4046 6430
2583 331 3437 344 -—————-———————-——-'
3553 340 3558 344 -

285 335 2856 377 WW__
2714 343 3400 377 _.__—__.________-_
3121 343 3240 366 -ΙΙ
3273 343 3280 365 Ι
3409 369 3506 377 ρο.-
3525 341 3566 370 ω

783 372 1601 390 τ-Μςψκ--ερ-...η--η--ο-..φη
1611 372 2184 388 ..Ὑπανήρ-κ-
2195 379 2215 387 ..
2226 379 2252 387 ..
2263 378 2381 386 ———

1231 377 1601 387 ......~..—_._.._..-..
1611 372 2184 388 ..'.m’;z_
2195 379 2215 387 ..
2226 379 2252 387 ..
2263 376 2538 386 —___—.
2548 372 2829 384 —-————-—

438 380 736 392 ———-——-

765 616 1741 829 SANCTI
1900 625 2026 829 J
2044 619 2590 831 OAN
2609 625 2777 828 N
2805 620 3058 828 IS

1357 1055 2469 1202 CHRYSOSTOMI,

650 1383 1580 1482 ARCHIEPISCOPI
1657 1331 3126 1484 CONSTANTINOPOLITANI
3163 1452 3202 1518 ,

1547 1687 1999 1804 OPUSC
2019 1690 2302 1808 ULA

1179 1996 1280 2064 un
1324 1964 1664 2066 Momms
1707 2005 2680 2090 CONSTANTINOPOLITANIS,

951 2267 1165 2321 DIOUE
1202 2270 1284 2318 IIS
1321 2271 1466 2327 ρυλε
1514 2273 1600 2317 ΑΒ
1634 2270 1986 2328 UTRUMQUB
2029 2277 2180 2322 EJUS
2210 2277 2515 2324 EXSILIUH
2557 2273 2895 2328 SPECTANT.

1469 2774 1623 2856 i579]
1676 2779 2414 2875 PROOEMIUM.

351 3043 550 3106 Visum
575 3053 665 3105 est
693 3061 763 3107 ea
797 3049 988 3108 Omnia
1014 3048 1296 3124 Opuscula
1331 3070 1456 3126 quae
1497 3055 1568 3111 ad
1612 3057 1909 3116 historiam
1950 3070 2203 3119 motuum
2253 3063 3046 3140 Constantinopolitanorum,
3085 3085 3139 3131 et
3181 3077 3250 3132 ad
3297 3087 3600 3152 utrumque

281 3160 660 3238 Chrysoutomi
690 3163 950 3223 exsilium
978 3177 1249 3240 spectant,
1281 3171 1337 3226 in
1375 3172 1531 3242 prius
1561 3174 1730 3232 editis
1759 3177 1892 3235 hinc
1915 3187 1973 3235 et
2001 3180 2130 3238 inde
2161 3198 2374 3255 sparsa,
2402 3190 2709 3247 secundum
2743 3192 3010 3264 temporis
3031 3193 3285 3251 ordinem
3313 3196 3402 3252 hic
3430 3198 3600 3257 simul

281 3277 580 3349 collocare,
617 3290 674 3340 et
703 3281 1068 3354 epistularum
1100 3289 1420 3346 collectioni
1452 3292 1811 3362 praemittere.
1840 3293 1984 3352 Sunt
2015 3309 2202 3355 autem
2234 3299 2352 3358 hac
2378 3305 2647 3375 opuscula
2674 3305 2998 3379 huiusmodi
3035 3327 3048 3361 :

355 3401 410 3457 1.
445 3401 685 3461 Humilia
711 3405 765 3461 in
799 3407 1134 3481 Entropium
1155 3412 1478 3468 eunuchum
1505 3423 1564 3469 et
1592 3414 1914 3484 patricium,
1947 3419 2046 3491 qui
2075 3418 2145 3474 ad
2170 3421 2426 3478 ecclesiae
2452 3424 2666 3496 asylum
2701 3424 3052 3498 confugerat.

348 3518 407 3574 2.
447 3517 684 3578 Homilia
714 3523 771 3580 in
801 3525 1061 3582 eumdem
1087 3527 1443 3600 Eutropium,
1469 3531 1565 3601 qui
1593 3533 1844 3590 ecclesia:
1867 3536 2020 3607 asylo
2055 3538 2251 3594 relicto
2281 3546 2480 3610 captus
2511 3550 2618 3597 est.

347 3631 406 3689 ὅ.
447 3632 684 3692 Homilia
713 3653 840 3694 cum
868 3640 1201 3700 Saturninus
1232 3653 1291 3700 et
1311 3646 1649 3704 Aurelianus
1682 3651 1792 3706 acti
1831 3662 2022 3708 essent
2051 3653 2108 3709 in
2127 3655 2412 3721 exsilium,
2449 3664 2508 3714 et
2530 3657 2736 3716 Ga'mas
2766 3675 3026 3733 egressus
3053 3669 3203 3717 esset
3239 3676 3308 3716 ex
3344 3661 3594 3719 civitate.

345 3747 404 3805 4.
444 3746 683 3806 Homilia
712 3751 1090 3826 Chrysostomi
1121 3766 1245 3828 post
1268 3759 1511 3815 reditum
1532 3777 1600 3817 ex
1623 3761 1776 3829 Asia,
1807 3777 1877 3820 ex
1908 3779 2021 3834 quo
2047 3765 2248 3824 itinere
2272 3767 2522 3826 Asiatico
2542 3772 2868 3828 occasiones
2896 3773 3191 3828 incusandi
3213 3773 3594 3846 Chrysostomi

526 3866 759 3930 captata:
785 3860 963 3918 fuere.

351 3971 410 4029 Β.
453 3971 689 4029 ﬂomilia
716 3990 814 4030 seu
845 3977 1198 4036 oratiuncula
1229 3981 1297 4038 de
1327 3985 1654 4054 recipiendo
1679 3985 2006 4054 Severiano,
2041 3993 2135 4063 qui
2168 3995 2543 4054 tumultuante
2573 4001 2780 4072 populo
2804 4004 3001 4073 pulsus
3024 4005 3229 4060 fuerat.

345 4088 406 4152 6ο
443 4090 684 4150 Homilia
727 4109 828 4151 seu
873 4098 1228 4156 oratiuncula
1273 4100 1560 4161 Severiani
1646 4123 1775 4164 cum
1821 4123 2114 4184 susceptus
2152 4126 2301 4172 esset
2338 4133 2368 4172 a
2415 4119 2582 4176 beato
2629 4122 2842 4182 Joanne
2883 4127 3148 4199 episcopo
3197 4127 3599 4185 Constantium-

530 4209 802 4280 politano.

347 4332 405 4389 7.
445 4331 684 4392 Humilia
711 4347 1012 4411 antequam
1050 4342 1158 4399 iret
1183 4343 1241 4398 in
1268 4345 1552 4414 exsilium,
1577 4356 1635 4404 et
1663 4357 1825 4406 vetus
1860 4352 2045 4408 versio
2069 4353 2264 4412 Latina
2293 4357 2564 4427 ejusdem.

343 4448 402 4508 8.
436 4452 625 4515 Altera
648 4465 947 4529 antequam
977 4459 1088 4517 iret
1126 4461 1183 4517 in
1209 4463 1490 4532 exsilium,
1530 4467 1820 4534 ἀνέκδοτος

347 4567 405 4625 9.
445 4567 684 4629 Homilia
718 4585 844 4645 post
870 4577 1114 4635 reditum
1139 4596 1171 4636 a
1200 4582 1387 4653 priore
1413 4585 1636 4652 exsilio,
1665 4594 1722 4642 ct
1747 4595 1907 4643 vetus
1942 4592 2130 4646 versio
2154 4592 2350 4650 Latina
2374 4595 2649 4666 ejusdem.

312 4683 403 4743 10.
444 4686 632 4744 Altera
661 4700 786 4762 post
817 4694 1056 4750 reditum
1081 4711 1116 4751 a
1138 4697 1326 4768 priore
1347 4701 1564 4756 emilio.

312 4800 403 4857 Η.
443 4801 682 4860 Humilia
707 4805 776 4862 de
797 4806 1106 4867 Chananaa
1135 4822 1260 4882 post
1286 4816 1525 4872 reditum
1556 4818 1765 4875 habita.

309 4916 400 4975 η.
439 4919 624 4992 Liber,
660 4944 677 4976 ι
713 4923 872 4993 Quod
899 4945 1068 4986 nemo
1101 4930 1325 4989 laeditur
1351 4935 1458 4990 nisi
1489 4952 1520 4992 a
1555 4939 1761 5009 seipso,
1799 4960 1816 4993 ›
1849 4942 1920 4996 ab
1956 4944 2154 5000 exsilio
2187 4947 2452 5019 scriptus.

309 5031 400 5090 i5.
440 5033 609 5092 Liber
630 5039 898 5098 adversus
922 5059 1020 5099 eos
1051 5046 1147 5116 qui
1179 5048 1540 5106 scandalizati
1570 5063 1719 5118 sunt,
1747 5055 1880 5110 item
1917 5057 1990 5112 ab
2021 5060 2219 5116 exsilio
2255 5064 2521 5134 scriptus.

383 5148 511 5207 Haec
542 5153 726 5211 omnia
748 5158 1014 5227 opuscula
1039 5175 1166 5216 cum
1197 5165 1419 5234 prawiis
1457 5169 1687 5225 monitis
1715 5171 2110 5241 subjiciuntur.

1697 5472 2136 5502 -——-.O.-—--

631 5735 902 5799 ΡΑτκοι..
946 5739 1063 5801 Gn.
1101 5744 1220 5804 LII;

3178 5762 3206 5821 1
