4046 6470
501 347 604 401 381)
1196 354 1253 406 S.
1289 352 1576 409 JOANNIS
1612 354 2103 412 CHRYSOSTOMI
2160 355 2478 412 ARCHIEP.
2519 353 3043 415 CONSTANTINOP
3663 353 3766 407 590

530 547 858 558 -_—__._-_..
873 550 1123 559 *ρο-υ.-

528 563 863 575 ο-...α--νη--υ-
887 565 1077 573 -—¢—————-o
1105 569 1115 574 -
1137 569 1218 575 _.,.-
1242 573 1246 575 ,
1285 563 1629 579 ,__.-____’__.'_;’_:
1655 563 1674 577 Σ

1127 554 1472 564 -——-——-——-—_—

1499 556 1848 573 W

1931 882 2106 924 CIRCA
2155 882 2316 925 UUAS

1364 1102 1802 1175 SEQUENTES
1863 1101 1939 1160 IN
2002 1101 2447 1162 EUTROPIUM
2509 1102 2868 1163 HOMILIAS

1825 1325 2452 1453 MONlTUM.

564 1661 852 1734 Eutropius
880 1665 1166 1720 eunuchus
1192 1666 1362 1736 gratia
1399 1667 1540 1737 apud
1577 1665 1970 1737 Imperatorem
1996 1668 2293 1725 Arcadium
2326 1670 2625 1740 plurimum
2656 1671 2886 1735 valebat,
2920 1669 3149 1741 ejusque
3181 1670 3408 1726 consilio
3429 1679 3482 1724 et
3509 1672 3756 1727 auctori-

489 1788 596 1832 tatu
623 1795 853 1850 qumque
883 1782 1119 1835 maxima
1155 1780 1370 1852 Imperii
1403 1782 1620 1854 negotia
1644 1784 1997 1855 gerebantur.
2028 1784 2077 1842 Is
2112 1802 2235 1842 cum
2277 1785 2507 1843 Joannis
2532 1788 2912 1859 Chrysustomi
2957 1787 3029 1863 in_
3062 1786 3245 1842 sedem
3281 1787 3746 1859 Constantinopo-

489 1890 709 1945 litanam
742 1893 1095 1962 promovendi
1123 1903 1316 1949 auctor
1349 1893 1563 1959 fuisset,
1607 1895 1766 1952 initio
1801 1897 1919 1967 ejus
1948 1898 2175 1953 monitis
2214 1899 2544 1969 placitusque
2580 1900 2722 1954 haud
2763 1916 2905 1971 {egre
2943 1917 3150 1957 morem
3193 1899 3435 1973 gerebat.
3479 1900 3582 1956 Sed
3624 1917 3750 1956 cum

489 2023 611 2063 eum
659 2008 718 2062 S.
747 2008 939 2064 doctor
971 2010 1043 2064 ob
1069 2009 1357 2066 avaritiam
1397 2010 1885 2082 ambitionetnquc,
1925 2013 2103 2069 amico
2144 2015 2265 2070 licet
2306 2015 2490 2069 animo
2553 2015 2866 2086 frequenter
2901 2016 3238 2087 objurgarct,
3282 2016 3335 2070 in
3376 2016 3495 2086 ejus
3533 2015 3751 2070 tandem

489 2123 842 2180 offensionem
880 2125 1126 2179 incurrit.
1156 2123 1299 2181 Inter
1328 2127 1434 2181 alia
1466 2143 1619 2196 vero,
1648 2145 1770 2199 quae
1806 2139 2000 2198 praeter
2032 2132 2409 2204 Chrysostomi
2444 2135 2733 2189 consilium
2767 2145 2819 2189 et
2855 2135 3187 2190 voluntatem
3219 2133 3523 2207 designavit
3559 2134 3754 2190 Eutro-

487 2254 632 2320 pius,
664 2252 831 2321 legem
862 2253 984 2307 ferri
1017 2253 1248 2318 curavit,
1278 2263 1336 2308 ut
1367 2252 1502 2324 asyli
1530 2263 1584 2309 et
1606 2255 1972 2310 immunitatis
2003 2255 2096 2325 jus
2119 2255 2363 2310 ecclesiis
2400 2256 2699 2311 tolleretur.
2735 2255 2884 2327 [580]
2911 2255 3110 2312 Verum
3144 2257 3196 2311 id
3229 2257 3315 2311 ille
3350 2255 3404 2309 in
3440 2254 3634 2323 capitis
3667 2255 3752 2309 sui

490 2369 776 2437 perniciem
808 2371 1030 2427 molitus
1057 2382 1139 2427 est
1169 2390 1181 2426 :
1212 2387 1335 2426 cum
1360 2371 1504 2427 enim
1534 2371 1890 2427 Consulatum
1923 2372 2053 2426 anni
2081 2371 2766 2443 undequadriugentesimi,
2787 2371 3002 2426 Arcadii
3033 2383 3192 2437 nutu,
3229 2380 3554 2425 consecutus
3583 2379 3750 2431 esset,

488 2509 860 2550 universorum
913 2495 964 2547 in
996 2510 1054 2549 se
1085 2493 1268 2547 odium
1300 2493 1616 2550 concitavit.
1657 2492 1793 2548 Tum
1844 2493 2178 2566 Tribigildus
2225 2495 2526 2564 Tribunus,
2574 2498 2714 2552 clam
2763 2496 2976 2551 favente
3021 2495 3216 2557 Gaiua,
3273 2502 3461 2549 coacta
3516 2493 3750 2547 militum

491 2624 674 2672 manu,
707 2624 736 2662 a
770 2606 1122 2664 formidoloso
1163 2609 1405 2678 principe
1443 2609 1774 2679 impetravit,
1808 2621 1867 2663 ut
1908 2609 2076 2681 gradu
2117 2609 2440 2679 dejiceretur
2480 2610 2776 2681 EutrOpius
2814 2630 2827 2665 ε
2869 2610 2986 2680 qui,
3028 2610 3173 2679 quod
3213 2624 3382 2662 unum
3426 2608 3528 2678 ipsi
3557 2605 3748 2676 perfu-

488 2719 633 2789 gium
667 2720 944 2774 residuum
974 2730 1111 2783 erat,
1149 2721 1200 2773 in
1236 2719 1522 2774 ecclesiam
1555 2734 1613 2773 se
1650 2720 1871 2789 recepit,
1900 2729 1954 2774 et
1980 2719 2211 2791 asylum,
2245 2722 2390 2790 quod
2430 2724 2543 2792 ipse
2574 2723 2946 2794 abrogandam
2990 2724 3294 2781 ‘curaverat,
3345 2719 3568 2789 supplex
3603 2715 3755 2771 adire

487 2847 708 2889 coactus
737 2842 838 2890 est.
876 2833 1028 2890 Unus
1064 2843 1178 2888 llllll
1212 2844 1265 2889 et
1293 2834 1430 2904 asyli
1455 2847 1509 2889 et
1540 2833 1782 2902 ['Zutropii
1822 2833 2076 2889 defensor
2104 2835 2278 2890 adfuit
2309 2836 2759 2906 Chrysostomus,
2794 2837 2886 2905 qui
2926 2835 3140 2890 fortiter
3167 2845 3220 2888 et
3256 2834 3490 2888 militum
3526 2831 3752 2900 impctui

487 2964 539 3009 et
570 2958 916 3024 Imperatoris
958 2959 1179 3013 decreto
1217 2957 1450 3021 obstitit,
1488 2966 1633 3011 etne
1675 2955 1766 3024 jus
1808 2957 2053 3012 ecclesiae
2076 2957 2371 3013 violaretur
2408 2959 2604 3014 eﬂbeit.
2650 2958 2842 3013 Verum
2886 2959 3002 3013 hare
3051 2957 3297 3027 pluribus
3342 2957 3394 3010 in
3436 2953 3551 3010 Vita
3579 2955 3755 3025 Chry-

489 3072 735 3124 sostouti.
781 3070 1101 3138 lnsequcntc
1149 3081 1273 3142 post
1315 3070 1559 3140 Eutropii
1609 3071 1661 3123 in
1703 3069 1993 3125 ecclesiam
2042 3081 2318 3142 receptum
2373 3074 2489 3139 die,
2518 3075 2659 3128 hanc
2709 3074 3171 3145 elegantissimam
3214 3074 3533 3129 concionem
3566 3073 3758 3128 habuit

489 3185 915 3258 Chrysostomus
947 3206 958 3241 :
995 3188 1083 3240 ubi
1122 3187 1188 3242 de
1218 3188 1359 3242 fluxa
1399 3203 1582 3242 rerum
1619 3189 1984 3242 humanarum
2011 3190 2323 3246 conditione
2356 3190 2588 3245 mirifice
2614 3191 2858 3253 disserit,
2885 3189 3210 3260 EutrOpium
3247 3188 3559 3257 compellat,
3590 3203 3759 3257 expo-

492 3297 567 3351 nit
606 3315 767 3368 quam
800 3301 1109 3356 inconsulto
1146 3301 1542 3356 immunitatem
1576 3303 1820 3358 ecclesia:
1851 3303 2054 3360 violare
2089 3307 2397 3373 tentaverit,
2429 3323 2592 3377 quam
2621 3307 2734 3378 ipse
2776 3307 2923 3376 prior
2961 3307 3111 3361 adire
3151 3314 3204 3358 et
3228 3315 3481 3375 expetere
3509 3303 3757 3373 compul-

491 3438 584 3477 sus
617 3426 686 3479 sit
720 3443 732 3478 :
762 3423 826 3478 ad
859 3424 977 3490 ejus
1005 3432 1184 3477 tamen
1217 3424 1649 3479 misericordiam
1693 3424 1873 3493 populi
1905 3433 2105 3480 emtum
2138 3425 2210 3481 ita
2240 3426 2561 3498 παθητικῶς
2609 3427 2872 3498 perpulit,
2903 3435 2963 3480 ttt
2995 3425 3240 3481 omnium
3275 3426 3550 3496 lacrymas
3588 3438 3755 3479 excu-

495 3547 650 3593 lt'l‘Cl.

562 3671 772 3742 Elapsis
812 3683 932 3742 post
963 3673 1109 3727 illam
1134 3673 1372 3728 habitam
1406 3675 1682 3729 houtiliam
1715 3675 1921 3745 aliquot
1951 3676 2164 3742 diebus,
2193 3677 2486 3748 Eutrapius
2517 3687 2574 3733 ut
2598 3678 2947 3734 inimicorum
2973 3678 3233 3732 excubias
3264 3677 3496 3740 falleret,
3529 3691 3760 3745 seseque

493 3790 811 3860 proriperet,
845 3790 910 3844 ab
947 3791 1183 3846 ecclesia
1213 3791 1441 3861 aufugit.
1481 3790 1679 3845 Verum
1710 3801 1922 3861 captus,
1957 3807 2192 3862 moxque
2232 3795 2283 3848 iu
2329 3794 2568 3865 Cyprum
2610 3796 2902 3864 relegatus,
2944 3791 3248 3862 deindeque
3287 3790 3432 3846 haud
3473 3793 3546 3845 ita
3587 3792 3762 3845 multo

492 3912 683 3976 elapso
715 3919 956 3979 tempore
977 3909 1376 3965 Chalcedoncm
1417 3909 1714 3976 adductus,
1750 3911 2040 3967 damnatus
2075 3914 2360 3983 capiteque
2393 3914 2586 3983 plcxus
2634 3921 2736 3968 est.
2784 3913 2936 3968 Hanc
2985 3927 3147 3983 porro
3189 3912 3507 3982 tragoediam
3550 3913 3603 3965 in
3640 3909 3760 3965 Vita

494 4031 868 4103 (iltrysostomi
895 4031 960 4084 ad
995 4047 1196 4084 annum
1229 4029 1332 4086 599
1367 4030 1615 4100 pluribus
1648 4031 1919 4090 recensita
1948 4030 2148 4086 habes:
2178 4047 2240 4085 ac
2276 4031 2443 4086 multa
2466 4045 2587 4100 quze
2606 4029 2672 4084 ad
2708 4030 2850 4084 hanc
2882 4028 3162 4084 historiam
3195 4028 3550 4098 spectaut,vel
3576 4029 3760 4080 hacte-

495 4167 598 4205 nus
631 4151 850 4216 intacta,
882 4150 963 4204 vel
996 4149 1247 4203 intricata
1274 4148 1589 4212 admodum,
1629 4149 1694 4202 ad
1731 4163 1916 4204 veram
1957 4164 2376 4220 germanamque
2407 4163 2589 4202 rerum
2641 4149 2836 4202 seriem
2886 4161 2987 4202 nos
3030 4146 3316 4202 reduxisse
3350 4160 3656 4215 speramus.

570 4265 668 4321 Vix
697 4266 896 4336 elapsis
923 4267 1134 4320 duobus
1164 4274 1288 4335 post
1312 4264 1556 4333 Eutropii
1589 4262 1772 4332 fugam
1814 4262 2008 4317 diebus
2047 4263 2367 4317 concionem
2405 4271 2723 4333 sequentem
2764 4262 2948 4317 habuit
2988 4261 3418 4332 Chrysostomus
3448 4277 3460 4312 :
3500 4262 3592 4316 ubi
3625 4263 3750 4332 qui—

492 4382 724 4438 busdam
761 4383 1058 4451 praemissis
1091 4382 1157 4436 de
1189 4382 1419 4436 utilitate
1441 4379 1690 4435 lectionis
1737 4377 2046 4431 divinarum
2090 4376 2524 4446 Scripturarum,
2564 4379 2846 4432 obsessam
2881 4376 3069 4446 paucis
3102 4387 3227 4431 ante
3258 4376 3450 4430 diebus
3473 4377 3758 4432 ecclesiam

496 4503 664 4560 fuisse
687 4514 893 4569 narrat,
928 4519 1105 4575 neque
1139 4513 1316 4560 tamen
1344 4505 1602 4560 traditum
1639 4502 1876 4556 inimicis
1903 4501 2250 4570 Eutropium,
2283 4501 2376 4572 qui
2409 4501 2455 4555 si
2484 4500 2771 4555 ecclesiam
2819 4515 2926 4553 non
2972 4499 3345 4562 deseruisset,
3395 4508 3586 4568 captus
3621 4515 3766 4552 nun-

496 4633 660 4686 quam
703 4617 922 4672 fuisset.’
944 4617 1169 4670 Fluxam
1204 4619 1397 4672 iterum
1433 4618 1800 4671 humanarum
1832 4615 2155 4670 facultatum
2184 4614 2610 4686 divitiarumque
2643 4615 3010 4670 conditionem
3045 4615 3114 4669 ob
3139 4615 3326 4669 oculos
3351 4615 3500 4682 ponit
3533 4633 3545 4666 :
3579 4615 3762 4667 deser-

500 4746 725 4806 tumque
751 4737 882 4792 dicit
911 4738 978 4790 ab
1008 4738 1218 4800 amicis,
1250 4753 1280 4791 a
1309 4737 1644 4800 domesticis,
1676 4751 1706 4790 a
1742 4735 1978 4790 fortums
2014 4736 2269 4790 omnibus
2302 4733 2643 4805 Eutropium.
2677 4734 2969 4804 Multisque
2997 4734 3195 4788 additis
3232 4734 3298 4788 de
3333 4749 3461 4789 vero
3489 4733 3764 4804 legitimo-

498 4868 604 4922 que
633 4852 946 4906 divitiarum
988 4869 1112 4918 usu,
1154 4854 1330 4922 deque
1360 4854 1465 4907 vita
1511 4853 1784 4923 prtesenti,
1833 4867 1997 4924 quam
2041 4851 2535 4921 peregrinationem
2578 4863 2699 4903 esse
2747 4855 3164 4910 commonstrat,
3196 4846 3261 4898 ad
3292 4844 3546 4900 Ecclesia:
3575 4847 3766 4900 laudes

502 4974 717 5036 transit,
762 4973 991 5042 ejusque
1041 4974 1259 5042 nuptias
1310 4988 1434 5028 cum
1483 4972 1703 5027 Christo
1753 4973 2002 5041 pluribus
2052 4970 2422 5040 prosequitur,
2462 4969 2563 5021 hoc
2602 4966 2916 5035 frequenter
2947 4978 3080 5018 usus
3117 4962 3316 5017 Psalmi
3361 4962 3766 5031 quadragesimi

500 5089 678 5157 quarti
725 5090 1014 5153 versiculo,
1052 5090 1238 5141 Astitit
1273 5090 1451 5158 regina
1479 5107 1509 5142 a
1541 5091 1742 5142 dextris
1777 5090 1880 5143 tuis
1909 5089 1960 5141 in
1992 5087 2182 5141 vestitu
2221 5087 2514 5147 deaurato,
2552 5093 2656 5137 etc.
2711 5081 2885 5149 llujus
2938 5086 3119 5133 autem
3167 5077 3420 5131 versiculi
3473 5077 3767 5130 occasione

505 5205 741 5262 Savilius
772 5216 825 5261 et
857 5207 1056 5262 Fronto
1086 5206 1312 5262 Ducmus
1344 5209 1486 5263 hanc
1519 5211 1834 5263 concionem
1867 5208 2008 5262 inter
2041 5205 2307 5261 Homilias
2331 5203 2515 5257 varias
2547 5201 2600 5253 in
2639 5198 2890 5253 Psalmos
2918 5197 3254 5258 locaverunt,
3286 5193 3615 5248 reclamante
3641 5192 3770 5245 licet

504 5329 555 5371 ct
581 5321 737 5375 titulo
763 5331 816 5377 et
842 5323 1011 5392 priori
1044 5323 1280 5378 homilitr
1317 5331 1490 5392 parte,
1522 5319 1614 5373 ttbi
1640 5319 1704 5373 de
1727 5331 1885 5386 capto
1915 5333 1944 5370 a
1973 5317 2239 5370 militibus
2271 5311 2533 5379 Eutropio
2565 5309 2813 5378 pluribus
2851 5307 3044 5378 agitur.
3076 5302 3369 5358 Enimvero
3399 5303 3516 5357 haec
3543 5301 3768 5356 homilia

507 5434 725 5489 ubinam
753 5438 1094 5491 commodius
1118 5436 1340 5500 locetur,
1373 5449 1534 5504 quam
1575 5442 1700 5502 post
1735 5432 1882 5484 illam
1919 5432 2041 5499 ipso
2073 5438 2335 5498 praesente
2365 5425 2627 5494 Eutropio
2662 5422 2939 5476 habitam?
2969 5419 3028 5474 In
3053 5419 3142 5473 illa
3169 5419 3372 5490 quippe
3393 5418 3460 5473 de
3491 5415 3758 5485 Eutropio

508 5548 749 5601 ecclesia:
778 5548 986 5618 asylum
1017 5556 1066 5599 et
1093 5544 1403 5614 praesidium
1446 5544 1769 5613 implorante
1803 5541 2008 5612 agitur;
2036 5541 2088 5593 in
2123 5540 2225 5593 hac
2256 5554 2386 5592 vero
2431 5537 2497 5592 de
2526 5536 2715 5591 eodem
2752 5535 3006 5589 eunucho
3035 5541 3158 5602 post
3192 5533 3482 5587 dimissum
3513 5528 3760 5584 ecclesiae

511 5662 720 5732 asylum
755 5671 911 5730 capto
937 5675 1116 5716 sermo
1146 5659 1395 5714 habetur.
1431 5657 1752 5727 Ilujusmodi
1785 5665 1966 5708 autem
2006 5654 2256 5708 homilias
2286 5651 2619 5723 separandos
2656 5665 2762 5704 nou
2795 5663 2914 5703 esse
2941 5662 3065 5701 cum
3100 5646 3216 5715 ipsa
3246 5647 3403 5712 ratio,
3432 5655 3546 5700 tum
3581 5644 3767 5699 erudi-

513 5790 714 5841 torum,
739 5795 872 5852 quos
889 5779 1279 5840 consuluimus,
1313 5776 1578 5846 judicium
1612 5773 1896 5828 suadebat.
