4046 6454
211 416 315 475 339
1338 409 1406 466 IN
1435 389 1884 466 'Eurnortmt.
1918 437 1986 449 —
2028 403 2375 463 MONITUM.
3408 394 3515 451 599

283 537 553 594 Caeterum
588 535 640 588 in
672 532 776 587 hac
805 529 1096 604 posteriori
1135 529 1358 585 homilia
1387 530 1817 602 Chrysostomus
1847 544 1878 582 a
1906 528 2068 583 solito
2099 525 2316 584 dicendi
2350 539 2549 598 genere
2580 537 2689 579 non
2722 535 2917 592 parum
2944 516 3203 575 deﬂectit.
3238 515 3342 571 llic
3363 513 3512 570 enim

215 656 382 718 iltam,
414 667 511 708 ceu
547 661 743 722 sponte
779 649 1036 704 liuentem
1082 657 1276 702 sancto
1321 647 1532 702 doctori
1587 644 1912 700 familiarem
1959 642 2288 714 elegantiam
2339 657 2450 698 non
2487 637 2974 711 deprehendimus.
3022 634 3306 692 Orationis
3342 648 3516 704 genus

214 790 320 829 non
348 771 648 842 expolitum
677 777 779 834 est,
813 769 907 824 sed
937 768 1231 837 strigosum
1267 774 1322 820 et
1349 766 1664 821 intricatum
1693 783 1706 820 :
1754 763 1894 820 ordo
1916 763 2314 819 sententiarum
2345 761 2687 831 interceptus
2729 758 3060 829 plerumque
3088 772 3102 812 :
3142 752 3513 810 interturbata

214 892 406 956 series,
435 898 496 945 ut
525 888 611 942 vix
651 886 840 957 capias
863 901 972 956 qua
1003 887 1069 939 de
1098 879 1266 939 causa
1296 883 1365 938 ab
1390 884 1494 938 hoc
1529 891 1857 952 argumento
1885 881 1940 937 in
1976 879 2108 935 illud
2139 889 2408 936 transeat.
2440 877 2689 947 Denique
2710 890 2808 947 per
2837 884 3005 930 totam
3031 873 3317 930 homiliam
3343 873 3512 929 multa

216 1009 431 1063 videtur
466 1004 646 1060 infusa
676 1004 1062 1075 peregrinitas.
1089 1000 1187 1056 llis
1213 1001 1356 1056 haud
1390 1001 1555 1056 dubie
1586 1009 1869 1072 permotus
1897 997 2285 1054 Tillemontius
2306 996 2520 1069 putavit
2546 993 2845 1051 secundam
2875 1001 3084 1064 partem
3109 991 3204 1047 ubi
3226 991 3295 1048 de
3321 992 3514 1048 Eccle-

213 1124 311 1177 siae
340 1124 546 1192 nuptiis
578 1125 781 1196 agitur,
813 1125 1065 1179 alicunde
1096 1132 1413 1193 excerptam
1445 1123 1614 1193 priori
1648 1123 1716 1177 de
1742 1122 2006 1192 Eutropio
2035 1129 2279 1176 assutam
2317 1119 2526 1186 fuisse;
2559 1134 2662 1173 nec
2691 1117 2929 1173 obscure
2963 1116 3145 1171 innuit
3171 1115 3427 1172 dubitare
3457 1130 3517 1171 se

215 1252 282 1291 an
312 1237 402 1291 illa
427 1253 557 1307 pars
590 1240 862 1308 posterior
885 1241 954 1295 sit
977 1240 1385 1312 Chrysostomi,
1413 1248 1624 1294 tantum
1659 1240 1868 1296 scilicet
1911 1240 2208 1295 abhorrere
2250 1237 2467 1292 videtur
2508 1235 2576 1291 ab
2624 1235 2774 1291 illius
2803 1234 3019 1291 dicendi
3058 1249 3278 1307 genere.
3315 1234 3514 1289 Verum

215 1354 259 1407 si
289 1355 417 1423 quis
444 1356 683 1425 priorem
710 1372 836 1412 cum
871 1359 1175 1429 posteriore
1201 1371 1358 1428 parte
1397 1358 1593 1414 sedulo
1628 1355 1899 1424 conferat,
1936 1357 2229 1427 utriusque
2263 1355 2466 1426 stylum
2503 1371 2534 1410 a
2575 1362 2845 1410 consueto
2883 1353 3267 1428 Chrysostomi
3300 1353 3519 1410 dicendi

215 1486 414 1541 genere
440 1473 604 1544 longe
633 1473 912 1529 diversum
946 1475 1090 1531 haud
1118 1474 1284 1532 dubie
1315 1475 1687 1546 deprehendet
1713 1494 1725 1530 :
1759 1476 1853 1530 sed
1889 1476 2125 1546 primam
2161 1485 2372 1546 partem
2407 1476 2666 1532 secundae
2692 1476 2798 1531 hac
2827 1475 2882 1531 itt
2912 1490 2972 1531 re
3003 1476 3232 1531 omnino
3255 1476 3518 1543 similem,

213 1592 269 1646 ni
301 1607 422 1647 mea
455 1608 541 1646 me
566 1592 706 1648 fallit
727 1594 934 1665 opinio,
960 1593 1251 1665 iudicabit.
1286 1591 1445 1660 Quod
1480 1610 1587 1648 non
1624 1610 1691 1648 eo
1724 1609 1752 1648 a
1788 1609 1875 1671 me
1899 1594 2108 1650 dictum
2139 1593 2328 1649 animo
2357 1593 2665 1660 existimes,
2698 1605 2760 1650 ut
2800 1603 2969 1650 totam
3015 1593 3299 1651 homiliam
3340 1593 3516 1664 Chry-

214 1720 463 1768 sostomo
485 1712 790 1783 abjudicari
825 1713 1008 1769 velim.
1041 1710 1160 1768 Non
1189 1711 1336 1766 enim
1383 1711 1588 1782 ubique
1637 1713 1723 1766 sui
1765 1712 1962 1766 similis
2001 1711 2093 1767 ille
2135 1723 2241 1776 est,
2289 1711 2433 1782 quod
2484 1711 2538 1766 in
2584 1711 2709 1768 aliis
2740 1713 2976 1768 summis
3007 1710 3166 1777 viris,
3197 1710 3517 1767 oratoribus

214 1828 476 1889 maxime,
505 1828 713 1898 passim
742 1827 1086 1883 observatur.
1127 1827 1288 1883 Certe
1323 1828 1620 1882 nonnullas
1652 1826 1765 1896 iam
1803 1826 2043 1884 vidimus
2073 1827 2354 1892 homilias,
2389 1842 2527 1898 quas
2567 1827 2951 1900 Chrysostomi
2982 1841 3106 1882 esse
3131 1826 3221 1882 vix
3257 1826 3516 1882 dubitare

215 1943 364 2007 licet,
398 1942 489 1997 ubi
525 1941 727 1997 mirum
753 1949 1020 2012 quantum
1054 1958 1081 1995 a
1109 1949 1376 1998 consueto
1403 1940 1523 2012 styli
1558 1954 1756 2012 genere
1779 1940 2031 1997 deﬂectat
2057 1940 2116 1996 S.
2144 1942 2358 1999 doctor.
2394 1939 2451 1996 lu
2481 1941 2584 1996 hac
2609 1948 2792 1996 autem
2825 1939 3093 1995 concione
3121 1940 3297 1996 multo
3330 1942 3518 1996 minus

217 2060 379 2116 liceat
410 2061 624 2126 νοθείας
656 2062 1026 2132 suspicionem
1055 2062 1367 2118 admittere.
1396 2061 1535 2118 Nam
1571 2062 1662 2116 illa
1700 2077 1826 2132 quae
1856 2060 1926 2118 de
1953 2059 2218 2132 Eutropio
2253 2061 2514 2117 eunucho
2541 2059 2863 2132 frequenter
2889 2059 3177 2127 dicuntur,
3200 2077 3308 2117 non
3342 2062 3511 2118 alium

215 2193 382 2248 quam
435 2175 889 2250 Chrysostomum
927 2189 1209 2235 auctorem
1269 2180 1471 2235 habere
1505 2195 1669 2251 posse
1697 2181 1973 2236 videntur.
2022 2178 2091 2234 Et
2140 2179 2386 2251 alioquin
2439 2181 2494 2234 in
2544 2180 2772 2236 homilia
2824 2182 3088 2250 secunda,
3123 2181 3346 2239 modico
3396 2190 3521 2253 post

216 2297 458 2369 priorem
499 2304 746 2366 tempore
776 2295 983 2364 habita,
1021 2305 1206 2366 aperte
1234 2295 1478 2353 declarat
1511 2312 1572 2353 se
1594 2312 1768 2367 nuper
1800 2295 1975 2351 multa
2003 2303 2196 2351 contra
2231 2296 2427 2353 divites
2465 2296 2800 2368 divitiasque
2833 2298 3040 2355 dixisse
3061 2339 3076 2366 ,
3107 2299 3180 2354 ita
3213 2307 3272 2354 ut
3317 2299 3424 2354 hac
3450 2297 3519 2354 de

213 2429 382 2470 causa
415 2413 468 2466 in
495 2412 793 2466 multorum
824 2411 1183 2470 oﬂensionem
1229 2413 1566 2478 incurreret,
1604 2415 1750 2485 quod
1794 2429 1920 2469 cum
1975 2414 2067 2469 illa
2115 2414 2287 2485 priori
2329 2413 2555 2469 homilia
2601 2412 2675 2468 ita
2709 2415 2988 2480 convenit,
3028 2424 3088 2470 ut
3123 2413 3378 2470 dubitare
3411 2432 3518 2470 non

213 2528 398 2593 liccat,
432 2529 562 2598 quin
595 2527 712 2583 haec
736 2528 853 2599 ipsa
886 2527 957 2584 ibi
982 2529 1135 2598 prior
1165 2537 1650 2585 commemoretur.
1693 2528 1826 2585 Vide
1857 2532 1910 2585 in
1943 2531 2168 2586 homilia
2200 2530 2388 2602 priore
2417 2545 2712 2586 numerum
2745 2530 2801 2586 2.

289 2645 495 2702 Prioris
528 2645 767 2702 homiliae
798 2646 1308 2719 interpretationem
1344 2646 1597 2705 Latinam
1634 2665 1664 2705 a
1691 2648 2049 2722 Sigismundo
2078 2651 2308 2707 Gelenio
2345 2651 2575 2715 editam,
2605 2649 2700 2707 sed
2731 2649 2944 2721 aliquot
2976 2648 3033 2704 in
3083 2649 3222 2706 locis
3260 2650 3526 2706 emenda-

215 2767 324 2812 tam
355 2773 387 2814 e
415 2760 634 2831 regione
660 2758 834 2817 Graeci
863 2770 1044 2818 textus
1072 2762 1366 2820 edidimus.
1400 2761 1732 2821 Posterioris
1769 2775 1954 2824 autem
2000 2782 2198 2824 novam
2245 2768 2598 2840 paravimus,
2634 2766 2766 2840 quia
2817 2767 2931 2835 illa,
2970 2781 3140 2840 quam
3184 2764 3519 2824 Godelt'idus

217 2873 545 2937 Tilmannus
575 2879 841 2948 ediderat,
871 2882 1241 2954 paraphrasin
1269 2883 1500 2941 omnino
1531 2885 1798 2957 sapiebat.
