4046 6440
528 385 628 444 ‘59!

1219 380 1276 436 S.
1315 375 1602 433 JOANNIS
1638 371 2129 433 CHRYSOS'I'OII
2170 365 2491 427 ARCHIEP.
2531 361 3080 422 CONSTANTINOP.

3683 357 3794 414 ὅθί

524 558 3760 604 _________________,_________._____—————————————

1858 949 2471 1064 HOMILIA

2133 1316 2199 1362 IN

1053 1618 1777 1717 EUTBOPIUM
1852 1611 2534 1707 EUNUCHUM
2612 1602 3282 1704 PATRIQIUM

1849 1942 1939 2000 AC
1975 1937 2348 1999 CONSULEM
2381 1937 2479 2010 (τι).

617 2701 666 2750 1.
694 2692 858 2760 Quam
882 2692 1038 2761 ﬂuat
1075 2704 1152 2743 res
1192 2688 1346 2760 hujus
1373 2685 1508 2740 vim.
1534 2712 1605 2723 —
1622 2679 1847 2749 Semper
1875 2670 2091 2761 quidem
2119 2710 2135 2734 ,

544 2769 688 2840 nunc
714 2759 844 2839 vero
871 2759 1104 2837 maxime
1156 2785 1518 2848 opportunum
1544 2781 1627 2828 est
1668 2769 1884 2826 dicere:
1917 2759 2129 2819 Vanitas

544 2876 844 2942 sanitatum,
866 2883 914 2929 et
955 2872 1124 2927 omnia
1151 2871 1348 2925 vanitas
1370 2865 1590 2938 (Eccles.
1622 2863 1674 2918 l.
1719 2860 1800 2933 2).
1835 2857 1937 2915 Ubi
1987 2865 2130 2908 nunc

543 2969 774 3041 inclytus
816 2967 907 3021 ille
948 2962 1254 3019 consulatus
1303 2954 1606 3029 splendor?
1635 2952 1724 3008 ubi
1752 2951 1988 3006 illustres
2031 2943 2137 2998 illa:

542 3059 728 3116 faces?
781 3058 871 3113 ubi
924 3057 1214 3126 applausus
1255 3053 1370 3116 illi,
1419 3065 1483 3105 ac
1524 3047 1735 3103 eborea:
1764 3041 2040 3113 cpttlzeqtte
2082 3046 2138 3092 et

543 3151 666 3207 testi
690 3146 1029 3204 conventus?
1078 3145 1166 3200 ubi
1193 3157 1407 3199 curonte
1438 3149 1492 3195 et
1517 3138 1683 3193 aula'a
1703 3136 1729 3190 ‘l
1757 3134 1844 3188 ubi
1878 3130 2137 3200 strepitus

542 3243 692 3299 urbis
715 3284 730 3308 ,
763 3253 817 3297 et
840 3242 942 3295 illae
969 3239 1292 3294 circensium
1323 3233 1509 3290 fausta:
1552 3228 1984 3286 acclamationes,
2015 3239 2138 3293 spc—

541 3345 910 3402 ctatorumque
935 3329 1312 3386 adulationes?
1339 3324 1530 3381 Omnia
1557 3322 1646 3377 illa
1673 3319 1982 3390 perierunt:
2009 3329 2134 3383 pro—

543 3426 679 3482 cella
706 3424 1000 3480 vehemens
1026 3421 1148 3475 folia
1182 3417 1396 3487 dejecit,
1421 3414 1668 3469 arborem
1695 3407 1982 3478 spoliatam
2007 3402 2132 3457 red-

543 3517 698 3582 didit,
724 3514 833 3584 jam
885 3511 1144 3567 radicitus
1173 3506 1520 3562 vacillantetn
1547 3521 1558 3555 :
1594 3509 1846 3568 tantaque
1871 3496 1956 3551 vis
1993 3491 2136 3548 venti

544 3610 775 3680 impacta
800 3610 904 3666 est.
928 3609 985 3657 ut
1011 3616 1131 3655 cum
1154 3610 1351 3654 nervos
1395 3594 1512 3666 ejus
1539 3593 1824 3647 universos
1850 3599 2140 3643 concusse—

545 3675 652 3766 rit,
681 3706 796 3754 tum
823 3694 994 3766 ipsam
1040 3689 1282 3747 funditus
1330 3697 1678 3758 promeruere
1735 3679 1986 3735 minetur.
2039 3675 2138 3731 Ubi

547 3804 688 3849 nunc
714 3785 877 3842 fucati
907 3784 981 3840 illi
1035 3781 1227 3838 amici?
1255 3780 1344 3835 ubi
1371 3773 1794 3847 computationes
1825 3779 1878 3826 et
1920 3783 2088 3825 aenae
2115 3767 2140 3820 ?

547 3884 637 3938 ubi
662 3877 1016 3952 parasitorum
1046 3887 1270 3931 examen
1296 3913 1311 3938 ,
1360 3877 1417 3926 et
1441 3882 1647 3924 merum
1677 3877 1776 3937 per
1801 3872 1967 3917 totam
1994 3860 2138 3914 diem

546 3973 887 4035 exhaustum,
915 3967 1182 4035 variaeque
1210 3975 1506 4033 coquorum
1537 3968 1703 4022 artes,
1752 3965 1807 4011 et
1832 3961 2141 4024 potentatus

548 4067 787 4123 cultores
812 4062 914 4126 illi,
968 4059 1036 4115 arl
1078 4058 1304 4130 gratiam
1333 4053 1510 4110 omnia
1539 4051 1719 4106 dicere
1756 4063 1820 4101 ac
1850 4045 2021 4100 facere
2052 4059 2141 4096 as-

490 4149 493 4154 ’
549 4155 726 4215 sueti?
754 4153 944 4212 Omnia
967 4152 1058 4206 illa
1093 4148 1230 4204 nihil
1256 4146 1359 4202 nisi
1389 4159 1496 4200 nox
1525 4152 1579 4198 et
1609 4140 1874 4197 somnium
1907 4137 2138 4198 fuerunt,

550 4261 604 4308 et
630 4257 911 4322 appetente
937 4245 1029 4300 die
1066 4248 1438 4298 evanuerunt:
1466 4236 1625 4292 ﬂores
1649 4234 1866 4290 fuerunt
1889 4230 2060 4296 verni,
2091 4237 2146 4284 et

555 4359 683 4400 vere
709 4349 898 4398 exacto
951 4341 1330 4392 emarcuerunt
1375 4329 1553 4386 omnia
1589 4344 1602 4380 :
1633 4326 1821 4381 umbra
1865 4329 2040 4385 erant,
2089 4328 2144 4374 et

553 4431 964 4504 praeterierunt:
992 4425 1167 4480 fumus
1221 4431 1412 4487 erant,
1447 4427 1501 4475 et
1552 4417 1727 4472 saluta
1781 4423 1946 4468 sunt:
1984 4410 2143 4465 bulla:

556 4533 730 4591 erant,
761 4533 816 4579 et
861 4523 1072 4588 dirupta
1126 4527 1250 4573 sunt
1279 4527 1527 4570 :araueae
1574 4520 1761 4575 erant,
1820 4518 1873 4561 et
1914 4505 2143 4558 lacerata

557 4629 703 4674 sunt.
749 4615 1085 4684 QuaprOpter
1111 4607 1386 4680 spirituale
1417 4605 1518 4659 hoc
1562 4603 1760 4658 dictum
1804 4597 2097 4652 occinimus
2127 4635 2142 4659 ,

559 4715 868 4782 frequenter
891 4705 1130 4762 dicentes
1156 4720 1169 4756 :
1208 4700 1419 4755 Vanitas
1448 4692 1746 4759 uanitatum,
1772 4702 1818 4747 et
1849 4690 2018 4745 omnia
2059 4703 2145 4740 va-

559 4780 712 4861 iitas.
743 4798 1014 4856 Eocenim
1038 4795 1239 4851 dctum
1280 4794 1332 4848 in
1360 4787 1652 4862 parietibus
1674 4829 1691 4852 ,
1725 4787 1780 4840 in
1799 4784 2056 4845 vestibus,
2091 4780 2144 4833 in

561 4895 702 4961 foro,
727 4893 781 4947 in
811 4889 1038 4954 aedibus,
1063 4888 1116 4942 in
1137 4885 1256 4951 viis,
1275 4884 1327 4940 in
1345 4884 1544 4952 ianuis,
1564 4881 1616 4935 in
1640 4879 1788 4934 atriis
1813 4895 1826 4930 :
1866 4874 1959 4930 sed
1983 4872 2148 4944 potis-

561 4987 755 5040 simum
797 4984 852 5037 in
878 4983 992 5052 ipsa
1016 4979 1272 5048 cujusque
1318 4973 1647 5030 conscientia
1700 4969 2037 5025 continenter
2064 4965 2146 5018 in-

564 5079 823 5147 scriptum
868 5087 989 5129 esse
1041 5079 1282 5141 Oportet,
1340 5067 1591 5137 omnique
1641 5075 1882 5132 tempore
1950 5058 2149 5128 cogita-

567 5171 698 5229 tioni
740 5166 1034 5223 obversari.
1083 5159 1522 5230 Quandoquidem
1555 5157 1760 5225 negotia
1813 5150 2148 5207 fraudulenta

567 5274 617 5318 et
661 5267 941 5332 personata
993 5272 1056 5311 ac
1107 5253 1319 5308 mimica
1357 5249 1600 5306 veritatis
1647 5246 1953 5316 OpiniOnem
2009 5239 2148 5309 apud

561 5357 849 5426 plerosque
894 5350 996 5406 sibi
1044 5355 1411 5420 paraverunt:
1443 5343 1545 5398 hoc
1613 5342 1756 5396 dicto
1798 5339 1849 5392 in
1904 5336 2148 5408 prandio,

570 5453 622 5506 in
675 5462 851 5513 creua,
888 5445 942 5499 in
982 5453 1126 5499 coetu
1173 5441 1484 5503 hominum,
1528 5447 1796 5507 quemque
1850 5432 2149 5500 proximum

631 5612 704 5673 (α)
736 5606 914 5673 conata
938 5617 1046 5673 cum
1065 5611 1147 5673 διες
1173 5601 1321 5673 resto
1347 5599 1490 5673 19ῖῂ
1510 5591 1928 5673 Pessimae?!
1951 5599 2151 5673 c959";

568 5653 1094 5733 sttEm,'§igismundus
1108 5653 1348 5733 gelenius
1369 5660 1525 5733 addit,_
1544 5657 1925 5733 Ijrwfecttanque
1949 5653 2155 5733 cubiculi

571 5714 1243 5794 ίῆῖέἇᾶἶῖἷυῖἷὼῆὀπᾳιεο
1260 5722 1478 5794 principe
1493 5714 1791 5794 delitescere!
1806 5714 1894 5794 sub
1912 5714 2155 5794 attat-iet:-

571 5735 767 5786 drcadii
789 5743 910 5794 Aug.
936 5742 1046 5780 cum
1067 5735 1243 5791 offenso
1260 5735 1478 5833 punctim
1493 5735 1791 5772 aeutescerer
1806 5735 1894 5767 suo
1918 5735 2060 5764 atturt
2078 5735 2152 5764 ec-

571 5797 748 5854 clesiae,
764 5795 844 5845 cui
861 5794 962 5856 ipse
976 5797 1116 5856 antea
1125 5789 1212 5849 jus
1225 5785 1400 5856 asyli_a
1437 5795 1605 5856 rogare
1625 5786 1827 5856 conatus
1841 5780 2021 5856 fuerat.
2032 5786 2152 5856 Quae

565 5845 797 5909 i'ttnnullo
830 5845 1101 5915 Ex'emplari
1126 5845 1318 5915 'Gt'mt‘o',
1355 5845 1596 5895 hactenus
1611 5857 1654 5915 Aa
1694 5845 2150 5915 nobismeonspecto,

574 5903 789 5969 sitast;
811 5903 919 5966 ιιιέά
942 5903 1134 5965 humilia
1158 5903 1336 5963 scriota
1360 5915 1437 5958 est
1457 5919 1584 5958 anno
1605 5906 1780 5955 Christi
1800 5903 1913 5955 599.

2249 2683 2405 2723 suum
2440 2669 2767 2738 compellare
2793 2669 3092 2741 oportebat,
3119 2668 3363 2738 idemque
3388 2668 3457 2723 ab
3486 2667 3575 2722 illo
3604 2668 3844 2724 vicissim

2243 2758 2429 2816 audire
2463 2802 2477 2826 ,
2537 2776 2730 2832 nempe
2794 2761 3005 2818 Vanitas
3043 2762 3317 2816 vanitatum
3347 2802 3362 2825 ,
3397 2761 3567 2814 omnia
3619 2762 3838 2816 vanitas.

2243 2852 2436 2906 Annon
2483 2852 2697 2908 assidue
2742 2851 2832 2907 tibi
2864 2852 3108 2907 dicebam
3140 2852 3381 2921 fugitivas
3428 2866 3548 2905 esse
3575 2850 3789 2905 divitias
3811 2852 3839 2902 ?

2241 2941 2323 2996 Tu
2383 2958 2511 2998 vero
2570 2959 2670 3001 nos
2735 2960 2840 2998 non
2900 2943 3126 2999 ferebas.
3186 2946 3377 2996 Annon
3434 2943 3678 2998 dicebam
3746 2957 3843 2998 eas

2243 3034 2504 3104 ingratum
2550 3035 2902 3091 domesticum
2940 3036 3102 3090 esse?
3145 3035 3222 3089 Tu
3276 3050 3404 3090 vero
3453 3034 3675 3093 credere
3730 3051 3841 3088 no-

2245 3126 2411 3181 lebas.
2442 3127 2582 3181 Ecce
2607 3129 2935 3196 experientia
2969 3127 3149 3181 docuit
3181 3141 3285 3181 non
3312 3127 3482 3180 solum
3513 3126 3758 3194 fugitivas
3788 3136 3842 3180 et

2245 3217 2498 3286 ingratas,
2529 3219 2622 3272 sed
2655 3217 2947 3273 homicidas
2974 3219 3134 3272 etiam
3162 3232 3301 3280 esse,
3337 3225 3392 3269 ut
3419 3231 3536 3285 qum
3563 3217 3614 3270 in
3645 3226 3817 3272 tremo

2243 3325 2357 3364 rem
2384 3325 2446 3365 ac
2486 3320 2690 3365 metum
2725 3327 2865 3365 nunc
2897 3320 2946 3366 te
2991 3311 3340 3380 conjecerint.
3377 3308 3564 3362 Nonne
3592 3309 3840 3363 dicebam

2245 3404 2360 3469 tibi,
2416 3420 2535 3458 cum
2583 3420 2668 3459 me
2697 3404 3061 3460 indesinenter
3103 3404 3415 3473 objurgares
3459 3417 3584 3457 vera
3616 3417 3844 3455 innuen-

2245 3506 2352 3550 tem
2379 3536 2394 3561 ,
2427 3511 2511 3550 me
2535 3495 2624 3550 tibi
2664 3495 2839 3564 potius
2875 3497 3105 3549 amicum
3133 3510 3276 3562 esse,
3305 3511 3464 3565 quam
3490 3495 3793 3550 adulatores
3820 3495 3848 3546 ?

2245 3602 2332 3640 me
2360 3587 2448 3654 qui
2478 3601 2754 3656 arguerem
2783 3628 2796 3649 ,
2828 3586 3084 3654 majorem
3133 3587 3207 3638 tui
3237 3601 3417 3639 curam
3445 3599 3652 3654 gerere,
3682 3600 3842 3655 quam

2246 3694 2358 3743 eos,
2391 3683 2477 3746 qui
2504 3679 2595 3731 tibi
2631 3694 2722 3748 per
2745 3679 2922 3731 omnia
2951 3676 3418 3747 obsequerentur?
3448 3677 3637 3731 Nonne
3666 3687 3720 3731 et
3743 3676 3845 3731 boe

2245 3769 2526 3834 addebam,
2554 3769 2655 3824 lide
2700 3768 2943 3838 digniora
2966 3783 3085 3824 esse
3117 3768 3335 3823 vulnera
3362 3768 3429 3822 ab
3452 3768 3658 3831 amicis,
3684 3783 3844 3837 quam

2249 3861 2548 3914 voluntaria
2594 3860 2772 3914 oscula
2803 3861 3140 3914 inimicorum
3177 3858 3360 3932 (Prov.
3388 3858 3480 3912 27.
3515 3858 3611 3928 6)?
3638 3857 3695 3913 Si
3727 3873 3848 3912 mea

2248 3953 2464 4008 vulnera
2520 3953 2762 4017 tulisses,
2816 3952 3222 4023 haudquaquam
3257 3952 3347 4006 tibi
3395 3951 3604 4006 illorum
3663 3951 3847 4004 oscula

2250 4044 2352 4100 hoc
2371 4045 2589 4099 exitium
2617 4044 2923 4099 attulissent
2954 4061 2965 4095 :
2999 4059 3116 4098 mea
3145 4044 3287 4098 enim
3314 4043 3531 4096 vulnera
3556 4042 3847 4096 sanitatem

2250 4136 2498 4197 all‘erunt,
2524 4135 2735 4190 illorum
2775 4132 2955 4190 oscula
3003 4134 3248 4189 morbum
3272 4133 3721 4188 immedicabiletn
3750 4131 3844 4186 tibi

2251 4229 2689 4284 conciliaverunt.
2727 4228 2825 4283 Ubi
2848 4243 2990 4283 nunc
3017 4227 3361 4297 pocillatores
3388 4226 3504 4280 tui?
3552 4225 3640 4280 ubi
3663 4226 3752 4296 qui
3797 4227 3849 4280 in

2252 4321 2370 4375 foro
2419 4321 2668 4390 papulum
2715 4319 2783 4374 de
2832 4321 2913 4373 via
2963 4319 3228 4373 decedere
3268 4318 3571 4387 cogebant,
3625 4326 3854 4387 tuasque

2254 4411 2441 4467 laudes
2467 4412 2662 4481 passim
2693 4411 2832 4480 apud
2874 4425 3062 4464 omnes
3103 4407 3854 4479 prmdicabant'ﬂranslugo—

2253 4514 2401 4569 runt,
2434 4504 2768 4572 abnegaruttt
2798 4513 2938 4556 tuam
2964 4501 3276 4569 amicitiam,
3306 4516 3460 4556 suam
3510 4499 3853 4554 securitatem

2257 4597 2362 4649 tuis
2407 4594 2658 4664 pericnlis
2707 4604 2972 4664 quaerunt.
3023 4595 3092 4647 At
3148 4609 3254 4646 non
3306 4592 3444 4646 tales
3490 4605 3612 4655 nos,
3660 4588 3756 4644 sed
3797 4598 3854 4645 et

2257 4696 2383 4741 tunc
2403 4686 2645 4756 quamvis
2668 4701 2808 4756 mgre
2838 4685 3095 4741 ferentem
3121 4699 3226 4739 non
3253 4684 3611 4747 destituimus,
3637 4691 3690 4737 et
3712 4698 3856 4739 nunc

2259 4779 2552 4849 collapsum
2586 4777 2911 4848 protegimus
2938 4793 3000 4831 ac
3045 4791 3315 4831 curamus.
3365 4775 3600 4830 Ecclesia
3625 4791 3656 4829 a
3679 4783 3732 4829 te
3755 4775 3847 4829 bo.

2263 4877 2461 4931 stiliter
2490 4876 2688 4940 habita,
2722 4890 2958 4943 expanso
2985 4874 3103 4926 sinu
3135 4882 3184 4926 te
3214 4872 3448 4942 suscepit
3484 4890 3495 4926 :
3530 4869 3736 4924 theatra
3761 4884 3856 4922 au-

2261 4978 2367 5024 tem
2392 4968 2597 5038 magnis
2623 4967 2894 5036 obsequiis
2916 4983 2943 5019 a
2967 4975 3017 5019 te
3039 4966 3202 5028 culta,
3221 4979 3446 5033 quorum
3472 4975 3632 5016 causa
3659 4961 3855 5030 saepius

2265 5063 2418 5117 nobis
2452 5060 2692 5116 infensus
2723 5060 2865 5114 luisti
2893 5101 2907 5122 ,
2960 5067 3014 5113 et
3063 5057 3413 5128 prodiderunt
3441 5066 3491 5111 te
3522 5066 3574 5109 et
3607 5053 3854 5123 perdide-

2262 5163 2406 5209 runt.
2433 5155 2680 5207 Attamen
2706 5165 2995 5220 numquam
3019 5147 3427 5204 destitimusbis
3461 5156 3513 5200 te
3551 5143 3732 5198 verbis
3774 5143 3849 5197 alo

2263 5245 2405 5314 loqui
2435 5261 2448 5296 :
2481 5242 2590 5297 Cur
2631 5244 2729 5296 ista
2773 5241 2941 5295 lacis?
2975 5241 3025 5293 in
3083 5238 3377 5293 Ecclesiam
3404 5234 3772 5296 debaccbaris,
3807 5245 3857 5288 et

2265 5336 2490 5406 teipsum
2515 5335 2566 5387 in
2591 5334 2809 5388 exitium
2843 5330 3168 5403 przccipitem
3199 5330 3348 5398 agis:
3379 5339 3432 5382 et
3454 5336 3506 5380 tu
3536 5327 3649 5380 haec
3678 5328 3858 5380 omnia

2264 5431 2463 5484 monita
2492 5429 2821 5498 negligenter
2845 5424 3319 5496 prmtercurrebas.
3369 5422 3432 5475 Et
3461 5419 3718 5473 circensis
3735 5420 3858 5489 qui-

2265 5523 2384 5581 dem
2419 5519 2703 5576 multitudo
2733 5519 3007 5574 exhaustis
3037 5518 3086 5571 in
3119 5531 3176 5570 se
3225 5515 3327 5569 tuis
3355 5511 3697 5567 facultatibus
3743 5517 3858 5579 gla-

2263 5616 2404 5671 dium
2440 5617 2489 5669 in
2516 5625 2565 5669 te
2588 5616 2728 5668 acuit
2756 5632 2767 5668 :
2793 5613 3032 5667 Ecclesia
3055 5626 3182 5665 vero
3215 5611 3521 5678 importuno
3554 5615 3644 5658 tuo
3673 5603 3856 5656 furore

2263 5710 2548 5779 exagitata,
2579 5708 2722 5762 ultro
2754 5708 2994 5775 citroque
3024 5704 3264 5766 cursitat,
3311 5702 3352 5754 si
3383 5714 3486 5770 quo
3516 5707 3669 5767 pacto
3693 5706 3744 5749 te
3789 5710 3854 5751 ex

2230 5819 2241 5829 ·-
2264 5799 2347 5853 bis
2372 5799 2582 5852 casibus
2611 5798 2929 5867 implicitum
2960 5796 3221 5851 cxtricare
3253 5800 3432 5861 queat.

2334 5892 2388 5944 2.
2427 5890 2537 5961 Quo
2595 5892 2806 5945 consilio
2845 5893 2950 5943 lucc
3006 5891 3275 5956 loquatur;
3331 5884 3566 5955 Eutropit
3618 5883 3862 5951 splendor
