4046 6428
293 325 399 381 595

290 457 408 500 ante
425 443 768 499 calamitatem
791 455 812 506 ;
841 438 1151 510 Eutropium
1204 433 1457 490 Arcadius
1485 429 1778 502 Imperator
1802 426 1893 481 ab-

290 539 406 591 duci
431 554 463 589 a
487 534 675 604 templo
686 531 1000 607 jubet—Et
1025 530 1140 586 haec
1163 542 1307 584 nunc
1327 525 1470 592 dico,
1497 538 1605 579 non
1636 538 1744 594 quo
1774 537 1899 591 pro-

286 637 459 685 strato
483 627 756 690 insultem,
782 624 878 680 sed
910 622 1056 696 quod
1085 636 1181 678 eos
1208 620 1296 690 qui
1321 618 1495 673 adhuc
1524 619 1688 680 stant,
1731 614 1896 670 tutio-

285 736 372 775 res
401 716 629 774 reddere
672 712 885 786 cupiam
914 734 926 770 :
953 730 1052 770 nec
1102 722 1161 768 ut
1211 711 1399 783 plagas
1429 708 1693 765 vulnerati
1743 706 1898 762 refri-

285 826 426 878 cem,
460 809 558 866 sed
595 818 654 864 ut
682 807 924 863 nondum
975 806 1283 860 vulneratos
1329 802 1384 857 in
1414 803 1646 858 sanitate
1672 815 1900 856 conser-

285 916 405 956 vem
440 918 456 957 τ
489 915 595 956 non
621 909 679 956 ut
725 899 981 969 iactatum
1028 894 1280 951 fluctibus
1321 893 1630 963 demergam
1659 933 1675 959 ,
1704 890 1802 946 sed
1841 901 1898 948 ut

284 1009 404 1062 eos,
430 994 524 1065 qui
563 992 814 1050 secundis
860 992 1008 1046 auris
1037 989 1310 1059 navigant,
1355 985 1622 1052 erudiam,
1666 1002 1733 1040 ne
1761 984 1898 1040 forte

285 1085 338 1138 in
375 1083 699 1155 profundum
727 1082 1064 1140 deferantur.
1109 1080 1229 1147 Quo
1273 1088 1454 1134 autem
1501 1077 1664 1134 modo
1713 1079 1894 1132 caveri

287 1175 790 1247 possit?Nimirum
838 1175 884 1230 si
927 1190 1111 1230 rerum
1163 1173 1522 1228 humanarum
1572 1171 1898 1227 mutationes

285 1269 719 1325 consideremus.
761 1267 819 1323 Si
869 1266 1014 1322 enim
1066 1266 1171 1322 iste
1203 1266 1553 1321 mutationem
1585 1266 1893 1333 timuisset,

288 1376 431 1416 nunc
455 1376 574 1416 eam
625 1376 735 1415 non
764 1369 1080 1430 pateretur;
1125 1359 1221 1414 sed
1259 1359 1516 1428 quoniam
1545 1357 1647 1413 iste
1674 1373 1776 1414 nec
1802 1358 1900 1413 do.

287 1454 529 1509 mesticis
561 1469 660 1509 nec
708 1453 903 1508 alienis
933 1452 1177 1508 consiliis
1209 1451 1407 1520 corrigi
1437 1451 1630 1520 potuit,
1662 1466 1758 1505 vos
1785 1451 1896 1505 sal-

285 1554 394 1603 tem
419 1546 511 1618 qui
538 1545 741 1601 divitiis
766 1546 1112 1610 exlollimini,
1142 1545 1300 1613 hujus
1321 1545 1681 1600 calamitatem
1708 1543 1760 1598 in
1801 1560 1895 1598 ve-

284 1651 456 1694 strum
499 1639 797 1711 profectum
822 1639 1122 1695 convertite
1156 1656 1168 1692 :
1194 1636 1326 1691 nihil
1357 1636 1500 1691 enim
1533 1646 1617 1691 est
1648 1636 1898 1690 lnunanis

284 1733 447 1787 rebus
501 1731 788 1786 infirmius.
822 1731 1162 1800 Quapropter
1183 1743 1526 1799 quocumque
1560 1727 1778 1782 nomine
1805 1743 1897 1783 ea-

283 1838 403 1878 rum
434 1822 694 1878 vilitatem
721 1821 1108 1892 significaveris
1132 1862 1147 1888 ,
1182 1819 1363 1876 minus
1384 1834 1545 1888 quam
1574 1834 1672 1887 pro
1701 1819 1776 1873 rei
1807 1833 1898 1872 ve-

283 1915 446 1971 ritate
472 1913 676 1970 dixeris
711 1913 841 1969 :vel
885 1914 929 1968 si
969 1913 1176 1969 fumum
1233 1927 1348 1976 eas,
1403 1911 1487 1964 vel
1521 1910 1723 1966 fumum
1750 1951 1765 1976 ,
1810 1911 1893 1965 vel

281 2023 550 2073 somnum,
582 2008 664 2063 vel
691 2006 855 2063 liores
883 2022 1098 2072 vernos,
1128 2006 1212 2060 vel
1235 2005 1499 2074 quidlibet
1539 2003 1684 2059 aliud
1717 2005 1894 2059 nomi-

281 2100 499 2154 naveris
534 2117 548 2155 :
583 2115 752 2170 usque
794 2099 932 2155 adeo
986 2107 1108 2153 sunt
1168 2097 1381 2168 fragiles
1410 2139 1423 2163 ,
1453 2107 1506 2152 et
1532 2098 1699 2166 magi.r
1743 2096 1893 2150 nihili

279 2207 440 2261 quam
473 2190 603 2244 nihil
623 2193 796 2260 ipsum
820 2208 834 2255 ;
860 2191 1001 2260 quod
1028 2199 1206 2244 autem
1239 2206 1345 2244 non
1373 2190 1548 2245 solum
1577 2189 1726 2244 nihili
1750 2190 1893 2253 sint,

279 2282 376 2336 sed
403 2293 457 2336 ct
484 2283 534 2336 in
569 2283 828 2353 praecipiti
856 2292 1020 2346 stent,
1052 2283 1134 2338 vel
1164 2282 1292 2337 hinc
1331 2294 1577 2352 apparet.
1607 2282 1742 2351 Quis
1791 2281 1895 2337 hoc

281 2373 501 2429 homine
547 2373 645 2429 fuit
692 2375 995 2430 excelsior?
1041 2390 1222 2430 nonne
1257 2377 1308 2430 in
1343 2386 1456 2430 toto
1506 2376 1639 2430 orbe
1690 2375 1894 2430 divitiis

280 2467 670 2531 prmcellebat?
717 2484 897 2523 nonne
941 2469 1006 2523 ad
1055 2471 1165 2539 ipsa
1198 2470 1406 2540 fastigia
1463 2470 1729 2525 honorum
1759 2486 1892 2525 con-

279 2558 534 2614 scendit?
560 2575 743 2614 nonne
771 2575 962 2616 omnes
991 2576 1114 2617 eum
1143 2562 1501 2616 formidabant
1529 2578 1593 2616 ac
1632 2562 1894 2617 vereban-

280 2653 400 2705 tur?
424 2651 532 2707 Sed
562 2667 689 2707 ecce
717 2650 889 2707 factus
911 2662 993 2709 est
1019 2662 1074 2708 et
1123 2653 1316 2708 vinctis
1346 2654 1612 2718 miserior,
1637 2664 1691 2708 et
1722 2653 1892 2708 servis

280 2741 658 2808 miserabilior,
690 2751 744 2797 et
767 2744 1029 2798 mendicis
1059 2743 1203 2800 fame
1231 2744 1630 2800 tabescentibus
1649 2743 1895 2814 indigen-

282 2835 402 2898 tior,
433 2850 530 2904 per
554 2835 796 2906 singulos
822 2836 939 2892 dies
956 2837 1166 2908 gladios
1192 2854 1298 2908 pra:
1327 2839 1495 2893 oculis
1523 2838 1726 2893 habens
1754 2839 1807 2892 in
1836 2853 1894 2894 se

280 2935 557 2994 exacutos,
585 2936 639 2981 et
690 2927 941 2982 baralhra
971 2937 1026 2984 et
1068 2929 1372 2993 carnifices,
1417 2938 1473 2984 et
1514 2929 1653 2982 viam
1678 2945 1796 2999 qua:
1826 2929 1893 2984 ad

279 3017 599 3087 supplicium
649 3018 797 3074 ducit
829 3037 842 3072 :
870 3035 935 3074 ac
984 3037 1158 3091 neque
1199 3021 1458 3076 memoria
1494 3022 1886 3090 prarteritarum

280 3109 614 3180 voluptatum
647 3109 864 3180 fruitur,
887 3113 995 3168 imo
1035 3129 1104 3169 ne
1144 3113 1267 3169 luce
1317 3113 1538 3184 quidem
1592 3114 1889 3179 communi,

278 3202 374 3258 sed
425 3203 652 3259 meridie
695 3219 909 3276 quoque
951 3215 1221 3276 tamquam
1272 3205 1322 3260 in
1381 3206 1702 3262 densissima
1735 3216 1893 3261 nocte

280 3298 544 3367 angustiis
584 3298 848 3367 parietum
895 3299 1154 3366 inclusus,
1187 3301 1470 3356 oculorum
1494 3315 1594 3356 usu
1627 3301 1887 3371 privatur.

280 3389 344 3444 Et
375 3405 629 3461 quorsum
665 3392 779 3446 lucc
809 3407 1240 3449 commemorare
1294 3395 1509 3461 attinet,
1543 3408 1665 3449 cum
1717 3409 1894 3466 quan-

280 3481 476 3537 tt..nvis
501 3482 735 3549 adnitar,
769 3484 934 3539 nullis
959 3486 1137 3542 verbis
1159 3487 1466 3556 exprimere
1509 3487 1738 3552 valeam,
1771 3488 1893 3558 quis

279 3573 353 3626 illi
374 3574 586 3628 animus
604 3575 693 3642 sit,
721 3591 815 3645 per
839 3575 1076 3647 singulas
1126 3578 1286 3634 horas
1316 3579 1509 3648 capitis
1560 3579 1892 3649 supplicium

277 3667 660 3736 exspectanti?
687 3669 795 3722 Aut
820 3669 948 3739 quid
1001 3671 1204 3724 nostris
1239 3669 1421 3725 verbis
1452 3685 1590 3740 opus
1639 3677 1742 3736 est,
1772 3685 1893 3725 cum

279 3759 393 3827 ipse
419 3758 537 3814 haec
582 3760 740 3816 nobis
771 3771 1039 3832 tamquam
1087 3763 1140 3816 in
1186 3763 1418 3834 imagine
1445 3764 1740 3836 depingat‘!
1767 3767 1893 3824 l'leri

285 3865 518 3918 namque
540 3851 720 3906 missis
742 3852 809 3907 ad
841 3868 963 3907 eum
993 3853 1062 3909 ab
1091 3854 1424 3925 lmperatore
1447 3859 1536 3928 qui
1559 3862 1640 3915 vel
1665 3878 1760 3931 per
1787 3865 1893 3917 vim

279 3943 551 3997 hominem
586 3943 963 4014 pertraherent
993 3989 1007 4010 .
1046 3963 1167 4003 cum
1198 3950 1264 4005 ad
1295 3952 1592 4010 sacrarium
1621 3955 1894 4027 confugis-

278 4047 358 4090 set
381 4035 479 4108 (a),
502 4038 668 4093 nihilo
692 4041 994 4109 meliorem,
1019 4049 1080 4096 ut
1096 4058 1237 4099 nunc
1255 4060 1490 4116 quoque,
1516 4063 1677 4117 quam
1699 4050 1893 4105 mortui

278 4130 518 4184 colorem
570 4131 849 4186 obtinebat
885 4150 896 4184 :
929 4143 1056 4189 tunc
1108 4135 1349 4190 dentium
1391 4139 1630 4207 stridor,
1691 4151 1896 4198 tremor

280 4221 444 4276 totius
474 4223 741 4290 corporis,
767 4238 872 4278 vox
900 4225 1216 4294 singultiens
1243 4237 1295 4282 et
1348 4228 1523 4299 lingua
1557 4233 1812 4299 titubans,
1843 4237 1892 4289 in

278 4328 486 4366 summa
540 4313 659 4368 talis
705 4314 940 4381 habitus,
973 4319 1184 4388 qualem
1214 4321 1500 4390 Oportebat
1530 4322 1729 4380 habere
1772 4328 1894 4381 ani-

278 4419 420 4458 mam
450 4420 570 4475 qua:
599 4404 806 4475 lapidea
834 4417 997 4463 esset.

351 4497 401 4550 5.
434 4496 562 4553 llaze
587 4490 708 4554 ilico
755 4516 863 4555 non
911 4502 1272 4572 exprobrandi
1302 4521 1484 4575 causa,
1521 4525 1695 4580 neque
1722 4511 1893 4568 insul-

279 4596 397 4643 tans
420 4589 537 4658 ejus
564 4589 876 4660 infortunio,
901 4594 998 4651 sed
1022 4606 1079 4650 ttt
1105 4608 1341 4654 vestrum
1365 4602 1605 4657 animum
1630 4605 1890 4673 mollium,

277 4691 333 4736 et
363 4682 428 4738 ad
481 4685 1008 4743 commiserationetn
1045 4691 1352 4758 pertraham
1374 4736 1390 4759 ,
1423 4711 1595 4766 eoque
1643 4699 1892 4755 inducam

279 4784 337 4828 ut
379 4779 631 4845 prmsenti
677 4779 914 4836 hominis
956 4796 1115 4852 paena
1173 4784 1243 4838 sit
1287 4795 1594 4842 contentus.
1625 4790 1890 4856 Quoniam

275 4869 418 4922 enim
445 4871 595 4925 multi
622 4883 746 4927 sunt
772 4888 804 4928 e
826 4876 1024 4930 nostris
1050 4875 1187 4930 adeo
1210 4876 1511 4947 inhumani,
1534 4889 1590 4936 ut
1611 4899 1711 4938 nos
1728 4885 1889 4941 etiam

276 4960 544 5028 incusent,
579 4964 672 5033 qui
697 4979 820 5020 eum
847 4968 1086 5023 sacrario
1119 4971 1516 5040 exceperimus,
1551 4974 1768 5031 illorum
1792 4978 1893 5032 du-

275 5054 454 5109 ritiem
487 5058 688 5112 nostris
728 5061 1073 5118 sermonibus
1127 5064 1340 5120 mollire
1381 5068 1592 5132 volens,
1641 5072 1891 5129 miserias

276 5147 430 5202 istius
461 5149 706 5204 traduce.

343 5239 628 5296 Eutrooius
655 5242 708 5297 in
730 5244 1013 5312 ecclesiam,
1031 5247 1181 5317 cujus
1201 5249 1570 5307 immunitatem
1590 5255 1885 5325 violaverat,

270 5337 546 5404 confugere
571 5344 777 5392 coactus
805 5348 898 5392 est.
932 5369 1003 5379 --
1027 5339 1166 5407 Quid
1198 5343 1342 5397 enim
1376 5355 1478 5408 est,
1509 5362 1714 5416 quaeso,
1747 5348 1885 5404 dile-

269 5435 377 5492 cte,
430 5426 573 5496 quod
617 5428 834 5500 indigne
878 5429 1026 5486 fers?
1077 5432 1266 5502 Dices,
1316 5435 1451 5502 Quia
1496 5440 1548 5492 in
1599 5442 1884 5498 ecclesiam

332 5631 405 5700 (ιι)
446 5631 512 5680 Ad
539 5633 733 5700 lit_eram
759 5637 1054 5700 vertendum
1081 5643 1235 5698 esset,
1262 5653 1374 5690 cum
1393 5642 1459 5692 ad
1474 5657 1620 5695 sacra
1645 5659 1758 5698 ima
1775 5661 1887 5700 cou-

267 5693 485 5764 fuqisset.
513 5697 602 5743 sed
629 5711 740 5759 quae
765 5697 844 5771 hic
865 5712 992 5771 quoq,
1020 5702 1126 5750 sive
1150 5693 1286 5751 sacra
1323 5717 1436 5771 vasa
1465 5693 1882 5771 ιΙὶιέιιιιιιιιλξῖιῖὀῖ-ν

269 5770 394 5812 Mm.
419 5757 534 5826 sive
561 5757 657 5826 ara
683 5757 1077 5826 a_ppt_~ll_alntutur.
1115 5771 1294 5814 verum
1327 5768 1391 5818 de
1425 5768 1501 5821 his
1534 5757 1884 5826 ιιιιιὴιὸίὀὶήὸ

267 5829 464 5878 agetur,
490 5819 571 5870 ubi
596 5820 661 5870 de
686 5819 936 5888 disciplina
963 5824 1316 5881 Ecl-lesiastica.

1703 310 1766 371 ΓΝ
1804 303 2220 367 EUTROPIUM.

3527 299 3629 354 31H

2017 419 2281 493 confugit,
2333 419 2423 490 qui
2465 431 2584 474 eam
2632 415 3000 473 indesinenter
3048 417 3418 490 nnpugnabat.
3467 421 3628 490 Atqui

2007 517 2111 573 hoc
2141 514 2480 587 potissimum
2509 513 2732 571 nomine
2755 511 3143 584 gloriﬁcandus
3160 522 3276 567 erat
3298 512 3459 577 Deus,
3484 513 3629 584 quod

2005 610 2254 682 permisit
2282 625 2406 666 eum
2437 609 2490 665 in
2518 617 2665 664 tanta
2687 607 2941 692 constitui
2991 606 3336 672 necessitate,
3370 618 3430 664 ut
3454 619 3507 662 ct
3536 625 3631 679 po-

2007 705 2226 758 tentiam
2258 702 2518 759 Ecclesiae
2541 709 2598 758 ct
2623 701 2966 757 clementiam
2985 699 3222 756 disceret
3251 716 3265 753 :
3300 701 3626 770 potentiam,

2005 809 2072 849 eo
2098 793 2242 864 quod
2271 793 2324 848 in
2356 802 2558 848 tantam
2584 793 2832 848 inciderit
2865 792 3220 846 mutationem
3251 792 3322 848 ob
3349 792 3485 848 bella
3507 809 3629 864 qum

2005 886 2106 956 ipsi
2137 885 2393 941 intulerat
2423 904 2436 939 :
2469 885 2816 942 clementiam
2859 899 3008 952 vero,
3034 884 3180 955 quod
3212 884 3385 955 ipsum
3412 884 3632 956 objecto

2005 993 2147 1034 nunc
2176 987 2332 1034 scuto
2361 987 2625 1050 protegat,
2655 987 2709 1034 el
2738 978 2946 1033 alarum
2978 977 3201 1033 obtentu
3232 987 3469 1046 tueatur,
3501 996 3632 1050 prtu-

2004 1075 2393 1144 teritarumque
2420 1071 2736 1144 injuriarum
2777 1072 2964 1139 oblita,
2997 1072 3150 1128 sinus
3176 1073 3224 1128 ei
3256 1075 3632 1131 amantissime

2006 1167 2224 1237 pandat.
2253 1167 2366 1223 Hoc
2395 1168 2538 1222 enim
2568 1166 2760 1238 Quovis
2789 1175 2996 1238 trome
3035 1166 3392 1236 Splendidius,
3440 1172 3633 1238 quavis

2005 1261 2224 1316 victoria
2250 1261 2532 1328 illustrius,
2567 1260 2670 1315 hoc
2691 1261 2960 1324 ethnicos,
2991 1260 3095 1315 hoc
3138 1259 3356 1316 Judatos
3408 1262 3631 1332 pudefa-

2003 1354 2097 1418 cit,
2131 1353 2234 1408 hoc
2262 1353 2622 1422 placiditatem
2650 1352 2829 1410 vultus
2851 1354 2971 1424 ejus
2999 1362 3234 1410 ostentat
3266 1374 3279 1409 :
3311 1356 3455 1425 quod
3486 1356 3627 1412 hosn

2005 1451 2217 1516 captivo
2263 1460 2470 1517 parcat,
2501 1457 2556 1504 et
2584 1449 2652 1504 ab
2679 1447 2934 1504 omnibus
2982 1447 3256 1503 desertum
3285 1465 3349 1504 ac
3377 1461 3624 1505 contem-

2005 1552 2152 1610 ptum
2173 1543 2283 1595 sola
2306 1553 2357 1594 nt
2378 1541 2745 1597 amantissima
2767 1552 2938 1597 mater
2964 1544 3077 1600 suis
3103 1544 3420 1600 velamentis
3443 1547 3626 1601 occul-

2005 1643 2100 1698 tet,
2125 1635 2472 1705 Imperatoris
2495 1636 2654 1689 simul
2689 1637 2783 1690 ira:
2809 1647 2864 1691 et
2896 1635 3221 1692 intolerabili
3245 1640 3426 1709 populi
3458 1638 3626 1695 furori

2005 1740 2068 1781 ac
2095 1725 2222 1781 odio
2253 1741 2312 1782 se
2343 1743 2628 1798 Opponens
2661 1727 2804 1784 :hoc
2836 1729 3012 1800 ipsum
3040 1739 3123 1784 est
3151 1731 3408 1786 eximium
3441 1734 3629 1790 altaris

2003 1829 2406 1875 ornamentum.
2436 1822 2615 1889 Dices,
2646 1822 2884 1878 Hoccine
2911 1835 3315 1888 ornamentum,
3351 1828 3624 1884 hominem

2003 1911 2312 1979 scelestum,
2341 1928 2586 1982 avarum,
2612 1929 2884 1984 rapacem,
2909 1915 3078 1972 altare
3104 1920 3420 1990 contingere
3439 1922 3460 1971 ’ξ
3485 1919 3628 1975 Cave

2004 2005 2130 2060 talia
2158 2006 2360 2062 dixeris
2391 2027 2404 2063 ε
2437 2009 2877 2080 quandoquidem
2903 2019 2956 2065 et
2977 2013 3234 2067 meretrix
3268 2013 3434 2083 pedes
3460 2015 3628 2085 ipsius

2002 2099 2200 2154 Christi
2245 2101 2488 2171 contigit,
2537 2104 2740 2156 incesta
2781 2101 2870 2156 illa
2911 2113 2966 2156 et
3007 2103 3219 2173 impura
3257 2124 3268 2158 :
3306 2121 3404 2160 uec
3448 2115 3626 2161 tamen

2004 2190 2109 2248 hoc
2136 2193 2188 2247 in
2210 2193 2416 2248 crimen
2448 2194 2675 2250 Domino
2695 2193 2823 2252 Jesu
2851 2197 3036 2263 cessit,
3065 2197 3160 2252 sed
3187 2199 3240 2253 in
3270 2198 3479 2254 laudem
3513 2215 3627 2254 ma-

2001 2301 2160 2356 gnam
2187 2295 2242 2341 et
2275 2285 2690 2344 admirationem
2718 2307 2731 2344 :
2760 2304 2937 2360 neque
2981 2290 3127 2344 enim
3177 2308 3368 2361 purum
3419 2293 3629 2364 impura

2003 2378 2250 2446 oll‘endit,
2280 2379 2377 2435 sed
2408 2380 2696 2436 scelestam
2739 2382 3084 2438 meretricem
3116 2399 3281 2452 purus
3307 2394 3361 2439 et
3390 2385 3631 2456 inculpa-

2003 2470 2124 2526 bilis
2153 2487 2250 2527 suo
2277 2482 2529 2528 contactu
2559 2474 2880 2544 purificavit.
2917 2476 3059 2532 Cave
3087 2477 3406 2548 injuriarum
3437 2481 3630 2536 memi-

2004 2570 2166 2630 neris,
2199 2580 2232 2620 ο
2261 2566 2441 2623 Ιιοιιιυ.
2472 2568 2726 2623 Crucilixi
2755 2568 2900 2624 illius
2929 2571 3070 2625 servi
3121 2587 3310 2627 sumus
3350 2573 3578 2628 ditentis
3613 2596 3626 2632 :

2004 2658 2224 2714 lientitle
2259 2661 2395 2727 illis,
2443 2680 2545 2716 non
2591 2663 2723 2717 enim
2755 2665 2920 2719 sciunt
2968 2665 3093 2736 quid
3122 2668 3320 2738 faciunt
3350 2667 3504 2739 (Luc.
3528 2669 3620 2726 “25.

2005 2752 2117 2824 Sil).
2165 2755 2319 2809 Dices
2349 2773 2362 2809 :
2394 2760 2464 2810 At
2490 2756 2759 2826 prmelusit
2789 2759 2947 2828 lmjus
2977 2761 3077 2815 loci
3111 2759 3373 2832 refugium
3423 2765 3628 2835 legibus

2001 2845 2236 2914 scriptis,
2287 2846 2481 2916 quibus
2524 2847 2624 2902 hoc
2673 2849 2880 2904 irritum
2922 2850 3102 2906 facere
3148 2866 3376 2910 conatus
3421 2867 3522 2910 est.
3554 2859 3625 2912 At

2004 2951 2145 2990 nunc
2194 2938 2374 3008 reipsa
2416 2937 2623 3006 didicit,
2674 2942 2833 3011 quale
2873 2942 2939 2997 sit
2963 2943 3107 3013 quod
3137 2943 3300 3000 fecit:
3333 2956 3386 3001 et
3414 2959 3628 3004 suomet

2003 3029 2142 3084 facto
2173 3030 2344 3101 legem
2373 3042 2524 3088 suam
2571 3035 2774 3104 primus
2823 3035 3122 3107 abrogavit.
3155 3039 3327 3095 factus
3365 3042 3512 3098 orbis
3541 3054 3618 3098 to-

2003 3124 2108 3178 tius
2130 3127 2493 3194 spectaculum
2527 3144 2540 3182 :
2573 3137 2626 3183 et
2654 3129 2813 3184 sileat
2838 3129 2984 3194 licet,
3007 3148 3198 3188 omnes
3231 3143 3412 3190 tamen
3433 3137 3623 3190 admo-

2000 3228 2111 3281 nct,
2147 3217 2328 3274 Nolite
2374 3218 2491 3274 hmo
2523 3220 2721 3289 facere,
2755 3237 2824 3278 ne
2846 3225 3023 3294 qualia
3053 3242 3155 3296 ego
3183 3229 3483 3296 patiamini.
3517 3230 3630 3287 Sua

2002 3309 2309 3365 calamitate
2337 3311 2475 3366 alios
2504 3314 2682 3379 docet,
2709 3325 2763 3371 et
2788 3315 2960 3372 altare
2994 3319 3095 3374 hoc
3125 3322 3240 3390 ipso
3267 3322 3533 3378 illustrem
3560 3349 3570 3373 ο
3594 3343 3625 3381 r.

2001 3418 2061 3457 se
2087 3404 2435 3475 Splendorem
2467 3407 2688 3474 emittit,
2722 3423 2785 3464 ac
2815 3410 2900 3466 vel
2929 3411 3054 3468 hinc
3082 3416 3426 3473 tremendum
3472 3420 3626 3476 vitle-

2004 3511 2109 3568 tur,
2131 3501 2274 3572 quod
2309 3503 2519 3558 leonem
2554 3505 2789 3560 vinctum
2822 3508 3102 3564 contineat
3135 3528 3150 3565 :
3183 3513 3622 3584 quandoquidem

2001 3602 2056 3649 et
2083 3596 2246 3665 regia:
2273 3595 2470 3668 effigiei
2500 3614 2606 3653 non
2637 3607 2843 3654 tantum
2881 3612 3103 3658 ornatus
3135 3619 3200 3659 ex
3231 3620 3298 3660 eo
3322 3611 3623 3680 contingat,

2001 3689 2046 3742 si
2077 3689 2214 3743 solio
2247 3704 2340 3744 rex
2388 3690 2606 3746 sublimi
2657 3692 2846 3748 sedeat
2890 3706 3216 3765 purpuratus
3247 3699 3629 3760 etdiademate

2004 3781 2307 3849 redimitus,
2341 3795 2598 3855 quamam
2620 3787 2660 3841 si
2693 3787 2793 3844 sub
2821 3787 3049 3859 pedibus
3080 3808 3297 3863 quoque
3321 3797 3484 3867 regiis
3507 3799 3630 3852 bar-

2003 3877 2117 3931 bari
2150 3878 2399 3933 manibus
2440 3889 2558 3949 post
2604 3890 2751 3953 terga
2788 3883 3048 3939 revinctis
3094 3888 3250 3957 proni
3291 3888 3521 3959 iaceant.
3563 3891 3630 3948 Et

2001 3961 2145 4031 quod
2174 3963 2355 4018 verbis
2379 3981 2488 4019 non
2513 3965 2583 4020 sit
2631 3982 2760 4021 usus
2800 3968 2866 4022 ad
2918 3972 3351 4039 persuadendum
3405 3981 3625 4043 paratis,

2003 4065 2212 4111 vosmet
2261 4057 2604 4115 festinatione
2646 4071 2824 4117 vestra
2853 4079 2919 4118 ac
2956 4081 3226 4122 concursu
3272 4073 3627 4126 atlestamiui.

2004 4150 2214 4205 Etenim
2250 4154 2567 4222 prmclarunt
2594 4154 2754 4210 hodie
2786 4157 2942 4212 nobis
2968 4161 3335 4228 spectaculum
3364 4171 3418 4217 et
3443 4164 3628 4221 hilaris

2003 4254 2301 4299 conventus
2330 4247 2594 4318 contingit
2622 4267 2634 4303 :
2660 4264 2760 4305 nec
2788 4251 3054 4307 minorem
3088 4269 3230 4308 nunc
3259 4255 3416 4311 video
3445 4260 3627 4327 populi

2005 4335 2384 4408 frequentiam,
2405 4357 2564 4412 quam
2594 4343 2647 4397 in
2679 4360 2832 4399 sacra
2867 4345 3088 4402 Pascha:
3115 4349 3427 4406 celebritate
3451 4369 3463 4406 ;
3489 4353 3626 4408 adeo

2003 4429 2159 4483 exciti
2190 4431 2322 4484 estis
2355 4432 2508 4487 istius
2535 4432 2772 4502 silentio,
2798 4436 2940 4507 quod
2972 4437 3463 4508 imprmsentiarum
3488 4461 3624 4514 qua-

2003 4523 2083 4576 vis
2116 4523 2241 4578 tuba
2269 4524 2555 4580 clariorem
2582 4541 2775 4582 sonum
2823 4531 3040 4588 emittit.
3079 4533 3143 4588 lSt
3165 4534 3402 4605 virgines
3453 4536 3622 4591 thali-

2004 4615 2127 4680 mis,
2161 4625 2214 4670 et
2243 4617 2495 4672 mulieres
2523 4620 2794 4689 gynmceis
2822 4621 3073 4689 desertis,
3100 4633 3153 4679 (ιι
3180 4627 3277 4680 viri
3311 4626 3428 4683 foro
3455 4645 3624 4684 vacuo

2004 4709 2214 4771 relicto,
2248 4710 2481 4766 universi
2514 4711 2618 4767 huc
2643 4715 3017 4783 concurristis,
3053 4728 3106 4771 ut
3135 4718 3427 4776 humanam
3464 4734 3628 4777 natu-

2002 4817 2115 4855 ram
2148 4802 2351 4860 traduci
2378 4804 2650 4872 videretis,
2683 4818 2735 4861 et
2765 4812 3104 4866 saecularium
3137 4815 3476 4885 negOtiorum
3501 4837 3622 4872 tim-

2004 4905 2347 4951 mentaneam
2377 4898 2792 4953 mutabilitatem
2841 4903 3041 4973 detegi,
3076 4906 3328 4978 illamque
3371 4914 3621 4965 meretri-

1999 4991 2138 5045 ciam
2201 4989 2390 5047 faciem
2455 4991 2573 5048 heri
2614 5009 2677 5048 ac
2719 4995 2912 5050 nudius
2966 5001 3156 5054 tertius
3203 5002 3622 5071 prmclarissitite

1999 5081 2376 5153 splendentem
2406 5086 2554 5154 (talis
2583 5086 2726 5142 enim
2758 5095 2842 5142 est
2869 5103 2933 5143 ex
2959 5091 3149 5147 alienis
3194 5094 3405 5164 injuriis
3452 5099 3624 5152 felici~

2001 5183 2103 5239 tas,
2137 5191 2256 5245 quae
2286 5191 2480 5247 rugosa
2521 5179 2711 5249 quavis
2747 5180 2959 5235 anicula
3006 5183 3301 5242 deformior
3339 5201 3562 5260 apparet
3577 5193 3619 5261 ,i,

2000 5286 2179 5324 rerum
2232 5272 2527 5328 mutatione
2573 5284 2862 5345 tamquam
2887 5281 3109 5351 spongia
3133 5281 3362 5352 quadam
3396 5289 3620 5341 tectoria

1998 5363 2256 5432 lucosque
2286 5363 2626 5421 abstersisse.

2069 5456 2123 5509 4.
2154 5455 2324 5510 Tanta
2370 5473 2567 5528 nempe
2611 5467 2697 5514 est
2742 5459 2899 5531 hujus
2945 5463 3223 5523 infortunii
3253 5471 3357 5536 vis,
3387 5488 3509 5543 qua:
3540 5476 3618 5529 vi-

1998 5566 2114 5604 rum
2147 5549 2355 5605 felicem
2376 5567 2439 5607 ac
2471 5555 2845 5624 cnnspicuutn,
2870 5574 3012 5614 nunc
3040 5563 3284 5620 omnium
3313 5566 3618 5639 abjectissi-

1997 5660 2143 5698 nnnu
2200 5645 2453 5700 reddidit.
2506 5647 2742 5704 lntroeat
2790 5649 2945 5707 dives
2984 5654 3215 5726 aliquis,
3263 5668 3318 5714 et
3366 5677 3614 5734 magnam

1995 5735 2280 5792 utilitatem
2313 5739 2575 5809 percipiet
2609 5758 2620 5793 :
2653 5741 2840 5800 videns
2873 5747 3017 5800 enim
3053 5757 3160 5804 tam
3209 5752 3356 5808 celso
3405 5753 3620 5826 fastigio

1997 5829 2275 5898 delapsum
2309 5847 2431 5888 cum
2477 5834 2567 5902 qui
2621 5843 2790 5894 totum
2843 5839 3029 5896 etiam
3077 5851 3206 5897 nutu
3248 5842 3608 5898 cunetttiehat
