4046 6436
476 327 580 386 395

474 459 537 497 ac
564 439 850 514 formidine
873 444 1227 500 contractum,
1257 433 1550 504 quavisque
1580 442 1713 485 rana
1744 437 1836 482 aut.
1882 428 2067 498 lepore

478 532 824 598 timidiorem,
857 541 911 585 et
940 527 1145 599 absque
1167 524 1396 583 vinculis
1421 524 1687 579 columna:
1711 520 1837 576 huic
1860 519 2066 577 lueren-

476 636 618 691 tent,
651 635 705 679 et
732 623 847 678 vice
883 630 1086 677 catenae
1133 617 1322 673 timore
1357 614 1575 671 affixum
1625 622 2066 683 trementemque,

475 717 735 788 reprimet
780 715 1136 783 arrogantiam
1161 752 1179 780 ,
1205 708 1399 765 fastum
1435 716 1615 773 exuet,
1640 716 1693 762 et
1720 703 2070 761 consideratis

472 823 594 879 qua:
625 807 683 863 in
714 805 960 863 humanis
1001 802 1215 859 casibus
1239 798 1628 856 consideranda
1656 805 1801 863 sunt,
1830 794 2071 853 discedet

476 900 677 971 reipsa
706 899 918 965 doetus,
950 914 1069 969 qua:
1094 896 1385 967 Scriptum
1410 909 1507 949 nos
1531 894 1724 947 docent
1751 906 1765 942 :
1793 889 1951 960 quale
1988 897 2072 945 est

478 992 608 1048 illud
636 1010 650 1044 ε
687 989 865 1046 Omnis
904 1005 1023 1043 caro
1050 992 1262 1061 fanum,
1293 996 1341 1040 et
1364 985 1528 1041 omnis
1566 982 1730 1055 gloria
1773 982 1990 1036 hominis
2015 991 2070 1035 ut

480 1085 571 1153 (tos
597 1084 717 1155 fani
744 1096 766 1137 :
793 1082 927 1134 aruit
946 1084 1160 1150 faenum,
1192 1089 1239 1133 et
1268 1079 1364 1148 ﬂos
1402 1077 1511 1145 ejus
1543 1075 1728 1130 decidit
1753 1071 1955 1145 (Hemi.
1977 1071 2070 1132 40.

478 1180 531 1233 ti.
557 1178 612 1247 7)
644 1193 657 1229 :
692 1167 817 1229 item
858 1172 989 1227 illud
1023 1190 1037 1227 :
1066 1173 1211 1228 Sicut
1240 1176 1428 1243 {mnum
1469 1170 1702 1225 velociter
1735 1177 1979 1233 arescent,
2023 1176 2071 1221 et

476 1268 604 1323 sicut
645 1267 783 1320 olera
829 1266 1097 1319 herbarum
1137 1266 1236 1317 cito
1283 1262 1512 1316 decident
1545 1258 1715 1332 (Psal.
1758 1260 1847 1314 56.
1892 1258 1985 1331 2);
2018 1269 2071 1313 ct

479 1360 736 1427 Quoniam
759 1358 883 1413 sicut
924 1359 1097 1427 fumus
1134 1356 1241 1411 dies
1264 1356 1376 1426 ejus
1407 1365 1524 1409 sunt
1555 1351 1726 1424 (Psal.
1758 1352 1881 1406 IOI.
1910 1353 1990 1421 ι),
2016 1360 2071 1405 et

480 1455 680 1524 reliqua
725 1452 939 1508 similia.
967 1452 1165 1507 Contra
1211 1466 1413 1521 pauper
1450 1449 1827 1518 introgressus,
1878 1455 1932 1500 et
1967 1445 2070 1500 hoc

476 1546 840 1616 spectaculum
888 1542 1339 1607 animadvertetis,
1387 1555 1495 1595 non
1537 1539 1783 1609 displicet
1807 1538 1906 1591 sibi
1935 1536 2066 1604 ipse,

477 1652 650 1707 neque
698 1645 897 1691 sortem
951 1650 1102 1689 suam
1148 1633 1423 1704 deplorat;
1474 1632 1568 1687 sed
1614 1631 1810 1701 gratias
1854 1631 2073 1699 insuper

479 1730 775 1800 panpettati
807 1726 987 1793 habet,
1020 1742 1139 1795 qua:
1166 1724 1266 1779 sibi
1293 1732 1347 1779 et
1373 1724 1502 1795 asyli
1534 1724 1649 1777 vice
1678 1722 1748 1778 sit
1796 1722 2065 1786 tutissimi,

476 1830 532 1877 et
569 1831 755 1893 portus
800 1816 1242 1889 tranquillissimi,
1299 1824 1354 1870 et
1392 1815 1531 1869 arcis
1576 1813 1944 1868 nnmitissima:
1978 1821 2071 1867 :et

481 1915 563 1969 Itis
605 1913 756 1979 visis,
786 1915 830 1967 si
856 1912 1012 1967 detur
1050 1911 1217 1981 Optio,
1252 1908 1433 1963 mallet
1474 1908 1722 1977 prmsenti
1763 1905 2071 1962 conditione

479 2013 761 2059 contentus
786 2016 924 2065 esse,
958 2017 1116 2072 quam
1145 2000 1385 2056 ontnium
1419 1998 1760 2053 facultatibus
1803 1996 2072 2068 paulisper

480 2095 772 2166 oecupatis,
806 2109 927 2149 mox
954 2096 1005 2147 in
1033 2094 1228 2163 proprii
1252 2091 1525 2162 sanguinis
1544 2090 1841 2160 periculum
1863 2088 2065 2143 venire.

488 2189 642 2244 Vides
657 2203 759 2243 n0n
783 2202 1000 2258 parvam
1018 2187 1293 2241 utilitatem
1312 2183 1566 2239 divitibus
1583 2195 1636 2238 et
1654 2182 1995 2253 pauperibus,
2017 2190 2072 2236 et

480 2282 638 2337 celsis
655 2291 709 2337 et
729 2281 1041 2347 humilibus,
1061 2279 1227 2334 servis
1246 2289 1297 2334 et
1316 2278 1580 2349 ingenuis,
1604 2292 1673 2332 ex
1695 2277 1795 2331 hoc
1818 2276 1966 2330 istius
1991 2290 2072 2330 re-

480 2374 624 2444 fugio
647 2383 856 2427 enatam
878 2373 1036 2427 esse?
1056 2370 1201 2426 vides
1216 2377 1275 2424 ut
1292 2385 1412 2424 cum
1438 2368 1675 2424 remedio
1704 2368 1929 2437 quisque
1949 2366 2072 2421 hinc

481 2467 656 2531 abeat,
678 2464 832 2535 hujus
861 2465 938 2520 rei
964 2464 1271 2533 spectacqu
1287 2463 1508 2519 allectus
1534 2476 1727 2517 curans
1749 2460 1909 2516 suos?
1932 2458 2069 2514 Num

480 2560 639 2629 igitur
667 2557 866 2613 mollivi
899 2567 1105 2612 vestros
1134 2556 1362 2621 animos,
1393 2563 1486 2608 aut
1523 2551 1938 2624 indignationem
1968 2566 2068 2605 ex-

483 2650 783 2721 puli‘ttnum
818 2648 1261 2704 inhumanitatem
1304 2643 1569 2701 exstinxi?
1601 2658 1726 2698 num
1750 2641 1817 2699 ad
1838 2642 2071 2699 commi-

480 2741 798 2797 serationem
827 2738 1060 2794 adduxi?
1087 2737 1349 2807 Equidem
1392 2735 1677 2790 adduxisse
1705 2750 1791 2789 me
1833 2734 2026 2802 opinor
2055 2752 2070 2790 :

480 2833 638 2904 idque
661 2848 725 2887 ex
754 2831 986 2887 vultibus
1008 2829 1198 2885 vestris
1217 2845 1281 2884 ac
1300 2828 1551 2899 lacrymis
1578 2826 1793 2897 colligo.
1814 2827 2068 2893 Quando-

478 2926 695 2997 quidem
722 2924 878 2994 igitur
905 2932 1049 2992 petra
1083 2920 1259 2976 cordis
1287 2920 1445 2974 Vestri
1476 2920 1533 2974 in
1558 2917 1805 2988 pinguem
1836 2928 1890 2971 et
1917 2916 2068 2971 ferti-

482 3017 587 3073 lem
614 3030 797 3085 agrum
828 3027 980 3068 versa
1008 3022 1107 3074 est,
1136 3026 1232 3081 age
1258 3011 1368 3080 jam
1400 3009 1627 3064 fructum
1666 3023 1879 3079 quoque
1908 3007 2068 3062 mise-

482 3106 723 3163 ricordia:
753 3104 1106 3176 proferentes,
1127 3104 1422 3172 uberesque
1446 3100 1927 3156 commiserationis
1953 3098 2070 3170 spi—

478 3214 573 3256 cas
600 3214 707 3270 pra:
732 3197 887 3253 nobis
915 3195 1169 3263 ferentes,
1199 3194 1611 3264 procumbamus
1652 3194 1967 3263 Imperatori
1997 3194 2066 3249 ad

478 3310 651 3365 genua
679 3310 695 3348 :
726 3293 809 3347 vel
834 3292 1009 3363 potius
1033 3291 1383 3361 deprecemur
1411 3287 1850 3359 benignissimum
1877 3286 2066 3349 Deum,

482 3398 539 3444 ut
568 3387 772 3443 molliat
795 3387 929 3441 iram
974 3383 1334 3453 Imperatoris,
1354 3391 1410 3439 et
1436 3397 1529 3437 cor
1554 3382 1629 3436 illi
1663 3391 1901 3436 tenerum
1940 3379 2069 3435 dare

480 3484 749 3553 dignetur,
778 3496 885 3553 quo
910 3481 1050 3535 hanc
1076 3479 1300 3551 gratiam
1332 3479 1593 3549 integrant
1624 3475 1692 3531 ab
1723 3476 1838 3545 ipso
1859 3474 2068 3530 auferre

482 3578 765 3645 possimus.
793 3576 910 3632 Jam
934 3575 1077 3631 enim
1105 3590 1171 3630 ex
1198 3574 1287 3628 illo
1310 3573 1400 3628 die
1421 3586 1527 3645 quo
1554 3574 1657 3625 huc
1682 3569 1921 3640 confugit
1944 3569 2065 3633 iste,

481 3685 583 3724 non
622 3683 783 3739 parva
822 3666 1067 3724 estfacta
1099 3666 1322 3720 mutatio
1350 3684 1363 3719 :
1396 3672 1674 3734 postquam
1706 3662 1848 3717 enim
1874 3676 2068 3730 cogno-

478 3760 553 3816 vit
582 3760 878 3830 Imperator
905 3775 1025 3815 eum
1054 3759 1119 3814 ad
1146 3758 1353 3830 asylum
1386 3757 1487 3811 hoc
1510 3770 1569 3811 se
1597 3755 1884 3824 recepisse,
1910 3753 2067 3807 afflu-

480 3862 603 3907 ente
630 3853 866 3907 exercitu
896 3862 951 3907 et
976 3851 1242 3906 concitato
1268 3850 1337 3906 ob
1360 3851 1474 3919 ejus
1499 3848 1742 3912 crimina,
1774 3845 2069 3916 deposcen-

480 3958 638 4015 teque
663 3945 935 4000 hominem
961 3944 1028 3999 ad
1058 3944 1399 4015 supplicium,
1423 3942 1635 4011 longam
1665 3938 1851 3993 habuit
1872 3938 2068 3992 oratio-

478 4052 624 4103 nem,
656 4052 758 4105 qua
783 4036 1063 4091 militarem
1094 4035 1511 4106 indignationem
1541 4038 1937 4101 compesceret,
1965 4042 2065 4097 po-

476 4128 681 4182 stulans
697 4139 755 4182 ut
783 4142 887 4183 non
914 4128 1186 4197 culparum
1217 4126 1399 4191 modo,
1419 4125 1511 4180 sed
1539 4125 1700 4181 etiam
1728 4133 1871 4179 recte
1898 4124 2064 4175 I'acto-

478 4236 595 4274 rnnt
626 4219 885 4274 rationem
916 4219 1175 4274 haberent
1205 4236 1218 4273 :
1253 4228 1310 4273 ut
1336 4218 1424 4289 qui
1457 4231 1553 4287 pro
1582 4215 1688 4271 illis
1714 4214 1936 4285 gratiam
1969 4211 2062 4265 ha—

476 4314 645 4377 beret,
678 4322 732 4366 et
758 4312 802 4365 si
830 4310 956 4381 quid
1001 4325 1158 4367 secus
1198 4310 1501 4377 accidisset,
1550 4320 1818 4379 tamquam
1863 4305 2063 4361 homini

475 4402 857 4473 ignoscendum
900 4402 1145 4462 duceret.
1204 4402 1337 4457 Cum
1381 4414 1559 4457 autem
1619 4400 1695 4455 illi
1742 4399 1810 4453 de
1855 4399 2063 4467 integro

476 4503 730 4564 urgerent
756 4493 824 4548 ad
862 4494 1152 4550 vindictam
1182 4495 1294 4549 laesi
1318 4493 1695 4569 Imperatoris,
1728 4493 2020 4548 clamantes
2044 4530 2060 4558 ,

474 4588 800 4653 cxsilientes,
822 4587 890 4643 ad
909 4598 1137 4644 mortem
1155 4589 1529 4659 deposcentcs,
1551 4586 1735 4641 hastas
1757 4584 2057 4639 vibrantes:

476 4687 586 4734 tum
604 4694 730 4734 vero
751 4678 925 4734 fontes
953 4680 1309 4752 Iacrymarum
1339 4677 1769 4734 clementissimis
1794 4675 1904 4730 suis
1929 4688 2060 4727 ceu-

494 4772 539 4825 is
567 4770 866 4841 effundens,
898 4782 953 4828 et
976 4782 1329 4829 sacrosancta:
1356 4787 1574 4837 mensm,
1605 4770 1670 4825 ad
1701 4784 1858 4839 quam
1881 4764 2061 4836 perfu—

1194 318 1253 375 S.
1290 315 1573 375 JOANNIS
1606 311 2081 371 CIIRYSOSTOMI
2119 310 2438 368 ARCIIIEI‘.
2479 308 3015 367 CONSTANTINOP.

3664 310 3773 371 396

2174 437 2345 498 gerat,
2375 426 2686 499 religionem
2715 428 2820 484 illis
2867 427 3152 493 incutiens,
3194 442 3337 498 azgre
3379 428 3594 485 tandem
3636 428 3772 486 iram

2175 534 2361 574 eorum
2391 521 2615 576 sedavit.

2249 614 2303 669 5.
2337 612 2727 668 Admoveamus
2756 613 2916 685 igitur
2937 627 3036 669 nos
3060 626 3273 684 quoque
3297 628 3418 684 qua:
3442 628 3473 667 a
3496 613 3653 669 nobis
3672 613 3773 670 sd-

2177 702 2348 760 hiberi
2377 719 2472 775 par
2501 715 2603 760 est.
2640 705 2753 773 Qua
2783 706 2926 763 enim
2956 706 3058 776 ipsi
3083 706 3238 761 venia
3266 705 3413 778 digni
3440 707 3655 773 essetis,
3688 707 3733 762 si
3755 748 3773 771 ,

2179 797 2506 866 Imperatore
2537 799 2806 868 propriam
2844 798 3092 869 injuriam
3119 796 3459 853 eondonante
3483 806 3538 854 et
3565 797 3734 853 oblito
3752 836 3767 861 ,

2176 904 2272 944 vos
2305 889 2436 945 nihil
2476 890 2579 946 tale
2616 890 2761 963 passi
2792 890 2846 946 in
2893 891 2973 947 ira
2998 890 3266 945 obstinate
3305 887 3641 961 pergeretis?
3676 894 3775 944 aut

2176 983 2449 1055 quomodo
2476 984 2579 1040 hoc
2608 984 2915 1056 spectacqu
2955 984 3134 1039 soluto
3177 992 3513 1039 sacramenta
3556 991 3772 1038 contre-

2176 1078 2419 1141 ctabitis,
2449 1085 2507 1134 et
2537 1078 2896 1148 precationem
2924 1078 3067 1132 illam
3095 1076 3305 1142 dicetis,
3333 1092 3439 1147 qua
3463 1090 3652 1146 rogare
3678 1077 3769 1144 ju-

2176 1170 2368 1227 bemur
2398 1189 2413 1226 :
2451 1171 2657 1226 Dimitte
2694 1170 2837 1226 nobis
2861 1171 2993 1225 sicut
3033 1181 3079 1225 et
3105 1187 3196 1226 nos
3235 1170 3535 1224 dimittimus
3573 1168 3770 1223 debito—

2177 1262 2317 1316 ribus
2371 1264 2560 1317 nostris
2620 1262 2837 1333 (Matth.
2878 1262 2932 1317 6.
2978 1262 3106 1332 I2),
3159 1262 3205 1317 si
3242 1277 3273 1317 a
3311 1260 3555 1316 debitore
3589 1270 3774 1316 vestro

2177 1369 2361 1424 pmnas
2401 1355 2661 1425 exigatis?
2692 1354 2905 1425 lnjuriis
2944 1369 3041 1409 vos
3069 1353 3205 1409 forte
3248 1353 3457 1423 magnis
3498 1350 3678 1408 affecit
3708 1366 3774 1408 ac

2177 1448 2559 1504 contumeliis?
2602 1448 2681 1504 Ne
2726 1463 2827 1504 nos
2868 1447 3085 1519 quidem
3126 1446 3266 1502 istud
3310 1446 3515 1501 inficias
3554 1446 3770 1501 ibimus.

2176 1543 2280 1598 Sed
2313 1558 2417 1597 non
2452 1543 2733 1597 tribunalis
2760 1551 2844 1599 est
2880 1555 3119 1612 praesens
3158 1549 3400 1611 tempus,
3429 1539 3525 1595 sed
3557 1539 3770 1595 miseri-

2177 1634 2376 1691 cordia:
2416 1635 2593 1706 potius
2625 1652 2639 1691 :
2671 1649 2777 1690 non
2806 1634 3249 1707 repetundarum,
3278 1633 3374 1689 sed
3421 1632 3724 1689 clementia:
3754 1649 3771 1687 :

2179 1742 2282 1782 non
2319 1728 2604 1794 examinis,
2642 1726 2738 1782 sed
2776 1726 3189 1782 condonatienis
3220 1742 3236 1786 :
3263 1740 3370 1781 non
3397 1724 3773 1795 suffragiorum

2178 1836 2240 1875 ac
2268 1821 2594 1875 calculorum
2614 1861 2629 1885 ,
2662 1819 2757 1875 sed
2788 1819 3150 1874 miserationis
3188 1832 3253 1873 ac
3277 1818 3485 1888 gratiae.
3508 1816 3587 1871 Ne
3614 1816 3776 1885 igitur

2176 1913 2297 1983 quis
2319 1923 2551 1968 vestrum
2583 1910 2928 1976 accendatur,
2956 1925 3093 1966 neve
3116 1924 3260 1980 aegre
3284 1907 3438 1975 ferat,
3472 1907 3566 1963 sed
3598 1906 3774 1975 potius

2178 2008 2516 2062 mitissimum
2545 2007 2717 2062 Deum
2758 2004 3144 2075 deprecemur,
3176 2014 3236 2062 ut
3260 2017 3356 2057 reo
3394 2002 3558 2055 vitam
3585 2016 3775 2070 proro-

2176 2109 2285 2169 get,
2318 2114 2549 2170 eumque
2577 2115 2645 2154 ex
2675 2096 3017 2167 impendente
3043 2094 3189 2150 caede
3221 2094 3433 2165 eripiat,
3462 2102 3519 2148 ut
3549 2092 3662 2162 ipse
3684 2107 3775 2145 er-

2178 2203 2291 2247 rata
2334 2208 2427 2245 sua
2459 2190 2694 2261 corrigat
2723 2207 2739 2243 :
2770 2197 2825 2244 et
2862 2186 3136 2243 communi
3163 2200 3329 2255 opera
3374 2184 3777 2254 interpellemns

2177 2284 2663 2341 clementissimum
2696 2283 3077 2353 Imperatorem
3112 2295 3207 2349 pro
3236 2279 3475 2333 Ecclesia
3497 2286 3553 2332 et
3580 2277 3773 2339 altari,

2180 2392 2343 2432 unum
2395 2376 2667 2431 hominem
2715 2384 3072 2430 sacrosancta:
3121 2386 3322 2427 mensae
3367 2369 3561 2426 donari
3615 2370 3776 2425 obse-

2179 2478 2413 2524 crantes.
2440 2466 2592 2535 Quod
2622 2466 2668 2521 si
2698 2465 3005 2529 fecerimus,
3036 2473 3090 2519 et
3122 2461 3436 2533 Imperatori
3462 2468 3668 2532 gratum
3698 2460 3777 2514 fa-

2179 2562 2406 2626 ciemus,
2436 2570 2491 2615 et
2538 2559 2685 2614 Deus
2712 2557 2860 2629 prius
2884 2572 3043 2628 quam
3093 2557 3389 2626 Imperator
3433 2554 3630 2608 factum
3676 2567 3775 2609 no-

2178 2667 2347 2709 strum
2376 2650 2715 2723 approbabit,
2750 2664 3103 2721 magnamque
3133 2648 3287 2704 nobis
3325 2647 3483 2718 hujus
3524 2645 3775 2705 humani-

2181 2747 2304 2802 tatis
2349 2743 2654 2801 mercedem
2696 2742 2975 2799 retribuet.
3018 2741 3169 2798 Sicut
3210 2741 3354 2796 enim
3405 2740 3676 2795 crudelem
3720 2748 3776 2795 et

2179 2839 2529 2892 inhumanum
2564 2845 2845 2893 aversatur
2873 2843 2925 2891 et
2963 2833 3078 2889 odit
3109 2851 3123 2887 :
3156 2834 3228 2887 ita
3274 2830 3678 2887 misericordem
3719 2839 3776 2887 et

2180 2930 2470 2984 humanum
2512 2928 2855 2999 amplectitur
2895 2937 2950 2983 et
2994 2935 3180 2981 amat:
3226 2926 3407 2997 eique,
3447 2926 3562 2981 sive
3595 2924 3775 2994 justus

2178 3023 2268 3084 sit,
2316 3020 2709 3091 splendidiores
2766 3019 2949 3090 plectit
2996 3034 3264 3079 coronas;
3318 3018 3433 3072 sive
3486 3025 3772 3087 peccator,

2181 3124 2396 3183 peccata
2439 3114 2556 3183 ejus
2601 3111 2922 3179 dissimulat,
2967 3110 3451 3165 commiserationis
3484 3123 3610 3179 erga
3637 3123 3774 3162 con-

2177 3221 2392 3261 servum
2425 3206 2677 3259 talionem
2708 3204 2781 3258 illi
2812 3203 3114 3258 retribuens
3141 3218 3158 3258 :
3189 3201 3599 3255 Miscricordiam
3625 3202 3772 3267 volo,

2179 3300 2372 3370 inquit,
2424 3310 2471 3352 et
2509 3316 2611 3352 non
2654 3298 2965 3367 sacriﬁcium
3011 3294 3165 3367 (Osee
3217 3295 3269 3350 6.
3315 3295 3411 3361 6);
3439 3303 3494 3348 et
3521 3308 3619 3365 per
3648 3293 3769 3347 uni-

2181 3407 2390 3447 versam
2421 3391 2752 3463 Scripturam
2780 3390 2930 3445 vides
2957 3404 3079 3444 eum
3102 3403 3314 3457 semper
3342 3386 3444 3441 hoc
3471 3386 3772 3456 requirere,

2178 3496 2337 3555 atque
2356 3485 2494 3540 hanc
2511 3499 2631 3540 esse
2651 3485 2831 3539 dicere
2855 3491 3197 3553 peccatorum
3224 3479 3512 3534 medelam.
3538 3476 3777 3533 Proinde

2181 3594 2277 3632 nos
2320 3592 2533 3648 quoque
2570 3578 2639 3633 ad
2681 3577 2824 3631 hunc
2870 3576 3086 3631 modum
3126 3574 3275 3629 illum
3318 3573 3607 3644 propitium
3648 3571 3775 3627 red-

2177 3670 2389 3736 demus,
2419 3670 2497 3725 sic
2525 3677 2742 3740 peccata
2764 3677 2951 3727 nostra
2982 3666 3329 3730 redimemus,
3364 3666 3442 3721 sie
3471 3665 3772 3721 Ecelesiam

2179 3762 2530 3830 ornabimus,
2580 3763 2659 3816 sic
2711 3770 2766 3816 et
2814 3762 3114 3830 Imperator
3171 3758 3657 3821 clcmetttis~imus,
3714 3767 3773 3813 nt

2177 3857 2311 3920 dixi,
2342 3870 2443 3909 nos
2487 3854 2761 3910 laudabit:
2790 3855 2860 3908 ita
2890 3854 2980 3907 lict
3009 3862 3067 3907 ut
3109 3852 3390 3906 universus
3420 3852 3646 3922 populus
3674 3867 3772 3905 no-

2178 3948 2260 4002 bis
2287 3946 2597 4016 applaudat,
2628 3956 2682 4001 et
2731 3960 2899 4015 usque
2925 3944 2990 3998 ad
3038 3946 3172 3999 lines
3206 3945 3351 3999 orbis
3396 3954 3553 3999 terrae
3583 3942 3770 3996 huma-

2180 4042 2360 4096 nitatis
2389 4050 2445 4096 et
2472 4042 2773 4097 clementiae
2804 4049 3001 4094 nostra:
3032 4038 3169 4095 fama
3209 4038 3544 4104 celebretur,
3573 4047 3628 4091 et
3668 4036 3771 4093 hoc

2177 4148 2452 4206 comperto
2476 4135 2669 4204 ubique
2696 4144 2957 4189 terrarum
2980 4132 3139 4187 laude
3165 4131 3481 4187 afﬁciamur.
3516 4130 3585 4187 Ut
3612 4131 3769 4201 igitur

2178 4232 2370 4285 talibus
2399 4230 2555 4285 bonis
2582 4228 2681 4282 frui
2719 4228 3025 4297 contingat,
3063 4226 3403 4297 procidamus
3446 4226 3511 4279 ad
3552 4241 3721 4296 genua
3750 4266 3767 4291 ,

2175 4323 2543 4387 obtestemur,
2617 4320 2969 4389 deprecemur
3037 4336 3049 4372 :
3100 4320 3393 4388 eripiamus
3438 4334 3469 4372 e
3514 4318 3769 4387 periculis

2175 4425 2465 4485 captivum,
2517 4412 2820 4483 profugum,
2875 4412 3194 4482 supplicem,
3234 4427 3291 4465 ut
3333 4420 3389 4466 et
3433 4411 3530 4481 ipsi
3587 4408 3764 4465 futura

2174 4511 2312 4562 bona
2362 4521 2792 4576 consequamur,
2851 4507 3018 4577 gratia
3073 4516 3129 4561 et
3177 4506 3505 4577 benignitate
3556 4506 3764 4560 Domini

2178 4599 2345 4654 nostri
2372 4597 2502 4654 .lcsu
2545 4598 2765 4664 Christi,
2810 4599 2892 4653 cui
2932 4598 3098 4667 gloria
3141 4609 3195 4653 et
3221 4598 3505 4669 imperium
3549 4614 3688 4654 nunc
3711 4608 3767 4655 et

2176 4707 2387 4762 semper
2418 4704 2471 4750 et
2502 4694 2553 4747 in
2581 4693 2773 4747 sazcula
2800 4692 3139 4747 saeculorum.
3172 4696 3363 4748 Amen.

1530 4891 3764 4916 W

1898 4986 2369 5062 HOMILIA

472 5165 602 5207 (illi!
633 5162 839 5207 ειη-Μ
874 5160 1215 5207 ECCLESIAM
1249 5164 1694 5207 DEPREHENSIIS
1743 5159 2091 5205 EUTROPIUS
2124 5156 2447 5202 ABREPTUS
2475 5157 2646 5201 FUIT.
2681 5158 2763 5199 DE
2794 5158 3101 5203 PARADISO
3130 5158 3245 5201 SEU
3284 5157 3521 5209 HORTO,
3561 5156 3641 5198 ΕΤ
3686 5157 3765 5200 ΒΕ

613 5264 1022 5321 scmrrunts;
1070 5265 1277 5318 ATQUE
1324 5265 1386 5308 IN
1432 5266 1644 5318 ILLUD,
1694 5262 1987 5307 snsrmr
2031 5259 2266 5302 ItEGlNA
2311 5260 2349 5300 Α
2395 5258 2669 5302 DEXTRIS
2713 5260 2856 5304 TUIS
2906 5243 2923 5321 (
2960 5242 3131 5303 Psal.
3179 5241 3279 5301 Ιώ.
3315 5243 3435 5321 10)
3484 5241 3597 5325 (η).

545 5528 596 5581 1.
636 5527 885 5584 Lectionis
931 5528 1317 5598 Scripturan
1355 5530 1575 5583 utilitas.
1608 5561 1676 5569 —
1712 5532 1889 5584 Suave
1938 5543 2058 5598 pra-

476 5626 610 5683 tttm,
646 5622 824 5675 suavis
869 5630 951 5675 est
982 5623 1190 5684 hortus,
1220 5629 1274 5673 at
1313 5620 1468 5690 longe
1498 5623 1711 5677 suavior
1760 5623 2055 5679 divinarum

536 5732 609 5793 (α)
630 5732 812 5803 polluta
839 5748 946 5803 cum
968 5740 1076 5803 tiss.
1104 5741 1221 5803 Reg.
1273 5734 1407 5796 1955,
1436 5734 1567 5799 1083,
1600 5737 1735 5803 MSS,
1759 5739 1898 5790 ἓῧὶῦ.
1930 5741 2053 5791 titu~

484 5798 586 5849 lum
611 5800 781 5851 damus
809 5811 835 5848 e
863 5796 1014 5849 Savil.
1044 5806 1095 5847 et
1123 5799 1233 5851 Mss.

2170 5520 2567 5590 Scripturarum
2593 5520 2770 5574 lectio.
2804 5520 2911 5573 Illic
2931 5523 3128 5591 quippe
3158 5536 3553 5579 marcescentes
3581 5528 3754 5595 ﬂores,

2174 5614 2260 5668 ltic
2286 5613 2568 5668 sententia:
2594 5613 2785 5667 vivida:
2826 5631 2838 5666 :
2867 5614 2978 5668 illic
3007 5614 3270 5686 zephyros
3299 5619 3488 5687 spirat,
3522 5619 3605 5673 hic
3633 5639 3760 5676 anr.t

2169 5707 2442 5777 Spiritus:
2490 5706 2599 5761 illic
2647 5706 2817 5776 spina:
2867 5709 3111 5777 sepiunt,
3163 5709 3248 5765 hic
3283 5713 3615 5780 providentia
3670 5716 3763 5771 Dei

2165 5809 2362 5856 tutatur
2397 5815 2409 5855 :
2444 5800 2550 5855 illic
2582 5800 2778 5855 ClC‘ddtC
2818 5802 3104 5871 cantitant,
3140 5802 3222 5859 hic
3262 5807 3537 5877 propltette
3569 5808 3760 5863 motiu-
