4046 6428
289 439 474 513 μένον,
504 437 600 491 καὶ
627 435 844 506 λαγωοῦ
873 438 966 491 καὶ
1004 435 1280 508 βατράχου
1310 434 1613 504 δειλότερον
1658 447 1890 501 γεγενη-

292 528 475 601 μένον,
510 525 605 581 καὶ
634 525 803 597 χωρὶς
852 524 1070 596 δεσμῶν
1094 524 1175 596 τῷ
1223 523 1364 578 κίονι
1387 520 1566 593 τούτῳ
1597 518 1890 593 προσηλω-

294 618 480 690 μένον,
513 616 611 670 καὶ
640 614 763 669 ἀντὶ
784 612 1033 679 ἁλύσεως
1056 614 1134 686 τῷ
1173 612 1328 683 φόϐῳ
1357 609 1889 683 περισφιγγόμενον,

291 708 387 763 καὶ
424 705 725 769 δεδοικότα,
754 704 851 758 καὶ
879 704 1178 777 τρέμοντα,
1222 701 1584 758 καταστέλλει
1632 697 1735 772 τὴν
1764 696 1895 768 φλε-

292 794 523 868 γμονὴν.
542 792 803 865 καθαιρεῖ
819 791 881 867 τὸ
903 791 1160 864 φύσημα,
1191 791 1287 845 καὶ⁵
1318 788 1691 861 φιλοσοφήσας
1730 785 1767 841 ἃ
1784 782 1893 856 χρὴ

295 882 423 953 περὶ
449 879 560 934 τῶν
590 878 952 951 ἀνθρωπίνων
980 878 1316 950 φιλοσοφεῖν,
1361 876 1539 952 οὕτως
1579 874 1823 936 ἄπεισιν,
1856 870 1894 926 ἃ,

291 969 383 1023 διά
418 969 687 1042 ῥημάτων
738 968 991 1039 λέγουσιν
1034 970 1091 1022 αἱ
1151 967 1393 1039 Γραφαὶ,
1442 956 1621 1019 ταῦτα
1654 962 1745 1029 διὰ
1783 960 1894 1015 τῶν

296 1058 640 1128 πραγμάτων
669 1056 995 1130 μανθάνων·
1030 1056 1115 1110 ὅτι
1141 1052 1323 1110 Πᾶσα
1348 1051 1508 1122 σὰρξ
1543 1045 1896 1121 χόρτος-,καί

296 1142 470 1200 πᾶσα
514 1144 666 1211 δόξα
708 1143 1028 1215 ἀνθρώπου
1072 1143 1155 1210 ὡς
1200 1141 1386 1209 ἆνθος
1419 1140 1642 1211 χόρτου
1663 1155 1677 1169 ·
1723 1138 1823 1192 καί
1861 1139 1896 1192 ό

296 1231 516 1300 χόρτος
550 1230 880 1301 ἐξηράνθη,
918 1230 1019 1285 καί
1049 1229 1117 1285 τὸ
1146 1230 1333 1296 ἄνθος
1381 1227 1710 1294 ἐξέπεσεν·
1760 1216 1893 1289 οἷον,

306 1318 469 1374 Ὠσεί
497 1322 714 1389 χόρτος
744 1318 898 1390 ταχὺ
938 1316 1577 1388 ἀποξηρανθήσονται,
1617 1310 1719 1367 καὶ
1750 1311 1896 1367 ὡσεί

291 1405 537 1477 λάχανα
550 1408 740 1478 χλόης
756 1406 909 1479 ταχὺ
930 1405 1392 1462 ἀποπεσοῦπαιο
1407 1403 1487 1458 ὅτι
1499 1400 1899 1468 Ὧσείκαπνός

291 1502 350 1555 al
380 1496 590 1570 ἡμέραι
617 1498 826 1566 αὑτοῦ,
873 1496 969 1551 καὶ
1002 1496 1105 1549 ὅσα
1132 1490 1382 1548 τοιαῦτα.
1431 1490 1605 1546 Πάλιν
1650 1490 1679 1543 6
1721 1487 1898 1559 πένης

293 1580 580 1649 εἰσελθὼν,
606 1584 701 1638 καὶ
732 1585 871 1654 πρὸς
906 1579 1007 1657 τὴν
1027 1584 1152 1654 ὄψιν
1174 1581 1384 1654 ταύτην
1420 1581 1567 1645 ίδὼν,
1609 1581 1712 1634 οὐκ
1742 1577 1897 1645 ἐξευ-

292 1669 497 1736 τελίξει
528 1671 747 1737 ἐαυτὸν,
779 1672 902 1726 οὐδὲ
929 1672 1184 1727 δδυνᾶται
1203 1670 1292 1725 διά
1310 1671 1410 1742 την
1436 1668 1734 1741 πτωχείαν
1759 1666 1900 1722 ἀλλά

294 1759 391 1814 καὶ
439 1760 602 1833 χάριν
644 1755 753 1815 οἶδε
787 1762 855 1832 τῇ
889 1760 1073 1832 πενίᾳ,
1122 1761 1207 1815 ὅτι
1257 1759 1460 1831 χωρίον
1489 1757 1643 1829 αύτῷ
1673 1756 1900 1827 γέγονεν

293 1848 493 1903 ἄσυλον
523 1849 617 1902 καλ⁸
635 1848 801 1921 λιμὴν
825 1848 1163 1921 ἀκύμαντος,
1191 1846 1774 1919 καὶητεῖχοςάσφαλές·
1804 1846 1901 1918 καὶ

295 1936 557 2001 πολλάκις
585 1937 652 1992 ἂν
677 1937 853 1991 ἐλοιτο
873 1936 1048 1993 ταῦτα
1080 1937 1224 2010 δρῶν
1259 1939 1465 2009 μένειν,
1504 1934 1635 1989 ἔνθα
1667 1933 1837 1997 ἐστὶν,
1863 1934 1897 2005 ἡ

294 2026 435 2096 πρὸς
467 2025 641 2097 βραχὺ
674 2026 746 2080 τά
790 2026 1013 2081 πάντων
1060 2026 1267 2090 λαϐὼν,
1324 2024 1553 2097 ὕστερον
1609 2023 1705 2077 καὶ
1760 2022 1901 2094 ὑπὲρ

293 2112 528 2183 αἵματος
545 2113 878 2169 κινδυνεύειν
895 2113 1115 2168 ἐαυτοῦ.
1142 2114 1307 2185 Ὁρᾷς
1319 2112 1395 2176 ὼς
1410 2113 1471 2165 οὐ
1490 2111 1689 2184 μικρὸν
1709 2110 1902 2182 κέρδος

292 2199 488 2269 γέγονε
510 2201 605 2253 καὶ
640 2200 951 2268 πλουσίοιςς
979 2201 1075 2255 καὶ⁵
1099 2201 1321 2271 πένησι,
1365 2199 1460 2254 καὶ
1482 2201 1783 2265 ταπεινοῖς,
1806 2198 1902 2252 καὶ

294 2286 544 2358 ὑψηλοῖς,
575 2289 669 2342 καὶ¹
694 2288 924 2355 δούλοις,
964 2288 1056 2344 καὶ
1079 2288 1387 2360 ἐλευθέροις
1408 2287 1517 2341 ἀπὸ
1542 2288 1643 2357 τῆς
1665 2286 1902 2341 ἐνταῦθα

290 2375 487 2431 τούτου
509 2378 835 2450 καταφυγῆς
852 2394 865 2443 ;
883 2379 1015 2450 ὁρᾷς
1036 2377 1154 2441 πῶς
1171 2370 1405 2441 ἕκαστος
1423 2376 1697 2448 φάρμακα
1717 2374 1901 2430 λαϐὼν

293 2462 548 2517 ἐντεῦθεν
575 2464 818 2533 ἄπεισιν,
846 2466 956 2521 ἀπὸ
995 2467 1095 2535 τῆς
1130 2464 1308 2535 δψεως
1353 2465 1562 2537 ταύτης
1607 2464 1778 2536 μόνης
1813 2464 1903 2518 θε-

295 2554 707 2625 ραπευόμενος;
761 2552 914 2628 ΤΑρα
963 2556 1214 2626 ὲμάλαξα
1247 2556 1403 2627 ὑμῶν
1460 2556 1521 2610 τὸ
1560 2555 1755 2620 πάθος,
1805 2555 1901 2610 καὶ

292 2642 552 2708 ἐξέϐαλον
584 2646 789 2717 όργὴν;
823 2641 932 2718 ἄρα
979 2646 1182 2701 ἔσϐεσα
1207 2646 1305 2718 τὴν
1328 2646 1762 2719 ἀπανθρωπίαν;
1789 2643 1899 2719 ἆρα

293 2732 376 2795 είς
411 2732 760 2803 συμπάθειαν
809 2734 1057 2805 ἡγαγον;
1094 2734 1313 2806 Σφόδρα
1352 2734 1532 2804 ἔγωγε
1580 2731 1757 2805 οἴμαι,
1781 2729 1901 2789 ’καὶ

295 2819 446 2889 δηλοῖ
472 2821 542 2875 τά
571 2822 864 2893 πρόσωπα,
879 2822 975 2876 καὶ
995 2824 1052 2875 αί
1084 2822 1193 2876 τῶν
1224 2822 1478 2895 δακρύων
1512 2824 1707 2896 πηγαί.
1748 2822 1903 2876 Ἐπεὶ

293 2906 392 2964 οὖν
447 2910 577 2981 ὑμῖν
624 2912 658 2981 ἡ
719 2909 899 2982 πέτρα
947 2911 1141 2980 γέγονε
1197 2911 1509 2982 βαθύγειος,
1554 2915 1649 2966 καὶ
1694 2912 1901 2983 λιπαρὰ

294 2997 473 3071 χώρα,
504 2998 638 3069 φέρε
670 2998 734 3070 δὴ
767 2999 862 3052 καὶ
891 2999 1105 3071 καρπόν
1143 3000 1520 3071 ἐλεημοσύνης
1551 3001 1897 3072 βλαστήσαν-

294 3107 410 3156 τες,
441 3091 536 3145 καὶ⁸
578 3091 671 3144 τὸν
705 3090 909 3161 στάχυν
941 3091 1199 3161 κομῶντα
1240 3092 1340 3162 τῆς
1370 3092 1722 3162 συμπαθείας
1779 3094 1902 3145 ἐπι-

294 3179 626 3250 δειξάμενοι,
662 3181 1065 3252 προσπέσωμεν
1091 3179 1169 3252 τῷ
1204 3174 1439 3251 βασιλεῖ,
1468 3181 1672 3253 μᾶλλον
1710 3181 1767 3235 δὲ
1798 3200 1905 3235 πα·-

298 3269 694 3341 ρακαλέσωμεν
748 3270 839 3323 τὸν
892 3270 1281 3342 φιλάνθρωπον
1324 3272 1482 3339 Θεὸν,
1523 3270 1760 3344 μαλάξαι
1812 3272 1908 3326 τὸν

298 3357 471 3429 θυμὸν
508 3357 603 3411 τοῦ
639 3357 925 3429 βασιλέως,
958 3360 1051 3413 καὶ
1093 3359 1311 3433 ἁπαλὴν
1345 3360 1511 3416 αὑτοῦ
1540 3362 1768 3432 ποιῆσαι
1804 3362 1905 3431 τὴν

297 3444 549 3515 καρδίαν,
579 3444 722 3499 ὥστε
755 3446 1052 3519 ὁλόκληρον
1082 3449 1217 3520 ἡμῖν
1251 3448 1434 3504 δοῦναι
1453 3450 1552 3522 τὴν
1578 3452 1760 3521 χάριν.
1798 3450 1907 3502 Καὶ

297 3529 453 3604 [385]
484 3533 587 3603 ἤδη
621 3533 847 3605 μὲνγὰρ
870 3535 979 3589 ἀπὸ
1008 3536 1107 3606 τῆς
1137 3537 1356 3608 ἡμέρας
1390 3538 1628 3609 ἐκείνης,
1654 3533 1725 3611 ἦς
1752 3526 1907 3602 οὗτος

296 3620 606 3691 κατέφυγεν
649 3621 907 3686 ἐνταῦθα,
944 3623 1005 3676 ού
1050 3624 1222 3697 μικρά
1255 3626 1480 3695 γέγονεν
1512 3629 1544 3698 ἡ
1590 3626 1863 3700 μεταϐολὴ

294 3708 488 3779 ἐπειδὴ
520 3708 631 3781 γὰρ
671 3711 699 3762 6
738 3708 996 3779 βασιλεὺς
1027 3712 1190 3781 ἔγνω,
1228 3714 1310 3767 ὃτι
1342 3717 1423 3778 είς
1439 3714 1500 3768 τὸ
1527 3714 1728 3769 ἄσυλον
1747 3714 1908 3769 τοῦτο

296 3798 499 3869 χωρίον
542 3798 876 3869 κατέδραμε,
917 3798 1011 3853 τοῦ
1060 3802 1431 3873 στρατοπέδου
1482 3804 1778 3877 παρόντος,
1812 3805 1907 3858 καί

295 3884 742 3955 παροξυνομένου
784 3887 927 3956 ὑπὲρ
971 3887 1083 3940 τῶν
1118 3889 1269 3961 αύτῷ
1319 3891 1904 3963 πεπλημμελημένων,

296 3974 394 4027 καὶ
440 3976 522 4036 εἰς
562 3976 781 4047 σφαγὴν
813 3976 979 4031 αὑτὸν
1021 3978 1339 4044 αἰτούντων,
1389 3980 1602 4053 μακρὸν
1648 3982 1906 4035 ἀπέτεινε

294 4061 476 4131 λόγον,
519 4063 611 4115 τὸν
645 4066 1041 4134 στρατιωτικὸν
1084 4068 1468 4123 καταστέλλων
1506 4070 1699 4141 θυμὸν.
1738 4070 1907 4138 ἀξιῶν

299 4150 377 4221 μὴ
419 4150 487 4203 τά
516 4151 899 4223 ἁμαρτήματα
934 4155 1115 4223 μόνον,
1142 4156 1281 4209 ἀλλὰ
1309 4158 1408 4211 καὶ
1448 4159 1501 4212 εί
1532 4178 1583 4211 τι
1622 4159 1775 4231 αὑτῷ
1811 4160 1908 4229 γέ-

295 4255 421 4307 γονε
460 4239 821 4312 κατόρθωμα,
852 4241 950 4295 καὶ
980 4243 1139 4296 τοῦτο
1164 4244 1501 4313 λογίζεσθαι,
1538 4249 1769 4312 καὶτοῖς
1807 4248 1907 4319 μὲν

296 4326 498 4381 εἰδέναι
528 4327 691 4398 χάριν
716 4328 1020 4399 ὁμολογῶν,
1052 4331 1195 4405 ὑπὲρ
1226 4332 1284 4387 δὲ
1310 4334 1419 4387 τῶν
1442 4335 1644 4407 ἐτέρως
1671 4337 1907 4407 ἐχόντων

297 4416 374 4480 ώς
403 4416 681 4489 ἀνθρώπῳ
717 4419 1134 4488 συγγινώσκων.
1179 4424 1268 4486 Ὠς
1306 4423 1349 4476 δ’
1410 4425 1695 4479 ἐπέκειντο
1744 4426 1908 4481 πάλιν

298 4506 379 4568 είς
418 4504 662 4560 ἐκδικίαν
703 4508 796 4561 τοῦ
831 4508 1163 4581 ὑϐρισμένου
1189 4512 1476 4583 βασιλέως,
1514 4513 1768 4585 βοῶντες,
1801 4534 1896 4587 πη-

295 4591 519 4659 δῶντες,
552 4593 783 4649 θανάτου
843 4598 1213 4668 μεμνημένοι,
1251 4601 1345 4653 καὶ
1380 4600 1450 4653 τὰ
1490 4600 1691 4669 δόρατα
1733 4602 1906 4655 σείον-

298 4696 411 4745 τες,
445 4680 629 4751 πηγάς
658 4682 846 4738 λοιπὸν
871 4685 1033 4755 ἀφεὶς
1060 4686 1313 4758 δακρύων
1336 4688 1445 4742 ἀπὸ
1471 4689 1581 4744 τῶν
1612 4691 1907 4762 ἡμερωτά-

299 4784 408 4820 των
451 4768 772 4841 ὀφθαλμῶν,
807 4773 903 4825 καὶ
936 4774 1258 4847 ἀναμνήσας
1286 4777 1387 4847 τῆς
1427 4780 1577 4849 ἱερᾶς
1604 4779 1905 4852 τραπέζης,

300 4856 381 4920 εἰς
413 4856 481 4926 ἢν
508 4858 843 4928 κατέφυγεν,
876 4860 1022 4915 οὓτω
1048 4862 1147 4934 τὴν
1179 4865 1351 4936 ὀργὴν
1384 4866 1725 4920 κατέπαυσε.

825 320 1116 378 IIOMILIA
1154 320 1245 376 DE
1283 317 1517 374 CAPTO
1553 311 1918 373 EUTHOPIO
1958 310 2050 366 ΕΤ
2086 312 2180 367 DE
2220 313 2644 373 DIVITIARUM
2686 314 3065 373 VANITATE.

3499 316 3607 373 390

2064 437 2127 484 ε’.
2158 432 2306 504 Πλὴν
2325 433 2462 488 ἀλλά
2479 433 2579 487 καὶ
2596 436 2759 505 ἡμεῖς
2775 435 2848 487 τά
2864 432 2996 505 παρ’
3015 429 3225 487 ἑαυτῶν
3251 429 3602 503 προσθῶμεν.

1996 516 2155 583 Τίνος
2178 520 2288 593 γὰρ
2315 518 2384 575 άν
2403 516 2505 594 ἦτε
2550 523 2888 593 συγγνώμης
2928 520 3094 587 ἄξιοι,
3132 520 3181 573 εί
3208 518 3303 573 τοῦ
3337 517 3609 590 βασιλέως

1994 606 2091 660 τοῦ
2116 606 2453 680 ὑϐρισμένου
2494 609 2570 682 μὴ
2606 607 3112 681 μνησικακοῦντος..
3139 608 3300 677 ὑμεῖς
3341 607 3393 659 οί
3437 606 3607 677 μηδὲν

1996 694 2238 751 τοιοῦτον
2262 696 2528 764 παθόντες
2558 699 2830 769 τοσαύτην
2848 698 3019 769 ὀργὴν
3040 694 3391 763 ἐπεδείξασθε
3407 706 3465 761 ⁸;
3490 694 3611 759 πῶς

1996 786 2055 840 δὲ
2095 784 2194 840 τοῦ
2235 785 2474 859 θεάτρου
2517 787 2711 841 τούτου
2757 786 3037 853 λυθέντος,
3083 786 3245 857 ὑμεῖς
3289 783 3608 856 μυστηρίων

2001 873 2227 944 ἃψεσθε,
2259 876 2356 929 καὶ
2384 875 2488 947 τὴν
2512 875 2679 948 εὐχὴν
2703 876 2879 948 ἐρεῖτε
2919 874 3160 944 ἐκείνην,
3194 873 3264 927 δι’
3294 867 3363 944 ἦς
3389 871 3610 926 κελευό-

2002 960 2147 1033 μεθα
2181 954 2397 1032 λέγειν·
2432 965 2612 1033 Ἄφες
2660 962 2804 1033 ἡμῖν
2851 960 3050 1028 καθὼς
3078 960 3178 1015 καί
3235 958 3410 1029 ἡμεῖς
3441 957 3613 1029 ἀφίε-

1992 1068 2111 1122 μεν
2124 1051 2249 1119 τοῖς
2269 1052 2609 1121 ὀφειλέταις
2630 1049 2824 1121 ἡμῶν,
2846 1050 2941 1103 τὸν
2958 1049 2988 1102 ύ
2998 1048 3115 1120 μῶν
3137 1048 3425 1117 ὀφειλέτην
3437 1047 3611 1102 άπαι-

1995 1139 2216 1202 τοῦντες
2258 1138 2450 1209 δίκην;
2499 1137 2754 1210 Ἦδίκησε
2804 1136 3018 1210 μεγάλα
3048 1137 3145 1191 καὶ
3179 1135 3436 1208 ὖϐρισενς
3471 1132 3613 1189 Οὐδὲ

1999 1230 2160 1300 ἡμεῖς
2193 1228 2555 1300 ἀντεροῦμεν.
2591 1227 2734 1282 Ἀλλ’
2762 1229 2824 1282 ού
2854 1227 3211 1300 δικαστηρίου
3254 1225 3446 1299 καιρὸς
3490 1223 3609 1289 νῦν,

1998 1317 2114 1370 ἀλλ’
2145 1317 2366 1382 ἐλέους’
2407 1319 2508 1372 οὐκ
2553 1318 2809 1389 εὐθύνης,
2847 1317 2987 1373 ἀλλὰ
3031 1315 3483 1389 φιλανθρωπίαςο
3509 1313 3612 1368 οὐκ

1999 1405 2320 1471 ἐξετάσεως,
2347 1405 2487 1462 ἀλλά
2523 1409 2957 1480 συγχωρήσεως·
2993 1406 3056 1460 ού
3090 1405 3275 1478 ψήφου
3308 1403 3405 1458 καὶ⁵
3428 1402 3611 1473 δίκης,

1999 1495 2138 1549 ἀλλά
2176 1495 2398 1568 οἵκτρου
2436 1496 2531 1550 καὶ
2566 1498 2812 1568 χάριτος.
2855 1495 2951 1568 Μὴ
2994 1494 3176 1549 τοίνυν
3223 1490 3614 1565 φλεγμαινέτω

1999 1604 2105 1652 τις,
2144 1586 2282 1659 μηδὲ
2319 1588 2747 1659 δυσχεραινέτω,
2796 1586 2933 1641 ἀλλὰ
2968 1585 3170 1658 μᾶλλον
3200 1583 3486 1656 δεηθῶμεν
3515 1580 3614 1636 τοῦ

2010 1674 2396 1747 φιλανθρώπου
2437 1674 2595 1742 Θεοῦ,
2630 1675 2816 1729 δοῦναι
2856 1674 3008 1747 αύτῷ
3048 1671 3395 1746 προθεσμίαν
3438 1670 3613 1741 ζωῆς,

2007 1767 2103 1821 καὶ
2127 1766 2225 1837 τῆς
2248 1765 2655 1837 ἀπειλουμένης
2681 1765 2993 1837 ἐξαρπάσαι
3026 1765 3265 1835 σφαγῆς,
3294 1761 3436 1816 ὥστε
3453 1758 3618 1815 αύτδν

2005 1855 2471 1910 ἀποδύσασθαιτά
2499 1855 3039 1928 πεπλημμελημένα,
3066 1854 3160 1907 καὶ
3188 1854 3345 1923 κοινῇ
3380 1846 3617 1923 προσέλ-

2005 1945 2191 2016 θωμεν
2242 1943 2319 2016 τῷ
2356 1943 2728 2017 φιλανθρώπῳ
2778 1942 3011 2015 βασιλεῖ,
3046 1943 3191 2013 ὑπὲρ
3243 1941 3343 2011 τῆς
3386 1936 3619 2007 Ἐκκλη-

2007 2034 2150 2097 σίας,
2179 2033 2322 2106 ὑπὲρ
2359 2031 2453 2086 τοῦ
2489 2032 2904 2105 θυσιαστηρίου,
2928 2031 3025 2085 ἕνα
3051 2028 3223 2101 ἀνδρα
3251 2031 3319 2102 τῇ
3363 2024 3626 2099 τραπέζῃ

2003 2123 2071 2193 τῇ
2106 2122 2231 2194 ἱερᾷ
2274 2121 2607 2194 χαρισθῆναι
2642 2118 3114 2193 παρακαλοῦντες.
3146 2120 3245 2171 Ἂν
3269 2119 3430 2171 τοῦτο
3453 2115 3617 2186 ποιή-

2006 2226 2214 2280 σωμεν,
2242 2210 2338 2264 καὶ
2368 2208 2533 2274 αὐτὸς
2571 2211 2600 2262 6
2634 2207 2894 2279 βασιλεὺς
2925 2206 3276 2274 ἀποδέξεται,
3301 2204 3399 2259 καὶ
3429 2207 3458 2259 6
3483 2202 3617 2267 Θεὸς

2004 2298 2115 2369 πρὸ
2141 2296 2238 2351 τοῦ
2271 2296 2540 2369 βασιλέως
2565 2298 2939 2364 ἐπαινέσεται,
2963 2297 3059 2349 καὶ
3082 2294 3331 2366 μεγάλην
3353 2294 3486 2364 ἡμῖν
3514 2288 3619 2361 τῆς

2006 2384 2422 2458 φιλανθρωπίας
2466 2385 2740 2441 ἀποδώσει
2791 2384 2891 2457 τὴν
2928 2383 3191 2456 ἀμοιϐήν.
3246 2382 3461 2452 Ὥσπερ
3506 2378 3619 2451 γάρ

2003 2475 2096 2528 τὸν
2125 2475 2280 2546 ὠμὸν
2327 2474 2423 2529 καὶ⁸
2468 2474 2843 2547 ἀπάνθρωπον
2878 2474 3287 2545 ἀποστρέφεται
3318 2470 3412 2525 καὶ
3446 2471 3615 2541 μισεῖ,

2003 2561 2148 2617 οὕτω
2191 2564 2282 2617 τὸν
2314 2564 2585 2635 ἐλεήμονα
2621 2563 2715 2618 καὶ
2764 2562 3152 2635 φιλάνθρωπον
3198 2558 3482 2633 προσίεται
3524 2555 3621 2611 καὶ

2005 2652 2184 2722 φιλεῖ’
2218 2652 2321 2707 κᾶν
2356 2653 2455 2725 μὲν
2507 2653 2711 2717 δίκαιος
2738 2654 2766 2705 6
2795 2651 3041 2716 τοιοῦτος
3095 2646 3153 2725 ᾖ,
3202 2647 3620 2720 λαμπροτέρους

2004 2741 2155 2813 αύτῷ
2188 2740 2378 2796 πλέκει
2409 2743 2539 2805 τοὺς
2580 2742 2882 2812 στεφάνους
2904 2759 2917 2773 ο
2946 2741 3012 2795 ἂν
3051 2740 3109 2793 δὲ
3138 2737 3486 2810 ἁμαρτωλὸς,
3513 2752 3622 2789 πα-

2008 2831 2263 2902 ρατρέχει
2300 2831 2369 2885 τὰ
2407 2832 2810 2903 ἁμαρτήματα,
2841 2830 2943 2901 τῆς
3000 2830 3137 2901 πρὸς
3183 2828 3276 2881 τὸν
3327 2824 3626 2899 ὁμόδουλον

2011 2919 2358 2990 συμπαθείας
2385 2921 2625 2993 ἀμοιϐὴν
2642 2919 2792 2992 αύτῷ
2814 2920 3021 2991 ταύτην
3046 2917 3334 2981 ἀποδιδούς
3355 2959 3367 2972 .
3398 2918 3624 2970 Ἔλεον

2000 3012 2134 3079 γὰρ,
2161 3010 2319 3080 φησὶ,
2348 3008 2525 3074 θέλω,
2557 3009 2659 3064 καί
2680 3012 2753 3065 οὐ
2781 3010 3010 3064 θυσίαν
3037 3026 3051 3040 ο
3083 3009 3179 3063 καὶ
3212 3005 3492 3078 πανταχοῦ
3512 3004 3622 3058 τῶν

2002 3099 2238 3171 Γραφῶν
2270 3100 2407 3172 δρᾷς
2445 3099 2612 3155 αὑτὸν
2638 3100 2799 3155 τοῦτο
2827 3101 2914 3154 ἀεὶ
2948 3098 3338 3170 ἐπιζητοῦντα,
3377 3099 3472 3152 καὶ
3491 3095 3626 3150 ταύ-

2001 3205 2101 3260 την
2134 3186 2289 3241 λύσιν
2334 3188 2445 3242 τῶν
2499 3189 2925 3262 ἁμαρτημάτων
2974 3184 3117 3244 εἶναι
3173 3188 3422 3257 λέγοντα.
3466 3184 3631 3240 Οῦτω

2000 3276 2183 3331 τοίνυν
2216 3276 2381 3333 αὑτὸν
2410 3279 2506 3331 καὶ
2536 3280 2701 3351 ἡμεῖς
2728 3278 2889 3333 ἵλεων
2918 3278 3271 3350 ἐργασόμεθα
3297 3278 3345 3343 ι),
3387 3275 3531 3330 οὕτω
3555 3272 3626 3328 τὰ

2006 3364 2256 3437 ἡμέτερα
2289 3365 2622 3438 διαλύσομεν
2657 3366 3137 3438 πλημμελήματα,
3191 3366 3336 3420 οὕτω
3367 3366 3466 3437 τὴν
3510 3364 3626 3418 Ἐκ-

2011 3453 2241 3524 κλησίαν
2278 3457 2655 3527 κοσμήσομεν,
2693 3454 2839 3510 οὕτω
2872 3457 2967 3511 καὶ
2999 3456 3255 3527 βασιλεὺς
3282 3458 3431 3528 ἡμᾶς
3477 3458 3505 3509 6
3536 3473 3626 3524 φι-

2010 3542 2331 3614 λάνθρωπος
2362 3545 2739 3611 ἐπαινέσεται,
2773 3545 3031 3615 καθάπερ
3057 3546 3231 3617 ἔφθην
3285 3544 3478 3609 εἰπὼν,
3526 3545 3626 3598 καὶ

2012 3633 2160 3696 ἄπας
2194 3635 2222 3685 ὁ
2251 3631 2423 3704 δῆμος
2448 3635 2730 3705 κροτήσει,
2750 3633 2844 3687 καὶ
2873 3633 2942 3687 τά
2972 3634 3187 3706 πέρατα
3219 3632 3320 3703 τῆς
3365 3632 3626 3702 οἰκουμέ-

2010 3736 2108 3789 νης
2137 3718 2197 3771 τὸ
2224 3718 2610 3790 φιλάνθρωπον
2644 3719 2739 3773 καὶ
2769 3720 2978 3792 ἥμερον
3033 3720 3133 3789 τῆς
3169 3718 3381 3782 πόλεως
3410 3718 3625 3789 θαυμά-

2012 3824 2185 3874 σεται,
2218 3808 2314 3861 καὶ
2346 3808 2613 3879 μαθόντες
2657 3810 2708 3861 οί
2761 3808 3040 3879 πανταχοῦ
3081 3810 3182 3878 τῆς
3222 3806 3373 3880 [586]
3414 3806 3521 3877 γῆς
3555 3806 3625 3859 τά

2009 3898 2278 3967 γενόμενα
2305 3897 2637 3969 κηρύξουσιν
2693 3898 2859 3969 ἡμᾶς.
2910 3900 3026 3951 Ἵνα
3079 3893 3174 3951 οὖν
3222 3895 3628 3968 ἀπολαύσωμεν

2009 3987 2120 4040 τῶν
2149 3987 2425 4040 τοσούτων
2451 3987 2701 4056 ἀγαθῶν,
2745 3987 3176 4060 προσπέσωμεν,
3219 3986 3626 4059 παρακαλέσω»

2014 4093 2135 4148 μεν,
2166 4074 2471 4147 δεηθῶμεν,
2514 4071 2922 4147 ἐξαρπάσωμεν
2958 4075 3053 4128 τοῦ
3094 4073 3345 4129 κινδύνου
3376 4074 3469 4127 τὸν
3503 4074 3626 4145 αίχ-

2014 4166 2287 4237 μάλωτον,
2313 4168 2405 4219 τὸν
2437 4166 2676 4235 φυγάδα,
2709 4166 2799 4219 τὸν
2833 4167 3037 4236 ἱκέτην,
3076 4167 3163 4219 ἵνα
3201 4165 3295 4219 καὶ
3321 4166 3479 4219 αὐτοὶ
3514 4163 3629 4217 τῶν

2014 4253 2321 4325 μελλόντων
2357 4255 2581 4324 ἀγαθῶν
2639 4255 3014 4327 ὲπιτύχωμεν,
3060 4258 3245 4327 χάριτι
3287 4256 3381 4307 καὶ
3432 4254 3626 4323 φιλαν-

2012 4342 2232 4415 θρωπίᾳ
2285 4342 2381 4396 τοῦ
2403 4344 2613 4414 Κυρίου
2643 4344 2802 4417 ἡμῶν
2835 4346 3010 4417 Ἰησοῦ
3054 4344 3316 4417 Χριστοῦ,
3345 4338 3390 4411 ᾧ
3426 4347 3459 4415 ἡ
3497 4343 3627 4410 δόξα

2011 4432 2107 4485 καὶ
2158 4432 2220 4485 τὸ
2265 4434 2486 4503 κράτος,
2513 4433 2611 4487 νῦν
2638 4435 2736 4488 καὶ
2768 4435 2878 4500 ἀεὶ,
2910 4438 3004 4488 καὶ
3034 4436 3110 4498 εἰς
3146 4438 3271 4498 τοὺς
3299 4434 3501 4497 αίῶνας
3516 4432 3628 4487 τῶν

2011 4520 2245 4578 αἰώνων.
2297 4523 2353 4575 Ἀ
2363 4523 2490 4594 μήν.

2082 4752 2107 4778 ⁸
2131 4750 2213 4799 Sic
2239 4749 2393 4799 Savil.
2416 4748 2615 4798 Solmce
2644 4749 2819 4799 Morel.
2849 4755 2900 4798 et
2943 4746 3111 4797 Montf.
3140 4748 3448 4805 ἐπιδείξησθε.
3491 4746 3627 4795 Enn.

2081 4813 2108 4853 ι)
2143 4812 2231 4861 Ms.
2275 4813 2406 4875 Reg,
2452 4814 2821 4875 έργασώμεθα...
2867 4812 3231 4875 διαλύσωμεν...
3280 4811 3625 4873 κοσμήσωμεν.

2018 4876 2193 4925 Morel.
2220 4882 2274 4924 et
2295 4873 2448 4925 Sa’Vil.
2480 4873 2874 4937 ’ἐργασόμεθα....
2914 4873 3265 4937 διαλύσομεν...
3292 4875 3624 4937 κοσμήσομεν.

1800 5235 2204 5323 ΟΜΙΛΙΑ

303 5360 443 5417 Ὀτε
474 5359 576 5430 τῆς
612 5363 953 5433 ἐκκλησίας
986 5364 1102 5431 ἔξω
1125 5370 1777 5448 εὑρεθείςὴΕὺτ-ρόπιος
1807 5374 2201 5441 ἀπεσπάσθη,
2255 5379 2352 5430 καὶ
2387 5379 2519 5448 περ)
2551 5377 2927 5446 παραδείσου
2961 5376 3062 5430 καὶ
3101 5379 3383 5446 Γραφῶιιε,
3414 5376 3513 5434 καί
3543 5381 3630 5448 εἷς

1194 5442 1285 5506 τὸ,
1330 5462 1347 5493 ι
1383 5444 1661 5515 Παρέστη
1696 5450 1732 5515 ἡ
1760 5447 2113 5511 ,ϐασίλισσα
2144 5449 2212 5503 ἑκ
2246 5442 2472 5514 δεξιῶν
2497 5442 2645 5502 σου]
2674 5468 2689 5497 ι

375 5632 442 5678 α’.
474 5626 671 5690 Ἠδὺςι1
696 5628 796 5698 μὲν
817 5628 1023 5699 λειμὼν
1046 5631 1140 5685 καὶ
1168 5635 1516 5705 παράδεισος,
1541 5644 1673 5695 πολὺ
1697 5644 1907 5714 δεήδύ-

303 5730 461 5785 τερον
484 5713 594 5768 τῶν
622 5716 781 5769 θείων
804 5718 1035 5788 Γραφῶν
1064 5723 1097 5789 ἡ
1133 5722 1459 5792 ἀνάγνωσις.
1500 5728 1647 5782 Ἐκεῖ
1671 5708 1770 5800 μὲν
1797 5708 1909 5809 ’γάρ

369 5819 394 5847 ⁸
420 5814 576 5867 Ξαγὶι.
602 5827 655 5871 ει
675 5833 801 5869 unus
826 5819 932 5871 cod.
958 5821 1065 5878 ἡδύ.
1094 5831 1111 5861 \
1129 5818 1502 5889 idelmnibujus
1516 5828 1783 5897 Practgb'c.
1804 5826 1823 5877 1
1842 5827 1878 5876 i.

2021 5654 2171 5705 ἐστιν
2212 5652 2347 5724 ἄνθη
2395 5653 2792 5725 μαραινόμενα,
2825 5652 3058 5706 ἐνταῦθα
3090 5653 3145 5706 δὲ
3174 5655 3421 5724 νοήματα
3460 5656 3632 5724 ἀκειό-

2024 5740 2213 5804 ζοντα·
2248 5744 2367 5794 ἐκεῖ
2401 5741 2637 5813 ζέφυρος
2692 5743 2886 5808 πνέων,
2931 5742 3165 5796 ἐνταῦθα
3209 5744 3264 5797 δὲ
3312 5745 3633 5815 Πνεύματςε

2025 5829 2169 5895 αὖρα
2190 5847 2201 5857 ⁸
2246 5832 2360 5884 ἐκεῖ
2388 5831 2622 5887 ἄκανθαι
2664 5833 2716 5885 αἱ
2754 5831 3112 5902 τειχίζονσαι,
3148 5832 3383 5887 ἐνταῦθα
3412 5833 3468 5887 δὲ
3499 5838 3632 5907 πρό-
