4046 6440
509 289 614 345 397

507 420 627 459 νοια
670 402 805 458 Θεοῦ
856 404 889 475 ή
938 402 1378 475 ἀσφαλιζομένηο
1408 404 1526 457 ἐκεῖ
1550 402 1793 472 τέττιγες
1839 399 2076 472 ᾅδοντες,

1223 284 1285 342 S.
1318 283 1605 342 JOANNIS
1637 278 2125 342 CHRYSOSTOMI
2167 280 2487 338 ARCHIEP.
2530 285 3084 343 CONSTANTINOP.

3660 290 3766 346 598

2187 396 2249 449 06
2279 399 2729 465 καταποντίζεται
2750 419 2763 431 ·
2825 401 3163 473 χειμάζεται,
3195 398 3331 454 ἀ).λά
3383 400 3637 468 ναυάγιον
3668 403 3767 473 οὐχ

507 488 742 545 ἐνταῦθα
788 488 844 543 δέ
892 488 1170 560 προφῆται
1197 488 1548 553 κελαδοῦντες
1568 506 1581 520 ·
1612 491 1731 543 ἐκεῖ
1757 487 1946 558 τέρψις
1973 485 2082 539 61:6
2186 481 2449 553 ὑπομένει
2468 498 2483 514 ο
2529 486 2769 551 παλαίει,
2801 485 2914 539 ἀλλ’
2938 488 3035 557 οὐχ
3056 486 3285 557 ἡττᾶται
3306 503 3319 516 ο
3344 485 3622 551 πυκτεύει,
3647 487 3764 539 ἀλλ’

503 574 605 645 τῆς
630 575 830 646 ὅψεως,
849 574 1082 629 ἐνταῦθα
1104 575 1159 629 δὲ
1187 576 1423 647 ὠφέλεια
1444 577 1553 631 61:6
1578 575 1678 647 τῆς
1698 573 2075 639 ἀναγνώσεως.

517 662 576 715 Ὀ
610 662 935 733 παράδεισος
966 663 1025 715 ἐν
1053 663 1134 716 ἐνὶ
1158 663 1360 734 χωρίῳ,
1399 664 1457 716 αι
1481 662 1539 716 δὲ
1565 661 1777 735 Γραφαὶ
1804 657 2077 729 πανταχοῦ

504 748 602 816 τῆς
629 749 951 819 οἰκουμένης
970 766 983 779 ο
1009 750 1039 801 6
1064 750 1389 821 παράδεισος
1412 749 1649 804 δουλεύει
1685 747 1895 819 καιρῶν
1912 747 2079 814 ἀνάγ-

503 853 650 903 καις,
681 838 736 891 αι
764 836 820 890 δέ
866 837 1079 907 Γραφαὶ
1114 839 1210 893 καὶ
1240 842 1298 893 ἐν
1323 840 1551 911 χειμῶνι
1579 839 1673 892 καὶ
1711 838 1769 889 ἐν
1810 836 1959 907 θέρει
1986 852 2076 889 κο-

506 922 649 994 μῶσι
677 926 789 986 τοῖς
832 924 1072 994 φύλλοις,
1103 925 1347 995 βρίθουσι
1371 929 1482 989 τοῖς
1505 927 1755 995 καρποῖς.
1790 923 2076 993 Προσέχω-

504 1025 604 1079 μεν
642 1010 820 1064 τοίνυν
860 1013 924 1081 τῇ
968 1011 1076 1065 τῶν
1106 1011 1337 1082 Γραφῶν
1376 1011 1676 1080 ἀναγνώσει
1698 1029 1711 1046 ο
1736 1011 1832 1066 ἐάν
1862 1010 1970 1081 γὰρ
2004 1013 2070 1082 τῇ

501 1096 688 1168 Γραφῇ
714 1099 1003 1171 προσέχῃς,
1038 1098 1287 1156 ἐκϐάλλει
1310 1116 1404 1154 σου
1433 1098 1532 1170 τὴν
1560 1097 1817 1169 ἀθυμίαν,
1850 1098 2081 1169 φυτεύει.

501 1201 595 1238 σου
623 1185 721 1255 τὴν
764 1184 973 1256 ἡδονὴν,
1014 1187 1225 1258 ἀναιρεί
1253 1188 1352 1259 τήν
1385 1187 1603 1252 κακίαν,
1632 1186 1781 1259 ῥιζοῖ
1810 1187 1910 1258 τὴν
1936 1186 2069 1259 ἀρε-

498 1270 617 1342 τήν,
651 1272 749 1326 ούκ
774 1272 997 1342 ἀφίησιν
1022 1275 1079 1327 ἐν
1112 1274 1325 1346 θορύόῳ
1349 1275 1689 1347 πραγμάτων
1713 1273 1780 1328 :6
1799 1273 1908 1339 τῶν
1937 1274 2069 1328 κλυ-

496 1357 863 1428 δωνιζομένων
895 1359 1142 1431 πάσχειν.
1186 1363 1252 1415 Ἦ
1292 1361 1538 1416 θάλασσα
1585 1362 1856 1434 μαίνεται,
1907 1362 1972 1415 σὺ
2009 1360 2068 1414 δὲ

497 1443 635 1512 μετά
666 1444 907 1516 γαλήνης
956 1446 1174 1511 πλέειςο
1224 1449 1367 1520 ἔχεις
1416 1449 1527 1519 γάρ
1571 1449 1909 1521 κυδερνήτην
1958 1448 2068 1502 τῶν

496 1530 724 1602 Γραφῶν
754 1534 852 1603 τὴν
904 1533 1236 1602 ἀνάγνωσιν·
1284 1536 1441 1590 τοῦτο
1487 1536 1598 1609 γὰρ
1639 1537 1701 1591 τὸ
1745 1536 1974 1609 σχοινίον
2004 1539 2065 1590 06

494 1617 846 1689 διαρρήγνυσι
875 1620 983 1673 τῶν
1021 1622 1361 1692 πραγμάτων
1399 1624 1437 1676 6
1467 1624 1792 1695 πειρασμός.
1828 1625 1937 1679 Καὶ
1982 1625 2064 1679 ὅτι

493 1707 553 1760 ού
585 1706 869 1779 ψεύδομαι,
895 1715 1164 1781 μαρτυρεῖ
1186 1712 1255 1765 τὰ
1284 1713 1583 1785 πράγματα
1606 1715 1762 1769 αύτά.
1791 1713 2067 1787 Ἐπολιορα

492 1792 690 1863 κήθηή
766 1794 1029 1866 ἐκκλησία
1058 1798 1164 1868 πρὸ
1201 1799 1398 1867 ὀλίγων
1437 1802 1688 1872 ἡμερῶν·
1727 1798 1858 1873 ἦλθε
1901 1819 2067 1873 στρα-

490 1876 730 1940 τόπεδον,
761 1882 854 1933 καὶ
888 1880 998 1952 πῦρ
1026 1884 1136 1937 ἀπὸ
1181 1886 1289 1939 τῶν
1321 1886 1617 1958 ὀφθαλμῶν
1648 1890 1822 1958 ἠφίει,
1846 1890 1940 1942 καὶ
1966 1889 2065 1961 τὴν

490 1964 671 2017 ἐλαίαν
698 1966 797 2020 ούκ
846 1968 1119 2039 ἐμάρανεο
1157 1969 1282 2043 ξίφη
1340 1973 1710 2044 γεγύμνωντο,
1764 1976 1858 2029 καὶ
1907 1977 2066 2047 τραύ-

489 2068 636 2125 ματα
663 2053 833 2118 οὐδεὶς
862 2057 1109 2124 ἐδέξατοο
1142 2061 1198 2113 αί
1245 2061 1520 2130 βασιλικαὶ
1554 2062 1717 2117 πύλαι
1746 2064 1803 2117 ἐν
1831 2055 2057 2137 ἀγωνίᾳ,

488 2141 639 2210 καὶή
707 2142 967 2214 ἐκκλησία
1011 2146 1067 2197 ἐν
1107 2146 1403 2219 ἀσφαλείᾳ·
1437 2150 1609 2204 καίτοι
1648 2167 1712 2219 γε
1754 2153 1783 2205 6
1829 2152 2062 2224 πόλεμος

488 2226 717 2281 ἐνταῦθα
738 2229 1017 2302 ἐρῤευσεν.
1060 2233 1318 2288 Ἐνταυθα
1343 2236 1451 2308 γάρ
1478 2238 1720 2307 ἐζητεῖτο
1758 2240 1787 2292 ό
1818 2256 2060 2309 καταφυ-

488 2314 621 2381 γὼν,
642 2318 733 2370 καὶ
758 2320 1141 2391 παριστάμεθα
1167 2322 1242 2392 μή
1277 2324 1571 2388 δεδοικότες
1589 2325 1679 2379 τὸν
1719 2328 1939 2381 ἐκείνων
1970 2328 2064 2381 θυ-

491 2403 610 2471 μόν.
646 2404 709 2457 Τί
742 2405 969 2476 δήποτε;
1014 2408 1247 2481 Εεχομεν
1299 2413 1551 2485 ἐνέχυρον
1581 2414 1819 2483 ἀσφαλὲς
1862 2416 1943 2480 τὸ,
1976 2418 2061 2471 Σὺ

487 2485 545 2544 εἷ
568 2492 809 2559 Πέτρος,
838 2494 939 2548 καί
983 2496 1081 2550 ἐπὶ
1123 2500 1307 2568 ταύτῃ
1348 2499 1423 2569 τῇ
1461 2502 1645 2569 πέτρᾳ
1689 2503 2063 2574 οἰκοδομήσω

485 2593 600 2631 αου
625 2576 738 2645 τὴν
765 2580 1151 2650 Ἐκκλησίαν·
1183 2586 1282 2640 καὶ
1309 2588 1492 2642 πύλαι
1522 2589 1668 2655 ᾅδου
1693 2592 1764 2645 οὐ
1787 2595 2064 2662 κατισχύ-

484 2678 711 2718 σουσιν
732 2666 939 2734 αὐτῆς.
982 2670 1303 2742 Ἐκκλησίαν
1330 2673 1385 2727 δέ
1406 2674 1567 2744 λέγω,
1594 2676 1653 2729 06
1687 2677 1851 2733 τόπον
1878 2681 2057 2749 μόνον,

486 2750 620 2837 ἀλλὰ
643 2752 737 2805 καὶ
764 2752 991 2824 τρόπον’
1027 2758 1087 2809 οὑ
1114 2757 1322 2829 τοίχους
1350 2761 1664 2833 ἐκκλησίας,
1699 2765 1833 2819 ἀλλά
1863 2766 2061 2837 νόμους

500 2836 844 2926 Ἐκκλησίας.
876 2841 1041 2896 Ὅταν
1057 2846 1402 2919 καταφεύγῃς
1427 2850 1485 2904 ἐν
1509 2851 1792 2923 ἐκκλησίᾳ,
1816 2852 1889 2925 μή
1910 2836 2062 2926 τόπῳ

488 2925 831 2999 καταφύγῃς,
866 2928 1000 2983 ἀλλά
1036 2931 1251 3005 γνώμῃ.
1289 2935 1585 3008 Ἐκκλησία
1621 2939 1731 3011 γάρ
1774 2940 1835 2993 06
1868 2944 2048 3012 τοῖχος

488 3012 582 3064 καὶ
614 3012 827 3084 ὄροφος,
865 3016 998 3071 ἀλλά
1022 3018 1202 3083 πίστις
1224 3023 1317 3075 καὶ
1340 3022 1473 3093 βίος.

557 3100 648 3187 Μὴ
697 3099 843 3170 λέγε,
875 3103 956 3158 ὅτι
1003 3108 1264 3181 προεδόθη
1313 3110 1421 3165 ἀπὸ
1457 3112 1782 3185 Ἐκκλησίας
1807 3116 1835 3168 6
1860 3116 2057 3187 1:9060»

487 3184 629 3274 θείς·
659 3188 707 3239 εί
738 3189 811 3259 μὴ
832 3190 1009 3261 ἀφῆκε
1043 3193 1142 3264 τὴν
1172 3195 1486 3267 ἐκκλησίαν,
1507 3199 1605 3253 ούκ
1637 3200 1703 3255 ἃν
1727 3184 2055 3274 προεδίδοτο.

486 3272 578 3343 Μή
606 3273 752 3363 λέγε,
787 3278 867 3330 ὅτι
897 3280 989 3333 καὶ
1019 3282 1292 3351 κατέφυγε
1321 3286 1413 3339 καὶ
1440 3288 1699 3361 προεδόθη
1721 3304 1734 3319 ⁸
1752 3272 1902 3363 ούχή
1935 3292 2058 3347 Ἐκ-

488 3362 683 3432 κλησία
712 3364 870 3417 αὑτὸν
900 3367 1130 3437 ἀφῆκεν,
1156 3368 1269 3423 ἀλλ’
1298 3372 1458 3437 αὐτὸς
1477 3376 1572 3445 τὴν
1595 3362 1900 3449 ἐκκλησίαν
1916 3380 2058 3451 ἀφῆ-

487 3465 601 3503 κεν.
633 3451 744 3504 Οὐκ
776 3451 983 3508 ἔνδοθεν
1007 3457 1298 3528 παρεδόθη,
1324 3459 1437 3513 ἀλλ’
1469 3460 1685 3527 ἔξωθεν.
1708 3465 1809 3517 Διά
1830 3465 1882 3519 τί
1909 3468 2059 3521 κατέ-

486 3535 650 3590 λιπει
674 3538 770 3610 τήν
801 3541 1121 3613 ἐκκ).ησίαν;
1167 3545 1418 3601 Ἐϐούλου
1472 3548 1769 3618 σώζεσθαις
1808 3554 2056 3624 Ὠφειλες

486 3626 736 3696 κατέχειν
763 3629 824 3681 :6
855 3629 1004 3703 [387]
1034 3632 1437 3707 θυσιαστήριον.
1472 3640 1586 3692 Οὐκ
1632 3636 1773 3712 ἦσαν
1824 3643 2057 3698 ἐνταῦθα

483 3715 837 3806 τοῖχοι,.ἀλλά
875 3718 1011 3773 Θεοῦ
1052 3724 1275 3793 πρόνοια
1315 3727 1347 3795 ή
1383 3726 1807 3801 ἀσφαλιζομένη.
1852 3732 2058 3806 Ἀμαρ-

484 3802 650 3865 τωλὸς
680 3798 779 3873 ἦςς
817 3807 931 3859 Οὐκ
974 3810 1365 3881 ἀποπέμπεταί
1409 3830 1470 3867 σε
1516 3818 1545 3868 6
1593 3798 1892 3881 9:6;‘661:
1919 3798 2058 3891 -ἦλθε

484 3889 594 3960 γάρ
643 3891 869 3947 καλέσαι
913 3895 1173 3962 δικαίους,
1204 3898 1338 3953 ἀλλά
1376 3903 1734 3972 ἁμαρτωλοὺς
1782 3908 1861 3972 είς
1892 3889 2059 3979 μετά·-

482 3995 648 4032 νοιαν.
686 3980 866 4052 Πόρνη
896 3981 1096 4054 ἐσώθη,
1129 3980 1314 4059 ἐπειδὴ
1336 3990 1501 4055 πόδας
1544 3993 1823 4069 κατέσχεν.
1868 3997 2058 4052 Ἠκού-

484 4085 610 4122 σατε
635 4069 727 4122 τοῦ
760 4072 996 4143 σήμερον
1020 4073 1430 4147 ἀνεγνωσμένον
1452 4097 1465 4146 ;
1489 4082 1669 4136 Ταύτα
1695 4084 1751 4137 δέ
1782 4084 1942 4155 λέγω,
1970 4088 2057 4142 ἵνα

484 4155 891 4245 μηδέποτεῄῗῄείς
945 4160 1271 4233 Ἐκκλησίαν
1317 4169 1675 4237 καταφεύγων
1718 4172 2052 4245 ἀμφιδάλῃς,

480 4241 624 4293 Μένε
642 4242 722 4303 είς
750 4243 1098 4331 Ἐκκλησίαν,
1120 4252 1211 4303 καὶ
1238 4250 1299 4303 οὐ
1332 4254 1638 4323 προδίδοσαι
1662 4241 1771 4312 ἀπδ
1799 4241 1897 4331 τῆς

482 4327 726 4421 κλησίας.
762 4328 886 4385 Ἐἀν
989 4334 1166 4406 φύγῃς
1194 4337 1301 4421 61:6
1345 4339 1688 4411 Ἐκκλησίας,
1722 4347 1821 4400 οὐκ
1844 4327 1993 4402 αἰτία
2017 4353 2049 4421 ή

494 4412 805 4487 Ἐκκλησία.
858 4420 984 4473 Ἐἀν
1008 4422 1103 4491 μὲν
1125 4423 1232 4495 γάρ
1257 4420 1322 4497 ᾖς
1360 4426 1485 4492 ἐσω,
1511 4430 1538 4481 6
1560 4430 1719 4495 λύκος
1741 4434 1842 4487 οὑκ
1874 4412 2053 4507 είσέρλ

480 4522 660 4575 χεται·
692 4506 865 4559 ἐὰνδέ
916 4507 1137 4582 ἐξέλθῃς
1175 4512 1299 4577 ἔξω,
1349 4512 1680 4584 θηριάλωτος
1734 4520 1894 4594 γίνῃο
1939 4506 2052 4576 ἀλλ’

478 4595 539 4645 o6
573 4592 723 4663 παρά
740 4594 837 4663 τὴν
867 4595 1105 4667 μάνδραν
1130 4600 1305 4663 τοῦτο,
1353 4602 1487 4655 ἀλλά
1522 4604 1671 4674 παρὰ
1698 4607 1796 4678 τὴν
1834 4592 1933 4677 σῆν
1965 4628 2053 4680 μι-

480 4680 794 4751 κροψυχίαν.
843 4683 1166 4755 Ἐκκλησίας
1190 4688 1342 4743 οὐδὲν
1384 4690 1516 4743 ἴσον.
1555 4694 1642 4763 Μή
1677 4712 1765 4763 μοι
1790 4696 1913 4756 λέγε
1941 4700 2053 4751 τείο

480 4782 546 4834 χη
584 4767 677 4819 καὶ
710 4766 877 4819 ὅπλα’
904 4768 1055 4839 τείχη
1096 4772 1193 4839 μὲν
1230 4774 1338 4844 γάρ
1364 4774 1440 4845 τῷ
1469 4777 1645 4848 χρόνῳ
1682 4779 2051 4846 παλαιοῦνται,

482 4849 513 4915 ή
553 4848 927 4936 Ἐκκλησίαᾲῷ
957 4852 1212 4936 οὐδέποτε
1239 4859 1404 4928 γηρᾷ.
1432 4859 1473 4909 Τ
1479 4860 1598 4930 είχη
1645 4861 1908 4936 βάρϐαροι
1957 4883 2055 4919 κα-

481 4930 797 5017 ταλύουσιν,
832 4933 1158 5004 Ἐκκλησίας
1193 4936 1249 4989 δὲ
1290 4939 1409 4992 οὐδὲ
1456 4930 2052 5017 δαίμονεςτπεριγίνον-

477 5032 587 5068 ται.
621 5016 731 5068 Καὶ
784 5016 867 5068 ὃτι
910 5017 972 5101 06
1028 5018 1237 5089 κόμπος
1291 5022 1358 5075 :6
1419 5025 1659 5095 ῥήματα,
1692 5016 1960 5101 μαρτυρεῖ
1988 5034 2053 5085 :6

479 5099 799 5183 πράγματα.
854 5100 1018 5154 Πόσοι
1053 5103 1398 5175 ἐπολέμησαν
1442 5107 1541 5178 τὴν
1582 5099 1925 5183 Ἐκκλησίαν,
1956 5116 2052 5168 καὶ

476 5183 524 5233 οί
559 5182 963 5266 πολεμήσαντες
995 5185 1302 5254 ἀπώλοντο;
1334 5188 1470 5260 αὓτη
1506 5192 1562 5245 δὲ
1595 5193 1732 5265 ὑπὲρ
1752 5182 1858 5249 τῶν
1888 5198 2053 5266 ούραο

478 5263 584 5317 νῶν
604 5264 930 5347 ἀναδέόηκε.
971 5269 1219 5323 Τοιοῦτον
1242 5271 1353 5340 ἔχει
1391 5275 1617 5343 μέγεοος
1647 5279 1678 5347 ή
1706 5263 2011 5347 Ἐκκλησία
2035 5298 2048 5311 ·

478 5340 859 5435 πολεμουμένῃ
877 5353 1022 5423 νικῷ
1041 5340 1497 5429 ἐπιΰουλευομένη
1523 5340 1859 5431 περιγίνεται
1878 5381 1888 5391 ·
1907 5340 2053 5435 669:-

473 5426 697 5502 ζομένη,
730 5432 1083 5506 λαμπροτέρα
1128 5426 1714 5510 καθίσταταιίδέχεται
1740 5426 2049 5515 τραύματα,

481 5515 575 5567 καὶ
600 5516 660 5567 ού
687 5517 1012 5595 καταπίπτει
1041 5519 1139 5574 61:6
1156 5520 1263 5574 τῶν
1282 5522 1453 5576 ἑλκῶν
1476 5543 1488 5555 ·
1517 5525 1919 5595 κλυδωνίζεται,
1939 5531 2052 5584 ἀλλ’

725 5656 833 5693 cum
858 5644 992 5695 Savil
1049 5648 1168 5695 διότι
1189 5650 1426 5699 κατέλιπε
1453 5650 1537 5701 alii
1558 5666 1668 5702 cum
1694 5653 1865 5706 Morel.
1892 5655 1969 5705 διὰ
2008 5658 2053 5705 τί

626 5719 639 5749 ι
703 5737 716 5749 .
1108 5744 1111 5749 .

484 5718 716 5749 λατελιπι.
1108 5744 1111 5749 .

2179 564 2238 615 ού
2263 568 2499 623 νικᾶται.
2534 569 2633 623 Διά
2664 571 2717 623 τί
2748 566 2844 625 οὖν
2866 570 3211 642 συνεχώρησε
3241 570 3333 623 τὸν
3354 571 3619 642 πόλεμονς
3649 572 3767 624 Ἵνα

2177 647 2372 724 δείξῃιι
2416 651 2796 727 λαμπρότερον
2833 655 2892 709 :6
2925 656 3205 728 τρόπαιον.
3243 655 3463 727 Παρῆτε
3496 654 3641 708 κατά
3664 655 3765 725 τὴν

2179 736 2397 804 ἡμέραν
2417 736 2654 808 ἐκείνην,
2682 740 2776 792 καὶ
2803 738 3063 792 ἐϐλέπετε
3090 739 3194 793 ὅσα
3218 741 3447 792 ἐκινεῖτο
3480 738 3643 799 ὅπλα,
3666 738 3763 791 καὶ

2176 818 2348 889 θυμὸς
2384 824 2774 891 στρατιωτικὸς
2822 823 2991 895 πυρὸς
3039 823 3420 895 σφοδρότερος.
3456 824 3550 876 καὶ
3595 823 3760 893 ήμεῖς

2175 905 2267 957 ἐπὶ
2303 903 2403 966 τὰς
2439 905 2723 975 βασιλικὰς
2744 906 2915 971 αύλάς
2938 903 3314 979 ἐπιγόμεθαξ
3341 906 3503 961 Ἀλλά
3531 906 3615 974 τίς
3648 904 3759 959 Τοῦ

2172 985 2307 1040 Θεοῦ
2328 988 2509 1059 χάριτι
2540 991 2690 1044 οὐδὲν
2714 992 2862 1063 ἡμᾶς
2894 991 3117 1044 ἐκείνων
3145 988 3481 1061 κατέπληξε.

2244 1072 2310 1141 β’.
2336 1072 2521 1127 Ταῦτα
2543 1072 2600 1127 δὲ
2631 1074 2791 1144 λέγω,
2815 1075 2900 1129 ἵνα
2927 1078 3020 1130 καὶ
3048 1077 3206 1146 ὑμεῖς
3229 1075 3489 1147 μιμῆσθε.
3513 1074 3609 1128 Διά
3626 1070 3756 1127 τίδὶ

2173 1158 2233 1210 ού
2264 1159 2727 1229 κατεπλάγημεν;
2762 1161 2882 1214 Ὀτι
2914 1161 3066 1214 ούδέν
3108 1159 3216 1214 τῶν
3244 1161 3527 1231 παρόντων
3561 1158 3752 1212 δεινῶν

2172 1240 2534 1311 ἐδεδοίκαμεν.
2562 1241 2628 1295 Τί
2655 1241 2765 1315 γάρ
2807 1246 2922 1297 ἐστι
2949 1245 3154 1311 δεινόν;
3187 1243 3459 1309 Θάνατος;
3492 1242 3605 1296 Οὐκ
3632 1241 3751 1296 ἐστι

2171 1323 2333 1378 τοῦτο
2357 1325 2556 1379 δείνον·
2594 1328 2799 1397 ταχέως
2820 1327 2928 1400 γάρ
2964 1329 3056 1381 ἐπὶ
3082 1329 3175 1382 τὸν
3209 1328 3402 1400 λιμένα
3435 1326 3748 1398 ἀπερχόμεο
3778 1383 3791 1387 -

2171 1407 2238 1461 θα
2268 1408 2361 1463 τὸν
2382 1407 2717 1479 ἀκύμαντον.
2764 1411 2921 1465 Ἀλλά
2957 1411 3282 1483 δημεύσεις;
3309 1411 3551 1481 Γυμνὸς
3568 1407 3752 1477 ἐξῆλ-

2170 1494 2277 1545 θον
2293 1492 2363 1545 ἐκ
2396 1492 2628 1559 κοιλίας
2661 1498 2885 1563 μητρός
2916 1513 3059 1564 μου,
3098 1495 3325 1566 γυμνὸς
3368 1495 3463 1549 καί
3494 1495 3751 1549 ἀπελεύ-

2169 1591 2367 1646 σομαι.
2412 1578 2552 1631 Ἀλλ’
2578 1577 2815 1649 ἐξορίαι;
2848 1581 2957 1635 Τοῦ
2976 1582 3193 1649 Κυρίου
3210 1582 3247 1648 ἡ
3273 1580 3351 1651 τῆ
3379 1580 3477 1636 καὶ
3504 1582 3569 1635 τὸ
3590 1579 3748 1647 πλήο

2158 1678 2330 1730 ρωμα
2380 1662 2589 1730 αὐτῆς.
2652 1660 2813 1719 Ἀλλά
2888 1668 3277 1735 συκοφαντίαις
3332 1667 3573 1734 Χαίρετε
3645 1666 3745 1718 καὶ

2165 1744 2556 1814 ἀγαλλιᾶσθε,
2578 1748 2723 1803 ὅταν
2746 1751 2959 1806 εἴπωσι
2984 1750 3109 1806 πᾶν
3133 1750 3401 1818 πονηρὸν
3421 1749 3589 1819 ῥῆμα
3616 1752 3746 1805 καθ’

2163 1828 2331 1898 ὑμῶν
2367 1830 2744 1901 ψευδόμενοι,
2784 1834 2875 1888 ὅτι
2926 1837 2959 1889 ό
3000 1836 3220 1903 μισθὸς
3260 1832 3427 1904 ὑμῶν
3455 1834 3649 1900 πολὺς
3677 1833 3748 1888 ἐν

2164 1915 2287 1982 τοῖς
2345 1917 2643 1984 οὐρανοῖς.
2690 1919 2905 1992 Ἐώρων
2946 1921 3015 1974 :6
3050 1920 3199 1989 ξίφη,
3238 1923 3332 1975 καὶ
3380 1920 3472 1974 τὸν
3518 1919 3755 1993 οὐρανὸν

2165 2002 2490 2072 ἐλογιζόμην
2510 2020 2523 2034 ·
2552 2007 2895 2076 προσεδόκων
2928 2007 3017 2059 τὸν
3068 2007 3317 2071 θάνατον,
3345 2009 3439 2061 καὶ
3477 2008 3575 2079 τὴν
3614 2008 3744 2062 ἀνά-

2167 2102 2355 2139 στασιν
2378 2089 2619 2143 ἐνενόουν
2641 2107 2653 2121 ⁸
2695 2089 2881 2158 ἐώρων
2904 2090 2972 2143 :6
2994 2092 3145 2145 κάτω
3169 2092 3338 2161 πάθη,
3357 2094 3450 2146 καὶ
3478 2091 3746 2163 ἠρίθμουν

2160 2170 2230 2223 τά
2271 2170 2384 2223 ἀνω
2419 2170 2646 2242 βραδεῖα
2666 2188 2678 2201 ·
2721 2172 2945 2225 ἔϐλεπον
2978 2174 3077 2236 τὰς
3099 2174 3413 2239 ἐπιϐουλὰς,
3448 2176 3542 2229 καὶ
3570 2176 3746 2241 ἐλογι-

2166 2253 2342 2323 ζόμην
2363 2254 2455 2307 τὸν
2474 2255 2587 2309 ἀνω
2610 2257 2870 2325 στέφανον
2889 2261 2949 2328 ·ή
2980 2257 3088 2328 γὰρ
3114 2258 3367 2321 ὑπόθεσις
3390 2258 3497 2312 τῶν
3520 2258 3747 2328 ἀγώνων

2164 2337 2408 2405 ἀρκοῦσα
2435 2333 2501 2406 ἦν
2528 2341 2605 2402 είς
2629 2341 2968 2410 παράκλησιν
2994 2343 3087 2395 καὶ
3119 2344 3489 2414 παραμυθίαν.
3510 2344 3745 2413 ’Λπηγό-

2169 2440 2275 2491 μην
2301 2422 2380 2487 δὲ,
2411 2423 2525 2475 ἀλλ’
2549 2425 2648 2478 ούκ
2679 2421 2746 2495 ἦν
2780 2425 2934 2494 ὕϐρις
2978 2429 3102 2497 ἐμοὶ
3146 2428 3206 2480 :6
3244 2429 3555 2498 γινόμενον’
3590 2430 3745 2500 ὕϐρις

2167 2507 2276 2577 γὰρ
2324 2506 2381 2559 ἐν
2432 2508 2591 2577 μόνον
2648 2509 2813 2573 ἐστὶν,
2848 2511 2881 2579 ή
2912 2510 3169 2581 ἁμαρτία.
3210 2511 3322 2565 Κᾶν
3360 2511 3467 2582 γάρ
3502 2516 3531 2581 ἡ
3568 2514 3744 2567 οίκου-
3774 2524 3779 2527 “

2173 2590 2305 2658 μένη
2332 2591 2481 2644 πᾶσά
2510 2608 2568 2644 σε
2601 2590 2815 2663 ὑϐρίζῃ.
2844 2594 2906 2646 σὺ
2936 2593 2991 2646 δέ
3018 2596 3212 2647 σαυτὸν
3266 2595 3338 2665 μὴ
3369 2598 3617 2668 ὑϐρίσῃς,
3645 2599 3744 2669 οὐχ

2168 2672 2451 2744 ὑϐρίσθης.
2482 2675 2747 2745 ΙΙροδοσία
2791 2677 2923 2744 μόνη
2956 2680 2987 2746 ή
3017 2678 3107 2731 τοῦ
3133 2681 3450 2743 συνειδότος.
3486 2682 3576 2751 Μὴ
3614 2699 3745 2752 προ-

2163 2755 2271 2823 δῷς
2300 2773 2394 2809 σου
2417 2758 2476 2809 τὸ
2508 2758 2764 2821 συνειδὸς,
2796 2760 2889 2812 καὶ
2907 2758 3079 2823 οὐδείς
3106 2778 3165 2814 σε
3201 2761 3537 2833 προδίδωσιν.
3578 2764 3745 2833 Ἀπη-

2162 2839 2361 2911 γόμην,
2397 2841 2489 2895 καὶ
2523 2840 2709 2913 ἐώρων
2740 2842 2807 2895 τά
2828 2843 3149 2915 πράγπατα,
3202 2846 3400 2916 μᾶλλον
3443 2845 3500 2899 δὲ
3544 2846 3611 2900 τά
3646 2847 3745 2915 ῥή-

2165 2922 2309 2993 ματά
2346 2942 2445 2994 μου
2475 2924 2777 2995 πράγματα
2812 2927 3091 2997 γινόμενα,
3118 2928 3214 2998 τήν
3242 2929 3457 2997 ὁμιλίαν
3492 2945 3615 2998 μου.
3642 2928 3742 2998 τὴν

2160 3004 2247 3058 διά
2271 3006 2380 3060 τῶν
2418 3008 2698 3077 ῥημάτων,
2732 3009 2825 3061 ἐπὶ
2854 3010 2953 3080 τῆς
2996 3010 3199 3082 ἀγορᾶς
3231 3012 3317 3064 διά
3342 3013 3448 3065 τῶν
3480 3011 3743 3083 πραγμά-

2160 3106 2268 3143 των
2300 3087 2453 3161 [588]
2488 3092 2917 3163 κηρυττομένην.
2953 3094 3119 3147 Ποίαν
3145 3094 3393 3164 όμιλίαν;
3421 3096 3523 3149 Ἢν
3557 3095 3741 3164 ἔλεγον

2164 3174 2273 3229 ἀεί.
2297 3175 2531 3245 Ἀνεμος
2550 3175 2799 3236 ἔπνευσε,
2815 3177 2909 3230 καὶ
2930 3176 3000 3230 τὰ
3024 3177 3196 3247 φύλλα
3218 3177 3532 3233 κατέδαλεν.
3567 3180 3740 3245 Ἐξη-

2153 3258 2351 3326 ράνθη
2393 3260 2426 3311 ὀ
2450 3258 2681 3326 χόρτος,
2721 3257 2818 3312 καί
2856 3259 2924 3313 :6
2955 3259 3139 3325 ἄνθος
3169 3260 3481 3325 ἐξέπεσεν.
3535 3262 3740 3333 Ἀπῆλ-

2162 3340 2308 3412 θενή
2338 3339 2453 3405 νὺξ,
2488 3341 2580 3393 καὶ
2605 3342 2775 3411 ἐφάνη
2812 3342 2844 3411 ἠ
2878 3342 3060 3413 ήμέρα
3082 3358 3094 3371 ·
3128 3343 3366 3415 ἠλέγχθη
3400 3346 3433 3416 ή
3473 3345 3620 3408 σκιά,
3645 3350 3742 3402 καὶ

2161 3422 2336 3493 ἐφάνη
2375 3425 2407 3492 ἡ
2439 3422 2683 3494 ἀλήθεια.
2731 3424 3027 3495 Ἀνέϐησαν
3071 3424 3175 3486 ἓως
3201 3426 3307 3479 τῶν
3334 3428 3597 3499 οὐρανῶν,
3644 3430 3740 3483 καὶ

2163 3506 2471 3575 κατέδησαν
2520 3508 2623 3571 ἕως
2668 3506 2778 3561 τῶν
2826 3508 3041 3561 πεδίων.
3086 3508 3165 3562 T6
3200 3507 3419 3581 κύματα
3468 3510 3575 3582 γάρ
3626 3514 3741 3567 ἀνω

2163 3589 2467 3661 κατεστάλη
2514 3590 2601 3643 διά
2630 3592 2739 3643 τῶν
2788 3590 3141 3662 ἀνθρωπίνων
3174 3593 3530 3663 πραγμάτων.
3574 3594 3733 3663 Πῶς;

2162 3673 2490 3727 Διδασκαλία
2518 3669 2585 3744 ἦν
2625 3672 2694 3726 τά
2730 3674 3007 3743 γινόμενα.
3042 3675 3151 3728 Καὶ
3179 3674 3362 3743 έλεγον
3394 3676 3529 3746 πρὸς
3558 3679 3733 3746 ἐμαυ-

2165 3756 2283 3810 τόν·
2308 3752 2458 3824 *Αρσι
2486 3752 2904 3825 σωφρονίσονται
2927 3755 2977 3807 οί
2998 3758 3136 3828 μετὰ
3165 3758 3337 3812 ταῦτα
3360 3776 3372 3825 ς
3409 3756 3517 3833 ἆρα
3541 3762 3601 3815 οὺ
3629 3779 3738 3817 πα.

2167 3838 2449 3910 ρέρχονται
2477 3838 2571 3892 δύο
2615 3839 2839 3911 ήμέραι,
2880 3840 2973 3893 καὶ
3004 3841 3141 3913 λήθῃ
3172 3842 3239 3895 τά
3267 3846 3526 3914 γινόμενα
3558 3862 3740 3917 παρα-

2159 3922 2398 3987 δίδοταις
2434 3922 2671 3975 Ἔναυλα
2712 3922 2784 3976 :6
2836 3924 3201 3995 ὑπομνήματα
3231 3922 3319 3997 ἦν.
3361 3927 3528 3981 Πάλιν
3576 3932 3736 3998 εῖπω,

2164 4004 2326 4058 πάλιν
2374 4004 2614 4076 λαλήσω.
2653 4005 2719 4058 Τί
2772 4005 2995 4075 ὄφελος;
3024 4008 3240 4061 Μᾶλλον
3273 4008 3330 4063 δὲ
3371 4010 3581 4079 ὄφελος.
3616 4013 3737 4068 Κᾶν

2158 4088 2267 4160 γὰρ
2293 4087 2365 4159 μὴ
2384 4088 2583 4152 πάντες
2612 4089 2905 4157 ἀκούσωσι,
2931 4094 2978 4144 οί
3008 4091 3226 4163 ἡμίσεις
3255 4092 3604 4149 ἀκούσονται·
3632 4097 3737 4151 κᾶν

2160 4172 2235 4242 μὴ
2269 4173 2317 4224 οἱ
2350 4172 2570 4243 ἡμίσεις
2603 4171 2895 4237 ἀκούσωσι,
2929 4175 2991 4229 τὸ
3018 4176 3197 4245 τρίτον
3225 4178 3389 4248 μέρος
3410 4192 3423 4207 ’
3446 4178 3547 4233 κᾶν
3580 4180 3654 4251 μὴ
3675 4183 3740 4235 τὸ

2155 4256 2358 4327 τρίτον,
2416 4256 2476 4309 τὸ
2534 4257 2789 4326 τέταρτον
2820 4274 2835 4287 ³
2899 4258 2999 4311 κᾶν
3035 4260 3109 4332 μὴ
3169 4262 3229 4313 :6
3277 4262 3568 4333 τέταρτον,
3631 4266 3737 4318 κᾶν

2155 4341 2320 4395 δέκα·
2357 4339 2459 4395 κᾶν
2499 4341 2573 4411 μὴ
2621 4341 2773 4403 δέκα,
2808 4341 2911 4395 κᾶν
2939 4345 3132 4397 πέντε’
3172 4344 3275 4397 κᾶν
3305 4345 3380 4416 μὴ
3417 4346 3599 4413 πέντε,
3632 4351 3736 4403 κᾶν

2156 4421 2267 4489 εἷς’
2299 4425 2402 4479 κᾶν
2437 4425 2511 4497 μὴ
2543 4420 2623 4487 εἷς
2644 4425 2819 4494 ε,ἐγὼ
2840 4427 2932 4479 τὸν
2959 4427 3150 4498 μισοὺν
3170 4429 3575 4500 ἀπηρτισμένον
3606 4431 3731 4502 ἔχω.

2168 4507 2502 4576 Ἐξηράνθη
2532 4512 2564 4562 ὁ
2591 4509 2816 4577 χόρτος,
2845 4510 2940 4562 καὶ
2970 4510 3033 4563 τὸ
3069 4512 3251 4576 ἄνθος
3272 4511 3524 4575 ἐξέπεσε
3545 4531 3558 4545 ο
3582 4516 3648 4569 :6
3668 4516 3739 4569 δὲ

2147 4590 2318 4661 ρἦα
2352 4592 2457 4644 τοῦ
2497 4592 2644 4645 Θεοῦ
2675 4591 2839 4660 μένει
2873 4599 2964 4657 εὶς
2987 4594 3094 4644 τὸν
3121 4593 3326 4646 αἰῶνα.

2217 4675 2477 4744 γ’.Εί¹δετε
2490 4676 2596 4728 τῶν
2611 4677 2962 4747 ἀνθρωπίνων
2976 4679 3314 4748 πραγμάτων
3326 4679 3423 4749 τήν
3438 4680 3738 4750 εὐτέλειαν,

2155 4760 2325 4813 εἴδετε
2351 4760 2451 4829 τῆς
2481 4760 2801 4823 δυναστείας
2835 4761 2896 4812 :6
2916 4760 3213 4831 ἐπίκηρον;
3244 4762 3413 4815 εἴδετε
3440 4764 3533 4817 τὸν
3574 4765 3737 4817 πλοῦ-

2155 4863 2267 4907 τον,
2298 4844 2358 4898 ὃν
2388 4846 2474 4898 ἀεὶ
2502 4844 2777 4916 δραπέτην
2808 4844 3057 4911 ἐκάλουν,
3080 4846 3141 4898 οὐ
3167 4846 3443 4917 δραπέτην
3466 4848 3522 4901 δέ
3551 4850 3735 4919 μόνον,

2154 4928 2290 4982 ἀλλά
2336 4929 2430 4981 καὶ
2481 4928 2835 4997 ἀνδροφόνον;
2872 4929 2948 4981 Οὐ
2994 4927 3104 4999 γάρ
3152 4930 3550 5001 καταλιμπάνει
3609 4935 3735 4999 τοὺς

2155 5012 2377 5083 ἔχοντας
2406 5011 2584 5082 μόνον,
2612 5012 2746 5065 ἀλλά
2770 5014 2862 5065 καὶ
2889 5011 3084 5081 σφάζει
3114 5013 3309 5077 αύτούς
3328 5031 3341 5045 ο
3375 5016 3504 5068 ὅταν
3524 5016 3632 5087 γάρ
3652 5036 3736 5083 τις

2155 5094 2323 5147 αὑτὸν
2370 5094 2671 5164 θεραπεύῃ,
2705 5096 2825 5146 τότε
2878 5096 3115 5164 μάλιστα
3166 5096 3330 5151 αὐτὸν
3377 5099 3731 5169 παραδίδωσι.

2160 5179 2220 5230 Τί
2256 5177 2576 5247 θεραπεύεις
2607 5178 2697 5230 τὸν
2727 5176 2955 5231 πλοῦτον
2987 5180 3079 5231 τὸν
3107 5180 3345 5251 σήμερον
3366 5182 3505 5252 πρός
3535 5199 3613 5247 σε,
3642 5184 3737 5236 καὶ

2154 5260 2347 5331 αῠριον
2387 5260 2518 5331 πρὸς
2553 5260 2741 5325 ἄλλως
2781 5261 2833 5313 τί
2858 5261 3185 5332 θεραπεύεις
3216 5263 3459 5327 πλοῦτον,
3501 5264 3592 5317 τὸν
3630 5282 3739 5336 μη-

2150 5343 2344 5396 δέποτε
2377 5345 2775 5413 κατασχεθῆναι
2810 5344 3134 5415 δυνάμενονς
3167 5347 3355 5399 Βούλει
3401 5348 3737 5416 θεραπεῦσαι

2154 5428 2351 5489 αὑτόν;
2387 5428 2563 5496 βούλει
2613 5428 2774 5481 αὑτὸν
2826 5432 3151 5500 κατασχεῖν;
3183 5432 3274 5501 Μή
3308 5432 3615 5504 κατορύξῃς
3643 5435 3740 5486 αύ-

2216 5593 2243 5630 ι»
2265 5594 2363 5643 Alii
2384 5594 2758 5659 θιδεδγίιηδέεῃ,
2777 5598 2859 5646 am
2882 5597 3024 5659 δείξῃ.

2220 5659 2241 5684 ε
2268 5657 2476 5723 Κάγμη
2500 5657 2575 5723 εἷς-
2603 5658 2778 5708 deerat
2821 5662 2870 5708 in
2917 5657 3052 5709 edito
3093 5658 3291 5723 Morel.,
3336 5660 3423 5710 sed
3456 5660 3665 5712 habetur
3692 5668 3748 5714 in

2156 5731 2269 5768 mss.
2297 5724 2349 5767 el
2372 5717 2421 5765 in
2448 5719 2578 5767 Savll
