4046 6428
331 319 438 375 597

338 431 556 486 lantur:
609 429 716 483 illic
742 445 804 484 ex
853 436 1074 497 aspectu
1115 423 1396 492 voluptas,
1446 418 1535 474 hic
1582 432 1646 471 ex
1701 413 1936 468 lectione

337 524 564 577 utilitas.
603 522 800 576 llortus
824 535 929 573 uno
949 519 1002 573 in
1030 518 1150 571 loco
1171 559 1184 582 ,
1214 514 1508 582 Scriptura:
1539 508 1739 577 ubique
1766 516 1938 560 terra-

337 629 493 676 rum;
527 614 719 667 hortus
761 619 1142 681 tempestatum
1184 603 1486 662 necessitati
1533 599 1779 656 subditus
1820 605 1936 660 est,

335 705 629 774 Scriptura:
669 714 724 758 et
756 705 948 776 hyeme
977 713 1032 757 et
1075 709 1262 755 testate
1300 705 1577 751 comantes
1621 691 1792 751 foliis,
1827 689 1938 739 fru-

336 797 517 851 ctibus
545 805 754 852 onusta:
783 805 928 850 sunt.
962 793 1318 849 Attendamus
1350 789 1510 859 igitur
1537 784 1937 852 Scripturarum

338 890 556 945 lectioni
586 908 601 946 :
632 906 754 944 nam
788 891 833 945 si
864 889 1163 959 Scriptura:
1189 884 1460 947 attendas,
1491 881 1658 951 abigit
1685 877 1775 932 illa
1805 889 1940 931 ma:-

338 1000 538 1051 rorem,
568 985 903 1055 voluptatem
945 982 1138 1038 inserit
1170 980 1299 1044 tibi,
1342 976 1600 1032 malitiam
1633 971 1806 1036 tollit,
1831 969 1941 1022 vir-

339 1077 470 1131 tutis
521 1075 732 1131 radices
776 1075 1032 1137 roborat,
1073 1086 1175 1126 nec
1221 1070 1350 1124 sinit
1377 1069 1430 1122 in
1478 1065 1816 1137 negotiorum
1863 1068 1942 1114 tu-

335 1168 508 1222 multu
554 1167 924 1222 fluctuantium
981 1179 1132 1218 more
1186 1161 1410 1216 turbari.
1467 1157 1621 1211 Furit
1677 1153 1937 1224 pelagus,

341 1269 394 1312 tu
426 1273 557 1313 vero
586 1274 708 1314 cum
741 1257 1129 1327 tranquillitate
1157 1253 1416 1323 navigas;
1444 1250 1564 1304 vice
1587 1259 1816 1315 namque
1836 1257 1938 1313 gu-

336 1347 636 1404 bernatoris
659 1348 823 1403 habes
847 1346 1244 1417 Scripturarum
1267 1343 1554 1399 lectionem
1585 1357 1599 1395 :
1629 1338 1770 1391 hunc
1793 1335 1937 1390 enim

339 1440 638 1495 funiculum
667 1455 774 1494 non
814 1439 1088 1509 abrumpit
1131 1435 1470 1506 negotiorum
1512 1430 1756 1486 tentatio.
1783 1425 1939 1495 Quod

337 1541 520 1587 autem
549 1547 657 1587 non
689 1533 942 1598 mentiar,
973 1546 1062 1586 res
1091 1531 1220 1599 ipsae
1245 1525 1617 1583 testificantur.
1653 1523 1795 1576 Ante
1824 1520 1939 1573 dies

335 1624 542 1694 aliquot
579 1625 801 1679 obsessa
842 1624 942 1678 fuit
992 1620 1274 1676 Ecclesia:
1307 1618 1456 1672 venit
1503 1616 1801 1679 exercitus,
1848 1611 1940 1682 qui

336 1721 517 1790 ignem
548 1719 718 1773 oculis
757 1717 1066 1783 emittebat,
1113 1728 1288 1784 neque
1336 1721 1515 1767 tamen
1544 1711 1741 1765 olivam
1790 1721 1936 1760 mar-

335 1812 511 1866 cidatn
535 1809 767 1865 reddidit
797 1827 810 1863 :
854 1809 1190 1862 nudabantur
1231 1819 1419 1871 enses,
1452 1815 1720 1871 nemoque
1746 1797 1938 1853 vulnus

337 1901 546 1971 accepit
578 1919 590 1952 :
625 1899 969 1971 imperatoria
995 1901 1132 1954 ostia
1167 1898 1218 1951 in
1245 1898 1519 1951 anxietate
1549 1892 1933 1953 versabantur,

337 2003 391 2048 et
438 1994 674 2048 Ecclesia
708 1994 759 2046 in
806 2001 918 2046 tuto
953 1993 1122 2062 posita
1164 2001 1315 2057 erat,
1345 1988 1558 2044 etiamsi
1605 1987 1710 2040 huc
1738 1984 1939 2038 bellum

335 2084 595 2154 eruperit.
641 2083 740 2138 Hie
777 2084 1119 2154 quaerebatur
1161 2085 1232 2146 is,
1291 2081 1383 2150 qui
1432 2079 1536 2136 huc
1576 2078 1936 2148 confugerat:

335 2177 659 2247 illorumque
719 2175 958 2230 furorem
1021 2191 1131 2230 non
1193 2173 1545 2228 formidantes
1613 2169 1938 2226 adstitimus.

333 2266 546 2334 Quare?
569 2267 768 2323 Aderat
792 2267 949 2322 nobis
974 2268 1297 2321 tutissimum
1322 2265 1530 2335 pignus,
1557 2276 1750 2331 nempe
1771 2259 1900 2315 illud
1923 2277 1936 2313 :

339 2359 415 2415 Tu
435 2376 486 2414 es
514 2359 721 2428 Petrus,
744 2369 789 2413 et
814 2377 967 2429 super
987 2361 1118 2413 hanc
1141 2369 1334 2430 petram
1363 2356 1627 2426 wdiﬁcabo
1654 2353 1940 2408 Ecclesium

337 2469 500 2506 meum
521 2495 536 2520 ,
568 2464 614 2506 et
646 2463 807 2522 porta:
835 2453 989 2525 inferi
1018 2469 1122 2506 non
1166 2450 1510 2522 prmaiebunt
1543 2448 1787 2501 adversus
1828 2461 1938 2498 eam

341 2548 558 2614 (Matth.
591 2549 678 2602 16.
710 2544 821 2620 18).
853 2547 1147 2602 Ecclesiam
1187 2545 1329 2608 dico,
1364 2557 1468 2598 non
1495 2543 1670 2596 locum
1702 2548 1937 2602 tantum,

337 2641 433 2695 sed
464 2657 678 2695 mores:
713 2658 818 2695 non
849 2656 1033 2695 muros
1064 2639 1331 2706 ecclesia',
1364 2637 1458 2692 sed
1488 2637 1632 2706 leges
1661 2634 1936 2690 Ecclesiw.

335 2737 468 2790 Cum
501 2733 806 2805 confugeris
847 2738 898 2788 in
944 2735 1261 2799 ecclesiam,
1306 2748 1410 2785 non
1442 2730 1620 2785 locum
1665 2738 1815 2799 pete,
1843 2728 1939 2782 sed

335 2827 516 2880 animo
539 2825 833 2896 transfuge.
865 2826 1107 2881 Ecclesia
1135 2827 1277 2880 enim
1303 2839 1408 2880 non
1431 2839 1614 2879 murus
1634 2832 1688 2878 et
1716 2831 1937 2887 tectum,

336 2919 429 2973 sed
457 2916 590 2972 fides
611 2927 666 2973 et
690 2919 814 2972 vitae
843 2918 978 2973 ratio
1006 2927 1109 2973 est.

408 3007 690 3077 Eutropius
733 3009 990 3079 quomodo
1019 3019 1223 3079 captus.
1252 3040 1320 3050 —-
1351 3008 1428 3064 Ne
1472 3009 1621 3064 dicas
1669 3024 1815 3074 cum,
1849 3007 1939 3078 qui

339 3101 579 3172 proditus
625 3111 726 3169 est,
760 3105 828 3158 ab
864 3102 1109 3159 Ecclesia
1146 3103 1415 3173 proditum
1443 3118 1564 3156 esse
1593 3120 1606 3156 :
1636 3103 1736 3156 nisi
1781 3103 1939 3157 dese-

335 3197 531 3251 ruisset
557 3196 863 3263 ecclesiam,
893 3205 1082 3266 captus
1109 3212 1216 3251 non
1247 3197 1450 3250 fuisset.
1478 3194 1557 3250 Ne
1586 3195 1736 3250 dicas
1765 3195 1937 3264 ipsum

336 3293 638 3362 confugisse
673 3300 728 3346 et
775 3290 1045 3360 proditum
1095 3290 1296 3346 fuisse:
1341 3307 1447 3345 non
1476 3290 1716 3344 Ecclesia
1765 3291 1938 3359 ipsum

334 3389 558 3454 dimisit,
592 3389 686 3444 sed
737 3390 851 3459 ipse
886 3389 1172 3443 ecclesiam
1220 3387 1441 3442 dimisit.
1491 3385 1609 3440 Non
1645 3386 1788 3440 intus
1819 3399 1941 3455 pro-

335 3478 479 3533 ditus
502 3489 608 3543 est,
641 3481 736 3534 sed
781 3479 932 3533 foris.
961 3478 1072 3534 Cur
1105 3479 1320 3549 reliquit
1356 3477 1679 3533 ecclesiam?
1706 3476 1782 3532 Te
1822 3493 1938 3531 ser-

336 3581 517 3625 vatum
549 3571 808 3626 volebas?
841 3572 1022 3626 Altare
1062 3571 1346 3641 complecti
1388 3569 1692 3639 oportebat.
1725 3567 1841 3624 Non
1885 3569 1939 3622 hi

336 3665 498 3729 muri,
525 3663 620 3718 sed
650 3663 745 3718 Dei
773 3663 1108 3733 providentia
1133 3673 1183 3717 te
1213 3672 1383 3716 ιιιτηινπ
1420 3671 1678 3731 praestare
1710 3671 1937 3732 poterat.

336 3756 594 3810 l‘eccator
624 3759 782 3811 eras?
811 3755 928 3810 Non
969 3766 1020 3810 te
1052 3756 1193 3809 Deus
1225 3757 1347 3810 ideo
1377 3756 1583 3826 respuit
1614 3774 1626 3808 :
1656 3770 1762 3809 non
1793 3755 1939 3811 enim

336 3848 482 3901 venit
513 3861 704 3903 vocare
735 3848 932 3917 justos,
973 3846 1070 3902 sed
1103 3857 1414 3916 peccatores
1459 3847 1525 3901 ad
1568 3850 1940 3917 paenitentiam

338 3937 553 4002 (Matth.
601 3941 658 3995 9.
705 3938 815 4012 15).
865 3941 1117 3996 Meretrix
1159 3941 1384 3995 salutem
1443 3951 1770 4010 consequuta
1823 3951 1938 4006 est,

337 4031 462 4101 quia
502 4032 668 4103 pedes
709 4033 1084 4103 apprehendit.
1120 4033 1430 4088 Audistisne
1474 4034 1789 4088 hodiernam
1829 4035 1942 4088 lec-

339 4125 576 4180 tionem?
623 4126 748 4180 llaze
799 4141 958 4194 porro
1007 4125 1148 4190 dico,
1181 4134 1237 4179 ut
1286 4141 1576 4194 numquam
1622 4125 1839 4180 dubites
1886 4126 1937 4179 in

339 4219 636 4274 Ecclesiam
679 4217 990 4289 confugere.
1025 4218 1177 4272 Mane
1207 4219 1257 4271 in
1287 4218 1526 4271 Ecclesia
1550 4259 1563 4282 ,
1597 4227 1650 4271 et
1678 4233 1782 4271 neu
1814 4234 1940 4287 pro-

337 4311 482 4366 deris
511 4312 578 4366 ab
610 4310 870 4365 Ecclesia.
902 4309 1056 4376 Quod
1087 4310 1130 4364 si
1166 4309 1366 4379 fugeris
1404 4309 1472 4364 ab
1512 4309 1782 4375 Ecclesia,
1816 4319 1944 4366 tunc

342 4405 581 4459 Ecclesia
614 4406 663 4458 in
696 4419 854 4458 causa
879 4419 984 4458 non
1011 4404 1133 4457 erit.
1162 4403 1294 4457 Nam
1321 4404 1364 4457 si
1397 4403 1540 4456 intus
1566 4401 1750 4468 fueris,
1786 4403 1942 4471 lupus

341 4513 444 4551 non
474 4495 811 4566 ingreditur;
846 4496 931 4549 sin
954 4495 1170 4558 exieris,
1197 4510 1226 4548 a
1257 4495 1432 4549 bellua
1464 4496 1722 4564 capieris;
1754 4512 1939 4549 verum

342 4606 446 4644 non
478 4591 652 4653 caula,
682 4590 775 4644 sed
807 4589 1221 4660 pusillanimitas
1254 4598 1339 4642 tua
1374 4590 1424 4642 in
1453 4605 1613 4643 causa
1645 4590 1766 4643 erit.
1800 4589 1940 4643 Nihil

342 4682 598 4736 Ecclesia:
642 4697 736 4750 par
783 4690 885 4735 est.
933 4680 1009 4735 Ne
1057 4681 1186 4734 mihi
1215 4695 1612 4735 commemores
1653 4697 1835 4735 muros
1887 4691 1942 4734 et

338 4790 483 4827 arma
521 4790 538 4828 ι
571 4775 710 4827 muri
737 4775 881 4827 enim
914 4781 1152 4843 tempore
1182 4773 1518 4840 deteruntur,
1550 4774 1788 4828 Ecclesia
1813 4791 1941 4828 vero

339 4881 630 4934 numquam
657 4865 911 4921 senescit.
944 4866 1126 4920 Muros
1159 4866 1371 4919 barbari
1403 4865 1800 4931 demoliuntur,
1835 4867 1936 4921 Ec-

338 4962 562 5015 clesiam
591 4975 657 5014 ne
688 4960 962 5014 daemones
990 4959 1205 5030 quidem
1236 4960 1476 5014 vincunt.
1507 4959 1660 5025 Quod
1688 4960 1801 5013 hrre
1833 4977 1938 5015 non

336 5055 444 5110 sint
473 5054 745 5123 jactantizn
775 5055 959 5120 verba,
993 5069 1080 5108 res
1113 5054 1242 5123 ipsa:
1271 5064 1552 5108 testantur.
1582 5055 1725 5120 Quot
1755 5054 1916 5108 Eecle

335 5150 468 5203 siam
499 5157 912 5216 oppugnarunt,
945 5147 1151 5218 ipsique
1197 5149 1503 5218 perierunt?
1536 5150 1772 5203 Ecclesia
1812 5164 1941 5204 vero

335 5241 499 5295 cmlos
546 5239 896 5293 transcendit.
949 5240 1091 5294 Talis
1134 5251 1218 5296 est
1267 5241 1524 5296 Ecclesiae
1569 5243 1879 5312 magnitudo
1923 5262 1938 5297 :

335 5337 499 5391 vincit
541 5331 879 5405 impugnata;
929 5334 1138 5389 insidiis
1176 5335 1409 5403 appetita
1457 5344 1702 5404 superat;
1747 5346 1939 5389 contu-

334 5430 509 5482 meliis
565 5430 751 5484 affecta
801 5427 1129 5497 splendidior
1183 5427 1399 5490 evadit;
1450 5428 1672 5481 vulnera
1719 5429 1936 5497 excipit,

337 5538 435 5574 nec
487 5523 755 5576 ulceribus
797 5521 980 5585 cadit;
1031 5521 1228 5590 agitata
1275 5519 1524 5573 fluetihus
1571 5536 1677 5573 non
1720 5519 1938 5574 demer-

335 5616 505 5682 gitur;
543 5614 792 5682 procellis
825 5614 1066 5683 impctita
1097 5611 1429 5682 naufragium
1459 5627 1561 5666 non
1591 5614 1823 5682 patitur;
1861 5613 1939 5666 lu-

336 5716 531 5772 t-Iatur,
581 5723 680 5761 nec
726 5708 1116 5776 prosternitur;
1161 5707 1398 5776 pugilatu
1440 5716 1629 5769 certat,
1686 5725 1780 5761 nec
1825 5709 1922 5760 viu-

337 5801 476 5856 citur
529 5799 635 5856 Cur
681 5817 806 5871 ergo
836 5801 1034 5857 bellum
1083 5801 1454 5872 permisil?Ut
1484 5800 1571 5856 tila
1606 5800 1935 5871 Splendidius

878 309 1162 370 HOMILIA
1202 306 1293 363 DE
1333 302 1561 364 CAPTO
1601 296 1950 358 EUTROPIO
1989 293 2080 352 ET
2122 292 2213 350 DE
2255 287 2667 348 DIVITIARUM
2707 283 3083 342 VANITATE.

3550 275 3654 334 393

2049 419 2309 477 tropmum
2336 405 2587 476 erigeret.
2613 402 2865 459 Aderatis
2890 402 2979 456 illo
3000 400 3105 465 die,
3138 413 3200 453 ac
3227 395 3432 452 vidistis
3458 404 3654 463 quanta

2047 511 2394 556 moverentur
2451 513 2642 553 arma:
2695 496 2951 551 militaris
2999 494 3148 548 furor
3192 492 3314 561 igne
3369 489 3657 543 vehemen-

2048 595 2153 647 tior
2201 601 2318 648 erat
2356 609 2369 644 :
2422 606 2627 661 nosque
2675 589 2742 644 ad
2787 589 2962 643 aulam
3005 583 3407 656 imperatoriam
3462 596 3655 650 prope-

2047 688 2318 742 rabamus.
2353 685 2459 741 Sed
2481 684 2643 756 quid?
2675 684 2779 739 Per
2807 683 2897 738 Dei
2925 681 3151 754 gratiam
3181 678 3309 732 nihil
3342 691 3530 731 eorum
3561 687 3660 727 nos

2047 781 2256 835 terruit.

2115 870 2172 925 2.
2214 870 2344 926 Vero
2387 870 2695 927 Christiano
2722 868 2853 924 nihil
2897 867 3198 922 timendum.
3223 863 3444 918 —ll.ec
3493 877 3656 931 porro

2044 967 2188 1031 dico,
2224 975 2276 1021 ut
2307 976 2361 1021 et
2401 981 2498 1021 vos
2527 964 2830 1020 imitemini.
2865 962 2975 1018 Cur
2999 975 3104 1015 non
3136 956 3409 1028 perterriti
3433 953 3654 1010 sumus?

2044 1057 2198 1127 Quod
2246 1057 2451 1112 rmllom
2497 1056 2845 1128 praesentium
2896 1054 3161 1109 malorum
3219 1046 3654 1103 formidaremus.

2044 1151 2184 1218 QUid
2229 1155 2371 1207 enim
2400 1166 2563 1222 grave
2598 1151 2722 1205 est?
2758 1150 2838 1203 An
2868 1146 3051 1202 mors?
3091 1143 3438 1214 Nequaquam
3477 1137 3658 1209 gravis

2044 1255 2129 1300 est
2160 1246 2250 1300 illa
2286 1263 2298 1297 :
2329 1245 2487 1300 citius
2517 1244 2660 1298 enim
2710 1242 2778 1297 ad
2825 1238 3175 1309 tranquillum
3231 1243 3446 1304 portutn
3495 1229 3658 1284 deve-

2046 1338 2278 1392 niemus.
2317 1337 2396 1398 An
2440 1336 2703 1389 bonormn
2737 1329 3162 1404 publicationes?
3195 1323 3388 1380 Nudus
3422 1334 3657 1394 egressus

2044 1446 2156 1482 sum
2183 1429 2246 1483 de
2260 1439 2398 1483 ntcro
2421 1428 2599 1482 matris
2622 1442 2746 1480 mea:
2762 1468 2777 1492 ,
2803 1434 2849 1480 et
2866 1424 3034 1477 nudus
3055 1429 3278 1475 revertar
3296 1416 3420 1488 (Job
3460 1417 3508 1468 l.
3533 1414 3652 1484 2|).

2043 1520 2182 1576 Num
2235 1521 2465 1575 exsilia?
2516 1519 2728 1574 Domini
2781 1527 2856 1571 est
2910 1527 3078 1577 terra,
3131 1523 3177 1566 et
3234 1507 3498 1580 plenitudo
3545 1506 3657 1576 ejus

2046 1613 2270 1684 (Psalm.
2298 1615 2389 1669 25.
2415 1614 2496 1686 2).
2526 1611 2666 1668 Num
2697 1607 3025 1666 calumnim?
3058 1605 3286 1661 Gaudete
3315 1613 3362 1656 et
3384 1598 3653 1661 exsultate,

2043 1722 2162 1761 cum
2189 1707 2414 1761 dixerint
2455 1722 2606 1760 omne
2631 1705 2823 1758 malum
2851 1703 3052 1755 verbum
3099 1698 3370 1750 adversum
3398 1707 3485 1745 vos
3512 1705 3658 1743 men-

2045 1804 2264 1865 tientes,
2321 1799 2565 1869 quoniam
2620 1813 2811 1850 merces
2860 1804 3025 1848 vestra
3076 1789 3241 1843 multa
3292 1796 3364 1841 est
3413 1786 3466 1837 in
3519 1782 3658 1837 ra’lis

2047 1893 2259 1968 (Matth.
2309 1892 2362 1945 5.
2408 1891 2519 1960 19.).
2576 1889 2834 1943 Videbam
2876 1886 3116 1957 gladios,
3174 1893 3228 1937 et
3270 1881 3458 1934 cadum
3505 1875 3653 1942 cogi-

2047 1987 2223 2040 tabam
2254 2002 2266 2036 :
2297 1982 2682 2053 exspectabam
2708 1970 2959 2042 mortem,
2990 1987 3043 2032 et
3069 1979 3120 2030 in
3146 1983 3379 2028 mentem
3410 1968 3658 2023 veniebat

2045 2077 2372 2131 resurrectio
2401 2092 2413 2127 :
2451 2075 2545 2127 has
2573 2072 2789 2126 infimas
2820 2083 3089 2124 :erumnas
3126 2063 3414 2119 cernebam
3434 2102 3446 2123 ,
3479 2068 3534 2111 et
3563 2073 3656 2110 su-

2044 2183 2211 2240 perna
2244 2167 2462 2236 praemia
2507 2164 2857 2220 uumerabam
2885 2181 2896 2214 :
2934 2160 3154 2214 insidias
3186 2154 3571 2215 observabant,
3605 2163 3659 2204 et

2045 2275 2338 2330 supernam
2391 2273 2649 2314 coronam
2697 2255 3037 2316 meditabar;
3092 2251 3446 2307 certaminum
3495 2261 3658 2315 argu-

2045 2362 2285 2407 mentum
2318 2353 2449 2406 satis
2475 2359 2593 2406 erat
2618 2350 2683 2403 ad
2714 2347 3163 2403 consolationem.
3196 2339 3509 2396 Abdocebar
3550 2337 3658 2390 uti--

2045 2463 2178 2517 que;
2212 2446 2311 2501 sed
2344 2446 2395 2500 id
2443 2444 2574 2500 mihi
2602 2443 2946 2498 contumelia:
2990 2456 3095 2493 non
3125 2451 3236 2492 erat
3273 2455 3284 2490 :
3329 2448 3430 2486 una
3459 2432 3658 2500 quippe

2045 2540 2371 2594 centumelia
2402 2546 2515 2601 est,
2551 2546 2850 2607 peccatum.
2893 2535 3046 2588 Licet
3075 2531 3216 2586 enim
3257 2539 3306 2584 te
3339 2536 3482 2582 totus
3511 2524 3657 2578 orbis

2046 2632 2373 2686 contmnelia
2403 2630 2661 2694 olfecerit,
2697 2630 2740 2682 si
2773 2644 2891 2682 eam
2925 2637 2977 2680 tu
3015 2626 3106 2679 tibi
3141 2625 3255 2692 ipse
3286 2636 3391 2673 non
3423 2618 3654 2677 inferas,

2046 2741 2382 2795 nequaquam
2409 2722 2734 2779 contumelia
2764 2720 2990 2775 allectus
3015 2734 3095 2773 es.
3128 2715 3365 2771 Proditio
3392 2728 3452 2767 ea
3484 2710 3656 2765 solum

2051 2828 2156 2886 est,
2188 2835 2307 2888 qua:
2339 2833 2406 2873 ex
2453 2817 2782 2872 conscientia
2831 2811 3093 2884 procedit.
3143 2809 3221 2864 Ne
3268 2819 3411 2862 tuam
3464 2803 3660 2874 prodas

2045 2911 2432 2966 conscientiam
2467 2921 2517 2966 et
2551 2923 2710 2964 nemo
2743 2915 2792 2961 te
2825 2905 3037 2978 prodet.
3087 2900 3412 2958 Abdueebar
3433 2942 3447 2965 ,
3476 2909 3531 2952 et
3575 2897 3656 2950 vi.

2046 3006 2239 3061 debam
2269 3005 2512 3075 negotia;
2548 3003 2655 3056 imo
2683 3002 2859 3072 potius
2892 2998 3052 3053 verba
3076 3011 3192 3051 mea
3222 2995 3273 3048 in
3301 2993 3512 3063 negotia
3531 3005 3659 3044 con-

2009 3116 2224 3164 versa,
2269 3113 2466 3168 nempe
2502 3099 2819 3152 concionem
2879 3108 3078 3156 meam,
3123 3106 3285 3160 quam
3336 3086 3514 3141 verbis
3558 3084 3658 3138 ha-

2046 3195 2293 3260 bueram,
2345 3193 2398 3246 in
2437 3192 2554 3245 foro
2596 3205 2690 3260 per
2727 3202 2816 3242 res
2863 3187 3008 3255 ipsas
3037 3183 3438 3238 denunciatam.
3486 3179 3657 3245 Quam

2047 3288 2407 3346 concionem?
2437 3287 2568 3342 Eam
2618 3299 2777 3353 quam
2819 3289 3037 3351 semper
3068 3277 3335 3333 dicebam.
3365 3271 3662 3328 lnsufllavit.

2048 3394 2260 3444 ventus,
2291 3391 2344 3434 et
2373 3379 2498 3434 folia
2536 3376 2754 3447 dejecit.
2781 3369 3109 3427 Exsiccata»:
3141 3377 3214 3424 est
3246 3373 3456 3439 fteuum,
3489 3376 3536 3418 et
3561 3364 3659 3434 ﬂor

2048 3473 2458 3544 deciditUlesai.
2482 3471 2572 3526 40.
2592 3469 2669 3541 8).
2689 3467 2835 3523 Abiit
2861 3482 2988 3532 nox,
3013 3474 3061 3520 et
3090 3462 3264 3516 illuxit
3291 3461 3435 3524 dies;
3461 3457 3658 3526 rejecta

2048 3582 2130 3626 est
2153 3569 2362 3633 umbra,
2388 3575 2443 3621 et
2471 3565 2719 3636 apparuit
2742 3562 2959 3615 veritas.
2991 3557 3367 3612 Aseenderont
3398 3568 3564 3620 usque
3593 3551 3658 3604 ad

2048 3664 2231 3730 Caelos,
2265 3673 2318 3717 et
2353 3657 2754 3716 descenderunt
2787 3667 2958 3723 usque
2993 3651 3058 3704 ad
3110 3647 3406 3719 planitiem.
3438 3644 3660 3699 Fluctus

2049 3758 2216 3821 enim,
2251 3756 2340 3824 qui
2371 3769 2428 3808 se
2473 3753 2528 3806 in
2575 3752 2742 3805 altum
2784 3747 3111 3806 extulerant,
3142 3757 3238 3811 per
3279 3739 3510 3794 humana
3559 3752 3658 3790 ne»

2048 3849 2192 3920 gotia
2234 3845 2478 3917 depressi
2529 3851 2675 3898 sunt.
2710 3837 3034 3908 Quomodo?
3065 3835 3315 3889 Doctrina
3358 3837 3514 3885 erant
3558 3845 3658 3894 ea,

2048 3957 2169 4012 quae
2226 3947 2375 4009 gesta
2418 3945 2562 3991 sunt.
2609 3934 2677 3989 Et
2727 3931 2972 3986 dicebam
3026 3929 3165 3981 intra
3211 3924 3476 3993 meipsum
3517 3938 3529 3974 :
3578 3922 3658 3974 An

2050 4033 2253 4104 posteri
2286 4031 2413 4085 hinc
2458 4025 2907 4083 erudientttrtan
2960 4019 3171 4075 duohus
3221 4032 3326 4069 non
3378 4012 3662 4104 transactis

2049 4103 2238 4181 diebus
2265 4123 2404 4188 haec,
2434 4135 2554 4191 qua:
2592 4127 2741 4187 gesta
2783 4124 2928 4178 sunt,
2968 4109 3222 4165 oblivioni
3266 4117 3391 4160 sunt
3433 4103 3661 4156 tradita?

2051 4219 2322 4274 Manentia
2374 4223 2528 4268 erant
2568 4212 2656 4264 illa
2701 4209 2926 4262 monita.
2971 4205 3179 4258 Rursus
3223 4199 3419 4259 dicam,
3466 4197 3658 4249 iterum

2050 4315 2257 4382 loquar.
2294 4311 2424 4376 Qua:
2456 4307 2582 4360 hinc
2621 4301 2859 4356 utilitas?
2889 4299 3001 4353 lmo
3047 4296 3250 4348 utilitas
3281 4291 3476 4344 aderit.
3513 4286 3660 4382 Licet

2053 4380 2197 4460 enim
2228 4419 2334 4456 non
2364 4413 2552 4455 onmcs
2574 4397 2812 4458 audiant,
2845 4407 2967 4462 pars
2989 4389 3178 4442 saltem
3203 4383 3422 4439 dimidia
3449 4380 3658 4441 audiet;

2049 4499 2094 4553 si
2124 4511 2223 4551 nec
2251 4494 2471 4550 dimidia
2503 4506 2647 4561 pars,
2682 4490 2872 4543 saltem
2927 4483 3119 4546 tertia;
3152 4481 3194 4533 si
3248 4493 3422 4547 neque
3468 4474 3658 4534 tertia,

2051 4598 2278 4660 quarta;
2309 4591 2352 4641 si
2392 4601 2497 4638 non
2547 4590 2736 4653 quarta
2785 4592 2931 4648 pars,
2969 4575 3159 4630 saltem
3210 4571 3431 4632 decem;
3464 4565 3506 4620 si
3553 4581 3657 4618 non

2050 4655 2263 4741 decem,
2310 4678 2581 4748 quinque;
2629 4673 2673 4727 si
2723 4687 2826 4724 non
2871 4668 3134 4739 quinque,
3181 4662 3370 4716 saltem
3417 4673 3585 4718 unus;
3616 4655 3659 4708 si

2054 4790 2230 4844 neque
2261 4787 2418 4835 unus,
2451 4785 2550 4840 ego
2583 4776 2823 4837 paratam
2856 4760 3160 4816 mercedem
3194 4756 3383 4808 habet).
3419 4752 3659 4805 Exsircu»

2052 4879 2158 4922 tum
2180 4875 2251 4921 est
2277 4871 2485 4937 fanum,
2519 4872 2564 4915 ct
2586 4863 2684 4932 ﬂos
2710 4857 2895 4911 decidit
2921 4872 2938 4909 :
2961 4854 3161 4908 verbum
3188 4861 3354 4902 autem
3377 4846 3473 4901 Dei
3495 4854 3660 4898 mane:

2050 4962 2104 5015 in
2133 4968 2381 5014 wternum
2411 4955 2615 5028 (Ilcsai.
2649 4952 2738 5007 ΔΟ.
2767 4952 2845 5020 8).

2121 5056 2177 5109 '5.
2223 5051 2531 5105 Diuitiarum
2561 5049 2670 5118 quis
2702 5063 2842 5100 usus.
2874 5073 2946 5084 --
2980 5040 3268 5095 Vidistisue
3307 5038 3661 5092 hmnanarum

2051 5162 2229 5200 rermn
2257 5142 2554 5197 vilitatem?
2585 5139 2863 5198 vidistisne
2893 5136 3143 5202 potentiae
3175 5127 3558 5199 fragilitatem?
3589 5127 3663 5179 vi-

2050 5241 2274 5295 distisne
2301 5237 2535 5303 divitias,
2566 5250 2698 5305 quas
2727 5246 2941 5300 semper
2968 5229 3213 5298 fugitivus
3235 5226 3483 5279 dixerant
3509 5264 3522 5287 ,
3559 5239 3660 5276 ιιυιι

2051 5331 2212 5387 modo
2241 5329 2487 5400 fugitivas
2513 5371 2527 5394 ,
2559 5327 2654 5382 sed
2686 5326 2846 5380 etiam
2879 5320 3217 5376 homicidas?
3250 5316 3363 5370 Non
3397 5316 3540 5369 enim
3571 5329 3650 5366 so-

2051 5426 2160 5479 lmn
2185 5440 2244 5478 se
2272 5420 2612 5491 possidentes
2635 5419 2912 5480 deserunt,
2941 5413 3034 5468 sed
3058 5412 3217 5466 etiam
3235 5408 3516 5479 jngulant:
3543 5423 3662 5458 eum

2050 5519 2193 5573 enim
2221 5518 2341 5586 quis
2370 5530 2462 5570 eas
2492 5513 2729 5567 studiose
2759 5511 2888 5564 colit
2910 5551 2922 5572 ,
2957 5518 3066 5561 tum
3099 5505 3327 5559 maxime
3361 5503 3460 5556 illa!
3490 5503 3657 5555 culto.

2053 5628 2164 5667 rem
2195 5626 2349 5664 suum
2383 5607 2636 5679 produnt.
2670 5606 2776 5660 Cur
2803 5604 3016 5658 divitias
3043 5601 3196 5662 colis,
3231 5617 3348 5668 ψιιυ
3380 5597 3538 5648 hodie
3570 5612 3659 5663 ie-

2053 5722 2149 5760 nes
2181 5715 2230 5759 te
2256 5712 2401 5770 sunt,
2431 5719 2552 5757 cras
2584 5716 2748 5769 penes
2775 5697 2976 5751 alium?
3003 5712 3097 5749 cur
3120 5694 3332 5746 tliiitias
3361 5692 3665 5757 ι·‹ι11ς,‹μι.‹-

2052 5813 2342 5869 numquam
2386 5795 2606 5851 retineri
2640 5800 2855 5864 possunt
2885 5793 2906 5842 7
2938 5790 3026 5844 Vi;
3059 5804 3150 5843 cas
3180 5785 3400 5840 Colere?
3433 5783 3512 5836 \l':
3535 5799 3633 5842 im
