4046 6464
377 300 480 358 399

376 424 543 482 nere?
564 422 642 480 Ne
659 420 897 479 defodias
912 434 1024 484 eas,
1049 418 1145 476 sed
1167 418 1219 474 in
1245 432 1533 490 pauperum
1556 429 1747 471 manus
1764 411 1965 469 tradas.

378 515 530 573 Ferae
570 522 697 571 sunt
739 513 982 570 divitias:
1021 512 1066 566 si
1098 510 1464 575 retineantur,
1505 508 1749 579 fugiunt;
1791 507 1839 562 si
1880 504 1965 560 di-

376 614 712 677 spergautur,
744 611 979 658 manent.
1006 602 1138 656 Nam
1160 599 1432 671 Dispersa,
1461 599 1648 669 inquit,
1673 597 1811 652 dedit
1835 612 1968 667 pau-

377 696 612 766 peribus,
641 694 836 761 iustitia
859 695 968 766 ejus
993 701 1159 747 manet
1186 693 1239 746 in
1265 690 1508 746 amcitiam
1537 688 1708 763 (Psal.
1736 689 1858 743 lli.
1882 685 1964 757 9).

378 788 654 858 Disperge,
688 795 743 842 ut
774 793 1062 843 maneant:
1097 800 1165 840 ne
1194 783 1454 848 defodias,
1490 798 1555 837 ne
1586 782 1805 851 fugiant.
1834 778 1966 835 Ubi-

380 892 501 931 nam
531 885 657 933 sunt
698 874 946 931 divitias?
988 884 1048 931 ut
1091 874 1298 946 placide
1342 874 1662 943 interrogem
1708 886 1839 938 eos,
1875 871 1967 941 qui

377 976 507 1023 tunc
528 966 925 1025 abscesserunt.
956 965 1082 1022 Haec
1106 974 1285 1021 autem
1316 978 1424 1019 non
1447 963 1781 1033 exprobrans
1804 961 1924 1018 dico
1950 1003 1965 1029 ,
1990 980 2000 991 -

381 1074 554 1129 neque
578 1059 759 1116 ulcera
787 1057 1070 1126 refricans,
1098 1058 1258 1125 absit,
1284 1056 1377 1114 sed
1405 1065 1464 1112 ut
1491 1057 1720 1113 aliorum
1752 1054 1969 1111 naufra-

380 1151 465 1222 gia
505 1150 558 1206 in
600 1159 813 1221 portum
840 1150 992 1206 vobis
1032 1159 1357 1206 convertam.
1382 1148 1525 1207 .Cnm
1573 1149 1809 1215 milites,
1848 1162 1969 1203 cum

380 1242 543 1314 gladii
562 1243 784 1299 aderant
804 1256 955 1311 ,cum
972 1239 1100 1297 urbs
1122 1240 1525 1310 incendebatur,
1545 1255 1667 1296 cum
1690 1239 1933 1295 diadema
1953 1231 1981 1269 ι’

382 1329 511 1388 nihil
542 1341 787 1403 poterat,
813 1347 936 1388 cum
974 1347 1205 1403 purpura
1243 1331 1580 1387 contumeliis
1621 1330 1968 1392 afficiebatur,

383 1441 505 1482 cum
531 1426 710 1481 omnia
752 1424 933 1480 furore
971 1424 1125 1495 plena
1152 1434 1305 1480 erant
1324 1466 1339 1489 ,
1372 1425 1587 1479 ubinam
1616 1423 1855 1479 divitize?
1884 1422 1972 1477 ubi

383 1530 505 1571 vasa
536 1515 832 1587 argentea?
860 1514 948 1570 ubi
976 1516 1213 1586 argentei
1240 1515 1402 1584 lecti?
1430 1514 1516 1571 ubi
1559 1514 1837 1571 domestici
1862 1513 1887 1567 ?
1915 1514 1973 1569 In

384 1608 506 1680 fuga
534 1621 743 1663 omnes.
766 1606 869 1664 Ubi
894 1606 1173 1664 eunuchi?
1198 1609 1397 1663 Omnes
1422 1622 1543 1663 sese
1572 1609 1973 1678 proripuerunt.

386 1700 483 1758 Ubi
510 1699 707 1755 amici?
728 1699 928 1754 Larvas
952 1698 1241 1769 ponebant.
1266 1697 1368 1755 Ubi
1394 1698 1581 1753 domus
1597 1697 1621 1751 ‘l
1640 1697 1977 1753 Clandeban-

386 1803 491 1847 tur.
526 1790 949 1861 Ubi-pecuniae?
977 1789 1173 1845 Earum
1218 1803 1497 1871 possessor
1532 1787 1758 1860 aufugit.
1790 1789 1854 1844 Et
1882 1790 1974 1844 ubi

386 1881 598 1937 tandem
626 1882 865 1951 pecuniae
886 1881 911 1932 Ἰ
934 1878 1172 1936 Defessa:
1197 1888 1346 1935 sunt.
1376 1878 1604 1935 Ubinam
1646 1878 1976 1935 reconditae?

385 1970 521 2028 Num
543 1972 799 2027 molestus
821 1972 973 2027 vobis
992 1986 1131 2037 sum,
1158 1986 1286 2026 num
1306 1985 1587 2036 onerosus,
1615 1970 1753 2026 dum
1768 1985 1980 2040 semper

386 2066 527 2130 dice,
559 2066 770 2122 divitias
792 2083 887 2123 eos
913 2110 929 2137 ,
964 2067 1055 2138 qui
1086 2067 1216 2138 ipsis
1250 2066 1390 2122 male
1416 2073 1656 2130 utuntur,
1707 2063 1980 2134 prodere?

387 2157 541 2212 Venit
591 2167 799 2228 tempus
823 2200 838 2226 ,
886 2173 994 2229 quo
1033 2158 1316 2215 verborum
1359 2157 1559 2214 veritas
1587 2154 1976 2212 ostenderetur.

387 2247 523 2314 Quid
548 2263 642 2304 eas
666 2249 865 2304 retines
888 2290 904 2316 ,
946 2264 1066 2320 quae
1105 2250 1158 2305 in
1201 2248 1493 2305 tentatione
1532 2247 1664 2302 nihil
1704 2258 1755 2304 te
1792 2249 1980 2317 iuvare

388 2342 653 2409 possunt?
679 2340 736 2397 Si
764 2341 891 2412 quid
932 2341 1133 2397 habent
1154 2342 1368 2407 virium,
1416 2341 1593 2402 adsint
1632 2340 1727 2396 tibi
1763 2355 1885 2395 cum
1925 2340 1977 2395 in

390 2431 765 2488 necessitatem
811 2431 1108 2488 incideris:
1140 2432 1186 2488 si
1230 2442 1357 2488 tunc
1393 2432 1677 2503 diffugiunt
1702 2473 1718 2497 ,
1763 2432 1976 2487 cuinam

390 2521 486 2577 tibi
519 2525 636 2578 usui
665 2523 831 2578 sunt?
859 2524 994 2594 Ipsa}
1022 2538 1109 2579 res
1135 2524 1506 2580 testificantur.
1537 2525 1794 2592 Quaenam
1819 2539 1884 2579 ex
1916 2523 1983 2577 iis

393 2614 638 2670 utilitas?
664 2615 838 2673 Gladii
863 2616 1037 2684 acuti,
1068 2631 1215 2673 mors
1243 2618 1528 2672 imminens
1553 2658 1569 2683 ,
1598 2616 1870 2672 exercitus
1895 2615 1985 2671 fu-

392 2721 538 2772 rens,
564 2716 642 2762 tot
670 2708 928 2762 minarum
950 2708 1279 2778 exspectatio
1305 2726 1317 2763 :
1341 2707 1545 2763 divitiae
1566 2722 1693 2763 vero
1718 2722 1982 2777 nusquam

387 2807 718 2868 comparent.
749 2799 865 2866 Quo
893 2813 954 2853 se
993 2798 1363 2854 subduxerunt
1401 2799 1505 2854 illa:
1542 2798 1821 2870 fugitiva?
1849 2799 1986 2871 [pste

391 2890 487 2945 tibi
515 2888 629 2944 haec
649 2890 826 2945 omnia
858 2890 994 2944 mala
1021 2899 1375 2960 procurarunt
1399 2932 1415 2958 ,
1456 2900 1512 2945 et
1540 2892 1593 2945 in
1620 2900 1860 2960 tempore
1889 2904 1987 2946 ne-

389 2981 658 3037 cessitatis
684 2981 909 3052 fugiunt.
939 2980 1272 3051 Quamquam
1301 2996 1387 3036 me
1412 2981 1563 3036 multi
1591 2996 1805 3051 semper
1829 2995 1987 3036 accu-

391 3080 513 3125 sant
536 3113 551 3136 ,
582 3071 723 3141 quod
748 3071 939 3127 divites
965 3071 1227 3127 incessam
1260 3088 1273 3127 :
1301 3080 1353 3125 at
1382 3071 1456 3126 illi
1484 3086 1747 3142 pauperes
1773 3087 1991 3142 semper

392 3161 685 3216 incessunt.
726 3160 837 3232 Ego
881 3177 1007 3216 vero
1048 3176 1263 3232 semper
1304 3161 1515 3216 incesso
1559 3162 1792 3227 divites;
1838 3178 1944 3217 non
1970 3204 1986 3229 ,

396 3252 610 3321 inquam
633 3292 650 3317 ,
677 3251 870 3307 divites
892 3292 907 3318 ,
940 3251 1033 3307 sed
1066 3266 1159 3307 eos
1182 3293 1198 3319 ,
1230 3252 1318 3322 qui
1345 3251 1485 3306 male
1512 3250 1715 3306 divitiis
1742 3259 1990 3307 utuntur.

396 3343 621 3421 Semper
661 3343 803 3398 enim
851 3344 973 3399 dico
1016 3359 1102 3400 me
1145 3359 1251 3400 non
1298 3344 1567 3400 criminari
1608 3343 1826 3399 divitem
1851 3385 1866 3410 ,
1898 3344 1992 3399 sed

397 3451 668 3506 rapacem.
696 3437 853 3492 Aliud
881 3437 1033 3492 dives
1054 3479 1069 3502 ,
1098 3437 1241 3493 aliud
1268 3454 1429 3509 rapax
1461 3454 1476 3504 ;
1507 3438 1649 3492 aliud
1680 3439 1988 3508 opulentus,

399 3525 541 3581 aliud
581 3540 794 3580 avarus.
849 3527 956 3583 Res
984 3528 1249 3599 distingue
1268 3570 1282 3595 ,
1316 3544 1384 3583 ne
1410 3527 1707 3584 confundas
1733 3544 1794 3584 ea
1822 3570 1840 3594 ,
1868 3544 1990 3599 qua).

397 3617 731 3673 commisceri
776 3634 883 3672 non
925 3629 1163 3687 possunt.
1214 3620 1369 3674 Dives
1412 3620 1516 3675 es?
1562 3619 1677 3675 Non
1709 3620 1991 3690 prohibeo.

404 3708 582 3779 Rapax
612 3708 715 3763 es?
742 3708 855 3763 Hoc
876 3709 946 3764 do
968 3710 1196 3764 crimini.
1225 3710 1335 3764 Tua
1366 3711 1650 3781 possides?
1679 3712 1767 3765 llis
1794 3711 1992 3766 fruare.

403 3800 589 3856 Aliena
634 3802 821 3872 rapis?
864 3801 977 3856 Non
1024 3802 1181 3858 sileo.
1212 3801 1302 3858 Vis
1331 3818 1417 3858 me
1456 3803 1740 3874 lapidare?
1771 3804 1997 3858 Paratus

404 3907 520 3946 sum
548 3893 857 3962 sanguinem
880 3893 1221 3963 profundere,
1245 3906 1520 3966 peccatum
1548 3897 1824 3951 dumtaxat
1849 3905 1997 3951 tuum

407 3984 685 4052 prohibeo.
713 3984 833 4039 Non
855 4001 984 4041 curo
1004 3987 1123 4041 odia
1148 4030 1165 4055 ,
1198 4003 1303 4042 non
1333 3988 1565 4043 bellum:
1591 4004 1690 4043 una
1715 3988 1844 4043 mihi
1871 4004 1999 4044 cura

406 4084 490 4130 est
534 4076 837 4131 auditorum
868 4079 1156 4147 profectus.
1185 4079 1303 4134 Filii
1333 4082 1435 4136 mei
1467 4091 1589 4134 sunt
1613 4082 1835 4153 perinde
1860 4082 1999 4137 divi-

410 4176 490 4221 tes
534 4174 693 4236 atque
740 4182 1039 4239 pauperes:
1075 4172 1261 4226 ambos
1298 4173 1440 4225 enim
1483 4173 1670 4227 eadem
1720 4175 2002 4245 parturivit

410 4256 561 4311 alvus
581 4298 594 4321 ,
624 4256 810 4313 iisdem
838 4259 996 4315 ambo
1021 4260 1295 4316 doloribus
1322 4263 1450 4317 nati.
1482 4263 1540 4318 Si
1580 4263 1759 4335 itaque
1800 4281 2000 4336 paupe-

415 4364 525 4402 rem
556 4349 809 4414 incessas,
836 4359 887 4404 te
909 4366 1072 4422 arguo
1093 4370 1106 4406 :
1130 4368 1237 4407 non
1261 4362 1463 4407 tantum
1486 4363 1569 4409 est
1588 4355 1839 4409 damnum
1870 4372 2000 4427 pau—

413 4439 557 4508 peris
575 4481 589 4504 ,
617 4448 869 4509 quantum
896 4440 1092 4496 divitis.
1122 4441 1253 4495 Nam
1291 4459 1493 4513 pauper
1517 4460 1622 4499 non
1655 4447 1877 4501 multum
1901 4447 2001 4502 de-

414 4533 649 4587 trimenti
703 4536 895 4603 patitur
928 4551 941 4598 ;
972 4535 1023 4588 in
1070 4537 1308 4604 pecuniis
1333 4539 1474 4591 enim
1505 4539 1751 4593 laeditur:
1784 4549 1839 4594 tu
1865 4557 1995 4597 vero

416 4626 467 4677 in
494 4626 669 4678 anima
700 4623 928 4678 lat-deris.
961 4624 1060 4690 Qui
1087 4626 1219 4691 vult,
1250 4628 1440 4693 caedat,
1470 4629 1733 4698 lapidibus
1763 4630 2005 4700 impetat,

418 4716 543 4772 odio
568 4717 760 4771 habeat
784 4735 796 4771 :
822 4718 1043 4772 materia
1070 4706 1263 4790 quippe
1286 4735 1605 4775 Coronarum
1634 4722 1839 4779 insidia:
1861 4733 2006 4791 sunt,

420 4812 759 4880 praemiorum
789 4809 930 4865 idem
956 4826 1211 4867 numerus
1230 4853 1245 4877 ,
1272 4814 1358 4883 qui
1390 4814 1685 4869 vulnerum.

492 4900 547 4953 4.
580 4898 760 4953 Solum
790 4910 1050 4969 peccatum
1076 4901 1261 4956 [cedere
1283 4914 1463 4973 potest.
1494 4935 1567 4945 —-
1593 4906 1817 4962 Insidias
1847 4907 2008 4979 igitur

422 5005 528 5045 non
557 4993 717 5046 timeo
744 5010 757 5045 :
787 5009 949 5047 unum
978 4994 1161 5058 timeo,
1193 5007 1490 5065 peccatum.
1522 4998 1598 5053 Ne
1630 5015 1716 5055 me
1737 5002 1856 5070 quis
1885 5018 2011 5072 pec-

422 5090 527 5140 cati
557 5100 779 5155 arguere
811 5087 1014 5155 possit,
1055 5096 1110 5141 et
1136 5095 1280 5143 totus
1303 5091 1448 5144 orbis
1477 5108 1561 5146 ine
1594 5091 1737 5148 bello
1765 5094 2005 5164 impetat.

430 5178 539 5233 lloc
568 5180 762 5248 quippe
807 5178 1003 5233 bellum
1041 5194 1129 5234 me
1174 5175 1592 5249 splendidiorem
1634 5183 1819 5240 efficit.
1850 5188 1926 5242 Ita
1955 5197 2010 5243 et

429 5286 527 5325 vos
556 5272 829 5327 instituere
855 5272 997 5327 volo.
1043 5272 1120 5327 Ne
1161 5274 1390 5329 linteatis
1434 5276 1653 5332 insidias
1688 5278 1784 5333 viri
1827 5289 2015 5349 poten-

430 5363 497 5418 tis
526 5364 545 5394 ³
570 5404 586 5430 ,
618 5364 710 5421 sed
747 5364 933 5419 timete
971 5364 1341 5435 vim'peccati.
1372 5367 1545 5422 llomo
1584 5378 1635 5424 te
1674 5386 1784 5425 non
1813 5371 2006 5435 laedet,

496 5566 521 5626 ξ
544 5568 681 5626 Unus
702 5563 771 5612 sic
794 5561 959 5626 habet,
986 5575 1096 5611 cum
1120 5563 1234 5626 ttrbs
1272 5562 1634 5626 ostendebatur,
1659 5582 1769 5618 cum
1791 5569 2017 5621 intolera-

434 5619 545 5693 bilis
578 5625 728 5684 furor,
762 5622 1035 5693 ergn‘lcges
1068 5625 1395 5687 calcabantur,
1429 5641 1537 5678 cum
1584 5619 1721 5693 reges
1755 5619 2020 5684 contéiiuié-

436 5685 625 5741 bantur,
649 5700 757 5734 cum
780 5684 1023 5734 diadema.

498 5750 519 5781 ι
552 5755 661 5798 ttzec
687 5748 853 5806 verba,
889 5760 946 5799 nc
978 5746 1184 5800 timentis
1216 5748 1416 5802 insidias
1459 5752 1551 5805 viri
1589 5756 1820 5819 potentis,
1857 5767 1907 5809 et
1942 5772 2019 5810 se-

1137 303 1201 362 S.
1237 299 1517 360 JOANNIS
1552 290 2027 356 CllRYSOS'l'OMl
2064 291 2382 349 ARCHIEP.
2426 291 2966 352 CONSTANTINOP.

3560 284 3666 348 ιω

2074 411 2174 465 ιιἰεί
2198 420 2253 467 tu
2280 410 2528 484 teipsum.
2552 413 2610 469 Si
2635 424 2912 484 peccatum
2941 427 3047 467 non
3075 411 3296 480 habeas,
3318 420 3374 466 et
3400 411 3652 467 innumer

2073 502 2251 558 adsint
2273 503 2455 574 gladii,
2486 514 2539 560 te
2562 505 2701 560 Deus
2725 504 2953 575 eripiet;
2985 503 3031 558 si
3058 509 3334 574 peccatum
3362 500 3583 565 habeas,
3610 510 3670 556 et

2074 594 2128 649 in
2156 593 2405 663 paradiso
2446 594 2652 662 fueris,
2692 595 2816 652 inde
2857 594 3095 651 excides.
3150 593 3209 649 In
3254 593 3504 665 paradiso
3546 601 3666 649 erat

2076 684 2267 749 Adam,
2293 694 2351 740 et
2385 686 2614 753 cecidit;
2646 687 2699 741 in
2727 686 2855 742 fimo
2888 687 3113 743 sedebat
3150 684 3274 752 Job,
3302 695 3356 741 et
3383 693 3675 741 coronatus

2076 788 2178 831 ρει.
2201 776 2337 845 Quid
2362 776 2438 832 illi
2462 778 2660 846 profuit
2678 778 2980 850 paradisus,
3003 778 3130 848 quid
3150 777 3275 833 huic
3290 776 3461 832 obfuit
3481 776 3673 832 fimus?

2076 867 2161 922 llli
2190 882 2348 924 nemo
2376 868 2750 937 insidiabatur,
2772 878 2828 926 et
2851 869 3227 941 supplantatus
3254 876 3371 934 est;
3402 868 3526 924 huic
3550 869 3671 924 din-

2076 959 2231 1015 bolus
2277 958 2663 1029 insidiabatur,
2698 969 2754 1016 et
2789 969 3075 1017 coronatus
3097 970 3200 1016 est.
3242 958 3435 1016 Nonne
3460 957 3677 1014 faculta-

2080 1059 2159 1107 tes
2183 1051 2299 1121 ejus
2325 1051 2583 1109 abstulit?
2618 1051 2726 1108 Sed
2767 1052 3018 1122 pietatem
3061 1066 3167 1107 non
3210 1051 3435 1122 eripuit.
3483 1049 3676 1105 Nonne

2080 1143 2221 1201 filios
2244 1145 2363 1216 ejus
2386 1144 2771 1201 sustulit?Sed
2811 1145 2978 1203 ﬁdem
3013 1160 3120 1200 non
3159 1144 3441 1200 succussit.
3485 1142 3676 1198 Nonne

2078 1250 2274 1307 corpus
2318 1236 2436 1306 ejus
2470 1236 2780 1292 sauciavit?
2816 1235 2921 1292 Sed
2950 1236 3260 1292 thesaurum
3297 1250 3405 1290 non
3446 1233 3671 1289 invenit.

2079 1328 2268 1386 Nonne
2288 1344 2512 1386 uxorem
2531 1329 2651 1401 ejus
2677 1331 2842 1386 armis
2864 1329 3153 1386 instruxit?
3179 1328 3287 1385 Sed
3314 1327 3537 1383 militem
3565 1342 3676 1382 non

2080 1422 2390 1490 prostravit.
2421 1421 2611 1478 Nonne
2655 1423 2759 1477 tela
2800 1422 3125 1493 sagittasque
3167 1418 3390 1476 emisit?
3432 1418 3537 1476 Sed
3586 1418 3678 1475 ille

2081 1512 2297 1567 vulnera
2322 1526 2430 1568 non
2455 1514 2681 1585 accepit.
2724 1512 2998 1569 Machinas
3035 1512 3312 1579 admovit,
3355 1509 3451 1569 sed
3486 1512 3675 1566 turrim

2082 1620 2188 1661 non
2216 1607 2521 1675 quassavit;
2552 1606 2746 1663 ﬂuctus
2784 1606 3030 1673 induxit,
3071 1606 3166 1663 sed
3206 1621 3396 1662 navem
3444 1620 3551 1660 non
3580 1604 3678 1660 de-

2083 1699 2287 1754 mersit.
2322 1699 2469 1755 llanc
2496 1700 2627 1754 mihi
2657 1699 2829 1771 legem
2858 1707 3071 1756 servate
3091 1738 3109 1764 ,
3139 1713 3323 1769 quaeso
3345 1738 3363 1765 ,
3392 1694 3679 1767 vestraque

2084 1802 2243 1864 tango
2260 1807 2450 1861 genua,
2470 1798 2570 1850 etsi
2600 1808 2708 1849 non
2737 1808 2919 1859 manu,
2951 1792 3137 1848 saltem
3166 1792 3367 1856 animo,
3387 1790 3682 1863 lacrymas—

2082 1900 2189 1956 que
2234 1885 2418 1942 fundo.
2461 1885 2609 1942 llanc
2647 1884 2781 1940 mihi
2819 1894 3030 1939 servate
3059 1883 3229 1953 legem
3254 1923 3270 1949 ,
3301 1890 3357 1938 et
3397 1895 3557 1938 nemo
3582 1894 3682 1935 vos

2085 1977 2263 2033 laedet.
2292 1977 2592 2047 Numquam
2630 1976 2847 2033 beatum
2880 1975 3180 2047 praedicetis
3217 1974 3476 2039 divitem;
3509 1971 3683 2027 nemi-

2086 2087 2210 2127 nem
2252 2073 2506 2127 miserum
2532 2070 2722 2126 dicatis
2764 2070 2869 2125 nisi
2904 2084 3028 2125 eum
3069 2068 3161 2139 qui
3207 2067 3260 2122 in
3304 2076 3527 2138 peccato
3567 2065 3680 2120 sit:

2086 2164 2302 2220 beatum
2332 2162 2618 2234 praedicate
2646 2177 2768 2218 eum
2798 2163 2888 2232 qui
2918 2162 2971 2216 in
3000 2161 3227 2232 justitia.
3259 2158 3376 2213 Non
3404 2156 3550 2215 enim
3582 2172 3685 2210 na-

2090 2266 2205 2311 tura
2232 2270 2412 2311 rerum
2437 2297 2451 2321 ,
2483 2255 2580 2311 sed
2611 2268 2764 2310 mens
2790 2253 3067 2310 hominum
3099 2262 3154 2309 et
3182 2252 3325 2307 hunc
3348 2261 3403 2307 et
3424 2250 3571 2306 illum
3602 2256 3687 2303 ta-

2090 2348 2195 2403 lem
2216 2346 2399 2403 cflicit.
2428 2345 2726 2417 Numquam
2751 2345 2955 2417 gladios
2985 2345 3196 2407 timeas,
3225 2343 3327 2399 nisi
3357 2341 3687 2399 conscientia

2094 2451 2145 2495 te
2169 2447 2385 2495 accuset
2416 2457 2429 2495 :
2470 2453 2759 2509 numquam
2786 2439 2975 2493 timeas
3001 2436 3055 2491 in
3083 2436 3246 2503 bello,
3282 2436 3327 2490 si
3357 2431 3689 2491 conscientia

2095 2540 2181 2585 tua
2210 2544 2342 2601 pura
2367 2533 2456 2586 sit.
2482 2528 2715 2586 Ubinam
2739 2537 2867 2585 sunt
2894 2529 2967 2597 ii,
2998 2528 3089 2599 qui
3116 2527 3240 2582 hinc
3267 2523 3691 2582 abscesserunt?

2092 2622 2279 2678 Nonne
2304 2637 2495 2678 omnes
2520 2620 2741 2677 demissi
2769 2619 3023 2677 stabant?
3053 2634 3229 2674 nonne
3254 2616 3344 2688 qui
3369 2616 3425 2671 in
3456 2615 3690 2671 maxima

2093 2713 2352 2785 dignitate
2379 2712 2657 2769 constituti
2683 2721 2859 2779 erant,
2889 2710 3190 2768 tremebant
3218 2710 3375 2764 illos?
3401 2704 3582 2763 n'onne
3605 2721 3693 2762 νει

2095 2805 2465 2861 nerabantur?
2496 2803 2603 2861 Sed
2630 2805 2776 2860 venit
2802 2812 3100 2875 peccatum,
3132 2811 3187 2858 et
3214 2802 3394 2857 omnia
3423 2808 3691 2871 prostrata

2099 2908 2268 2963 sunt;
2316 2897 2502 2953 famuli
2546 2896 2794 2966 judices,
2839 2894 3147 2950 adulatores
3194 2893 3477 2949 carnifices
3517 2890 3694 2947 effecti

2096 3000 2220 3046 sunt
2248 3007 2262 3058 ;
2294 2991 2384 3060 qui
2418 3002 2610 3044 manus
2633 2988 2749 3059 ejus
2771 2987 3172 3053 osculabantur,
3212 2987 3386 3057 ipsum
3416 2984 3485 3038 ab
3513 2984 3692 3057 eccle-

2097 3082 2173 3136 sia
2222 3081 2571 3151 abripuerunt
2596 3096 2610 3145 ;
2634 3080 2725 3149 qni
2765 3079 2879 3134 heri
2920 3094 3137 3135 manum
3176 3079 3293 3147 ejus
3328 3076 3692 3144 osculabatur,

2100 3173 2257 3229 hodie
2294 3173 2543 3228 inimicus
2572 3171 2715 3226 illius
2742 3181 2844 3226 est.
2872 3169 3096 3237 Quare?
3122 3168 3256 3235 Quia
3286 3169 3400 3223 heri
3430 3183 3536 3222 non
3566 3182 3696 3223 vere

2098 3266 2246 3321 illum
2270 3264 2541 3335 diligebat.
2567 3263 2722 3318 Vertit
2753 3271 2961 3331 tempus
2984 3303 2999 3328 ,
3042 3272 3097 3317 et
3139 3261 3301 3316 larva:
3341 3258 3696 3329 deprehensa:

2099 3369 2245 3415 sunt.
2276 3360 2469 3414 Annon
2497 3357 2609 3412 lteri
2641 3369 2832 3411 manus
2857 3354 3188 3409 osculabaris
3211 3395 3226 3419 ,
3255 3367 3487 3422 eumque
3511 3365 3697 3406 serva-

2103 3462 2293 3516 torem,
2324 3461 2627 3505 curatorem
2654 3458 2707 3503 et
2741 3447 3037 3504 beneficum
3066 3443 3339 3500 vocabas?
3367 3458 3546 3498 nonne
3582 3443 3698 3497 lau-

2102 3543 2198 3598 des
2247 3541 2464 3597 texebas
2506 3538 2866 3595 innumeras?
2902 3538 3008 3592 Cur
3051 3536 3210 3591 hodie
3254 3533 3523 3590 accusas?
3568 3532 3694 3589 lleri

2103 3633 2365 3698 laudator,
2393 3631 2554 3687 hodie
2574 3629 2894 3686 accusator?
2918 3629 3028 3683 heri
3060 3626 3265 3694 laudes,
3294 3626 3453 3681 hodie
3473 3623 3697 3680 crimina

2103 3727 2308 3783 offers?
2335 3728 2463 3791 Qua:
2493 3724 2756 3780 mutatio?
2782 3738 2901 3794 qua:
2936 3720 3248 3775 translatio?

2177 3822 2231 3876 5.
2274 3822 2343 3874 At
2370 3832 2473 3872 non
2505 3832 2605 3887 ego
2631 3816 2749 3870 talis
2778 3833 2791 3869 :
2824 3815 2914 3886 qui
2942 3814 3148 3869 insidiis
3170 3812 3483 3884 appetebar,
3514 3818 3698 3881 patro-

2108 3927 2208 3965 nus
2235 3910 2457 3966 effectus
2485 3924 2623 3964 sum.
2672 3907 2954 3962 Innumero
2994 3907 3173 3977 gravia
3207 3919 3397 3976 passus
3422 3946 3435 3970 ,
3469 3919 3576 3959 non
3605 3917 3701 3974 per

2110 4004 2225 4077 pari
2264 4003 2441 4059 retuli.
2482 4001 2767 4058 Dominum
2806 4015 2980 4055 meum
3012 4000 3212 4062 imitor,
3242 3998 3333 4067 qui
3359 3998 3411 4051 in
3437 4010 3597 4052 cruce
3621 3994 3703 4050 di-

2109 4097 2185 4151 xit
2216 4113 2230 4148 :
2264 4094 2470 4148 Dimitte
2496 4094 2565 4147 eis
2598 4108 2616 4148 :
2645 4110 2744 4146 non
2773 4092 2905 4146 enim
2935 4092 3099 4146 sciunt
3136 4089 3257 4160 quid
3303 4090 3496 4161 faciunt
3530 4086 3701 4158 (Luc.

2108 4190 2196 4244 25.
2222 4186 2348 4258 5i).
2377 4186 2501 4240 Haec
2529 4194 2704 4240 autem
2734 4183 2855 4238 dico
2880 4225 2895 4250 ,
2938 4198 3005 4237 ne
3045 4182 3305 4236 malorum
3333 4195 3429 4236 vos
3471 4179 3710 4250 suspicio

2110 4288 2436 4348 corrumpat.
2467 4278 2609 4345 Quot
2634 4278 2953 4331 mutationes
2978 4275 3318 4336 exstiterunt,
3349 4288 3412 4327 ex
3444 4287 3549 4341 quo
3577 4271 3710 4326 civi-

2112 4372 2205 4427 tati
2238 4372 2361 4425 huic
2393 4368 2599 4439 praefui,
2634 4376 2687 4423 et
2712 4382 2871 4423 nemo
2900 4365 2964 4420 ad
2994 4366 3270 4420 meliorem
3300 4379 3359 4419 se
3386 4362 3593 4433 frugem
3623 4376 3709 4419 re-

2113 4465 2283 4535 cipit?
2306 4464 2439 4520 Cum
2465 4470 2644 4518 autem
2667 4461 2807 4529 dico,
2839 4475 3017 4523 nemo,
3042 4474 3146 4514 non
3173 4472 3362 4513 omnes
3381 4454 3707 4521 condemno,

2115 4557 2271 4613 absit.
2308 4555 2422 4610 Non
2452 4554 2595 4609 enim
2635 4552 2749 4608 ﬁeri
2794 4559 2971 4623 petest
2996 4594 3010 4619 ,
3042 4561 3099 4604 ut
3126 4551 3226 4605 lioc
3253 4549 3450 4619 pingue
3477 4560 3666 4602 arvum
3698 4584 3714 4611 ,

2117 4662 2410 4709 sementem
2443 4649 2706 4719 recipiens
2730 4690 2743 4713 ,
2775 4656 3011 4717 segetem
3044 4662 3147 4699 non
3180 4642 3417 4714 proferat
3445 4660 3458 4697 :
3488 4640 3581 4696 sed
3610 4655 3712 4710 ego

2118 4741 2431 4797 insatiabilis
2451 4756 2590 4807 sum,
2617 4740 2739 4794 nolo
2768 4754 2983 4809 paucos,
3008 4735 3103 4791 sed
3125 4749 3310 4789 omnes
3332 4733 3560 4789 salutem
3584 4746 3714 4787 con-

2120 4836 2289 4906 sequi.
2316 4836 2369 4891 Si
2401 4835 2486 4889 vel
2516 4849 2651 4888 unus
2680 4841 2901 4903 pereat,
2928 4846 3027 4901 ego
3058 4830 3190 4899 perii
3214 4847 3228 4883 :
3262 4836 3391 4898 puto
3415 4841 3503 4883 me
3531 4833 3717 4896 pasto-

2122 4945 2235 4985 rem
2267 4930 2412 4982 illum
2439 4926 2633 4981 imitari
2658 4966 2673 4989 ,
2701 4925 2789 4995 qui
2817 4939 2937 4978 cum
2962 4922 3246 4990 nonaginta
3274 4934 3466 4974 novem
3494 4917 3717 4972 haberet

2119 5036 2249 5075 oves
2276 5063 2291 5085 ,
2317 5019 2382 5074 ad
2410 5034 2565 5074 unam
2593 5034 2710 5087 quae
2736 5024 3007 5072 erraverat
3044 5013 3271 5068 accurrit
3296 5010 3466 5083 (Luc.
3495 5010 3584 5065 15.
3616 5009 3651 5064 ι
3674 5009 3717 5079 ).

2122 5115 2410 5182 QnOtISque
2450 5112 2730 5181 pecuniae?
2754 5125 3033 5181 quousque
3077 5116 3359 5179 argentum
3382 5147 3398 5172 ,
3439 5118 3722 5174 quousque

2122 5223 2310 5263 aurum
2336 5250 2347 5269 ,
2379 5221 2654 5276 quousque
2684 5205 2866 5259 vinum
2898 5202 3167 5258 effusum?
3196 5214 3475 5271 quousque
3501 5196 3721 5251 famulo-

2123 5320 2239 5359 rum
2267 5298 2636 5355 adulationes?
2659 5310 2935 5368 quousque
2962 5305 3197 5349 crateres
3225 5291 3502 5348 coronati?
3523 5305 3723 5360 quous~

2127 5410 2231 5465 que
2256 5394 2489 5449 satauica
2518 5390 2780 5457 convivia,
2808 5388 3070 5444 diabolica
3097 5386 3407 5457 operatione
3434 5384 3625 5454 plena?

2124 5570 2345 5634 quentia,
2369 5579 2527 5634 usque
2549 5564 2630 5634 ad,
2655 5563 2697 5615 si
2710 5562 3000 5634 Metilio
3018 5567 3105 5634 μιᾳ
3127 5575 3253 5634 pura
3275 5561 3352 5634 sit,
3384 5570 3495 5634 qua:
3514 5555 3725 5634 mediam

2125 5620 2566 5691 circitcr'pagi'nam
2589 5620 2867 5691 absolvunt,
2892 5627 2944 5674 in
2969 5620 3192 5691 tlditis'et
3215 5626 3286 5691 _in
3311 5620 3417 5691 Mss}
3444 5620 3726 5691 benentnul:

2129 5645 2322 5683 ειιὋιιρι·
2376 5645 2566 5691 agnuam
2589 5645 2867 5686 υυδοινιωι,
2894 5645 2944 5674 ιιι
2970 5645 3117 5688 tamus
3139 5645 3192 5674 Cl.
3238 5645 3286 5672 lu
3311 5645 3417 5673 ωδδ.
3445 5645 3576 5670 ucuc
3602 5645 3726 5667 ιιιιιι-

2129 5697 2193 5745 tis
2215 5645 2556 5742 desiderantur
2584 5703 2594 5738 :
2638 5690 2727 5738 sed
2751 5689 2998 5739 habentur
3024 5690 3073 5738 in
3112 5688 3258 5751 Regio
3295 5684 3467 5736 Codice
3509 5680 3647 5742 1965,
3672 5683 3726 5733 ct

2130 5757 2313 5821 optimc
2337 5753 2572 5819 quadram
2597 5752 2655 5802 ad
2678 5765 2891 5804 sensum.
