4046 6432
367 359 470 414 599

371 473 486 538 τὸν,
532 471 670 526 ἀλλά
713 471 801 534 δὸς
848 469 1011 524 αὐτὸν
1060 470 1139 532 είς
1169 467 1267 529 τὰς
1321 468 1512 537 χεῖρας
1554 464 1664 518 τῶν
1697 465 1968 533 πενήτων.

370 559 573 633 Θηρίον
601 560 748 613 ἐστὶν
775 560 803 612 6
841 557 1098 619 πλοῦτος
1138 555 1204 608 ἂν
1255 554 1356 623 μὲν
1391 554 1712 624 κατέχηται,
1745 551 1937 618 φεύγει
1960 565 1973 578 ’

373 652 528 707 an:
566 651 954 724 σκορπίζηται,
990 649 1159 718 μένει.
1211 647 1577 713 Ἐσκόρπισε
1623 645 1754 715 γάρ,
1785 642 1973 713 φησὶν,

369 740 556 794 ἔδωκε
582 739 706 805 τοῖς
735 738 1016 806 πένησιν,
1052 736 1090 803 ὴ
1108 734 1466 800 δικαιοσύνη
1493 731 1678 787 αὐτοῦ
1693 732 1860 801 μένει
1889 733 1977 796 εις

369 830 480 883 τὸν
501 831 708 882 αἰῶνα.
742 827 1065 897 Σκόρπισον,
1096 825 1180 877 ἵνα
1206 824 1394 895 μείνῃ”
1427 823 1501 893 μὴ
1529 821 1859 894 κατορύξης,
1886 820 1974 875 ἵνα

372 917 449 990 μὴ
499 916 668 990 φύγῃ.
719 915 828 969 Ποῦ
883 917 910 967 ὁ
960 911 1225 976 πλοῦτος;
1261 912 1431 982 ήδέως
1479 912 1545 965 ἂν
1590 911 1820 982 ἐροίμην
1848 911 1976 972 τοὺς

370 1005 727 1068 ἀπελθόντας.
759 1004 920 1071 Λέγω
957 1003 1013 1055 δὲ
1051 1000 1225 1055 ταῦτα
1277 1002 1378 1053 ούκ
1431 1000 1728 1065 ὀνειδίζων,
1765 997 1839 1069 μὴ
1883 997 1975 1067 γέο

369 1111 532 1155 νοιτο,
571 1093 695 1147 οὺδέ
740 1091 1046 1156 ἁναξαίνων
1103 1091 1174 1143 τά
1233 1089 1407 1160 ἕλκη,
1464 1088 1601 1142 ἀλλὰ
1647 1088 1717 1141 τὰ
1767 1087 1974 1158 ἐτέρων

368 1181 604 1251 ναυάγια
634 1181 766 1251 ὑμῖν
795 1180 990 1250 λιμένα
1026 1178 1480 1244 κατασκευάζων.
1508 1179 1638 1231 Ὅτε
1687 1178 1737 1230 οἱ
1803 1193 1972 1248 στρα-

364 1269 578 1334 τιῶται,
607 1269 702 1323 καὶ
730 1266 800 1320 τὰ
824 1265 972 1339 ξίφη,
999 1268 1088 1321 ὅτε
1119 1267 1275 1330 πόλις
1298 1265 1534 1330 ἐκαίετο,
1572 1266 1660 1319 ὅτε
1687 1265 1927 1336 διάδημα
1945 1276 1972 1304 ιι

365 1359 466 1412 οὐκ
485 1360 692 1429 ῖσχυεν,
723 1359 811 1411 ὅτε
845 1355 1107 1428 πορφύρα
1140 1354 1415 1426 ὑϐρίζετο,
1444 1355 1534 1407 ὅτε
1568 1353 1767 1425 μανίας
1786 1353 1970 1408 πάντα

365 1446 554 1518 ἔγεμε,
584 1445 688 1499 ποῦ
725 1447 755 1500 6
794 1444 1060 1510 πλοῦτος;
1085 1443 1192 1498 ποῦ
1217 1443 1286 1498 τά
1315 1441 1724 1515 ἁργυρώματα;
1753 1442 1858 1496 ποῦ
1913 1444 1970 1496 αἱ

363 1533 544 1588 κλῖναι
579 1535 634 1586 αἱ
664 1535 941 1606 ἀργυραῖς
969 1532 1075 1585 ποῦ
1111 1535 1160 1586 οἱ
1192 1531 1404 1584 οἰκέται
1429 1547 1444 1596 ;
1475 1530 1686 1592 Πάντες
1711 1530 1769 1582 ἐν
1796 1533 1965 1602 φυγῇ.

366 1620 478 1676 Ποῦ
499 1622 549 1674 οἱ
574 1620 854 1692 εὐνοῦχοι;
887 1621 1099 1684 Πάντες
1123 1619 1553 1690 ἐδραπέτευσαν.
1584 1617 1695 1671 Ποῦ
1721 1621 1767 1671 οί
1792 1619 1968 1686 φίλοις

364 1708 450 1763 Τὰ
481 1711 806 1781 προσωπεῖα
838 1709 1131 1780 ήλλασσον.
1165 1706 1275 1760 Ποῦ
1305 1709 1360 1760 αἱ
1387 1706 1590 1770 οίκίαι;
1629 1706 1684 1758 Ἀ
1697 1705 1972 1759 πεκλείον-

364 1814 446 1850 το·
482 1795 593 1852 Ποῦ
628 1796 698 1849 τὰ
737 1797 1037 1867 χρήματα;
1073 1793 1317 1864 Ἐφυγεν
1344 1796 1372 1848 6
1399 1793 1539 1864 ἔχων
1567 1795 1730 1847 αὑτά.
1761 1795 1871 1846 Καὶ
1905 1798 1972 1846 τὰ

364 1885 626 1956 χρήματα
657 1882 798 1950 ποῦ;
837 1880 1172 1952 Κατωρύγη.
1221 1883 1335 1935 Ποῦ
1390 1880 1600 1952 ἐκρύϐη
1622 1881 1782 1935 τοῦτο
1818 1881 1969 1947 ὄλονς

361 1972 455 2043 Μὴ
500 1969 762 2043 φορτικός
814 1969 954 2040 εἰμι,
1011 1970 1087 2041 μὴ
1135 1967 1405 2040 ἐπαχθὴς,
1451 1970 1539 2022 ἀεὶ
1582 1969 1777 2037 λέγων,
1831 1969 1913 2021 ὅτι
1943 1969 1972 2020 6

362 2057 594 2122 πλοῦτος
621 2060 749 2122 τοὺς
771 2057 958 2121 κακῶς
979 2057 1358 2128 κεχρημένους
1380 2057 1707 2125 προδίδωσιν
1727 2075 1742 2124 ;
1767 2052 1971 2111 Ἦλθεν

359 2147 388 2199 6
419 2145 613 2218 καιρὸς
637 2146 856 2210 δεικνὺς
887 2144 996 2198 τῶν
1027 2144 1293 2217 ῥημάτων
1321 2145 1420 2217 τήν
1453 2143 1738 2215 ἀλήθειαν.
1771 2145 1838 2198 Τί
1873 2164 1974 2199 κα-

359 2234 541 2306 τέχεις
570 2234 756 2299 αὑτὸν,
799 2237 860 2288 ἐν
894 2233 1196 2304 πειρασμῷ
1222 2250 1283 2285 σε
1317 2233 1486 2304 μηδὲν
1519 2232 1874 2300 ώφελοῦντα;
1909 2235 1970 2286 Εἰ

359 2320 472 2392 ἔχει
492 2321 667 2392 ἰσχὺν,
684 2323 813 2376 ὅταν
828 2319 1079 2393 ἐμπέσῃς
1096 2322 1178 2383 εἰς
1197 2320 1469 2391 ἀνάγκην,
1490 2320 1753 2391 παρέστω
1777 2338 1860 2374 σοι
1885 2337 1896 2349 ·
1921 2322 1970 2374 εί

357 2410 415 2465 δέ
440 2411 565 2464 τότε
601 2411 817 2480 φεύγει,
834 2411 889 2463 τί
920 2414 1112 2482 χρείαν
1130 2409 1296 2462 αὑτοῦ
1314 2409 1458 2480 ἔχεις
1479 2410 1660 2476 ;Αὐτὰ
1685 2411 1753 2464 τά
1786 2411 1967 2482 πράγ-

361 2515 508 2571 ματα
543 2502 834 2570 μαρτυρεῖ.
869 2499 936 2551 Τί
967 2498 1026 2552 τὸ
1070 2496 1299 2567 δφελοςς
1334 2497 1480 2567 Ξίφη
1509 2499 1850 2568 ἠκονημένα,
1874 2499 1970 2552 θά-

360 2605 518 2653 νατος
546 2588 961 2660 ἀπειλούμενος,
991 2587 1357 2660 στρατόπεδον
1404 2589 1754 2660 μαινόμενον,
1800 2606 1970 2661 προσ-

356 2677 513 2731 δοκία
538 2675 774 2747 ἀπειλῆς
801 2675 953 2748 [589]
987 2676 1289 2748 τοσαύτης·
1338 2677 1433 2730 καὶ
1469 2678 1496 2729 6
1546 2676 1776 2740 πλοῦτος
1807 2679 1969 2730 0662-

361 2765 486 2835 μοῦ.
519 2764 630 2818 Ποῦ
660 2764 906 2834 ἔφυγενὸ
925 2765 1241 2837 δραπέτης;
1271 2765 1442 2829 Λύτός
1468 2783 1552 2819 σοι
1580 2764 1960 2820 κατεσκεύασε

354 2852 533 2907 ταῦτα
565 2853 767 2917 πάντα,
807 2854 902 2906 καὶ
926 2856 985 2906 ἐν
1017 2853 1196 2924 καιρῴ
1230 2855 1482 2922 ἁνάγκτς
1528 2854 1743 2924 φεύγει.
1772 2855 1968 2908 Καίτοι

356 2941 548 2996 πολλοὶ
591 2941 890 3011 ἐγκαλοῦσι
921 2957 1011 3013 μοι
1058 2944 1146 2996 ἀεὶ
1187 2942 1464 3021 λέγοντες,
1485 2942 1830 3014 Κεκὸλλησαι
1857 2947 1968 3008 τοῖς

356 3030 635 3096 πλουσίοις
655 3047 669 3061 ο
707 3032 804 3084 καὶ
836 3030 948 3102 γὰρ
1001 3031 1096 3084 καὶ
1128 3032 1328 3084 ἐκεῖνοι
1355 3031 1442 3084 ἀεὶ
1474 3031 1835 3101 κεκόλληνται
1855 3035 1968 3096 τοῖς

358 3119 610 3189 πένησιν.
654 3118 797 3188 Ἐγὼ
822 3119 880 3173 δὲ
915 3118 1258 3191 κεκόλλημαι
1287 3122 1398 3183 τοῖς
1424 3119 1735 3184 πλουσίοις’
1764 3121 1826 3173 οὐ
1855 3124 1970 3184 τοῖς

357 3206 638 3270 πλουσίοις
659 3205 738 3271 δὲ,
773 3207 911 3265 ἀλλά
943 3209 1059 3271 τοῖς
1100 3207 1287 3269 κακῶς
1318 3207 1398 3279 τῷ
1443 3207 1660 3278 πλούτῳ
1685 3209 1967 3279 κεχρημέ-

363 3313 489 3358 νοις.
538 3295 650 3348 Ἀεὶ
675 3295 785 3366 γάρ
837 3295 1002 3365 λέγω,
1035 3297 1118 3349 ὅτι
1147 3297 1208 3349 οὐ
1241 3295 1332 3350 τὸν
1367 3295 1624 3350 πλούσιον
1671 3296 1965 3360 διαϐάλλω,

354 3382 494 3438 ἀλλὰ
529 3382 622 3436 τὸν
665 3383 915 3457 ἅρπαγα.
953 3383 1120 3437 ’Λλλο
1147 3383 1205 3437 δέ
1251 3383 1531 3450 πλούσιος,
1568 3385 1664 3439 καὶ
1703 3385 1833 3438 ἄλλο
1868 3385 1970 3456 ἆρ-

355 3471 498 3539 παξ*
539 3471 671 3526 ἄλλο
698 3471 954 3545 εὔπορος,
979 3474 1075 3526 καὶ
1101 3471 1230 3526 ἄλλο
1266 3472 1619 3543 πλεονέκτης.
1663 3473 1873 3545 Διαίρει
1898 3475 1968 3528 τά

355 3560 684 3633 πράγματα,
717 3561 814 3614 καὶ
856 3560 932 3631 μὴ
973 3559 1170 3631 σύγχεε
1203 3560 1274 3614 τὰ
1323 3562 1550 3632 ἄμικτα.
1584 3562 1848 3625 Πλοῦσιος
1879 3558 1963 3628 εἷς

355 3652 434 3705 Οὐ
477 3651 696 3706 κωλύω.
735 3651 958 3722 ’Ἅρπαξ
993 3645 1074 3718 et;
1121 3652 1457 3721 Κατηγορῶ.
1495 3653 1682 3724 Ἔχεις
1729 3652 1798 3706 τὰ
1865 3653 1963 3718 σάς

368 3738 658 3794 ’Λπόλαυε.
687 3739 1008 3809 Λαμϐάνεις
1043 3739 1111 3792 τὰ
1141 3739 1432 3811 ἀλλότρια;
1464 3740 1543 3797 Οὐ
1584 3742 1745 3810 σιγῶ.
1779 3741 1967 3807 Θέλεις

358 3844 428 3900 με
462 3825 715 3892 λιθάσαι;
753 3827 1016 3898 Ἐτοιμός
1045 3829 1163 3898 είμι
1191 3827 1253 3880 τὸ
1278 3822 1421 3898 αἷμά
1457 3847 1561 3900 μου
1596 3829 1833 3900 ἐκχέειν,
1867 3831 1968 3901 μό-

355 3933 446 3970 νον
473 3913 574 3985 τὴν
611 3915 890 3987 ἁμαρτίαν
928 3931 1023 3968 σου
1058 3915 1274 3970 κωλύω.
1328 3917 1486 3988 Ἐμοὶ
1510 3917 1571 3969 οὺ
1596 3917 1749 3988 μέλει
1785 3919 1964 3989 μῖσος,

354 4004 417 4060 οὺ
456 4004 610 4075 μέλει
647 4022 737 4076 μοι
767 4005 1039 4075 πόλεμος·
1079 4004 1196 4069 ἐνὸς
1228 4005 1284 4058 δέ
1320 4022 1412 4076 μοι
1449 4006 1610 4076 μόνον
1657 4005 1833 4076 μέλει,
1863 4007 1967 4078 τῆς

356 4093 644 4166 προκοπῆς
673 4093 782 4147 τῶν
810 4092 1144 4146 ἀκουόντων.
1179 4094 1292 4147 Καὶ
1320 4095 1372 4146 οἱ
1403 4094 1654 4147 πλούσιοι
1693 4094 1806 4164 ἐμὰ
1842 4095 1967 4149 τέκο

356 4199 444 4245 να,
473 4183 570 4236 καὶ
605 4182 656 4234 οἱ
685 4181 919 4252 πένητες
955 4181 1066 4252 ἐμά
1113 4181 1308 4235 τέκνα⁹
1342 4183 1376 4252 ή
1429 4181 1570 4253 αὑτὴ
1621 4181 1838 4254 γαστὴρ
1867 4183 1970 4253 ἁμ-

356 4270 620 4342 φοτέρους
653 4269 845 4324 ὠδινεν
867 4287 883 4301 ο
921 4271 976 4322 αἱ
1009 4269 1172 4322 αὑταὶ
1221 4268 1416 4333 ὠδῖνες
1458 4270 1808 4341 ἀμφοτέρους
1858 4269 1969 4324 ἐτε-

355 4375 472 4414 κον.
507 4360 607 4411 “Av
652 4359 837 4412 τοίνυν
884 4357 1219 4427 κεκόλλησαι
1268 4355 1346 4427 τῷ
1393 4357 1613 4428 πένητι,
1670 4358 1967 4431 κατηγορῶ

360 4463 484 4501 σουο
522 4447 583 4500 ού
629 4445 740 4519 γάρ
788 4443 886 4498 τοῦ
938 4445 1177 4516 πένητος
1223 4444 1463 4516 τοσαύτη
1499 4445 1695 4517 (mla,
1730 4447 1828 4518 ὅση
1869 4446 1965 4501 τοῦ

357 4535 617 4590 πλουσίου
638 4536 689 4589 δ.
740 4535 800 4591 '0
833 4536 933 4606 μὲν
963 4536 1074 4605 γὰρ
1109 4535 1281 4606 πένης
1309 4535 1463 4588 οὐδὲν
1501 4536 1645 4606 μέγα
1673 4536 1960 4590 ἀδικεῖται·

357 4626 440 4688 εἰς
467 4627 732 4698 χρήματα
760 4624 871 4695 γάρ
909 4624 1212 4696 βλάπτεται
1233 4639 1248 4655 ⁸
1285 4627 1350 4678 σὺ
1371 4626 1428 4678 δὲ
1464 4627 1545 4689 είς
1571 4625 1752 4696 ψυχὴν
1791 4627 1966 4696 βλάπ-

356 4728 444 4788 τῃ.
466 4714 524 4766 Ὀ
543 4713 867 4786 βουλόμενος
885 4703 1056 4768 ἀποτε
1067 4715 1268 4785 μνέτω,
1287 4717 1315 4768 6
1334 4713 1658 4785 βουλόμενος
1672 4714 1962 4781 λιθαζέτω,

356 4805 384 4855 ὁ
417 4801 740 4872 βουλόμενος
777 4802 1010 4874 μισείτω
1030 4821 1042 4835 ·
1085 4803 1360 4874 ὑποθῆκαι
1391 4801 1501 4873 γάρ
1527 4805 1653 4872 ἐμοὶ
1684 4804 1965 4872 στεφάνων

358 4889 414 4941 al
439 4889 743 4954 ἐπιϐουλαὶ,
777 4890 873 4943 καλ⁸
906 4888 1140 4960 ἀριθμὸς
1178 4889 1448 4960 βραϐείων
1480 4890 1548 4944 τὰ
1580 4892 1894 4963 τραύματα.

429 4976 490 5030 δ’.
535 4978 611 5029 Οὐ
642 4977 860 5031 δέδοικα
887 4978 1066 5031 τοίνυν
1097 4977 1425 5049 ἐπιϐουλήν·
1460 4978 1518 5030 ἓν
1543 4979 1757 5033 δέδοικα
1784 4981 1963 5051 μόνον,

358 5061 658 5132 ἁμαρτίαν.
713 5062 797 5134 Μὴ
853 5057 920 5132 μέ
968 5080 1052 5125 τις
1103 5063 1299 5137 ἐλέγξῃ
1350 5065 1756 5134 ἁμαρτάνοντα,
1804 5067 1964 5136 καὶή

360 5145 654 5217 οἰκουμένη
681 5148 831 5200 πάσα
854 5147 981 5199 πολε
993 5165 1057 5217 με
1068 5147 1164 5201 ίτω
1197 5166 1306 5218 μοι.
1345 5149 1403 5203 '0
1424 5148 1534 5218 γὰρ
1554 5149 1791 5220 πόλεμος
1811 5144 1966 5215 οὗτος

359 5226 742 5300 λαμπρότερόν
762 5248 828 5301 με
851 5229 1168 5301 ἐργάζεται.
1197 5231 1354 5286 Οῦτω
1376 5233 1472 5285 καὶ
1492 5235 1639 5302 ὑμᾶς
1676 5233 1964 5287 παιδεῦσαι

362 5311 645 5382 βούλομαι.
671 5313 784 5384 [Μὴ
826 5314 1103 5385 φοϐηθῆτε
1126 5315 1422 5387 ἐπιϐουλὴν
1453 5316 1714 5370 δυνάστου
1742 5329 1790 5381 ο,
1829 5317 1965 5370 άλλά

423 5427 450 5455 ⁸
479 5425 704 5504 lgnus‘sic
729 5427 898 5497 hgbet.
908 5428 992 5502 frte
1006 5432 1043 5506 ᾖ
1063 5429 1200 5506 πόλις
1220 5428 1426 5486 ἐκαίετο,
1453 5429 1532 5499 ὅτε
1546 5429 1690 5504 μανία
1708 5430 1963 5506 ἀφόρητος,

360 5486 442 5538 ὅτε
462 5488 890 5551 νομοιέπατοῦντο,
904 5491 983 5537 ὅτε
1006 5491 1214 5551 βασιλεῖς
1225 5486 1620 5553 κατεφρονοῦντο,
1635 5493 1713 5538 ὅτε
1735 5486 1960 5552 διάδημαξ

363 5610 405 5622 Μ
425 5550 452 5589 b
480 5554 712 5622 Sic_uun§
753 5551 940 5621 Regiys
965 5551 1184 5622 _opli[ne.
1215 5553 1427 5622 Edifjuet
1466 5551 1549 5600 atii
1574 5555 1628 5600 ού
1649 5552 1736 5600 τοῦ
1763 5556 1964 5611 πένητος

363 5610 415 5662 δὲ
433 5613 665 5662 τοσοῦτον
685 5615 798 5660 ὅσον
821 5610 906 5659 τοῦ
928 5610 1160 5660 πλουσίου
1199 5617 1254 5661 τὸ
1295 5615 1522 5675 ἀδίκημα.

428 5675 449 5704 ε
478 5675 592 5724 “me
625 5675 790 5731 verba,
836 5676 899 5737 μή
951 5678 1186 5738 φοϐηθῆτε
1225 5677 1477 5733 ἐπιϐουλήν
1509 5677 1762 5736 δυνάστου,
1794 5684 1846 5726 et
1883 5691 1964 5725 so-

366 5740 585 5799 uuemiAa,
614 5750 768 5798 usque
809 5739 868 5786 ad
896 5738 1052 5789 ἐὰν.τὸ
1076 5740 1286 5794 συνειδὸς
1311 5755 1398 5786 σου
1437 5740 1642 5799 καθαρὸν
1687 5740 1737 5799 ᾖ,
1769 5741 1963 5790 uncinis

367 5797 880 5860 ιιιριιιςίιηιιεζυψοῑο
922 5813 1033 5860 qua
1056 5801 1104 5848 in
1153 5799 1324 5850 multis
1367 5813 1476 5850 cum
1521 5797 1672 5851 editis
1700 5797 1816 5850 'tmn
1853 5817 1958 5852 ma-

361 5862 626 5922 huscriplie
662 5875 758 5911 non
780 5867 1001 5910 exstent.
1034 5861 1168 5911 Ευιτ.

935 349 1220 408 IIOMILIA
1263 347 1349 401 DE
1389 343 1618 401 CAPTO
1661 338 2016 398 EUTROPIO
2057 338 2148 395 ΕΤ
2190 338 2279 394 DE
2322 339 2736 397 DIVITIARUM
2779 340 3162 401 VANITATE.

3587 347 3696 403 400

2084 479 2359 550 φοϐήθητε
2383 480 2662 552 ἁμαρτίας
2685 480 2943 550 δύναμιν.
2967 481 3297 552 *Ἄνθρωπός
3317 499 3377 535 σε
3397 483 3458 537 οὐ
3479 483 3692 556 βλάψει,

2080 568 2178 622 ἐὰν
2209 568 2284 639 μὴ
2337 571 2403 623 σὺ
2461 569 2690 623 σεαυτὸν
2733 569 2966 644 πλήξῃς.
3021 571 3147 624 Ἐὰν
3199 571 3274 642 μὴ
3324 572 3458 644 ἔχῃς
3511 575 3699 648 ἁμαρ-

2078 658 2223 722 τίαν,
2261 657 2356 710 καὶ
2408 657 2583 730 μυρία
2631 657 2762 729 ξίφη
2814 660 2990 730 παρῇ,
3052 657 3295 730 ἁρπάζει
3354 677 3415 712 σε
3462 660 3491 712 6
3529 662 3696 727 Θεός’

2079 745 2176 799 ἐὰν
2219 745 2278 798 δὲ
2327 745 2456 819 ἔχῃς
2493 747 2770 820 ἁμαρτίαν
2811 746 2906 801 καὶ
2955 748 3013 799 ἐν
3063 747 3381 818 παραδείσῳ
3411 743 3497 822 ᾗς,
3535 750 3696 805 ἐκπί-

2080 850 2257 902 πτεις.
2293 835 2384 891 Ἑν
2415 838 2736 909 παραδείσῳ
2763 833 2831 910 ἦν
2852 840 2881 892 6
2913 837 3110 908 ’Λδὰμ,
3134 838 3232 891 καὶ
3249 837 3477 892 ἔπεσεν·
3512 840 3572 893 ἐν
3600 858 3697 894 κο-

2079 926 2218 998 πρίᾳ
2249 921 2318 998 ἦν
2352 927 2382 979 6
2423 926 2566 996 Ἰὼϐ,
2605 927 2703 982 καὶ
2730 925 3109 996 ἐστεφανώθη.
3141 926 3209 980 Τί
3233 926 3521 998 ὠφέλησεν
3550 929 3700 982 ἐκεῖη

2077 1033 2169 1069 νον
2199 1019 2228 1070 6
2263 1017 2628 1090 παράδεισος;
2683 1018 2716 1091 ἢ
2760 1017 2816 1070 τί
2867 1017 3070 1087 ἔϐλαψε
3115 1016 3308 1071 τοῦτον
3358 1019 3393 1089 ή
3451 1018 3693 1090 κοπρία;

2091 1104 2319 1179 Ἐκείνῳ
2344 1108 2521 1172 οὐδεὶς
2536 1107 2954 1173 ἐπεϐούλευσεν,
2985 1108 3078 1161 καὶ
3100 1107 3470 1179 ὑπεσκελίσθη
3489 1108 3696 1180 ’τούτῳ

2077 1198 2106 1249 6
2134 1195 2401 1261 διάϐολος,
2435 1196 2532 1250 κα)⁵
2563 1195 2942 1267 ἐστεφανώθη.
2983 1195 3060 1249 Οὐ
3110 1196 3182 1248 τά
3213 1196 3480 1268 χρήματα
3524 1197 3695 1250 αὑτοῦ

2077 1283 2312 1350 ἐλαϐεν;
2373 1284 2523 1338 Αλλὰ
2554 1286 2656 1358 τὴν
2690 1285 3114 1340 εὐσέϐειανούκ
3143 1285 3433 1356 ἐσύλησεν.
3461 1289 3535 1342 06
3567 1289 3698 1352 τοὺς

2079 1372 2276 1437 παῖδας
2325 1372 2494 1426 αὑτοῦ
2526 1374 2815 1444 ἥρπασεν;
2868 1372 3032 1426 Ἀλλὰ
3064 1372 3167 1444 τὴν
3200 1373 3384 1428 πίστιν
3420 1376 3523 1429 οὐκ
3567 1376 3696 1429 ἐσά-

2076 1460 2292 1517 λευσεν.
2324 1461 2398 1514 Ού
2422 1461 2484 1514 τὸ
2525 1461 2686 1532 σῶμα
2704 1461 2874 1516 αὐτοῦ
2909 1460 3239 1534 διέῤῥηξενς
3283 1463 3446 1518 Ἀλλά
3471 1466 3563 1518 τὸν
3599 1465 3697 1538 θη-

2079 1551 2280 1622 σαυρὸν
2314 1549 2413 1620 οὐχ
2449 1541 2628 1620 εὗρεν.
2661 1550 2738 1603 Οὐ
2785 1551 2887 1621 τὴν
2925 1553 3167 1620 γυναῖκα
3200 1552 3370 1606 αὐτοῦ
3421 1553 3691 1619 ὧπλισενς

2091 1641 2258 1695 Ἀλλὰ
2290 1640 2383 1695 τὸν
2428 1640 2776 1713 στρατιώτην
2808 1641 2909 1711 οὐχ
2955 1637 3346 1698 ῦπεσκελισεν.
3380 1643 3497 1696 Οὐκ
3530 1643 3691 1697 ἔϐαλε

2075 1728 2208 1796 τόξα
2240 1730 2335 1784 καὶ
2371 1728 2540 1800 βέλη;
2591 1728 2753 1782 Ἀλλά
2775 1727 3072 1800 τραύματα
3098 1728 3199 1782 οὐκ
3230 1729 3470 1795 ἐδέξατο.
3514 1733 3696 1804 Προσ-

2076 1821 2254 1891 ήγαγε
2299 1819 2698 1890 μηχανήματα,
2753 1817 2892 1872 ἀλλά
2946 1817 3041 1870 τὸν
3108 1817 3325 1889 πύργον
3389 1819 3491 1874 οὐκ
3550 1819 3696 1873 ἔσει-

2078 1924 2171 1961 σεν
2196 1925 2210 1939 ο
2245 1907 2498 1978 ἐπήγαγε
2525 1905 2772 1977 κύματα,
2806 1904 2944 1960 ἀλλὰ
2978 1905 3041 1959 τὸ
3070 1906 3258 1960 πλοῖον
3307 1908 3371 1961 οὐ
3420 1909 3691 1962 κατεπόν-

2075 2012 2216 2052 τισε.
2259 1995 2463 2049 Τοῦτόν
2517 2013 2609 2066 μοι
2647 1996 2742 2049 τὸν
2779 1995 2947 2066 νόμον
2982 1998 3265 2069 τηρήσατε
3295 2037 3310 2060 ,
3354 1999 3688 2069 παρακαλῶ,

2075 2083 2175 2135 καὶ
2215 2081 2327 2134 τῶν
2361 2080 2607 2149 γονάτων
2653 2081 2810 2151 ὑμῶν
2848 2081 3134 2152 ἅπτομαι,
3174 2085 3225 2136 εί
3259 2083 3355 2137 καὶ
3404 2084 3480 2156 μὴ
3521 2086 3690 2157 χειρὶ,

2074 2165 2213 2219 ἁλλὰ
2240 2167 2307 2236 τῇ
2338 2164 2537 2237 γνώμη
2561 2205 2577 2231 ,
2607 2166 2703 2218 καὶ
2731 2165 2946 2236 δάκρυα
2976 2165 3176 2236 ἐκχέω.
3206 2165 3411 2220 Τοῦτόν
3444 2185 3538 2238 μοι
3586 2186 3692 2238 τη·

2079 2250 2285 2321 ρήσατε
2312 2248 2405 2302 τὸν
2451 2249 2619 2320 νόμον
2647 2290 2663 2314 ,
2696 2249 2793 2302 καὶ
2829 2249 3010 2313 οὐδεὶς
3043 2250 3191 2320 ὑμᾶς
3228 2249 3480 2320 βλάπτει.
3508 2252 3693 2323 Μηδέ-

2075 2355 2208 2390 ποτε
2234 2334 2577 2408 μακαρίζετε
2611 2334 2870 2388 πλούσιον
2948 2334 3223 2406 μηδέποτε
3262 2335 3581 2402 ταλανίζετε
3619 2335 3693 2412 [ει

2079 2420 2154 2492 μή
2179 2419 2296 2492 τὸν]
2330 2421 2388 2473 ἐν
2417 2417 2668 2490 ἁμαρτία
2690 2435 2703 2448 ·
2735 2418 3075 2489 μακαρίζετε
3107 2419 3202 2472 τὸν
3241 2420 3300 2473 ἐν
3343 2420 3667 2493 δικαιοσύνῃ

2075 2507 2150 2559 Οὐ
2178 2505 2289 2578 γὰρ
2319 2506 2353 2577 ή
2384 2504 2548 2575 φύσις
2576 2503 2686 2557 τῶν
2712 2502 3094 2574 πραγμάτων,
3136 2503 3254 2557 ἀλλ’
3296 2504 3554 2576 ή-γνώμη
3580 2505 3693 2562 τῶν

2074 2591 2383 2660 ἀνθρώπιον
2411 2591 2507 2644 καὶ
2533 2588 2726 2642 τοῦτον
2768 2589 3028 2641 κάκεῖνον
3057 2591 3227 2644 ποιεῖ.
3263 2589 3554 2660 Μηδέποτε
3588 2608 3692 2661 φο-

2073 2677 2251 2749 ϐηθῇς
2280 2675 2438 2745 ξίφη,
2466 2675 2566 2726 ἐὰν
2617 2673 2692 2744 μὴ
2736 2673 2799 2726 τὸ
2833 2671 3077 2736 συνειδὸς
3129 2690 3226 2727 σου
3280 2675 3643 2747 κατηγορήσῃ
3673 2693 3690 2709 ο

2073 2761 2229 2836 [590]
2266 2759 2539 2831 μηδέποτε
2570 2756 2819 2829 φοϐηθῇς
2849 2758 2908 2810 ὲν
2936 2757 3195 2828 πολέμῳ,
3225 2756 3322 2812 ἐὰν
3356 2758 3420 2810 1:6
3450 2758 3693 2823 συνειδός

2075 2863 2170 2899 σου
2208 2839 2510 2916 καθαρὸνῇ
2541 2841 2562 2915 ]
2599 2841 2712 2896 Ποῦ
2757 2842 2807 2894 οἱ
2837 2840 3206 2906 ἀπελθόντες;
3241 2841 3366 2895 εἰπέ
3401 2858 3514 2911 μοι.
3552 2842 3692 2912 οὐχὶ

2073 2931 2278 2993 πάντες
2314 2928 2679 2994 ὑπέκυπτον;
2715 2927 2840 2996 οὐχὶ
2892 2928 2942 2980 οἱ
2998 2928 3057 2979 ἐν
3098 2927 3243 2998 ἀρχῇ
3294 2926 3449 2990 ὄντες
3501 2927 3690 2997 μεῖζον

2071 3015 2304 3088 ἔτρεμον
2355 3013 2604 3078 αὑτούς;
2659 3012 2760 3066 οὐκ
2812 3009 3194 3083 ἐθεράπευον;
3251 3011 3395 3066 Ἀλλ’
3438 3002 3607 3083 ἦλθεν
3653 3014 3690 3083 ή

2072 3101 2343 3172 ἁμαρτία,
2371 3100 2470 3154 καὶ
2497 3098 2678 3152 πάντα
2719 3096 2964 3169 ἠλέγχθη
2985 3114 2999 3128 ·
3036 3099 3132 3151 καὶ
3167 3099 3219 3151 οἱ
3247 3096 3585 3170 θεράποντες
3615 3098 3692 3153 δι-

2071 3186 2273 3238 κασταὶ
2312 3183 2564 3253 ἐγένοντο
2593 3221 2608 3243 .
2640 3182 2691 3235 οἱ
2742 3179 3138 3246 κολακεύοντες
3190 3181 3381 3254 δήμιοι
3415 3199 3429 3213 ·
3491 3185 3541 3237 οἱ
3586 3182 3691 3246 τὰς

2070 3271 2263 3341 χεῖρας
2290 3266 2754 3337 καταφιλοῦντες,
2784 3267 2960 3320 ,αὐτοὶ
2995 3267 3160 3321 αὐτὸν
3196 3261 3380 3321 εἷλκον
3431 3267 3543 3322 ἀπὸ
3586 3268 3690 3340 τῆς

2070 3352 2374 3424 ἐκκλησίας
2393 3391 2409 3417 ,
2441 3353 2539 3405 καὶ
2562 3352 2592 3404 ὁ
2621 3350 2752 3428 χθὲς
2783 3351 2885 3423 τὴν
2926 3353 3088 3422 χεῖρα
3129 3350 3406 3420 καταφιλᾶ
3420 3369 3480 3416 ν,
3511 3352 3688 3424 σήμε-

2075 3455 2166 3510 ρον
2198 3437 2480 3508 πολέμιος.
2511 3434 2610 3490 Διά
2649 3434 2703 3488 τί
2727 3453 2742 3501 ;
2763 3435 2887 3489 Ὀτι
2917 3433 3041 3488 οὔτε
3085 3434 3214 3505 χθὲς
3249 3434 3390 3505 μετὰ
3423 3435 3690 3507 ἀληθείας

2073 3521 2271 3592 ἐφίλει.
2295 3517 2472 3574 Ἦλθε
2501 3517 2614 3591 γὰρ
2649 3520 2678 3572 6
2705 3519 2931 3590 καιρὸς,
2965 3518 3061 3572 καὶ
3088 3518 3330 3591 ἠλέγχθη
3372 3520 3442 3573 τὰ
3470 3538 3691 3592 προσω-

2073 3611 2224 3661 πεῖα.
2263 3606 2337 3660 Οὐ
2379 3604 2506 3677 χθές
2558 3604 2659 3668 τὰς
2708 3606 2900 3676 χεῖρας
2945 3603 3264 3672 κατεφίλεις
3289 3645 3303 3667 ,
3331 3604 3429 3657 καὶ
3463 3607 3691 3677 σωτῆρα

2070 3689 2358 3762 ὠνόμαζες
2379 3729 2392 3752 ,
2440 3690 2538 3743 καὶ
2569 3688 2850 3759 κηδεμόνα
2878 3728 2893 3752 ,
2945 3689 3041 3742 καὶ
3078 3690 3418 3760 εὐεργέτην;
3449 3689 3551 3744 οὐκ
3595 3692 3691 3761 ἐγα

2071 3776 2258 3846 κώμια
2308 3773 2536 3843 ῦφαινες
2584 3773 2788 3844 μυρία;
2818 3771 2920 3826 Διά
2957 3771 3012 3824 τί
3047 3774 3290 3844 σήμερον
3315 3777 3686 3846 κατηγορεῖς;

2071 3859 2216 3923 Χθές
2245 3858 2542 3929 ἐπαινέτης
2567 3897 2582 3922 ,
2615 3856 2709 3910 καὶ
2761 3859 3006 3929 σήμερον
3053 3859 3398 3930 κατήγορος;
3435 3859 3564 3930 χθὲς
3593 3862 3692 3932 ἐγ-

2072 3941 2280 4014 κώμια,
2313 3943 2410 3995 καὶ
2442 3942 2685 4012 σήμερον
2711 3939 3039 4012 ἐγκλήματα
3063 3941 3314 4012 μιγνύεις
3341 3959 3357 4008 ;
3386 3943 3484 4007 Τίς
3519 3947 3553 4015 ή
3587 3962 3689 4016 με·
3760 3938 3763 3940 ’

2070 4028 2313 4101 ταϐολή;
2344 4028 2430 4091 τίς
2457 4028 2492 4099 ή
2524 4026 2895 4098 μετάστασιςς

2143 4147 2205 4194 ε’.
2225 4136 2367 4191 Ἀλλ’
2383 4138 2485 4191 οὐκ
2502 4136 2615 4206 ἐγὼ
2626 4135 2891 4200 τοιοῦτος·
2909 4136 3025 4190 ἁλλ’
3044 4136 3157 4207 ἐγὼ
3169 4138 3685 4211 ἐπιϐουλευόμενος.

2073 4228 2390 4300 προστάτης
2423 4226 2716 4297 ἐγενόμην.
2762 4226 2951 4298 Μυρία
2984 4226 3188 4280 ἔπαθον
3227 4227 3414 4293 δεινά,
3459 4230 3555 4282 καὶ
3584 4231 3687 4286 οὐκ

2070 4317 2422 4389 ἠμειψάμην.
2456 4315 2563 4369 Τὸν
2608 4315 2720 4386 γάρ
2749 4315 3032 4387 Δεσπότην
3064 4315 3157 4369 τὸν
3190 4315 3433 4387 ἐμαυτοῦ
3488 4318 3686 4390 μιμοῦ-

2075 4424 2195 4479 μαι,
2219 4406 2277 4470 δς
2299 4406 2358 4458 ἐν
2378 4403 2458 4475 τῷ
2487 4403 2711 4475 σταυρῷ
2741 4403 2928 4472 ἔλεγεν
2950 4421 2964 4434 ·
2994 4406 3172 4473 Ἄφες
3200 4405 3410 4471 αὐτοῖς
3433 4421 3448 4437 ο
3475 4410 3548 4464 οὐ
3568 4410 3684 4478 γὰρ

2071 4495 2272 4550 omam
2303 4495 2361 4548 τί
2387 4492 2680 4547 ποιοῦσιν
2719 4492 2909 4546 Ταῦτα
2939 4492 2998 4546 δὲ
3021 4492 3188 4562 λέγω,
3217 4493 3309 4547 ἵνα
3336 4495 3412 4567 μὴ
3444 4497 3512 4566 τῇ
3545 4495 3681 4550 ὑπο-

2070 4584 2190 4657 νοίᾳ
2215 4583 2326 4638 τῶν
2357 4581 2613 4654 πονηρῶν
2643 4580 3122 4654 παραφθείρησθε.
3155 4581 3328 4635 Πόσαι
3379 4582 3680 4651 μεταϐολαὶ

2071 4673 2380 4742 γεγόνασιν,
2413 4670 2471 4736 ἐξ
2503 4665 2565 4724 οὗ
2595 4669 2696 4740 τῆς
2726 4669 2938 4734 πόλεως
2963 4670 3222 4740 ἐπέστην,
3246 4670 3344 4724 καὶ
3365 4672 3538 4736 οὐδεὶς
3571 4690 3680 4726 σω-

2071 4761 2391 4835 φρονίξεται
2418 4778 2432 4826 ;
2466 4760 2657 4822 Οὐδεὶς
2693 4759 2750 4812 δὲ
2784 4760 2916 4813 ὅταν
2950 4760 3090 4813 εῐπω
3116 4800 3130 4822 ,
3161 4760 3223 4812 οὐ
3255 4762 3476 4815 πάντων
3505 4779 3676 4817 κατα-

2071 4849 2360 4920 γινώσκω·
2391 4849 2468 4920 μὴ
2495 4847 2728 4917 γένοιτο.
2758 4847 2833 4901 Ού
2859 4845 2971 4919 γὰρ
3007 4843 3123 4900 ἔστι
3149 4849 3250 4919 τὴν
3280 4849 3523 4922 ἄρουραν
3549 4851 3684 4906 mo-

2070 4957 2172 5011 την
2193 4940 2294 5010 τὴν
2316 4937 2555 5008 λιπαρὰν
2580 4976 2594 5000 ,
2619 4935 2925 5006 δεξαμένην
2956 4935 3274 5008 σπέρματα,
3317 4937 3393 5010 μὴ
3428 4940 3524 4993 καὶ
3551 4941 3681 4994 στά-

2071 5047 2171 5100 χυν
2201 5028 2447 5096 ἐνεγκεῖν
2465 5043 2478 5055 ο
2509 5025 2628 5079 ἀλλ’
2653 5025 2766 5094 ἐγὼ
2793 5025 3096 5096 ἁκόρεστός
3136 5028 3282 5096 εἰμι,
3316 5028 3378 5080 οὑ
3415 5027 3680 5099 βούλομαι

2070 5117 2285 5186 ὀλίγους
2331 5114 2594 5188 σωθῆναι,
2633 5113 2770 5168 ἀλλά
2806 5113 3038 5179 πάντας.
3075 5113 3198 5168 Κάν
3249 5109 3332 5178 εἷς
3371 5116 3678 5188 ἀπολειφθῇ

2070 5206 2445 5278 ἀπολλύμενος
2465 5246 2478 5269 ,
2510 5204 2622 5274 ἐγὼ
2649 5205 2856 5259 ἁπόλλυ
2867 5223 2985 5276 μαι,
3023 5205 3118 5258 καὶ
3149 5199 3306 5274 οἶμαι
3330 5204 3422 5258 τὸν
3445 5207 3682 5277 ποιμένα

2073 5298 2280 5350 ἐκεῖνον
2309 5296 2618 5367 μιμεῖσθαι,
2637 5293 2695 5358 ὃς
2719 5295 3048 5365 ἐνενήκοντα
3072 5294 3227 5346 ἐννέα
3255 5289 3370 5362 εἶχε
3402 5293 3677 5365 πρόϐατα,

2071 5385 2165 5438 καὶ
2199 5387 2290 5438 ἐπὶ
2328 5386 2389 5438 τὸ
2437 5385 2494 5438 ἓν
2549 5383 2976 5454 πεπλανημένον
3024 5383 3279 5452 ἔδραμεν.
3325 5382 3506 5453 Μέχρι
3542 5384 3678 5438 πότι

2069 5476 2370 5546 χρήματα;
2404 5474 2568 5544 μέχρι
2599 5473 2728 5526 πότε
2762 5473 3026 5544 ἄργυρος·
3067 5472 3232 5544 μέχρι
3270 5471 3399 5525 πότε
3434 5474 3674 5542 χρυσός;

2073 5566 2238 5637 μέχρι
2270 5566 2402 5619 πότε
2435 5562 2576 5628 οἶνος
2617 5565 2981 5635 ἐκχεόμενος;
3027 5562 3190 5634 μέχρι
3226 5563 3355 5615 πότε
3390 5562 3676 5617 κολακεῖαι

2068 5654 2327 5719 οἰκετῶν;
2387 5654 2550 5724 μέχρι
2585 5653 2716 5705 πότε
2768 5655 3046 5724 κρατῆρες
3098 5651 3461 5723 ἐστεμμένοι;
3511 5652 3675 5723 μέχρι

2069 5743 2201 5796 πότε
2247 5743 2524 5812 συμπόσια
2569 5741 2834 5796 εατανικὰ
2862 5782 2876 5807 ,
2923 5742 3018 5794 καὶ
3062 5741 3376 5813 διαϐολικῆς
3431 5741 3675 5814 γέμοντα

2073 5833 2156 5886 ἐνε
2168 5833 2350 5902 ργείας
2369 5850 2384 5898 ,°
