4046 6432
285 372 380 426 ιοι
908 365 1189 421 llOMlLIA
1229 364 1318 419 DE
1358 359 1584 417 CAPTO
1623 352 1972 414 EUTROPIU
2014 351 2098 406 ET
2142 349 2229 404 DE
2269 346 2676 405 DlVlTIARUM
2720 343 3085 404 VANITATE.

359 485 483 537 flwc
511 484 612 536 vita
644 482 999 551 peregrinatio.
1030 511 1102 523 --
1130 479 1263 534 Num
1289 478 1430 533 nosti
1453 477 1615 531 vitam
1648 486 1882 544 praesen—

285 587 390 628 tem
424 588 544 629 esse
575 573 1056 643 peregrinationem
1082 570 1105 623 ?
1129 569 1391 624 Numnam
1421 578 1474 622 tu
1498 567 1630 622 civis
1651 565 1674 618 ?
1699 563 1883 618 Viator

280 683 359 721 es.
393 667 706 722 Intellexisti
731 664 858 736 quid
889 665 1117 718 dixerim
1140 663 1164 716 ?
1187 662 1304 716 Non
1327 677 1386 717 es
1412 661 1565 726 civis,
1598 657 1690 712 sed
1717 659 1884 711 viator

282 769 332 810 rt
382 757 717 822 peregrinus.
765 755 842 808 Ne
882 755 1084 809 dixeris
1114 773 1127 807 :
1157 755 1305 808 llanc
1332 761 1386 806 et
1426 751 1571 807 illam
1615 750 1883 806 civitatem

282 846 474 900 Iubeo.
496 846 664 900 Nemo
684 844 952 898 civitatein
977 844 1158 899 habet.
1181 844 1378 897 Civitas
1394 857 1606 896 sursum
1630 849 1729 894 est.
1752 838 1886 892 Prm-

279 939 452 990 seutia
474 939 554 991 via
579 944 722 991 sunt.
748 937 996 1002 Quotidie
1024 937 1181 1006 igitur
1207 935 1308 988 iter
1333 932 1576 998 facimus,
1597 931 1772 985 donec
1792 944 1885 982 na-

281 1039 396 1082 tura
418 1043 635 1083 eursmn
661 1029 888 1099 perficit.
914 1029 1010 1083 Est
1033 1029 1119 1097 qui
1140 1026 1192 1079 in
1217 1027 1298 1079 via
1321 1024 1573 1094 pecunias
1589 1019 1843 1076 recondat
1867 1037 1881 1074 :

281 1131 368 1175 est
391 1123 481 1192 qui
513 1123 563 1176 in
599 1122 679 1176 via
703 1137 892 1175 aurum
919 1120 1174 1176 defodiet.
1204 1120 1480 1189 Ingressus
1506 1115 1882 1177 diversorium,

282 1214 483 1268 illudne
513 1215 782 1269 exornas?
808 1214 1043 1280 Minime,
1063 1213 1164 1269 sed
1196 1212 1436 1268 comedis
1461 1219 1514 1267 et
1533 1211 1694 1276 bibis,
1726 1219 1885 1278 atque

283 1306 409 1360 hinc
433 1307 613 1376 egredi
638 1309 876 1360 festinas.
902 1305 1259 1361 Diversorium
1282 1312 1362 1359 est
1384 1305 1489 1358 vita
1513 1315 1771 1374 praesens.
1800 1300 1886 1355 lu-

281 1398 452 1468 grcssi
472 1413 679 1461 sumus,
705 1409 1025 1468 przesentcm
1051 1399 1211 1452 vitam
1236 1397 1449 1452 finimus
1467 1415 1479 1449 :
1496 1408 1742 1451 curemus
1762 1407 1884 1447 cum

284 1491 419 1544 bona
439 1505 535 1560 spe
547 1490 750 1558 egredi,
771 1491 903 1545 nihil
927 1491 1014 1545 hie
1029 1490 1413 1560 relinquamus.
1430 1504 1497 1543 ne
1513 1488 1620 1542 illic
1632 1486 1784 1542 nobis
1803 1500 1888 1554 pe-

280 1592 416 1639 reat.
436 1585 711 1652 Ingressus
725 1585 774 1637 in
794 1598 1090 1653 cauponam
1113 1582 1236 1652 quid
1259 1596 1424 1651 puero
1445 1579 1615 1636 dicis?
1635 1577 1766 1634 Vide
1781 1594 1885 1649 quo

280 1675 400 1729 loco
429 1690 517 1729 res
548 1685 760 1730 inistras
785 1676 1012 1746 deponis
1037 1718 1050 1740 ,
1085 1691 1152 1730 ne
1177 1674 1303 1742 quid
1332 1672 1417 1727 hic
1441 1673 1791 1741 relinquatur,
1819 1685 1886 1725 ne

280 1765 406 1835 quid
436 1768 777 1837 quantunnis
809 1768 924 1821 leve
953 1767 1033 1821 vel
1065 1766 1318 1834 exiguum
1351 1773 1571 1834 pereat,
1605 1771 1664 1817 ut
1703 1762 1882 1815 omnia

279 1857 499 1913 domum
530 1872 885 1930 reportemus.
916 1860 1006 1914 Sic
1030 1869 1083 1912 et
1109 1873 1210 1913 nos
1235 1859 1285 1912 in
1314 1857 1562 1928 prtesenti
1591 1857 1697 1911 vita
1724 1875 1736 1910 :
1765 1871 1882 1910 eam

279 1952 431 2021 quasi
463 1966 759 2021 camionam
801 1951 1152 2020 respiciamus
1173 1993 1186 2016 ,
1219 1949 1455 2021 nihilque
1493 1950 1580 2005 hic
1610 1951 1883 2020 relinqua-

278 2057 422 2107 mus,
444 2042 540 2096 sed
567 2041 744 2094 omnia
775 2041 825 2094 in
858 2043 1197 2112 metropolim
1226 2051 1583 2113 reportemus.
1614 2041 1798 2096 Viator
1825 2057 1884 2096 cs

277 2147 339 2186 ac
373 2133 706 2200 peregrinus,
739 2133 846 2186 imo
879 2135 1082 2189 viatore
1108 2135 1284 2188 vilior.
1315 2134 1638 2201 Quomodo?
1667 2148 1767 2203 ego
1797 2133 1882 2186 di-

277 2239 415 2277 cam.
451 2223 634 2276 Viator
677 2226 775 2278 scit
819 2227 1031 2295 quando
1073 2227 1369 2295 ingreditur
1395 2226 1786 2287 diversorium,
1830 2231 1884 2277 et

276 2314 491 2383 quando
518 2316 789 2384 egreditur
819 2334 830 2370 :
863 2317 912 2370 in
941 2316 1056 2386 ejus
1082 2318 1222 2370 enim
1252 2315 1473 2369 arbitrio
1501 2325 1584 2369 est
1609 2329 1879 2385 egressus,

276 2407 725 2475 quemadmodum
759 2417 809 2460 et
854 2408 1160 2477 ingressus;
1190 2423 1289 2478 ego
1315 2418 1492 2463 autem
1526 2407 1797 2480 ingressus
1827 2407 1879 2462 in

276 2500 631 2556 diversorium
663 2545 674 2563 ,
720 2501 821 2556 hoc
860 2515 944 2557 est
981 2507 1033 2556 in
1081 2515 1398 2571 prae-Semen]
1429 2505 1592 2557 vitam
1626 2546 1639 2569 ,
1669 2502 1881 2572 quando

276 2607 593 2661 egressurus
635 2593 735 2646 sim
782 2594 988 2663 ignoro.
1041 2597 1216 2665 Atque
1264 2595 1527 2649 interdum
1574 2610 1672 2664 pro
1723 2596 1882 2664 longo

278 2694 518 2754 timpore
539 2686 788 2740 alimenta
813 2703 963 2756 paro,
983 2696 1037 2741 et
1054 2687 1314 2741 Dominus
1334 2697 1560 2756 repente
1583 2703 1668 2742 me
1691 2699 1842 2742 vocat
1864 2706 1877 2742 :

277 2777 465 2843 Stulte,
503 2793 617 2846 qua:
647 2780 836 2847 parasti
863 2781 1010 2851 cujus
1041 2780 1228 2834 erant?
1259 2778 1375 2832 Hac
1405 2782 1537 2833 enim
1568 2789 1711 2833 noue
1739 2779 1879 2832 acci-

275 2871 411 2938 pient
436 2871 660 2922 animum
693 2879 828 2923 tuum
861 2869 1017 2940 (Luc.
1051 2869 1138 2924 12.
1162 2870 1278 2940 20).
1308 2871 1548 2926 incertus
1574 2873 1769 2937 exitus,
1801 2874 1880 2924 itt-

273 2962 479 3017 stabilis
510 2963 801 3031 possessio,
839 2971 1096 3018 scxeenta
1127 2963 1419 3033 prtecipitia
1441 3006 1455 3028 ,
1488 2963 1720 3034 undique
1750 2978 1878 3033 pro-

270 3054 442 3107 cella;
475 3053 584 3108 Cur
611 3055 812 3109 insanis
837 3055 981 3109 circa
1013 3054 1275 3110 umbras?
1304 3070 1400 3110 cur
1431 3055 1613 3112 relicta
1657 3056 1879 3110 veritate

270 3147 336 3202 ad
367 3147 581 3203 umbras
605 3146 884 3219 confugis?

340 3282 392 3338 6.
442 3282 567 3337 lltec
595 3282 717 3337 dico
742 3326 756 3349 ,
794 3299 893 3338 nec
918 3285 1100 3340 dicere
1126 3283 1364 3340 desinam
1396 3324 1410 3349 ,
1455 3283 1694 3337 colorem
1739 3281 1876 3336 infe-

271 3390 397 3431 rens
419 3417 434 3442 ,
465 3385 516 3430 ct
543 3377 763 3431 Vulnera
791 3380 1184 3447 comprimens;
1218 3379 1374 3448 idque
1403 3394 1507 3431 non
1542 3386 1759 3447 prOpler
1783 3392 1879 3432 eos

271 3469 359 3536 qui
405 3467 754 3532 ceciderunt,
802 3471 896 3522 sed
946 3479 1166 3538 propter
1193 3484 1286 3523 eos
1325 3469 1414 3538 qui
1460 3477 1766 3536 supersunt.
1800 3466 1876 3520 illi

272 3575 503 3629 uanique
531 3559 927 3625 abscesserunt,
961 3560 1226 3630 [itu-mque
1257 3571 1578 3628 acceperunt
1604 3578 1615 3612 :
1641 3561 1728 3629 qui
1752 3573 1878 3614 vero

269 3660 560 3720 supersunt
586 3693 600 3716 ,
637 3665 824 3706 eorum
853 3651 1245 3706 calamitatibus
1267 3651 1534 3705 cautiores
1561 3660 1874 3705 evaserunt.

269 3744 333 3797 Et
361 3742 512 3814 quid,
543 3743 774 3813 inquies,
811 3743 1108 3799 faciemus?
1138 3743 1310 3799 Unum
1343 3743 1446 3798 hoc
1477 3742 1639 3798 facito
1661 3785 1674 3806 ,
1711 3757 1874 3812 pecu-

269 3837 386 3889 nias
431 3835 557 3890 odio
598 3835 832 3900 habeas,
872 3845 928 3890 et
970 3836 1132 3890 vitam
1170 3845 1312 3890 tuam
1339 3834 1549 3905 diligas.
1578 3835 1765 3904 Abjice
1794 3834 1875 3889 fa-

268 3929 537 3992 t'ultates,
587 3942 693 3981 non
735 3927 857 3981 dico
896 3942 1085 3982 omnes
1115 3968 1130 3993 ,
1177 3926 1272 3982 sed
1315 3927 1618 3995 superﬂuas
1668 3940 1871 3981 reseca.

269 4023 456 4076 Aliena
487 4037 553 4075 ne
582 4022 936 4090 concupiscas
962 4063 977 4088 ,
1007 4021 1220 4076 viduam
1254 4036 1320 4075 ne
1351 4021 1652 4091 exspolies,
1689 4020 1873 4091 pupilli

269 4115 409 4168 bona
450 4128 518 4168 ne
562 4114 737 4183 rapias
764 4154 776 4178 ,
823 4113 1042 4168 domum
1074 4130 1140 4169 ne
1169 4113 1448 4184 accipias:
1482 4128 1587 4167 non
1619 4128 1876 4182 personas

268 4205 388 4258 dico
411 4245 424 4270 ,
473 4205 566 4258 sed
612 4221 718 4259 res.
767 4204 821 4260 Si
853 4221 1010 4275 quem
1039 4205 1364 4260 conscientia
1397 4205 1604 4259 mordet
1632 4245 1647 4271 ,
1681 4205 1794 4275 ipse
1822 4207 1872 4258 in

268 4311 428 4350 causa
461 4305 545 4349 est
569 4339 582 4363 ,
617 4312 722 4350 non
755 4313 906 4352 meus
937 4313 1136 4352 sermo.
1168 4298 1276 4352 Cur
1305 4299 1447 4368 rapis
1471 4340 1486 4364 ,
1519 4298 1606 4352 ubi
1637 4297 1874 4352 invidia?

271 4387 438 4456 Rape,
467 4388 556 4442 ubi
586 4404 804 4443 corona.
833 4389 912 4444 Ne
935 4391 1109 4458 rapias
1137 4399 1356 4454 terram,
1387 4390 1480 4444 sed
1510 4387 1878 4464 czelum..Vio-

270 4481 522 4533 lentarum
551 4489 623 4534 est
653 4497 862 4549 regnum
888 4481 1149 4547 calorum,
1179 4491 1227 4534 et
1258 4482 1461 4535 violenti
1493 4482 1698 4552 rapiunt
1747 4482 1877 4535 illud

269 4573 504 4642 (.llattlt.
538 4575 623 4629 ll.
661 4575 727 4630 l2
753 4576 791 4634 ἱ.
820 4576 959 4643 Quid
991 4577 1136 4646 rapis
1167 4591 1457 4646 pauperem
1489 4577 1877 4632 accusantem?

269 4667 416 4733 Rape
463 4667 734 4722 Christum
785 4668 1111 4723 laudantem.
1141 4667 1330 4723 Vidisti
1379 4669 1776 4738 improbitatem
1822 4677 1878 4723 et

268 4758 573 4814 insaniam?
599 4759 759 4829 [lapis
783 4775 1071 4829 pauperem
1099 4775 1263 4829 pauca
1290 4760 1691 4830 possidentem?
1719 4760 1878 4814 Chri-

267 4863 382 4905 stus
413 4853 564 4911 dieit.
599 4852 681 4906 Me
711 4853 906 4924 rapito,
936 4853 1139 4920 rapina:
1172 4852 1266 4907 tibi
1293 4854 1517 4922 gratiam
1548 4853 1719 4908 habeo
1751 4873 1762 4905 :
1794 4869 1878 4908 re-

266 4959 428 5012 gnum
459 4959 636 4996 meum
672 4945 866 5012 rapito,
897 4952 950 4997 et
977 4943 1081 4996 vim
1115 4928 1295 4998 facito.
1326 4943 1620 4999 Terrenum
1655 4961 1874 5014 regnum

266 5036 308 5088 si
344 5049 538 5104 rapere
566 5035 800 5089 volueris
821 5078 835 5103 ,
870 5036 979 5088 imo
1004 5035 1047 5089 si
1081 5034 1134 5089 id
1161 5036 1246 5090 vel
1276 5036 1594 5105 cogitaveris
1617 5077 1632 5100 ,
1669 5035 1877 5105 suppli-

265 5130 405 5183 cium
451 5127 568 5182 lues
597 5147 610 5181 τ
640 5144 933 5198 supernum
975 5143 1104 5184 vero
1149 5127 1195 5184 si
1243 5144 1348 5183 non
1382 5129 1621 5198 rapueris
1647 5171 1660 5194 ,
1693 5144 1879 5197 pmnas

267 5223 398 5276 lues.
432 5220 532 5276 Ubi
567 5222 860 5286 mundana,
889 5221 960 5276 ibi
989 5222 1188 5278 invidia
1219 5240 1232 5276 :
1262 5224 1349 5278 ubi
1382 5239 1508 5278 vero
1537 5225 1830 5294 spiritu-alia
1860 5267 1876 5291 ,

269 5317 336 5370 ibi
367 5317 586 5371 caritas.
620 5313 747 5368 llazc
789 5314 1014 5384 singulis
1062 5315 1252 5371 diebus
1299 5317 1598 5383 meditare;
1645 5332 1714 5372 ne
1757 5326 1881 5387 post

267 5407 484 5462 bidmnn
513 5421 744 5462 cernens
769 5407 933 5461 alium
960 5423 1122 5463 curru
1151 5419 1363 5464 vectum
1388 5451 1404 5475 ,
1435 5411 1608 5466 serico
1634 5409 1878 5464 indutum

267 5500 610 5564 vestimento,
643 5513 762 5554 sese
787 5498 1124 5566 efferentem,
1151 5501 1489 5556 conturberis
1518 5511 1609 5555 aut
1637 5511 1876 5570 stupeas.

268 5593 340 5646 Ne
392 5592 577 5647 laudes
612 5595 626 5625 ⁸
661 5593 882 5651 divitem
909 5636 925 5662 ,
957 5593 1052 5650 sed
1084 5610 1208 5649 cum
1242 5603 1442 5650 tantum
1472 5595 1561 5664 qui
1593 5595 1643 5649 in
1672 5595 1874 5664 justitia

335 5822 349 5849 ³
389 5822 479 5872 sic.
502 5827 568 5868 ne
589 5818 778 5876 laudes,
806 5830 979 5867 omnes
1005 5825 1055 5865 et
1081 5817 1251 5881 Savil.;
1279 5819 1617 5878 Morel..vero,
1635 5824 1680 5866 et
1705 5817 1870 5869 inuita.

3486 333 3590 390 40?.

1993 466 2138 519 vivit.
2172 465 2464 537 Pauperem
2505 478 2572 519 ne
2611 463 2921 531 vituperes,
2953 460 3048 516 sed
3089 459 3229 514 circa
3273 472 3360 514 res
3403 473 3594 515 omnes

1990 556 2138 610 disce
2167 564 2314 610 recto
2339 566 2394 610 et
2423 557 2734 624 incorrupto
2765 554 2840 607 uti
2865 551 3088 622 judicio.

2063 644 2303 698 Ecclesiae
2326 646 2519 700 laudes.
2553 675 2622 684 —
2651 643 2734 699 Ab
2759 643 2986 698 ecclesia
3015 657 3082 695 ne
3110 640 3381 696 abstineas
3406 657 3419 695 :
3449 639 3584 694 nihil

1987 738 2133 790 enim
2175 736 2364 792 fortius
2407 735 2668 791 Ecclesia.
2721 735 2856 803 Spes
2902 743 2988 787 tua
3037 732 3299 798 Ecclesia,
3326 731 3588 801 refugimn

1993 837 2141 882 tuum
2173 827 2434 881 Ecclesia.
2463 825 2608 880 Czelo
2636 825 2902 880 excelsior
2927 833 2982 878 et
3011 833 3149 877 terra
3183 823 3340 876 latior
3368 830 3450 876 est
3477 821 3586 875 illa.

1987 918 2288 987 Numquam
2327 915 2595 981 senescit,
2636 916 2733 970 sed
2774 930 2990 984 semper
3030 915 3189 984 viget.
3230 914 3587 981 Quamobrem

1990 1012 2104 1080 ejus
2130 1009 2433 1063 firmitatem
2455 1008 2904 1076 stabilitatemque
2925 1007 3298 1061 demonstrans
3314 1003 3590 1074 Scriptura

1990 1110 2227 1155 montem
2258 1098 2400 1152 illam
2425 1107 2617 1162 vocat;
2669 1099 2786 1166 ejus
2817 1097 3368 1164 incorruptibilitatem
3399 1095 3588 1164 appel-

1990 1191 2064 1244 lat
2093 1192 2351 1260 virginem
2374 1205 2388 1254 ;
2423 1188 2868 1259 magnificentiam
2900 1187 3016 1254 ejus
3043 1187 3240 1255 regina:
3259 1189 3476 1242 nomine
3496 1186 3592 1242 de-

1989 1283 2194 1345 clarat;
2243 1280 2647 1350 cognationem,
2696 1294 2855 1348 quam
2900 1292 3022 1332 eum
3071 1277 3179 1331 Deo
3225 1277 3418 1345 habet,
3467 1279 3590 1333 filiae

1990 1389 2122 1430 voce
2161 1372 2391 1427 indicat:
2433 1384 2651 1443 prepter
2675 1386 3016 1426 numerosam
3048 1371 3254 1441 prolem
3282 1371 3427 1425 illam
3459 1372 3587 1424 olim

1990 1466 2228 1520 sterilem
2253 1506 2268 1531 ,
2295 1479 2438 1518 nunc
2467 1472 2623 1518 voeat
2649 1478 2767 1518 eam
2790 1506 2805 1528 ,
2831 1478 2949 1533 qua:
2973 1464 3178 1533 peperit
3199 1474 3404 1533 septem
3431 1481 3444 1518 :
3468 1478 3590 1517 sex-

1989 1568 2142 1611 centa
2185 1555 2421 1621 nomina,
2469 1564 2525 1608 ut
2560 1553 2675 1624 ejus
2712 1555 3046 1609 nobilitatem
3075 1553 3293 1608 indicet.
3319 1554 3590 1620 Quemad-

1991 1647 2211 1702 modum
2261 1647 2403 1701 enim
2450 1646 2708 1700 Dominus
2752 1646 2869 1713 ejus
2914 1646 3079 1698 multa
3121 1644 3283 1698 habet
3325 1645 3538 1698 nomina
3573 1660 3586 1696 :

1990 1754 2113 1792 nam
2157 1747 2310 1809 pater
2346 1747 2599 1803 vocatur,
2633 1738 2714 1791 via
2734 1779 2750 1804 ,
2783 1738 2890 1791 vita
2912 1779 2928 1802 ,
2959 1739 3078 1802 lux,
3117 1735 3395 1791 brachium
3416 1777 3430 1803 ,
3461 1751 3590 1806 pro-

1989 1833 2217 1902 pitiatio,
2243 1830 2646 1886 fundamentum
2666 1870 2682 1896 ,
2711 1832 2928 1897 ostium,
2959 1829 3342 1900 impeccabilis,
3373 1830 3590 1885 thesau-

1990 1939 2116 1991 rus,
2147 1924 2430 1990 domiuus,
2464 1924 2603 1978 Deus
2624 1962 2639 1988 ,
2669 1923 2808 1976 filius
2829 1964 2842 1986 ,
2873 1922 3177 1992 unigenitus
3200 1961 3216 1987 ,
3251 1920 3421 1976 forma
3455 1922 3546 1977 Dei
3574 1963 3588 1987 ,

1991 2018 2166 2087 imago
2197 2017 2290 2070 Dei
2319 2033 2332 2068 :
2365 2031 2435 2070 an
2457 2015 2654 2068 sufticit
2684 2029 2880 2068 nomen
2909 2029 3073 2069 unum
3100 2013 3168 2068 ad
3196 2023 3362 2069 tomm
3388 2029 3591 2083 reprae-

1988 2107 2308 2162 sentandum
2329 2107 2352 2160 ?
2373 2107 2525 2162 Nullo
2557 2106 2717 2160 modo
2750 2123 2763 2160 :
2798 2106 3026 2176 ideoque
3047 2107 3326 2161 innumera
3349 2117 3474 2160 sunt
3496 2121 3590 2158 no-

1990 2198 2164 2265 mina,
2209 2207 2264 2253 ut
2290 2199 2357 2253 de
2388 2199 2501 2253 Deo
2524 2198 2604 2253 vel
2637 2197 2904 2252 tantillum
2931 2196 3254 2252 ediscamus.
3285 2198 3374 2252 Sic
3401 2207 3455 2251 et
3486 2196 3591 2250 Ec-

1988 2291 2148 2345 clesia
2193 2290 2376 2344 multis
2421 2299 2643 2344 vocatur
2685 2289 3012 2343 nominibus.
3054 2287 3220 2358 Virgo
3257 2289 3588 2357 appellatur,

1987 2399 2107 2452 qum
2137 2392 2314 2437 tamen
2340 2385 2486 2451 prius
2513 2381 2766 2436 meretrix
2790 2389 2906 2434 erat
2936 2397 2949 2432 :
2984 2394 3128 2446 nam,
3153 2379 3295 2443 quod
3318 2380 3372 2432 in
3393 2393 3592 2449 sponso

1988 2474 2234 2530 mirabile
2259 2484 2373 2528 est:
2406 2474 2610 2543 accepit
2639 2471 2999 2538 meretricem,
3030 2481 3084 2526 et
3109 2471 3286 2524 effecit
3306 2471 3589 2540 virginem.

1985 2567 2030 2620 υ
2065 2581 2177 2619 rem
2217 2582 2406 2620 novam
2432 2575 2486 2619 et
2511 2565 2883 2619 admirabilem
2910 2568 2922 2616 !
2955 2562 3162 2629 Nuptiae
3187 2561 3328 2632 apud
3359 2576 3456 2616 nos
3484 2562 3593 2614 vir-

1985 2659 2258 2726 ginitatem
2307 2659 2520 2709 solvunt
2545 2695 2559 2718 ,
2605 2656 2803 2722 nuptiae
2843 2653 2985 2722 apud
3026 2656 3193 2712 lieum
3232 2654 3589 2722 virginitatem

1987 2748 2330 2803 resuscitant.
2355 2747 2508 2817 Apud
2543 2762 2640 2800 nos
2669 2762 2786 2816 qua:
2811 2746 2962 2815 virgo
2989 2753 3106 2800 erat
3126 2786 3140 2808 ,
3169 2753 3354 2814 nupta,
3382 2759 3486 2797 non
3510 2752 3592 2796 est

1986 2843 2137 2912 virgo
2162 2857 2176 2906 ;
2201 2840 2339 2910 apud
2364 2841 2633 2895 Christum
2656 2855 2775 2908 qua:
2800 2838 3054 2892 meretrix
3079 2847 3214 2904 erat,
3239 2845 3422 2906 nupta,
3444 2835 3590 2906 virgo

1985 2934 2234 2989 efficitur.

2058 3028 2110 3079 7.
2165 3025 2276 3078 lloc
2323 3025 2498 3078 solum
2543 3025 2696 3078 velim
2744 3023 3129 3092 interpretetur
3167 3020 3474 3082 haereticus,
3502 3021 3589 3088 qui

1984 3118 2052 3172 de
2089 3131 2320 3185 superna
2360 3116 2710 3186 generatione
2752 3116 3018 3168 curiosius
3046 3114 3305 3182 inquirit,
3337 3128 3400 3167 ac
3426 3111 3548 3166 dicit
3575 3153 3589 3174 ,

1983 3211 2266 3278 Quomodo
2295 3210 2482 3280 genuit
2521 3210 2717 3265 Pater?
2749 3210 2843 3263 Dic
2872 3210 2976 3274 illi,
3005 3209 3288 3276 Quomodo
3317 3208 3551 3264 ECCiC>i3
3575 3250 3589 3272 ,

1983 3321 2106 3375 qua:
2132 3304 2387 3358 meretrix
2417 3314 2534 3358 erat
2554 3344 2568 3365 ,
2603 3303 2754 3370 virgo
2785 3302 2976 3356 ellecta
3007 3302 3132 3362 est?
3162 3301 3433 3371 quomodo
3465 3301 3547 3354 illa
3575 3342 3588 3363 ,

1983 3413 2103 3468 quae
2128 3397 2350 3466 genuit,
2380 3395 2533 3464 virgo
2573 3393 2910 3462 permansit?
2941 3392 3016 3445 [Ε
3026 3394 3192 3446 mutor
3218 3393 3347 3446 enim
3378 3410 3465 3446 vos
3499 3390 3591 3444 Dei

1983 3488 2329 3550 a’mulatione,
2356 3488 2528 3556 inquit
2553 3487 2752 3541 Paulus
2775 3504 2787 3551 ;
2817 3486 3066 3554 despondi
3092 3486 3227 3540 enim
3248 3502 3333 3539 vos
3356 3486 3441 3540 uni
3462 3485 3591 3552 viro,

1985 3583 2227 3653 virginem
2255 3592 2449 3635 castam
2469 3579 2701 3634 exhibere
2726 3579 2929 3634 Christo
2959 3578 3036 3644 (2.
3070 3578 3187 3634 Cor.
3217 3581 3243 3634 1
3261 3581 3306 3635 l.
3334 3577 3414 3651 2).
3441 3577 3485 3634 Ο
3504 3593 3594 3634 sa-

1983 3674 2274 3744 pientiam,
2321 3682 2375 3726 et
2423 3673 2871 3742 intelligentiam!
2917 3670 3167 3726 [Emulor
3206 3672 3338 3724 enim
3377 3687 3464 3724 vos
3500 3669 3594 3723 Dei

1982 3767 2326 3820 ccmulatione.
2360 3764 2496 3832 Quid
2519 3763 2622 3819 hoc
2649 3766 2776 3818 est?
2806 3763 3056 3817 ZEmulor
3080 3804 3094 3829 ,
3129 3763 3318 3834 inquit.
3351 3762 3596 3817 IEmula-

1983 3858 2059 3910 ris
2103 3865 2158 3909 tu
2181 3897 2193 3918 ,
2238 3855 2328 3924 qui
2370 3855 2665 3924 spiritualis
2692 3853 2796 3909 es?
2828 3852 3075 3907 zEmulor
3099 3853 3234 3907 enim
3254 3893 3267 3917 ,
3299 3853 3505 3923 inquit,
3537 3859 3596 3909 υι

1985 3949 2150 4004 Deus.
2206 3949 2418 4018 Ergone
2465 3948 2604 4002 Deus
2645 3948 2968 4000 a-mulatur‘!
3015 3946 3226 4010 Etiam,
3269 3946 3592 4012 :rmulatur,

1985 4061 2091 4098 non
2123 4044 2289 4097 animi
2314 4043 2502 4097 morbo
2528 4083 2543 4107 ,
2577 4042 2671 4096 sed
2700 4041 2923 4096 caritate
2945 4051 2999 4095 et
3026 4040 3314 4111 zelotypia.
3347 4037 3596 4094 zEmulor

1982 4138 2116 4190 enim
2145 4152 2230 4190 vos
2257 4135 2353 4190 Dei
2380 4135 2730 4190 inmutatione.

2055 4229 2280 4296 A/feclus
2333 4231 2386 4282 in
2435 4226 2547 4281 Deo
2595 4226 2872 4295 quomodo.
2930 4226 3087 4280 Varia
3133 4223 3318 4281 Christi
3365 4224 3591 4278 nomina.

1983 4323 2238 4377 ——Dicam
2273 4321 2364 4377 tibi
2393 4320 2664 4391 quomodo
2685 4319 3012 4374 tumulatur?
3039 4317 3182 4373 Vidit
3217 4328 3413 4373 terram
3436 4333 3465 4370 a
3487 4316 3592 4372 dte—

1985 4417 2234 4471 monibus
2271 4424 2577 4484 corruptam
2605 4456 2620 4481 ,
2662 4422 2717 4468 et
2745 4413 2937 4467 Filium
2966 4427 3121 4468 suum
3149 4411 3383 4466 tradidit.
3415 4409 3592 4466 Verba

1984 4509 2184 4577 quippe
2227 4507 2294 4561 de
2341 4505 2451 4560 Deo
2498 4505 2642 4560 dicta
2687 4519 2795 4558 non
2841 4503 3200 4558 eadem'sunt
3241 4503 3292 4556 vi
3321 4501 3542 4572 prandita
3579 4519 3592 4554 :

1985 4599 2216 4667 exempli
2247 4611 2405 4652 causa
2430 4640 2444 4660 ,
2478 4596 2763 4651 aemulatur
2795 4597 2940 4650 Deus
2963 4638 2978 4661 ,
3010 4595 3290 4659 irascitur,
3327 4595 3593 4663 pmnitcu-

1985 4694 2057 4746 tia
2106 4710 2171 4745 nn
2201 4701 2383 4754 vetur,
2427 4690 2560 4744 odit.
2600 4689 2773 4744 Verba
2803 4698 2932 4742 sunt
2958 4689 3186 4742 humana
3207 4729 3220 4751 ,
3253 4688 3346 4742 sed
3378 4701 3592 4743 sensum

1987 4786 2187 4840 habent
2220 4784 2327 4837 Deo
2355 4792 2762 4852 congruentem.
2792 4780 3073 4849 Quomodo
3102 4779 3381 4834 aemulatur
3414 4779 3594 4834 Deus?

1987 4878 2235 4933 JEtnulor
2256 4878 2388 4929 enim
2411 4892 2495 4928 vos
2528 4874 2622 4928 Dei
2651 4874 2994 4928 aemulatione.
3022 4873 3270 4926 Irascitur
3289 4871 3592 4927 081182Βο-

1989 4971 2123 5022 mine
2144 5012 2158 5036 ,
2203 4985 2263 5022 ne
2297 4969 2348 5022 in
2378 4968 2550 5036 furore
2576 4977 2662 5020 tuo
2688 4983 2875 5036 arguas
2908 4982 2988 5019 me
3011 4964 3183 5033 (Psal.
3214 4964 3267 5018 6.
3301 4964 3376 5034 1).
3413 4964 3598 5032 itaque

1988 5064 2149 5117 etiam
2197 5060 2396 5116 dormit
2439 5059 2624 5114 Deus?
2667 5057 2935 5127 Exsurge,
2962 5074 3119 5127 quare
3156 5057 3447 5119 obdormis,
3484 5056 3592 5110 [)0-

1988 5155 2122 5207 minc
2157 5151 2326 5222 (Psal.
2369 5151 2458 5205 45.
2491 5151 2606 5221 9.3).
2645 5150 2964 5206 Paenitentia
2993 5159 3237 5204 movetur
3269 5149 3447 5202 Deus?
3475 5147 3595 5201 Ρω-

1989 5249 2147 5312 nilet,
2193 5246 2389 5314 inquit,
2439 5261 2518 5297 me
2566 5245 2742 5316 fecisse
2782 5243 3035 5296 hominem
3075 5240 3226 5313 (Gen.
3271 5242 3324 5296 6.
3350 5240 3426 5313 7).
3458 5239 3595 5296 Odiu

1991 5340 2150 5394 habet
2179 5338 2361 5392 Deus?
2393 5337 2754 5391 Solemnitatcs
2776 5341 2963 5388 vestras
2985 5343 3030 5387 et
3052 5334 3339 5386 neomenias
3359 5333 3463 5385 odit
3485 5333 3594 5384 ani~

1989 5449 2072 5484 ma
2102 5447 2214 5484 mea
2243 5428 2445 5502 (Hcsai.
2482 5429 2529 5482 l.
2559 5427 2668 5497 Ν).
2693 5425 2890 5482 Verum
2923 5441 2990 5479 ne
3017 5425 3303 5479 verborum
3338 5425 3592 5477 vilitatem

1991 5534 2238 5594 spectes,
2285 5521 2382 5578 sed
2421 5521 2750 5584 sententias,
2797 5527 2854 5573 ut
2891 5519 3056 5573 Deum
3105 5517 3290 5585 decet,
3334 5517 3593 5586 intelligo.

1991 5619 2298 5675 IEmulatur
2330 5618 2470 5674 Deus
2495 5660 2509 5685 ,
2545 5615 2742 5686 quippe
2768 5618 2855 5686 qui
2889 5614 3098 5683 diligat.
3127 5613 3374 5667 Irascitur
3409 5612 3548 5666 Dens
3578 5654 3591 5674 ,

1993 5727 2097 5765 non
2137 5711 2298 5764 animi
2343 5719 2520 5775 motu,
2559 5708 2653 5761 sed
2697 5707 2897 5762 ultione
2937 5715 2990 5761 et
3018 5706 3299 5776 supplicio.
3333 5703 3591 5758 Somnum

1991 5807 2131 5876 capit
2174 5806 2349 5870 Deus,
2388 5821 2492 5858 non
2518 5802 2826 5870 dormiens,
2859 5800 2950 5855 sed
2983 5800 3180 5855 diutius
3207 5798 3439 5853 tolerans
3507 5795 3590 5850 Di-
