4046 6434
433 308 542 365 403

435 429 644 476 ctiones
684 433 809 476 cum
851 420 1066 476 delectu
1107 422 1312 491 accipe.
1355 421 1444 476 Sic
1470 435 1592 475 eum
1624 419 1858 474 audieris
1878 419 2045 475 Deum

434 515 676 582 gignere,
696 529 764 568 ne
781 513 1050 568 scctiones
1062 513 1288 582 cogites,
1308 512 1402 567 sed
1417 511 2048 567 consubstantialitatem.

435 603 611 659 Verba
647 604 792 659 enim
823 605 989 658 multa
1016 605 1212 660 similia
1240 620 1270 659 a
1300 605 1454 660 nobis
1483 613 1757 659 mutuatus
1785 613 1869 658 est
1887 604 2048 667 Deus,

435 704 492 749 ut
515 703 570 751 et
595 711 695 751 nos
715 697 896 751 abillo
922 697 1148 751 mutuati
1175 712 1381 762 sumus,
1410 705 1466 750 ut
1487 697 1538 751 id
1563 696 1716 751 nobis
1736 697 1805 750 sit
1839 695 2048 749 honori.

509 786 564 842 8.
600 786 917 843 Intellexisti
944 787 1072 858 quid
1099 787 1368 842 dixerint?
1400 787 1633 842 Attende
1657 787 1846 841 sedulo
1869 829 1885 854 ,
1911 787 2049 841 dile-

435 888 542 936 cte.
578 880 766 936 Divina
793 890 920 936 sunt
944 885 1162 936 nomina
1189 924 1203 948 ,
1232 892 1286 936 et
1314 881 1546 936 humana
1577 891 1705 937 sunt
1735 883 1973 935 nomina.
2005 881 2046 933 A

437 988 526 1028 me
551 974 796 1043 accepit,
831 984 886 1030 et
914 975 1043 1029 mihi
1075 974 1224 1030 dedit
1253 975 1389 1045 ipse.
1420 975 1494 1028 Da
1523 973 1651 1028 mihi
1684 983 1771 1028 tua
1796 1014 1812 1039 ,
1841 973 2048 1043 inquit,

435 1074 491 1120 et
531 1067 715 1136 accipe
760 1081 901 1122 mea.
934 1066 1174 1122 Meorum
1216 1081 1353 1136 Opus
1394 1066 1562 1121 habes
1586 1065 1873 1120 verborum
1902 1083 1914 1117 :
1945 1079 2049 1118 non

437 1172 576 1227 opus
624 1158 798 1213 habeo
842 1174 975 1231 ego,
1023 1159 1118 1214 sed
1147 1167 1204 1213 tu
1234 1176 1247 1211 :
1281 1159 1404 1229 quia
1431 1159 1575 1214 enim
1604 1158 1902 1213 substantia
1932 1171 2050 1211 mea

441 1255 752 1323 incorrupta
773 1261 891 1319 est,
927 1263 982 1307 tu
1009 1260 1188 1308 autem
1219 1252 1381 1306 homo
1410 1266 1491 1318 es,
1512 1251 1725 1322 corpori
1751 1264 2049 1317 connexus,

440 1359 732 1416 corporeas
778 1358 1027 1414 quaerens
1069 1342 1378 1411 dictiones,
1424 1354 1483 1399 ut
1526 1353 1613 1411 tu,
1664 1342 1878 1412 corpori
1923 1357 2053 1397 eon-

443 1456 646 1507 nexus,
681 1455 711 1494 a
741 1439 882 1494 notis
911 1438 1010 1494 tibi
1037 1439 1216 1495 verbis
1245 1438 1541 1494 sententias
1569 1453 1686 1508 qua:
1720 1446 1771 1491 te
1796 1445 2053 1506 superant

443 1531 733 1601 intelligas.
763 1531 1023 1599 Quaenam
1052 1531 1261 1600 accepit
1281 1545 1310 1584 a
1341 1545 1449 1594 me,
1479 1543 1724 1600 quaenam
1753 1528 1899 1584 dedit
1921 1528 2052 1582 mihi

444 1621 706 1678 nomina?
738 1622 853 1692 Ipse
887 1621 1028 1676 Deus
1050 1630 1133 1676 est
1159 1662 1174 1688 ,
1204 1630 1259 1676 et
1280 1620 1441 1676 deum
1465 1635 1552 1675 me
1575 1620 1786 1675 vocavit
1811 1638 1824 1671 :
1855 1620 1924 1674 ibi
1951 1634 2051 1673 na-

445 1727 563 1770 tura
597 1716 714 1784 rei,
752 1714 840 1769 hic
878 1713 1054 1770 honor
1082 1715 1336 1768 nominis.
1367 1712 1480 1784 Ego
1509 1713 1618 1767 dixi
1653 1729 1672 1766 :
1706 1712 1791 1766 Dii
1821 1714 1976 1779 estis,
2006 1721 2052 1766 et

446 1809 544 1878 ﬁlii
588 1806 791 1862 Excelsi
833 1823 1004 1862 omnes
1029 1805 1202 1876 (Psat.
1233 1806 1324 1862 8|.
1352 1804 1428 1878 6).
1460 1806 1556 1861 llic
1581 1806 1741 1860 verba
1769 1815 1917 1873 sunt,
1946 1805 2053 1861 illic

446 1915 622 1956 rerum
668 1909 876 1954 natura.
911 1897 1136 1954 Vocavit
1177 1912 1264 1953 me
1302 1897 1491 1962 deum,
1527 1896 1628 1951 hoc
1658 1897 1801 1951 enim
1834 1911 1922 1951 me
1951 1897 2052 1951 ho-

449 2008 580 2049 nore
604 1991 850 2062 dignatus
870 1999 952 2046 est
985 2007 999 2046 :
1029 1990 1118 2046 ille
1141 1999 1362 2045 vocatus
1382 1998 1466 2044 est
1493 1989 1653 2044 homo
1673 2030 1687 2056 ,
1719 1999 1941 2043 vocatus
1969 1999 2053 2044 est

453 2086 592 2139 titius
635 2083 886 2148 hominis,
920 2093 1139 2138 vocatus
1168 2092 1251 2137 est
1279 2082 1385 2149 via,
1418 2082 1639 2146 ostium,
1671 2089 1840 2150 petra.
1869 2080 1993 2135 lltec
2019 2095 2049 2134 a

449 2191 536 2230 me
565 2177 801 2239 accepit,
835 2175 923 2229 illa
952 2189 1079 2230 vero
1110 2175 1209 2229 sibi
1241 2173 1455 2245 propria
1483 2175 1696 2227 nomina
1719 2173 1867 2228 dedit
1895 2172 2047 2228 mihi.

455 2273 555 2322 thr
604 2276 824 2322 vocatus
875 2277 959 2323 est
996 2267 1119 2322 via?
1170 2267 1238 2322 Ut
1279 2267 1455 2321 discas
1520 2282 1618 2320 nos
1672 2281 1769 2335 per
1811 2281 1934 2320 eum
1984 2267 2050 2319 ad

451 2362 661 2417 Patrem
721 2361 1028 2416 ascendere.
1084 2361 1194 2416 Cur
1233 2371 1451 2417 vocatus
1491 2370 1575 2416 est
1612 2361 1798 2429 petra?
1839 2361 1907 2417 Ut
1941 2359 2053 2415 edi-

449 2471 568 2511 scas
638 2457 902 2511 sinceram
946 2455 1102 2511 simul
1162 2463 1218 2511 et
1273 2457 1646 2511 inconcussam
1708 2455 1888 2512 fidem.
1945 2453 2052 2510 Cur

451 2555 670 2602 vocatus
733 2557 815 2602 est
869 2547 1320 2603 fundamentum?
1373 2546 1443 2603 Ut
1497 2548 1635 2603 scias
1689 2562 1810 2602 cum
1871 2547 2051 2602 omnia

451 2650 688 2709 portare.
728 2640 835 2695 Cur
865 2649 1083 2695 v0eatus
1104 2649 1185 2694 est
1214 2639 1360 2693 radix
1386 2639 1408 2692 ?
1433 2639 1500 2696 Ut
1523 2639 1698 2694 discas
1728 2653 1826 2693 nos
1857 2639 1907 2692 in
1937 2640 2052 2707 ipso

452 2734 667 2787 ﬂorere.
694 2731 804 2786 Cur
831 2743 1053 2786 vocatus
1082 2740 1167 2786 est
1197 2731 1416 2802 pastor?
1437 2730 1568 2799 Quia
1595 2746 1693 2785 nos
1725 2733 1912 2801 pascit.
1944 2730 2053 2784 Cur

451 2835 670 2880 vocatus
707 2835 789 2880 est
823 2825 978 2880 ovis?
1023 2826 1155 2893 Quia
1200 2840 1299 2894 pro
1327 2824 1479 2880 nobis
1507 2825 1810 2879 immolatus
1832 2865 1847 2887 ,
1883 2823 2053 2877 factus

451 2927 533 2972 est
555 2919 880 2989 propitiatio.
904 2919 1012 2972 Cur
1039 2919 1187 2973 vita?
1212 2918 1346 2986 Quia
1371 2933 1468 2973 nos
1492 2929 1730 2972 mortuos
1753 2917 2050 2972 suscitavit.

453 3013 631 3078 Quare
676 3012 808 3065 lux?
850 3011 982 3079 Quia
1027 3025 1176 3065 nosa
1224 3011 1458 3066 tenebris
1501 3010 1764 3066 liberavit.
1790 3009 1900 3064 Cur
1925 3011 2052 3063 bra-

452 3104 630 3158 chium
653 3103 884 3158 dicitur?
904 3103 1036 3170 Quia
1061 3103 1530 3158 consubstantialis
1553 3103 1716 3157 Patri.
1740 3105 1916 3170 Quare
1934 3117 2053 3156 ver-

453 3197 617 3251 bum?
661 3195 794 3264 Quia
845 3212 874 3250 a
927 3196 1085 3252 Patre
1130 3196 1360 3267 genitus.
1405 3194 1862 3263 Quemadmodum
1908 3193 2052 3248 enim

452 3290 674 3344 verbum
707 3305 882 3344 meum
911 3288 982 3343 ab
1004 3290 1179 3343 anima
1209 3303 1328 3342 mea
1355 3287 1618 3358 gignitur,
1647 3287 1724 3340 sic
1752 3295 1804 3340 et
1832 3285 1994 3340 Filius
2020 3299 2052 3339 a

456 3382 612 3437 Patre
665 3383 875 3452 genitus
927 3391 1028 3437 est.
1084 3380 1194 3436 Cur
1241 3391 1460 3434 voratus
1507 3389 1590 3434 est
1637 3379 2052 3435 n-sﬁmentum?

455 3473 586 3541 Quia
649 3472 766 3542 ipso
813 3472 1029 3527 indutus
1082 3486 1201 3526 smn
1246 3472 1298 3524 in
1340 3470 1643 3541 baptismo?
1682 3471 1788 3525 Cur
1829 3471 2053 3524 mensa?

455 3565 586 3631 Quia
619 3565 790 3633 ipsum
818 3562 1046 3619 comedo
1069 3602 1084 3629 ,
1117 3563 1244 3618 dum
1267 3561 1417 3615 fruor
1438 3562 1730 3632 mysteriis.
1760 3561 1936 3629 Quare
1955 3561 2054 3614 do-

456 3655 615 3708 mus?
661 3653 792 3722 Quia
841 3655 893 3708 in
939 3654 1054 3723 ipso
1080 3652 1278 3708 habito.
1330 3652 1437 3707 Cur
1475 3652 1780 3706 inhabitans
1819 3652 2051 3706 dicitur?

456 3745 589 3812 Quia
627 3747 880 3814 templum
917 3745 1032 3815 ejus
1056 3744 1343 3800 efficimur.
1367 3743 1473 3798 Cur
1500 3743 1696 3811 caput?
1723 3743 1856 3809 Quia
1886 3758 2053 3797 mem-

457 3839 610 3892 hrum
665 3837 782 3908 ejus
830 3853 946 3893 sum
996 3837 1336 3892 constitutus.
1387 3835 1563 3904 Quare
1618 3851 1846 3905 sponsus
1896 3851 2055 3890 voea-

459 3939 545 3984 tus
565 3931 682 3984 est?
699 3930 830 3996 Quia
853 3930 904 3984 in
928 3945 1177 3999 sponsam
1198 3946 1283 3984 me
1301 3931 1656 3984 concinnavit.
1681 3931 1854 3996 Quare
1875 3939 2055 3984 castus

459 4020 651 4074 dicitur
672 4021 695 4071 7
719 4019 852 4085 Quia
884 4035 970 4074 me
995 4019 1253 4089 virginem
1297 4019 1467 4072 duxit.
1495 4019 1603 4073 Cur
1622 4019 1870 4074 dominus
1889 4035 2053 4074 voea-

461 4111 585 4164 tur?
609 4110 742 4175 Quia
764 4110 951 4164 ancilla
980 4110 1096 4179 ejus
1125 4124 1264 4164 sum.

529 4202 584 4254 9.
633 4203 764 4258 Vide
807 4205 946 4257 enim
991 4201 1316 4266 Ecclesiam,
1365 4211 1423 4256 ut
1458 4202 1734 4269 dicebam,
1782 4210 2051 4272 quomodo

463 4296 749 4366 aliquando
801 4309 996 4365 sponsa
1017 4296 1104 4358 sit,
1129 4293 1413 4364 aliquando
1440 4293 1566 4359 ﬁlia,
1591 4294 1857 4349 interdum
1881 4295 2049 4364 virgo,

461 4404 862 4458 nonnumquam
902 4387 1122 4451 ancilla,
1173 4387 1333 4441 modo
1379 4388 1592 4456 regina,
1631 4386 1790 4440 modo
1818 4387 2049 4453 sterilis,

460 4479 746 4551 aliquando
792 4494 947 4533 mons
976 4519 992 4545 ,
1039 4478 1231 4533 deinde
1277 4479 1552 4547 paradisus
1584 4518 1598 4542 ,
1652 4477 1915 4532 interdum
1969 4476 2052 4531 fe—

461 4572 656 4634 cunda,
674 4567 836 4622 modo
854 4566 1048 4632 lilium,
1063 4568 1354 4638 aliquando
1371 4568 1522 4626 fons:
1544 4568 1728 4624 omnia
1740 4577 1840 4620 est.
1858 4566 2052 4633 Quam-

473 4663 664 4719 obrem
716 4663 804 4718 bis
881 4662 1074 4715 auditis
1096 4699 1115 4728 ,
1159 4675 1288 4714 cave
1313 4667 1467 4727 putes
1493 4672 1748 4726 corporea
1780 4656 1867 4709 illa
1891 4670 2009 4710 esse
2039 4671 2053 4708 :

469 4755 562 4809 sed
589 4763 820 4807 mentem
850 4763 990 4805 tuam
1014 4751 1077 4803 ad
1109 4765 1326 4819 scopum
1350 4749 1552 4819 dirige;
1581 4763 1838 4817 corporea
1863 4747 2059 4817 quippe

471 4847 592 4902 talia
639 4860 756 4900 esse
796 4859 900 4896 non
945 4850 1185 4911 possunt.
1222 4840 1378 4894 Verbi
1417 4841 1585 4909 gratia
1619 4861 1631 4893 :
1663 4855 1817 4894 mons
1847 4849 2061 4893 nonest

469 4940 653 5009 virgo;
687 4936 835 5005 virgo
866 4950 970 4988 non
1000 4942 1084 4987 est
1109 4947 1302 5001 sponsa
1330 4950 1342 4996 ;
1375 4932 1555 5000 regina
1585 4947 1692 4983 non
1723 4940 1804 4985 est
1829 4930 2056 4993 ancilla;

473 5029 713 5084 Ecclesia
755 5027 869 5080 haec
915 5025 1091 5076 enuiia
1141 5033 1238 5077 est.
1293 5021 1509 5087 Quare?
1550 5023 1683 5086 Quia
1719 5021 1833 5074 ha‘c
1873 5022 2061 5074 nonin

469 5134 733 5188 corpore,
778 5117 871 5171 sed
917 5117 966 5168 in
1005 5115 1201 5167 anima.
1247 5112 1376 5165 Nam
1419 5115 1467 5165 in
1499 5127 1720 5180 corpore
1745 5112 1855 5164 lucc
1885 5113 2060 5166 conti-

472 5212 585 5264 neri
631 5216 899 5277 nequeunt
947 5223 960 5258 :
1009 5206 1060 5256 iii
1088 5205 1262 5256 anima
1290 5217 1418 5255 vero
1443 5217 1689 5270 magnum
1717 5212 1797 5255 est
1826 5203 2057 5270 pelagus.

476 5301 679 5355 Adstitit
722 5299 895 5368 regina
935 5313 966 5348 a
1009 5296 1197 5348 dextris
1235 5295 1331 5346 tuis
1361 5292 1529 5362 (Psat.
1559 5295 1649 5346 Μ.
1681 5292 1788 5360 10).
1823 5292 2063 5360 Regina?

476 5394 565 5448 llla
611 5391 915 5445 conculcata
964 5397 1017 5442 et
1059 5388 1209 5454 inops
1231 5427 1244 5447 ,
1271 5384 1539 5452 quomodo
1569 5383 1701 5437 facta
1729 5393 1809 5436 est
1835 5383 2014 5450 regina
2040 5379 2066 5431 ?

474 5499 580 5553 quo
607 5481 843 5535 ascendit
863 5482 886 5533 ?
909 5480 1129 5533 Sursum
1161 5476 1365 5531 adstitit
1387 5474 1500 5528 haec
1520 5474 1722 5543 regina.
1746 5470 2063 5540 Quomodo?

477 5575 608 5641 Quia
641 5588 730 5625 rex
763 5572 930 5624 factus
952 5578 1032 5622 est
1057 5583 1245 5622 servus
1281 5583 1293 5618 :
1321 5580 1425 5619 non
1454 5572 1604 5625 erat,
1639 5564 1732 5617 sed
1765 5566 1933 5617 factus
1956 5568 2058 5616 est.

482 5665 634 5720 Disce
672 5663 830 5733 igitur
866 5676 985 5730 qure
1025 5669 1149 5714 sunt
1195 5659 1514 5719 divinitatis,
1543 5665 1596 5710 et
1621 5657 1886 5724 sapienter
1911 5656 2065 5711 intel-

487 5758 589 5825 lige
627 5773 744 5827 quae
786 5756 851 5809 ad
894 5754 1244 5809 oeconomiam
1288 5759 1549 5820 spectant.
1587 5749 1736 5804 Disce
1764 5749 1881 5818 quis
1908 5761 2058 5816 erat,

1156 306 1215 364 s.
1256 304 1538 364 JOANNIS
1575 303 2056 361 eunvsosroan
2099 303 2414 362 ARCHIEP.
2458 292 3003 372 corvs'ritvrta'op.

3673 326 3779 380 ‘tl’t

2163 429 2210 474 et
2254 423 2373 493 quis
2410 434 2628 495 propter
2664 436 2714 480 te
2757 429 2923 484 factus
2954 433 3020 486 sit
3055 453 3066 484 :
3103 449 3170 489 ne
3198 451 3284 490 res
3317 440 3649 503 ρυηΐυηιιης,
3683 458 3777 496 ee-

2162 527 2266 582 que
2307 513 2424 585 ejus
2466 533 2591 588 erga
2626 535 2725 572 nos
2750 521 3093 593 benignitatis
3120 540 3491 598 argumentum
3527 534 3778 604 blasphe-

2165 606 2286 660 mia:
2312 609 2652 663 occasionem
2681 612 2903 668 t-tﬁeias.
2929 616 3188 673 Sublimis
3210 629 3360 688 erat,
3391 632 3445 677 et
3467 625 3581 680 ha~c
3607 627 3783 680 hami-

2163 697 2268 765 lis;
2314 700 2558 757 Sttblimis
2608 720 2713 757 non
2765 707 2914 770 loco,
2961 709 3056 763 sed
3104 722 3321 766 natura.
3373 716 3686 788 incorrupta
3726 733 3777 775 et

2162 790 2484 849 immortalis
2523 806 2635 850 erat
2666 799 2997 868 substantia,
3032 803 3342 875 incorrupta
3373 819 3591 876 natura,
3624 811 3777 865 inco-

2160 887 2392 956 gitabilis
2413 929 2426 946 .
2458 889 2774 957 invisibilis,
2800 895 3357 965 incomprehensibilis
3377 944 3394 966 ,
3424 917 3641 972 semper
3665 905 3777 957 exi-

2161 991 2314 1036 stens
2334 1023 2348 1046 ,
2382 983 2574 1037 eodem
2609 985 2769 1040 modo
2798 987 3036 1043 existens
3057 1032 3072 1056 ,
3099 995 3489 1048 transcendens
3517 997 3736 1066 angelos
3765 1001 3815 1060 ,"

2161 1076 2409 1144 supernis
2455 1077 2747 1134 virtutibus
2794 1083 3079 1151 superior,
3138 1086 3418 1143 ratiocinia
3467 1105 3732 1159 superans
3764 1134 3778 1154 ,

2162 1177 2395 1223 mentem
2448 1171 2832 1228 transcendens
2866 1189 2881 1227 :
2917 1174 3086 1230 videri
3135 1193 3243 1232 non
3267 1188 3478 1248 potest,
3512 1181 3658 1236 credi
3689 1198 3777 1234 so-

2161 1258 2269 1313 lum
2302 1271 2498 1329 potest.
2529 1263 2719 1333 Angeli
2750 1265 3004 1320 videbant
3029 1277 3082 1322 et
3111 1271 3444 1336 tremebant,
3478 1272 3774 1328 Cherubini

2161 1351 2272 1406 alas
2313 1352 2678 1408 obtendebant
2725 1371 2836 1426 prce
2883 1368 3050 1412 metu.
3081 1359 3423 1432 Respiciebat
3453 1372 3690 1428 terram,
3723 1376 3777 1418 et

2160 1433 2390 1491 faciebat
2414 1452 2532 1492 eam
2561 1447 2794 1496 tremere
2818 1458 2830 1494 :
2859 1442 3160 1498 minabatur
3189 1447 3357 1513 mari,
3387 1458 3440 1502 et
3465 1449 3777 1503 exsiccabat

2161 1527 2314 1582 illud.
2353 1528 2571 1584 Fluvios
2597 1546 2661 1586 ex
2694 1531 2912 1589 deserto
2938 1535 3200 1592 educebat
3225 1555 3239 1603 ;
3269 1550 3481 1595 montes
3507 1542 3692 1594 statuit
3720 1543 3771 1594 in

2160 1619 2415 1688 pondere,
2443 1631 2495 1676 et
2518 1623 2685 1677 saltus
2719 1625 2768 1677 in
2794 1635 3012 1680 statera.
3037 1627 3318 1694 Quomodo
3341 1631 3611 1686 narrabo?
3631 1647 3772 1702 quo-

2161 1711 2321 1767 modo
2350 1713 2675 1770 declarabo?
2696 1716 3075 1786 Magnitudiuis
3100 1722 3217 1788 ejus
3243 1739 3348 1776 non
3373 1733 3452 1777 est
3475 1725 3734 1779 terminus
3753 1769 3768 1790 ,

2160 1806 2438 1876 sapientia:
2465 1808 2583 1878 ejus
2609 1825 2715 1864 non
2744 1820 2826 1865 est
2853 1828 3109 1868 numerus
3130 1855 3145 1880 ,
3170 1815 3369 1884 judicia
3398 1816 3514 1888 ejus
3538 1817 3771 1874 investi-

2159 1899 2351 1969 gahilia
2378 1943 2392 1966 ,
2419 1901 2520 1956 via:
2549 1903 2666 1980 ejus
2695 1904 3088 1960 inscrutabifes.
3116 1907 3186 1960 At
3217 1908 3301 1962 ille
3331 1917 3508 1964 tantus
3528 1920 3584 1964 et
3606 1911 3728 1964 talis
3753 1951 3768 1970 ,

2161 1995 2206 2048 si
2257 2003 2438 2050 tamen
2489 1997 2605 2050 sine
2647 1997 2887 2066 periculo
2924 1997 3027 2053 dici
3074 2008 3282 2068 potest,
3329 2009 3508 2054 tantus
3537 2010 3592 2056 et
3625 2003 3766 2057 tali».

2161 2085 2359 2142 Verum
2387 2089 2514 2159 quid
2561 2088 2794 2144 faciam?
2827 2091 2985 2147 homo
3010 2108 3127 2147 sum
3146 2133 3162 2157 ,
3191 2102 3242 2148 et
3275 2093 3508 2149 humane
3538 2095 3768 2164 loquor;

2161 2181 2359 2237 luteam
2402 2185 2654 2254 possideo
2681 2187 2946 2256 linguam,
2979 2188 3190 2241 veniam
3222 2203 3250 2240 a
3281 2189 3506 2241 Domino
3533 2190 3766 2257 pOslttlu.

2159 2273 2276 2328 Non
2307 2275 2448 2329 enim
2478 2291 2542 2330 ex
2566 2279 2868 2348 arrogantia
2895 2279 2977 2331 his
3000 2280 3219 2332 vocibus
3248 2295 3380 2334 usus
3410 2296 3552 2345 smn,
3581 2280 3675 2335 sed
3699 2297 3768 2334 ex

2160 2366 2488 2424 infirmitatis
2515 2370 2757 2440 penuria,
2789 2379 2843 2425 et
2865 2388 2931 2426 ex
2960 2372 3152 2442 lingua:
3175 2382 3374 2429 nostra:
3405 2383 3612 2428 natura.
3641 2376 3774 2429 Pro-

2160 2461 2322 2528 pitius
2355 2471 2504 2526 esto,
2553 2464 2810 2530 Domine,
2841 2479 2946 2518 non
2974 2466 3116 2520 enim
3149 2480 3213 2519 ex
3246 2466 3550 2536 arrogantia
3582 2466 3774 2536 hujus-

2159 2556 2304 2609 modi
2344 2569 2504 2610 voces
2553 2569 2782 2625 usurpo,
2832 2557 2925 2610 sed
2969 2555 3112 2626 quod
3155 2557 3275 2611 alia:
3309 2572 3416 2611 non
3456 2566 3767 2626 suppetant.

2160 2647 2344 2718 Neque
2390 2655 2569 2703 tamen
2619 2649 2670 2702 in
2722 2649 2972 2704 dictionis
3013 2650 3215 2704 vilitate
3246 2650 3513 2717 consisto,
3545 2650 3640 2706 sed
3663 2652 3766 2706 alis

2160 2739 2526 2810 intelligentiae
2549 2739 2808 2796 ascendo.
2835 2740 3037 2796 Tantus
3077 2752 3133 2796 et
3183 2742 3320 2796 talis.
3357 2742 3484 2796 Haec
3509 2743 3632 2798 dico
3659 2784 3674 2808 ,
3709 2752 3768 2796 ut

2159 2846 2228 2885 ne
2269 2830 2596 2886 dictionibus
2640 2832 2724 2886 vel
2769 2831 3032 2886 dictorum
3088 2833 3282 2903 inopiae
3329 2833 3658 2899 immorans,
3706 2843 3765 2887 tu

2158 2936 2373 2992 quoque
2414 2921 2644 2991 idipsum
2689 2923 2866 2978 facere
2893 2921 3090 2978 discas.
3122 2923 3257 2992 Quid
3283 2923 3492 2979 miraris
3513 2926 3557 2978 si
3585 2925 3634 2978 id
3663 2939 3761 2994 ego

2162 3015 2297 3070 facio
2318 3056 2332 3081 ,
2361 3015 2502 3086 quod
2531 3025 2585 3070 et
2613 3016 2726 3085 ipse
2752 3013 2914 3082 facit,
2943 3017 3156 3086 quando
3180 3015 3294 3070 \ult
3320 3015 3591 3086 quidpiam
3621 3017 3762 3070 indi-

2159 3123 2282 3163 care
2303 3107 2442 3178 quod
2467 3106 2699 3161 humana
2727 3108 3069 3162 transcendat
3088 3108 3110 3161 ?
3130 3106 3397 3174 Quoniam
3417 3106 3664 3160 homines
3685 3108 3733 3160 al
3750 3141 3766 3151 ς

2158 3200 2426 3269 loquitur,
2468 3197 2716 3252 humanis
2743 3197 2906 3252 utitur
2932 3197 3256 3268 imaginibus
3276 3238 3290 3263 ,
3318 3211 3437 3266 quae
3463 3196 3602 3266 quod
3630 3197 3766 3252 dici-

2161 3302 2247 3347 tur
2272 3292 2402 3347 satis
2425 3290 2638 3360 quidem
2668 3289 3044 3345 demonstrare
3071 3303 3176 3341 non
3207 3297 3451 3356 possunt,
3481 3301 3654 3355 neque
3676 3297 3760 3339 to-

2161 3392 2266 3438 tam
2298 3382 2375 3437 rei
2405 3396 2712 3435 mcnsuram
2741 3381 2791 3433 in
2823 3379 3057 3433 medium
3089 3378 3378 3441 adducere,
3407 3374 3498 3430 sed
3523 3376 3587 3429 ad
3610 3377 3765 3430 audi—

2161 3485 2338 3530 torum
2367 3472 2732 3528 infirmitatem
2761 3470 3051 3526 sufficiunt.

2216 3645 2306 3702 lo.
2349 3645 2449 3700 Hic
2489 3643 2690 3698 mentis
2713 3641 3115 3696 contentionem
3145 3637 3340 3693 adhibe
3364 3678 3379 3701 ,
3413 3652 3513 3692 nec
3539 3651 3747 3692 sermo-

2145 3739 2230 3793 nis
2279 3736 2585 3807 prolixitate
2611 3733 2846 3788 fatiscas.
2879 3731 3028 3787 Sicut
3053 3730 3197 3784 enim
3226 3746 3346 3785 cum
3369 3739 3610 3798 apparet,
3636 3745 3743 3783 non

2145 3839 2203 3884 ut
2226 3838 2309 3884 est
2333 3828 2565 3890 videtur,
2597 3841 2770 3896 neque
2797 3824 2938 3878 nuda
2963 3823 3256 3877 substantia
3279 3833 3499 3890 apparet
3524 3840 3535 3874 :
3561 3823 3746 3892 (nemo

2145 3922 2287 3976 enim
2310 3921 2441 3974 vidit
2461 3919 2650 3982 Deum,
2677 3916 2778 3969 hoc
2800 3919 2971 3984 ipsum
2993 3914 3197 3968 scilicet
3216 3913 3355 3983 quod
3385 3912 3473 3966 ille
3493 3923 3593 3975 est;
3621 3927 3744 3966 nam

2147 4013 2272 4067 licet
2315 4006 2762 4076 attemperatione
2805 4005 3033 4073 quadam
3082 4012 3406 4073 appareret,
3453 4001 3743 4058 Cherubim

2148 4101 2454 4155 tremebant
2479 4117 2493 4164 ;
2532 4105 2886 4166 attemperate
2913 4093 3193 4173 descendit
3216 4136 3231 4160 ,
3261 4102 3314 4148 et
3345 4103 3555 4148 montes
3582 4093 3743 4146 fumi-

2145 4201 2273 4261 gant
2305 4208 2319 4255 ;
2361 4200 2714 4258 attemperate
2755 4186 3059 4251 descendit,
3093 4194 3147 4239 et
3176 4200 3324 4238 mare
3353 4186 3586 4238 siccatur
3617 4201 3631 4248 ;
3657 4194 3741 4236 at-

2150 4293 2442 4352 temperate
2491 4281 2796 4344 descendit,
2843 4289 2896 4334 et
2947 4279 3134 4332 cmlum
3183 4283 3550 4331 commovetur
3610 4293 3621 4326 :
3682 4290 3746 4327 ac

2150 4378 2650 4448 nisigattemperate
2704 4370 3108 4433 descendisset,
3161 4367 3278 4434 quis
3347 4364 3487 4419 ferre
3543 4366 3746 4434 potniso

2150 4468 2324 4528 set?)
2374 4477 2431 4519 ut
2485 4465 2626 4517 enim
2684 4479 2788 4515 non
2835 4469 3055 4529 apparet
3106 4459 3157 4511 id
3201 4457 3342 4526 quod
3374 4465 3491 4520 est,
3523 4455 3746 4525 sedpro

2150 4560 2398 4614 facultate
2441 4557 2557 4625 ejus
2605 4554 2694 4624 qui
2741 4554 2957 4622 respicit
3003 4569 3015 4604 :
3066 4549 3186 4604 ideo
3237 4548 3525 4616 aliquando
3580 4562 3743 4601 senex

2149 4660 2405 4720 apparet,
2461 4645 2743 4716 aliquando
2792 4643 3005 4713 juvenis
3030 4683 3043 4704 ,
3085 4640 3350 4695 interdum
3384 4640 3434 4692 in
3467 4641 3622 4707 igne,
3659 4640 3744 4691 in-

2153 4743 2356 4798 terdum
2412 4742 2462 4796 in
2501 4755 2660 4804 aura,
2697 4738 2857 4792 modo
2894 4737 2944 4790 in
2973 4750 3106 4804 aqua
3126 4776 3139 4801 ,
3171 4734 3330 4787 modo
3354 4733 3404 4785 in
3427 4733 3609 4795 armis,
3639 4747 3744 4784 non

2153 4843 2363 4887 nmtans
2412 4832 2786 4895 substantiam,
2819 4827 2912 4881 sed
2945 4828 3116 4880 visum
3146 4824 3490 4879 conformans
3516 4823 3581 4876 ad
3613 4824 3746 4876 sub.

2149 4928 2410 4996 jectorum
2460 4925 2791 4977 varietatem.
2843 4919 2932 4974 Sic
2981 4919 3188 4987 quoties
3239 4916 3350 4968 vult
3377 4914 3646 4984 quidpiam
3678 4913 3747 4966 de

2153 5019 2332 5086 seipso
2372 5016 2551 5069 dicere
2574 5055 2589 5078 ,
2641 5011 2892 5065 humanis
2940 5011 3103 5061 utitur
3135 5007 3472 5076 imaginibus.
3505 5006 3742 5073 Exempli

2152 5125 2310 5163 causa
2346 5128 2356 5160 :
2391 5105 2630 5160 ascendit
2660 5105 2709 5157 iu
2744 5113 3006 5164 montem,
3036 5099 3100 5151 Et
3123 5099 3515 5168 transfiguratus
3537 5105 3609 5149 est
3625 5105 3744 5148 ante

2152 5216 2266 5263 eos,
2297 5208 2341 5252 et
2369 5195 2680 5264 resplenduit
2711 5193 2865 5260 [acies
2891 5192 2999 5259 ejus
3028 5190 3154 5242 sicut
3182 5190 3300 5252 lux,
3331 5188 3621 5239 vestimenta
3651 5201 3744 5237 au-

2155 5301 2251 5343 tem
2290 5290 2398 5357 ejus
2429 5289 2564 5356 facta
2593 5295 2710 5339 sunt
2738 5285 2854 5335 alba
2881 5283 3008 5335 sicut
3036 5282 3125 5333 nia:
3158 5279 3367 5347 (Matth.
3401 5279 3486 5330 l7.
3521 5277 3593 5344 9.).
3628 5277 3744 5329 Ali-

2153 5390 2416 5449 quatenus
2461 5376 2590 5443 ipsis
2643 5375 2974 5428 divinitatem
3020 5384 3168 5422 suam
3208 5367 3458 5436 aperuit,
3511 5367 3746 5422 ostendit

2153 5471 2232 5524 eis
2258 5469 2636 5522 iuhabitantem
2665 5466 2827 5519 Deum
2855 5504 2870 5528 ,
2902 5461 2964 5514 Et
2995 5460 3387 5528 transﬁguratus
3413 5468 3483 5511 est
3509 5468 3623 5510 ante
3637 5475 3743 5511 eos.

2157 5561 2426 5614 Attendite
2455 5557 2685 5611 sermoni
2716 5555 3018 5624 diligenter.
3050 5551 3187 5606 Dicit
3218 5570 3228 5602 :
3264 5550 3330 5603 Et
3352 5551 3744 5620 transﬁguratus

2155 5661 2226 5704 est
2273 5662 2389 5704 ante
2436 5666 2549 5713 eos,
2601 5658 2646 5702 et
2682 5646 3095 5712 resplenduerunt
3136 5642 3425 5693 vestimenta
3469 5641 3578 5709 ejus
3614 5641 3743 5691 sirut

2155 5746 2275 5810 litat,
2320 5753 2365 5796 et
2403 5743 2567 5794 vultus
2605 5741 2714 5808 ejus
2743 5739 2870 5790 sicut
2899 5736 2990 5788 sol.
3029 5732 3253 5800 Quando
3284 5731 3390 5784 dixi
3414 5775 3425 5797 ,
3461 5730 3661 5784 Tantus
3688 5739 3740 5781 et
