4046 6498
471 383 573 442 ιοδ

471 496 617 568 μένω
648 496 712 566 τῇ
746 493 909 560 λέξει,
943 491 1057 546 ἀλλ’
1086 492 1295 564 ἀπορῶ,
1319 491 1412 545 καὶ
1436 491 1538 544 οὐκ
1573 487 1683 560 ἔχω
1703 487 1868 558 ἄλλην
1893 484 2034 550 λέξιν

472 577 879 648 συντιθεμένην)
901 616 915 639 ,
946 575 1085 629 θέλω
1129 592 1189 628 σε
1247 574 1438 644 μαθεῖν
1458 613 1473 636 ,
1505 573 1586 626 ὅτι
1625 571 1732 624 ἀπὸ
1761 568 1862 639 τῆς
1896 568 2037 639 Γρα-

470 660 577 730 φῆς
625 657 784 712 τοῦτο
830 658 1176 727 ἐπαιδεύθην.
1240 656 1532 726 Ἦθέλησεν
1587 649 1681 706 οῦν
1728 651 1896 716 δεῖξαι
1940 650 2039 720 τὴν

467 741 784 812 λαμπηδόνα
856 741 1018 794 αὑτοῦ
1093 743 1120 793 6
1187 737 1616 806 εύαγγελιστὴς,
1698 735 1791 788 καὶ
1851 733 2037 800 λέγει,

471 827 769 894 Ἕλαμψε.
801 822 951 898 [595]
993 822 1116 888 Πῶς
1143 823 1412 893 ἔλαμψενι
1454 821 1575 874 εἰπέ
1614 838 1722 890 μοι.
1767 815 2036 886 Σφοδρῶς.

468 912 578 963 Kal
607 909 723 971 πῶς
753 907 957 975 λέγειςς
1005 907 1099 972 Ὠς
1133 911 1164 961 ό
1193 908 1383 974 ἣλιος.
1426 906 1518 970 Ὠς
1541 907 1574 958 ὀ
1597 903 1796 970 ἣλιος,
1829 901 2038 966 λέγεις;

470 993 572 1045 Ναί
616 990 714 1043 Διὰ
744 991 798 1042 τε
825 1007 838 1054 ;
866 989 1007 1043 Διότι
1027 991 1124 1043 ούκ
1153 991 1261 1060 ἔχω
1282 988 1409 1042 ἄλλο
1439 987 1635 1054 ἄστρον
1667 983 2036 1053 φαιδρότερον.

467 1077 574 1127 Kal
601 1075 790 1136 λευκὸς
809 1069 875 1142 ἦν
909 1073 1000 1139 Ὠς
1023 1072 1196 1140 χιώ›·;
1220 1071 1318 1124 Διὰ
1345 1071 1415 1128 τί.
1453 1070 1545 1134 Ὠς
1565 1066 1748 1138 χιών;
1773 1066 1916 1118 Διότι
1942 1065 2042 1118 οὑκ

464 1158 571 1226 ἔχω
613 1156 778 1226 ἄλλην
823 1155 954 1226 ὓλην
1010 1155 1352 1224 λευκοτέραν.
1407 1152 1550 1210 Ὅτι
1579 1149 1687 1220 γὰρ
1719 1149 1818 1218 οὐχ
1865 1147 2039 1210 οὕτως

465 1239 726 1311 ἔλαμψεν,
763 1238 870 1292 ἀπὸ
897 1236 990 1290 τοῦ
1026 1237 1151 1306 έξῆς
1180 1237 1472 1288 δείκνυται.
1497 1233 1606 1286 Kal
1641 1233 1835 1286 ἔπεσον
1867 1233 2042 1302 χαμαὶ

463 1325 512 1378 οἱ
555 1322 813 1394 μαθηταί.
843 1323 905 1374 El
934 1322 1010 1385 ὡς
1044 1322 1073 1373 6
1116 1321 1265 1390 ἣλιος
1298 1319 1566 1391 ἔλαμψεν,
1601 1317 1700 1370 οὐκ
1726 1317 1790 1370 ἂν
1815 1316 2042 1369 ἔπιπτον

462 1411 509 1460 οἱ
535 1407 804 1478 μαθηταί·
837 1406 987 1475 ἥλιον
1021 1403 1131 1475 γὰρ
1161 1404 1386 1457 ἔϐλεπον
1414 1403 1533 1455 καθ’
1554 1402 1788 1472 ἡμέραν,
1818 1401 1910 1454 καὶ
1941 1401 2043 1453 οὑκ

464 1493 706 1544 ἔπιπτον·
726 1489 836 1542 ἀλλ’
860 1488 1046 1559 ἐπειδὴ
1075 1489 1213 1558 ὑπὲρ
1241 1487 1333 1540 τὸν
1361 1486 1509 1557 ἥλιον
1535 1485 1761 1554 ἔλαμψε,
1786 1486 1878 1537 καὶ
1903 1484 2039 1554 ὑπὲρ

463 1571 558 1646 τὴν
587 1576 758 1645 χιόνα,
784 1575 870 1627 διὰ
886 1574 1041 1626 τοῦτο
1066 1574 1139 1643 μὴ
1171 1572 1426 1644 φέροντες
1457 1571 1554 1640 τὴν
1580 1567 1891 1639 λαμπηδόνα
1909 1608 1923 1630 ,
1950 1584 2040 1619 κα⁴

460 1661 592 1713 τέπε
601 1677 689 1712 σον
700 1699 711 1710 .

537 1751 623 1799 ια’.
664 1744 793 1796 Είπὲ
825 1760 912 1812 μοι
950 1735 1060 1806 οῦν,
1096 1735 1140 1794 ὧ
1173 1737 1559 1807 εύαγγελιστὰ,
1598 1736 1738 1807 ὑπὲρ
1773 1735 1863 1787 τδν
1891 1735 2040 1805 ἥλιον

465 1826 692 1898 ἔλαμψε,
725 1828 817 1878 καὶ
843 1827 905 1878 σὺ
933 1825 1128 1891 λέγεις·
1173 1825 1271 1887 Ὠς
1296 1826 1328 1875 ό
1360 1821 1568 1888 ἧ.1ιος;
1598 1819 1729 1872 Ναί·
1765 1817 2040 1888 γνὼριμόν

467 1929 548 1963 σοι
587 1911 757 1962 θέλων
781 1909 1005 1976 ποιῆσαι
1033 1907 1093 1959 τὸ
1117 1905 1252 1974 φῶς,
1284 1907 1384 1958 οὐκ
1415 1904 1521 1974 ἔχω
1549 1902 1674 1956 ἄλλο
1697 1901 1892 1971 ἄστρον
1928 1902 2042 1969 μεῖ-

464 1993 576 2057 ζον,
612 1993 710 2046 οὐκ
739 1993 845 2061 ἔχω
880 1991 1043 2059 ἄλλην
1081 1989 1263 2043 εἰκόνα
1291 1990 1390 2057 τὴν
1420 1990 1477 2039 ἐν
1504 1990 1618 2048 τοῖς
1652 1987 1868 2054 ἄστροις
1895 1983 2041 2052 βασι-

464 2076 743 2142 λεύουσαν.
781 2073 965 2126 Ταῦτα
999 2067 1172 2135 εἶπον,
1211 2072 1296 2124 ἵνα
1343 2069 1415 2140 μὴ
1445 2072 1508 2139 τῇ
1550 2068 1794 2138 εὐτελείᾳ.
1817 2066 1915 2135 τῆς
1949 2063 2037 2116 λέ-

463 2159 596 2224 ξεως
635 2158 1020 2229 ἐναπομείνῃς.
1059 2155 1275 2219 Ἔδειξὰ
1315 2171 1394 2206 σοι
1439 2153 1499 2205 τὸ
1535 2152 1736 2220 πτῶμα
1783 2150 1890 2201 τῶν
1933 2163 2038 2218 μαι

463 2242 660 2311 θητῶν.
713 2243 947 2294 Ἔπεσον
996 2241 1208 2311 χαμαὶ,
1250 2239 1342 2292 καὶ
1387 2235 1742 2305 ἐκαρώθησαν
1791 2233 1885 2284 καὶ
1937 2250 2038 2283 κα-

462 2323 809 2393 τεχώννυντο.
864 2323 1204 2389 Ἀνάστητε,
1232 2322 1399 2387 λέγει⁷
1428 2321 1520 2371 κα·ι
1552 2318 1774 2389 ἤγειρεν
1801 2315 1996 2375 αὐτοὺς
2021 2353 2035 2376 ν

464 2410 560 2460 καὶ
616 2405 754 2476 ἦσαν
812 2407 1193 2478 βεϐαρημένοι.
1251 2405 1362 2472 Τὴν
1408 2402 1516 2473 γὰρ
1586 2398 1890 2470 ὑπερϐολὴν
1937 2397 2038 2464 τῆς

466 2491 804 2560 λαμπηδόνος
850 2491 949 2543 οὐκ
997 2491 1260 2559 ἡνεγκαν,
1302 2485 1438 2538 ἀλλὰ
1481 2485 1649 2554 κάρος
1701 2480 1857 2533 ἔλαϐε
1913 2481 2037 2541 τοὺς

461 2573 770 2640 όφθαλμοῦς
814 2573 1024 2626 αὐτῶν·
1075 2570 1216 2623 οὕτω
1265 2568 1323 2622 τὸ
1368 2568 1688 2636 φαινόμενον
1737 2563 1853 2633 φῶς
1901 2563 2037 2632 ὑπὲρ

462 2656 552 2707 τὸν
574 2655 721 2724 ἥλιον
750 2650 837 2724 ἦν.
862 2651 992 2706 Εἷπε
1025 2653 1081 2705 δὲ
1117 2654 1144 2704 6
1174 2650 1583 2718 εύαγγελιστὴς,
1621 2649 1714 2713 Ὡς
1739 2649 1771 2700 ὀ
1801 2645 1970 2712 ἣλιος
1988 2657 2037 2706 α,

460 2738 645 2806 ἐπειδὴ
677 2737 736 2789 τὸ
783 2736 980 2803 ἄστρον
1021 2733 1177 2787 τοῦτο
1208 2731 1481 2804 γνώριμον
1521 2732 1668 2801 ἡμῖν
1721 2729 1838 2781 ἐστι
1863 2766 1878 2788 ,
1945 2727 2039 2779 καὶ

459 2823 520 2875 ἐν
571 2821 840 2892 ὑπερϐολῇ
891 2819 998 2872 τῶν
1041 2817 1242 2870 λοιπῶν
1292 2816 1507 2886 ἄστρων
1565 2812 1837 2866 ἁπάντων.
1880 2808 2041 2873 Ἀλλ’,

459 2903 598 2972 ὅπερ
631 2904 832 2967 ελεγον,
881 2904 908 2954 6
950 2900 1201 2962 τοσοῦτος
1238 2900 1330 2952 καὶ
1359 2896 1673 2966 τηλικοῦτος
1721 2893 2034 2963 ἐπεθύμησε

461 2987 685 3058 πόρνης.
743 2986 956 3056 Πόρνης
1007 2981 1268 3052 ἐπεθύμει
1313 2984 1341 3034 6
1395 2979 1561 3043 956;;
1613 2978 1752 3040 Nal,
1808 2978 2032 3046 πόρνης·

458 3069 556 3138 τῆς
613 3067 824 3136 φύσεως
870 3066 1141 3135 ἡμετέρας
1192 3064 1353 3130 λέγω.
1424 3061 1637 3132 Πόρνης
1698 3058 1962 3127 ἐπεθύμει
2011 3060 2038 3110 6

460 3151 630 3216 Θεόςς
690 3152 798 3203 Kal
855 3150 1137 3219 ἄνθρωπος
1200 3148 1316 3218 μὲν,
1372 3144 1465 3198 ἐὰν
1522 3143 1840 3211 ἐπιθυμήσῃ
1907 3140 2038 3209 πόρ-

461 3253 580 3305 νης,
631 3231 1068 3296 καταδικάζεται,
1108 3231 1238 3293 Θεὸς
1270 3231 1324 3282 δέ
1354 3229 1559 3300 πόρνης
1607 3224 1894 3294 ἐπιθυμεῖς
1932 3223 2040 3276 Kal

460 3319 624 3372 πάνυ.
659 3317 822 3371 Πάλιν
851 3316 1134 3385 ἄνθρωπος
1160 3313 1417 3382 ἐπιθυμεῖ
1444 3312 1469 3350 b
1504 3311 1708 3380 πόρνης
1726 3349 1739 3372 ,
1773 3310 1858 3360 ἵνα
1887 3307 2040 3375 γένη-

459 3418 554 3454 ται
586 3400 800 3469 πόρνος.
831 3398 961 3461 Θεὸς
987 3398 1041 3450 δὲ
1068 3397 1324 3466 ἐπιθυμεῖ
1344 3394 1570 3465 πόρνης,
1597 3393 1683 3444 ἵνα
1709 3391 1805 3460 τὴν
1835 3391 2039 3458 πόρνην

463 3484 730 3553 παρθένον
753 3482 1073 3552 ἐργάσηται·
1103 3479 1241 3532 ὥστε
1266 3482 1298 3548 ἡ
1326 3477 1587 3545 ἐπιθυμία
1615 3473 1706 3526 τοῦ
1730 3471 2038 3542 ἀνθρώπου,

464 3563 706 3618 ἀπώλεια
737 3564 832 3632 τῆς
863 3563 1126 3632 ἐπιθυμου
1136 3561 1319 3631 μένης·
1347 3562 1380 3629 ή
1408 3559 1462 3612 δὲ
1484 3556 1746 3625 ἐπιθυμία
1768 3555 1860 3607 τοῦ
1885 3555 2039 3619 θεοῦ,

467 3648 713 3718 σωτηρία
740 3650 803 3718 τῇ
835 3646 991 3700 ἐπιθυ
1001 3663 1099 3716 μου
1109 3645 1273 3715 μένῃ.
1316 3641 1378 3697 Ὀ
1403 3636 1651 3703 τοσοῦτος
1671 3640 1764 3692 καὶ
1789 3637 2041 3708 τηλικοῦ-

464 3748 552 3794 τος
586 3730 895 3800 ἐπεθύμησε
927 3728 1162 3799 πόρνης;
1196 3728 1306 3780 Kal
1343 3718 1425 3788 τί;
1459 3725 1576 3778 Ἵνα
1600 3723 1820 3792 γένηται
1849 3723 1876 3772 6
1909 3739 2034 3791 νυμ-

464 3815 605 3882 φίος.
633 3815 698 3867 Τί
743 3816 921 3876 ποιεὶ;
958 3811 1031 3865 Ού
1067 3811 1274 3881 πέμπει
1329 3809 1464 3881 πρὸς
1508 3797 1682 3876 αὐτὴν
1705 3806 1894 3858 οὐδένα
1935 3805 2043 3856 τῶν

463 3896 687 3962 δούλων,
720 3897 779 3950 οὐ
804 3894 1014 3964 πέμπει
1036 3895 1125 3946 τὸν
1155 3891 1383 3960 ἄγγελον
1407 3885 1540 3960 πρός
1569 3889 1794 3959 πόρνην,
1823 3885 1882 3939 ού
1908 3886 2046 3956 πέμ-

465 3995 558 4035 πει
597 3977 950 4051 ἀρχάγγελον,
987 3980 1045 4030 οὐ
1077 3977 1286 4046 πέμπει
1315 3977 1384 4026 τὰ
1409 3972 1711 4043 Χερουϐὶμ,
1743 3972 1802 4023 ού
1837 3971 2045 4039 πέμπει

465 4067 533 4119 τὰ
571 4065 844 4135 Σεραφίμ·
882 4063 996 4115 ἀλλ’
1030 4062 1192 4122 αὐτὸς
1228 4057 1589 4129 παραγίνεται
1619 4059 1647 4108 6
1682 4053 1844 4126 ἐρῶν.
1877 4054 2044 4107 Πάλιν

467 4149 644 4219 ἔρωτα
667 4147 923 4209 ἀκούσας,
955 4145 1027 4216 μὴ
1054 4142 1308 4213 αἰσθητὸν
1334 4137 1545 4207 νόμιζε.
1573 4138 1804 4204 Ἔκλεγε
1832 4137 1901 4187 τά
1929 4138 2046 4206 νοή-

468 4248 612 4302 ματα
641 4230 748 4282 ἀπὸ
772 4229 880 4282 τῶν
906 4228 1122 4291 λέξεων,
1153 4223 1403 4292 καθάπερ
1429 4222 1625 4291 ἀρίστη
1666 4221 1891 4290 μέλιττα
1925 4222 2045 4289 ἐφι-

468 4316 716 4386 πταμένη
745 4315 856 4376 τοῖς
884 4311 1097 4374 ἄνθεσι,
1129 4308 1222 4361 καὶ
1250 4307 1310 4359 τὸ
1331 4305 1520 4374 κηρίον
1549 4304 1919 4373 λαμϐάνουσα,
1949 4303 2044 4366 τὰς

465 4399 524 4452 δὲ
560 4399 783 4468 βοτάναις
811 4395 975 4449 ἐῶσα.
1017 4391 1363 4462 Ἐπεθύμησε
1388 4389 1614 4459 πόρνης·
1652 4389 1747 4440 καὶ
1779 4387 1830 4438 τί
1862 4390 2043 4446 ποιεῖς

469 4483 582 4534 θύκ
632 4483 820 4548 ἀνάγει
859 4479 1026 4548 αὐτὴν
1064 4477 1192 4528 ἄνω·
1231 4476 1289 4528 οὐ
1325 4474 1433 4543 γὰρ
1464 4472 1711 4525 ἐϐούλετο
1735 4471 1938 4541 πόρνην
1968 4472 2047 4534 εἰς

467 4565 559 4617 τὸν
597 4563 819 4634 ούρανδν
852 4562 1098 4628 ἀγαγεῖν,
1149 4557 1284 4611 ἀλλὰ
1313 4554 1629 4609 καταϐαίνει
1673 4557 1834 4617 αὐτὸς
1875 4555 2043 4607 κάτω.

483 4647 700 4717 Ἐπειδὴ
730 4642 864 4713 αὑτὴ
896 4645 995 4696 οὐκ
1033 4639 1262 4712 ἠδύνατο
1289 4637 1551 4708 ἀναϐῆναι
1584 4639 1712 4694 ἄνω.
1745 4638 1907 4696 αὐτὸς
1946 4654 2045 4689 κα-

469 4731 599 4801 τέϐη
631 4732 798 4784 κάτω.
827 4724 968 4800 Πρὸς
998 4725 1095 4797 τὴν
1127 4726 1330 4796 πόρνην
1351 4723 1589 4794 ἔρχεται,
1615 4722 1708 4774 καὶ
1729 4722 1826 4774 οὐκ
1857 4720 2045 4789 αἰσχύ-

470 4830 616 4867 νεται
641 4831 654 4843 ·
687 4805 905 4884 ἔρχεται
952 4809 1029 4872 εἰς
1069 4806 1165 4880 τὴν
1195 4803 1433 4876 καλύϐην
1470 4804 1658 4873 αὐτῆς.
1718 4804 1847 4874 Ὁρᾷ
1877 4803 2044 4873 αὐτὴν

480 4896 798 4964 μεθύουσαν.
851 4894 960 4948 Kal
997 4893 1112 4956 πῶς
1153 4891 1403 4963 έρχεταῑ;
1441 4889 1515 4940 Ού
1549 4890 1728 4957 γυμνῇ
1767 4890 1829 4957 τῇ
1857 4886 2042 4956 οὐσία,

474 4980 607 5033 ἀλλὰ
636 4979 880 5045 γίνεται,
916 4978 1052 5046 ὅπερ
1075 4972 1142 5044 ἦν
1176 4977 1207 5044 ἡ
1236 4975 1428 5043 πόρνη.
1470 4972 1532 5024 οὐ
1562 4975 1628 5039 τῆ
1657 4971 1870 5040 γνώμη,
1910 4969 2046 5023 ἀλλὰ

469 5063 537 5132 τῇ
575 5062 734 5130 φύσει
757 5061 964 5127 γίνεται
990 5058 1167 5117 τοῦτο,
1197 5057 1282 5108 ἵνα
1308 5054 1381 5124 μὴ
1407 5053 1589 5106 ἰδοῦσα
1621 5052 1782 5104 αὑτὸν
1812 5051 2041 5121 πτοηθῇ,

475 5145 559 5196 ἵνα
593 5145 668 5213 μὴ
700 5143 1050 5211 ἁποπηδήση,
1081 5141 1167 5192 ἵνα
1198 5139 1270 5208 μὴ
1298 5137 1464 5206 φύγη-
1500 5132 1756 5204 ’Ἐρχεται
1794 5135 1927 5204 πρὸς
1947 5135 2045 5204 τὴν

474 5227 698 5296 πόρνην,
737 5227 830 5278 καὶ
877 5222 1084 5291 γίνεται
1132 5221 1433 5290 ἄνθρωπος.
1491 5218 1598 5270 Kal
1640 5218 1754 5279 πῶς
1797 5217 2043 5284 γίνεται;

477 5309 567 5370 Εἰς
616 5310 827 5377 μήτραν
858 5305 1232 5375 κυοφορεῖται,
1269 5300 1490 5366 αὒξεται
1527 5300 1667 5351 κατά
1708 5298 1919 5369 μικρὸν,
1953 5299 2046 5351 καλ

476 5392 691 5461 ἔρχεται
726 5391 823 5461 τὴν
856 5389 971 5442 ὁδὸν
1009 5389 1108 5458 τῆς
1139 5387 1352 5458 ἡλικίας
1379 5385 1477 5461 τῆς
1509 5383 1668 5451 ἐμῆς.
1698 5383 1827 5445 Τίς;
1875 5383 1938 5433 Ἢ
1967 5383 2044 5433 οἰ-

477 5460 700 5544 >.ονομία
721 5517 734 5536 ,
761 5460 859 5543 οὑχ
891 5476 922 5542 ὴ
960 5473 1177 5542 θεότης·
1219 5473 1251 5540 ἡ
1295 5460 1452 5536 [596]
1486 5464 1579 5518 τοῦ
1610 5464 1792 5517 δούλου
1829 5463 2005 5534 μορφὴ
2028 5504 2042 5526 ς

475 5558 574 5627 οὐχ
603 5561 634 5627 ἡ
665 5558 755 5610 τοῦ
783 5556 1073 5609 Δεσπότου·
1100 5556 1133 5624 ἡ
1161 5552 1297 5623 σὰρξ
1323 5549 1505 5622 ἡ·ἐμὴ,
1535 5551 1684 5617 ούχή
1717 5548 1870 5600 οὐσία
1911 5548 2046 5599 ἐκεί-

543 5733 567 5760 ⁸
595 5732 673 5779 Sic
702 5732 813 5780 Mss.
840 5732 968 5780 Edit.
1142 5728 1221 5776 τὸν
1250 5727 1399 5790 ἥλιον.

541 5790 569 5831 δ
592 5794 741 5843 Βαγὶὶ.
762 5794 896 5842 πάνυ,
927 5791 1081 5854 Ἀνθρ.
1098 5787 1190 5851 μὲν
1210 5790 1296 5850 γὰρ
1323 5787 1545 5848 ἑπιῗυμεῖ.

1046 420 1050 427 ;
1149 382 1204 438 S.
1242 378 1527 438 JOANNIS
1564 371 2055 434 CHRYSOSTOMI
2093 372 2411 429 ARCHIEP.
2452 371 2994 430 CONSTANTINOI‘.

3621 382 3743 439 ιιοὒ

2152 502 2243 539 νου
2263 501 2277 516 ·
2311 483 2532 553 αὔξεται
2562 488 2702 541 κατὰ
2745 488 2960 558 μικρὸν,
2990 489 3083 541 καὶ
3109 489 3362 560 μίγνυται
3395 490 3742 562 ἀνθρώποις.

2147 570 2322 624 καίτοι
2356 571 2596 643 εὑρίσκει
2638 573 2807 642 αὐτὴν
2847 573 3018 626 ἐλκῶν
3065 574 3362 644 γέμουσαν,
3397 576 3744 646 ἐκτεθηριω-

2150 654 2341 724 μένην,
2385 655 2491 706 ὑπὸ
2527 654 2794 725 δαιμόνων
2832 658 3301 728 πεφορτισμένην·
3334 658 3423 712 καὶ
3453 658 3506 712 τί
3546 661 3742 720 ποιεῖς

2150 739 2516 809 Προσέρχεται
2559 741 2719 810 αὐτῇ.
2768 736 2920 794 Εἷδεν
2954 741 3133 812 ἐκείνη
3185 744 3276 796 καὶ
3324 741 3512 811 ἔφυγε.
3561 741 3748 796 Kak?

2137 823 2377 892 μάγους.
2417 821 2482 875 Τί
2511 823 2794 889 φοϐεῖσθες
2828 824 2941 877 Οὐκ
2978 824 3094 893 εἰμὶ
3120 825 3335 894 κριτὴς.
3371 825 3485 877 ἀλλ’
3520 826 3734 896 ἱατρός·

2144 908 2265 960 Οὐκ
2294 903 2486 976 ἦλθον
2505 909 2605 961 ἵνα
2630 910 2811 974 κρίνω
2834 910 2938 962 τὸν
2974 909 3225 976 κόσμον,
3250 911 3386 962 ἀλλ’
3426 910 3526 962 ἵνα
3548 911 3737 963 σώσω

2147 988 2256 1041 τὸν
2289 990 2539 1058 κόσμον.
2581 990 2753 1043 Καλεῖ
2799 991 2998 1054 εὐθέως
3037 992 3267 1061 μάγους.
3304 992 3366 1044 Ὠ
3402 992 3608 1046 καινῶν
3635 992 3736 1046 καὶ

2149 1072 2467 1143 παραδόξων
2514 1073 2874 1144 πραγμάτων.
2912 1075 2976 1126 Αἰ
3017 1074 3262 1144 ἀπαρχαὶ⁵
3303 1074 3503 1136 εὐθέως
3538 1076 3729 1144 μάγοι.

2149 1155 2343 1208 Κεῖται
2387 1157 2447 1208 ἐν
2493 1156 2666 1229 φάτνῃ
2708 1158 2736 1208 6
2774 1155 2870 1226 τὴν
2915 1156 3238 1226 οἰκουμένην
3286 1155 3588 1225 βαστάζων,
3633 1158 3734 1210 καὶ

2150 1238 2568 1309 ἐσπαργάνωται
2613 1242 2640 1291 6
2686 1240 2862 1292 πάντα
2916 1239 3212 1310 περιέπων.
3259 1241 3453 1292 Κεῖται
3504 1242 3531 1292 6
3574 1239 3728 1303 ναὸς,

2151 1322 2245 1374 καὶ
2276 1324 2475 1374 ἐνοικεῖ
2497 1322 2524 1374 6
2547 1321 2697 1386 Θεός.
2733 1321 2835 1375 Καὶ
2862 1323 3107 1394 ἔρχονται
3133 1323 3324 1393 μάγοι,
3361 1325 3456 1376 καὶ
3489 1339 3731 1394 προσκυ-

2149 1405 2330 1458 νοῦσιν
2360 1405 2559 1468 εὐθέως
2583 1423 2595 1434 ·
2638 1405 2855 1476 ἔρχεται
2892 1406 3156 1478 τελώνης,
3197 1409 3292 1459 καὶ
3323 1408 3532 1473 γίνεται
3559 1407 3728 1474 εύαγ-

2149 1489 2401 1558 γελιστής
2425 1507 2439 1520 ·
2481 1489 2698 1560 ἔρχεται
2723 1490 2916 1561 πόρνη.
2951 1491 3046 1542 καὶ
3070 1490 3276 1556 γίνεται
3311 1488 3606 1561 παρθένος·
3635 1489 3727 1559 ερ-

2148 1591 2300 1643 χεται
2327 1574 2604 1627 Χαναναία
2625 1615 2639 1637 ,
2673 1576 2766 1627 καὶ
2801 1574 3062 1626 ἀπολαύει
3094 1573 3522 1644 φιλανθρωπίας.
3559 1573 3730 1626 Τοῦτο

2149 1657 2403 1728 ἐρῶντος,
2450 1658 2511 1710 τὸ
2546 1657 2619 1726 μὴ
2667 1658 2968 1726 ἀπαιτῆσαι
3011 1655 3239 1718 εὐθύνας
3288 1654 3728 1727 ἁμαρτημάτων,

2148 1739 2282 1792 ἀλλά
2328 1740 2678 1809 συγχωρῆσαι
2728 1742 3170 1810 παρανομήματα
3216 1738 3726 1810 πλημμελημάτων.

2149 1823 2257 1875 Kal
2301 1822 2353 1875 τί
2401 1826 2582 1885 ποιεῖ;
2639 1823 2917 1892 Λαμϐάνει
2960 1824 3148 1893 αὐτὴν,
3191 1824 3487 1892 ἁρμόζεται
3533 1822 3726 1890 αὑτήν.

2151 1908 2256 1957 Kal
2283 1905 2334 1976 τί
2375 1907 2509 1976 αὐτῇ
2546 1905 2762 1968 δίδωσι;
2801 1906 3116 1959 Δακτύλιον.
3159 1907 3354 1969 Ποῖον;
3398 1905 3471 1958 T6
3501 1902 3732 1972 Πνεῦμα

2151 1919 2256 1957 Kal
2320 1919 2334 1956 ι
2375 1919 2509 1976 αυτῂ
2546 1919 2762 1968 οιοωσι;
2801 1919 3116 1959 Δακτυλιον.
3160 1919 3354 1969 ιιοιον;
3398 1919 3471 1958 ’1⁷0
3501 1919 3731 1972 ιινευμα

2146 1988 2206 2039 τὸ
2240 1919 2412 2056 ἄξιον.
2452 1989 2614 2057 Λέγει
2646 1989 2877 2051 Παῦλος·
2921 1989 2975 2041 Ὀ
3018 1988 3085 2041 δὲ
3117 1987 3378 2052 ,βεϐαιῶν
3407 1984 3565 2054 ἡμᾶς
3603 1983 3731 2037 σὺν

2147 2071 2287 2137 ὑμῖν
2320 2073 2482 2137 Θεὸς,
2512 2075 2543 2125 ὀ
2575 2072 2673 2124 καὶ
2705 2071 3192 2140 σφραγισάμενος
3225 2067 3406 2139 ἡμᾶς,
3447 2066 3546 2120 καὶ
3584 2064 3729 2129 δοὺς

2145 2153 2251 2204 τὸν
2279 2152 2590 2220 ἀρραϐῶνα
2615 2153 2720 2206 τοῦ
2750 2155 3111 2221 Πνεύματος.
3140 2151 3362 2221 Πνεῦμα
3393 2151 3530 2219 αὐτῇ
3569 2148 3727 2201 δίδω-

2148 2253 2248 2288 σιν.
2297 2232 2430 2288 Εἶτά
2469 2253 2653 2306 φησιν·
2689 2235 2804 2290 Ούκ
2844 2239 2922 2300 είς
2956 2234 3281 2307 παράδεισόν
3319 2252 3376 2286 σε
3421 2231 3724 2301 ἐφύτευσας

2143 2321 2323 2386 Λέγει·
2354 2319 2481 2371 Ναί.
2505 2321 2613 2372 Kal
2637 2320 2751 2382 πῶς
2778 2319 3032 2385 ἐξέπεσες
3056 2319 3297 2382 ἐκεῖθενς
3330 2314 3586 2370 Ἦλθενό
3613 2314 3729 2368 διά-

2145 2400 2316 2463 ϐολος,
2343 2403 2435 2453 καὶ
2464 2401 2622 2454 ἔλαϐέ
2657 2418 2722 2471 με
2746 2402 2853 2454 άπὸ
2875 2401 2968 2454 τοῦ
3006 2402 3349 2471 παραδείσου.
3392 2397 3727 2467 Ἐφυτεύθης

2145 2487 2202 2537 ἐν
2235 2485 2310 2554 τῷ
2337 2485 2680 2555 παραδείσῳ,
2710 2487 2804 2538 καὶ
2830 2485 2988 2539 ἔϐαλέ
3029 2504 3087 2538 σε
3117 2485 3238 2548 ἔξω·
3276 2485 3384 2537 ἰδοὺ
3413 2482 3632 2552 φυτεύω
3666 2499 3725 2533 σε

2145 2571 2201 2620 ἐν
2224 2569 2463 2638 ἐμαυτῷ,
2497 2569 2606 2634 ἐγώ
2633 2585 2689 2621 σε
2723 2567 2990 2637 βαστάζω.
3023 2569 3183 2632 Πῶς;
3227 2567 3302 2620 Ού
3335 2566 3507 2636 τολμᾷ
3538 2576 3558 2604 ε
3600 2564 3727 2634 ἐμοὶ

2145 2652 2480 2722 προσελθεῖν.
2527 2653 2661 2705 υύδέ
2705 2654 2785 2714 είς
2831 2653 2923 2704 τὸν
2969 2653 3194 2721 οὐρανόν
3241 2668 3300 2704 σε
3331 2652 3545 2717 ἄνάγω·
3587 2648 3724 2701 ἀλλὰ

2148 2738 2330 2806 μεῖζον
2365 2735 2603 2789 ἐνταῦθα
2626 2735 2719 2787 τοῦ
2745 2735 2974 2803 ούρανοῦ
2996 2753 3010 2766 ·
3044 2737 3100 2788 ἐν
3124 2733 3346 2804 ἐμαυτῷ
3371 2733 3446 2804 τῷ
3476 2731 3724 2801 Δεσπότη

2141 2819 2235 2872 τοῦ
2261 2819 2488 2889 οὐρανοῦ
2518 2819 2771 2888 βαστάζω
2801 2835 2880 2870 σε.
2917 2817 3124 2888 Ποιμὴν
3159 2814 3434 2885 βαστάζει,
3466 2815 3608 2868 καὶὸ
3633 2811 3727 2864 λύ-

2143 2920 2237 2966 κος
2266 2904 2446 2956 οὐκέτι
2472 2902 2727 2972 ἔρχεται·
2763 2901 2962 2971 μᾶλλον
3003 2901 3059 2953 δέ
3091 2899 3212 2967 ἀφῶ
3242 2899 3402 2950 αὐτὸν
3429 2899 3523 2950 καὶ
3550 2913 3725 2966 προσ-

2143 2988 2334 3041 ελθεῖν.
2357 2987 2469 3040 Kal
2498 2986 2749 3055 βαστάζει
2772 2984 2872 3054 τὴν
2894 2984 3166 3054 ἡμετέραν
3204 2981 3393 3050 φύσιν·
3429 2979 3523 3034 καὶ
3557 2995 3730 3050 προσ-

2144 3073 2360 3142 έρχεται
2398 3071 2427 3122 6
2465 3070 2733 3132 διάϐολος,
2777 3070 2871 3121 καὶ
2920 3069 3168 3138 ἡττᾶται.
3239 3065 3539 3132 Ἐφύτευσά
3573 3055 3632 3114 σε
3665 3063 3726 3115 ἐν

2145 3154 2386 3224 ἐμαυτῷ.
2419 3153 2517 3205 Διὰ
2554 3153 2710 3205 τοῦτο
2752 3151 2928 3218 λέγει,
2992 3150 3132 3218 Ἐγὼ
3177 3149 3215 3214 ἠ
3253 3144 3403 3215 ῥίζα,
3437 3145 3606 3215 ὑμεῖς
3652 3143 3728 3197 τὰ

2146 3239 2443 3306 κλήματα·
2490 3236 2585 3288 καὶ
2642 3235 2937 3302 ἐφύτευσεν
2987 3233 3154 3304 αὐτὴν
3189 3233 3246 3283 ἐν
3291 3230 3489 3299 ἐαυτῷ.
3528 3229 3639 3282 Kal
3672 3226 3728 3280 τί

2147 3321 2362 3382 λοιπόν;
2400 3319 2557 3371 Ἀλλὰ
2578 3317 2899 3390 ἁμαρτωλός
2923 3318 3056 3385 εἰμι,
3085 3316 3236 3384 φησὶ.
3269 3315 3364 3367 καὶ
3393 3311 3725 3381 ἁκάθαρτοςξ

2147 3408 2237 3476 Μή
2264 3423 2344 3459 σοι
2376 3404 2604 3474 μελέτω.
2638 3401 2820 3472 ἱατρός
2847 3405 2980 3471 εἰμι.
3009 3397 3140 3452 Οἶδα
3169 3400 3228 3451 τὺ
3263 3396 3453 3459 σκεῦος
3481 3397 3541 3448 τὸ
3569 3395 3724 3464 ἐμὸν,

2146 3485 2262 3542 οἶδα
2303 3489 2418 3551 πῶς
2465 3487 2785 3556 διεστράφη.
2827 3484 3055 3554 Πήλινον
3104 3478 3171 3553 ἦν
3217 3481 3320 3549 πρὸ
3360 3479 3581 3542 τούτου,
3631 3476 3729 3530 καὶ

2147 3572 2465 3642 διεστράφη.
2508 3569 2864 3623 ’Λναπλάττω
2884 3568 3012 3620 αὐτὸ
3046 3564 3133 3618 διὰ
3148 3562 3374 3632 λουτροῦ
3407 3561 3730 3628 παλιγγενε-

2151 3656 2290 3718 σίας,
2319 3656 2411 3708 καὶ
2434 3653 2777 3724 παραδίδωμι
2803 3651 2935 3703 αὐτὸ
2956 3649 3032 3718 τῷ
3063 3647 3215 3717 πυρί.
3240 3645 3380 3716 Ὅρα
3399 3645 3504 3716 γάρ
3525 3662 3538 3673 ·
3567 3644 3727 3696 ἐλαϐε

2149 3740 2277 3810 χοῦν
2308 3739 2413 3792 άπὸ
2439 3740 2535 3807 τῆς
2565 3739 2686 3806 γῆς,
2717 3736 2811 3788 καὶ
2841 3733 3065 3802 ἐποίησε
3102 3730 3191 3782 τὸν
3231 3729 3533 3799 ἄνθρωπον·
3561 3727 3730 3780 ἐπλα-

2153 3806 2244 3878 σεν
2273 3823 2454 3876 αὐτόν.
2484 3806 2687 3874 ’Ἦλθεν
2711 3822 2738 3871 6
2756 3815 3020 3878 διάϐολος,
3049 3812 3364 3881 διέστρεφεν
3391 3810 3570 3864 αὐτόν.
3596 3806 3730 3862 Ἦλ-

2153 3909 2243 3960 θεν
2272 3906 2465 3966 αὐτὸς,
2510 3902 2667 3955 ἐλαϐε
2698 3901 2880 3960 πάλιν,
2917 3897 3257 3968 άνεφύρασεν
3301 3893 3483 3956 αὑτὸν,
3524 3893 3730 3962 ἀνεχώ-

2152 4005 2341 4043 νευσεν
2382 3987 2543 4040 αὑτὸν
2585 3986 2642 4037 ἐν
2689 3983 2767 4053 τῷ
2804 3980 3167 4052 βαπτίσματι,
3208 3977 3322 4032 ἀλλ’
3375 3976 3475 4029 οὑκ
3513 3974 3728 4043 ἀφῆκεν

2153 4071 2300 4140 αύτῷ
2350 4068 2569 4139 πήλινον
2619 4061 2758 4119 εἶναι
2807 4064 2870 4117 τὺ
2916 4063 3109 4133 σῶμα,
3141 4061 3256 4115 ἄλλ’
3301 4059 3555 4130 ἐποίησεν
3592 4056 3728 4110 αὐτὸ

2151 4139 2492 4222 ὀστράκινον.
2523 4149 2810 4220 Παρέδωκε
2839 4147 2930 4200 τὸν
2966 4144 3135 4216 πηλὸν
3167 4142 3245 4213 τῷ
3280 4143 3415 4213 πυρὶ
3441 4140 3534 4194 τοῦ
3555 4139 3730 4195 Πνεύ-

2156 4248 2352 4309 ματος·
2382 4233 2574 4297 Αὐτὸς
2605 4230 2758 4300 ὑμᾶς
2793 4230 3077 4295 βαπτίσει
3105 4227 3175 4279 ἐν
3209 4226 3505 4293 Πνεύματι
3541 4224 3688 4291 ἁγίῳ
3708 4264 3725 4287 ,

2157 4308 2254 4374 καὶ
2281 4318 2445 4384 πυρί·
2471 4319 2527 4368 ἐν
2551 4314 2724 4382 ὕδατι,
2754 4315 2839 4366 ἵνα
2868 4309 3209 4381 ἀναπλασθῇ·
3235 4311 3291 4361 ἐν
3318 4309 3471 4378 πυρὶ,
3505 4308 3592 4360 ἵνα
3615 4323 3730 4360 στε-

2157 4402 2356 4475 ρεωθῇ.
2396 4399 2496 4452 Διὰ
2534 4398 2689 4452 τοῦτο
2719 4401 2746 4450 ὁ
2779 4396 3069 4467 Προφήτης
3102 4392 3307 4447 ἄνωθεν
3340 4390 3729 4475 προαγορεύων

2156 4473 2358 4553 ἔλεγεν·
2404 4485 2496 4549 Ὠς
2529 4483 2716 4547 σκεύη
2761 4477 3058 4549 κεραμέως
3083 4476 3437 4543 συντρίψεις
3483 4473 3726 4537 αὐτούς.

2163 4571 2278 4621 Οὐκ
2308 4563 2479 4630 εἶπεν,
2506 4567 2580 4627 ὡς
2607 4565 2773 4632 σκεύη
2801 4563 3114 4633 ὀστράκινα,
3137 4560 3171 4612 ἃ.
3188 4561 3414 4620 ἕκαστος
3442 4558 3722 4627 κέκτηται·

2155 4653 2269 4705 ἐστι
2299 4652 2408 4722 γὰρ
2440 4649 2606 4718 σκεύη
2640 4646 2925 4718 κεραμέως
2953 4647 3134 4697 ἐκεῖνα
3153 4685 3166 4703 ,
3198 4642 3232 4695 δι
3265 4641 3554 4712 ἐργάζεται
3579 4642 3608 4692 6
3637 4657 3730 4693 κε-

2162 4736 2363 4806 ραμεὺς
2398 4735 2453 4784 ἐν
2480 4731 2556 4800 τῷ
2593 4730 2786 4800 τροχῷ·
2824 4728 2961 4782 ἀλλὰ
2997 4729 3064 4780 τὰ
3097 4726 3264 4795 σκεύη
3301 4725 3395 4778 τοῦ
3441 4723 3732 4794 κεραμέως

2157 4802 2378 4889 πήλινα,
2402 4816 2471 4868 τὰ
2492 4816 2547 4868 δὲ
2577 4814 2820 4882 ἡμέτερα
2851 4811 3172 4880 ὀστράκινα.
3196 4805 3608 4878 Προαναφωνῶν
3637 4802 3732 4859 οῦν

2156 4901 2252 4970 τὴν
2285 4899 2370 4953 διὰ
2403 4897 2496 4950 τοῦ
2532 4896 2901 4966 βαπτίσματος
2931 4892 3314 4963 ἀναχὼνευσιν,
3376 4893 3470 4955 Ὠς
3512 4891 3728 4954 σκεύη,

2159 4984 2323 5052 φησὶ,
2355 4981 2650 5048 κεραμέως
2680 4978 3037 5044 συντρίψεις
3064 4975 3306 5039 αὐτούς.
3351 4972 3728 5030 Ἀναπλάττει,

2158 5067 2324 5132 λέγει,
2357 5065 2450 5115 καὶ
2480 5061 2723 5132 χωνεύει.
2755 5059 3082 5112 Καταϐαίνω
3108 5060 3185 5121 είς
3211 5057 3270 5109 τὸ
3302 5056 3602 5125 βάπτισμα,
3636 5055 3732 5108 καὶ

2158 5147 2560 5201 άναπλάττεταί
2610 5162 2710 5213 μου
2757 5144 2818 5196 τὸ
2867 5143 3084 5211 σχῆμα,
3122 5141 3215 5192 καὶ
3253 5139 3580 5208 ἀναχωνεύει
3633 5136 3729 5190 τοῦ

2157 5231 2474 5300 Πνεύματος
2506 5228 2566 5280 τὸ
2599 5227 2729 5296 πῦρ,
2769 5227 2863 5280 καὶ
2892 5225 3100 5290 γίνεται
3139 5222 3476 5293 ὀστράκινον.
3522 5223 3643 5273 Ὅτι
3673 5220 3730 5272 δέ

2155 5317 2216 5369 ού
2272 5315 2482 5382 κόμπος
2524 5311 2591 5364 τὰ
2645 5312 2883 5380 ῥήματα,
2937 5308 3168 5361 ἄκουσον
3218 5305 3311 5357 τοῦ
3371 5303 3526 5358 Ἰὼϐ·
3577 5301 3727 5374 [59³7]

2169 5399 2447 5463 Ἐποίησε
2475 5395 2542 5448 δὲ
2577 5392 2733 5462 ἡμᾶς
2770 5393 2988 5458 πηλόν·
3022 5393 3049 5442 6
3095 5391 3150 5443 δὲ
3179 5389 3408 5451 Παῦλος·
3443 5389 3731 5455 Ἔχοντες

2153 5483 2221 5535 δὲ
2243 5482 2349 5535 τὸν
2366 5478 2671 5546 θησαυρὸν
2695 5477 2910 5531 τοῦτον
2926 5477 2996 5528 ἐν·
3010 5474 3388 5540 ὀστρακίνοις
3420 5470 3728 5523 σκεύεσιν.

2167 5564 2325 5617 Ἀλλὰ
2360 5563 2522 5633 βλέπε
2556 5560 2824 5630 ὀστράκου
2850 5558 3022 5628 ἰσχύν.
3057 5557 3130 5611 Ού
3158 5557 3265 5626 γάρ
3295 5554 3430 5624 πυρὶ
3458 5553 3729 5620 ὦπτηται,

2233 5783 2251 5807 ε
2273 5777 2420 5827 cm.“-
2450 5779 2653 5840 ἐμαυτῷ.
2682 5777 2820 5834 Πῶς
2856 5775 2922 5823 Ἐ.
2954 5792 3001 5823 σ.
3031 5777 3074 5837 β.
3100 5773 3152 5821 οὐ
3178 5772 3282 5821 to).
