4046 6450
249 452 348 506 ιῦὄ

247 567 364 619 talis
384 605 400 630 ,
439 570 495 616 et
530 559 639 615 dixi
666 557 827 612 etiam
857 555 872 585 ί
894 594 908 618 ,
939 549 1206 620 Pr0pitius
1258 553 1376 598 esto
1429 539 1579 604 mihi,
1610 534 1836 591 Domine

255 622 399 724 (non
411 653 554 709 enim
580 651 636 706 in
667 649 768 702 hac
793 645 1028 700 dictione
1056 647 1255 710 persto,
1283 632 1377 688 sed
1402 631 1601 693 lia-reo,
1626 640 1727 682 nec
1749 622 1840 680 ba-

251 714 350 802 beo
389 746 548 799 aliam
591 738 942 810 compositam
989 729 1240 802 loquendi
1281 723 1568 792 formam),
1606 719 1729 774 volo
1755 714 1840 769 di-

255 851 404 902 scas,
437 849 523 889 me
549 848 580 886 a
619 829 894 899 Scriptura
933 825 1036 880 hoc
1075 821 1322 878 edoctum
1365 827 1505 870 esse.
1552 811 1680 882 Ejus
1714 820 1842 878 ergo

257 925 600 994 splendorem
641 920 919 976 declarare
955 915 1123 970 voluit
1163 907 1487 980 evangelista
1510 946 1526 972 ,
1568 902 1802 968 dicitque
1825 937 1841 962 ,

265 988 611 1087 llesplenduit.
642 1010 921 1084 Quomodo
961 1002 1327 1076 resplenduit,
1359 998 1446 1052 dic
1483 993 1635 1050 mibi.
1667 988 1845 1087 Vjehe-

262 1079 488 1166 menter.
517 1108 635 1173 Quo
665 1079 817 1173 pacto
843 1097 1013 1155 dicis?
1041 1095 1189 1152 Sicut
1225 1091 1322 1147 soi.
1358 1089 1503 1145 Sicut
1537 1084 1644 1146 sol,
1673 1079 1849 1135 dicis?

265 1202 455 1256 Etiam.
487 1195 704 1267 Quare?
727 1193 860 1262 Quia
891 1189 1092 1244 nullum
1119 1184 1260 1240 aliud
1289 1176 1617 1250 splendidius
1647 1180 1850 1227 astrum

260 1265 547 1347 dicendum
601 1286 792 1341 habeo.
842 1279 913 1336 Et
958 1279 1110 1334 albus
1150 1283 1265 1330 erat
1306 1273 1454 1327 Sicut
1498 1269 1606 1350 uiaf.
1652 1265 1849 1333 Quare,

265 1381 414 1438 Sicut
444 1380 576 1434 nix?
597 1378 732 1447 Quia
765 1375 906 1429 nulla
937 1372 1040 1426 alia
1061 1369 1294 1439 suppetit
1312 1362 1588 1420 candidior
1608 1358 1851 1414 materia.

264 1472 398 1528 Nam
439 1469 581 1541 Quod
624 1483 730 1521 non
771 1464 836 1519 ad
867 1478 990 1519 eum
1030 1461 1243 1514 modum
1275 1452 1636 1526 Splenduerit,
1669 1464 1736 1503 ex
1766 1461 1858 1502 se-

265 1564 556 1635 quentibus
585 1557 902 1616 ostenditur.
945 1555 1014 1610 Et
1055 1551 1361 1608 ceciderunt
1387 1549 1440 1602 in
1469 1555 1664 1600 terram
1694 1541 1856 1597 disci-

267 1633 402 1726 puli.
437 1654 492 1709 Si
531 1647 948 1720 reSplcnduisset
988 1646 1120 1699 sicut
1149 1640 1230 1696 sol
1252 1682 1266 1707 ,
1305 1653 1410 1693 non
1432 1635 1757 1693 cecidissent
1779 1633 1860 1686 di-

267 1725 454 1816 ecipttli
486 1742 696 1818 (Matth.
732 1742 819 1796 t7.
843 1739 897 1808 6)
933 1755 946 1794 ;
976 1752 1097 1790 nam
1129 1733 1295 1788 solem
1318 1729 1556 1801 quotidie
1584 1725 1858 1789 videbant,

272 1854 449 1908 neque
473 1838 734 1894 cadebant
777 1853 790 1888 :
829 1833 924 1889 sed
972 1830 1094 1901 quia
1135 1830 1256 1898 plus
1295 1841 1456 1896 quam
1502 1825 1625 1891 sol,
1659 1833 1712 1875 et
1740 1819 1862 1891 plus

269 1941 430 2001 quam
457 1931 546 1985 nix
583 1927 916 1999 resplenduit
936 1969 949 1994 ,
981 1927 1100 1982 ideo
1125 1924 1467 1995 splendorem
1497 1934 1604 1975 non
1630 1916 1863 1973 ferentes

270 2022 602 2078 ceciderunt.

348 2113 436 2166 11.
461 2110 710 2180 Exempla
736 2110 882 2164 nulla
912 2109 1018 2164 Deo
1048 2108 1222 2179 digna.
1253 2136 1324 2146 —
1349 2105 1445 2160 Dic
1468 2117 1596 2173 ergo
1621 2099 1752 2155 mihi
1772 2138 1788 2162 ,
1833 2111 1866 2150 0

271 2201 597 2271 evangelista
616 2243 632 2269 ,
667 2201 784 2271 plus
805 2215 961 2270 quam
989 2200 1066 2252 sol
1091 2197 1333 2262 refulsit,
1353 2206 1406 2250 et
1438 2203 1492 2248 tu
1520 2193 1654 2247 dicis
1673 2233 1687 2258 ,
1719 2190 1866 2244 Sicut

273 2287 398 2347 sal?
424 2293 627 2358 Etiam;
657 2308 779 2346 cum
809 2292 904 2346 tibi
931 2293 1102 2345 lucem
1122 2290 1261 2343 illam
1295 2293 1688 2356 reprmsentare
1712 2282 1863 2348 volo,

276 2387 479 2440 nullum
535 2394 737 2439 astrum
771 2383 938 2454 majus
968 2383 1171 2445 habeo,
1219 2395 1329 2434 non
1375 2377 1533 2432 aliam
1580 2374 1866 2446 imaginem

275 2479 416 2534 inter
442 2487 584 2532 astra
633 2485 966 2546 regnantem.
1010 2475 1134 2528 llrec
1164 2473 1272 2527 dixi
1298 2513 1312 2536 ,
1344 2480 1402 2525 ut
1444 2484 1512 2524 ne
1540 2469 1591 2523 in
1621 2466 1870 2522 dictionis

279 2571 534 2625 tenuitate
551 2570 836 2624 consistas.
858 2568 1084 2636 Lapsum
1107 2564 1489 2632 discipulorum
1507 2558 1746 2615 ostendi.
1771 2557 1871 2612 Ce-

277 2662 526 2716 ciderunt
555 2661 608 2714 in
637 2668 854 2724 terram,
874 2669 1067 2727 Sopore
1088 2655 1330 2726 Oppressi
1358 2663 1412 2708 et
1439 2651 1709 2723 aggravati
1723 2657 1866 2704 sunt.

280 2752 488 2823 Surgite
511 2749 615 2820 (Ib.
653 2766 699 2804 υ.
725 2750 802 2820 7),
837 2749 1036 2816 inquit,
1063 2756 1119 2802 et
1147 2743 1399 2801 excitavit
1423 2759 1516 2797 eos
1540 2782 1554 2807 ,
1607 2753 1871 2811 aggrava-

281 2845 424 2912 tique
450 2852 622 2897 erant.
649 2839 959 2911 splendoris
988 2839 1182 2908 quippe
1206 2835 1598 2890 vehementiam
1644 2848 1751 2885 non
1785 2841 1871 2883 tu-

282 2937 487 3000 lerant,
529 2935 623 2989 sed
673 2949 835 3002 sopor
881 2940 1236 3000 occupaverat
1282 2929 1467 2984 oculos
1505 2940 1692 2981 eorum
1742 2942 1755 2977 :
1804 2924 1873 2976 ita

283 3043 476 3095 nempe
493 3025 584 3081 lux
607 3026 692 3079 illa
715 3023 999 3093 splendens
1020 3027 1187 3076 solem
1214 3018 1517 3088 superabat.
1546 3016 1873 3070 Dixitautem

281 3117 644 3188 evangelista,
670 3115 816 3170 Sicut
841 3115 951 3180 sol,
981 3114 1102 3183 quia
1135 3113 1236 3165 hoc
1265 3119 1465 3164 astrum
1507 3118 1690 3161 notum
1722 3105 1876 3158 nobis

285 3219 367 3266 est
385 3251 402 3276 ,
425 3219 482 3263 ut
510 3210 612 3263 alia
641 3218 784 3262 astra
812 3219 1090 3276 superans.
1120 3202 1319 3258 Verum
1344 3243 1357 3263 ,
1389 3209 1448 3255 ut
1476 3199 1716 3253 dicebam
1740 3237 1754 3262 ,
1785 3195 1877 3251 ille

285 3313 463 3357 tantus
482 3313 538 3357 et
557 3302 678 3356 talis
703 3301 1039 3356 meretricem
1070 3295 1391 3366 concupivit.
1425 3295 1505 3349 An
1540 3291 1875 3347 meretricem

286 3393 618 3463 concupiscit
648 3395 786 3447 Deus
814 3393 836 3444 τ
865 3391 1035 3445 Etiam
1067 3389 1401 3444 meretricem
1439 3404 1450 3440 :
1482 3393 1720 3439 naturam
1760 3382 1881 3437 dico

291 3491 545 3536 nostram.
602 3481 1003 3536 Meretricemne
1054 3477 1387 3546 concupiscit
1452 3475 1655 3530 Deus?
1711 3473 1880 3528 llomo

292 3578 504 3646 quidem
558 3576 600 3629 si
648 3575 982 3629 meretricem
1027 3572 1399 3640 concupiscat,
1449 3571 1772 3631 damnatur,
1827 3574 1882 3620 et

296 3671 434 3725 Deus
457 3667 790 3722 meretricem
817 3665 1146 3735 concupiscit
1183 3665 1206 3716 ?
1245 3661 1385 3717 Sane
1431 3660 1663 3731 quidem.
1712 3659 1883 3712 llomo

294 3759 629 3814 meretricem
683 3754 1044 3825 concupiscit,
1101 3763 1162 3808 ut
1213 3752 1532 3807 fornicarius
1583 3749 1882 3813 efficiatur;

295 3851 434 3904 Deus
465 3865 590 3903 vero
617 3847 949 3902 meretricem
980 3845 1342 3913 concupiscit,
1372 3858 1431 3896 ut
1468 3855 1586 3898 eam
1626 3842 1884 3911 virginem

295 3941 492 3996 efficiat
521 3958 533 3992 :
564 3941 741 4008 itaque
787 3937 1217 4006 concupiscentia
1263 3934 1495 3988 hominis
1519 3975 1533 3996 ,
1589 3932 1886 4002 concupita:

297 4031 561 4101 pernicies
611 4041 734 4090 est;
786 4027 1217 4098 concupiscentia
1263 4041 1392 4080 vero
1448 4024 1581 4090 Dei,
1631 4033 1713 4078 est
1754 4039 1886 4079 con-

297 4124 490 4194 cupita:
542 4120 705 4175 salus.
758 4119 962 4173 Tantus
1010 4133 1074 4174 ac
1136 4115 1257 4172 talis
1308 4117 1646 4172 meretricem
1691 4124 1890 4170 concu-

299 4216 477 4285 pivit?
511 4211 733 4282 Quare?
764 4213 833 4268 Ut
862 4211 1016 4267 fieret
1054 4225 1303 4280 sponsus.
1357 4209 1492 4276 Quid
1539 4222 1666 4262 vero
1715 4206 1890 4261 facit?

299 4309 413 4361 Non
448 4307 607 4360 mittit
632 4305 698 4360 ad
725 4319 842 4360 eam
872 4304 1105 4374 aliquem
1133 4318 1440 4365 servorum,
1472 4317 1578 4356 non
1608 4300 1768 4354 mittit
1797 4315 1891 4353 an-

300 4400 474 4467 gelum
501 4397 567 4450 a'd
599 4409 931 4452 meretricem
953 4437 967 4460 ,
993 4413 1097 4450 non
1123 4395 1533 4463 archangelum,
1563 4409 1666 4446 non
1690 4391 1895 4448 Cheru-

305 4493 409 4543 bim
442 4489 521 4543 vel
554 4488 833 4557 Serapliim
867 4505 880 4540 :
912 4485 1006 4542 sed
1032 4489 1146 4556 ipse
1171 4495 1378 4540 amator
1406 4486 1636 4540 accedit.
1658 4485 1892 4539 Rursum

303 4598 422 4634 cum
459 4580 612 4634 audis
642 4594 880 4634 amorem
900 4619 914 4643 ,
945 4593 1014 4633 ne
1042 4587 1196 4647 putes
1226 4593 1350 4632 eum
1379 4593 1499 4632 csse
1527 4593 1616 4646 qui
1646 4577 1746 4630 sub
1767 4592 1894 4630 sen-

305 4688 419 4725 sum
449 4671 608 4724 cadit.
644 4669 923 4724 Deiectum
954 4669 1092 4723 habe
1140 4669 1524 4723 sententiarum
1576 4670 1626 4722 in
1676 4668 1891 4733 Verbis,

304 4760 750 4828 quemadmodum
774 4760 971 4828 optima
1001 4760 1116 4828 apis
1139 4799 1154 4824 ,
1182 4771 1302 4828 qua:
1333 4759 1398 4812 ad
1447 4759 1604 4812 flores
1650 4758 1892 4824 advolat,

307 4862 361 4905 et
407 4853 584 4906 favum
626 4852 848 4919 accipit,
899 4851 1192 4920 herbasque
1244 4853 1516 4918 relinquit.
1563 4851 1897 4905 Meretricem

307 4943 613 5010 concupivit
643 4983 656 4996 .
683 4951 737 4996 et
784 4943 910 5012 quid
959 4941 1085 4996 facit
1107 4940 1129 4994 ?
1154 4941 1268 4995 Non
1313 4955 1527 4996 sursum
1569 4957 1685 4996 eam
1716 4943 1895 4996 ducit:

310 5033 474 5086 nollet
505 5032 646 5087 enim
677 5035 1011 5086 meretricem
1044 5033 1096 5085 in
1124 5032 1312 5087 ett-lum
1350 5033 1618 5088 adducere
1638 5074 1652 5100 ,
1687 5034 1778 5088 sed
1814 5034 1902 5089 ille

311 5125 604 5179 descendit.
647 5124 779 5192 Quia
815 5126 898 5179 illa
942 5141 1044 5177 non
1077 5135 1290 5194 poterat
1325 5140 1536 5179 sursum
1569 5127 1859 5180 ascendere
1886 5169 1898 5191 ,

311 5217 424 5286 ipse
469 5217 722 5271 deorsum
771 5225 1038 5286 prOperat.
1092 5217 1172 5270 Ad
1205 5219 1542 5272 meretricem
1577 5219 1899 5288 ingreditur,

313 5323 409 5361 nec
435 5309 746 5362 erubescit:
779 5308 830 5361 in
881 5310 998 5375 ejus
1044 5308 1320 5362 latibulum
1375 5311 1552 5363 intrat.
1589 5309 1747 5365 Videt
1786 5327 1902 5365 eam

312 5397 535 5450 ebriam.
582 5399 651 5452 Et
693 5399 962 5468 quomodo
1009 5401 1156 5453 venit
1192 5401 1216 5453 ?
1250 5401 1364 5454 Non
1395 5396 1532 5454 nuda
1575 5403 1901 5467 substantia;

314 5489 404 5540 sed
435 5489 484 5543 id
512 5490 759 5549 el'licitur.
784 5491 921 5559 quod
951 5501 1063 5544 erat
1104 5496 1354 5546 meretrix
1383 5537 1394 5554 ,
1428 5506 1530 5546 non
1557 5497 1825 5549 voluntate
1853 5506 1906 5549 ct

319 5584 607 5652 proposito,
637 5584 730 5638 sed
758 5595 966 5649 natura,
1004 5601 1069 5638 ne
1098 5585 1282 5639 videns
1313 5603 1436 5639 cuni
1479 5589 1902 5657 perturbaretnr,

316 5688 382 5726 ne
414 5673 641 5764 resiliret
661 5719 673 5740 ,
700 5685 790 5728 aut
811 5674 1032 5745 fugeret.
1065 5676 1219 5729 Venit
1247 5677 1312 5730 ad
1337 5681 1673 5733 meretricem
1696 5720 1710 5745 ,
1741 5691 1788 5733 et
1822 5679 1903 5733 ef—

383 5805 398 5836 ³
429 5802 603 5876 Morel.
627 5806 733 5855 haec
757 5807 926 5876 verba,
953 5815 1112 5876 lautus
1149 5815 1193 5856 et
1235 5808 1363 5869 talis,
1388 5816 1433 5860 et
1467 5810 1576 5861 disi
1601 5810 1765 5871 etiam,
1791 5814 1906 5860 omi-

315 5873 476 5927 κονοι.
503 5872 564 5916 ex
726 5854 776 5918 et
798 5854 938 5918 sui-ii.
1091 5854 1363 5919 ,απυδ-νυ
1390 5854 1429 5860 --

890 433 1168 497 ΗΟΜΙῌᾹ
1211 431 1296 487 DE
1337 424 1560 485 CAPTO
1597 413 1943 478 EUTROPIO
1985 411 2073 467 ET
2115 409 2201 464 DE
2245 394 2645 462 DIVITIARUM
2689 383 3053 448 VANlTATE.

3438 357 3540 426 ωε

1948 526 2124 582 ficitur
2143 522 2326 577 homo.
2356 517 2426 572 Et
2447 508 2717 587 quomodo
2733 502 2963 561 efficitur
2978 501 3002 554 ?
3018 497 3271 555 Gestatur
3289 493 3344 548 in
3366 501 3545 558 utero,

1946 616 2200 691 paulatim
2223 611 2418 669 crescit
2436 581 2731 677 {venitque
2749 602 2800 654 in
2824 598 2966 654 viam
2992 591 3166 648 relatis
3196 596 3354 644 mea.
3386 581 3545 652 Quis-

1949 679 2072 764 iiam
2097 708 2120 761 ἲ
2149 699 2513 764 ΟΕοοηοιιιίει,
2548 710 2656 750 non
2702 690 2988 746 divinitas:
3017 680 3157 738 servi
3203 679 3371 733 forma
3392 714 3407 738 ,
3439 687 3548 728 non

1950 797 2163 857 Domini
2190 813 2204 850 :
2231 808 2359 850 caro
2382 803 2498 848 mea
2519 831 2534 855 ,
2565 799 2672 842 non
2695 777 2996 838 substantia
3027 775 3181 844 ejus:
3209 769 3402 826 crescit
3421 774 3552 837 pau-

1952 893 2097 949 latim
2116 932 2132 956 ,
2160 897 2214 946 et
2239 902 2361 943 cum
2390 853 2696 939 hominibus
2723 875 2981 930 miscetur
3012 885 3025 924 :
3058 864 3160 922 etsi
3187 857 3392 918 invenit
3431 853 3558 912 eant

1955 985 2223 1042 ulceribus
2251 982 2488 1052 plenam,
2506 973 2804 1034 efferatam,
2828 982 2859 1022 a
2879 961 3212 1021 daamonibus
3237 961 3515 1011 oneratam
3537 968 3552 1003 ι

1956 1077 2149 1150 ecquid
2181 1041 2352 1130 facit?
2382 1041 2603 1126 Accedit
2627 1063 2695 1120 ad
2734 1077 2875 1118 eam.
2900 1056 3045 1113 Vidit
3075 1053 3162 1108 illa
3187 1058 3244 1106 et
3269 1045 3421 1150 fugit:
3448 1041 3561 1098 Vo-

1956 1136 2054 1229 cat.
2070 1171 2160 1227 ille
2184 1181 2386 1238 magos.
2412 1160 2549 1230 Quid
2582 1153 2817 1214 timetis?
2836 1152 2950 1208 Non
2974 1163 3091 1205 sum
3109 1143 3298 1216 iudex,
3319 1136 3417 1196 sed
3441 1149 3559 1238 me-

1959 1265 2113 1320 dicus
2143 1279 2157 1317 :
2183 1230 2306 1314 Non
2324 1257 2434 1311 veni
2462 1264 2518 1309 ut
2536 1252 2764 1326 judicent
2787 1244 3052 1308 mundum,
3077 1239 3167 1296 sed
3183 1240 3238 1292 ut
3266 1234 3462 1291 salvum
3480 1230 3564 1299 {a-

1961 1357 2094 1410 ciam
2117 1353 2298 1426 (Joan.
2324 1350 2411 1405 12.
2435 1348 2550 1417 Π).
2580 1343 2771 1400 Statim
2804 1351 2987 1408 magos
3014 1339 3190 1388 vocat.
3222 1327 3266 1383 Ο
3305 1339 3420 1381 rem
3457 1337 3562 1426 no-

1962 1465 2083 1504 vam
2122 1414 2284 1515 atque
2319 1414 2617 1497 mirabilem
2647 1438 2661 1490 ε
2694 1432 2828 1502 Magi
2883 1443 3006 1483 mox
3054 1421 3302 1495 primitla:
3327 1424 3472 1471 sunt.
3501 1414 3562 1469 In

1963 1507 2358 1614 prmsepi-jacet
2382 1533 2473 1604 qui
2505 1536 2683 1602 portat
2709 1527 2895 1581 orbem
2918 1565 2933 1588 ,
2958 1530 3007 1576 et
3054 1516 3246 1589 pannis
3277 1507 3566 1567 involvitur

1963 1599 2055 1703 qui
2089 1599 2340 1685 universa
2368 1599 2728 1680 administrat.
2775 1615 3002 1672 Ponitur
3027 1608 3307 1678 templum,
3333 1609 3388 1657 et
3414 1599 3568 1654 inha-

1966 1690 2099 1782 bitat
2129 1725 2288 1778 Deus.
2321 1717 2556 1775 Veniunt
2598 1711 2773 1781 magi,
2800 1719 2855 1765 et
2893 1704 3073 1761 Statim
3113 1700 3376 1760 adorant;
3423 1690 3570 1746 venit

1969 1815 2306 1887 publicanus,
2331 1819 2384 1866 et
2406 1809 2463 1862 fit
2482 1802 2838 1874 evangelista;
2868 1797 3015 1851 venit
3035 1789 3310 1849 meretrix,
3339 1793 3394 1842 et
3420 1782 3571 1851 virgo

1967 1874 2239 1972 efficitur;
2268 1874 2414 1959 venit
2451 1898 2786 1961 Chananaaa',
2819 1903 2873 1949 et
2902 1888 3232 1961 benignitate
3257 1881 3476 1937 fruitur.
3515 1874 3575 1929 Id

1971 1999 2202 2054 amantis
2235 2003 2354 2051 erat
2385 2000 2723 2063 peccatorum
2756 1994 2941 2056 poenas
2968 1982 3075 2036 no'n
3105 1985 3388 2046 reposcere
3410 2014 3424 2035 ,
3476 1969 3578 2023 sed

1969 2091 2160 2148 delicta
2190 2096 2514 2160 peecataqde
2559 2081 2886 2140 condonare.
2917 2072 3121 2143 Ecquid
3163 2067 3325 2125 faeif?
3365 2062 3575 2132 Accipit

1971 2201 2113 2248 eam,
2139 2155 2440 2252 despondet
2458 2178 2578 2235 sibi.
2604 2173 2739 2244 Quid
2768 2173 2844 2228 illi
2868 2169 2992 2226 dat?
3009 2164 3278 2222 Annulum
3303 2155 3575 2252 :qtfalcm?

1971 2249 2524 2346 Spiritum-sanctum.
2555 2267 2693 2323 Dicit
2719 2265 2914 2320 Paulus
2941 2280 2954 2316 :
2988 2259 3089 2325 Qui
3104 2266 3272 2311 autem
3301 2249 3582 2318 conﬁrmat

1974 2340 2065 2423 nos
2092 2368 2348 2419 vobiscum
2381 2362 2549 2426 Deus,
2584 2359 2668 2427 qui
2693 2367 2738 2412 et
2761 2353 3041 2426 obsignavit
3072 2367 3163 2405 nos
3182 2391 3197 2416 ,
3227 2345 3464 2415 deditque
3497 2340 3578 2412 pi-

1974 2477 2103 2532 gnus
2149 2458 2377 2527 Spiritus
2428 2454 2592 2509 sancti
2635 2451 2711 2523 (2.
2745 2448 2862 2506 Cor.
2891 2449 2940 2502 l.
2968 2446 3057 2500 21.
3086 2445 3200 2511 22).
3241 2439 3496 2510 Spiritum
3528 2427 3585 2490 ei

1976 2528 2085 2610 dat.
2130 2552 2332 2608 Deinde
2360 2550 2473 2605 ait:
2504 2547 2695 2602 Nonne
2725 2544 2776 2598 in
2806 2539 3055 2613 paradiso
3083 2547 3133 2591 te
3158 2530 3445 2606 plantavi?
3473 2528 3580 2582 lle-

1976 2647 2237 2720 spondet,
2267 2644 2460 2700 Etiam.
2490 2639 2676 2708 Ecquo
2703 2634 2866 2691 modo
2909 2632 3069 2687 istinc
3095 2626 3338 2685 excidisti
3367 2619 3394 2676 τ
3425 2619 3582 2676 Venit

1976 2713 2243 2804 diabolus,
2267 2749 2320 2793 et
2350 2753 2413 2792 ex
2439 2733 2686 2805 paradiso
2715 2744 2802 2785 me
2828 2724 3079 2797 abripuit.
3101 2721 3345 2777 Plantata
3369 2729 3492 2772 eras
3525 2713 3579 2768 in

1979 2829 2228 2904 paradiso
2249 2872 2263 2896 ,
2288 2838 2341 2884 et
2372 2836 2424 2883 te
2445 2827 2568 2881 inde
2599 2823 2787 2893 ejecit;
2814 2834 2940 2877 ecce
2970 2818 3022 2872 in
3053 2815 3260 2885 meipso
3282 2812 3465 2882 planto
3493 2816 3542 2861 te
3564 2849 3578 2872 ,

1978 2900 2079 2997 ego
2105 2935 2155 2980 te
2177 2918 2634 2996 gesto.Quomodo
2651 2917 2673 2971 ἳ
2690 2914 2806 2971 Non
2824 2911 2985 2968 audet
3003 2911 3018 2942 ¹
3045 2905 3134 2964 ille
3159 2906 3224 2962 ad
3246 2920 3334 2960 me
3352 2900 3582 2958 accede-

1979 3035 2060 3075 re.
2103 2994 2216 3072 Νοῇ
2245 3025 2296 3070 te
2335 3017 2387 3070 in
2435 3011 2626 3068 cadum
2658 3007 2907 3064 inducam
2942 3002 3073 3058 :sed
3107 2996 3300 3054 melius
3332 2997 3418 3050 hic
3442 2994 3580 3055 eris,

1980 3125 2138 3182 quam
2172 3112 2222 3163 in
2251 3107 2384 3162 caelo
2409 3124 2424 3161 :
2448 3105 2500 3158 in
2523 3103 2730 3171 meipso
2759 3108 2814 3154 te
2845 3104 3000 3168 porto
3021 3137 3034 3157 ,
3062 3093 3151 3164 qui
3178 3107 3296 3146 sum
3329 3087 3586 3142 Dominus

1983 3178 2121 3259 cadi.
2148 3201 2336 3255 Pastor
2366 3205 2576 3270 gestat,
2612 3203 2668 3248 et
2693 3193 2849 3261 lupus
2882 3202 2989 3243 non
3021 3185 3156 3239 ultra
3189 3179 3444 3245 accedet;
3478 3178 3587 3231 imo

1985 3295 2162 3365 potius
2191 3301 2247 3346 ut
2271 3289 2490 3345 accedat
2539 3283 2814 3356 permitto.
2850 3279 2942 3338 ille
2973 3285 3155 3348 portat
3188 3282 3436 3329 naturam
3491 3280 3587 3321 no-

1984 3361 2184 3449 stram;
2217 3393 2272 3440 et
2298 3379 2508 3438 accedit
2533 3375 2815 3440 diabolus,
2862 3381 2918 3428 et
2947 3368 3198 3424 vincitur.
3244 3361 3492 3421 Plantavi
3537 3368 3590 3416 te

1987 3479 2038 3534 in
2081 3478 2308 3546 meipso.
2358 3472 2591 3543 Ideoque
2637 3468 2808 3524 dicit:
2839 3462 2952 3536 Ego
2993 3462 3146 3517 radiat
3171 3501 3186 3528 ,
3228 3471 3316 3513 vos
3356 3454 3592 3527 palmites

1988 3568 2169 3644 (Idan.
2202 3569 2288 3625 15.
2315 3567 2394 3639 5);
2416 3575 2472 3622 et
2501 3561 2764 3635 plantavit
2788 3575 2907 3615 eam
2948 3557 3002 3613 in
3033 3554 3234 3624 seipso.
3263 3546 3467 3619 Ecquid
3498 3561 3592 3644 po-

1988 3635 2141 3720 stea?
2170 3660 2274 3718 Sed
2295 3635 2369 3732 (α)
2400 3665 2651 3730 peccator
2677 3668 2793 3708 sum
2820 3693 2835 3718 ,
2861 3651 3032 3720 inquit
3050 3688 3065 3714 ,
3088 3653 3142 3702 et
3171 3639 3493 3699 immundus.
3513 3635 3594 3691 Ne

1988 3759 2063 3811 sis
2103 3755 2402 3817 sollicitus,
2446 3749 2686 3806 medicus
2727 3759 2870 3800 sum.
2917 3740 3050 3797 Novi
3090 3752 3184 3792 vas
3212 3748 3430 3797 meum,
3479 3728 3595 3784 scio

1991 3863 2096 3918 quo
2144 3853 2302 3917 pacto
2354 3844 2703 3914 depravatum
2747 3838 2838 3892 sit.
2886 3835 3114 3889 Luteum
3166 3829 3316 3899 prius
3362 3833 3513 3890 erat,
3541 3832 3597 3876 et

1993 3951 2304 4008 perversum
2334 3943 2435 3989 est.
2471 3930 2696 4000 Reflngo
2724 3926 2852 3982 illud
2884 3941 2976 3994 per
3001 3923 3272 3979 lavacrum
3303 3927 3597 3985 regenerao

1995 4006 2153 4086 tionis
2173 4071 2186 4095 ,
2211 4036 2266 4084 et
2293 4027 2444 4083 trado
2474 4024 2606 4080 illud
2629 4024 2757 4092 igni.
2785 4020 2917 4074 Vide
2946 4031 3177 4086 namque
3211 4032 3225 4069 :
3252 4009 3462 4080 accepit
3482 4006 3600 4078 pul-

1994 4138 2176 4178 verem
2208 4121 2276 4176 de
2308 4130 2484 4184 terra,
2532 4121 2586 4172 et
2625 4107 2751 4170 fecit
2803 4111 3114 4173 hominem;
3160 4105 3413 4161 formavit
3451 4115 3597 4157 eum.

2001 4215 2157 4269 Venit
2186 4212 2462 4275 diabolus,
2491 4217 2547 4264 et
2573 4205 2830 4279 pervertit
2850 4220 2995 4260 eum.
3027 4200 3315 4268 Venitipse
3341 4205 3396 4253 et
3421 4195 3604 4250 denuo

1997 4317 2275 4376 acceptum
2323 4303 2542 4359 refinxit
2570 4317 2716 4367 eum,
2749 4299 2925 4354 denuo
2971 4293 3224 4352 conflavit
3266 4305 3390 4346 eum
3423 4289 3475 4344 in
3505 4287 3602 4342 ba-

1999 4399 2284 4467 ptismate;
2323 4410 2499 4466 neque
2525 4394 2649 4449 sivit
2677 4389 2794 4462 ejus
2823 4403 3020 4459 corpus
3062 4401 3183 4440 esse
3225 4385 3427 4438 luteum
3450 4422 3465 4446 ,
3507 4377 3604 4433 sed

2001 4500 2294 4546 testaceum
2342 4489 2513 4557 ipsum
2543 4485 2739 4540 effecit.
2763 4483 2956 4536 Lutum
2990 4477 3149 4533 tradit
3195 4477 3300 4547 igni
3325 4473 3557 4543 Spiritus
3588 4487 3602 4522 :

2001 4584 2026 4638 1
2038 4602 2124 4653 pse
2150 4600 2233 4637 vos
2264 4579 2536 4651 baptizabit
2561 4581 2614 4633 in
2647 4577 2850 4647 Spiritu
2872 4583 3047 4628 sancto
3068 4614 3083 4638 ,
3107 4581 3156 4626 et
3177 4570 3283 4641 igni
3306 4565 3518 4641 (Matth.
3547 4563 3602 4618 3.

2005 4673 2115 4748 ff).
2149 4675 2204 4730 ln
2234 4689 2391 4744 aqua,
2422 4681 2477 4724 ut
2505 4670 2924 4731 reformaretur;
2955 4665 3007 4720 'm
3031 4664 3174 4734 igni,
3207 4671 3264 4715 ut
3304 4658 3609 4715 consolida-

2005 4779 2173 4822 retur.
2201 4766 2323 4820 Ideo
2367 4763 2627 4835 prepbeta
2654 4762 2782 4816 olim
2814 4759 3111 4814 vaticinans
3149 4753 3361 4811 dicebat
3390 4769 3403 4804 :
3450 4751 3606 4804 Tam-

2004 4877 2153 4930 quam
2194 4875 2314 4911 vusa
2357 4857 2502 4928 ﬁguli
2547 4862 2768 4909 conteres
2789 4869 2871 4907 eos
2900 4847 3071 4920 (Psai.
3096 4849 3150 4902 2.
3186 4845 3268 4917 9).
3294 4845 3410 4900 Non
3441 4844 3609 4904 dixit,

2007 4963 2276 5020 tamquam
2307 4965 2427 5003 vasa
2459 4957 2688 5003 testacea
2711 4987 2727 5012 ,
2757 4960 2877 5015 qua:
2900 4941 3094 5011 singuli
3122 4937 3399 5009 possident
3432 4952 3444 4986 :
3490 4947 3614 4987 sunt

2008 5044 2150 5098 enim
2173 5044 2256 5095 illa
2290 5056 2414 5095 vasa
2446 5040 2622 5110 figuli,
2653 5053 2770 5108 qua:
2798 5036 2990 5106 figulus
3012 5035 3064 5088 in
3096 5042 3210 5086 rota
3243 5045 3338 5083 sua
3366 5025 3570 5094 effingit
3600 5038 3614 5077 :

2010 5135 2102 5189 sed
2126 5149 2245 5186 vasa
2271 5131 2413 5202 figuli
2438 5132 2602 5195 lutea,
2624 5143 2807 5184 nosua
2821 5143 2947 5183 vero
2968 5136 3218 5180 testacea.
3237 5119 3616 5176 Prmnuntians

2013 5228 2189 5296 itaque
2217 5224 2594 5279 conflationem
2625 5237 2721 5292 per
2742 5221 3009 5291 baptisma
3037 5218 3214 5272 denuo
3240 5211 3614 5284 repetendam,

2013 5317 2296 5386 Tamquam
2345 5331 2494 5380 vasa,
2547 5314 2738 5384 inquit,
2770 5311 2915 5383 ﬁguli
2960 5317 3185 5364 conteres
3211 5324 3313 5367 eos.
3349 5304 3613 5374 Refiugu,

2015 5412 2219 5480 inquit,
2246 5419 2299 5464 ct
2323 5411 2539 5464 confiat.
2569 5406 2849 5462 Descendo
2871 5406 2920 5458 in
2945 5405 3230 5473 baptisma,
3263 5414 3318 5455 et
3340 5398 3617 5469 reflngztni‘

2015 5493 2183 5556 fmina
2216 5518 2332 5557 mea
2354 5543 2368 5567 ,
2401 5502 2576 5555 denuo
2602 5500 2800 5555 confiat
2830 5499 2966 5569 ignis
3013 5496 3244 5568 Spiritus
3264 5538 3279 5564 ,
3306 5492 3364 5550 ct
3394 5487 3620 5550 efficitur

2081 5681 2096 5711 ι
2135 5688 2239 5728 δαν.
2265 5685 2336 5728 sic
2357 5679 2526 5739 habet,
2550 5676 2602 5730 in
2644 5674 2826 5741 meipso
2856 5676 3021 5741 planta
3055 5682 3133 5737 te;
3157 5672 3548 5737 quomodo?ch
3572 5670 3619 5723 te

2017 5749 2166 5806 gesto.
2194 5741 2479 5806 ponenda.

2082 5806 2153 5868 (α)
2179 5803 2376 5877 Similia
2400 5804 2645 5877 trahentur
2688 5817 2835 5870 supra
2857 5805 2904 5855 in
2935 5805 3200 5858 Catechesi
3257 5798 3314 5853 ad
3348 5795 3607 5850 illuminart

2018 5865 2126 5929 des,
2149 5874 2274 5923 circa
2298 5865 2532 5918 medium.
