4046 6458
490 374 588 431 ιω

489 498 745 547 testacea.
773 492 926 560 Quod
947 501 1121 548 autem
1152 493 1266 549 haec
1295 508 1399 548 non
1422 508 1486 549 ex
1506 493 1757 564 jactantia
1782 491 2063 563 prodeunt,

485 583 609 637 audi
647 582 837 639 Jobum
869 603 882 639 :
912 584 1053 639 Fecit
1103 593 1271 640 autem
1309 601 1399 640 nos
1445 586 1607 640 lutum
1658 584 1792 656 (Job
1857 584 1942 640 10.
1970 583 2065 655 9);

490 674 683 729 Paulus
699 686 909 730 autem:
930 674 1184 731 [labentes
1203 685 1371 730 autem
1394 677 1684 731 thesaurunt
1704 677 1836 730 htmc
1860 677 1911 728 in
1934 676 2066 729 uasis

488 769 715 823 testaceis
760 768 836 841 (2.
881 769 1000 824 Cor.
1028 769 1081 824 4.
1109 769 1188 839 7).
1221 772 1291 825 At
1325 750 1447 825 vide
1490 780 1639 825 testa:
1681 768 2065 827 fortitudinem.

485 857 600 910 Non
627 859 769 913 enim
807 859 860 913 in
900 859 1020 930 igne
1041 869 1189 915 cocta
1212 868 1312 927 est,
1343 861 1435 916 sed
1465 862 1513 915 in
1539 861 1758 930 Spiritu.
1788 860 2066 926 Quomodo

488 955 774 1004 testaceum
804 959 887 1005 est
910 949 933 1003 ?
961 949 1237 1019 Quinquies
1263 952 1611 1021 quadragenas
1628 967 1729 1004 una
1750 951 1913 1003 minus
1933 966 2068 1003 acce-

486 1042 537 1108 pi
568 1057 585 1094 :
612 1052 686 1095 ter
719 1040 868 1113 uirgis
896 1057 1054 1097 ctrsus
1076 1059 1185 1096 sum
1206 1084 1219 1105 ,
1247 1041 1399 1097 semel
1423 1043 1674 1113 lapidatus
1699 1058 1808 1095 sum
1837 1040 1910 1113 (Ξ.
1942 1039 2062 1096 Car.

486 1132 575 1184 11.
601 1130 692 1186 24.
724 1130 817 1203 95)
841 1173 857 1198 ,
910 1139 965 1187 et
1008 1138 1293 1188 testaceum
1322 1147 1417 1186 vas
1447 1148 1552 1187 non
1580 1130 1907 1186 confractum
1961 1140 2064 1184 cst.

487 1219 653 1276 Nocte
676 1232 723 1276 et
738 1223 822 1277 die
844 1222 895 1277 in
917 1223 1169 1293 profundo
1197 1224 1350 1278 maris
1376 1224 1469 1292 fui.
1502 1222 1557 1277 In
1589 1222 1848 1293 profundo
1876 1222 1992 1289 fuit,
2011 1230 2065 1277 et

484 1327 576 1368 vas
606 1322 890 1370 testaceum
918 1330 1021 1369 non
1051 1316 1279 1370 solutum
1307 1324 1390 1370 est
1421 1335 1433 1368 :
1468 1315 1794 1386 naufragium
1823 1317 1975 1379 fecit,
2011 1322 2065 1369 ct

485 1401 762 1458 thesaurus
789 1419 892 1457 non
919 1406 1093 1473 periit.
1117 1404 1276 1460 Navis
1297 1406 1569 1460 submersa
1597 1416 1697 1472 est,
1715 1414 1770 1460 et
1797 1422 1932 1459 onus
1948 1407 2063 1475 ejus

483 1493 763 1563 navigavit.
817 1493 1066 1550 Habentes
1102 1507 1269 1550 autem
1310 1496 1619 1550 thesaurum.
1650 1496 1816 1563 Quem
1850 1497 2064 1550 thesau-

482 1600 599 1641 rum
624 1585 648 1640 ?
685 1585 915 1657 Spiritus
944 1598 1297 1643 commeatum
1319 1629 1334 1652 ,
1363 1588 1618 1659 justitiam
1638 1630 1654 1655 ,
1683 1589 2062 1644 sanctificatio-

482 1690 638 1743 netn,
682 1676 1123 1746 redemptionem.
1182 1679 1386 1747 Quem,
1433 1695 1651 1750 quaiso,
1708 1680 2060 1735 thesaurum?

480 1765 547 1820 lu
584 1767 783 1823 nomine
820 1767 946 1823 Iesu
987 1769 1199 1835 Christi,
1226 1787 1377 1842 surge
1414 1780 1461 1825 et
1490 1771 1691 1825 ambula
1713 1770 1847 1841 (Act.
1888 1772 1942 1825 5.
1978 1769 2057 1840 6).

480 1856 673 1923 As'nea,
697 1870 846 1913 sanat
869 1870 918 1913 te
942 1859 1094 1914 Jesus
1124 1858 1353 1915 Christus
1382 1860 1516 1932 (Act.
1549 1861 1602 1917 9.
1632 1862 1751 1933 51).
1783 1861 1892 1914 Tibi
1910 1862 2056 1927 dico,

479 1950 699 2021 maligne
723 1952 947 2020 spiritus,
978 1954 1061 2006 exi
1084 1954 1146 2006 ab
1164 1968 1224 2006 eo
1241 1954 1372 2025 (Act.
1410 1953 1491 2009 16.
1529 1954 1647 2023 18).

549 2042 637 2097 12.
668 2044 765 2109 Qui
793 2060 936 2098 verus
965 2045 1259 2109 thesaurus;
1287 2046 1378 2099 dos
1404 2061 1604 2115 sponsa.-
1630 2044 1837 2099 Christi.
1866 2072 1935 2084 —
1965 2043 2058 2099 Vi-

477 2134 599 2189 disti
630 2134 937 2189 thesaurum
964 2136 1126 2206 regiis
1152 2136 1416 2192 thesauris
1442 2135 1856 2207 splendidiorem
1880 2135 1902 2188 ?
1923 2134 2057 2201 Quid

479 2226 620 2280 enirn
662 2227 764 2280 tale
806 2224 982 2280 facere
1033 2240 1280 2296 umquam
1321 2228 1513 2296 poterit
1544 2227 1686 2297 regia
1741 2227 2055 2296 margarita,

478 2316 632 2384 quale
652 2314 811 2369 verba
833 2314 1358 2384 apostoliedideruut
1376 2316 1635 2385 ?Appone
1658 2316 1933 2370 innumera
1955 2315 2060 2368 dia-

479 2408 695 2461 demata
717 2407 941 2461 mortuis
960 2448 973 2472 ,
1004 2416 1056 2461 et
1076 2423 1183 2463 non
1208 2407 1581 2462 excitabuntur
1612 2422 1811 2461 :unum
1834 2421 1897 2461 ex
1928 2421 2059 2475 apo-

481 2496 620 2550 stolo
648 2511 920 2566 egressum
947 2497 1168 2553 verbum
1196 2498 1444 2553 rebellem
1473 2508 1711 2553 naturain
1740 2498 1978 2564 reduxit,
2005 2506 2059 2552 et

482 2603 531 2640 Ill
559 2586 838 2656 pristinum
870 2596 1066 2642 statum
1105 2588 1353 2642 restituit.
1387 2587 1639 2641 Habentes
1663 2599 1825 2641 autem
1855 2592 2059 2642 thesau-

478 2692 590 2729 rum
619 2677 753 2730 hunc
796 2676 873 2749 (2.
897 2676 1013 2732 Cor.
1042 2678 1095 2732 ι.
1125 2678 1200 2745 7).
1227 2676 1271 2732 0
1293 2678 1536 2732 thesauro
1562 2678 1651 2748 qui
1684 2693 1788 2732 non
1819 2688 2061 2733 servatur

480 2766 653 2820 solum
675 2808 689 2832 ,
720 2767 811 2821 sed
836 2768 923 2837 qui
948 2777 1123 2823 servat
1151 2767 1365 2822 domum
1402 2768 1451 2821 in
1482 2783 1583 2837 qua
1613 2768 1914 2823 reconditur
1940 2771 1953 2821 ε
1977 2768 2061 2823 Ιη-

480 2858 728 2912 ιριέειὶειί
771 2859 897 2928 quid
939 2859 1217 2914 dixerim?
1262 2859 1434 2929 Reges
1475 2870 1627 2914 terra:
1657 2870 1713 2914 et
1758 2861 2056 2929 principes,

478 2964 601 3003 cum
629 2948 909 3005 thesauros
964 2950 1188 3013 habent,
1229 2966 1445 3020 magnas
1485 2959 1797 3005 construunt
1835 2950 2056 3017 dumos,

481 3056 658 3095 muros
684 3055 896 3109 nempe,
920 3052 1117 3103 vectes,
1147 3042 1316 3103 fores,
1342 3040 1591 3095 custodes
1611 3082 1624 3106 ,
1657 3055 1805 3095 seras
1824 3082 1837 3104 ,
1873 3049 1929 3094 ut
1969 3056 2060 3094 cu-

479 3133 739 3187 stodiatur
773 3132 1088 3187 thesaurus:
1114 3132 1357 3187 Christus
1386 3143 1559 3187 autem
1606 3135 1931 3187 contrarium
1978 3132 2060 3189 fe-

481 3226 582 3291 cit;
614 3240 720 3280 non
768 3226 821 3280 in
848 3223 1056 3294 lapideo
1075 3266 1089 3289 ,
1119 3225 1211 3279 sed
1262 3225 1312 3278 in
1341 3234 1569 3279 testaceo
1597 3240 1720 3280 vase
1750 3224 2059 3281 thesaurum

479 3318 675 3387 posuit.
708 3318 763 3373 Si
795 3332 1014 3386 magnus
1038 3318 1318 3371 thesaurus
1342 3358 1356 3381 ,
1390 3330 1484 3371 cur
1508 3331 1599 3371 vas
1630 3316 1894 3370 infirmum
1917 3316 1941 3369 ?
1962 3317 2059 3371 At-

479 3406 569 3476 qui
598 3407 718 3462 ideo
747 3421 841 3462 vas
883 3406 1147 3461 infirmum
1177 3417 1290 3470 est,
1320 3409 1439 3476 quia
1470 3422 1691 3477 magnus
1716 3415 1798 3462 est
1843 3408 2059 3461 thesau-

483 3512 577 3551 rus
606 3516 619 3552 :
652 3512 756 3551 non
781 3496 921 3553 enim
948 3508 1189 3552 servatur
1218 3512 1247 3550 a
1277 3512 1431 3559 vase,
1465 3497 1556 3550 sed
1581 3498 1692 3565 ipse
1722 3510 1814 3548 vas
1844 3511 2061 3550 conser-

486 3597 594 3643 vat.
624 3588 736 3658 Ego
759 3591 1061 3644 thesaurum
1092 3603 1251 3658 pono,
1280 3589 1397 3658 quis
1421 3603 1541 3642 eum
1565 3588 1809 3642 sulfurari
1838 3598 2011 3657 potest
2038 3589 2061 3643 ’ἔ

482 3678 640 3734 Venit
678 3679 921 3735 diabolus
941 3721 955 3746 ,
988 3681 1131 3734 venit
1152 3680 1299 3733 orbis
1330 3687 1507 3744 terrae,
1535 3690 1797 3733 venerunt
1825 3680 2060 3735 sexcenti

482 3771 757 3841 homines,
784 3781 837 3827 et
881 3774 1186 3827 thesaurum
1235 3786 1339 3825 non
1366 3770 1520 3824 furati
1548 3780 1689 3825 sunt.
1720 3771 2063 3841 Flagellatum

482 3874 566 3919 est
590 3880 682 3919 vas
702 3908 718 3932 ,
750 3875 802 3919 et
823 3864 1098 3920 thesaurus
1118 3881 1220 3919 non
1243 3866 1481 3934 proditus
1504 3874 1609 3919 est.
1642 3868 1949 3919 Demersum
1980 3875 2063 3918 est

485 3956 539 4009 in
587 3972 735 4029 mare
757 3996 773 4021 ,
806 3966 858 4010 et
882 3956 1207 4026 naufragium
1243 3972 1347 4009 non
1392 3954 1535 4010 fecit.
1577 3955 1841 4009 Mortuum
1873 3963 1982 4021 est,
2012 3965 2066 4010 et

486 4046 767 4101 thesaurus
792 4057 985 4101 manet.
1022 4048 1174 4101 Dedit
1202 4048 1359 4114 igitur
1406 4046 1786 4101 arrhabonem.
1839 4045 2063 4101 Ubinam

484 4148 607 4193 sunt
627 4139 713 4207 qui
738 4138 790 4191 in
813 4138 1037 4207 Spiritus
1055 4138 1383 4208 majestatem
1407 4137 1779 4206 blasphemant
1797 4136 1819 4189 ?
1836 4136 2062 4190 Mentem

485 4229 753 4284 adhibete.
785 4229 885 4293 Qui
918 4240 1080 4283 autent
1111 4230 1377 4297 conﬁrmat
1415 4246 1506 4289 nos
1534 4230 1784 4283 vobiscum
1825 4230 1876 4281 in
1918 4227 2064 4281 Chri-

488 4334 621 4374 stum
651 4321 807 4387 Dcus,
849 4323 934 4390 qui
962 4322 1095 4374 dedit
1124 4321 1455 4375 arrhabouem
1503 4320 1727 4389 Spiritus
1755 4320 1830 4391 (οὶ.
1862 4318 1977 4374 Cur.
2012 4321 2061 4373 l.

484 4413 574 4465 9.1.
605 4411 716 4481 22).
744 4412 898 4466 Scitis
937 4427 1031 4465 vos
1066 4424 1281 4475 omnes,
1328 4410 1678 4465 arrhabonem
1730 4422 1928 4479 partem
1958 4410 2067 4463 exi-

487 4519 640 4572 guam
663 4519 781 4557 esse
809 4503 967 4556 totius
996 4521 1009 4555 :
1040 4503 1161 4556 audi
1191 4503 1478 4572 quomodo.
1506 4502 1627 4555 Abit
1657 4503 1775 4571 quis
1794 4512 2067 4569 empturus

489 4598 702 4647 domum
730 4595 899 4663 pretio
927 4596 1091 4648 multo
1115 4637 1130 4659 ,
1176 4606 1227 4649 et
1254 4595 1381 4647 dicit
1410 4612 1420 4647 :
1458 4595 1526 4647 Da
1556 4594 1683 4647 mihi
1716 4594 2066 4647 arrhahoaem

489 4700 587 4753 pro
607 4686 869 4739 cautione.
906 4685 1027 4738 Abit
1057 4685 1172 4753 quis
1221 4685 1495 4737 mulierem
1526 4683 1780 4737 ducturus
1800 4725 1814 4747 ,
1843 4684 1908 4737 de
1947 4684 2069 4737 dote

490 4789 543 4829 et
564 4779 629 4833 de
661 4778 994 4833 facultatibus
1024 4777 1323 4846 paciscitur,
1354 4776 1552 4831 etdicit
1579 4794 1592 4830 :
1628 4776 1697 4829 Da
1722 4777 1848 4829 mihi
1880 4776 2069 4830 arrha-

492 4869 700 4921 boncm.
727 4868 955 4922 Attende
980 4884 992 4919 :
1027 4870 1077 4921 iu
1108 4868 1353 4920 auctione
1382 4866 1518 4919 servi
1543 4866 1769 4919 arrhabo
1789 4908 1803 4928 ,
1837 4866 2070 4936 itemque

494 4961 547 5015 in
578 4962 823 5015 omnibus
870 4962 1228 5015 commerciis.
1258 4960 1388 5013 Cum
1437 4961 1613 5028 itaque
1654 4959 1893 5013 Christus
1921 4972 2068 5026 pacta

495 5055 769 5107 nobiscum
811 5054 969 5106 inibat
1004 5057 1109 5123 (me
1141 5053 1335 5106 etenim
1367 5052 1500 5104 sicut
1524 5065 1767 5118 sponsam
1816 5061 1926 5102 erat
1966 5049 2069 5102 dn-

494 5145 724 5215 ctnrus),
746 5144 872 5197 mihi
896 5144 1050 5198 etiam
1075 5142 1250 5197 dotem
1281 5141 1549 5204 adscribit,
1571 5156 1672 5194 non
1701 5143 1954 5207 pecuniw,
1977 5142 2068 5193 scd

495 5237 783 5306 sanguinis.
824 5236 1007 5289 Dotem
1040 5250 1165 5288 vero
1189 5233 1315 5287 mihi
1344 5232 1595 5285 adscribit
1624 5232 1945 5301 largitionem
1973 5234 2061 5284 bo-

499 5344 684 5381 norum
707 5371 721 5393 ,
758 5326 883 5393 Qua:
910 5320 1207 5379 oculus’non
1242 5326 1362 5378 cidit
1383 5365 1396 5389 ,
1420 5332 1464 5375 et
1492 5323 1627 5375 auris
1649 5338 1747 5375 non
1772 5324 1959 5374 audivit
1980 5365 1994 5386 ,
2026 5333 2071 5375 et

496 5423 549 5473 iu
579 5437 663 5474 cor
690 5420 903 5472 hominis
924 5435 1023 5472 non
1044 5418 1373 5471 ascenderunt
1401 5416 1474 5486 (ι.
1496 5412 1615 5468 Cor.
1640 5412 1694 5465 2.
1718 5411 1791 5483 9).
1821 5411 1872 5464 In
1896 5414 2071 5465 dotem

501 5514 657 5581 igitur
682 5511 961 5580 adscripsit
1003 5510 1485 5572 immortalitatem,
1537 5506 1743 5559 laudem
1770 5521 1888 5559 cum
1918 5520 2074 5572 ange-

502 5603 593 5665 lis,
623 5606 1003 5657 immunitatem
1035 5619 1060 5655 a
1092 5613 1287 5666 morte,
1322 5599 1617 5653 libertatem
1643 5614 1670 5650 a
1693 5607 1938 5665 peccato,
1979 5596 2073 5649 he-

507 5697 781 5750 reditatem
838 5697 981 5764 regni
1031 5696 1290 5765 (ingentes
1337 5702 1459 5747 sunt
1502 5690 1738 5757 divitiu‘),
1782 5691 2073 5757 justitiam,

507 5790 1006 5855 sanctiticatiouem,
1049 5789 1412 5843 liberationem
1448 5802 1475 5839 a
1525 5784 1904 5854 prtesentibus,
1940 5784 2075 5836 futu-

1212 379 1271 436 S.
1310 378 1586 437 ,ιοΑΝΝιε
1624 375 2093 436 CllRYSOSTOMl
2133 374 2451 433 AllClllEP.
2491 378 3022 437 CONSTANTINOP.

3660 385 3775 437 4118

2178 504 2362 545 rorum
2392 490 2749 563 adeptionem.
2778 492 2959 563 Magna
2988 493 3115 549 mihi
3145 495 3242 549 dos
3267 506 3399 550 crat.
3431 496 3665 552 Attende
3689 494 3777 551 di-

2174 583 2403 654 ligenter
2432 602 2446 638 :
2480 583 2600 638 vide
2630 585 2754 655 quid
2802 586 2977 640 faciat.
3020 585 3177 641 Venit
3209 598 3483 657 acceptum
3516 588 3775 643 meretri-

2170 688 2322 739 cem,
2354 674 2432 729 sic
2461 689 2577 729 eam
2610 690 2745 729 voco
2772 717 2787 741 ,
2839 676 2982 746 quod
3033 687 3177 731 esset
3220 679 3421 747 impura
3442 717 3458 745 ,
3488 688 3547 733 ut
3582 680 3774 750 sponsi

2178 780 2414 819 amorem
2431 767 2657 821 ediscas.
2686 768 2857 831 Venit,
2878 770 3081 837 accepit
3099 784 3202 835 me,
3221 769 3399 823 dotem
3419 769 3548 824 mihi
3572 771 3778 824 adscri-

2173 856 2293 925 psit.
2320 856 2471 923 Dicit,
2492 859 2569 911 Do
2594 858 2685 913 tibi
2715 858 2924 911 divitias
2945 874 3111 912 meas.
3126 861 3404 924 Quomodo
3421 860 3773 927 iPerdidisti,

2171 948 2375 1017 inquit,
2408 948 2756 1019 paradisum?
2790 951 2971 1019 accipe
3011 950 3176 1004 illum.
3215 951 3528 1016 Perdidisti,
3563 952 3772 1020 inquit,

2169 1036 2432 1093 formam?
2452 1042 2635 1110 accipe
2666 1042 2827 1095 illam.
2861 1042 2983 1098 Haec
3009 1043 3187 1097 omnia
3210 1046 3392 1112 accipe
3447 1045 3645 1101 Verum
3667 1045 3776 1100 dos

2169 1144 2285 1185 mea
2317 1130 2400 1185 hic
2420 1132 2546 1185 mihi
2571 1148 2674 1185 non
2692 1133 2870 1185 datur.

2240 1220 2327 1275 15.
2361 1220 2598 1277 Adverte
2619 1222 2874 1288 animum,
2895 1234 3219 1293 quapropter
3247 1224 3385 1280 hanc
3411 1226 3589 1282 dotem
3620 1241 3767 1296 prm-

2167 1309 2314 1366 dicit.
2344 1311 2470 1366 Mihi
2496 1314 2545 1365 in
2570 1312 2744 1367 dotem
2776 1313 3063 1382 adscripsit
3092 1315 3539 1369 resurrectionem
3568 1330 3769 1384 corpo—

2167 1419 2285 1457 rum
2313 1413 2367 1458 et
2411 1406 2889 1475 incorruptionem.
2922 1404 3388 1460 Resurreetionem
3425 1406 3622 1476 quippe
3652 1422 3763 1460 non

2168 1497 2472 1550 necessario
2499 1497 2740 1565 sequitur
2783 1498 3144 1565 incorruptio.
3170 1497 3264 1552 sed
3295 1496 3409 1552 haec
3438 1498 3545 1551 duo
3583 1508 3761 1551 erant.

2172 1585 2406 1642 Atenim
2420 1587 2575 1643 multi
2594 1598 3095 1655 resurrexerunt,et
3126 1602 3310 1642 rursus
3336 1586 3574 1642 defuncti
3598 1594 3758 1641 sunt:

2167 1677 2617 1747 quemadmodum
2644 1678 2877 1733 Lazarus
2910 1687 2963 1733 et
3001 1693 3225 1748 corpora
3276 1686 3605 1731 sanctorum.
3650 1677 3745 1733 Ye-

2163 1784 2280 1823 l'llltl
2309 1768 2395 1823 hic
2416 1783 2521 1824 non
2548 1770 2831 1824 similiter:
2861 1770 2956 1825 sed
2986 1768 3435 1825 resurrectionem
3464 1769 3759 1839 promittit,

2164 1859 2649 1929 incorruptionem,
2691 1859 2918 1915 choreas
2958 1876 3080 1914 cum
3124 1860 3359 1925 angelis,
3403 1858 3524 1913 Filii
3570 1874 3763 1915 oecur-

2162 1962 2278 2003 sum
2321 1950 2373 2003 in
2414 1948 2663 2012 nubibus,
2711 1947 2778 2002 Et
2815 1952 2887 2002 sic
2924 1966 3119 2019 semper
3159 1965 3275 2001 cum
3310 1947 3534 2001 Domino
3570 1950 3760 2003 erimus

2165 2041 2239 2111 (1.
2298 2039 2473 2094 Thess.
2520 2041 2576 2095 Δ.
2608 2040 2722 2109 17),
2754 2044 3081 2110 ereptionen:
3104 2052 3133 2091 a
3164 2048 3373 2101 morte,
3400 2038 3698 2093 libertatem
3726 2054 3757 2092 a

2164 2142 2420 2200 peccato,
2470 2132 2862 2187 demersionem
2918 2130 3181 2186 interitus.
3231 2129 3397 2198 Quale
3450 2129 3581 2185 illud
3624 2140 3708 2185 est
3735 2133 3759 2183 'z‘

2166 2221 2355 2275 Oculus
2376 2239 2475 2276 non
2498 2223 2650 2288 vidit,
2680 2238 2770 2276 nec
2796 2222 2934 2275 auris
2956 2221 3148 2275 audiuit
3165 2257 3185 2288 τ
3212 2236 3302 2275 nec
3326 2220 3379 2272 in
3408 2236 3497 2273 cor
3536 2220 3758 2274 hominis

2161 2312 2488 2366 ascenderunt
2524 2330 2612 2378 ca,
2656 2327 2770 2382 qui:
2805 2311 3110 2382 prteparavit
3149 2309 3288 2364 Deus
3334 2309 3661 2379 diligentibus
3702 2327 3759 2364 se

2164 2402 2242 2475 (1.
2273 2401 2391 2457 Cor.
2432 2402 2485 2457 2.
2531 2403 2611 2469 9).
2663 2403 2881 2457 Bonane
2936 2401 3066 2455 mihi
3118 2400 3213 2455 das
3267 2416 3385 2471 qua:
3436 2414 3542 2455 non
3583 2401 3759 2454 novi?

2163 2493 2367 2558 Etiam,
2404 2494 2477 2547 ait
2509 2512 2521 2548 :
2556 2495 2639 2547 hic
2670 2503 2720 2547 te
2758 2492 3025 2562 desponsa
3045 2534 3059 2559 ,
3090 2490 3175 2547 hie
3203 2506 3289 2545 me
3312 2507 3451 2545 ama.
3490 2491 3756 2546 Curmihi

2163 2599 2271 2638 non
2306 2587 2390 2639 hic
2415 2584 2591 2639 dotem
2623 2583 2783 2638 tradis
2812 2582 2836 2635 ?
2877 2582 3009 2637 Cum
3049 2581 3115 2636 ad
3147 2580 3356 2636 Patrem
3388 2595 3566 2634 meum
3595 2596 3760 2634 vene-

2163 2674 2269 2739 ris,
2296 2689 2415 2727 cum
2439 2675 2648 2728 veneris
2673 2674 2723 2727 in
2752 2672 2897 2742 regia
2923 2672 3075 2726 atria.
3110 2671 3221 2740 Ego
3250 2670 3317 2724 ad
3346 2679 3394 2724 te
3418 2670 3573 2735 veni,
3605 2684 3672 2723 an
3700 2679 3757 2724 tu

2162 2766 2231 2819 ad
2262 2781 2346 2820 me
2375 2766 2398 2819 ?
2427 2765 2558 2819 Veni
2592 2781 2695 2819 non
2719 2774 2777 2819 ut
2802 2763 2890 2819 hic
2911 2778 3150 2831 maneas,
3184 2763 3277 2817 sed
3304 2772 3362 2817 ut
3390 2771 3442 2817 te
3462 2776 3755 2825 assumam,

2162 2866 2215 2913 et
2239 2860 2543 2912 ascendam.
2586 2857 2662 2913 Ne
2693 2858 2777 2913 hic
2817 2871 3024 2927 quaeras
3073 2855 3281 2921 dotem;
3330 2855 3509 2909 omnia
3542 2855 3595 2908 in
3626 2869 3752 2924 spe,

2162 2950 2340 3003 omnia
2392 2949 2443 3002 in
2490 2947 2614 3003 (ide.
2664 2948 2876 3002 Nihilne
2929 2946 3017 3000 hic
3044 2945 3140 3000 das
3182 2945 3311 3001 mihi
3342 2946 3366 2997 Ῥ
3397 2944 3705 3015 Respondet
3736 2961 3753 2991 τ

2163 3042 2357 3111 Accipe
2382 3039 2761 3104 arrhabonem,
2782 3048 2839 3093 ut
2866 3038 2995 3092 mihi
3022 3036 3089 3092 de
3113 3038 3289 3091 futuro
3311 3036 3501 3091 credas
3530 3054 3541 3088 ε
3571 3036 3756 3103 accipe

2174 3130 2421 3200 pignora,
2454 3130 2635 3198 accipe
2684 3128 2971 3197 Sponsalia.
3020 3127 3144 3182 Ideo
3198 3126 3394 3181 Paulus
3436 3125 3599 3192 dicit,
3648 3123 3756 3179 De-

2162 3224 2342 3294 spondi
2369 3224 2499 3277 cnim
2522 3240 2605 3277 vos
2630 3222 2704 3293 (2.
2730 3221 2845 3276 Cor.
2872 3222 2959 3275 11.
2979 3220 3060 3291 2).

2236 3316 2401 3381 Quam
2426 3326 2623 3385 praestet
2651 3316 2751 3368 vita
2776 3315 2954 3383 futura
2978 3312 3229 3383 prtcsenti.
3256 3340 3326 3352 -—
3346 3309 3453 3365 Ceu
3482 3308 3753 3379 sponsalia

2164 3408 2379 3463 tradidit
2408 3408 2563 3463 nobis
2596 3408 2735 3461 Deus
2763 3406 3039 3476 praesentia
3079 3404 3250 3466 bona;
3294 3402 3563 3471 sponsalia
3592 3410 3646 3455 et
3672 3401 3752 3469 pi-

2162 3514 2298 3570 gnus
2326 3509 2450 3553 sunt
2476 3500 2755 3568 praesentia
2790 3514 2803 3550 :
2828 3498 2925 3550 dos
2949 3505 3054 3549 tota
3086 3495 3190 3549 illic
3215 3503 3415 3549 manet.
3435 3490 3755 3559 Quomodo?

2164 3606 2262 3660 ego
2288 3590 2481 3644 dicam.
2513 3588 2605 3642 llic
2630 3601 2884 3648 sencsco,
2918 3586 3027 3640 illic
3055 3599 3160 3638 non
3209 3598 3468 3643 senesco;
3503 3582 3587 3635 hic
3634 3597 3755 3636 mo-

2163 3682 2305 3745 rior,
2340 3681 2446 3734 illic
2474 3695 2582 3733 non
2610 3679 2841 3742 morior;
2874 3676 2961 3730 hic
2990 3676 3179 3739 doleo,
3206 3674 3313 3727 illic
3340 3688 3444 3727 non
3478 3673 3637 3735 item;
3672 3672 3758 3725 hic

2167 3782 2476 3841 paupertas,
2505 3768 2725 3822 morbus
2746 3810 2760 3833 ,
2790 3766 3027 3829 insidiae,
3058 3764 3165 3819 illic
3187 3764 3314 3817 nihil
3346 3761 3644 3837 ejusmodi;
3671 3761 3758 3814 hic

2168 3863 2400 3916 tenebrae
2420 3868 2473 3913 et
2496 3860 2581 3912 lux
2603 3900 2615 3920 ,
2642 3858 2746 3911 illic
2773 3858 2860 3910 lux
2892 3864 3093 3910 tantum
3116 3870 3130 3919 ;
3165 3854 3250 3907 hic
3272 3852 3475 3905 insidia:
3498 3893 3512 3917 ,
3549 3851 3657 3904 illic
3688 3849 3755 3902 li-

2168 3953 2379 4017 bertas;
2407 3951 2491 4004 hic
2521 3950 2769 4013 morbus,
2798 3948 2901 4001 illic
2927 3947 3157 4009 sanitas;
3182 3942 3266 3997 hic
3289 3945 3389 3995 vita
3412 3983 3426 4007 ,
3451 3956 3568 4011 qua:
3598 3942 3756 3994 linem

2172 4044 2364 4106 habet,
2390 4043 2497 4096 illic
2526 4042 2666 4105 vita,
2691 4055 2809 4109 qua:
2846 4054 2950 4092 non
2979 4036 3139 4089 habet
3160 4035 3481 4097 terminum;
3518 4032 3600 4085 hic
3634 4045 3761 4099 pec-

2169 4145 2342 4190 catum
2365 4177 2376 4197 ,
2405 4134 2510 4187 illic
2528 4132 2729 4201 jus-tilia
2751 4171 2763 4192 ,
2782 4137 3055 4198 peceatum
3077 4140 3203 4179 vero
3226 4138 3546 4193 numquam;
3573 4122 3657 4174 hic
3683 4121 3755 4174 iu-

2172 4228 2332 4293 viti-ia,
2358 4228 2463 4279 illic
2486 4225 2614 4278 nihil
2644 4223 2833 4277 simile.
2864 4221 2989 4274 llaec
3010 4218 3135 4272 mihi
3157 4218 3302 4281 dato,
3336 4216 3522 4285 inquit.
3552 4214 3754 4283 Exspe-

2169 4330 2281 4385 cta,
2308 4331 2360 4372 ut
2386 4328 2438 4372 et
2462 4315 2704 4371 conservi
2752 4316 2824 4367 tui
2854 4313 2981 4366 salvi
3017 4314 3143 4364 liant
3174 4327 3185 4362 :
3219 4320 3487 4377 exspccm.
3516 4305 3614 4372 Qui
3661 4319 3760 4357 nos

2170 4410 2481 4472 conﬁrmat,
2511 4406 2653 4459 dedit
2699 4404 2850 4457 nobis
2876 4401 3249 4455 arrhaboncm.
3288 4398 3455 4464 Quem
3508 4396 3761 4449 arrhabo-

2174 4516 2292 4554 nem
2321 4500 2343 4553 ἲ
2371 4500 2622 4567 Spiritum
2656 4509 2927 4558 sanetum,
2954 4493 3183 4561 Spiritus
3210 4490 3375 4543 sancti
3406 4488 3627 4541 donum.
3656 4484 3762 4540 Sed

2173 4594 2238 4648 de
2261 4594 2456 4662 Spiritu
2476 4594 2683 4659 loquor.
2704 4588 2971 4642 Anuulum
2988 4585 3130 4640 dedit
3146 4582 3399 4652 apostolis
3413 4581 3631 4634 dicens:
3654 4579 3759 4631 Ac-

2174 4686 2350 4755 cipite,
2370 4694 2425 4738 et
2446 4684 2565 4737 date
2584 4681 2846 4735 omnibus.
2870 4678 3179 4733 Annulusne
3206 4676 3255 4727 in
3272 4684 3446 4743 partes
3464 4671 3764 4725 scinditur?

2176 4777 2231 4830 ln
2266 4785 2439 4845 partes
2456 4774 2714 4829 scinditur
2734 4814 2747 4837 ,
2772 4786 2870 4823 nec
2897 4768 3179 4830 dividitur;
3213 4766 3264 4819 in
3284 4774 3458 4832 partes
3481 4762 3761 4821 scinditur,

2175 4885 2272 4924 nec
2292 4868 2606 4923 absumitur.
2642 4866 2795 4919 Disce
2811 4862 3035 4931 Spiritus
3057 4860 3273 4913 donum.
3307 4855 3526 4923 Accepit.
3550 4854 3763 4919 Petrus,

2174 4963 2376 5029 aeccpit
2403 4968 2455 5012 ct
2484 4958 2679 5011 Paulus
2700 4956 2950 5023 Spiritum
2970 4961 3228 5005 sanctmn.
3250 4946 3519 5001 Circuibat
3540 4946 3726 5001 orbem
3747 4986 3762 5007 ,

2178 5061 2482 5119 peccatores
2512 5062 2538 5097 a
2565 5054 2780 5115 peccato
2805 5044 3055 5097 liberabat
3086 5058 3098 5093 :
3125 5038 3346 5094 claudos
3373 5038 3642 5105 erigebat,
3669 5053 3768 5091 nu-

2180 5145 2275 5194 dos
2306 5141 2590 5202 induebat,
2625 5147 2859 5190 mortuos
2906 5132 3224 5191 suscitabat.
3273 5131 3513 5199 leprosos
3544 5127 3765 5182 munda-

2179 5233 2265 5285 but
2288 5273 2300 5291 ,
2324 5230 2533 5283 diabolo
2562 5242 2622 5280 os
2644 5226 2923 5281 obturabat
2942 5264 2957 5289 ,
2990 5219 3583 5300 dmtnonas‘suﬂ'ocabat
3602 5260 3616 5284 ,
3642 5233 3761 5272 cum

2182 5324 2289 5376 Deo
2320 5321 2664 5389 loquebatur,
2701 5318 2988 5372 Ecclesium
3033 5315 3323 5383 plantavit,
3355 5312 3547 5379 templa
3571 5311 3763 5373 diruit,

2179 5413 2362 5467 altaria
2388 5412 2607 5475 evertit,
2662 5410 2915 5462 malitiam
2958 5406 3151 5470 solvit,
3181 5405 3428 5457 virtutem
3475 5402 3762 5470 plantavit,

2182 5508 2421 5560 homines
2450 5503 2662 5571 angelos
2704 5500 2844 5553 fecit.

2260 5598 2343 5649 lii.
2376 5595 2494 5647 llzcc
2523 5593 2697 5645 omnia
2730 5604 2959 5643 cratntts.
2989 5587 3111 5640 lltcc
3151 5585 3304 5638 arrlta
3338 5582 3571 5651 implevit
3600 5592 3767 5633 totum

2184 5688 2365 5739 orbem
2418 5696 2695 5736 terrarum.
2739 5682 2871 5733 Cum
2927 5678 3049 5730 dico
3106 5687 3308 5737 totum,
3366 5685 3557 5725 terram
3608 5671 3764 5729 dico.

2184 5791 2430 5851 quautam
2462 5778 2539 5829 sol
2569 5775 2812 5844 respicit,
2848 5787 2992 5826 mare
3014 5814 3027 5841 ,
3069 5770 3288 5836 insulas,
3319 5780 3545 5827 montes,
3580 5766 3762 5827 saltus,
