4046 6450
519 322 624 379 ιρι)

518 428 755 511 βουνούς.
789 436 1051 508 Περιῆλθε
1081 437 1329 509 καθάπερ
1358 438 1663 509 ὑπόπτερος
1691 439 1720 491 6
1750 436 1960 501 Παῦλος
1995 436 2076 491 ἐνὶ

516 523 741 593 στόματι
775 521 1040 585 παλαίων,
1067 522 1097 575 6
1149 522 1468 592 σκηνοποιδς
1492 562 1507 587 ,
1550 524 1579 575 6
1612 520 1809 592 σμίλην
1838 537 2083 591 μεταχει-

516 605 817 676 ριζόμενος,
863 606 955 658 καὶ
983 603 1227 676 δέρματα
1264 605 1513 676 ράπτωνο
1548 604 1644 660 καὶ
1683 603 1820 673 αῦτη
1850 605 1884 675 ἡ
1915 602 2077 674 τέχνη

512 686 740 757 κώλυμα
765 688 831 756 τῇ
870 686 1036 757 ἀρετῇ
1079 686 1179 739 οὐκ
1222 687 1470 755 ἐγένετο,
1524 687 1639 741 ἀλλ’
1684 689 1713 742 6
1763 686 2078 758 σκηνοποιδς

510 770 779 840 δαιμόνων
821 769 1180 839 ἰσχυρότερος,
1218 773 1247 823 6
1280 771 1514 843 ἄστομος
1542 772 1844 845 φιλοσόφων
1877 769 2082 838 φιλοσο-

513 852 772 921 φώτερος.
814 851 1016 913 Πόθεν;
1067 850 1266 906 Ἔλαϐε
1310 852 1400 907 τὸν
1444 853 1762 925 ἀρραδῶνα.
1813 852 2078 918 έδάσταζε

509 937 599 1007 τὸν
626 934 904 990 δακτύλιον
934 934 1028 988 καὶ
1056 935 1404 1007 περιέφερεν.
1438 937 1703 989 Ἐὃλεπον
1734 936 1933 999 πάντες
1954 975 1967 997 ,
1994 937 2078 989 ὅτι

511 1005 770 1081 Βασιλεὺς
787 1020 1066 1091 ἡρμόσατο
1098 1016 1196 1087 τὴν
1226 1005 1386 1087 φύσιν
1414 1019 1589 1089 ήμῶνο
1621 1015 1758 1073 εἶδεν
1785 1022 1813 1073 ό
1844 1019 2075 1090 δαίμων,

509 1102 603 1156 καὶ
634 1100 897 1174 ἀνεχώρει
926 1117 939 1132 ο
972 1097 1078 1153 εῐδε
1119 1101 1211 1153 τὸν
1241 1101 1555 1173 ἀρραὄῶνα,
1600 1104 1694 1158 καὶ
1722 1103 1918 1175 ἔτρεμε
1936 1144 1951 1167 ,
1982 1104 2077 1158 καὶ⁸

507 1181 781 1254 ὑπεχώρει
804 1198 819 1213 ·
863 1183 1052 1253 ἱμάτια
1078 1181 1270 1235 ἔϐλεπε
1296 1223 1311 1246 ,
1354 1183 1448 1237 xal
1480 1183 1853 1255 ὲδραπέτευεν.
1890 1184 1955 1237 ’⁸0
1982 1184 2075 1238 δύο

505 1282 666 1339 ναμις
712 1264 1057 1336 Πνεῦματοςῐ
1093 1265 1154 1318 οὐ
1187 1264 1330 1337 ψυχῇ
1380 1265 1546 1320 ἔδωκε
1574 1266 1671 1337 τήν
1703 1267 1972 1334 ὲξουσίαν,
2010 1268 2074 1322 οὐ

505 1348 748 1419 σώματι,
794 1346 932 1401 ἀλλά
979 1347 1072 1401 καὶ
1119 1346 1340 1418 ίματίῳ·
1390 1348 1490 1419 οὐχ
1529 1348 1764 1421 ίματίῳ,
1810 1349 1946 1403 ἀλλά
1983 1350 2076 1404 καὶ

503 1433 651 1502 σκιᾷ.
688 1430 910 1502 Περιῄει
940 1431 968 1483 ό
1016 1429 1254 1497 Πέτρος,
1298 1429 1391 1483 καὶ
1424 1432 1457 1501 ή
1498 1430 1625 1484 σκιά
1677 1431 1842 1485 αὐτοῦ
1888 1431 2074 1496 νόσους

500 1513 832 1584 ἐφυγάδευε,
875 1513 971 1567 καὶ
1017 1512 1280 1583 δαίμονας
1331 1513 1609 1584 ἀπήλαυνε
1631 1552 1647 1578 ,
1707 1514 1804 1569 καὶ
1848 1515 2075 1586 νεκροὺς

500 1597 740 1669 ῇγειρεν.
773 1595 996 1668 Περιήει
1027 1593 1242 1657 Παῦλος
1268 1594 1371 1667 τὴν
1404 1596 1750 1668 οἰκουμένην,
1781 1595 1882 1658 τὰς
1908 1596 2075 1651 ἀκάν-

499 1656 598 1744 θας
620 1656 945 1751 ἀνατέμνων
961 1679 1061 1749 τῆς
1086 1656 1360 1743 ἀσεϐείας,
1387 1678 1457 1732 τά
1488 1656 1779 1751 σπέρματα
1808 1656 2075 1735 καταϐάλ-

497 1762 605 1818 λων
630 1762 731 1833 τῆς
761 1761 1059 1825 εὐσεϐείας,
1088 1760 1338 1833 καθάπερ
1375 1762 1581 1834 ἀροτὴρ
1609 1764 1827 1834 ἄριστος
1855 1764 1915 1818 16
1946 1764 2075 1834 ἄρο-

497 1864 626 1919 τρον
664 1846 802 1917 ἔχων
832 1846 930 1917 τῆς
976 1844 1338 1909 διδασκαλίας.
1382 1846 1491 1899 Kal
1530 1846 1667 1916 πρὸς
1710 1847 1865 1910 τίνας
1898 1842 2069 1919 ἦλθε;

498 1929 641 2002 Πρὸς
670 1929 911 1999 Θρᾷκας,
935 1927 1071 1999 πρὸς
1094 1926 1326 1992 Σκύθας,
1352 1928 1489 1999 πρὸς
1510 1927 1722 1992 Ἰνδοὺς,
1755 1931 1895 1998 πρὸς
1926 1931 2075 1986 Μαῦ-

562 2030 655 2077 υς,
686 2012 822 2084 πρὸς
864 2010 1219 2081 Σαρδονίους,
1254 2010 1391 2081 πρὸς
1428 2010 1694 2075 Γοτθοῦς,
1738 2013 1874 2085 πρὸς
1908 2013 2072 2085 θηρία

562 2030 655 2077 υς,
686 2030 822 2084 προς
864 2030 1219 2081 δαροονιους,
1254 2030 1391 2081 προς
1428 2030 1694 2075 ιοτυους,
1738 2030 1874 2085 προς
1908 2030 2069 2085 υηρια

495 2030 682 2167 ἔρια,
718 2094 813 2149 καὶ
842 2092 1105 2164 μετέϐαλε
1133 2093 1328 2148 πάντα.
1370 2092 1561 2159 Πόθεν;
1614 2095 1746 2148 Ἀπὸ
1773 2094 1867 2150 τοῦ
1894 2096 2069 2168 ἀρῤα-

495 2178 683 2241 ὄῶνος.
741 2175 864 2240 Πῶς
915 2176 1227 2248 διήρκεσεν;
1286 2174 1420 2228 Ἀπὸ
1468 2179 1566 2246 τῆς
1612 2176 1706 2230 τοῦ
1753 2177 2071 2249 Πνεῦματος

494 2260 733 2331 χάριτος.
782 2256 1051 2328 Ἰδιιὶηης,
1087 2256 1312 2328 γυμνὸς,
1350 2258 1710 2323 ἀνυπόδετος⁶
1750 2258 1780 2311 6
1810 2262 1904 2316 καὶ
1944 2261 2070 2326 δοὺς

491 2342 586 2395 16v
612 2338 906 2412 ἀρραϐῶνα
941 2338 1037 2393 τοῦ
1065 2338 1403 2411 Πνεύματος.
1432 2340 1531 2395 Διά
1554 2341 1715 2397 τοῦτο
1749 2343 1917 2411 λέγεις
1957 2343 2069 2399 Kal

498 2422 643 2492 4ιρὸς
673 2422 863 2476 ταῦτα
892 2422 985 2488 τίς
1021 2421 1262 2488 ίκανός;
1301 2421 1465 2476 Ἀλλ’
1502 2423 1542 2492 ἡ
1580 2425 1859 2493 ἱκανότης
1899 2425 2069 2495 ἡμῶν

491 2507 560 2562 ἐκ
592 2505 701 2560 τοῦ
745 2503 892 2559 Θεοῦ
918 2544 933 2570 ,
963 2502 1033 2571 ὃς
1070 2504 1167 2558 καί
1210 2503 1506 2559 ίκάνωσεν
1550 2505 1709 2576 ἡμᾶς
1750 2507 2068 2576 διακόνους

490 2581 717 2649 Καινῆς
736 2582 1051 2649 Διαθήκης,
1097 2585 1170 2637 οὐ
1203 2584 1574 2654 ῃοάμματος,
1608 2587 1772 2642 ἀλλὰ
1802 2588 2067 2657 πνεύμα-

489 2678 614 2729 τος.
644 2660 746 2716 Ἰδε
775 2661 829 2714 τί
863 2660 927 2715 16
959 2660 1183 2733 Πνεῦμα
1211 2662 1495 2735 εποίησεν·
1529 2657 1657 2736 εὗρε
1686 2666 1785 2737 τὴν
1819 2667 1923 2737 γῆν
1950 2666 2056 2720 δαι.

493 2743 669 2815 μόνων
692 2742 987 2815 γέμουσαν,
1032 2743 1126 2797 καὶ⁵
1172 2743 1426 2815 ἐποίησεν
1466 2744 1637 2817 αὐτὴν
1673 2747 1922 2819 οὐρανόν.
1970 2748 2064 2819 Μὴ

488 2825 600 2900 γάρ
630 2828 698 2882 τὰ
742 2827 987 2899 παρόντα
1017 2826 1257 2898 ἒννοῆτε·
1305 2828 1440 2882 ἀλλὰ
1470 2828 1767 2885 ἀναλάϐετε
1799 2829 1878 2900 τῷ
1910 2830 2063 2899 λογι-

491 2909 615 2983 ἐτμῷ
646 2910 805 2965 αὐτά.
844 2910 978 2963 Τότε
1013 2907 1081 2983 ἦν
1120 2910 1349 2984 θρῆνος,
1393 2912 1514 2965 τότε
1545 2912 1819 2984 πανταχοῦ
1867 2913 2060 2984 βωμοὶ,

489 2992 767 3064 πανταχοῦ
792 2994 1029 3058 καπνὸς,
1060 2994 1333 3065 πανταχοῦ
1380 2997 1584 3058 κνῖσαι,
1620 2995 1895 3068 πανταχοῦ
1929 3014 2063 3069 πορ-

488 3079 647 3141 νεῖαι,
678 3074 954 3146 πανταχοῦ
991 3075 1223 3142 τελεταὶ,
1248 3077 1523 3146 πανταχοῦ
1549 3077 1753 3140 θυσίαι,
1786 3078 2061 3150 πανταχοῦ

487 3160 739 3230 δαίμονες
774 3158 1146 3229 βακχεύοντες,
1180 3158 1452 3230 πανταχοῦ
1492 3160 1784 3233 ἀκρόπολις
1814 3161 1908 3214 τοῦ
1940 3163 2061 3217 δια-

487 3241 667 3307 βόλου,
695 3240 977 3311 πανταχοῦ
1014 3240 1239 3311 πορνεία
1267 3241 1695 3313 στεφανουμένησ
1715 3244 1809 3298 καὶ
1832 3238 1912 3307 εἷς
1940 3239 2008 3315 ἦν
2031 3245 2062 3297 ό

487 3323 719 3387 Παῦλος.
747 3322 871 3387 Πῶς
911 3322 973 3376 οὐ
1006 3323 1428 3395 κατεποντίσθης
1465 3324 1581 3389 πῶς
1621 3325 1682 3378 οὐ
1721 3324 2058 3398 διεσπάσθη;

487 3406 607 3471 πῶς
644 3406 821 3476 ήνοιξε
856 3406 915 3459 16
961 3407 1173 3477 στόμα;
1221 3406 1484 3476 Εἰσῆλθεν
1511 3408 1593 3470 είς
1641 3407 1884 3476 Θησαῖδά
1907 3447 1921 3471 ,
1964 3408 2061 3464 καὶ

487 3487 865 3559 αἰχμαλώτους
900 3487 1112 3542 ἔλασεν.
1143 3487 1401 3557 Εἰσῆλθεν
1428 3490 1510 3554 είς
1534 3488 1629 3553 τάς
1654 3488 1938 3560 βασιλικάς
1962 3492 2061 3544 αὐ-

485 3571 602 3637 λάς,
643 3570 736 3627 καὶ
771 3570 864 3624 16v
907 3570 1128 3641 βασιλέα
1179 3570 1426 3642 μαθητὴν
1470 3570 1749 3643 εποίησεν.
1795 3573 2059 3643 Είσῆλθεν

484 3657 563 3716 είς
586 3653 647 3708 16
674 3654 1042 3725 δικαστήριον,
1073 3655 1169 3708 καὶ⁸
1198 3653 1345 3722 λέγει
1374 3653 1523 3726 αὐτῷ
1548 3657 1577 3709 6
1607 3655 1887 3728 δικαστής·
1910 3658 2056 3726 Παρ’

483 3738 695 3807 ὀλίγον
716 3753 795 3807 με
826 3736 1047 3803 πείθεις
1074 3738 1432 3805 Χριστιανὸν
1462 3738 1769 3809 γενέσθαιο
1799 3739 1893 3793 καὶ
1920 3741 1949 3794 6
1975 3740 2056 3793 δι-

484 3820 691 3891 καστὴς
725 3818 967 3904 μαθητὴς
1003 3819 1237 3904 ἐγένετο.
1272 3820 1534 3904 Είσῆλθεν
1562 3822 1642 3885 είς
1669 3822 1745 3904 τὸ
1774 3823 2057 3904 δέσμωτή-

486 3918 621 3970 ριον,
644 3902 738 3955 καὶ
766 3901 854 3955 16v
880 3900 1261 3971 δεσμοφύλακα
1286 3900 1497 3958 έλαδεν,
1525 3900 1892 3974 ’Δπῆλθενείς
1925 3905 2057 3978 βαρ-

483 3983 667 4053 ϐάρων
715 3983 897 4053 νῆσον,
949 3983 1045 4037 καὶ¹
1092 3983 1193 4053 τὴν
1240 3982 1354 4054 ἔχιν
1399 3983 1717 4039 διδάσκαλον
1766 3982 2044 4054 ἐποίησεν.

496 4063 761 4134 Ἀπῆλθεν
789 4065 868 4128 είς
902 4064 991 4125 τὸν
1021 4065 1191 4137 δῆμον
1222 4066 1331 4120 τῶν
1360 4066 1663 4138 Ῥωμαίων,
1689 4068 1782 4125 καὶ
1801 4068 1897 4139 τήν
1920 4070 2053 4139 σύγ-

482 4147 678 4219 κλητον
721 4147 1049 4202 ἐπέσπασεν.
1119 4149 1381 4219 Ἀπῆλθεν
1416 4151 1496 4212 είς
1538 4153 1815 4220 ποταμοὺς
1837 4190 1853 4214 ,
1880 4153 2054 4222 ἀπῆλ-

481 4231 573 4293 θεν
633 4230 713 4294 είς
765 4232 1005 4301 ἐρήμους
1073 4233 1271 4295 τόπους
1321 4231 1593 4303 πανταχοῦ
1652 4235 1752 4304 τῆς
1797 4235 2052 4306 οἰκουμέ-

480 4330 598 4383 νης.
644 4313 717 4367 06
752 4314 862 4382 γῆ,
909 4314 970 4366 οὑ
1017 4313 1259 4368 θάλασσα
1306 4314 1533 4385 ἄμοιρος
1578 4316 1742 4369 αὐτοῦ
1786 4319 1901 4371 ἐστι
1942 4317 2052 4371 τῶν

481 4394 950 4465 κατορθωμάτων*
987 4395 1153 4448 ἔδωκε
1200 4396 1306 4466 γὰρ
1338 4396 1427 4450 τὸν
1467 4398 1763 4469 ἀρραϐῶνα
1793 4399 1886 4452 τοῦ
1920 4401 2048 4454 δακ-

480 4476 691 4537 τυλίου,
724 4477 817 4530 καὶ
845 4477 968 4538 δοὺς
994 4477 1083 4530 τὸν
1130 4478 1441 4548 ἀρῤαδῶνα,
1480 4479 1658 4547 λέγει’
1702 4482 1783 4535 Τὰ
1819 4482 1917 4552 μὲν
1950 4484 2049 4553 ήδη

479 4558 669 4629 δίδωμί
719 4575 833 4622 σοι,
883 4558 1034 4611 τὰδὲ
1082 4559 1505 4629 ἐπαγγέλλομαι.
1554 4561 1651 4613 Διά
1699 4562 1856 4616 τοῦτο
1904 4565 2051 4632 λέγει

480 4642 616 4711 αὐτῇ
665 4642 694 4693 ό
734 4637 1057 4712 Προφήτης·
1108 4642 1382 4709 Παρέστη
1430 4643 1468 4710 ὴ
1510 4644 1854 4707 βασίλισσα
1904 4646 2050 4722 [400]

478 4725 547 4777 ἐκ
574 4722 785 4786 δεξιῶν
804 4738 919 4776 σου
942 4723 1011 4775 ἐν
1029 4722 1319 4793 ἱματισμῷ
1346 4724 1668 4794 διαχρύσῳ.
1697 4728 1807 4798 Οὐχ
1839 4731 2051 4800 ἱμάτιον

478 4806 645 4874 λέγει,
682 4805 792 4857 ἀλλ’
831 4806 1051 4876 ἀρετήν.
1084 4805 1182 4857 Διά
1215 4806 1367 4859 τοῦτο
1398 4809 1429 4877 ή
1478 4808 1518 4860 Γ
1524 4811 1673 4879 ραφὴ
1699 4810 1931 4882 ἀλλαχοῦ
1965 4813 2049 4867 λέ-

476 4906 562 4957 γει
588 4905 600 4917 '
642 4888 772 4954 Πῶς
799 4888 1081 4955 εἰσῆλθες
1117 4883 1233 4942 ὧδε
1264 4890 1349 4957 μὴ
1384 4890 1541 4958 ἔχων
1568 4891 1795 4961 ἔνδυμα
1826 4894 2046 4963 τάμου;

362 4982 373 4995 ‘
478 4970 642 5023 Ὥστε
675 4972 773 5023 οὐκ
811 4970 1012 5040 ἔνδυμα
1038 4971 1203 5037 λέγει,
1237 4971 1370 5025 ἀλλά
1397 4973 1492 5043 τὴν
1525 4975 1797 5043 πορνείαν,
1835 4979 1927 5029 καὶ
1951 4978 2048 5050 τὴν

479 5052 728 5123 ῥυπαρὰν
765 5052 960 5122 πρᾶξιν
989 5053 1082 5105 καὶ
1106 5052 1429 5123 ἀκάθαρτον.
1462 5055 1671 5127 Ὥσπερ
1718 5054 1809 5112 οὖν
1838 5060 1903 5111 τὰ
1952 5064 2047 5131 ῥυ-

478 5135 629 5205 παρὰ
661 5136 849 5205 ἱμάτια
870 5178 883 5200 ,
920 5136 1187 5206 ἁμαρτία·
1220 5136 1362 5189 οὕτω
1408 5137 1475 5189 τὰ
1519 5139 1783 5209 διάχρυσα
1808 5184 1821 5206 ,
1858 5144 2043 5215 ἀρετή.

491 5218 651 5271 Ἀλλά
677 5218 732 5271 16
768 5219 978 5287 ἱμάτιον
1016 5218 1171 5271 τοῦτο
1196 5218 1289 5270 τοῦ
1314 5218 1575 5288 βασιλέως
1601 5217 1685 5291 ἦν·
1721 5224 1879 5287 αὐτὸς
1907 5226 2042 5296 αὐτῇ

477 5303 573 5354 καὶ
601 5302 811 5370 ἱμάτιον
835 5301 1048 5353 ἔδωκεν·
1082 5302 1260 5371 γυμνὴ
1288 5303 1395 5369 γὰρ
1421 5299 1507 5371 ἦν,
1540 5304 1717 5374 γυμνὴ
1744 5308 1835 5359 καὶ
1876 5310 2044 5377 ἀσχη-

482 5384 733 5458 μονοῦσα.
769 5384 1037 5453 Πιιρέστη
1064 5384 1097 5448 ὴ
1126 5384 1471 5446 βασίλισσα
1499 5387 1568 5439 ἐκ
1596 5386 1809 5451 δεξιῶν
1838 5404 1952 5445 σου
1975 5394 2044 5443 ἐν

481 5466 771 5535 Ιματισμῷ
798 5466 1118 5533 διαχρύσῳ.
1149 5468 1257 5535 Οὐχ
1290 5469 1476 5534 ἱμάτια
1496 5468 1663 5533 λέγει,
1689 5470 1802 5523 ἀλλ’
1822 5473 2041 5542 ἀρετήν’

478 5549 579 5600 οὐκ
609 5545 779 5610 εἶπεν,
810 5551 866 5601 ὲν
894 5548 1094 5619 χρυσῷ.
1127 5549 1385 5617 Πρόσεχεν
1410 5554 1501 5603 καὶ
1526 5552 1661 5622 αὑτὴ
1687 5555 1717 5623 ἡ
1748 5553 1889 5618 λέξις
1916 5558 2041 5610 πολ-

482 5630 576 5697 λὴν
620 5632 727 5699 ἔχει
759 5633 1034 5699 εὐγένειαν
1070 5635 1374 5701 νοημάτων.
1416 5636 1527 5685 Οὐκ
1548 5631 1691 5697 εἷπε,
1718 5640 1773 5687 ἐν
1821 5640 2005 5709 χρυσῷ
2026 5684 2039 5703 ,

478 5712 633 5779 ἀλλὰ,
670 5716 991 5783 Διαχρύτνφ.
1044 5716 1233 5766 "Anus
1268 5717 1516 5779 νηλεῶς,
1548 5717 1619 5769 T6
1652 5721 1881 5784 χρυσοῦν
1915 5726 2038 5795 ἐμά-

1198 320 1257 377 8.
1294 318 1577 378 JOANNIS
1615 317 2103 378 CHRYSOSTOMI
2140 317 2458 378 ARCIIIEP.
2495 319 3041 381 CONSTANTINOP.

3649 326 3766 383 ιιι)

2179 453 2291 492 τιον
2324 437 2443 491 ὅλον
2480 437 2599 493 εστὶ
2645 439 2897 510 χρυσοῦν
2940 438 3002 493 16
3037 439 3094 493 δὲ
3134 437 3421 509 διάχρυσον
3468 436 3608 510 μέρη
3654 440 3765 511 μιν

2178 519 2289 590 ἔχει
2323 523 2520 591 χρυσᾶ,
2554 522 2694 595 μέρη
2724 522 2780 576 δὲ
2810 523 3028 593 σηρικά.
3061 522 3159 575 Διά
3186 521 3238 573 τί
3279 516 3372 574 οῦν
3405 522 3478 591 μὴ
3518 521 3763 594 χρυσοῦν

2179 602 2393 671 ἱμάτιον
2437 602 2558 658 εἷπε
2603 609 2787 677 φορεῖν
2829 607 2930 676 τὴν
2978 605 3217 675 νύμφην,
3266 604 3400 659 ἀλλά
3425 603 3759 675 διάχρυσονς

2177 683 2417 756 Πρόσεχε
2445 687 2704 757 ἀκριϐῶς.
2734 688 2844 759 Τὴν
2884 688 3157 741 πολιτείαν
3193 686 3341 755 λέγει
3369 687 3469 757 τῆς
3521 686 3761 757 Ἐκκλη-

2177 766 2314 831 σίας,
2341 768 2439 838 τὴν
2468 770 2737 841 ποικίλην.
2790 769 3008 838 Ἐπειδὴ
3030 768 3137 838 γὰρ
3168 768 3229 821 οὐ
3264 768 3463 831 πάντες
3490 767 3604 838 βίου
3635 770 3764 832 ἑνός

2174 850 2359 920 ἐσμεν,
2388 851 2501 904 ἀλλ’
2536 854 2566 905 6
2602 840 2701 921 μὲν
2729 840 3050 923 παρθενίαν,⁸
3079 854 3108 905 6
3143 850 3200 903 δὲ
3239 850 3487 922 χηρείαν,
3524 854 3553 905 6
3581 851 3637 905 δὲ
3661 854 3759 905 εὖ-

2176 932 2388 986 σέϐειαν
2406 933 2588 986 ἀσκεῖ·
2612 935 2825 1006 ἱμάτιον
2845 935 2942 1007 τῆς
2977 932 3297 1004 Ἐκκλησίας
3316 936 3350 1005 ή
3380 933 3623 989 πολιτεία
3650 934 3760 1002 τῆς

2188 1014 2526 1079 Ἐκκλησίας.

2246 1033 2594 1169 ἒξρηἓῗτὲιδὴ
2610 1092 2703 1153 οῦν
2723 1098 2837 1170 ᾔδει
2857 1100 2886 1153 6
2902 1098 3177 1169 Δεσπότης
3201 1098 3235 1169 ἡ
3244 1098 3378 1169 μῶν,
3404 1098 3487 1151 δτι
3518 1097 3585 1153 ἀν
3616 1098 3753 1169 μίαν

2174 1178 2293 1232 ὁδὸν
2327 1178 2493 1251 τέμῃ,
2525 1179 2710 1234 πολλοὶ
2748 1180 2961 1251 ἔχουσιν
2987 1171 3236 1251 ὀκνῆσαι.
3270 1180 3520 1244 ποικίλας
3548 1181 3751 1252 ἔτεμεν

2172 1260 2345 1324 ὁδούς.
2374 1263 2448 1316 Οὐ
2482 1261 2708 1316 δύνασαι
2740 1262 2827 1317 διὰ
2854 1264 3151 1335 παρθενίας
3185 1263 3480 1331 είσελθεϊν;
3521 1263 3750 1318 arma:

2171 1342 2261 1398 διά
2302 1346 2657 1416 μονογαμίας.
2706 1346 2781 1399 οὐ
2814 1346 3038 1401 δύνασαι
3088 1345 3179 1399 διά
3214 1345 3583 1417 μονογαμίας;
3626 1347 3749 1402 Κᾶν

2171 1422 2261 1477 διά
2285 1425 2729 1499 δευτερογαμίας.
2766 1429 2840 1482 06
2856 1428 3099 1483 ,δύνασαι
3125 1427 3214 1482 διά
3247 1428 3602 1501 σωφροσύνης
3627 1429 3748 1482 είσ-

2184 1505 2389 1570 ελθείνς
2438 1509 2660 1562 Είσελθε
2702 1510 2768 1563 δι’
2833 1508 3218 1583 ἑλεημυσύνης.
3271 1511 3346 1564 06
3396 1510 3622 1565 δύνασαι
3675 1511 3748 1565 δι’

2171 1587 2566 1661 ἐλεημοσύνηςς
2596 1592 2818 1647 mmo;
2840 1593 2927 1646 διὰ
2952 1596 3224 1664 νηστείας.
3256 1596 3333 1648 Οὐ
3359 1594 3584 1649 δύνασαι
3613 1595 3747 1649 ταύ-

2170 1691 2301 1747 την;
2330 1676 2500 1749 Δεῦρο
2528 1678 2762 1749 εκείνην.
2793 1681 2867 1734 O6
2903 1680 3123 1736 δύνασαι
3147 1682 3396 1754 ἔκείνηνς
3422 1681 3594 1754 Δεῦρο
3616 1682 3749 1737 ταύ-

2170 1780 2289 1832 την.
2313 1764 2412 1816 Διά
2438 1764 2595 1818 τοῦτο
2631 1766 2733 1820 οὐκ
2765 1766 2933 1834 ἔδειξε
2965 1768 3027 1821 τὸ
3063 1769 3278 1834 ἱμάτιον
3314 1767 3569 1839 χρυσοῦν,
3606 1768 3747 1823 ἀλλά

2169 1847 2474 1920 διάχρυσον.
2524 1851 2597 1905 Ἣ
2649 1855 2850 1925 σηρική
2897 1854 3066 1919 ἐστιν,
3102 1857 3136 1927 ἢ
3183 1855 3441 1925 πορφυρᾶ
3488 1856 3655 1920 ἐστιν,
3703 1856 3740 1929 ἢ

2170 1934 2347 2003 χρυσᾶ
2382 1936 2549 1988 ἐστιν.
2585 1936 2660 1990 Οὐ
2691 1935 2915 1991 δύνασαι
2956 1932 3097 1991 εἶναι
3127 1938 3400 2011 χρυσοῦςς
3448 1936 3610 1991 Γενοῦ
3645 1955 3746 2007 ση-

2172 2016 2341 2085 ρικός.
2367 2017 2598 2087 Δέχομαι
2621 2034 2701 2084 σε,
2734 2018 2895 2089 μόνον
2925 2022 2983 2074 ὲν
3004 2019 3081 2090 τῷ
3103 2020 3323 2092 ίματίῳ.
3344 2020 3443 2073 Διὰ
3472 2020 3626 2075 τοῦτο
3648 2022 3747 2075 καὶ

2167 2097 2198 2148 6
2220 2096 2463 2163 Παῦλος·
2495 2099 2569 2152 Et
2606 2117 2697 2166 τις
2736 2100 3120 2172 ἐποικοδομεῖ
3155 2103 3255 2157 ἐπὶ
3311 2102 3419 2157 τὸν
3460 2103 3743 2174 θεμέλιον

2166 2179 2418 2245 τοῦτον,
2476 2182 2733 2249 χρυσὸν,
2769 2181 3059 2254 ἄργυρον,
3102 2185 3311 2251 λίθους
3363 2187 3612 2255 τιμίους.
3664 2186 3744 2244 οὐ

2165 2259 2390 2316 δύνασαι
2445 2259 2585 2317 εἶναι
2641 2264 2666 2316 6
2724 2264 2869 2330 λίθος
2919 2268 3138 2337 τίμιος;
3175 2266 3339 2321 Γενοῦ
3393 2269 3615 2339 χρυσός.
3663 2268 3741 2322 Οὐ

2164 2345 2388 2403 δύνασαι
2416 2345 2554 2404 εἶναι
2586 2351 2824 2421 χρυσός;
2862 2353 3022 2407 Γενοῦ
3067 2353 3327 2425 ἄργυρος,
3359 2354 3518 2424 μόνον
3546 2357 3605 2409 έν
3652 2354 3743 2409 θε-

2169 2430 2356 2502 μελίῳ.
2387 2432 2498 2485 Kal
2522 2433 2685 2487 πάλιν
2717 2434 2976 2505 ἀλλαχοῦο
2998 2437 3184 2503 Ἄλλη
3216 2434 3367 2500 δόξα
3404 2436 3605 2503 ἡλίου,
3636 2437 3737 2492 καὶ

2164 2516 2325 2585 ἄλλη
2357 2517 2506 2581 δόξα
2526 2520 2817 2590 σελήνης,
2849 2522 2945 2576 καί
2984 2522 3144 2591 ἄλλη
3166 2522 3315 2587 δόξα
3338 2523 3626 2586 ἀστέρων.
3660 2526 3740 2579 Οὐ

2163 2601 2388 2659 δύνασαι
2412 2599 2551 2659 εἶναι
2577 2605 2766 2676 ήλιος;
2798 2607 2960 2661 Γενοῦ
2999 2610 3219 2681 σελήνη.
3251 2609 3327 2663 Οὐ
3351 2609 3575 2665 δύνασαι
3596 2605 3741 2668 εἶναι

2166 2689 2395 2761 σελήνης
2426 2691 2588 2746 Γενοῦ
2604 2695 2801 2766 ἀστήρ.
2822 2695 2896 2748 Οὐ
2921 2694 3144 2750 δύνασαι
3172 2692 3309 2749 εἶναι
3334 2697 3507 2768 μέγας
3523 2698 3738 2771 ἀστήρ;

2161 2776 2324 2830 Γενοῦ
2357 2777 2461 2831 κᾶν
2492 2780 2687 2851 μικρὸς
2705 2818 2720 2842 ,
2755 2783 2915 2852 μόνον
2952 2784 3012 2835 ὲν
3040 2781 3119 2853 τῷ
3144 2783 3377 2855 οὐρανῷ.
3406 2784 3480 2839 Οὐ
3502 2784 3730 2841 δύνασαι

2161 2860 2297 2918 εἷναι
2318 2866 2616 2933 παρθένος;
2651 2869 2904 2939 Γάμησον
2922 2872 3059 2941 μετά
3088 2873 3460 2943 σωφροσύνης,
3488 2875 3647 2943 μόνον
3675 2876 3737 2929 έν

2159 2953 2231 3023 τῇ
2266 2950 2580 3025 Ἐκκλησία.
2609 2955 2687 3007 Οὐ
2704 2955 2925 3010 δύνασαι
2950 2952 3085 3011 εἶναι
3112 2958 3410 3030 ἀκτήμων;
3458 2958 3734 3032 Ἐλέησον,

2162 3036 2321 3110 μόνον
2339 3041 2395 3093 ὲν
2409 3043 2473 3111 τῇ
2506 3041 2819 3114 Ἐκκλησία,
2841 3044 2999 3114 μόνον
3020 3048 3078 3098 ἐν
3099 3044 3177 3116 τῷ
3205 3045 3421 3117 ίματίῳ,
3449 3046 3610 3117 μόνον
3629 3046 3737 3103 ὑπὸ

2157 3124 2257 3193 τήν
2275 3125 2607 3197 βασίλισσαν.
2623 3128 2923 3200 Διάχρυσον
2935 3131 2996 3184 16
3013 3132 3248 3200 ἱμάτιον,
3265 3132 3505 3186 ποικίλον
3527 3134 3586 3187 16
3608 3134 3735 3206 ίμά-

2157 3229 2289 3267 τιον.
2314 3214 2427 3269 Οὐκ
2449 3216 2721 3271 ἀποκλείω
2749 3234 2831 3271 σοι
2857 3218 2956 3289 τὴν
2980 3219 3097 3273 όδόν
3117 3234 3131 3248 ·
3160 3221 3192 3290 ή
3226 3219 3459 3289 ἀφθονία
3484 3220 3593 3292 γάρ
3618 3222 3730 3278 τῶν

2158 3301 2367 3371 ἀρετῶν
2393 3301 2613 3358 εὔκολον
2641 3304 2865 3375 ἐποίησε
2885 3308 2983 3377 τήν
3005 3308 3313 3378 οἰκονομίαν
3332 3307 3425 3362 τοῦ
3446 3309 3730 3379 βασιλέως.

2170 3390 2267 3443 Ἐν
2282 3390 2572 3461 ἱματισμῷ
2594 3391 2901 3461 διαχρύσῳ
2919 3394 3401 3465 περιϐεϐλημένη,
3420 3400 3731 3452 πεποικιλ-

2150 3475 2328 3544 μένη.
2358 3478 2608 3533 Ποικίλον
2637 3481 2785 3534 ἐστὶν
2815 3481 2988 3552 αὐτῆς
3023 3481 3085 3535 16
3115 3483 3331 3553 ἱμάτιον
3356 3499 3370 3514 ⁸
3407 3485 3502 3538 καὶ
3522 3486 3573 3538 εί
3608 3483 3733 3553 βού⁶

2157 3559 2259 3625 λει,
2297 3563 2604 3630 ἀνάπτυξον
2644 3566 2706 3619 16
2740 3566 2903 3636 βάθος
2941 3567 3035 3622 τοῦ
3084 3568 3243 3638 λόγου
3273 3567 3369 3622 τοῦ
3412 3571 3729 3641 εἰρημένου,

2156 3647 2251 3699 καὶ
2278 3647 2439 3717 βλέπε
2461 3651 2523 3704 16
2549 3652 2761 3722 ἱμάτιον
2777 3653 2839 3706 16
2868 3654 3173 3725 διάχρυσον.
3214 3653 3477 3709 Ἐνταῦθα
3502 3657 3599 3728 μὲν
3619 3658 3731 3730 γὰρ

2154 3735 2205 3787 οἱ
2236 3735 2335 3804 μὲν
2356 3736 2678 3807 μονάζοντες
2697 3740 2854 3803 εἰσιν,
2881 3741 2930 3792 οἱ
2951 3740 3008 3793 δὲ
3028 3742 3202 3811 γάμον
3226 3743 3420 3809 σεμνὸν
3441 3743 3725 3809 ἀσκοῦσιν,

2154 3823 2216 3877 οὐ
2247 3824 2382 3877 πολὺ
2412 3826 2638 3881 ἐκείνων
2667 3828 3179 3899 ἀπολιμπανόμενοι
3197 3845 3212 3861 ο
3239 3830 3335 3884 καὶ
3361 3833 3415 3883 οι
3438 3832 3539 3901 μὲν
3568 3831 3728 3902 μονό-

2155 3930 2342 3983 γαμοι,
2374 3915 2431 3969 al
2457 3916 2513 3970 δὲ
2551 3916 2718 3988 χῆραι
2745 3918 3023 3973 ἀνθοῦσαι.
3046 3919 3147 3974 Διά
3170 3921 3224 3974 τί
3248 3922 3607 3993 παράδεισοςς
3635 3922 3727 3978 διὰ

2152 4006 2205 4058 τί
2234 4005 2509 4075 ποικίλος;
2545 4008 2725 4077 Ἐχων
2769 4008 2905 4080 ἄνθη
2953 4010 3216 4082 διάφορα,
3250 4013 3344 4066 κα)⁵
3382 4012 3591 4085 δένδρα,
3629 4017 3727 4070 καὶ

2152 4096 2378 4159 πολλοὺς
2412 4096 2536 4161 τοὺς
2576 4099 2938 4169 μαργαρίτας.
2973 4100 3166 4155 Πολλοὶ
3207 4104 3258 4156 οἱ
3287 4104 3538 4174 ἀστέρες,
3584 4107 3723 4161 ἀλλά

2150 4182 2231 4252 είς
2270 4189 2299 4240 6
2329 4188 2479 4258 ἥλιος
2499 4204 2514 4220 ⁸
2567 4190 2751 4244 πολλοὶ
2779 4192 2824 4245 οξ
2860 4191 2983 4261 βίοι,
3025 4193 3164 4246 ἀλλὰ
3208 4190 3290 4257 εἷς
3312 4196 3341 4248 6
3365 4196 3723 4266 παράδεισοςο

2152 4276 2302 4350 [401]
2327 4279 2509 4333 πολλοὶ
2536 4282 2585 4333 οἱ
2613 4282 2751 4345 ναοὶ,
2792 4281 2926 4335 ἀλλά
2956 4278 3037 4345 εἷς
3065 4284 3094 4337 6
3126 4283 3453 4355 παράδεισος
3483 4303 3496 4317 ο
3533 4287 3723 4341 πολλοὶ

2149 4370 2199 4422 οἱ
2224 4370 2362 4432 ναοὶ,
2398 4370 2534 4424 ἀλλὰ
2569 4370 2665 4440 μία
2693 4373 2727 4441 ή
2781 4374 2984 4444 μήτηρ.
3026 4372 3099 4427 Τὸ
3130 4375 3253 4445 μὲν,
3294 4376 3472 4448 σῶμα,
3523 4378 3585 4431 16
3622 4380 3717 4445 δὲ,

2148 4457 2438 4527 ὀφθαλμοὶ,
2463 4458 2524 4511 16
2550 4459 2627 4523 δὲ,
2654 4460 2933 4523 δάκτυλος,
2966 4461 3100 4516 ἀλλά
3126 4464 3324 4527 πάντες
3352 4460 3455 4529 εἷς.
3492 4467 3565 4521 T6
3587 4470 3721 4523 αὐτὸ

2150 4544 2258 4615 γάρ
2287 4545 2347 4599 16
2378 4546 2593 4618 μικρὸν,
2629 4548 2810 4601 καὶτὸ
2840 4550 3000 4619 μέγα,
3029 4551 3122 4605 καὶ
3154 4552 3216 4620 16
3238 4546 3419 4623 ἦττον.
3465 4555 3527 4608 Ἦ
3571 4574 3716 4627 παρ-

2150 4634 2301 4698 θένος
2326 4637 2423 4707 τῆς
2446 4637 2835 4709 γεγαμημένης
2852 4640 3038 4711 χρείαν
3063 4640 3175 4712 ἔχει
3200 4659 3213 4673 ·
3238 4644 3331 4698 καὶ
3358 4644 3468 4717 γὰρ
3490 4648 3541 4717 ,ἡ
3576 4665 3716 4719 παρο

2150 4728 2298 4791 θένος
2326 4728 2433 4782 ἀπὸ
2458 4730 2655 4799 γάμου,
2688 4731 2773 4783 ἵνα
2805 4732 2877 4801 μὴ
2905 4736 3215 4805 καταφρονῇ
3251 4736 3451 4807 γάμου.
3482 4738 3544 4791 Ἠ
3572 4756 3714 4809 παρ-

2149 4818 2299 4881 θένος
2333 4818 2455 4890 ῥίζα
2477 4820 2572 4873 τοῦ
2606 4820 2808 4889 γάμου.
2836 4823 3019 4876 Πάντα
3050 4825 3423 4896 συνδεδεμένα,
3453 4828 3521 4882 τὰ
3545 4830 3721 4903 μικρά

2145 4907 2257 4968 τοῖς
2293 4906 2581 4974 μεγάλοις,
2617 4909 2709 4962 καὶ
2738 4908 2807 4961 τά
2843 4911 3053 4979 μεγάλα
3095 4917 3207 4978 τοῖς
3252 4922 3489 4988 μικροῖς,
3557 4923 3714 4988 Παρ-

2144 4996 2291 5064 έστη
2321 5000 2356 5064 ἠ
2385 4999 2731 5061 ,βασίλισσα
2775 5000 2843 5054 ἐκ
2890 5002 3100 5067 δεξιῶν
3143 5022 3292 5071 σου,
3327 5009 3398 5062 ἐν
3423 5004 3720 5080 ἱματισμῷ

2144 5092 2449 5161 διαχρύσῳ
2488 5094 2974 5163 περιϐεϐλημένη,
3022 5102 3474 5170 πεποικιλμένη.
3506 5103 3580 5157 T6
3606 5105 3712 5158 λοι-

2145 5183 2267 5244 πον,
2301 5181 2619 5244 Ἄκουσον,
2649 5184 2918 5252 θύγατερ.
2961 5184 3017 5238 '0
3044 5191 3408 5258 νυμφαγωγός
3433 5209 3596 5262 φησιν
3637 5193 3714 5258 ὡς

2148 5272 2357 5342 μέλλεις
2385 5270 2699 5341 ὲξέρχεσθαι
2734 5274 2870 5344 πρὸς
2902 5274 2994 5328 16v
3024 5278 3275 5346 νυμφίον,
3313 5280 3715 5353 ὑπερδαίνοντά

2147 5378 2239 5413 σου
2276 5363 2374 5431 τὴν
2407 5362 2627 5424 οὐσίαν,
2666 5363 3061 5435 ὑπερϐαίνοντα
3086 5384 3177 5422 σου
3211 5370 3309 5440 τὴν
3349 5372 3529 5437 φύσιν.
3570 5374 3713 5443 Ἐγὼ

2144 5452 2530 5520 νυμφαγωγός.
2576 5454 2902 5520 Ἄκουσον,
2937 5458 3208 5527 θύγατερ.
3241 5461 3459 5525 Εὐθέως
3504 5465 3712 5532 ἐγίνετο

2142 5548 2172 5613 ὴ
2209 5544 2380 5614 γυνή;
2422 5544 2559 5597 Ναί·
2614 5544 2765 5599 οὐδὲν
2809 5548 2916 5617 γάρ
2959 5552 3287 5619 σωματικόν.
3335 5554 3445 5606 Kal
3487 5556 3595 5626 γὰρ
3633 5556 3710 5626 ὡς

2143 5638 2368 5701 γυναῖκα
2402 5636 2695 5705 ἡρμόσατο.
2751 5640 2843 5689 καὶ
2898 5641 2972 5700 ὡς
3004 5638 3277 5713 θυγατέρα
3309 5643 3483 5709 φιλεῖ,
3520 5625 3610 5698 καὶ
3634 5625 3710 5709 (ῦς

2142 5727 2331 5797 δούλης
2378 5731 2610 5799 προνοεῖ,
2666 5731 2756 5781 καὶ
2812 5732 2885 5793 ὡς
2946 5731 3209 5802 παρθένου
3260 5739 3432 5805 τηρεῖ,
3493 5737 3584 5789 καὶ
3631 5738 3705 5799 ὡς
