4046 6438
245 417 344 474 ιο9

244 530 427 588 cniles.
452 515 724 579 Circuibat
748 525 847 567 ceu
868 501 1103 560 volucris
1127 493 1321 552 Paulus
1347 498 1454 542 uno
1495 485 1699 534 tantum
1733 482 1830 524 ore

245 561 427 588 Ιῖυιιυδο
453 561 535 579 Vl.
547 561 724 577 νιν-υ..-
754 561 844 567 --ν

245 621 560 682 decertans,
586 602 934 662 tentoriorum
973 588 1178 662 opifex,
1209 581 1299 654 qui
1337 575 1567 632 cultrum
1611 561 1832 620 concin-

1119 678 1149 682 ““
1414 664 1522 682 δια·
1587 657 1690 682 ῑ-Αιι
1711 648 1832 682 nuli-

251 648 399 677 ncces
412 648 530 668 ulla
587 648 751 662 um.--
767 648 834 654 --_
1011 648 1028 662 _
1165 648 1176 653 ν
1227 648 1241 654 _

251 678 442 764 na‘ndis
467 651 628 758 eoiiis
656 689 945 751 tractabat,
967 691 1022 738 et
1049 678 1219 750 pelles
1237 664 1528 726 consuebat
1587 657 1691 711 hoc
1710 648 1835 704 arti-

255 742 442 764 lllllulw
467 742 627 758 vv-u-
659 742 786 748 v-—--
932 742 944 751 υ
1051 742 1068 750 _

255 798 434 855 ficium
453 806 562 848 non
589 787 688 842 fuit
715 777 924 836 virtutis
952 768 1424 841 impedimentum:
1466 749 1559 806 sed
1591 742 1841 801 tentorio-

1387 850 1397 855 ‘
1446 846 1465 855 ⁸
1618 839 1632 855 1
1659 852 1697 855 κ-
1726 831 1812 855 -ι-ε

257 831 434 855 Ιιιιιιιιι
456 831 562 848 ιινιι
589 831 688 842 ἰ’-ν
726 831 735 836 .
751 831 782 835 --
804 831 815 834 ν
830 831 836 833 .
866 831 871 832 ,
1030 831 1045 841 _

257 906 373 945 rum
402 883 580 958 opifex
605 873 940 935 dtemouibus
984 861 1172 920 fortior
1196 861 1313 913 erat
1330 892 1345 916 ,
1387 839 1701 904 infacundus
1726 831 1843 904 phi-

949 957 955 958 '
1149 951 1170 958 ‘
1222 949 1235 958 ⁸
1368 941 1423 958 ΑΔ
1457 931 1808 958 -..ιιιιῑιηηηηι

261 931 798 1048 ιξέέιρὶῖξῖτξίέιὶοτ.
845 957 1124 1019 Undenam
1148 951 1173 1004 'l
1200 941 1429 1018 Accepit
1455 931 1809 991 arrhabonem
1826 962 1843 988 ,

261 1028 490 1144 gestitvit
527 1028 779 1118 nodulum
820 1061 876 1108 et
915 1041 1264 1104 circumtulit.
1306 1031 1570 1089 Videbam
1608 1028 1849 1076 omnesa

1274 1139 1437 1144 La..-
1483 1115 1694 1144 -.ειιηιυη
1743 1106 1849 1144 τινα,

268 1106 413 1231 Rege
461 1157 839 1224 desponsatam
886 1148 1128 1195 naturam
1172 1139 1440 1188 nostram;
1483 1115 1698 1173 videbat
1743 1106 1852 1163 dse-

947 1227 994 1231 --
1031 1226 1046 1231 -
1255 1217 1267 1231 .
1322 1215 1514 1231 ,πηῷ
1581 1212 1628 1231 Α,
1661 1209 1852 1231 ,ωηο-

267 1209 396 1304 me;
418 1289 432 1314 ,
558 1209 872 1296 iecedebat:
908 1226 1124 1282 videbat
1161 1215 1548 1274 arrhabonem,
1579 1212 1634 1260 et
1661 1209 1856 1314 treme-

270 1342 396 1406 bat,
418 1289 602 1404 ’seque
645 1322 974 1384 subducebat
1006 1313 1365 1372 :vestimenta
1384 1297 1597 1356 videbat
1620 1335 1635 1360 ,
1674 1298 1730 1346 et
1774 1284 1856 1340 lu-

1134 1403 1142 1406 λ
1181 1402 1192 1406 -
1317 1398 1329 1406 ·
1366 1392 1405 1406 ιε
1508 1403 1523 1406 -
1554 1387 1690 1406 θεέ-..η
1716 1377 1856 1406 Amm

270 1382 396 1502 galli
423 1377 673 1481 faciebat.
711 1414 1022 1472 Ovirtutem
1053 1402 1286 1474 Spiritus
1317 1398 1332 1451 l
1361 1392 1480 1449 Non
1503 1387 1694 1442 anima:
1713 1377 1862 1434 dedit

1935 457 2059 521 sed,
2090 451 2374 508 Deaurato.
2409 440 2649 498 Solerter
2675 428 2819 486 audi.
2854 424 3089 484 Aureum
3113 409 3494 469 vestimentum
3521 437 3534 456 ,

3113 518 3124 521 Α
3143 499 3289 521 -›-...
3313 503 3501 521 ..η-,τηρ

1940 499 2059 521 νυν,
2090 499 2249 508 ———--.
2277 499 2283 500 κ

1940 559 2106 609 totum
2137 553 2217 601 est
2234 549 2456 596 aureum
2477 547 2492 596 ;
2516 528 2829 582 deauratuin
2869 525 2999 567 vero
3031 499 3290 578 quasdam
3313 503 3534 548 aureas.

2928 601 2960 609 Α
3159 605 3196 609 ίΑ
3251 599 3355 609 «An
3409 577 3534 609 ..ἶνίί

1941 577 2106 609 ιυιυιιι
2137 577 2217 601 cas
2234 577 2321 596 au.
2335 577 2456 596 νυ...
2479 577 2492 596 ,
2520 577 2613 582 _-_.

1941 637 2198 714 quasdam
2244 629 2449 685 sericas
2499 626 2678 691 partes
2709 609 2890 666 habet.
2922 601 3030 656 Cur
3077 605 3204 662 ergo
3251 599 3358 640 non
3408 577 3543 702 dixi:

2740 702 2771 714 "
2848 713 2851 714 ν
2906 705 3016 714 ιηρ-
3062 684 3154 714 -..Α
3187 680 3502 714 ,Ιηῆηντὶιιηὶὶ
3533 709 3541 714 .

1981 667 2198 696 υἱιθυιιιη
2244 667 2324 685 υν-
2339 667 2449 681 ενι-υ
2501 667 2669 691 ’,τ---ν

1945 667 2196 803 :pousam
2227 723 2366 777 ferre
2389 725 2608 772 aureum
2639 702 3043 760 vestimentum,
3062 684 3157 741 sed
3187 667 3548 735 demiratum?

2590 799 2616 803 “
2860 787 3053 803 ημέ--η
3100 769 3356 803 Ὡηηιηςίιῐι
3385 761 3514 803 dicit
3535 800 3547 803 _

1947 761 1972 788 Β
2047 761 2196 784 Ilaalu
2229 761 2294 777 ιυι
2311 761 2322 773 ι
2337 761 2366 773 ν
2389 761 2476 772 ...η
2492 761 2605 769 -_-,,

1947 761 2179 883 Aliuteude
2227 811 2530 879 diligenter.
2579 787 3056 853 Conversationem
3100 769 3356 831 Ecclesiae
3385 761 3514 817 dicit
3534 800 3547 819 ,

1949 860 2179 883 mw"-..
2231 860 2381 879 ---π
2437 860 2446 864 _

1949 929 2069 991 qua:
2093 906 2241 965 varia
2260 911 2362 959 est.
2390 897 2522 971 Quia
2549 906 2655 949 non
2677 899 2837 943 unam
2867 888 3054 934 omnes
3077 867 3321 925 ducimus
3349 860 3511 916 vitam
3533 871 3549 917 ;

2692 980 2723 991 “’
2856 974 2866 984 ⁸
2890 969 3132 991 ¹--²¹·“⁶Α-“
3203 956 3337 991 σιιῖης
3379 949 3549 991 ηῖιιινςς-

1989 949 2069 970 υ...
2102 949 2362 965 ........._--
2400 949 2481 971 ,ν

1953 949 2048 1065 :ed
2069 1003 2208 1061 alius
2234 991 2596 1063 virginitatem
2615 1023 2629 1046 ,
2657 980 2795 1034 alius
2821 969 3132 1027 viduitatem
3155 1003 3169 1026 ,
3203 956 3338 1010 alius
3379 949 3549 1020 pieta—

1957 1041 2048 1065 οῦιι
2069 1041 2208 1061 ιιι-νυ
2244 1041 2481 1063 -σ-ο---ηη
2524 1041 2527 1042 ,
2618 1041 2628 1046 ,

1957 1111 2064 1156 tem
2086 1099 2301 1153 exercet
2328 1105 2342 1142 :
2370 1083 2751 1140 vestimentum
2792 1059 3047 1123 Ecclesiae
3093 1061 3176 1110 est
3219 1041 3559 1103 c0uversatio

1959 1187 2236 1248 Ecclesiae.

2035 1282 2121 1339 I5.
2153 1279 2263 1334 Via:
2287 1281 2402 1331 sunt
2431 1266 2585 1323 varia:
2607 1259 2676 1315 ad
2702 1254 3021 1312 salutem.--
3041 1241 3178 1297 Cum
3205 1234 3365 1306 igitur
3388 1227 3554 1280 sciret

2041 1319 2121 1339 Ιυο
2164 1319 2179 1334 v
2203 1319 2261 1332 Iw
2288 1319 2399 1331 συν...
2436 1319 2502 1323 νηγ

1967 1376 2225 1435 Dominus
2257 1375 2463 1428 uoster,
2495 1360 2540 1416 si
2580 1368 2742 1409 unam
2772 1345 3039 1418 posuisset
3086 1335 3248 1395 viam,
3281 1325 3479 1380 multus
3509 1319 3562 1371 in

1970 1410 2225 1435 υυιιηιιυσ
2257 1410 2463 1428 κυεην.⁷
2495 1410 2540 1416 __
2774 1410 2787 1418 _

1968 1464 2196 1539 segnitie
2241 1461 2481 1513 victuros
2525 1447 2730 1505 fuisse,
2767 1423 3225 1504 multasinstituit
3272 1418 3405 1470 vias.
3451 1410 3568 1465 Non

2659 1535 2671 1539 ‘
2832 1528 2864 1539 "
2886 1526 2908 1539 “
2932 1522 2952 1539 ¹
2997 1529 3070 1539 ·-Α
3107 1529 3200 1539 -υι-
3225 1508 3440 1539 “min-una
3468 1516 3568 1539 Illn-

275 1477 595 1595 pntestatem
621 1556 634 1578 ,
664 1527 768 1566 non
795 1501 1004 1575 corpori
1035 1505 1275 1556 tantum;
1307 1487 1402 1545 sed
1433 1494 1487 1539 et
1511 1477 1859 1535 vestimento,

1051 1589 1065 1595 ‘
1185 1586 1196 1595 ·
1346 1579 1400 1595 ιν
1419 1574 1606 1595 ηυξ-η·
1635 1568 1824 1595 ηερ-...ρ

279 1568 382 1670 itec
400 1609 721 1665 vestimento
741 1599 914 1655 solum
934 1636 951 1660 ,
973 1589 1068 1648 sed
1090 1586 1314 1643 umbrce.
1344 1574 1613 1634 Circuibat
1635 1568 1826 1623 Petrus
1847 1604 1863 1630 ,

279 1655 948 1766 morbos
974 1679 1216 1751 fugabat,
1264 1672 1536 1728 daemonas
1579 1655 1826 1728 abigebat
1849 1692 1864 1718 ,

283 1804 527 1852 mortuos
555 1747 864 1844 stiscitabat.
892 1747 1160 1832 Circuibat
1187 1763 1384 1824 Paulus
1411 1758 1596 1814 orbem
1619 1794 1636 1820 ,
1677 1747 1868 1817 impie-

285 1887 411 1942 tatis
452 1882 636 1952 spinas
661 1864 1171 1932 resecans,semina
1211 1847 1694 1927 pietatisjaciens;
1738 1838 1875 1893 sicut

1248 1949 1259 1952 _
1516 1947 1526 1952 _
1700 1931 1760 1952 η,
1811 1925 1872 1952 Μ,

285 1925 756 2040 arator'optimus,
813 1969 1048 2014 aratrum
1091 1925 1349 2007 docti-inte
1398 1947 1651 1996 tractans.
1698 1931 1766 1986 Et
1809 1925 1875 1981 ad

287 2019 461 2031 .....---
499 2019 636 2040 -,-_,,
743 2019 755 2028 ,

287 2076 548 2136 quosnam
579 2054 762 2112 venit?
796 2050 878 2106 Ad
897 2048 1168 2108 Thracas,
1200 2035 1428 2109 Scythas
1451 2073 1467 2100 ,
1499 2027 1696 2091 Indos,
1734 2019 1880 2075 Mau-

295 2113 455 2136 ,μπ
501 2113 506 2114 ,

295 2170 418 2222 ros,
447 2151 674 2214 Sardos,
703 2145 938 2206 Gothos,
987 2137 1054 2192 ad
1098 2135 1238 2189 feras
1280 2133 1552 2199 agrestes,
1599 2127 1656 2174 et
1700 2113 1881 2169 omnia
1921 2152 1928 2159 .

292 2205 536 2308 mutavit.
565 2205 841 2302 Uudenam
870 2235 895 2287 1
914 2227 991 2288 Ex
1013 2225 1331 2282 arrhabone.
1355 2211 1635 2285 Quomodo
1671 2207 1738 2262 ad
1770 2205 1884 2259 hrcc

294 2341 546 2398 sumcere
575 2333 779 2408 potuit?
803 2332 902 2386 Per
921 2320 1144 2399 gratiam
1167 2313 1416 2390 Spiritus.
1449 2305 1646 2368 Idiota,
1677 2295 1883 2359 nudus,

295 2388 692 2488 discalc-eatrus:
725 2426 813 2496 qui
857 2388 1018 2476 dabat
1061 2388 1420 2471 arrhabonem
1461 2395 1713 2473 Spiritus.
1760 2388 1887 2443 Ideo

296 2483 558 2580 ἆέξῖίῖὲι
576 2483 642 2573 ad
664 2483 768 2572 tta}.-
786 2515 898 2586 quis
923 2511 1133 2566 idoneus
1156 2504 1232 2576 (2.
1259 2502 1376 2558 Cor.
1407 2498 1464 2552 ε.
1490 2492 1625 2563 l6)?
1651 2483 1755 2546 Sed
1774 2491 1889 2554 su;-

300 2614 522 2686 ﬁcientia
542 2619 713 2665 nostra
743 2622 803 2662 ea:
826 2605 931 2659 Deo
952 2612 1022 2657 est
1044 2643 1060 2669 ,
1090 2598 1177 2668 qui
1200 2605 1245 2650 et
1270 2594 1476 2647 idoneos
1505 2602 1596 2640 nos
1638 2581 1754 2653 fecit
1792 2578 1889 2631 mi-

301 2706 486 2759 nistros
528 2699 662 2755 Novi
715 2692 1056 2760 Testamenti,
1099 2703 1204 2742 non
1233 2685 1424 2748 literae,
1450 2678 1537 2735 sed
1565 2674 1791 2745 Spiritus
1814 2669 1890 2742 (2.

302 2795 421 2850 Car.
449 2795 504 2848 '5.
537 2793 590 2846 5.
620 2789 700 2861 6).
730 2787 863 2842 Vide
889 2784 1012 2856 quid
1037 2777 1223 2836 fecerit
1248 2774 1479 2845 Spiritus
1510 2788 1524 2825 :
1553 2765 1752 2823 invenit
1786 2772 1894 2817 ter-

311 2901 424 2941 ram
441 2856 773 2940 da‘monibus
798 2878 1027 2950 plenam,
1041 2883 1094 2928 et
1110 2873 1276 2941 ipsam
1293 2865 1481 2921 etclam
1508 2860 1650 2916 fecit.
1679 2856 1756 2912 Ne
1773 2871 1902 2923 pra:-

309 2976 482 3032 sentia
512 2974 752 3044 cogitetis
777 2947 908 3025 :ised
951 2967 1036 3022 illa
1082 2959 1402 3032 cogitatione
1457 2952 1701 3022 repetite.
1750 2947 1902 3001 Tunc

311 3070 484 3123 luctus
504 3075 640 3134 erat,
659 3074 784 3120 tunc
803 3063 998 3130 ubique
1028 3056 1236 3121 altaria,
1260 3052 1456 3120 ubique
1486 3048 1682 3107 fumus,
1705 3042 1904 3110 ubique

311 3162 558 3228 uideres,
610 3159 801 3226 ubique
843 3150 1254 3212 fornicationes,
1298 3144 1494 3213 ubique
1545 3136 1903 3198 initiationes,

315 3256 510 3326 ubique
556 3249 851 3313 sacriﬁcia,
901 3245 1097 3316 ubique
1151 3242 1424 3296 dmmones
1480 3230 1901 3292 debacchantes,

313 3321 510 3416 ubique
546 3357 639 3396 arx
669 3338 900 3403 diaboli,
944 3335 1141 3404 ubique
1186 3327 1466 3386 lornicatio
1509 3321 1904 3380 coronabatur:

315 3449 557 3506 unusque
602 3432 795 3488 Paulus
839 3438 972 3483 erat.
1001 3421 1279 3495 Quomodo
1309 3434 1413 3473 non
1442 3417 1754 3473 submersus
1778 3417 1861 3463 est
1886 3407 1910 3459 ?

318 3525 586 3599 quomodo
609 3538 713 3578 non
743 3522 1043 3588 discerptus
1080 3515 1103 3568 ἲ
1128 3510 1397 3584 quomodo
1435 3521 1496 3560 os
1540 3502 1749 3574 aperuit
1774 3500 1798 3554 l
1829 3499 1913 3553 Iu-

317 3633 534 3689 gressus
559 3625 641 3671 est
666 3616 718 3668 in
740 3609 1086 3672 Thebaidem,
1116 3615 1169 3660 et
1193 3603 1434 3670 captivos
1464 3596 1604 3651 fecit.
1640 3593 1913 3662 Ingressus

317 3721 399 3766 est
427 3711 480 3765 in
506 3708 680 3762 aulam
720 3705 951 3775 regiam,
984 3709 1039 3756 et
1063 3713 1242 3768 regem
1273 3693 1395 3749 fecit
1435 3687 1776 3759 discipulum.
1825 3683 1914 3738 In-

318 3815 535 3874 gressus
555 3795 724 3854 estad
748 3774 1008 3858 tribunal,
1032 3800 1085 3845 et
1106 3789 1232 3843 dicit
1255 3786 1303 3840 ei
1325 3782 1488 3853 judex
1524 3797 1537 3832 :
1564 3779 1756 3833 Parum
1779 3774 1918 3828 abest

320 3863 444 3961 quin
487 3892 704 3943 suadeas
750 3885 872 3938 mihi
899 3893 952 3935 at
991 3881 1112 3949 [iant
1150 3875 1466 3930 Christianus
1498 3868 1634 3943 (Act.
1662 3866 1750 3921 26.
1776 3863 1872 3933 28)
1900 3880 1914 3914 :

321 3983 588 4053 judexque
634 3977 807 4032 factus
852 3982 936 4028 est
974 3969 1287 4039 discipulus.
1316 3964 1592 4034 Ingressus
1619 3968 1705 4014 est
1731 3969 1918 4010 carce-

326 4089 440 4129 rem
465 4112 480 4136 ,
507 4081 562 4126 et
586 4067 818 4124 carceris
845 4062 1118 4119 custodem
1148 4058 1290 4128 cepit
1323 4056 1461 4125 (Act.
1496 4054 1605 4122 16).
1641 4051 1919 4120 Ingressus

329 4167 381 4218 in
406 4161 755 4217 barbarorum
784 4155 1007 4210 insulam
1027 4195 1042 4219 ,
1071 4152 1306 4220 viperam
1330 4145 1452 4201 fecit
1485 4143 1760 4197 doctorem
1784 4138 1918 4207 (Act.

327 4257 444 4326 28).
478 4253 624 4309 Abiit
649 4251 714 4305 ad
757 4249 1055 4304 Romanum
1099 4242 1387 4315 populum,
1417 4246 1471 4293 et
1499 4243 1738 4289 senatum
1769 4231 1834 4286 ad
1863 4245 1923 4286 se

331 4345 609 4417 pertraxit.
644 4341 789 4397 Abiit
816 4339 882 4394 ad
907 4339 1123 4392 ﬂumina
1147 4376 1162 4402 ,
1190 4333 1256 4386 ad
1283 4332 1491 4386 deserta
1520 4329 1633 4381 loca
1661 4337 1923 4395 quocum-

331 4455 434 4508 que
475 4451 569 4508 per
593 4435 799 4490 orbem.
824 4431 940 4486 Non
969 4439 1108 4483 terra
1130 4467 1147 4493 ,
1187 4440 1293 4480 non
1318 4435 1467 4477 mare
1490 4419 1606 4488 ejus
1638 4414 1923 4486 put-claro—

332 4545 450 4584 rnm
491 4525 792 4580 ofﬁciorum
827 4535 1020 4588 expers
1051 4517 1182 4570 luit:
1215 4514 1362 4569 dedit
1399 4512 1539 4566 enim
1567 4507 1924 4562 arrhabouem

334 4617 549 4684 annuli,
604 4617 835 4683 datoque
876 4609 1174 4666 arrhabone
1217 4607 1290 4658 ait
1323 4623 1334 4656 :
1367 4603 1492 4657 Ilgec
1544 4598 1636 4654 tibi
1686 4598 1796 4668 jam
1824 4596 1925 4657 du,

333 4724 527 4767 cetera
550 4709 820 4781 polliceor.
864 4703 1218 4773 Quamobrem
1250 4698 1377 4752 dicit
1410 4696 1460 4750 ei
1487 4693 1743 4763 propheta
1783 4708 1794 4743 :
1825 4689 1930 4741 Ad-

336 4805 461 4857 stitit
485 4802 657 4870 regina
678 4816 710 4852 a
737 4799 928 4851 dextris
954 4795 1049 4848 tuis
1079 4795 1130 4845 in
1153 4791 1329 4844 vestitu
1350 4789 1593 4841 deaurato
1626 4781 1795 4854 (Psal.
1838 4781 1926 4834 Η.

342 4895 454 4962 I0).
485 4892 602 4947 Non
622 4891 999 4945 vestimentum
1021 4884 1182 4950 dicit,
1211 4881 1306 4936 sed
1338 4880 1608 4933 virtutem.
1643 4873 1766 4928 Ideo
1788 4871 1932 4926 Scri-

340 5001 494 5059 ptura
520 4984 641 5040 alibi
663 4985 737 5038 ait
761 5002 772 5036 :
798 4981 1061 5048 Quomodo
1085 4979 1180 5030 ltuc
1202 4974 1402 5029 intrasti
1427 4988 1525 5024 non
1545 4969 1730 5022 habens
1752 4973 1934 5020 vestem

339 5057 618 5149 nuptialem
641 5074 853 5148 (Matth.
881 5071 971 5125 2'2.
1005 5069 1134 5138 19.)?
1166 5067 1346 5136 Itaque
1386 5079 1492 5119 non
1521 5071 1721 5115 vestem
1769 5057 1932 5122 dicit,

340 5174 433 5226 sed
467 5170 907 5228 fornicationem,
938 5172 995 5218 et
1040 5162 1352 5216 obscoenum
1402 5158 1773 5225 impurumque
1801 5151 1933 5204 faci-

343 5279 461 5317 nus.
514 5256 973 5328 Qucmadmodum
1031 5251 1244 5307 sordida
1290 5249 1607 5304 vestimenta
1658 5253 1935 5314 peccatum

344 5361 466 5406 sunt
495 5370 509 5405 :
538 5351 615 5404 sic
640 5359 692 5403 et
722 5363 912 5412 aurea,
947 5346 1132 5399 virtus.
1165 5343 1268 5397 Sed
1322 5342 1698 5395 vestimentum
1727 5336 1827 5389 hoc
1855 5351 1939 5389 re~

345 5443 423 5511 gis
447 5451 564 5497 erat
594 5460 604 5493 :
641 5441 751 5508 ipse
772 5440 1021 5493 vestitum
1051 5435 1123 5489 illi
1153 5434 1299 5488 dedit
1335 5455 1346 5488 :
1384 5431 1522 5485 nuda
1549 5424 1749 5499 quippe
1791 5437 1937 5491 erat,

349 5536 486 5592 nuda
539 5543 593 5589 et
635 5534 858 5602 turpiter
907 5529 1224 5585 deformata.
1268 5527 1469 5580 Adstitit
1500 5527 1722 5593 reginaa
1748 5520 1939 5574 dextris

349 5626 448 5678 tuis
475 5625 524 5677 in
546 5625 722 5678 vestitu
744 5624 1007 5676 deaurato.
1040 5619 1153 5673 Non
1180 5618 1494 5672 vestimenta
1525 5614 1681 5676 dicit,
1711 5611 1805 5665 sed
1836 5611 1940 5663 vir-

352 5727 514 5774 Intern
543 5738 556 5773 :
581 5732 683 5770 non
713 5715 864 5781 dixit,
886 5715 940 5770 lu
966 5731 1114 5768 auro.
1138 5713 1362 5767 Attende
1391 5731 1402 5764 :
1429 5715 1524 5763 ves
1562 5709 1672 5762 lube
1697 5719 1942 5774 magnam

353 5812 512 5867 habet
539 5809 920 5867 sententiarum
976 5808 1330 5863 nobilitatem.
1363 5803 1475 5859 Non
1507 5802 1668 5870 dixit,
1699 5799 1752 5853 In
1785 5813 1935 5864 auro,

1971 1569 2126 1633 potes
2152 1570 2247 1627 per
2277 1544 2636 1615 virginitatem
2659 1528 2866 1603 ingredi

2886 1526 2908 1578 ?
2932 1522 3074 1578 Intra
3107 1529 3200 1584 per
3225 1508 3440 1564 unicum
3468 1516 3571 1554 ma-

2009 1595 2126 1614 ιιιυσ
2192 1595 2238 1610 VI
2288 1595 2466 1615 ‘u-n——»_
2716 1595 2743 1603 ν

1975 1595 2304 1706 ἱίιῐιοηῗυηι.
2336 1636 2452 1692 Non
2479 1641 2630 1702 potes
2661 1639 2755 1696 per
2785 1612 3043 1674 unicum?
3071 1603 3355 1674 Ingredere
3381 1595 3572 1651 saltem

2992 1705 2995 1706 ν
3141 1699 3152 1706 ,
3247 1696 3271 1706 η
3295 1693 3307 1706 ,
3366 1705 3369 1706 ν
3400 1703 3439 1706 γλ
3467 1686 3572 1706 ,η-

1983 1871 2063 1980 ira
2096 1936 2191 1993 per
2212 1871 2498 1987 jejutiium.
2528 1905 2644 1960 Non
2671 1907 2824 1970 potes
2862 1895 2965 1947 hoc
2993 1881 3196 1941 modo?
3231 1879 3324 1932 Illo
3369 1871 3580 1927 saltem.

2843 1985 2858 1993 ‘
3022 1979 3037 1993 '
3061 1977 3139 1993 ‘--
3204 1985 3307 1993 -Αη
3354 1960 3580 1993 Λοιοηιιῖι

1983 1960 2284 2081 Νοιιγροίεέ
2329 2000 2461 2058 illo?
2502 1997 2626 2052 Alio
2674 1960 2978 2060 ingredere.
3022 1977 3148 2032 Ideo
3204 1985 3310 2025 nou
3353 1960 3583 2021 ostendit

1986 2062 2100 2071 -.-η
2135 2062 2155 2081 τ
2175 2062 2189 2064 ἡ

1986 2118 2213 2163 aureum
2240 2097 2642 2155 vestimentum,
2673 2084 2768 2141 sed
2800 2081 3134 2136 deauratum.
3170 2070 3274 2122 Aut
3300 2062 3469 2118 serica
3499 2073 3564 2112 ve

1991 2200 2088 2256 stis
2112 2204 2218 2260 est,
2251 2190 2333 2245 vel
2361 2195 2626 2259 purpurea
2654 2221 2668 2244 ,
2694 2175 2776 2230 vel
2809 2183 2991 2226 aurea.
3020 2163 3135 2220 Non
3166 2167 3316 2230 potes
3346 2166 3468 2206 esse
3497 2165 3584 2202 au-

1991 2288 2154 2350 reus?
2187 2287 2318 2343 Esto
2334 2247 2559 2340 Sericus.
2590 2269 2838 2344 SuSCipin
2857 2273 2928 2327 te,
2953 2265 3160 2314 lanium
3179 2253 3231 2311 in
3253 2247 3593 2308 vestimenta.

1994 2386 2122 2449 Ideo
2144 2385 2340 2442 Paulus
2373 2398 2385 2433 :
2418 2379 2478 2435 Si
2507 2375 2615 2445 quis
2640 2343 2862 2438 redi/icat
2885 2376 3033 2426 super
3064 2353 3450 2426 fundamentum
3479 2343 3592 2393 hoc.

1996 2431 2530 2547 iturum,‘arg‘eritiiiit,'
2569 2431 2763 2535 lapides
2795 2454 3042 2528 pretiosas
3091 2448 3107 2517 (
3139 2446 3189 2498 l.
3228 2438 3344 2496 Cor.
3469 2431 3533 2487 1‘2
3556 2431 3594 2493 ).

2001 2526 2079 2540 ιΙ-υν
2097 2526 2202 2546 ’σπι-⁷
2234 2526 2276 2530 π.
2294 2526 2345 2547 υ,
2507 2526 2518 2535 ’
2624 2526 2634 2535 '
2797 2526 2804 2528 -

2001 2577 2117 2632 Non
2151 2580 2303 2643 potes
2327 2581 2448 2623 esse
2478 2559 2612 2629 lapis
2636 2545 2944 2627 pretiosus?
2971 2543 3101 2603 Esto
3133 2548 3345 2591 aurum.
3372 2526 3485 2582 Non
3509 2537 3596 2593 po-

3087 2641 3093 2643 λ
3180 2640 3188 2643 -
3268 2641 3277 2643 -
3327 2625 3372 2643 3.—
3412 2617 3570 2643 0..-...“

2003 2617 2117 2632 "V"
2152 2617 2302 2643 I’v""
2333 2617 2441 2623 ""
2535 2617 2547 2629 ι
2637 2617 2657 2627 -

2001 2680 2084 2725 les
2124 2680 2246 2722 esse
2293 2654 2523 2715 aurum?
2556 2651 2684 2706 Esto
2736 2647 3035 2712 argentum,
3082 2640 3286 2685 tantum
3327 2625 3379 2677 in
3412 2617 3599 2673 funda-

2987 2721 2995 2725 ”
3062 2718 3070 2725 ¹
3249 2711 3279 2725 ¹¹
3377 2707 3468 2725 ςΙῗΑ
3513 2703 3574 2725 .1,.

2003 2703 2084 2725 ιω
2124 2703 2246 2722 που
2293 2703 2517 2715 ......-..--
2556 2703 2619 2706 η
2799 2703 2825 2712 ,ν

2003 2760 2214 2808 mento.
2244 2747 2313 2801 Et
2342 2741 2469 2797 alibi
2497 2746 2711 2792 rursum
2745 2746 2759 2784 :
2803 2726 2918 2780 Alia
2948 2718 3154 2774 claritas
3185 2711 3334 2774 solis,
3365 2707 3469 2759 alia
3496 2703 3598 2754 cta-

2003 2795 2130 2900 ritas
2159 2795 2312 2901 ltitia;
2416 2831 2522 2885 alia
2550 2824 2758 2881 claritas
2784 2816 3050 2873 stellarum
3078 2808 3096 2880 (
3128 2809 3178 2860 I.
3210 2801 3329 2857 Cor.
3362 2797 3450 2851 15.
3492 2795 3582 2859 41)

2006 2935 2126 2989 Νοη
2149 2938 2303 3001 potes
2326 2938 2449 2981 esse
2473 2919 2593 2976 sol?
2625 2914 2756 2969 Esto
2787 2909 2934 2971 luna.
2963 2901 3078 2958 Non
3109 2905 3262 2968 potes
3292 2904 3412 2946 esse
3443 2887 3564 2940 luna

3261 2984 3364 3001 ι--η
3417 2976 3564 3001 -.ι-ΙΙ..

2010 2976 2126 2989 ην..
2151 2976 2300 3001 νη--
2331 2976 2382 2981 μ
2401 2976 2440 2978 ,_

2010 3026 2141 3080 Esto
2172 3018 2350 3075 stella.
2377 3012 2494 3069 Non
2524 3017 2677 3080 potes
2718 3015 2840 3057 esse
2886 3007 3075 3064 magna
3124 2984 3369 3057 qumdam
3416 2976 3566 3033 stella

2016 3118 2147 3173 Esto
2179 3111 2370 3168 saltem
2404 3119 2566 3176 parva
2587 3141 2602 3168 ,
2634 3105 2840 3153 tantum
2888 3089 2963 3145 sis
3011 3087 3061 3140 in
3091 3080 3245 3137 caelo.
3297 3074 3414 3130 Non
3461 3084 3610 3142 pom

2012 3223 2133 3265 esse
2158 3201 2345 3274 virgo?
2391 3196 2615 3268 Nuptias
2665 3184 2926 3268 contrahe
2968 3194 3090 3236 cum
3120 3168 3469 3231 continentia,
3520 3163 3613 3217 sed

2015 3309 2218 3358 tantum
2248 3298 2299 3351 in
2333 3290 2594 3348 Ecclesia.
2633 3258 2750 3338 Non
2781 3287 2933 3348 putes
2963 3285 3084 3327 esse
3124 3263 3319 3333 inops?
3339 3259 3447 3312 Fac
3474 3256 3611 3311 eletu

2016 3403 2318 3463 mosynatn,
2355 3390 2560 3438 tantum
2593 3377 2646 3430 in
2675 3366 2936 3433 Ecclesia,
2956 3369 3162 3417 tantum
3193 3356 3247 3411 in
3273 3349 3616 3408 vestimenta,

2019 3440 2254 3463 ...-_J_._,
2303 3440 2317 3452 ,

2019 3496 2225 3542 tantum
2254 3479 2354 3535 sub
2377 3474 2584 3545 regina.
2622 3468 2947 3522 Dcauratum
2982 3453 3388 3512 vestimentum,
3413 3440 3621 3496 varium

2019 3577 2420 3634 vestimentum.
2447 3566 2561 3621 Non
2590 3561 2682 3616 tibi
2715 3551 2941 3613 occlude
2971 3549 3112 3602 viam
3148 3561 3160 3598 :
3195 3543 3450 3596 virtutum
3479 3533 3622 3587 enim

2020 3671 2174 3742 copia
2203 3665 2365 3736 Regis
2389 3655 2847 3730 dispensationem
2889 3645 3100 3702 facilem
3125 3636 3320 3693 reddit.
3350 3631 3416 3686 In
3441 3627 3623 3683 vestitu

2028 3723 2137 3742 ⁷⁷1⁷⁷
2287 3723 2316 3736 ν
2478 3723 2492 3730 -

2023 3763 2268 3817 deaurato
2324 3749 2680 3812 circumdata,
2731 3741 2970 3796 varietate
3015 3740 3217 3787 ornata.
3273 3723 3488 3780 Varium
3545 3725 3625 3772 est

2023 3854 2143 3923 ejus
2173 3849 2591 3905 vestimentum:
2625 3852 2688 3892 ac
2735 3835 2779 3889 si
2815 3831 2895 3886 vis
2916 3869 2930 3896 ,
2964 3820 3286 3898 profundum
3327 3814 3486 3883 hujus
3515 3825 3627 3866 ser-

2027 3944 2204 4000 monis
2233 3938 2462 4009 explica,
2491 3949 2555 3988 ac
2579 3930 2702 3986 vide
2723 3924 2975 3982 vestitum
3002 3917 3340 3973 deauratum.
3372 3907 3470 3962 IIlc
3484 3903 3628 3959 enim

2027 4043 2154 4092 sunt
2178 4027 2449 4089 monachi,
2474 4024 2564 4080 alii
2597 4015 2913 4076 houorabile
2940 4005 3271 4067 connubium
3303 3999 3509 4062 colunt,
3530 4008 3632 4049 nec

2030 4127 2256 4183 multum
2279 4123 2345 4175 ab
2376 4119 2481 4174 illis
2511 4116 2746 4176 distant;
2777 4107 2870 4162 alii
2897 4119 3032 4159 unas
3050 4108 3370 4155 contraxere
3396 4089 3630 4158 nuptias,

2029 4219 2149 4274 alite
2178 4213 2353 4269 vidua:
2385 4218 2511 4264 sunt
2563 4211 2724 4260 :ctatc
2771 4200 3047 4254 ﬂorentes.
3087 4189 3267 4255 Quare
3317 4179 3635 4254 paradisus?

2034 4323 2198 4370 uuare
2212 4303 2428 4361 varius?
2450 4299 2665 4355 llabens
2695 4292 2903 4348 scilicet
2933 4287 3111 4339 varios
3134 4280 3312 4343 llorcs,
3334 4285 3389 4331 et
3411 4275 3638 4328 arbores

2033 4413 2088 4457 et
2117 4400 2313 4454 multas
2367 4390 2704 4465 margaritas.
2757 4383 2934 4438 Multa:
2982 4376 3169 4439 sti-llic,
3204 4371 3297 4426 sed
3337 4381 3475 4421 unus
3513 4365 3591 4418 sol
3622 4381 3635 4424 ;

2035 4493 2201 4548 multa
2228 4485 2442 4542 vivendi
2490 4495 2687 4553 genera
2716 4520 2730 4543 ,
2785 4473 2881 4530 sed
2927 4484 3065 4524 unus
3119 4463 3439 4536 paradisus;
3472 4457 3640 4512 multa

2037 4585 2256 4656 templa,
2281 4579 2374 4635 sed
2408 4591 2546 4632 unus
2579 4570 2859 4646 paradisus
2889 4585 2901 4620 :
2938 4565 3100 4620 multa
3143 4559 3339 4628 templa
3364 4599 3380 4623 ,
3413 4553 3510 4609 sed
3537 4566 3640 4606 una

2040 4643 2397 4733 mulera-Illud
2428 4679 2510 4726 est
2536 4643 2752 4736 corpus,
2780 4660 2908 4716 illud
2941 4656 3105 4721 oculi,
3132 4652 3261 4708 illud
3285 4649 3517 4720 digitus,
3547 4643 3641 4697 sed

2041 4783 2228 4824 nnmes
2259 4781 2414 4819 unus.
2451 4761 2685 4830 Idipsum
2716 4755 2858 4809 enim
2889 4761 2971 4807 est
2992 4761 3212 4820 parvum
3236 4786 3251 4809 ,
3286 4750 3339 4796 et
3367 4753 3645 4808 magnum,

2041 4872 2096 4918 et
2123 4862 2318 4915 minus.
2354 4857 2513 4923 Virgo
2539 4868 2674 4921 opus
2702 4847 2864 4902 habet
2913 4858 2972 4897 ea
2997 4881 3013 4907 ,
3040 4851 3159 4910 qua:
3194 4843 3359 4904 nupta
3385 4839 3497 4884 est:
3521 4843 3644 4881 nam

2044 4955 2193 5023 virgo
2221 4967 2286 5004 ex
2319 4947 2517 5014 nuptiis
2542 4986 2555 5008 ,
2608 4956 2675 4996 ne
2723 4937 2934 5007 nuptias
2963 4936 3302 5001 aSpernctur.
3359 4923 3517 4992 \‘irgo
3564 4928 3649 4974 est

2047 5048 2195 5102 radix
2222 5043 2549 5112 nuptiarum.
2603 5035 2793 5092 Omnia
2817 5030 3154 5102 copulantur,
3190 5035 3350 5092 parva
3400 5014 3607 5085 magnis
3632 5057 3645 5074 ,

2051 5149 2108 5194 ct
2136 5152 2327 5207 magna
2349 5133 2545 5203 parvis.
2569 5127 2780 5182 Adstitit
2807 5125 2984 5195 regina
3009 5137 3038 5173 a
3059 5117 3248 5172 dea-tris
3276 5114 3374 5166 luis
3403 5107 3652 5164 investitu

2049 5235 2293 5288 deaurato
2323 5227 2660 5289 cirutmdata,
2684 5221 2929 5276 varietate
2966 5223 3149 5269 ornata
3187 5212 3204 5278 ί
3241 5207 3387 5261 l’sal.
3419 5204 3506 5258 Μ.
3540 5199 3652 5270 Ill).

2049 5328 2200 5396 Quod
2230 5327 2492 5395 reliquum
2533 5328 2618 5379 est
2643 5359 2657 5384 ,
2691 5314 2848 5380 Audi,
2878 5310 2989 5381 [ilia
3018 5308 3036 5377 (
3064 5305 3209 5359 Psal.
3247 5301 3335 5356 M.
3361 5301 3395 5354 Δ
3420 5298 3464 5367 ).
3519 5295 3653 5349 Pro-

2053 5424 2225 5478 nubus
2267 5421 2360 5486 ait,
2394 5427 2446 5471 te
2476 5424 2817 5485 egressuram
2858 5418 2980 5460 esse
3023 5400 3092 5454 ad
3131 5409 3413 5468 sponsum,
3465 5389 3554 5459 qui
3603 5398 3657 5441 et

2052 5516 2345 5572 substantia
2372 5519 2425 5565 ct
2453 5518 2641 5562 natura
2684 5503 2754 5558 sit
2791 5500 2950 5566 longe
3001 5489 3268 5562 superior.
3301 5487 3413 5554 Ego
3441 5497 3535 5552 pro
3562 5495 3658 5532 nu-

2055 5610 2173 5664 bus.
2227 5606 2381 5670 Audi,
2440 5601 2570 5672 ﬁlia.
2617 5597 2878 5652 Statimnc
2933 5590 3067 5643 facta
3112 5591 3197 5639 est
3227 5578 3402 5633 uxor?
3436 5575 3604 5630 Etiam
3643 5589 3655 5624 :

2057 5702 2187 5758 nihil
2213 5700 2357 5754 enim
2387 5697 2474 5750 hic
2500 5703 2841 5762 corporeum.
2859 5683 3068 5740 Etenim
3099 5689 3157 5732 ut
3178 5687 3400 5731 uvorem
3423 5671 3658 5736 despuu-

2057 5793 2213 5860 savit,
2248 5800 2301 5844 ut
2335 5789 2496 5842 ﬁliam
2517 5759 2708 5852 diligit,
2742 5786 2798 5834 ut
2827 5774 3076 5831 ancillam
3108 5775 3279 5833 curat,
3314 5772 3368 5818 ut
3398 5759 3658 5830 virginem
