4046 6434
440 361 528 416 ιιι
1147 354 1202 410 S.
1242 354 1520 414 JOANNIS
1545 353 2016 414 CHRYSOSTOMI
2055 356 2372 415 ARCHIEP.
2406 356 2939 416 CONSTANI’INOP.

439 487 639 543 servm,
670 485 727 529 ut
755 473 963 528 hortmn
1009 478 1165 526 muro
1194 471 1376 541 cingit,
1409 480 1467 526 ut
1496 472 1793 529 membrum
1838 471 1978 526 fovet
2004 511 2018 536 ,

446 578 505 622 ut
530 573 688 636 caput
718 563 980 634 providet,
1009 575 1064 617 ut
1090 563 1239 617 radis
1269 563 1511 633 pullulat,
1539 573 1600 620 ut
1624 575 1802 635 pastor
1823 565 2023 635 pascit,

443 669 500 712 ut
547 671 778 728 sponsus
810 655 1098 725 desponsat
1121 696 1135 722 ,
1167 663 1227 711 ut
1267 657 1694 726 propitiatorium
1721 656 1987 711 condonat
2010 695 2025 721 ,

443 758 501 801 ut
527 749 644 802 ovis
673 746 1002 812 immolatur,
1035 755 1093 800 ut
1145 761 1376 817 sponsus
1422 748 1474 801 in
1529 747 1726 803 decore
1775 762 2026 817 sponsam

443 849 744 902 conservat,
773 847 828 893 et
854 847 914 892 ut
939 837 1018 892 vir
1044 836 1142 908 ipsi
1175 838 1440 908 providet.
1468 837 1612 892 Multi
1640 847 1768 893 sunt
1792 838 2029 906 variique

446 947 655 996 sensus,
685 943 742 984 ut
770 933 852 986 vel
885 931 1104 985 tninima
1135 932 1547 1002 dispensationis
1591 940 1742 1001 parte
1770 930 2026 985 fruamur.

445 1026 598 1089 Audi,
621 1025 752 1094 ﬁlia,
785 1035 830 1080 et
857 1025 968 1078 vide
990 1068 1005 1092 ,
1025 1035 1079 1080 et
1105 1025 1356 1094 nuptialia
1385 1024 1783 1097 Spiritualiaque
1817 1024 2027 1094 negotia

449 1118 672 1186 respice.
705 1117 861 1182 Audi,
893 1117 1024 1186 ﬁlia.
1073 1116 1195 1171 [hec
1223 1116 1368 1185 prius
1397 1115 1698 1170 daemonum
1729 1114 1834 1169 ﬁlia
1872 1125 1984 1168 erat
2011 1155 2026 1180 ,

453 1210 561 1264 lilia
593 1218 749 1265 terrm
773 1251 788 1276 ,
841 1209 954 1278 ipsa
1002 1209 1193 1264 tellure
1239 1208 1491 1280 indigna;
1536 1219 1590 1264 et
1622 1224 1763 1264 nunc
1793 1208 1922 1262 facta
1949 1217 2031 1263 est

447 1303 551 1355 lilia
575 1302 732 1372 regis.
754 1299 1006 1354 ld'autem
1024 1301 1188 1355 voluit
1204 1301 1317 1370 ejus
1337 1310 1564 1355 amator.
1586 1301 1685 1368 Qui
1705 1309 1841 1354 amat
1861 1300 2027 1366 enim,

448 1395 672 1447 formam
715 1409 817 1450 non
849 1393 1108 1462 requirit;
1138 1409 1288 1447 amor
1337 1409 1442 1447 non
1474 1393 1692 1462 respicit
1723 1391 2032 1446 deformita-

450 1497 596 1551 tem;
653 1487 768 1542 ideo
820 1497 998 1540 autem
1048 1496 1264 1540 vocatur
1314 1495 1430 1557 ερως
1470 1527 1484 1551 ,
1549 1486 1670 1556 quia
1724 1485 2032 1555 plerumque

447 1579 748 1635 deformem
772 1589 937 1634 amat.
962 1579 1053 1634 Sic
1080 1588 1133 1632 et
1154 1578 1402 1633 Christus
1433 1577 1559 1632 fecit
1590 1596 1600 1630 :
1627 1577 1922 1632 deformem
1952 1576 2030 1629 vi-

447 1670 566 1740 dit(
595 1687 702 1724 non
731 1671 871 1726 enim
905 1670 1046 1725 illam
1080 1669 1371 1724 formosam
1396 1670 1618 1723 dixerim
1649 1671 1689 1739 ),
1722 1678 1776 1724 et
1810 1668 2031 1722 adama~

448 1762 526 1814 vit
561 1779 574 1815 :
617 1761 862 1832 illamque
887 1763 1123 1827 innovat,
1150 1770 1206 1815 ut
1255 1777 1358 1816 non
1396 1761 1588 1816 haheat
1616 1759 1909 1826 maculam,
1943 1770 2034 1814 aut

451 1869 656 1924 rugam.
687 1853 732 1909 Ο
762 1870 1014 1925 sponsum
1045 1865 1326 1909 ornantem
1355 1854 1742 1908 deformitatem
1782 1867 1990 1921 sponsa:
2017 1853 2030 1906 l

449 1945 606 2011 Audi,
655 1946 784 2013 ﬁlia,
833 1945 954 2000 audi
977 1988 990 2012 ,
1019 1956 1064 2000 et
1114 1945 1243 1998 vide.
1292 1944 1408 1998 Duo
1429 1942 1574 2009 dicit,
1606 1943 1773 2010 Audi,
1802 1953 1856 1998 et
1889 1941 2032 1996 Vide.

454 2035 568 2092 Duo
593 2037 710 2092 haec
739 2053 802 2091 es
835 2044 888 2091 te
916 2046 1059 2104 sunt,
1092 2035 1217 2090 illud
1247 2035 1315 2090 ab
1341 2036 1534 2101 oculis,
1566 2035 1667 2089 hoc
1693 2035 1758 2089 ab
1794 2034 2031 2090 auribus.

451 2129 711 2196 Quoniam
739 2129 903 2201 igitur
928 2127 1026 2183 dos
1052 2127 1168 2197 ejus
1195 2127 1246 2181 in
1273 2126 1456 2181 auditu
1488 2136 1603 2181 erat
1633 2125 1649 2196 (
1679 2126 1723 2179 si
1748 2125 1834 2194 qui
1863 2141 1930 2178 ex
1952 2140 2036 2179 vo-

453 2225 534 2278 bis
563 2223 769 2278 acutius
796 2220 1107 2293 prazvident,
1133 2228 1443 2289 exspectent
1474 2228 1650 2273 tamen
1677 2218 2030 2272 inﬁrmiores:

451 2325 506 2369 et
525 2331 619 2370 vos
647 2313 804 2371 laudo
833 2321 1286 2385 pratoccupantes,
1314 2321 1366 2366 et
1396 2311 1499 2366 illis
1521 2313 1735 2382 ignosco
1763 2309 2041 2380 sequenti-

457 2407 556 2461 bus
583 2405 622 2477 ).
656 2406 906 2476 quoniam
937 2404 1036 2459 dos
1058 2403 1172 2474 ejus
1203 2403 1254 2457 in
1283 2401 1468 2456 auditu
1491 2410 1607 2455 erat
1637 2399 1802 2470 (quid
1832 2409 1912 2454 est
1936 2441 1949 2464 ,
1981 2399 2033 2452 in

453 2498 633 2574 auditu
649 2501 672 2550 ’ἐ
703 2498 758 2552 ln
809 2497 910 2551 ﬁde
943 2513 955 2549 :
987 2494 1124 2549 Nam
1144 2495 1271 2564 ﬁdes
1291 2511 1353 2549 ea:
1371 2494 1547 2547 auditu
1571 2491 1592 2567 [
1612 2491 1763 2548 Rom.
1798 2493 1885 2548 10.
1911 2489 2038 2565 17.]

457 2588 515 2644 In
542 2589 663 2653 ﬁde,
699 2603 802 2643 non
835 2588 886 2641 in
918 2586 1168 2641 fruitione
1189 2628 1203 2652 ,
1241 2601 1339 2642 nec
1367 2585 1418 2640 in
1460 2584 1794 2655 experientia
1818 2583 1964 2638 omni
1995 2585 2036 2658 ),

459 2679 605 2747 prius
633 2677 769 2741 dixi,
791 2678 964 2747 ipsum
994 2677 1046 2731 in
1077 2676 1210 2731 duas
1243 2686 1419 2747 partes
1440 2675 1685 2730 divisisse
1701 2674 1881 2729 dotem
1901 2673 2037 2743 ejus,

455 2781 509 2824 et
536 2769 638 2823 alia
668 2769 766 2839 ipsi
811 2767 1022 2822 dedisse
1052 2782 1149 2838 pro
1174 2767 1494 2832 arrhabone,
1523 2767 1626 2820 alia
1656 2780 1782 2821 vero
1810 2765 1862 2820 in
1903 2766 2041 2820 futu-

457 2878 574 2926 rum
605 2871 815 2932 tempus
843 2861 1131 2931 pollicitum
1162 2876 1302 2916 esse.
1343 2858 1480 2928 Quid
1507 2860 1604 2930 ipsi
1634 2857 1821 2914 dedit?
1841 2857 2040 2912 Pecca-

459 2963 634 3009 tormn
661 2955 870 3009 veniam
905 2992 920 3016 ,
973 2952 1213 3021 supplicii
1265 2953 1630 3006 remissionem
1663 2991 1678 3015 ,
1733 2947 1992 3019 justitiam
2021 2989 2036 3014 ,

458 3044 957 3108 sanctificationem,
996 3042 1437 3113 redemptionem,
1466 3056 1660 3112 corpus
1692 3041 2036 3107 dominicum,

461 3150 700 3191 mensam
725 3135 957 3190 divinam
989 3149 1050 3188 ac
1089 3133 1445 3204 spiritualem,
1498 3143 1828 3188 mortuorum
1858 3147 2038 3187 resur-

459 3226 773 3280 rectionem.
821 3224 948 3279 Hmc
989 3224 1185 3294 quippe
1233 3224 1412 3278 omnia
1456 3223 1754 3278 habuerunt
1791 3222 2040 3293 apostoli.

460 3318 638 3387 itaque
675 3317 775 3370 alia
813 3316 995 3381 dedit,
1045 3315 1148 3370 alia
1177 3314 1462 3385 promisit:
1501 3314 1602 3368 alia
1631 3314 1684 3369 in
1715 3313 2041 3382 experientia

461 3419 615 3463 erant
641 3418 694 3464 et
727 3408 1000 3474 fruitione,
1025 3407 1127 3461 alia
1165 3407 1218 3461 ln
1263 3421 1358 3476 spe
1383 3415 1438 3461 et
1474 3405 1598 3462 ﬁde.
1649 3407 1785 3460 Audi
1827 3406 2040 3459 iterum.

461 3499 600 3568 Quid
627 3498 812 3554 dedit?
839 3497 1128 3568 Baptisma,
1156 3497 1498 3551 sacrificium.
1533 3495 1658 3550 llaec
1687 3497 1737 3549 in
1765 3496 2042 3564 experien-

466 3595 557 3647 tia.
590 3592 722 3648 Vide
768 3603 969 3646 autem.
1023 3590 1161 3658 Quid
1193 3590 1478 3660 promisit?
1530 3588 1994 3644 Resurrcctionem
2025 3627 2041 3654 ,

462 3698 747 3753 corporum
787 3681 1242 3752 incorruptionem
1266 3722 1283 3748 ,
1337 3681 1593 3736 unionem
1631 3694 1752 3734 cum
1799 3678 2000 3749 angelis
2025 3720 2040 3746 ,

463 3776 690 3830 choreas
716 3789 839 3830 cum
869 3774 1203 3844 archangelis
1223 3815 1238 3839 ,
1261 3774 1422 3828 vitam
1453 3772 1507 3829 in
1537 3771 1703 3842 ipsius
1728 3771 1998 3826 consortio
2025 3811 2042 3836 ,

462 3869 624 3920 vitam
681 3865 1052 3931 immortalem,
1103 3864 1243 3920 bona
1290 3863 1417 3931 Quae
1459 3863 1634 3917 oculus
1687 3878 1786 3915 non
1827 3861 1969 3926 vidit,
1999 3869 2046 3914 et

466 3960 605 4013 auris
649 3976 750 4013 non
797 3959 1028 4024 audivit,
1090 3967 1137 4012 et
1192 3958 1248 4011 in
1302 3973 1390 4010 cor
1439 3955 1656 4009 hominis
1713 3971 1814 4008 non
1875 3970 2048 4007 ascen-

464 4052 646 4105 derunt
670 4091 686 4117 ,
729 4067 840 4121 qua:
874 4050 1176 4120 prccparavil
1207 4047 1346 4102 Deus
1370 4046 1692 4118 diligentibus
1734 4047 1824 4115 se(
1852 4046 1902 4100 1.
1928 4042 2044 4099 συν.

462 4144 655 4215 2.9).

539 4235 627 4291 l6.
659 4235 937 4308 lntelligite
963 4235 1013 4289 id
1036 4275 1051 4299 ,
1089 4232 1234 4304 quod
1262 4231 1454 4286 dicitur
1474 4273 1488 4298 ,
1519 4246 1586 4288 ne
1617 4230 1848 4300 perdatis
1874 4229 2000 4284 illud
2033 4248 2047 4284 :

469 4327 590 4383 ideo
617 4326 823 4394 laboro,
857 4335 914 4380 ut
953 4324 1281 4394 intelligatis.
1312 4322 1368 4377 ln
1395 4323 1528 4377 duas
1553 4322 1711 4392 igitur
1737 4330 1911 4390 partes
1933 4330 2050 4375 erat

468 4420 565 4476 dos
585 4417 699 4489 ejus
719 4419 920 4483 divisa;
954 4419 1005 4472 in
1031 4417 1333 4487 prmsentia,
1361 4426 1416 4470 et
1442 4417 1492 4470 in
1520 4414 1692 4470 futura
1717 4433 1730 4482 ;
1765 4415 1817 4470 in
1841 4430 1901 4470 ea
1930 4430 2049 4485 qua:

470 4514 621 4578 visu,
668 4521 720 4567 et
764 4512 817 4565 in
846 4527 906 4566 ea
938 4526 1055 4580 qua:
1083 4511 1263 4564 auditu
1309 4510 1669 4578 percipiuntur
1711 4527 1723 4560 :
1757 4509 1807 4560 in
1844 4523 1902 4561 ea
1933 4522 2050 4576 qua:

472 4606 699 4670 dantur,
741 4603 870 4660 etin
897 4619 959 4658 ea
981 4617 1098 4673 quae
1122 4601 1410 4657 creduntur
1441 4618 1452 4653 :
1485 4603 1536 4655 in
1566 4615 1626 4654 ea
1653 4615 1772 4669 qua:
1798 4599 1849 4653 in
1880 4613 2050 4667 cxpe-

473 4696 661 4752 rientia
680 4739 694 4761 ,
722 4704 776 4750 et
815 4696 866 4749 in
893 4709 953 4749 ea
981 4710 1098 4763 quae
1128 4695 1179 4748 in
1211 4693 1458 4747 fruitione
1487 4708 1499 4744 :
1531 4693 1582 4745 in
1610 4706 1671 4746 ea
1697 4704 1816 4759 quae
1843 4690 1893 4744 in
1920 4705 2054 4759 pra:-

473 4789 609 4847 senti
637 4790 778 4853 vita,
826 4795 878 4840 et
917 4787 968 4840 in
1005 4800 1066 4840 ea
1097 4801 1215 4854 qute
1255 4792 1375 4854 post
1411 4783 1876 4838 resurrectionem.
1927 4780 2054 4836 Harc

474 4880 641 4944 vides,
672 4879 760 4932 illa
787 4876 954 4931 audis.
989 4875 1122 4931 Vide
1151 4876 1306 4946 igitur
1326 4874 1450 4945 quid
1480 4874 1618 4927 dicat
1647 4873 1743 4937 illi,
1773 4880 1831 4926 ut
1858 4887 1925 4925 ne
1953 4887 2052 4939 pu-

477 4980 613 5026 taret
655 4969 796 5040 quod
835 4969 948 5024 hate
975 4969 1148 5025 solum
1187 4969 1521 5036 accepisset:
1549 4968 1646 5021 etsi
1678 4981 1866 5036 magna
1901 4974 2055 5018 erant

475 5075 529 5118 ct
552 5061 854 5126 ineffabilia,
902 5069 955 5114 et
995 5070 1231 5114 mentem
1271 5074 1482 5113 omnem
1529 5059 1852 5127 superantia.
1899 5058 2051 5124 Audi,

478 5155 624 5223 lilia,
664 5164 711 5206 et
755 5152 864 5205 vide
891 5167 910 5206 :
935 5151 1057 5205 audi
1094 5151 1182 5205 illa
1205 5193 1218 5215 ,
1267 5159 1321 5206 et
1348 5150 1462 5205 hinc
1490 5148 1640 5214 vide;
1674 5157 1731 5202 ut
1766 5166 1832 5203 ne
1867 5149 2051 5202 dicas:

479 5246 706 5300 Rursum
733 5243 786 5298 in
828 5243 962 5313 spe?
990 5258 1198 5298 rursum
1231 5242 1282 5296 in
1314 5241 1459 5296 ﬁde?
1499 5257 1708 5295 rursum
1741 5241 1791 5295 in
1832 5239 2055 5294 futuro?

480 5337 545 5390 Et
569 5335 688 5390 vide
719 5335 864 5389 salia
903 5335 973 5389 do
997 5375 1012 5399 ,
1043 5335 1148 5390 alia
1178 5335 1468 5404 promitto:
1500 5333 1588 5386 illa
1631 5333 1812 5401 itaque
1856 5332 1906 5384 in
1939 5346 2050 5399 spe,

481 5428 594 5482 lucc
620 5443 744 5482 vero
774 5429 952 5496 accipe
984 5426 1223 5496 pignora,
1256 5426 1367 5480 haec
1394 5425 1577 5493 accipe
1599 5428 1651 5478 in
1679 5423 2052 5487 arrhabonem,

483 5523 594 5577 lure
617 5524 667 5575 in
686 5523 954 5592 specimen
981 5519 1183 5590 accipe.
1206 5519 1464 5574 Promitto
1487 5519 1580 5573 tibi
1609 5532 1828 5587 regnum
1859 5534 1869 5568 :
1895 5516 2056 5570 crede

482 5632 547 5669 ex
577 5615 942 5683 pratscntibus,
970 5613 1128 5668 crede
1148 5611 1296 5666 mihi.
1326 5611 1566 5681 Regnum
1598 5608 1728 5663 mihi
1758 5607 2058 5676 promittis?

486 5707 678 5760 Etiam.
721 5707 868 5772 Quod
901 5707 1070 5775 majus
1095 5716 1208 5760 erat
1237 5705 1330 5758 tibi
1360 5704 1481 5759 dedi
1510 5746 1522 5766 ,
1556 5718 1746 5772 nempe
1775 5701 2056 5754 Dominum

486 5803 630 5870 regni
659 5845 671 5870 ,
709 5804 804 5867 Qui
837 5803 1039 5871 proprio
1069 5801 1205 5855 Filio
1249 5817 1346 5857 non
1383 5800 1634 5870 pepercit,
1680 5798 1768 5852 sed
1797 5814 1888 5864 pro
1919 5795 2056 5849 nobis

3606 350 3713 404 ΗΞ).

2131 469 2363 528 omnibus
2405 474 2615 527 tradidit
2653 492 2796 539 eum;
2838 474 3086 544 quomodo
3131 490 3230 527 non
3278 474 3424 528 etiam
3473 489 3590 526 cum
3630 474 3718 526 illo

2131 565 2302 617 omnia
2330 564 2471 619 nobis
2492 567 2695 620 donabit
2725 561 2896 636 (Rom.
2925 566 2977 621 8.
3014 565 3144 638 52)?
3175 565 3720 624 Resurrectionemne

2130 654 2226 707 das
2251 658 2576 725 corporum?
2626 657 2819 712 Etiam.
2872 657 3022 726 Quod
3062 658 3233 727 majus
3279 665 3395 711 erat
3438 657 3529 712 tibi
3569 656 3718 711 dedi.

2132 744 2410 812 Quodnam
2440 747 2606 802 illud?
2631 748 2782 818 Quod
2822 749 3066 803 libereris
3086 765 3114 801 a
3144 759 3381 818 peccato.
3424 748 3541 816 Quo
3565 758 3722 817 pacto

2132 837 2303 905 majus
2347 849 2427 892 est
2476 840 2642 893 illud?
2689 840 2820 908 Quia
2878 849 3152 910 peccatum
3203 849 3433 894 mortem
3485 840 3715 908 peperit.

2133 930 2352 986 Matrem
2380 932 2622 987 interfeci
2661 944 2714 988 et
2745 933 2906 988 lilium
2934 949 3040 988 non
3069 933 3385 988 interﬁciant
3409 933 3432 985 ’ἔ
3465 931 3721 985 iudicem

2131 1023 2323 1078 arefecu
2345 1067 2358 1092 ,
2401 1033 2454 1080 et
2493 1024 2718 1080 fructum
2750 1042 2853 1080 non
2888 1025 3106 1080 tollam?
3128 1025 3294 1092 Audi,
3324 1026 3465 1094 ﬁlia,
3501 1035 3547 1078 et
3585 1024 3718 1075 vide.

2135 1116 2270 1185 Quid
2303 1118 2556 1174 videam?
2589 1119 2825 1176 Mortuos
2863 1122 3146 1176 suscitatos
3167 1163 3182 1188 ,
3228 1122 3468 1189 leprosos
3495 1119 3722 1172 munda-

2136 1219 2238 1275 tos,
2267 1227 2422 1267 mare
2445 1211 2706 1268 frenatum
2732 1257 2746 1280 ,
2777 1216 3121 1286 paralyticum
3166 1215 3217 1268 in
3246 1215 3480 1284 vigorem
3503 1215 3722 1268 restitu-

2137 1312 2247 1358 tum
2273 1347 2289 1372 ,
2340 1306 2641 1374 paradisum
2673 1318 2950 1376 apertum,
3001 1322 3164 1376 panes
3191 1307 3418 1361 ubertim
3446 1317 3720 1376 erogatos,

2136 1407 2354 1466 peccata
2381 1398 2550 1453 soluta
2573 1441 2587 1466 ,
2616 1399 2859 1454 claudum
2888 1399 3254 1457 subsilientem
3282 1438 3296 1463 ,
3326 1398 3586 1451 latronem
3625 1412 3719 1467 pa-

2136 1490 2296 1545 radisi
2343 1492 2512 1545 civem
2562 1490 2800 1555 factum,
2852 1492 3190 1561 publieanutn
3237 1490 3289 1543 in
3336 1488 3720 1559 evangelistam

2137 1595 2427 1650 mutatum,
2456 1590 2791 1642 meretricem
2823 1587 3028 1655 virgine
3060 1585 3525 1641 continentiorem.
3557 1580 3720 1646 Audi,

2137 1689 2189 1732 et
2218 1679 2356 1734 vide.
2407 1679 2543 1734 Audi
2588 1680 2673 1734 illa
2703 1721 2718 1743 ,
2765 1679 2878 1733 hzec
2927 1679 3066 1732 vide.
3113 1679 3155 1730 A
3186 1673 3535 1744 praesentibus
3562 1686 3723 1740 argn-

2139 1778 2374 1824 mcntum
2421 1769 2603 1839 accipe
2635 1787 2648 1823 :
2679 1769 2746 1824 de
2793 1769 2897 1823 illis
2939 1768 3100 1823 etiam
3150 1767 3369 1837 pignora
3409 1763 3531 1818 dedi
3574 1761 3666 1815 tibi
3704 1777 3720 1814 :

2139 1861 2254 1917 hmc
2282 1863 2385 1918 illis
2412 1864 2631 1917 meliora
2658 1871 2800 1915 sunt.
2854 1860 3057 1930 Ecquid
3099 1858 3312 1913 tandem
3340 1856 3548 1911 dietura
3569 1869 3630 1908 es
3657 1855 3674 1884 ί
3699 1854 3724 1906 ?

2138 1954 2252 2010 Mea
2277 1955 2391 2010 haec
2415 1963 2555 2010 sunt.
2585 1954 2739 2018 Audi,
2769 1954 2896 2022 ﬁlia,
2917 1962 2962 2006 ct
2990 1951 3119 2005 vide.
3146 1949 3269 2004 ιίίηε
3289 1947 3386 2004 dos
3412 1955 3554 2000 sunt.
3583 1943 3725 2012 Quid

2139 2045 2302 2102 infert
2327 2045 2564 2115 sponsa?
2599 2045 2904 2099 Videamus.
2950 2043 3011 2096 Et
3043 2051 3096 2095 tu
3125 2040 3323 2095 inferas
3358 2052 3587 2107 quoque.
3623 2034 3728 2088 Ec-

2140 2137 2264 2208 quid
2300 2146 2353 2191 tu
2381 2136 2629 2201 tandem,
2675 2145 2732 2188 ut
2771 2150 2839 2188 ne
2882 2146 3101 2188 maneas
3131 2130 3368 2185 indotata
3393 2127 3416 2180 ’ἔ
3460 2126 3569 2196 Ego
3595 2122 3724 2195 quid

2142 2227 2340 2298 possim
2371 2225 2567 2285 inferre
2589 2226 2654 2278 ab
2679 2224 2956 2288 altaribus,
2994 2237 3023 2275 a
3054 2220 3258 2285 nidore,
3289 2234 3317 2272 a
3348 2217 3681 2273 daemonibus
3701 2217 3727 2268 3

2140 2317 2264 2388 quid
2289 2314 2621 2370 inferendum
2649 2315 2860 2368 habeo?
2890 2312 3026 2391 Quid
3049 2313 3070 2365 ?
3096 2310 3429 2364 Voluntatem
3460 2315 3515 2361 et
3542 2304 3722 2360 ﬁdem.

2140 2408 2295 2474 Audi,
2326 2406 2455 2475 lilia,
2488 2417 2532 2459 et
2557 2405 2688 2459 vide.
2723 2403 2926 2475 Ecquid
2945 2402 3024 2457 vis
3052 2400 3274 2456 faciam?
3303 2397 3603 2453 Obliviscere
3629 2412 3724 2464 po-

2145 2504 2323 2573 pulum
2349 2511 2488 2554 tuum
2516 2498 2687 2569 (Psal.
2715 2499 2800 2552 Μ.
2830 2496 2941 2567 ll).
2976 2494 3143 2561 Quem
3172 2491 3426 2568 pepulum
3447 2490 3470 2541 ’ἲ
3513 2489 3723 2541 Dauno-

2145 2611 2276 2662 nas,
2311 2594 2483 2660 idola,
2519 2593 2744 2656 fumum,
2792 2589 3057 2652 nidorem,
3103 2585 3438 2654 sanguinem.
3488 2579 3555 2642 Et
3593 2580 3725 2643 vide,

2143 2701 2191 2746 et
2213 2688 2498 2744 obliviscere
2527 2684 2771 2758 populum
2793 2694 2930 2736 tuum
2951 2721 2966 2747 ,
2998 2690 3042 2734 et
3074 2681 3278 2732 domum
3313 2675 3470 2747 patris
3495 2673 3588 2726 lui.
3635 2669 3728 2724 Di-

2144 2783 2298 2838 mitte
2323 2789 2526 2851 patrem
2552 2817 2566 2843 ,
2599 2785 2654 2831 et
2682 2774 2747 2830 ad
2775 2790 2860 2829 me
2884 2772 3024 2826 veni.
3059 2769 3172 2839 Ego
3197 2769 3412 2822 Patrem
3437 2763 3640 2829 dimisi,
3671 2773 3728 2818 et

2144 2874 2210 2928 ad
2241 2884 2290 2928 te
2314 2871 2434 2926 veni
2461 2912 2476 2938 ,
2524 2878 2576 2922 et
2605 2877 2660 2921 tu
2685 2881 2790 2921 non
2822 2861 3059 2918 dimittes
3103 2860 3314 2915 Patrem
3346 2855 3530 2909 tuum?
3557 2852 3735 2908 (Σιριο-

2145 2981 2260 3024 rum
2284 2963 2411 3020 illud
2435 3003 2450 3028 ,
2480 2959 2689 3022 dimisi,
2716 2958 2783 3012 de
2810 2955 2946 3010 Filio
2986 2953 3220 3019 dictum,
3250 2964 3317 3004 ne
3346 2949 3415 3006 ita
3443 2945 3729 3014 intelligas,

2144 3055 2293 3126 quasi
2339 3051 2619 3107 dimiserit.
2672 3048 2754 3102 Me
2791 3045 2884 3100 tibi
2913 3041 3256 3111 attemperavi
3284 3082 3298 3106 ,
3328 3037 3735 3108 dispensatione

2146 3161 2273 3201 usus
2299 3159 2438 3208 sum,
2467 3155 2680 3196 carnem
2712 3135 2996 3207 assumpsi.
3030 3133 3140 3187 lioe
3163 3129 3364 3202 sponsi,
3389 3129 3492 3182 hoc
3519 3142 3735 3196 sponsas

2145 3247 2226 3294 est
2254 3278 2268 3302 ,
2298 3247 2355 3290 ut
2384 3234 2746 3303 relinquamus
2774 3235 3049 3298 parentes,
3083 3232 3139 3277 et
3167 3235 3264 3276 nos
3291 3228 3476 3274 mutuo
3513 3217 3735 3286 copule-

2146 3347 2286 3387 mur.
2330 3329 2497 3392 Audi,
2531 3325 2659 3394 ﬁlia,
2690 3332 2735 3377 et
2762 3321 2890 3383 vide,
2923 3327 2967 3372 et
2993 3315 3282 3371 obliviscere
3300 3311 3544 3383 populum
3569 3320 3732 3374 tuum,

2147 3435 2193 3482 et
2214 3423 2418 3476 domum
2443 3417 2602 3489 patris
2629 3415 2718 3468 tui.
2769 3407 2969 3479 Ecquid
3010 3405 3139 3461 mihi
3176 3403 3303 3468 das,
3335 3403 3380 3456 si
3409 3400 3736 3456 obliviscar?

2146 3512 2216 3570 Et
2236 3510 2551 3581 concupiscet
2591 3521 2683 3560 rea:
2717 3502 2948 3556 decorem
2979 3490 3306 3564 tuumlibid.
3335 3509 3383 3548 υ.
3417 3491 3528 3563 12).
3561 3491 3737 3546 Habes

2147 3615 2438 3660 amatorem
2468 3599 2772 3656 Dominum.
2793 3594 2851 3651 Si
2881 3593 3026 3648 illum
3056 3597 3348 3644 amatorem
3372 3585 3590 3651 habeas,
3617 3599 3738 3654 qua:

2148 3699 2291 3754 illius
2338 3703 2462 3752 sunt
2500 3693 2684 3761 utique
2723 3687 2891 3743 habes
2917 3702 2930 3739 :
2961 3684 3005 3738 si
3037 3691 3213 3736 tamen
3240 3677 3382 3749 quod
3422 3676 3624 3730 dictum
3653 3681 3738 3728 est

2148 3789 2365 3861 possitis
2416 3784 2711 3855 intelligere
2745 3799 2758 3834 :
2792 3776 3001 3832 subtilis
3050 3774 3246 3847 quippe
3292 3779 3375 3826 est
3425 3767 3734 3831 sententia;

2150 3881 2380 3949 veloque
2397 3876 2703 3933 Jndmorum
2723 3871 2955 3940 linguam
2983 3877 3265 3922 censuere.

2225 3969 2563 4027 Pulchritudo
2604 3963 2831 4034 corporis
2866 3975 2929 4015 ca:
2963 3967 3192 4019 natura;
3239 3953 3425 4007 animi:
3461 3967 3524 4005 ea:
3559 3949 3740 4002 virtute

2155 4061 2506 4133 proﬁciscitur.
2537 4087 2610 4098 —-
2635 4053 2738 4111 Sed
2769 4052 2855 4106 hic
2876 4058 3107 4105 mentem
3127 4045 3378 4100 adhibete
3410 4061 3424 4097 :
3454 4043 3566 4096 sive
3592 4039 3737 4094 enim

2154 4157 2271 4226 quis
2296 4154 2511 4218 audiat,
2540 4151 2658 4206 sive
2683 4161 2789 4202 non
2809 4186 2824 4211 ,
2869 4157 2970 4213 ego
2998 4139 3142 4198 fodio
3161 4180 3176 4206 ,
3202 4153 3302 4208 ego
3334 4146 3528 4192 terram
3559 4141 3740 4187 aratro

2152 4223 2358 4304 scindo.
2404 4243 2572 4307 Audi,
2616 4239 2760 4310 ﬁlia,
2797 4246 2844 4291 et
2882 4232 3028 4298 vide,
3077 4240 3124 4285 et
3166 4227 3455 4283 obliviscere
3495 4223 3738 4293 populum

2153 4350 2328 4404 tuum,
2351 4346 2398 4390 et
2429 4337 2635 4389 domum
2660 4331 2816 4400 patris
2842 4327 2947 4392 lui,
2978 4334 3023 4379 et
3059 4321 3371 4389 concupiscet
3401 4333 3491 4372 rea:
3510 4317 3740 4369 decorem

2156 4439 2316 4483 tuum.
2349 4426 2448 4480 Hie
2463 4425 2712 4478 decorem
2735 4460 2750 4484 ,
2775 4418 2864 4488 qui
2894 4427 3114 4472 sensum
3147 4418 3342 4474 movet,
3374 4407 3624 4477 intelligit
3646 4405 3740 4461 Ju-

2157 4521 2337 4584 dmus;
2368 4533 2473 4572 non
2505 4513 2856 4585 Spiritualem,
2885 4506 2978 4563 sed
3007 4519 3348 4576 corporeum.

2230 4613 2316 4667 17.
2347 4607 2577 4664 Attende
2601 4646 2616 4672 ,
2649 4603 2917 4658 discamus
2955 4613 3076 4668 quae
3121 4597 3191 4651 sit
3223 4607 3476 4663 corporea
3507 4590 3743 4661 pulchri-

2161 4705 2305 4767 tudo,
2338 4712 2392 4757 et
2417 4715 2533 4770 quae
2564 4695 2874 4767 spiritualis.
2921 4691 3015 4745 Est
3043 4689 3240 4752 anima,
3271 4695 3354 4740 est
3380 4697 3598 4752 corpus,
3621 4682 3741 4735 dna:

2158 4793 2468 4852 substantias
2486 4798 2642 4853 sunt;
2682 4796 2764 4841 est
2794 4780 3126 4853 pulchritudo
3145 4776 3385 4846 corporis
3404 4815 3419 4839 ,
3448 4782 3502 4828 et
3529 4781 3608 4826 est
3629 4773 3737 4841 pul-

2159 4885 2402 4942 chritudo
2419 4882 2630 4936 animze.
2653 4879 2782 4945 Qua:
2799 4885 2876 4930 est
2897 4870 3234 4944 pulchritudo
3251 4864 3527 4935 corporis?
3549 4864 3747 4934 Super-

2158 4981 2336 5036 cilinm
2367 4985 2643 5031 extensum
2669 5012 2683 5034 ,
2732 4967 3016 5023 subridens
3054 4963 3222 5034 gratia
3262 4961 3539 5014 oculorum
3566 4999 3581 5023 ,
3610 4973 3744 5026 gena

2160 5073 2356 5127 rubens
2378 5111 2390 5134 ,
2435 5067 2570 5121 labia
2602 5065 2828 5136 puniceo
2855 5060 3053 5122 colore,
3085 5057 3279 5111 collum
3309 5063 3567 5116 erectum,
3593 5067 3745 5104 coma

2163 5163 2350 5218 leniter
2396 5159 2693 5219 ﬂuctuans,
2745 5153 2890 5222 digiti
2935 5148 3228 5220 praelongi,
3267 5153 3472 5198 statura
3516 5151 3744 5202 arrecta,

2162 5252 2362 5308 candor
2389 5248 2752 5304 efﬂorescens.
2801 5245 2924 5298 llrcc
2969 5237 3308 5309 pulchritudo
3338 5233 3582 5302 corporis
3611 5232 3692 5284 vel
3717 5248 3746 5284 a

2166 5354 2351 5399 natura
2376 5382 2394 5406 ,
2433 5342 2516 5394 vel
2543 5355 2571 5392 a
2613 5339 2886 5390 voluntate
2908 5332 3158 5386 efﬁcitur.
3214 5328 3268 5379 In
3295 5324 3542 5381 confesso
3570 5332 3746 5375 autem

2165 5447 2246 5491 est
2275 5451 2304 5490 a
2347 5443 2532 5488 natura
2575 5427 2857 5496 proﬁcisci.
2914 5421 3144 5478 Attende
3193 5428 3251 5472 ut
3302 5413 3748 5486 phil050pborum

2165 5527 2482 5582 sententiam
2512 5524 2739 5578 ediscas.
2794 5518 2918 5572 Ηίεο
2963 5507 3339 5585 pulchritudo,
3393 5507 3504 5561 sive
3548 5507 3748 5567 vultus,

2166 5622 2277 5676 sive
2305 5619 2606 5681 oculorum,
2637 5629 2729 5668 seu
2757 5626 2922 5665 conice
2945 5651 2958 5674 ,
2993 5623 3084 5661 seu
3111 5602 3298 5659 frontis
3317 5641 3331 5669 ,
3361 5599 3444 5654 vel
3475 5612 3504 5651 a
3536 5606 3748 5659 natura,

2232 5803 2244 5831 ¹
2287 5795 2443 5856 Sani,
2470 5793 2642 5857 etquid
2670 5793 2755 5850 vis,
2783 5791 2949 5851 inquit.
