4046 6432
244 357 341 414 Ml

247 469 577 540 παράδεισον
627 468 891 540 τειχίζει,
933 469 1025 522 κα¹ι
1069 470 1147 534 ώς
1201 468 1361 542 μέλος
1397 467 1684 540 περιέπει,
1732 466 1828 519 καὶ

244 554 321 617 ὼς
368 553 579 624 κεφαλὴ
626 555 873 625 προνοεῖ,
908 554 1003 607 καὶ
1046 553 1122 617 ὡς
1179 554 1306 627 ῥίζα
1343 570 1585 623 φυτευει,
1630 551 1725 605 καὶ
1751 550 1827 615 ὼς

246 638 450 707 ποιμὴν
502 637 719 708 βόσκει,
777 638 872 691 καὶ
929 638 1005 703 ὡς
1049 637 1281 709 νυμφίος
1346 638 1681 710 ἁρμόζεται,
1735 634 1828 690 καὶ

244 722 319 784 ὡς
373 720 682 791 ἱλαστήριον
749 723 1053 791 συγχωρεῖ,
1101 722 1195 775 καὶ
1249 721 1327 785 ώς
1384 721 1658 793 πρόϐατον
1701 718 1829 773 θύι-

244 822 368 869 ται,
418 806 512 858 καί
542 804 617 867 ώς
666 804 901 873 νυμφίος
943 804 1193 876 διατηρεῖ
1234 807 1292 858 έν
1347 804 1570 869 κάλλει,
1625 804 1721 861 καὶ
1751 802 1829 867 ὡς

243 890 384 960 ἀνὴρ
438 891 656 959 προνοεῖ
703 888 803 959 τῆς
840 888 1187 959 κηδεμονίας.
1225 888 1400 943 Πολλά
1435 888 1503 941 τά
1531 889 1780 956 νοήματα
1802 927 1818 951 ,

243 973 329 1026 ῐνα
370 973 474 1026 κᾶν
538 971 737 1044 μικροῦ
782 972 983 1044 μέρους
1018 974 1118 1044 τῆς
1158 972 1469 1042 οἰκονομίας
1502 969 1827 1024 ἀπολαύσω-

244 1071 365 1127 μεν.
432 1056 759 1119 Ἄκουσον,
798 1055 1084 1125 θύγατερ,
1134 1055 1231 1109 καλ⁸
1284 1054 1392 1119 ἴδε,
1430 1055 1524 1108 κα)⁴
1555 1052 1721 1122 βλέπε
1758 1050 1829 1104 τά

241 1137 457 1206 γαμικά
518 1137 854 1209 πράγματα,
916 1138 1011 1190 καὶ
1069 1137 1436 1208 πνευματικά.
1509 1137 1827 1193 Ἄκουσον,

241 1220 515 1289 θύγατερ.
548 1220 807 1292 Θυγάτηρ
845 1215 914 1290 ἦν
958 1219 1067 1272 τῶν
1099 1219 1372 1290 δαιμόνων
1413 1219 1550 1289 αύτὴ
1584 1216 1827 1289 πρῶτον,

241 1302 489 1373 θυγάτηρ
522 1303 623 1374 τῆς
659 1306 783 1374 γῆς,
832 1300 1029 1369 ἀναξία
1070 1304 1171 1372 τῆς
1200 1304 1304 1375 γῆς
1324 1345 1338 1369 ,
1370 1303 1465 1356 καὶ
1498 1301 1593 1356 νῦν
1636 1300 1829 1370 γέγονε

239 1386 489 1458 θυγάτηρ
533 1387 628 1440 τοῦ
680 1386 963 1459 βασιλέως.
1008 1388 1178 1441 Τοῦτο
1219 1387 1275 1440 δὲ
1317 1387 1581 1457 ἠθέλησεν
1614 1388 1642 1439 ὁ
1684 1384 1829 1457 ἐρῶν

237 1471 432 1541 αὐτῆς.
476 1470 534 1523 '0
559 1471 668 1542 γάρ
700 1472 841 1543 ἐρῶν
873 1473 972 1525 ούκ
991 1471 1234 1539 ἐξετάζει
1277 1472 1476 1542 τρόπον
1498 1489 1512 1504 ·
1545 1470 1573 1522 ὁ
1601 1469 1741 1541 ἔρως
1766 1470 1827 1522 ού

238 1554 431 1625 βλέπει
470 1553 784 1625 ἀμορφίαν·
827 1554 916 1608 διὰ
962 1555 1121 1608 τοῦτο
1165 1556 1221 1608 δὲ
1248 1555 1492 1609 καλεῖται
1517 1553 1694 1624 ἔρως,
1742 1552 1826 1605 ὅτι

237 1637 499 1702 πολλάκις
534 1639 628 1693 καὶ
653 1640 902 1710 ἄμορφον
934 1639 1078 1707 φιλεῖ
1105 1651 1153 1692 ι.
1188 1638 1344 1693 Ούτω
1392 1638 1489 1692 καὶ
1532 1639 1561 1690 ὁ
1587 1637 1822 1709 Χριστὸς

236 1722 525 1789 ἐποίησεν·
566 1723 815 1794 ἄμορφον
841 1718 979 1776 εῖδεν
1019 1724 1101 1793 (οὐ
1148 1725 1259 1795 γάρ
1306 1724 1372 1777 ἂν
1411 1722 1582 1793 αὐτὴν
1613 1722 1826 1793 εἴποιμι

236 1804 582 1877 εὔμορφον),
616 1807 711 1859 καὶ
744 1807 995 1879 ἠράσθη,
1039 1806 1134 1861 καὶ
1175 1808 1320 1861 ποιεῖ
1358 1805 1529 1876 αὐτὴν
1564 1804 1714 1869 νέαν,
1752 1806 1829 1875 μὴ

235 1886 468 1958 ἔχουσαν
507 1887 751 1960 σπῖλονῆ
786 1888 993 1959 ῥυτίδα.
1026 1891 1091 1942 Ὢ
1125 1890 1363 1961 νυμφίου
1391 1887 1829 1951 καλλωπίζοντος

235 1971 519 2042 ἀμορφίαν
564 1971 815 2044 νύμφηςί
864 1975 1193 2038 Ἄκουσον,
1240 1975 1514 2043 θύγατερ,
1566 1974 1824 2037 ἄκουσον,

235 2057 337 2110 καί
372 2055 484 2112 ιδε.
521 2056 627 2110 Δύο
670 2057 842 2127 λέγει,
883 2060 1199 2124 Ἄκουσον,
1229 2058 1348 2123 καὶ,
1386 2056 1603 2117 Βλέπε.
1629 2060 1699 2111 τά
1733 2056 1828 2110 δύο

236 2139 347 2191 ἀπὸ
398 2138 513 2206 σοῦ,
560 2140 632 2195 τά
679 2140 780 2211 μὲν
822 2142 934 2204 τοῖς
975 2140 1297 2211 ὀφθαλμοῖς,
1334 2141 1406 2194 τά
1450 2140 1509 2194 δὲ
1555 2143 1623 2211 τῇ
1663 2141 1825 2211 ἀκοῇ.

250 2222 404 2276 Ἐπεὶ
439 2218 533 2278 οὖν
576 2226 610 2295 η
644 2222 816 2296 προῖξ
845 2224 1015 2296 αὐτῆς
1045 2226 1106 2279 ὲν
1145 2228 1285 2297 ἀκοῇ
1329 2220 1399 2296 ἦν
1423 2239 1438 2256 ο
1478 2227 1527 2277 εἰ
1559 2223 1653 2277 καί
1680 2240 1829 2287 τινες

234 2305 494 2379 ὀξύτερον
512 2308 779 2379 προεῖδον,
799 2310 902 2362 ἀνα
909 2310 1219 2379 μενέτωσαν
1239 2312 1365 2373 τοὺς
1381 2309 1825 2381 ἀσθενεστέρους

237 2392 333 2443 καὶ
372 2391 521 2461 ὑμᾶς
557 2391 767 2445 ἐπαινῶ
802 2392 1197 2463 προλαϐόντας,
1229 2393 1323 2446 καὶ
1360 2392 1592 2455 ἐκείνοις
1630 2409 1826 2461 συγγι-

236 2473 434 2528 νώσκω
465 2474 851 2531 ἀκολουθοῦσιν
871 2494 885 2508 ’
915 2477 1107 2549 ἐπειδὴ
1132 2480 1167 2548 ἡ
1204 2478 1364 2547 προῖξ
1392 2477 1567 2547 αὐτῆς
1603 2478 1661 2529 ὲν
1684 2477 1823 2549 ἀκοῇ

233 2554 303 2629 ἦν
333 2559 427 2628 (τί
456 2562 608 2615 ἐστιν
626 2562 685 2615 ὲν
714 2562 882 2632 ἀκοῇ;
922 2562 1011 2615 Ἐν
1037 2563 1238 2617 πίστει.
1288 2561 1359 2616 Ἦ
1382 2564 1493 2632 γὰρ
1521 2562 1729 2627 πίστις
1756 2562 1827 2625 ἐξ

233 2640 459 2711 ἀκοῆς·
491 2643 549 2697 ὲν
586 2644 790 2711 πίστει,
825 2647 925 2698 οὐκ
965 2648 1022 2699 ὲν
1052 2646 1374 2711 ἀπολαύσει,
1406 2647 1507 2698 οὐκ
1554 2647 1613 2700 ἐν
1660 2650 1827 2716 πείρᾳ

236 2725 440 2797 πάσῃ),
472 2730 754 2800 προεῖπον,
781 2728 861 2782 ὅτι
891 2730 970 2793 εἰς
1002 2729 1097 2783 δύο
1121 2730 1263 2801 μέρη
1294 2729 1456 2783 διεῖλε
1483 2729 1588 2801 τὴν
1618 2730 1826 2802 προῖκα

235 2814 431 2884 αὐτῆς,
460 2816 558 2869 καὶ
584 2814 653 2868 τά
682 2816 782 2886 μὲν
808 2816 1009 2871 ἔδωκεν
1047 2819 1185 2889 αὐτῇ
1226 2818 1349 2872 ἀντί
1378 2817 1719 2890 ἀρῥαϐῶνος,
1760 2819 1828 2870 τὰ

234 2897 294 2950 δὲ
320 2898 689 2969 ἐπηγγείλατο
721 2900 859 2971 αὐτῇ
891 2902 972 2964 εἰς
1001 2901 1063 2954 τὸ
1094 2902 1307 2972 μέλλον.
1337 2901 1402 2954 Τί
1426 2904 1563 2972 αύτῇ
1586 2896 1787 2954 ἔδωκεν
1811 2918 1825 2967 ;

242 2981 485 3036 Ἔδωκεν
517 2983 656 3053 αὐτῇ
688 2983 1108 3055 ἁμαρτημάτων
1142 2986 1511 3059 συγχώρησιν,
1549 2986 1825 3049 κολάσεως

238 3066 457 3134 ἄφεσιν,
498 3067 866 3140 δικαιοσύνην,
903 3070 1198 3141 ἀγιασμὸν,
1232 3070 1632 3141 ἀπολύτρωσιν,
1668 3069 1831 3139 σῶμα

236 3148 580 3217 δεσποτικὸν,
628 3151 907 3222 τράπεζαν
942 3153 1116 3218 θείαν,
1168 3154 1569 3226 πνευματικὴν,
1620 3152 1831 3223 νεκρῶν

238 3232 556 3291 ἀνάστασιν.
607 3235 797 3290 Ταῦτα
837 3236 947 3309 γὰρ
999 3238 1176 3291 πάντα
1218 3234 1365 3308 εἶχον
1414 3240 1466 3293 οἱ
1517 3237 1831 3291 ἀπόστολοι.

241 3316 457 3369 Οὐκοῦν
488 3317 557 3371 τά
601 3318 701 3388 μὲν
740 3320 962 3385 ἔδωκεν,
998 3320 1067 3373 τά
1096 3321 1152 3374 δὲ
1188 3322 1555 3392 ἐπηγγείλατο
1577 3338 1591 3351 ο
1621 3322 1717 3374 καὶ
1763 3320 1834 3374 τὰ

245 3399 343 3466 μὲν
373 3400 433 3452 ἐν
462 3401 627 3472 πείρᾳ
650 3397 719 3472 ἦν
752 3403 846 3454 καὶ
883 3402 1203 3468 ἀπολαύσει,
1234 3406 1303 3458 τὰ
1340 3404 1397 3457 δὲ
1431 3406 1490 3457 ὲν
1528 3403 1704 3458 ἐλπίδι
1739 3405 1835 3457 καὶ

242 3483 301 3535 έν
328 3481 531 3537 πίστει.
574 3486 685 3538 Kal
714 3488 899 3540 ἄκουε.
942 3489 1007 3540 Τί
1037 3488 1205 3541 ἔδωκε
1232 3504 1246 3553 ;
1280 3489 1354 3542 Τὸ
1384 3488 1691 3559 βάπτισμα,
1734 3487 1834 3557 τὴν

244 3564 457 3623 θυσίαν.
485 3567 670 3620 Ταῦτα
701 3571 759 3622 ὲν
793 3571 960 3643 πείρᾳ
983 3588 997 3602 ο
1027 3570 1191 3640 βλέπε
1212 3572 1290 3626 δέ.
1324 3573 1390 3625 Τί
1426 3570 1828 3642 έπηγγείλατος

257 3647 599 3718 ’Ᾱνάστασιν,
630 3652 901 3722 σωμάτιον
921 3652 1253 3724 ἀφθαρσίαν,
1288 3656 1389 3725 τὴν
1426 3655 1567 3725 μετὰ
1586 3654 1836 3722 ἀγγέλων

243 3730 460 3798 ἓνωσιν,
496 3733 598 3804 τὴν
653 3735 794 3806 μετά
837 3736 1197 3808 ἀρχαγγέλων
1243 3737 1485 3811 χορείαν,
1536 3740 1635 3811 τὴν
1678 3736 1834 3811 [402]

248 3814 369 3884 μετ’
409 3816 575 3870 αὐτοῦ
621 3818 925 3883 πολιτείαν,
971 3820 1072 3891 τὴν
1113 3820 1260 3891 ζωὴν
1287 3822 1387 3891 τὴν
1421 3823 1719 3895 ἀκήρατον,
1768 3823 1837 3875 τά

246 3896 452 3966 ἀγαθά,
479 3901 549 3954 Ἀ
566 3901 874 3971 ὀφθαλμὸς
900 3900 1166 3968 οὐκεῖδε,
1187 3905 1285 3958 καί
1307 3901 1415 3971 οὖς
1440 3907 1553 3960 οὐκ
1582 3905 1835 3975 ἤκουσε,

248 3980 350 4034 καί
371 3981 471 4035 έπί
506 3984 760 4052 καρδίαν
790 3986 1105 4054 ἀνθρώπου
1134 3990 1247 4043 οὐκ
1274 3988 1480 4059 ἀνέϐη,
1517 3989 1554 4045 d
1594 3991 1840 4062 ἡτοίμα-

248 4080 364 4119 aer
387 4069 421 4120 ὁ
448 4068 594 4134 Θεὸς
619 4067 744 4137 τοῖς
773 4069 1089 4140 ἀγαπῶσιν
1110 4075 1319 4128 αὐτόν.

322 4177 421 4236 ις’.
445 4172 640 4226 Σύνετε
668 4173 729 4227 τὸ
759 4174 1070 4247 λεγόμενον,
1111 4177 1184 4250 μὴ
1221 4178 1523 4251 ἀπολέσητε
1558 4180 1688 4235 αὑτό
1706 4198 1721 4213 ·
1748 4182 1838 4236 διὰ

250 4256 409 4310 τοῦτο
432 4258 660 4328 κάμνω,
712 4260 801 4314 ῖνα
834 4263 1085 4333 νοήσητε.
1122 4264 1217 4328 Εἰς
1241 4263 1335 4318 δύο
1367 4261 1460 4319 οὖν
1486 4261 1555 4336 ἦν
1588 4266 1761 4337 αὐτῆς
1798 4270 1831 4339 ή

252 4341 414 4413 προῖξ
458 4342 787 4415 διῃρημένη,
824 4348 904 4410 εἰς
940 4346 1009 4399 τά
1040 4348 1306 4419 παρόντα,
1356 4352 1451 4404 καὶ
1480 4352 1563 4415 εἰς
1591 4351 1661 4406 τὰ
1708 4351 1839 4422 μέλ-

251 4424 413 4478 λοντα
430 4440 445 4455 ο
480 4426 561 4489 είς
587 4427 657 4479 τά
677 4426 950 4498 ὁρώμενα,
982 4432 1074 4484 καί
1096 4433 1176 4495 εἰς
1197 4431 1266 4485 τὰ
1298 4433 1636 4506 ἀκουόμενα’
1670 4437 1752 4499 εἰς
1770 4435 1838 4489 τά

250 4511 533 4583 δεδομένα,
561 4516 655 4568 καὶ
684 4518 765 4581 εἰς
800 4518 870 4570 τὰ
901 4521 1268 4590 πιστευόμενα
1291 4538 1304 4553 ο
1341 4524 1421 4586 εἰς
1455 4524 1525 4577 τὰ
1553 4525 1612 4578 ὲν
1632 4524 1800 4597 πείρᾳ
1820 4564 1836 4588 ,

256 4598 349 4651 καὶ
374 4599 454 4663 εἰς
482 4598 552 4653 τά
580 4602 639 4653 ὲν
682 4602 1010 4657 ἀπολαύσει·
1043 4607 1122 4669 εἰς
1147 4606 1215 4659 τά
1247 4608 1306 4660 ὲν
1330 4610 1396 4679 τῇ
1428 4607 1678 4680 παρούση
1700 4607 1836 4681 ζωῇ,

256 4686 350 4738 καὶ
400 4687 482 4749 εἰς
536 4688 607 4741 τά
660 4691 798 4761 μετά
843 4692 943 4763 τὴν
985 4693 1305 4749 ἀνάστασιν.
1360 4694 1546 4749 Ταῦτα
1597 4695 1837 4767 βλέπεις,

256 4770 440 4823 ἐκεῖνα
481 4771 724 4837 ἀκούεις.
773 4775 947 4827 Βλέπε
986 4772 1099 4840 οὖν,
1148 4778 1201 4829 τί
1252 4777 1401 4847 λέγει
1435 4780 1599 4851 αὐτῇ,
1634 4780 1723 4835 ἵνα
1764 4782 1840 4853 μὴ

254 4854 478 4927 νομίσῃ,
502 4856 584 4909 ὅτι
610 4857 782 4911 ταῦτα
808 4860 965 4929 μόνον
990 4861 1147 4915 ἔλαϐε
1169 4879 1183 4892 ’
1208 4864 1385 4917 καίτοι
1419 4864 1632 4934 μεγάλα
1652 4861 1720 4938 ἦν
1748 4868 1843 4921 xal

254 4939 546 5010 ἀπόρρητα
570 4943 663 4995 καὶ
688 4946 869 4997 πᾶσαν
899 4946 1135 5009 διάνοιαν
1159 4949 1579 5020 ὑπερϐαίνοντα.
1621 4952 1841 5005 Ἀκου-

256 5039 392 5086 σον,
433 5025 711 5095 θύγατερ,
755 5030 855 5081 καί
892 5030 1010 5084 ἴδε·
1041 5031 1274 5085 ἄκουσον
1296 5036 1479 5087 ὲκεῖνα
1500 5077 1515 5100 ,
1547 5037 1641 5090 καὶ
1674 5035 1840 5105 βλέπε

256 5105 428 5159 ταῦτα
455 5125 468 5137 ·
503 5108 591 5160 ἴνα
632 5113 706 5182 μὴ
747 5112 911 5183 λέγῃς
937 5154 951 5177 ,
991 5113 1157 5168 Πάλιν
1202 5118 1287 5169 ἐπ’
1327 5118 1541 5185 ἑλπίδις
1584 5120 1749 5173 πάλιν
1784 5122 1841 5173 ἐν

258 5192 474 5256 πίστει;
508 5196 666 5248 πάλιν
706 5199 763 5249 ἐν
801 5198 879 5267 τῷ
912 5201 1197 5268 μὲλλοντι;
1232 5203 1340 5255 Kal
1377 5203 1542 5273 βλέπε
1564 5222 1577 5235 ο
1614 5204 1683 5259 τὰ
1742 5208 1841 5277 μὲν

257 5274 470 5346 δίδωμι,
502 5279 570 5332 τι
605 5280 661 5331 δὲ
696 5281 1135 5352 ἐπαγγέλλομαι·
1181 5287 1367 5340 ἐκεῖνα
1401 5288 1499 5357 μὲν
1530 5284 1624 5342 οῦν
1668 5274 1842 5343 ὲννέλ-

258 5365 391 5450 πίδι,
427 5365 600 5450 ταῦτα
628 5368 684 5421 δὲ
714 5368 842 5423 λάϐε
879 5372 1130 5443 ἐνέχυρα,
1157 5374 1333 5450 ταῦτα
1360 5377 1493 5431 λάϐε
1516 5378 1837 5450 ἀρῥαϐῶνα,

257 5447 427 5500 ταῦτα
460 5448 592 5502 λάϐε
628 5453 707 5515 εἰς
753 5453 1045 5521 ἀπόδειξιν.
1098 5447 1649 5532 Ἐπαγγέλλομαίσοι
1691 5463 1841 5534 βασι-

320 5619 346 5699 ς
375 5617 564 5699 figam;
613 5624 685 5669 ὅτι
728 5625 956 5699 πολλάκις
969 5628 1062 5699 ριαὶ
1090 5628 1311 5699 ,ἄμορφον
1351 5634 1505 5699 φιλεῖ.Δ
1538 5634 1841 5699 Etymologi-

260 5691 348 5763 Em
373 5685 850 5759 ῖηἝρωεςηπαρὲιστὸ
882 5690 1013 5763 λέρεῖν
1052 5685 1144 5763 τᾲς
1165 5685 1317 5763 ψυχὰς
1488 5685 1703 5758 ἐρώντων
1746 5685 1843 5754 τ’όῐς

262 5741 590 5824 ξρωμένοιιῃῤι
612 5741 737 5824 ἐστιίς
761 5741 971 5824 ξπεσθοὶς
998 5741 1277 5824 τυφλᾲςγᾶρ
1300 5741 1327 5801 ό
1348 5757 1467 5818 ἐρῶν
1486 5741 1589 5819 πέρὶ
1616 5760 1700 5810 τοῦ
1726 5741 1841 5824 {pL-3:

260 5815 416 5857 gmw.
451 5806 551 5855 Sed
576 5806 664 5856 hoc
689 5810 916 5859 ultimum
939 5812 1001 5862 de
1030 5806 1223 5864 (IhriSlb
1249 5806 1345 5866 {hci
1370 5806 1557 5880 inquit:

798 352 1075 411 IIOMILIA
1115 351 1199 407 DE
1237 350 1463 407 CAPTO
1502 347 1855 408 EUTBOPIO
1884 347 1974 405 ET
2014 350 2103 406 DE
2142 344 2554 404 DIVITIARUM
2594 340 2968 400 V‘ANITATE.

3421 342 3530 398 412

1929 465 2080 522 λείαν
2104 486 2118 500 ο
2156 470 2379 524 πίστευε
2413 465 2524 522 ἀπὸ
2540 462 2651 518 τῶν
2676 460 2982 533 παρόντων,
3017 457 3245 511 πίστευέ
3273 476 3387 528 μοι,
3423 458 3530 511 Ba-

1932 556 2138 611 σιλείαν
2168 576 2258 629 μοι
2304 553 2650 625 ἐπαγγέλλῃς
2688 549 2819 603 Ναί.
2854 545 2927 600 Τὸ
2970 545 3160 617 μεῖζόν
3202 562 3284 598 σοι
3325 546 3525 610 ἔδωκα,

1929 640 2021 693 τὸν
2047 640 2329 711 Δεσπότην
2356 640 2456 709 τῆς
2503 632 2809 707 βασιλείας,
2840 630 2911 695 ὅς
2948 646 3019 701 γε
3046 629 3153 682 τοῦ
3196 630 3351 683 ἰδίου
3391 630 3530 685 Υίοῦ

1927 724 2040 778 οὐκ
2073 723 2388 793 ἐφείσατο,
2431 717 2574 775 ἀλλ’
2630 715 2787 784 ὑπὲρ
2840 712 3017 784 ἡμῶν
3099 713 3343 767 πάντων
3388 725 3534 783 παρ.

1928 810 2155 866 έδωκεν
2184 811 2391 865 αὐτόν’
2424 805 2552 872 πῶς
2573 805 2709 874 οὐκὶ
2746 802 2844 857 καί
2868 800 2996 855 σὺν
3026 799 3188 865 αὑτῷ
3226 801 3300 854 τὰ
3330 801 3531 853 πάντα

1932 892 2079 963 ἡμῖν
2108 892 2451 963 χαρίσεται;
2494 888 2818 942 Ἀνάστασιν
2856 883 3017 947 δίδως
3048 883 3350 953 σωμάτων;
3394 883 3527 938 Ναί.

1933 974 2008 1029 Τὸ
2045 975 2230 1045 μεῖζόν
2280 990 2365 1027 σοι
2392 972 2590 1027 ἔδωκα.
2635 971 2830 1033 Ποῖον;
2892 966 3304 1036 Ἀπαλλαγῆναι
3339 967 3525 1036 ἀμαρ-

1932 1057 2072 1121 τίας.
2108 1056 2234 1118 Πῶς
2260 1055 2322 1110 τὸ
2372 1054 2592 1127 μεῖζον;
2628 1054 2752 1106 Ὅτι
2796 1052 2889 1105 τὸν
2930 1050 3161 1105 θάνατον
3210 1050 3242 1119 ὴ
3279 1048 3531 1118 ἁμαρτία

1932 1140 2140 1195 ἔτεκεν.
2173 1140 2284 1211 Τὴν
2318 1138 2531 1210 μητέρα
2564 1137 2796 1207 ἕσφαξα,
2826 1134 2923 1190 καί
2950 1134 3043 1187 τὸν
3070 1134 3184 1186 υἱὸν
3213 1132 3273 1186 οὺ
3309 1131 3522 1201 σφάξως

1932 1226 2033 1297 τὴν
2069 1224 2231 1293 ῥίζαν
2277 1224 2539 1294 ὲξήρανα,
2590 1222 2684 1275 καὶ
2728 1220 2820 1273 τὸν
2869 1217 3083 1289 καρπὸν
3128 1218 3230 1270 οὐκ
3277 1214 3526 1284 ἀναιρῶ,

1938 1309 2276 1373 Ἄκουσον,
2329 1308 2612 1375 θύγατερ,
2662 1302 2762 1357 καί
2814 1302 2927 1356 Ζδε.
2983 1300 3048 1353 Τί
3092 1300 3219 1364 ῖδως
3277 1299 3528 1370 Νεκροὺς

1933 1389 2336 1460 ἐγειρομένους,
2364 1387 2601 1459 λεπροὺς
2630 1383 3063 1458 καθαιρομένους
3082 1424 3095 1447 ,
3132 1382 3529 1454 χαλινουμένην

1936 1473 2236 1537 θάλασσαν,
2304 1470 2681 1543 παραλυτικὸν
2738 1468 3136 1538 σφιγγόμενον,
3196 1466 3529 1537 παράδεισον

1933 1557 2305 1628 ἀνοιγόμενον,
2342 1556 2539 1626 ἄρτους
2582 1552 2962 1624 πηγάζοντας,
2996 1551 3371 1621 ἁμαρτήματα
3404 1549 3528 1602 λυόο

1934 1656 2097 1711 μενα,
2146 1638 2322 1710 χωλὸν
2356 1637 2637 1709 πηδῶντα,
2673 1637 2878 1709 λῃστὴν
2920 1634 3250 1707 παραδείσου
3302 1632 3528 1703 πολίτην

1931 1722 2245 1793 γενόμενον,
2274 1719 2513 1793 τελώνην
2544 1718 2943 1789 εὐαγγελιστὴν
2963 1718 3279 1788 γενόμενον,
3321 1715 3529 1789 παρθέ-

1930 1825 2022 1861 νου
2071 1805 2406 1877 σεμνοτέραν
2465 1806 2567 1875 τὴν
2617 1805 2846 1875 πόρνην.
2884 1805 3212 1865 ΙἌκουσον,
3259 1800 3359 1854 καί
3401 1800 3519 1854 ἴδεν

1932 1891 2163 1945 ἄκουσον
2177 1891 2383 1952 ἐκεῖνα,
2408 1888 2503 1942 καὶ
2526 1887 2692 1959 βλέπε
2710 1887 2906 1941 ταῦτα.
2945 1885 3081 1941 Ἀπὸ
3107 1882 3216 1938 τῶν
3240 1884 3528 1954 παρόντων

1930 1974 2065 2030 λάϐε
2083 1974 2358 2041 ἀπόδειξιν
2382 1991 2395 2004 ’
2418 1972 2512 2026 καὶ
2534 1973 2666 2042 περὶ
2690 1971 2915 2025 ἐκείνων
2937 1970 3117 2024 ἔδωκά
3146 1985 3229 2022 σοι
3255 1968 3490 2037 ἐνέχυρα
3508 1970 3522 1981 '

1930 2056 2108 2113 ταῦτα
2138 2057 2364 2111 ἐκείνων
2391 2056 2625 2127 ἀμείνω.
2662 2054 2775 2108 Kal
2809 2054 2861 2107 τί
2890 2053 3063 2116 θέλεις
3092 2052 3306 2119 λέγειν;
3339 2049 3528 2103 Ταῦτα

1931 2142 2060 2212 ὲμά.
2099 2144 2420 2206 Ἄκουσον,
2462 2141 2737 2209 θύγατερ,
2768 2136 2868 2191 καί
2901 2137 3013 2191 Ida.
3046 2134 3236 2189 Ταῦτα
3265 2136 3298 2204 ἡ
3341 2132 3524 2205 προῖξ.

1931 2222 1997 2274 Τί
2026 2219 2271 2291 εἰσφέρει
2316 2221 2349 2290 η
2390 2217 2578 2289 νύμφη
2608 2232 2623 2282 ;
2658 2217 2910 2287 ἰδωμεν.
2975 2215 3086 2269 Kal
3132 2215 3198 2268 σὺ
3241 2213 3521 2281 εἰσένεγκε

1928 2309 1982 2361 τί
2028 2325 2179 2376 ποτε,
2220 2307 2310 2360 ἴνα
2350 2304 2426 2377 μὴ
2454 2300 2520 2380 ᾖς
2550 2306 2852 2376 ἀπροικος;
2905 2301 3050 2371 Ἐγὼ
3089 2303 3142 2355 τί
3172 2300 3301 2371 ἔχω,
3338 2301 3527 2371 φησὶν,

1929 2392 2262 2460 εἰσενεγκεῖν
2283 2389 2393 2444 ἀπὸ
2425 2388 2647 2459 βωμῶν,
2669 2388 2778 2441 ἀπὸ
2815 2386 3064 2458 κνίσσης,
3088 2385 3196 2440 ἀπὸ
3221 2384 3527 2456 δαιμόνωνς

1928 2476 1983 2530 τί
2000 2475 2109 2547 ἕχω
2130 2475 2487 2540 εἰσενεγκεῖη
2512 2473 2576 2524 Τι
2597 2471 2857 2546 ;Γνώμην
2878 2472 2970 2525 καὶ
2988 2470 3189 2523 πίστιν.
3203 2471 3524 2532 Ἄκουσον,

1929 2560 2203 2629 θύγατερ,
2224 2558 2320 2611 καί
2355 2556 2463 2610 ἴδε.
2502 2557 2612 2609 Kal
2642 2556 2695 2608 τί
2724 2555 2899 2619 θέλεις
2927 2554 3169 2625 ποιήσιος
3203 2551 3528 2607 Ἐπιλάθον

1929 2642 2036 2696 τοῦ
2060 2639 2216 2696 ζῖαοῦ
2241 2657 2379 2695 σου.
2405 2640 2565 2693 Ποίου
2596 2639 2727 2692 λαοῦ
2750 2656 2764 2705 ;
2789 2639 2909 2691 Τῶν
2936 2638 3227 2709 δαιμόνων,
3254 2636 3360 2689 τῶν
3383 2633 3529 2688 εἰδώ·

1929 2724 2155 2789 λων,τοῦ
2174 2723 2403 2787 καπνοῦ,
2415 2723 2516 2793 τῆς
2533 2722 2779 2795 κνίσσης,
2797 2722 2890 2776 τοῦ
2908 2724 3161 2793 αἵματος.
3176 2722 3285 2775 Καὶ
3305 2720 3327 2771 ἵ
3328 2719 3414 2784 δε,
3429 2717 3529 2771 καί

1930 2808 2221 2863 ἐπιλάθου
2244 2808 2350 2863 τοῦ
2371 2809 2528 2864 λαοῦ
2558 2822 2698 2871 σου,
2731 2808 2826 2861 καὶ
2859 2806 2953 2859 τοῦ
2984 2804 3133 2859 οἴκου
3166 2804 3373 2874 πατρός
3404 2818 3524 2855 σου.

1934 2898 2108 2965 Ἀφες
2130 2896 2221 2950 τὸν
2249 2896 2484 2968 πατέρα,
2516 2897 2609 2948 καὶ
2635 2894 2797 2966 δεῦρο
2819 2892 2958 2963 πρός
2988 2909 3078 2961 με.
3128 2889 3270 2959 ἐγὼ
3298 2890 3387 2943 τὸν
3418 2888 3531 2941 ﬂa-

1931 2985 2067 3056 τέρα
2098 2984 2319 3055 ἀφῆκα,
2350 2984 2448 3038 καὶ
2493 2978 2660 3055 ἦλθον
2690 2981 2833 3053 πρὸς
2862 2981 2922 3033 σὲ
2941 3021 2958 3044 ,
2996 2979 3091 3033 καὶ
3132 2979 3196 3031 σὺ
3231 2978 3331 3031 ούκ
3360 2975 3530 3048 ἀφίης

1932 3072 2024 3126 τὸν
2067 3071 2161 3125 σὸν
2192 3072 2447 3145 πατέρας
2482 3067 2645 3122 Ἀλλά
2663 3067 2743 3132 τὸ,
2772 3066 2987 3139 ἀφῆκα,
3009 3063 3102 3118 ἐπὶ
3128 3062 3223 3118 τοῦ
3259 3060 3415 3128 Υἰοῦ,
3450 3061 3529 3133 μὴ

1934 3158 2323 3229 ὲγκατάλειψιν
2340 3157 2552 3230 νόμιζε.
2574 3156 2949 3227 Συγκατέϐην,
2969 3152 3326 3226 ᾠκονόμηκα,
3350 3150 3528 3221 σάρκα

1935 3248 2219 3303 ἀνέλαϐον.
2257 3248 2428 3301 Τοῦτο
2456 3247 2716 3318 νυμφίου,
2747 3245 2906 3299 τοῦτο
2949 3244 3191 3315 νύμφης,
3227 3242 3314 3294 ἵνα
3348 3254 3525 3293 κατα-

1934 3336 2096 3409 λείψῃ
2118 3338 2243 3401 τοὺς
2262 3335 2477 3405 γονέας,
2504 3335 2596 3387 καὶ
2617 3333 2865 3405 ἀλλήλοις
2891 3328 3285 3402 ἀρμοσώμεθα.
3322 3327 3527 3381 Ἄκου-

1935 3441 2072 3489 σον,
2092 3425 2363 3493 θύγατερ,
2395 3420 2495 3476 καί
2512 3420 2622 3487 ῖδε,
2640 3420 2739 3474 καί
2762 3418 3053 3473 ἐπιλάθου
3078 3415 3187 3471 τοῦ
3206 3413 3361 3470 λαοῦ
3384 3428 3528 3476 σου,

1936 3509 2037 3563 καὶ
2065 3508 2173 3563 τοῦ
2199 3509 2371 3561 οἷκου
2420 3505 2529 3561 τοῦ
2561 3504 2787 3573 πατρός
2822 3517 2962 3558 σου.
2990 3503 3102 3556 Kal
3128 3501 3181 3554 τί
3218 3516 3308 3571 μοι
3349 3497 3530 3559 δίδως,

1937 3596 2035 3650 ὲάν
2063 3594 2215 3668 [405]
2251 3594 2596 3664 ἐπιλάθωμαι
2622 3608 2637 3657 ;
2662 3591 2772 3647 Καὶ
2797 3588 3152 3657 ἐπιθυμήσει
3177 3592 3211 3643 ό
3226 3583 3533 3668 ,βασιᾳεὺς

1936 3666 2366 3739 τοῦνκὰλλους
2411 3689 2549 3727 σου.
2599 3673 2786 3743 Ἔχεις
2817 3672 3059 3743 ἐραστὴν
3104 3668 3194 3721 τὸν
3225 3666 3529 3733 Δεσπότην.

1943 3765 2042 3818 Ἂν
2070 3764 2277 3816 ἐκεῖνον
2297 3760 2535 3832 ἐραστὴν
2562 3758 2713 3831 ἔχῃς,
2751 3759 2817 3812 τὰ
2848 3758 3061 3811 ἐκείνου
3078 3756 3175 3810 καὶ
3201 3754 3365 3825 ἔχεις·
3388 3754 3485 3807 ὲάν
3505 3753 3533 3791 Ιι

1938 3846 2203 3917 δυνηθῆτε
2252 3845 2487 3898 συνιδεῖν
2518 3843 2581 3897 τὸ
2631 3843 2963 3913 λεγόμενονσ
3016 3837 3215 3893 λεπτὸν
3253 3837 3363 3908 γάρ
3414 3836 3534 3917 ἐστι

1939 3929 2000 3982 τὸ
2030 3916 2208 4000 νόημα
2230 3968 2245 3993 ,
2282 3930 2378 3983 καὶ
2428 3926 2693 4001 βούλομαι
2730 3924 3055 3999 ἀπορῥάψαι
3106 3920 3381 3976 Ἰουδαίων
3434 3916 3534 3988 τὴν

1938 4013 2210 4082 γλῶτταν.

2022 4094 2183 4149 Ἀλλά
2236 4092 2551 4149 συντείνατέ
2593 4110 2685 4164 μοι
2732 4092 2830 4164 τὴν
2873 4091 3149 4147 διάνοιαν·
3207 4087 3273 4143 ἀν
3313 4103 3374 4140 τε
3424 4084 3536 4155 γὰρ

1938 4180 2112 4253 ἀκούῃ
2129 4197 2232 4245 τις,
2256 4181 2323 4235 ἄν
2339 4196 2397 4233 τε
2417 4178 2493 4251 μὴ
2513 4176 2709 4253 ἀκούῃ,
2725 4176 2836 4247 ὲγὼ
2851 4177 3102 4233 σκάπτω.
3128 4172 3239 4243 ἐγώ
3266 4170 3531 4244 ἀροτριᾱ

1943 4265 2267 4329 Ἄκουσον,
2306 4264 2578 4333 θύγατερ,
2620 4262 2721 4316 καί
2776 4262 2888 4327 ιδε,
2939 4259 3037 4315 καί
3084 4256 3375 4313 ἐπιλάθου
3425 4253 3533 4309 τοῦ

1936 4347 2093 4403 λαοῦ
2124 4364 2243 4403 σου
2267 4388 2282 4411 ,
2330 4348 2429 4401 καί
2464 4348 2569 4402 τοῦ
2616 4348 2788 4403 οἴκου
2826 4346 2933 4402 τοῦ
2978 4344 3204 4413 πατρός
3237 4358 3388 4403 σου,
3428 4336 3536 4392 καὶ

1938 4432 2297 4502 ἐπιθυμήσει
2325 4434 2358 4487 ό
2389 4431 2695 4497 ,ϐασιλεὺς
2718 4431 2825 4485 τοῦ
2853 4429 3127 4494 κάλλους
3155 4444 3293 4482 σου.
3322 4423 3535 4485 Κάλλας

1940 4513 2176 4570 ἐνταῦθα
2205 4515 2267 4569 τὸ
2300 4515 2561 4589 αἰσθητὸν
2605 4515 2755 4585 λέγει
2785 4516 2814 4569 ὁ
2859 4514 3135 4579 Ἰουδαῖος,
3162 4513 3285 4582 οὐχὶ
3316 4511 3375 4563 τὸ
3399 4526 3531 4579 νοη-

1939 4600 2054 4664 τὸν,
2089 4598 2227 4653 ἀλλά
2261 4598 2322 4653 τὸ
2351 4599 2685 4671 σωματικόν.

2014 4683 2097 4748 ιζ’.
2142 4684 2407 4754 Πρόσχες,
2442 4684 2704 4755 μάθωμεν
2730 4684 2781 4736 τί
2819 4684 2935 4736 ἐστι
2963 4679 3275 4751 σωματικὸν
3314 4677 3532 4739 κάλλος,

1941 4767 2036 4821 καὶ
2060 4766 2114 4820 τί
2143 4768 2259 4820 ἐστι
2288 4767 2496 4839 νοητόν.
2519 4766 2863 4837 Ἐστιψυχὴ,
2886 4766 3002 4819 ἐστι
3031 4765 3209 4836 σῶμα,
3240 4763 3333 4815 δυο
3355 4762 3533 4815 οὐσίαι

1941 4850 2078 4904 εἰσίν
2098 4868 2111 4883 ·
2144 4851 2261 4903 ἔστι
2305 4850 2500 4915 κάλλος
2533 4850 2805 4921 σώματος,
2842 4851 2937 4903 καὶ
2964 4849 3083 4902 ἔστι
3112 4846 3306 4909 κάλλος
3326 4844 3530 4915 ψυχῆςο

1942 4935 2007 4988 Τί
2031 4938 2144 4987 ἐστι
2174 4934 2371 4999 κάλλος
2395 4933 2667 5005 σώματος
2705 4935 2907 5005 Ὀφρὺς
2934 4933 3294 5003 ἐκτεταμένη,
3325 4930 3531 4998 ὀφθαλ-

1946 5020 2046 5088 μὸς
2081 5018 2323 5087 μειδιῶν,
2360 5018 2565 5089 παρειά
2596 5017 3053 5089 ὲρυθραινομένη,
3090 5016 3245 5087 χείλη
3296 5012 3532 5082 φοινικί-

1942 5104 2124 5167 ζοντα,
2177 5102 2447 5175 τράχηλος
2499 5102 2839 5174 ἀνεστηκὼς,
2892 5104 3034 5174 κόμη
3088 5097 3532 5172 κραδαινομένη,

1940 5185 2192 5238 δάκτυλοι
2235 5187 2539 5257 εὐμήκεις,
2604 5188 2790 5259 ἡλικία
2839 5188 3211 5258 ἀνεστηκυῖα,
3265 5184 3532 5252 λευκότης

1943 5276 2273 5329 ἐπανθοῦσα.
2308 5277 2481 5331 Τοῦτο
2508 5279 2570 5331 τὸ
2600 5278 2797 5341 κάλλος
2840 5280 2903 5331 τὸ
2938 5276 3253 5347 σωματικὸν
3293 5273 3401 5328 ἀπὸ
3433 5292 3527 5342 φυ-

1946 5381 2082 5427 σεως
2106 5364 2335 5431 γίνεται,
2366 5365 2397 5434 ῆ
2438 5366 2547 5418 ἀπὸ
2576 5365 2980 5437 προαιρέσεως;
3030 5364 3415 5435 Ὠμολόγηται,
3450 5363 3535 5415 ὅτι

1944 5453 2051 5506 ἀπὸ
2075 5452 2309 5521 φύσεως.
2346 5454 2586 5525 Πρόσεχε
2615 5455 2702 5509 ἵνα
2726 5456 2905 5526 μάθῃς
2932 5453 3240 5524 φιλοσόφων
3257 5452 3529 5522 νοήματα.

1945 5542 2114 5595 Τοῦτο
2142 5542 2201 5594 τὸ
2233 5542 2423 5605 κάλλος
2443 5583 2458 5605 ,
2482 5544 2542 5596 τὸ
2569 5545 2671 5614 τῆς
2698 5545 2892 5614 ὅψεως,
2925 5544 2986 5596 τὸ
3016 5543 3109 5596 τοῦ
3135 5539 3441 5612 ὀφθαλμοῦ,
3470 5541 3533 5591 τὸ

1941 5626 2041 5695 τῆς
2070 5626 2265 5696 κόμης,
2307 5626 2367 5679 τὸ
2394 5626 2489 5681 τοῦ
2534 5627 2809 5698 μετώπου,
2844 5627 3060 5698 φύσεως
3092 5629 3322 5695 γίνεται,
3349 5626 3381 5694 ἢ
3416 5626 3525 5677 ἀπὸ

1950 5826 1961 5834 ἢ
2002 5760 2213 5834 δβενὶᾗ
2233 5764 2290 5809 τὰ
2337 5765 2516 5814 ἐκείνου
2561 5765 2805 5824 κέκτησαι.
2836 5764 2967 5814 Λάϐε
2990 5764 3048 5811 τὰ
3074 5764 3275 5823 ἐπείθου,
3306 5758 3381 5807 καὶ
3412 5756 3533 5821 Exn:

1944 5840 2136 5883 z.-.c:vov,
2167 5841 2261 5871 ίαν.
