4046 6436
255 314 362 370 ιιδ

257 430 405 485 vela
434 425 708 482 voluntate
756 422 1004 481 efﬁcitur.
1049 405 1230 479 Palam
1273 433 1357 477 est
1396 438 1426 476 a
1464 431 1652 477 natura
1687 421 1851 478 efﬁci.

254 520 388 576 Nam
409 519 666 574 deformis
682 519 893 574 etiamSt
918 515 1210 570 innumeris
1224 525 1406 570 utatur
1424 515 1683 580 artiﬁciis,
1710 515 1854 586 quod

255 614 320 666 ad
349 627 546 682 corpus
570 609 791 675 attinet,
820 607 1052 663 formosa
1088 605 1228 661 efﬁci
1256 605 1478 676 nequit:
1507 606 1704 661 etenim
1733 620 1854 676 quae

254 715 378 759 sunt
402 720 432 760 a
457 711 647 760 natura
667 743 682 769 ,
715 703 937 756 immota
958 708 1196 765 manent,
1220 697 1439 754 deﬁnita
1470 699 1732 764 terminis,
1761 697 1850 768 qui

254 795 518 866 prmteriri
557 802 848 864 nequeunt.
895 792 1025 860 Qua:
1049 791 1209 862 igitur
1236 789 1454 860 pulchra
1485 800 1567 845 est
1591 831 1606 854 ,
1637 803 1853 857 semper

252 897 336 942 est
360 885 606 956 pulchra,
637 885 740 940 etsi
767 883 912 939 nullo
935 892 1117 938 utatur
1141 881 1408 948 artiﬁcio;
1436 882 1695 936 deformis
1721 896 1852 937 vero

251 991 310 1032 se
341 977 632 1031 formosam
663 975 840 1032 facere
869 974 1091 1044 nequit,
1135 989 1238 1029 nec
1267 973 1500 1028 formosa
1527 972 1849 1028 deformem.

249 1067 474 1136 Quare?
497 1066 631 1134 Quia
661 1073 869 1121 natura:
894 1075 1019 1120 sunt
1043 1065 1180 1120 hate.
1209 1064 1474 1120 Vidistine
1503 1078 1633 1134 ergo
1658 1078 1854 1131 corpo-

250 1173 399 1215 ream
427 1156 919 1230 pulchritudinem?
954 1157 1153 1212 Eamus
1186 1157 1331 1212 intus
1356 1155 1423 1211 ad
1450 1156 1688 1211 animam
1713 1173 1726 1209 :
1755 1171 1852 1211 an-

246 1250 370 1304 cilla
413 1249 684 1305 dominam
733 1239 909 1303 adeat.
966 1247 1048 1303 Ad
1098 1247 1332 1303 animam
1373 1247 1654 1302 ducamus.
1714 1246 1853 1302 Vide

248 1341 698 1414 pulchritudinem
730 1341 875 1396 illam
902 1382 918 1406 ,
966 1342 1075 1395 imo
1117 1341 1294 1410 p0tius
1336 1340 1489 1405 audi;
1541 1355 1649 1395 non
1698 1347 1853 1410 potes

247 1437 394 1492 enim
421 1437 568 1491 illam
593 1433 778 1490 videre
805 1451 820 1488 :
851 1433 1134 1488 invisibilis
1161 1434 1357 1503 quippe
1381 1439 1483 1488 est.
1536 1432 1674 1487 Audi
1702 1431 1849 1486 illam

248 1526 703 1597 pulchritudinem
768 1524 905 1592 Quid
942 1524 1104 1594 igitur
1127 1533 1211 1578 est
1237 1525 1431 1578 animm
1461 1521 1806 1594 pulchritudo
1826 1522 1852 1576 ἲ

247 1617 645 1687 Temperantia,
675 1615 965 1679 modestia,
993 1616 1356 1687 eleemosyna,
1379 1617 1598 1684 caritas,
1627 1614 1849 1670 fratrum

246 1724 443 1776 amor,
497 1707 826 1779 benignitas,
877 1706 1227 1776 obsequentia
1269 1708 1377 1761 Deo
1404 1709 1674 1778 praestita,
1713 1706 1851 1777 legis

247 1801 557 1857 observatio
576 1840 592 1868 ,
617 1798 846 1869 justitia,
874 1799 1127 1854 contritio
1149 1799 1334 1854 animi.
1370 1799 1498 1855 flare
1515 1800 1710 1855 anima:
1731 1800 1849 1870 pul-

247 1891 518 1948 chritudo.
551 1891 677 1946 Haec
698 1890 879 1962 itaque
903 1899 1107 1945 natura:
1134 1905 1241 1945 non
1271 1899 1415 1958 sunt,
1443 1890 1537 1946 sed
1567 1891 1846 1962 prepositi.

249 1983 325 2039 Ea
354 1985 443 2054 qui
474 1997 581 2038 non
613 1981 812 2048 habet,
839 1981 1062 2052 adipisci
1101 1992 1313 2052 potest:
1339 1984 1429 2054 qui
1461 1982 1657 2047 habet,
1689 1983 1735 2037 si
1760 1998 1853 2038 su-

250 2078 377 2148 pine
403 2091 463 2133 se
487 2084 668 2149 aetat,
708 2077 891 2147 utique
918 2077 1111 2146 perdit.
1152 2075 1220 2132 Ut
1249 2077 1394 2131 enim
1420 2074 1487 2130 de
1513 2089 1742 2144 corpore
1770 2074 1852 2129 di-

247 2172 439 2227 cebatn
465 2211 483 2235 ,
514 2169 813 2228 deformem
840 2185 948 2225 non
988 2185 1146 2239 posse
1176 2169 1469 2225 formosam
1505 2169 1622 2224 ﬁeri
1649 2187 1662 2222 :
1691 2169 1769 2224 sic
1796 2179 1853 2224 et

247 2262 320 2320 de
342 2262 522 2319 anima
550 2256 882 2318 contrarium
911 2261 1068 2329 dico,
1117 2259 1414 2317 deformem
1460 2259 1694 2316 animam
1743 2259 1853 2316 for-

247 2368 458 2410 mosam
481 2354 596 2410 ﬁeri
615 2369 792 2426 posse.
825 2354 960 2422 Quid
983 2354 1127 2412 enim
1156 2355 1334 2409 anima
1353 2353 1505 2409 Pauli
1534 2353 1848 2420 deformius,

246 2446 465 2512 quando
490 2447 836 2517 blasphemus
862 2458 916 2503 et
942 2447 1367 2503 contumeliosus
1390 2448 1544 2502 erat?
1570 2446 1694 2518 quid
1722 2461 1852 2502 vero

248 2538 540 2595 formosius
569 2539 676 2606 illa,
705 2553 826 2595 cum
853 2539 1057 2594 diceret
1087 2558 1101 2595 :
1129 2538 1332 2593 Bonum
1360 2548 1612 2593 certamen
1637 2539 1848 2604 certavi,

247 2646 453 2685 rursum
472 2630 837 2697 consummavi,
865 2631 1020 2700 ﬁdem
1037 2631 1235 2686 servavi
1256 2630 1332 2703 (Ξ.
1355 2628 1486 2684 Tim.
1514 2630 1570 2685 4.
1597 2628 1652 2700 7)
1669 2629 1693 2683 ?
1713 2629 1849 2698 Quid

246 2720 546 2777 deformius
579 2723 756 2778 anima
795 2722 1056 2778 latronis?
1100 2723 1229 2793 quid
1259 2730 1446 2778 contra
1471 2720 1758 2776 formosius
1786 2737 1849 2777 ea

246 2828 371 2869 cum
393 2813 625 2882 audivit,
653 2815 813 2870 Amen
836 2855 852 2879 ,
875 2814 989 2870 dico
1014 2815 1124 2881 tibi,
1154 2814 1306 2869 hodie
1322 2830 1519 2868 mecum
1547 2813 1648 2867 eris
1672 2813 1726 2866 in
1757 2830 1849 2883 pa-

247 2907 423 2962 radiso
466 2906 642 2978 (Luc.
679 2906 774 2964 25.
817 2908 959 2978 43)?
1007 2907 1145 2976 Quid
1193 2907 1488 2963 deformius
1539 2906 1846 2977 publicano,

248 2997 464 3068 quando
489 2997 768 3068 rapiebat?
823 2999 952 3082 quid
979 3014 1113 3054 vero
1147 2996 1432 3053 formosius
1456 2997 1548 3051 illo
1571 3038 1588 3063 ,
1633 2996 1852 3067 quando

247 3089 522 3162 propriam
545 3088 714 3145 edidit
730 3089 1051 3145 sententiam
1074 3089 1098 3143 Ἰ
1123 3087 1288 3145 Vides
1315 3098 1367 3145 te
1395 3087 1623 3142 formam
1652 3102 1850 3157 corpo-

249 3184 326 3239 ris
351 3195 459 3239 non
505 3194 667 3253 posse
713 3190 923 3236 mutare
955 3198 969 3234 :
1003 3195 1110 3236 non
1159 3180 1303 3237 enim
1349 3180 1402 3235 id
1429 3179 1720 3235 voluntatis
1743 3187 1848 3245 est,

247 3274 346 3331 sed
386 3281 614 3330 naturae.
658 3272 869 3329 Anima:
897 3288 1027 3331 vero
1069 3273 1236 3328 decor
1263 3288 1330 3327 ex
1379 3272 1656 3342 proposito
1693 3270 1850 3326 nobis

249 3374 612 3435 comparatur.
641 3366 938 3436 Accepistis
966 3365 1328 3422 deﬁnitiones.
1356 3364 1501 3433 Quas
1527 3363 1699 3420 vero?
1725 3362 1850 3418 Pul-

248 3457 608 3513 chritudincm
644 3459 836 3515 anima:
862 3473 929 3515 ex
967 3459 1316 3530 obsequentia
1356 3470 1484 3528 erga
1525 3455 1693 3511 Deum
1724 3469 1850 3525 pro-

1148 304 1290 365 (ΣοΜ
1327 305 1764 366 SATURNINUS
1793 309 1883 365 ΕΤ
1920 309 2385 380 AURELIANUS,
2430 312 2583 370 ETC.

3459 331 3567 390 816

1965 423 2150 480 ﬁcisci.
2176 424 2234 482 Si
2263 426 2408 482 enim
2436 427 2698 484 deformis
2727 429 2904 486 anima
2942 431 3054 489 Deo
3081 435 3564 506 obtemperaverit,

1959 515 2360 598 deformitatem
2385 519 2553 588 ponit,
2573 528 2628 574 et
2658 521 2889 578 formosa
2906 524 3159 584 efficitur.
3181 525 3360 591 Saule.
3382 529 3567 598 Saulr,

1959 591 2087 678 qui‘d
2109 625 2188 661 me
2215 610 2530 679 persequeris
2555 611 2580 664 ?
2630 609 2734 667 Ille
2758 629 2874 666 vero
2900 654 2915 679 ,
2957 613 3027 670 Et
3049 619 3163 688 quis
3189 635 3240 675 es
3262 660 3279 683 ,
3307 620 3524 678 Domine

1961 701 2074 772 Ego
2118 718 2232 758 sum
2274 704 2427 758 Iesus
2454 704 2594 775 (Act.
2623 704 2676 761 9.
2711 706 2766 761 4.
2817 707 2899 777 5).
2946 707 3013 763 Et
3044 708 3285 767 obcdirit
3305 754 3320 776 ,
3348 724 3402 769 et
3431 718 3566 770 ohe-

1960 793 2160 850 dientia
2187 794 2483 852 deformem
2511 798 2745 853 animam
2775 797 3070 857 formosam
3096 801 3295 859 effecit.
3327 804 3566 861 Rursum

1979 885 2271 956 publicano
2300 885 2435 940 dicit
2470 905 2483 942 :
2524 885 2670 952 Veni,
2703 904 2914 957 sequere
2943 906 3024 942 me
3057 889 3268 959 (Matth.
3295 889 3350 946 9.
3382 891 3458 959 9).
3499 889 3568 944 Et

1974 975 2216 1031 surrexit
2247 975 2591 1044 publicanus,
2629 979 2920 1049 factusque
2947 987 3032 1033 est
3071 981 3355 1048 apostolus
3402 999 3416 1035 :
3466 981 3565 1033 dc-

1972 1061 2170 1118 formis
2188 1064 2371 1118 anima
2395 1063 2636 1121 formosa
2658 1067 2849 1122 effecta
2868 1075 2969 1124 est.
2992 1067 3312 1126 Undenam?
3340 1069 3415 1124 Es
3442 1071 3566 1124 obe-

1971 1153 2197 1210 dientia.
2221 1153 2464 1213 Rursum
2489 1159 2864 1227 piscatoribus
2892 1161 3028 1216 dicit
3052 1178 3067 1217 :
3101 1161 3283 1217 Venite
3313 1173 3431 1233 post
3457 1182 3559 1226 me.

1969 1254 2022 1300 et
2045 1247 2241 1316 faciam
2264 1264 2352 1303 vos
2369 1249 2488 1319 ﬁeri
2509 1253 2802 1320 piscatores
2821 1253 3094 1309 hominum
3122 1254 3342 1325 (Matth.
3367 1256 3424 1309 4.
3451 1257 3562 1322 19),

1967 1352 2148 1410 exque
2195 1340 2508 1399 obedientia
2536 1344 2782 1414 ipsorum
2814 1362 2974 1404 mens
3000 1346 3241 1405 formosa
3275 1349 3418 1405 facta
3453 1359 3560 1408 est.

1967 1428 2070 1487 Hic
2087 1433 2370 1489 videamus
2387 1449 2550 1506 quam
2569 1436 2715 1492 dicat
2734 1437 3220 1509 pulchritudinem.
3239 1442 3402 1508 Audi,
3419 1442 3562 1508 lilia.

1957 1535 2006 1579 et
2034 1525 2146 1579 vide
2168 1567 2182 1593 ,
2213 1536 2261 1580 et
2287 1527 2578 1581 obliviscere
2599 1529 2848 1598 papulum
2872 1536 3014 1582 tuum
3033 1569 3048 1596 ,
3080 1537 3130 1584 et
3163 1528 3372 1584 domum
3406 1533 3568 1600 patris

1959 1617 2034 1670 lui
2053 1657 2069 1682 ,
2117 1629 2164 1670 et
2190 1617 2510 1687 concupiscet
2537 1633 2629 1672 rex
2653 1618 2884 1673 decorent
2909 1627 3072 1674 tuum.
3115 1617 3289 1688 Quem
3314 1619 3565 1676 decorem

1957 1707 2339 1777 concupiscet?
2378 1707 2576 1781 Utique
2612 1713 2825 1765 animm.
2861 1709 3183 1767 Undenam?
3230 1713 3362 1782 Quia
3402 1713 3567 1769 oblita

1955 1806 2060 1854 est.
2093 1797 2263 1865 Dicit,
2305 1799 2442 1854 Audi
2467 1800 2629 1871 igitur
2651 1841 2667 1868 ,
2699 1811 2748 1856 et
2772 1800 3082 1857 obliviscere.
3122 1801 3251 1859 Ηάυϐ
3275 1803 3569 1860 voluntatis

1958 1899 2101 1948 sunt.
2131 1891 2286 1959 Audi,
2316 1895 2409 1948 ait.
2434 1893 2700 1950 Deformis
2719 1894 2888 1960 audit,
2911 1903 2966 1950 et
2989 1894 3303 1967 deformitas
3322 1899 3567 1967 corporis

1958 1998 2068 2039 non
2096 1985 2340 2041 solvitur.
2375 1985 2472 2040 Dic
2502 1986 2786 2056 peccatrici
2812 1985 3029 2054 animas,
3058 1985 3198 2042 Audi
3229 2007 3243 2044 :
3275 1996 3332 2044 et
3358 1989 3402 2042 si
3429 1988 3564 2044 abeo

1956 2075 2068 2131 diat
2089 2118 2105 2144 ,
2139 2077 2261 2133 vide
2284 2076 2429 2148 quali
2453 2076 2652 2135 decore
2677 2086 2922 2134 ornetur.
2951 2078 3087 2147 Quia
3111 2079 3274 2149 igitur
3302 2079 3530 2135 deformi
3547 2111 3564 2121 -

1958 2175 2041 2223 tas
2079 2182 2294 2238 sponsae
2331 2183 2440 2224 non
2479 2177 2597 2226 erat
2637 2169 2938 2238 naturalis,
2991 2169 3090 2225 sed
3114 2169 3413 2226 voluntaria
3437 2171 3569 2246 (non

1957 2256 2102 2313 enim
2140 2258 2386 2316 audierat
2414 2259 2583 2316 Deum
2606 2301 2624 2328 ,
2653 2259 2751 2316 sed
2789 2262 3137 2333 praevaricata
3159 2261 3402 2335 fuerat),
3445 2263 3570 2321 ideo

1958 2347 2062 2404 alia
2091 2349 2236 2404 illam
2279 2350 2545 2408 medicina
2588 2351 2757 2408 ducit.
2811 2352 3080 2408 Deformis
3117 2353 3281 2425 igitur
3309 2352 3446 2410 facta
3483 2371 3566 2421 es,

1960 2455 2067 2496 non
2111 2458 2178 2498 ex
2215 2453 2440 2509 natura,
2482 2443 2579 2500 sed
2617 2459 2686 2500 ex
2722 2444 2998 2501 voluntate
3027 2462 3043 2498 :
3074 2453 3129 2501 et
3166 2460 3236 2502 ex
3262 2445 3568 2503 obedietttia

1959 2533 2196 2590 formosa
2218 2534 2354 2590 facta
2377 2551 2456 2591 es.
2475 2535 2631 2601 Audi,
2655 2536 2788 2607 ﬁlia,
2808 2546 2856 2591 et
2871 2537 3003 2603 vide,
3022 2546 3072 2591 et
3091 2537 3384 2594 obliviscere
3399 2555 3570 2610 popu-

1960 2623 2067 2678 lum
2097 2633 2270 2691 tuum,
2304 2635 2351 2680 et
2370 2625 2580 2680 domum
2604 2629 2766 2698 patris
2794 2629 2868 2681 tui
2892 2643 2911 2682 :
2936 2638 2984 2682 et
3008 2629 3332 2699 concupiscet
3361 2647 3456 2685 rex
3477 2631 3569 2685 de-

1959 2733 2127 2771 corem
2147 2728 2310 2770 tuum.
2340 2713 2550 2774 Deinde
2578 2727 2638 2773 ut
2664 2718 2865 2786 discas,
2893 2734 3018 2776 eum
3048 2718 3136 2775 hic
3157 2720 3290 2775 nihil
3316 2723 3571 2778 sensibile

1961 2809 2164 2876 dicere,
2193 2823 2314 2862 cum
2341 2809 2497 2865 audis
2540 2810 2993 2882 pulchritudinem
3017 2854 3034 2879 ,
3080 2829 3149 2869 ne
3174 2815 3361 2871 oculos
3393 2825 3570 2886 putes,

1959 2917 2066 2956 non
2099 2916 2308 2966 nasum,
2334 2917 2440 2956 non
2466 2917 2548 2969 os,
2573 2919 2681 2958 non
2703 2904 2900 2959 collum
2925 2920 2941 2970 ;
2968 2903 3064 2961 sed
3081 2906 3358 2976 pietatem.
3379 2907 3564 2974 ﬁdem,

1959 2996 2235 3049 caritatem
2261 3035 2277 3060 ,
2319 3009 2439 3063 quae
2467 2993 2612 3049 intus
2637 3005 2802 3051 sunt:
2831 2995 3012 3051 Omnis
3051 2998 3195 3052 enim
3240 2999 3408 3068 gloria
3446 2998 3571 3067 ﬁlia:
3673 3001 3680 3008 ’

1959 3089 2094 3157 regis
2136 3088 2197 3142 ab
2239 3088 2375 3143 intus
2401 3086 2576 3159 (Psal.
2603 3089 2694 3144 44.
2724 3087 2838 3162 Η).
2890 3089 2996 3145 Pro
3028 3089 3112 3145 bis
3149 3106 3287 3168 vero
3316 3092 3571 3146 munibus

1961 3181 2158 3250 gratias
2184 3196 2406 3252 agamus
2434 3181 2546 3236 Deo
2574 3183 2766 3236 borum
2793 3181 3008 3249 datori,
3037 3182 3161 3252 quia
3191 3183 3364 3254 ipsum
3392 3183 3569 3237 solum

1959 3273 2119 3329 decet
2145 3274 2337 3344 gloria,
2369 3273 2563 3344 honor,
2596 3274 2883 3345 imperium
2911 3274 2964 3330 in
2995 3275 3191 3332 saecula
3213 3275 3569 3332 smculorum.

1960 3367 2153 3421 Amen.

1271 3634 1936 3642 —_-—__—.__..—____—_—.
1956 3635 2006 3640 ...-
2019 3634 2120 3640 -_—_
2141 3636 2182 3641 _..
2199 3636 2658 3645 ..-ῃῄ-*-

523 3652 569 3661 σ-
585 3652 1438 3661 —————————————————
1447 3651 1668 3659 _.—_———-—

278 3653 520 3667 .—.—.

1673 3649 2076 3658 ψ..-

845 3945 925 4005 IN
970 3943 1349 4005 IIUMILIAM
1390 3945 1546 4005 CUM
1589 3944 2079 4006 SATURNINUS
2120 3944 2215 4005 ET
2261 3945 2780 4022 AURELIANUS,
2823 3964 2959 4008 ETC.

259 4195 489 4250 dominis
512 4210 576 4249 ea
607 4194 888 4249 calamitas
920 4195 1307 4261 depelleretur;
1353 4195 1512 4263 idque
1552 4198 1772 4248 domum
1814 4209 1844 4248 a
1883 4194 2121 4249 barbaro
2160 4195 2531 4264 impetrasset,
2567 4205 2627 4252 ιιι
2666 4196 2802 4254 satis
2843 4196 3069 4253 haberet
3108 4199 3152 4253 si
3193 4199 3537 4256 Saturninus

258 4315 312 4360 et
358 4307 689 4362 Aurelianus
738 4307 793 4361 in
848 4308 1099 4363 exsilium
1142 4308 1504 4363 mitterentur.
1549 4308 1600 4362 Id
1647 4308 1847 4363 accidit
1879 4323 2027 4364 anno
2069 4309 2292 4365 circiter
2321 4311 2543 4367 ineunte
2582 4312 2708 4378 400,
2744 4323 2802 4367 ιιι
2838 4315 3088 4384 pluribus
3119 4315 3172 4369 in
3210 4316 3331 4370 Vita
3363 4315 3543 4386 Chry-

259 4426 488 4484 sostomi
522 4435 796 4481 narratur.
847 4425 967 4493 Quo
1011 4436 1231 4494 peracto
1267 4427 1485 4497 negotio
1513 4429 1653 4482 hanc
1679 4427 1998 4483 concionem
2031 4429 2261 4496 habuit;
2299 4431 2391 4485 ubi
2426 4432 2492 4487 de
2527 4432 3143 4503 Constantinopolitano
3171 4435 3430 4501 tumultu,
3461 4433 3529 4488 de

259 4545 636 4600 vicissitudine
685 4545 1051 4598 humanarum
1095 4560 1274 4599 rerum
1302 4586 1315 4609 ,
1352 4545 1418 4599 de
1459 4545 1770 4600 divitiarum
1819 4547 2061 4601 vanitate
2111 4547 2388 4618 eleganter
2430 4565 2530 4618 pro
2578 4565 2732 4607 more
2770 4567 2874 4607 suo
2917 4553 3158 4608 disserit.
3196 4551 3544 4622 Paupertatis

261 4664 403 4719 bona
444 4662 796 4733 deprazdicat,
837 4673 1021 4731 utpote
1060 4681 1182 4734 quae
1219 4675 1424 4718 tantam
1464 4675 1684 4735 praestet
1722 4667 2096 4731 securitatem,
2135 4679 2404 4738 quantum
2445 4669 2648 4724 divitiae
2681 4671 2986 4739 periculum
3029 4673 3267 4742 pariunt.
3313 4671 3538 4728 Demutn

259 4784 510 4853 exemplo
542 4782 662 4837 .lobi
695 4783 761 4837 ad
796 4785 1132 4839 calamitates
1169 4786 1383 4839 fortiter
1415 4787 1666 4842 ferendas
1702 4788 1974 4852 hortatur,
2010 4797 2066 4841 et
2097 4788 2179 4841 sic
2212 4786 2537 4841 concionem
2571 4787 2797 4843 claudit.

329 4897 526 4952 Incerti
559 4899 1056 4969 interpretationem
1093 4900 1362 4968 Latinam,
1397 4889 1734 4973 plurimis'in
1770 4902 1904 4960 locis
1931 4904 2299 4969 emendatam,
2335 4920 2365 4958 e
2395 4906 2618 4976 regione
2645 4902 2818 4959 Graeci
2854 4913 3036 4960 textus
3067 4904 3376 4975 p05uimus.

1641 5336 2158 5433 HOMILIA,

244 5488 371 5533 CUI
420 5487 813 5532 SATURNINUS
857 5489 936 5530 ET
979 5485 1377 5533 AUBELIANUS
1421 5485 1564 5528 ACTI
1611 5487 1844 5530 ESSENT
1897 5489 1957 5530 IN
1992 5491 2332 5539 EXSlLlUM,
2383 5492 2462 5534 ΕΤ
2506 5492 2734 5535 GAINAS
2794 5493 3100 5538 EGRESSL‘S
3152 5495 3337 5539 ESSET
3385 5497 3419 5539 Β
3463 5497 3554 5539 ει-

1414 5585 1644 5628 νιτΑτε
1677 5589 1692 5641 ;
1742 5588 1821 5630 ET
1849 5589 1932 5630 DE
1978 5593 2280 5635 AVARITIA
2316 5575 2426 5654 (α).

323 5693 376 5748 t.
407 5691 566 5746 Multo
594 5702 832 5762 tempore
857 5691 974 5746 silui
1003 5732 1015 5752 ,
1065 5701 1118 5745 et
1167 5701 1284 5761 post
1326 5693 1541 5762 longum
1586 5692 1839 5760 temporis

320 5805 393 5866 (τι)
427 5807 602 5856 collata
627 5821 735 5857 cum
760 5815 840 5857 31s.
869 5815 982 5869 urg.
1018 5812 1150 5858 1371.

1957 5698 2188 5765 spatium
2220 5699 2283 5752 ad
2314 5699 2591 5756 caritatem
2625 5711 2856 5756 vestram
2899 5717 3145 5756 reversus
3183 5718 3299 5757 smn
3330 5723 3340 5758 :
3374 5721 3555 5761 verum

1970 5791 2019 5846 id
2055 5808 2158 5847 non
2192 5793 2383 5848 accidit
2415 5794 2518 5851 ulla
2554 5797 2631 5852 vel
2679 5797 2841 5852 animi
2880 5794 3156 5862 socordia,
3199 5797 3283 5853 vel
3317 5799 3556 5867 corporis
