4046 6440
539 331 644 390 (is

535 445 758 510 desidia,
782 441 880 498 sed
910 435 1053 494 abfui
1084 434 1339 490 tumultus
1361 446 1710 500 componens,
1740 429 1930 485 fluctus
1961 438 2119 499 atque

539 542 904 604 tempestatem
940 529 1134 585 sedans
1162 544 1174 581 :
1207 539 1404 596 eosque
1431 523 1520 594 qui
1547 521 1656 592 jam
1685 521 1925 591 (ἴρηκι-εἱ
1944 534 2122 591 cape-

536 635 674 688 rant,
704 625 768 678 ad
807 630 1016 692 portum
1047 629 1101 673 ct
1123 619 1174 672 in
1201 615 1548 686 tranquillum
1571 621 1815 684 porrecta
1846 625 2003 667 manu
2033 627 2117 665 re-

533 721 730 772 ducere
754 714 988 768 studens.
1023 710 1150 765 Sum
1173 709 1317 764 enim
1339 707 1644 761 communis
1670 706 1904 759 omnium
1948 712 2117 773 pater,

533 821 701 876 eoque
725 817 944 858 necesse
958 811 1037 857 est
1067 815 1251 855 curam
1274 813 1430 868 agere
1461 812 1566 851 non
1595 805 1792 850 tantum
1816 809 2000 849 eorum

533 906 705 959 stant,
755 893 848 948 sed
877 907 1063 947 eorum
1095 904 1304 959 quoque
1343 889 1432 958 qui
1471 887 1690 955 oollapsi
1722 895 1843 940 sunt
1878 904 1891 940 :
1921 901 2025 940 non
2053 886 2117 939 il-

535 987 708 1039 lorum
739 993 940 1037 tantum
964 1025 978 1046 ,
1025 983 1115 1051 qui
1146 979 1394 1036 secundis
1422 979 1670 1048 navigant
1699 978 1870 1031 ventis
1890 1019 1904 1043 ,
1939 977 2032 1032 sed
2065 984 2119 1031 et

533 1078 742 1130 illorum
768 1077 856 1146 qui
900 1082 1213 1143 tempestate
1252 1072 1522 1140 jactantur
1548 1087 1561 1122 :
1591 1085 1697 1123 non
1728 1083 1912 1122 eorum
1957 1068 2117 1122 modo

531 1169 620 1236 qui
653 1169 704 1221 in
739 1177 850 1221 tuto
890 1175 1014 1219 sunt
1034 1206 1050 1232 ,
1082 1162 1432 1218 verumetiam
1458 1161 1668 1216 illorum
1695 1160 1780 1230 qui
1811 1159 2114 1229 periclitan-

533 1271 638 1312 tur.
667 1259 862 1312 Harum
889 1271 1016 1311 sane
1049 1270 1224 1310 rerum
1242 1253 1410 1324 gratia
1435 1252 1620 1322 reliqui
1647 1265 1742 1306 vos
1768 1252 1832 1306 ad
1861 1251 2115 1319 temporis

530 1351 780 1422 spatium,
813 1348 1158 1404 obambulans
1182 1389 1197 1414 ,
1227 1345 1559 1411 exhortans,
1591 1345 1882 1412 obtestans,
1913 1345 2114 1413 suppli-

532 1459 680 1508 cans,
714 1451 769 1497 ut
792 1457 820 1494 a
849 1441 1078 1496 dominis
1101 1455 1161 1493 ea
1189 1439 1462 1493 calamitas
1488 1437 1862 1507 depelleretur.
1897 1436 2117 1491 Postea-

531 1549 688 1604 quam
713 1541 889 1586 autem
918 1530 1202 1587 inamtenis
1247 1529 1353 1585 illis
1386 1543 1449 1584 ac
1490 1528 1727 1584 tristibus
1755 1527 1872 1582 finis
1896 1535 1978 1581 est
2006 1528 2117 1580 im-

530 1625 765 1694 positus,
813 1622 988 1677 denuo
1012 1637 1098 1676 me
1122 1621 1188 1675 ad
1224 1635 1320 1676 vos
1349 1619 1561 1688 recepi,
1601 1619 1690 1688 qui
1733 1618 1784 1672 in
1824 1625 1936 1671 tuto
1962 1619 2112 1683 estis,

529 1715 617 1784 qui
646 1714 811 1768 multa
840 1727 960 1768 cum
995 1711 1375 1781 tranquillitate
1413 1709 1694 1779 navigatis.
1741 1707 1822 1762 Ad
1849 1709 1966 1764 illas
1994 1724 2116 1778 pro-

528 1803 696 1858 fectus
719 1818 864 1857 eram
885 1844 900 1867 ,
931 1815 986 1856 ut
1015 1811 1384 1869 tempestatem
1409 1799 1652 1855 scdarem
1682 1817 1695 1852 :
1723 1798 1786 1854 ad
1815 1814 1908 1854 vos
1933 1815 2116 1854 rever-

526 1910 619 1948 sus
642 1907 779 1960 sum,
810 1907 876 1946 ne
901 1906 1004 1962 qua
1028 1899 1317 1960 tempestas
1341 1891 1629 1946 exoriatur.
1661 1889 1739 1944 A‘d
1765 1890 1882 1945 illos
1909 1889 2108 1945 disces-

528 2000 699 2041 seram
728 1993 784 2039 ut
807 1999 902 2040 eos
927 1999 956 2037 a
983 1983 1240 2039 molestiis
1269 1983 1553 2039 liberarem
1589 1982 1690 2038 :ad
1721 1998 1816 2038 vos
1843 1983 2008 2049 redii,
2041 1998 2110 2038 ne

529 2079 581 2133 in
610 2077 879 2133 molestias
927 2076 1188 2131 incidatis.
1239 2075 1698 2144 Quemadmodum
1724 2075 1864 2129 enim
1899 2082 2113 2143 oportet

527 2169 725 2226 habere
751 2183 954 2233 curam,
980 2183 1086 2222 non
1109 2181 1294 2223 eorum
1316 2166 1474 2221 modo
1500 2167 1590 2237 qui
1615 2174 1778 2233 stant,
1802 2165 1894 2221 sed
1923 2180 2108 2222 eorum

527 2277 737 2332 quoque
778 2261 868 2330 qui
893 2258 1024 2329 lapsi
1060 2269 1183 2314 sunt
1213 2277 1226 2313 :
1255 2259 1328 2314 ita
1367 2273 1552 2314 rursus
1593 2273 1700 2313 non
1728 2258 1858 2327 lapsi
1907 2268 2110 2314 tantum

526 2353 680 2408 nobis
707 2351 899 2406 debent
924 2365 1042 2405 esse
1083 2365 1224 2404 cum
1243 2391 1257 2415 ,
1307 2348 1402 2404 sed
1432 2359 1485 2404 et
1515 2357 1714 2405 stantes
1743 2365 1758 2403 :
1789 2348 1887 2415 illi,
1920 2356 1977 2403 ut
2002 2350 2111 2403 eri-

525 2456 748 2515 gantur,
792 2447 842 2499 hi
865 2488 880 2512 ,
914 2461 982 2500 ne
1013 2446 1206 2500 cadant
1237 2463 1250 2498 :
1285 2445 1362 2500 illi
1389 2487 1404 2511 ,
1448 2454 1508 2501 ut
1535 2447 1602 2501 ab
1626 2447 1931 2516 urgentibus
1958 2448 2111 2502 malis

528 2540 836 2605 liberentur,
864 2538 918 2592 hi
937 2579 951 2605 ,
985 2554 1052 2593 ne
1078 2538 1349 2592 incurrant
1376 2537 1427 2592 in
1455 2551 1720 2592 aerumnas
1750 2537 2107 2592 imminentes.

526 2630 665 2685 Nihil
695 2630 836 2684 enim
863 2641 943 2684 est
970 2629 1023 2683 in
1053 2628 1211 2683 rebus
1240 2629 1485 2683 humanis
1511 2628 1732 2696 stabile,
1767 2629 1895 2682 nihil
1924 2630 2110 2682 incon-

524 2735 736 2776 cussum
762 2761 776 2784 ,
806 2719 900 2775 sed
929 2735 989 2775 ea
1021 2729 1146 2776 sunt
1172 2720 1321 2790 quasi
1349 2733 1497 2774 mare
1521 2720 1804 2774 vesaniens
1824 2760 1840 2786 ,
1873 2719 2108 2788 quotidie

527 2813 824 2883 parturiens
847 2810 1116 2882 naufragia
1139 2812 1399 2882 stupenda
1428 2811 1865 2882 gravissimaque.

595 2903 1138 2982 Constantinopolitapi
1184 2903 1425 2956 tumultus
1463 2903 1651 2973 imago.
1679 2932 1750 2943 —-
1785 2903 1973 2958 Omnia
2026 2912 2109 2958 tu-

526 2997 783 3050 multuum
810 3010 871 3050 ac
901 2995 1169 3049 turbarum
1200 2996 1353 3064 plena
1393 3005 1544 3058 sunt;
1590 2996 1765 3049 omnia
1807 2997 2012 3064 seupuli
2053 3007 2106 3051 et

527 3085 852 3155 praecipitia;
896 3086 1070 3139 omnia
1113 3100 1274 3154 rupes
1302 3084 1400 3139 sub
1426 3085 1580 3154 aquis
1623 3085 1883 3148 latentes;
1929 3086 2105 3139 omnia

526 3185 778 3242 terrores,
807 3175 1112 3230 discrimina
1133 3216 1147 3240 ,
1176 3176 1505 3246 suspiciones
1526 3217 1539 3242 ,
1574 3185 1833 3231 tremores
1858 3187 1912 3231 et
1939 3192 2103 3246 ango-

525 3280 632 3320 res.
655 3265 820 3319 Nemo
849 3266 1092 3335 cuiquam
1126 3267 1256 3328 fidit,
1284 3281 1313 3320 a
1345 3282 1441 3320 suo
1469 3267 1690 3336 quisque
1722 3269 1963 3337 proximo
1991 3283 2106 3320 me-

526 3356 643 3410 tuit.
673 3355 909 3424 Tempus
938 3355 1178 3410 fortassis
1220 3356 1348 3410 illud
1377 3357 1427 3410 in
1470 3357 1770 3427 propinquo
1800 3367 1882 3412 est
1907 3399 1920 3421 ,
1967 3357 2108 3426 quod

527 3447 782 3518 propheta
817 3448 1059 3517 depinxit
1103 3447 1186 3501 his
1224 3448 1444 3503 verbis:
1476 3447 1561 3502 Ne
1598 3449 1841 3518 ﬁduciam
1884 3450 2107 3506 habeatis

523 3538 578 3591 in
602 3538 779 3591 amicis
803 3579 816 3602 ,
847 3549 893 3591 et
919 3539 970 3591 in
999 3538 1310 3608 principibus
1335 3540 1490 3592 nolite
1529 3557 1674 3609 spent
1700 3557 1886 3610 ponere
1918 3541 2104 3611 (Mich.

525 3629 579 3683 7.
610 3628 665 3695 5)
692 3645 705 3692 ;
741 3644 770 3682 a
799 3644 896 3684 suo
923 3629 1148 3698 quisque
1180 3630 1420 3697 proximo
1447 3639 1666 3694 cavete;
1707 3631 1747 3682 A
1777 3632 1993 3700 conjuge
2023 3642 2107 3684 tua

525 3738 662 3788 cave,
697 3738 758 3775 ne
781 3721 900 3790 quid
926 3722 1003 3775 illi
1025 3722 1221 3774 credas.
1251 3721 1387 3788 Quid
1429 3723 1499 3775 ita
1528 3721 1779 3776 tandem?
1817 3722 1947 3788 Quia
1976 3733 2108 3776 tem-

527 3826 624 3881 pus
651 3812 842 3865 malum
874 3819 976 3876 est,
1012 3812 1144 3875 Quia
1170 3813 1332 3865 omnis
1365 3815 1519 3882 frater
1543 3813 1816 3866 insidiatur
1847 3814 2104 3876 calcanco,

526 3910 574 3954 et
603 3901 763 3954 omnis
790 3901 982 3954 anticus
1012 3901 1184 3954 dolose
1211 3901 1395 3954 incedit
1427 3900 1643 3973 (larem.
1676 3904 1728 3956 9.
1761 3903 1839 3971 4).
1877 3902 1990 3958 Non
2027 3917 2109 3959 est

527 3992 728 4046 amicus
754 4000 914 4058 tutus,
939 4007 1042 4045 non
1074 3995 1238 4046 frater
1271 3992 1474 4048 firmus.
1505 3993 1780 4048 Sublatum
1811 4003 1894 4050 est
1917 3997 2108 4050 carita-

529 4085 596 4138 tis
622 4085 852 4149 bonum;
898 4084 1055 4139 civile
1083 4085 1281 4139 bellum
1310 4094 1535 4155 occupat
1573 4087 1778 4152 omnia,
1819 4087 1974 4142 civile
1998 4129 2013 4153 ,
2053 4097 2109 4144 et

529 4193 632 4232 non
662 4187 944 4247 apertum,
989 4176 1082 4231 sed
1123 4175 1520 4232 obnmbratum.
1567 4176 1863 4233 Innumerze
1915 4180 2107 4248 ubique

527 4270 706 4336 larvas,
735 4270 1096 4338 simulata:th
1127 4270 1304 4324 iacies.
1328 4269 1490 4324 Multa
1511 4271 1687 4324 ovium
1710 4271 1924 4336 vellera,
1953 4272 2106 4325 innu-

527 4361 658 4414 meri
686 4359 879 4429 ubique
909 4359 1016 4428 lupi
1059 4360 1156 4413 sub
1181 4359 1263 4412 bis
1292 4359 1541 4414 occultati
1576 4377 1588 4412 :
1624 4371 1678 4414 ut
1702 4360 1810 4428 jam
1839 4361 1975 4415 inter
2005 4361 2105 4416 ho-

527 4463 638 4504 stes
665 4450 851 4519 aliquis
892 4451 1054 4502 tutius
1078 4450 1300 4512 vixerit,
1334 4465 1490 4518 quam
1521 4449 1657 4503 inter
1683 4465 1775 4504 cos
1801 4453 1889 4520 qui
1915 4451 2104 4505 viden-

530 4552 617 4595 tur
653 4541 828 4594 amici.
859 4541 956 4607 Qui
987 4540 1096 4593 heri
1141 4539 1521 4605 adulabantur,
1558 4541 1645 4608 qui
1675 4556 1861 4595 manus
1892 4543 2105 4595 oscula.

532 4633 739 4695 bantur,
759 4629 915 4685 hodie
941 4639 1161 4698 repente
1179 4630 1436 4699 comperti
1458 4639 1581 4684 sunt
1602 4645 1718 4683 esse
1738 4632 1936 4692 hostes,
1961 4632 2108 4699 abjeo

527 4723 730 4791 ctisque
763 4720 920 4774 larvis
949 4719 1070 4775 facti
1102 4727 1226 4774 sunt
1250 4721 1498 4773 omnibus
1527 4721 1924 4774 accusatoribus
1953 4736 2106 4774 accr-

528 4815 737 4877 biores;
772 4828 866 4881 pro
891 4813 1080 4880 quibus
1102 4813 1352 4867 hesterno
1378 4813 1464 4866 die
1493 4811 1690 4881 gratias
1714 4814 1973 4883 agebant,
2007 4815 2107 4869 hos

529 4919 670 4958 nunc
698 4904 938 4956 incusant
965 4913 1017 4956 ct
1040 4904 1446 4956 calumniantur.

596 4995 652 5047 2.
685 4994 930 5046 Adversus
953 4995 1247 5054 avaritiam;
1277 4995 1586 5062 paupertatis
1609 4994 1756 5048 bona.
1784 5023 1853 5034 -—-
1873 4995 2000 5063 Qum
2026 5005 2107 5050 est

529 5085 686 5156 igitur
716 5083 904 5137 horum
932 5085 1166 5136 omnium
1195 5099 1349 5136 causa
1367 5086 1390 5135 ?
1422 5085 1766 5138 Pecuniarum
1795 5102 1944 5138 amor
1964 5127 1978 5151 ,
2008 5102 2104 5141 ve-

528 5192 653 5230 s;.na
701 5176 1002 5229 divitiarum
1046 5175 1305 5241 cupiditas
1329 5215 1343 5239 ,
1375 5176 1589 5229 morbus
1621 5177 1926 5231 insanabilis
1948 5219 1960 5240 ,
1993 5177 2104 5230 for-

531 5285 630 5322 nax
673 5285 788 5336 qua:
833 5284 1114 5336 numquam
1153 5269 1540 5338 exstinguitur,
1591 5269 1827 5338 tyrannis
1870 5286 2104 5340 quaqua-

531 5374 740 5413 versum
774 5375 869 5428 per
899 5368 1064 5413 totum
1103 5361 1286 5413 orbem
1318 5371 1572 5414 terrarum
1601 5361 1812 5416 diffusa.
1856 5363 2001 5417 llanc
2037 5366 2105 5420 ob

531 5467 742 5505 causam
779 5461 832 5505 et
879 5466 974 5505 nos
1013 5468 1130 5521 qute
1169 5453 1314 5519 prius
1355 5453 1690 5518 dicebamus,
1744 5471 1883 5509 nunc
1924 5456 2105 5510 dicere

531 5558 636 5594 non
685 5542 1019 5602 desinemus,
1076 5543 1281 5596 tametsi
1329 5557 1496 5610 nuper
1541 5544 1842 5613 complures
1897 5546 2105 5599 incusa-

532 5633 657 5686 imnt
703 5648 797 5686 nos
822 5673 836 5696 ,
889 5633 1010 5684 talia
1058 5633 1369 5699 loquentes:
1403 5632 1545 5688 itane
1572 5651 1855 5703 numquam
1888 5637 2103 5689 desines

532 5724 782 5778 adversus
806 5725 992 5779 divites
1021 5735 1275 5778 armatam
1307 5725 1500 5782 habere
1530 5725 1796 5794 linguam?
1825 5744 1929 5783 non
1960 5729 2099 5784 desi-

1248 319 1303 374 S.
1343 316 1619 373 JOANNIS
1656 310 2130 372 CHRYSOSTOMI
2168 312 2485 370 ARCHIEP.
2526 315 3059 374 CONSTANTINOP.

3712 324 3818 382 ιίϐ

2233 442 2335 483 nes
2356 428 2453 484 hos
2478 431 2689 488 assidue
2729 434 3078 505 impugnare?
3116 435 3252 492 Num
3289 452 3390 508 ego
3417 451 3538 493 cum
3569 437 3675 495 illis
3708 440 3816 496 bel-

2231 519 2338 575 lum
2367 523 2537 591 gero?
2566 540 2691 579 num
2718 526 2973 582 adversus
3001 527 3118 582 illos
3144 531 3364 585 armor?
3390 532 3471 585 Au
3504 547 3612 586 non
3642 535 3818 602 potius

2232 626 2328 681 pro
2349 613 2450 668 illis
2476 625 2666 670 cuncta
2696 628 2803 672 tum
2829 618 2970 684 dico,
3009 629 3116 672 tum
3149 620 3318 686 facio;
3352 621 3449 689 ipsi
3470 637 3601 675 vero
3631 623 3819 678 adver-

2228 717 2317 757 sus
2343 703 2549 773 seipsos
2569 705 2778 777 gladios
2802 708 3034 762 acuunt?
3064 711 3146 764 An
3177 727 3280 764 non
3307 710 3357 765 id
3385 709 3682 766 declaravit
3704 714 3816 781 ipsa

2226 807 2404 847 rerum
2435 796 2763 863 experientia
2793 839 2806 863 ,
2843 799 2983 868 quod
3023 815 3123 871 ego
3165 800 3378 870 quidem
3401 842 3415 866 ,
3449 801 3732 872 increpans
3760 816 3818 858 et

2226 883 2440 939 assidue
2466 887 2754 957 obiurgans
2777 930 2790 953 ,
2823 891 3127 959 qnzercbam
3171 891 3380 946 illorum
3426 893 3769 948 commodum
3798 935 3814 956 ,

2225 976 2320 1031 sed
2349 977 2422 1032 illi
2450 979 2628 1034 verius
2659 989 2782 1035 sunt
2816 982 2995 1038 hostes
3024 983 3112 1052 qui
3145 983 3298 1038 nobis
3328 984 3441 1038 haec
3469 985 3816 1055 loquentibus

2225 1069 2436 1136 culpam
2467 1070 2805 1140 impingunt?
2838 1073 3054 1127 Vidistis
3080 1083 3299 1128 eventus
3330 1091 3510 1131 rerum
3537 1091 3660 1132 cum
3686 1093 3811 1133 ora-

2224 1158 2369 1214 tione
2397 1169 2574 1214 nostra
2601 1176 2916 1232 congruere.
2942 1165 3020 1217 An
3044 1179 3147 1218 non
3171 1180 3384 1234 semper
3411 1166 3540 1235 dixi,
3565 1169 3812 1242 fugitivos

2224 1263 2343 1303 esse
2363 1250 2594 1316 divitias,
2623 1251 2690 1307 ab
2712 1253 2812 1307 hoc
2838 1253 2904 1307 ad
2938 1255 3083 1307 illum
3113 1259 3488 1312 transeuntes?
3510 1262 3684 1330 Atque
3711 1263 3812 1315 uti-

2223 1351 2344 1391 nam
2374 1339 2688 1396 transissent
2720 1341 2892 1396 solum
2913 1383 2928 1408 ,
2981 1359 3084 1397 non
3118 1346 3276 1399 etiam
3303 1347 3624 1404 occidissent
3655 1368 3668 1403 :
3703 1353 3811 1405 uti-

2223 1444 2346 1482 nam
2388 1432 2758 1488 discessissent
2782 1443 2982 1488 tantum
3009 1477 3024 1501 ,
3069 1451 3132 1492 ac
3175 1452 3281 1491 non
3312 1453 3342 1492 e
3386 1440 3565 1495 medio
3595 1457 3811 1511 quoque

2223 1522 2581 1576 sustulissent.
2609 1523 2758 1579 Nunc
2779 1535 2953 1581 autem
2990 1535 3336 1596 prmlcrquam
3365 1529 3506 1598 quod
3529 1529 3806 1595 deserunt,

2221 1614 2380 1668 etiam
2409 1615 2585 1684 gladio
2613 1616 2849 1683 tradunt,
2880 1626 2932 1672 et
2961 1617 3014 1671 in
3043 1618 3350 1672 barathrum
3378 1620 3718 1689 pertrahunt.
3743 1637 3810 1676 eo

2222 1703 2362 1772 quod
2392 1706 2498 1759 sint
2539 1706 2853 1775 periculosa:
2881 1707 3214 1777 proditrices,
3247 1724 3475 1780 eumque
3501 1711 3565 1765 iis
3592 1712 3807 1781 potissi-

2221 1808 2365 1849 mum
2395 1795 2592 1852 bellum
2616 1807 2829 1867 gerunt,
2853 1814 2880 1852 a
2903 1800 3096 1870 quibus
3116 1809 3383 1854 amantur.
3412 1800 3640 1871 ingrata;
3658 1813 3808 1870 sunt,

2221 1886 2474 1958 fugitivm,
2499 1887 2796 1956 homicidae,
2829 1891 3211 1961 implacabiles,
3243 1891 3432 1948 bestiae
3461 1893 3805 1959 incurabilcs,

2220 1981 2571 2051 praecipitium
2598 1983 2952 2055 undequaque
2984 1995 3307 2054 prmruptum
3328 2027 3344 2052 ,
3375 1986 3629 2056 sc0pulus
3665 1988 3808 2041 assi-

2219 2071 2340 2127 duis
2380 2075 2568 2142 plenus
2596 2075 2842 2132 fluetibus
2867 2118 2883 2139 ,
2928 2093 3076 2133 mare
3123 2079 3417 2136 innumeris
3444 2081 3616 2135 ventis
3641 2083 3808 2152 agita-

2221 2170 2354 2230 tum,
2383 2165 2591 2235 tyranni
2621 2167 2813 2222 acerbe
2835 2168 3178 2237 imperantes,
3202 2169 3432 2224 dominae
3457 2171 3648 2240 quovis
3678 2172 3805 2226 bar-

2217 2252 2349 2309 baro
2376 2256 2651 2324 sazviores,
2683 2256 2912 2313 inimica:
2940 2259 3414 2315 irreconciliabiles
3434 2301 3450 2327 ,
3479 2259 3662 2314 hostes
3704 2263 3806 2316 im-

2217 2347 2524 2415 placabiles,
2553 2365 2778 2420 quteqne
2806 2366 3093 2420 numquam
3122 2366 3246 2421 erga
3277 2367 3370 2408 eos
3398 2366 3427 2404 a
3453 2352 3648 2422 quibus
3678 2369 3803 2424 pos-

2217 2439 2478 2503 sidentur,
2512 2442 2788 2496 remittunt
2816 2443 3162 2497 simultatem.

2289 2530 2343 2584 3.
2378 2532 2440 2582 At
2471 2545 2575 2584 non
2608 2531 2910 2600 hujusmodi
2942 2541 3225 2602 paupertas
3248 2572 3263 2600 ,
3307 2531 3401 2588 sed
3427 2532 3490 2586 iis
3517 2546 3637 2602 quae
3665 2533 3804 2589 dicta

2219 2630 2344 2673 sunt
2368 2621 2655 2674 contraria.
2689 2621 2761 2676 Ea
2785 2621 3049 2691 siquidem
3075 2630 3159 2676 est
3195 2631 3364 2677 tutum
3401 2623 3605 2694 asylum
3628 2664 3644 2686 ,
3677 2639 3802 2691 por~

2219 2720 2302 2766 tus
2330 2712 2668 2781 tranquillus,
2700 2723 2956 2782 perpetua
2987 2713 3245 2768 securitas
3266 2755 3280 2778 ,
3309 2713 3514 2768 deliciae
3543 2715 3804 2783 periculo-

2215 2817 2333 2856 rum
2359 2813 2628 2871 expertes,
2657 2803 2898 2872 voluptas
2925 2806 3154 2871 sincera,
3177 2806 3283 2860 vita
3315 2806 3675 2862 turbationum
3706 2823 3802 2862 ne-

2214 2895 2344 2961 scia,
2374 2895 2479 2948 vita
2507 2895 2761 2949 fluctuum
2791 2895 2992 2966 ignara,
3015 2896 3166 2966 copia
3198 2897 3644 2968 inexpugnabilis,
3675 2897 3802 2968 phi-

2215 2985 2471 3055 losophia:
2509 3001 2722 3056 parens,
2754 2987 2965 3042 frenum
2989 2989 3326 3059 arrogantice,
3351 2989 3596 3060 supplicii
3627 2990 3803 3045 subla-

2218 3076 2312 3141 tio,
2343 3075 2493 3130 radix
2531 3077 2824 3133 modestiae.
2855 3079 2963 3132 Cur
2988 3079 3165 3145 itaque
3193 3079 3328 3134 hanc
3355 3078 3654 3149 fugientes,
3684 3080 3801 3136 illas

2217 3170 2593 3237 persequimini
2614 3171 2636 3222 ?
2657 3171 2775 3226 illas
2803 3170 3009 3237 hostes,
3040 3171 3155 3224 illas
3187 3166 3501 3238 homicidas,
3531 3172 3649 3227 illas
3672 3188 3804 3242 qua-

2215 3260 2294 3313 vis
2340 3260 2508 3314 bestia
2566 3262 2870 3316 szeviores?
2925 3262 3069 3317 Talis
3124 3263 3268 3317 enim
3317 3271 3400 3318 est
3453 3278 3800 3331 pecuniarum

2214 3366 2386 3418 amor,
2431 3352 2533 3406 tale
2562 3367 2816 3406 vesanum
2848 3354 2963 3407 auri
2992 3353 3246 3408 studium.
3293 3352 3407 3408 Cur
3451 3353 3660 3408 hostem
3707 3355 3800 3408 tibi

2216 3451 2527 3511 perpetuum
2559 3443 2994 3499 contubernalem
3024 3444 3187 3498 facis?
3215 3460 3309 3499 cur
3340 3444 3565 3498 bestiam
3599 3447 3798 3510 irritas,

2213 3547 2371 3603 quam
2417 3533 2640 3589 delinire
2677 3535 2948 3603 oportuit?
2979 3534 3048 3589 Et
3088 3550 3195 3604 quo
3225 3545 3381 3604 pacto
3406 3577 3422 3601 ,
3466 3537 3639 3605 inquis
3665 3578 3680 3601 ,
3713 3535 3802 3590 lict

2215 3625 2527 3678 mansueta?
2550 3623 2606 3679 Si
2635 3625 2718 3679 vel
2751 3641 2890 3680 nunc
2915 3640 3032 3679 mea
3063 3625 3220 3679 verba
3249 3625 3508 3688 toleretis,
3536 3641 3656 3679 cum
3687 3627 3799 3680 cla-

2213 3712 2310 3767 des
2341 3712 2572 3777 adsunt,
2603 3730 2723 3769 eum
2760 3716 3034 3770 calamitas
3060 3716 3236 3785 viget,
3264 3731 3384 3770 cum
3417 3731 3607 3769 omnes
3639 3716 3692 3769 in
3719 3726 3801 3768 tu-

2216 3804 2382 3858 multu
2413 3814 2536 3858 sunt
2573 3821 2636 3859 ac
2663 3819 2915 3860 manere.
2948 3804 3048 3872 Qui
3075 3805 3187 3858 tieri
3219 3806 3387 3874 possit
3415 3814 3474 3859 ut
3499 3804 3666 3859 bestia
3693 3821 3799 3859 non

2215 3900 2286 3952 sit
2311 3898 2519 3952 bestia?
2547 3898 2805 3968 Equidem
2852 3912 3067 3968 possum
3109 3897 3252 3952 illam
3284 3899 3599 3961 immutare,
3635 3897 3679 3951 si
3705 3913 3803 3952 vos

2214 3991 2390 4046 velitis
2418 4007 2430 4044 :
2461 4005 2584 4045 nam
2613 4007 2674 4046 ea
2700 4006 3006 4046 sermonum
3027 3992 3105 4045 vis
3135 3998 3235 4045 est.
3260 3991 3376 4057 Quo
3395 3999 3553 4061 pacto
3581 3991 3742 4060 igitur
3770 4007 3800 4043 a

2215 4082 2422 4138 feritate
2447 4097 2542 4138 sua
2572 4083 2892 4138 mutabitur?
2919 4083 2973 4138 Si
3001 4082 3344 4138 didicerimus
3367 4082 3636 4154 quomodo
3657 4099 3801 4140 smva

2213 4173 2462 4230 eflicitur.
2494 4175 2772 4242 Quomodo
2797 4190 2924 4246 ergo
2949 4190 3089 4231 szeva
3109 4176 3374 4232 efﬁcitur?
3395 4175 3539 4232 More
3560 4177 3797 4241 leomnn,

2214 4283 2365 4323 more
2395 4269 2676 4336 pardorum
2701 4309 2716 4333 ,
2749 4284 2898 4324 more
2935 4283 3182 4324 ursorum
3203 4311 3218 4337 ,
3251 4270 3340 4340 qui
3363 4269 3491 4323 dum
3520 4269 3803 4325 includun-

2215 4367 2303 4412 tur
2363 4369 2786 4429 coercenturque
2843 4361 2894 4413 in
2946 4361 3222 4425 tenebris,
3275 4361 3486 4430 erigunt
3547 4361 3797 4425 animus,

2214 4461 2514 4519 acuuntque
2541 4451 2647 4504 iras
2670 4466 2683 4501 :
2715 4450 2895 4505 itidem
2924 4460 2976 4505 ct
3004 4451 3201 4505 divitia:
3227 4450 3351 4505 dum
3377 4450 3721 4505 includuntur
3746 4462 3802 4506 et

2215 4541 2575 4606 defodiuntur,
2607 4541 2780 4595 acrius
2808 4544 3018 4612 rugiunt
3038 4557 3197 4611 quam
3219 4541 3421 4604 leones,
3451 4557 3513 4595 ac
3536 4551 3796 4599 terrorem

2216 4631 2448 4701 undique
2475 4631 2734 4685 incutiunt
2760 4649 2774 4696 ;
2807 4631 2947 4702 quod
2979 4632 3022 4686 si
3048 4647 3138 4686 cas
3166 4647 3196 4685 e
3226 4630 3460 4685 tenebris
3484 4631 3683 4687 educas
3704 4675 3717 4698 ,
3745 4645 3802 4690 et

2217 4723 2268 4776 in
2295 4737 2580 4792 egenorum
2605 4733 2816 4778 ventres
2841 4724 3178 4788 dissemines,
3208 4738 3273 4777 ex
3303 4723 3427 4777 feris
3455 4723 3638 4778 bestiis
3667 4724 3802 4781 fiunt

2216 4827 2376 4876 oves,
2427 4829 2489 4866 ex
2523 4813 2728 4866 insidiis
2769 4814 3014 4882 prmsidia
3040 4853 3055 4879 ,
3102 4829 3167 4868 ex
3208 4815 3438 4882 scopulis
3473 4825 3692 4883 portus,
3733 4837 3799 4871 ex

2218 4903 2492 4971 naufragio
2523 4904 2890 4971 tranquillitas.
2921 4903 3357 4974 Quandoquidem
3390 4905 3491 4959 hoc
3525 4914 3581 4959 et
3606 4906 3660 4960 in
3699 4923 3799 4961 na-

2215 4995 2370 5063 vigiis
2399 4995 2573 5047 videre
2604 4994 2726 5048 licet
2763 5011 2773 5046 :
2805 4994 2848 5046 si
2880 4994 3091 5062 quando
3120 5009 3256 5049 onus
3284 5003 3365 5049 est
3386 4995 3534 5064 justo
3561 4999 3798 5066 gravius,

2215 5084 2471 5153 demergit
2498 5085 2740 5153 cymbam
2769 5103 2780 5135 :
2809 5101 3019 5138 rursum
3049 5100 3168 5138 cum
3186 5093 3269 5140 est
3294 5085 3653 5152 moderatum,
3684 5105 3802 5157 prn-

2217 5192 2373 5244 spero
2421 5176 2586 5229 fertur
2631 5192 2808 5229 cursu.
2854 5176 2994 5229 ltiCilI
3036 5193 3135 5230 usu
3182 5177 3326 5232 venit
3358 5178 3408 5230 in
3441 5183 3640 5233 nostris
3670 5182 3801 5234 ωάί-

2216 5271 2312 5322 lms
2344 5288 2354 5321 :
2384 5284 2501 5321 cum
2531 5269 2666 5321 ultra
2697 5285 2850 5335 quam
2897 5283 3022 5321 usus
3049 5268 3313 5336 postulat,
3351 5270 3596 5338 congeris
3638 5286 3796 5339 pecu-

2217 5363 2351 5425 nias,
2377 5361 2554 5431 exigui
2584 5362 2723 5413 venti
2750 5361 2922 5422 flatus,
2946 5369 2998 5413 et
3019 5360 3190 5427 quivis
3209 5375 3387 5414 rerqu
3411 5360 3793 5429 inex~pectata~

2218 5470 2331 5507 rum
2363 5454 2604 5506 incursus
2631 5451 2890 5518 demergit
2919 5465 3038 5503 cum
3067 5451 3192 5503 virts
3214 5451 3457 5520 cymhatn
3490 5469 3500 5504 :
3535 5461 3584 5506 at
3617 5454 3658 5506 si
3690 5464 3798 5507 tau-

2217 5554 2324 5597 ttnn
2359 5559 2585 5610 reponas
2613 5583 2624 5601 ,
2657 5553 2909 5610 quantum
2954 5542 3184 5609 postulat
3230 5543 3519 5595 necessitas
3542 5582 3555 5606 ,
3586 5543 3796 5596 etiamsi

2216 5636 2505 5688 vehemens
2538 5634 2690 5686 turbo
2722 5633 2946 5700 ingruat,
2987 5633 3137 5687 facile
3170 5633 3437 5702 percurris
3463 5631 3646 5686 undas.
3680 5635 3792 5691 Noli

2219 5728 2373 5794 igitur
2407 5725 2521 5794 plus
2551 5725 2948 5794 concupiscere,
2974 5741 3130 5794 quam
3160 5724 3319 5794 exigit
3354 5727 3645 5779 necessitas
3675 5767 3686 5792 ,
3728 5741 3774 5775 lli
