4046 6430
230 353 337 408 435
1139 345 1282 404 CUM
1328 343 1777 405 SATURNINUS
1814 342 1906 400 ET
1944 344 2418 413 AURELIANUS,
2456 343 2608 401 ETC.
3414 340 3520 395 "‘3

224 467 354 530 τοὺς
377 461 748 531 ναυαγοῦντας
781 459 1152 533 ἀνιμώμενος,
1180 462 1310 525 τοὺς
1339 461 1660 533 γινομένους
1680 459 1815 513 ὑπο·
1931 458 2044 528 ἐγὼ
2074 462 2197 515 κατ’
2218 461 2403 514 αὐτῶν
2426 459 2722 528 όπλίζομαι
2744 474 2758 525 ;
2782 455 2884 512 οὐκ
2911 455 3025 526 ἐγὼ
3058 455 3154 527 μὲν
3179 452 3320 524 ὑπὲρ
3338 454 3523 512 αὐτῶν

236 547 496 619 ϐρυχίους
546 546 684 618 πρὸς
736 545 933 616 λιμένα
967 546 1063 598 καὶ
1102 543 1347 616 γαλήνην
1404 540 1817 615 χειραγωγῆσαι
1920 546 2097 602 πάντα
2124 550 2269 618 λέγω
2302 547 2398 602 καὶ
2432 546 2595 611 ποιῶ,
2628 545 2785 600 αὐτοὶ
2812 546 2866 600 δέ
2898 545 3023 599 κατ’
3061 542 3245 597 αὐτῶν
3280 540 3349 594 τὰ
3390 541 3521 612 ξίφη

229 631 505 689 σπεύδων.
537 628 730 692 Κοινδς
753 629 863 699 γάρ
884 629 1002 699 ειμι
1024 627 1246 681 πάντων
1270 628 1477 699 πατὴρ.
1500 626 1596 681 καὶ
1621 626 1683 678 οὖ
1708 622 1818 676 τῶν
1920 633 2227 704 ὴκόνησαν;
2253 636 2355 690 οὐκ
2380 634 2553 702 ἔδειξε
2584 634 2697 688 τῶν
2723 630 3075 705 πραγμάτων
3105 631 3138 700 ἡ
3174 632 3364 701 πεῖρα,
3400 628 3523 692 πῶς

230 716 484 773 ἑστώτων
530 716 713 787 μόνον,
750 715 889 769 ἀλλὰ
932 718 1024 770 καὶ
1061 715 1171 769 τῶν
1200 714 1572 769 πεπτωκότων
1602 709 1821 785 φροντί·
1913 718 2027 789 ἐγὼ
2070 722 2191 791 μέν,
2228 724 2256 775 ό
2286 721 2559 791 ἐπιτιμῶν
2586 720 2681 775 καί⁵
2718 718 2967 789 συνεχῶς
2990 715 3263 785 ἐγκαλῶν,
3296 716 3357 769 τὸ
3379 731 3522 785 συμ-

233 806 347 870 Cm
382 807 711 874 ἀναγκαῖον·
733 804 857 874 οὐχὶ
891 804 1000 858 τῶν
1034 802 1289 873 ἐξουρίας
1314 800 1655 873 φερομένων,
1681 796 1818 852 ἀλλά
1917 807 2082 878 φέρον
2112 808 2365 878 ἐζήτουν,
2420 806 2671 877 πολέμιοι
2712 806 2771 860 δὲ
2810 805 3015 875 μᾶλλον
3046 805 3267 868 ἐκεῖνοι,
3314 802 3363 855 οἱ
3388 802 3509 855 επι-

1919 893 2191 964 τιμῶντες
2216 896 2390 950 ταῦτα
2419 896 2672 964 λέγουσιν
2706 894 2841 965 ἡμῖν
2864 935 2879 959 ,
2919 893 3091 946 Ἴδετε
3122 892 3217 944 ἐπὶ⁸
3237 890 3350 943 τῶν
3380 903 3524 960 πρα-

1922 982 2150 1051 γμάτων
2180 981 2248 1035 τὰ
2278 984 2502 1053 ῥήματα
2532 980 2824 1045 ἐξελθόντα
2862 979 2933 1033 τὰ
2982 978 3252 1050 ἡμέτερα.
3284 977 3401 1030 υύκ
3435 975 3524 1028 ἀεὶ

1924 1068 2135 1138 ἔλεγον,
2181 1071 2263 1124 ὅτι
2301 1071 2583 1143 δραπέτης
2628 1070 2779 1123 ἐστὶν
2810 1069 2839 1120 ὁ
2889 1067 3124 1130 πλοῦτος
3172 1065 3282 1120 ἀπὸ
3331 1063 3523 1121 τούτου

1925 1154 2065 1225 πρὸς
2094 1156 2305 1209 ἐκεῖνον
2340 1155 2575 1225 βαίνων;
2605 1155 2717 1208 Καὶ
2746 1153 2859 1207 εἴθε
2897 1152 3181 1224 μετέϐαινε
3213 1151 3395 1220 μόνον,
3431 1149 3528 1203 καὶ

1927 1242 2003 1313 μὴ
2054 1243 2149 1297 καὶ
2202 1244 2565 1300 ἀπέκτεινεν·
2621 1244 2736 1299 εἴθε
2787 1241 3105 1313 μεθίστατο,
3164 1241 3261 1293 καὶ
3307 1239 3382 1311 μὴ
3430 1240 3526 1292 καί

1926 1329 2140 1401 ἀνῄρει.
2163 1330 2279 1384 Νῦν
2302 1331 2360 1385 δέ
2397 1330 2493 1385 καὶ
2520 1332 2768 1402 ἐρήμους
2798 1328 3208 1399 καταλιμπάνει
3237 1328 3336 1398 τῆς
3356 1324 3524 1379 αὐτοῦ

1927 1421 2287 1490 προστασίας,
2328 1419 2425 1474 καὶ
2460 1413 2543 1492 τῷ
2590 1420 2737 1491 ξίφει
2781 1417 3139 1488 παραδίδωσι,
3189 1415 3289 1469 καλ⁸
3330 1413 3425 1467 ἐπὶ
3465 1411 3529 1465 τὸ

1928 1505 2205 1577 βάραθρον
2251 1508 2397 1577 ἄγει,
2432 1506 2703 1580 προδότης
2751 1505 2830 1560 ὣν
2876 1504 3136 1575 χαλεπὸς,
3186 1503 3283 1557 καὶ
3314 1500 3530 1562 τούτοις

1932 1594 2172 1665 μάλιστα
2223 1594 2501 1666 πολεμῶν,
2548 1598 2661 1659 τοῖς
2711 1592 2964 1665 φιλοῦσιν
3006 1593 3192 1646 αὐτόν.
3238 1589 3529 1662 Δραπέτης

1928 1682 2080 1736 ἐστὶν
2111 1682 2407 1754 ἀγνώμων,
2444 1681 2775 1754 ἀνδροφόνος
2814 1681 3159 1754 ἀμείλικτος,
3190 1678 3383 1750 θηρίον
3411 1677 3529 1731 ἀτι-

1930 1768 2255 1833 θάσσευτον,
2287 1770 2535 1843 κρημνὸς
2559 1768 2902 1840 πανταχόθεν
2928 1768 3228 1838 ἀπότομος,
3262 1764 3554 1826 σκόπελος.

1928 1855 2198 1927 διηνεκῶν
2228 1858 2495 1929 κυμάτων
2520 1857 2731 1928 γέμων,
2764 1854 3005 1923 πέλαγος
3040 1854 3148 1910 ὑπὸ
3175 1852 3388 1924 μυρίων
3408 1850 3534 1905 ἀνι-

1935 1961 2054 2015 μων
2092 1945 2552 2016 διακοπτόμενον,
2594 1943 2861 2016 τύραννος
2906 1941 3161 2015 χαλεπῶς
3201 1939 3530 2002 ἐπιτάττων,

1930 2031 2197 2103 δεσπότης
2246 2033 2271 2073 δ
2338 2031 2618 2103 βαρϐάρου
2677 2031 2826 2095 τινὸς
2872 2027 3286 2101 χαλεπώτερος,
3337 2026 3533 2097 ἐχθρὸς

1930 2116 2217 2185 ἄσπονδος,
2245 2118 2508 2190 πολέμιος
2523 2118 2959 2185 ἀκατάλλακτος,
2984 2116 3243 2171 οὐδέποτε
3276 2113 3374 2184 τὴν
3394 2112 3533 2184 πρὸς

231 896 328 951 καὶ
377 894 487 948 τῶν
523 893 1036 964 κλυδωνιζομένωνο
1088 891 1211 962 οὐχὶ
1256 891 1365 944 τῶν
1416 891 1474 945 ἐν
1522 888 1816 958 ἀσφαλείᾳ,

231 982 368 1038 ἀλλά
403 983 497 1036 καὶ
533 984 643 1035 τῶν
686 982 746 1035 ἐν
794 981 1080 1043 κινδύνοις.
1113 978 1214 1032 Διά
1242 980 1306 1049 δὴ
1340 980 1514 1032 ταῦτα
1551 977 1645 1031 τὸν
1679 992 1820 1046 παρο

232 1071 461 1125 ελθόντα
489 1069 835 1140 ἀπελείφθην
873 1069 1060 1133 ἐνδοὺς
1090 1068 1283 1139 χρόνον
1322 1066 1579 1139 περιιὼν,
1631 1081 1819 1137 παρα-

232 1157 438 1223 καλῶν,
472 1158 746 1228 δεόμενος,
781 1155 1040 1210 ἱκετεύων
1070 1158 1185 1219 τοῖς
1214 1155 1427 1225 κυρίοις
1462 1152 1693 1223 λυθῆναι
1720 1151 1821 1222 τὴν

236 1245 547 1317 συμφοράν.
581 1242 689 1298 Καὶ
724 1244 914 1315 ἐπειδὴ
935 1243 1088 1306 τέλος
1120 1242 1315 1296 ἔλαϐεν
1356 1242 1540 1295 ἐκεῖνα
1571 1240 1640 1294 τά
1688 1256 1823 1293 σκυ-

235 1333 456 1403 θρωπὰ,
482 1333 646 1388 πάλιν
663 1333 801 1403 πρὸς
823 1332 968 1402 ὑμᾶς
994 1329 1299 1401 ἐπανῆλθον
1314 1329 1445 1392 τοὺς
1467 1329 1526 1382 ἐν
1550 1326 1824 1397 ἀσφαλείᾳ

234 1421 419 1485 δντας,
456 1420 586 1483 τοὺς
638 1420 778 1491 μετά
823 1418 1026 1489 πολλῆς
1076 1418 1345 1481 πλέοντας
1405 1419 1506 1483 τῆς
1554 1415 1822 1486 γαλήνης.

237 1508 386 1579 Πρὸς
420 1506 665 1571 ἐκείνους
716 1506 999 1578 ἀφικόμην
1041 1503 1183 1558 ὥστε
1212 1503 1376 1557 λῦσαι
1403 1503 1498 1557 τὸν
1546 1500 1822 1573 χειμῶνα’

238 1596 380 1667 πρὸς
418 1595 565 1665 ὑμᾶς
599 1593 928 1664 ἐπανῆλθον,
957 1592 1098 1674 ὥστε
1134 1591 1212 1662 μὴ
1256 1589 1512 1659 γενέσθαι
1554 1588 1826 1661 χειμῶνα.

238 1683 389 1755 Πρὸς
422 1682 669 1745 ἐκείνους
701 1681 924 1753 ἀπῄειν,
951 1680 1038 1735 ἴνα
1067 1677 1368 1745 ἀπαλλάξω
1394 1676 1504 1731 τῶν
1528 1677 1791 1748 λυπηρῶν
1810 1692 1823 1704 ·

238 1770 379 1841 πρὸς
421 1770 569 1840 ὑμᾶς
619 1768 1027 1840 παρεγενόμην,
1078 1766 1168 1821 ἴνα
1211 1766 1288 1837 μὴ
1346 1765 1687 1836 περιπέσητε
1716 1767 1829 1828 τοῖς

241 1856 614 1929 σκυθρωποῖς.
658 1856 870 1927 ’Ὥσπερ
902 1854 1027 1925 οὐχὶ
1054 1853 1163 1908 τῶν
1195 1852 1448 1906 ἑστώτων
1484 1852 1568 1905 δεῖ
1608 1850 1827 1922 φροντί-

240 1944 362 2010 ζειν
401 1943 584 2015 μόνον,
619 1942 756 1998 ἀλλά
788 1943 885 1996 καὶ
916 1941 1026 1996 τῶν
1052 1940 1427 1995 πεπτωκότων
1447 1955 1462 1973 ο
1496 1938 1641 1993 οὕτω
1663 1938 1829 1992 πάλιν

237 2032 363 2102 οὐχὶ
389 2032 500 2085 τῶν
522 2029 891 2085 πεπτωκότων
922 2028 1105 2099 μόνον,
1129 2027 1267 2083 ἀλλά
1289 2028 1384 2082 καὶ
1408 2026 1517 2081 τῶν
1540 2026 1794 2081 ἑστώτων
1811 2043 1824 2057 ·

241 2118 472 2174 ἐκείνων
504 2118 624 2189 μὲν,
653 2118 739 2171 ῖνα
764 2116 1095 2181 ἀναστῶσιν,
1121 2115 1329 2170 τούτων
1349 2115 1430 2181 δέ,
1467 2113 1555 2168 ἵνα
1586 2113 1831 2168 καταπέ-

242 2223 447 2262 σωσινσ
484 2206 710 2261 ἐκείνων
745 2205 865 2276 μὲν,
913 2205 1001 2259 ἵνα
1029 2202 1391 2273 ἀπαλλαγῶσι
1425 2204 1535 2257 τῶν
1567 2202 1830 2273 κατεχόν-

239 2312 351 2348 των
379 2293 590 2358 δεινῶν,
607 2292 814 2347 τούτων
840 2292 899 2345 δέ
929 2293 1018 2357 ἵνα
1046 2292 1122 2363 μὴ
1145 2289 1487 2363 περιπέσωσι
1513 2291 1627 2353 τοῖς
1657 2305 1831 2359 προσ-

238 2380 571 2451 δοκωμένοις
639 2380 923 2451 λυπηροῖς.
994 2379 1161 2433 Οὐδὲν
1212 2378 1323 2448 γάρ
1388 2376 1628 2448 βέϐαιον,
1678 2375 1831 2429 ούδέν

243 2466 505 2537 ἀκίνητον
534 2465 645 2520 τῶν
658 2464 1021 2539 ἀνθρωπίνων
1033 2465 1401 2536 πραγμάτων,
1421 2464 1558 2517 ἀλλά
1581 2468 1832 2534 μιμεῖται

243 2555 529 2609 θάλασσαν
582 2556 938 2626 μαινομένην,
995 2555 1091 2608 καὶ
1141 2552 1265 2606 καθ’
1315 2554 1561 2625 ἑκάστην
1619 2553 1834 2623 ἡμέραν

242 2638 424 2693 ὡδίνει
460 2640 697 2709 ναυάγια
729 2639 857 2704 ξένα
891 2641 984 2695 καὶ
1007 2640 1245 2710 χαλεπά.

318 2727 504 2781 Πάντα
538 2726 783 2797 θορύϐων
826 2727 987 2799 γέμει
1018 2728 1112 2780 καὶ
1154 2725 1435 2799 ταραχῆς”
1481 2726 1661 2780 πάντα
1707 2726 1835 2780 σκό-

247 2812 403 2866 πελοι
456 2813 550 2866 καὶ
600 2813 869 2884 κρημνοί·
923 2813 1103 2867 πάντα
1151 2810 1349 2881 ῦφαλοι
1398 2813 1492 2865 καὶ
1546 2812 1836 2875 σπιλάδες*

248 2900 430 2954 πάντα
464 2899 642 2969 φόϐοι,
668 2901 766 2954 καὶ
793 2900 1050 2965 κίνδυνοι,
1081 2900 1174 2953 καὶ
1206 2898 1456 2969 ὑποψίαι,
1490 2899 1585 2951 καὶ
1619 2899 1836 2970 τρόμοι,

252 2988 347 3041 καὶ
379 2989 633 3056 ἀγωνίαι.
664 2987 850 3051 Οὐδεὶς
874 2987 1052 3042 οὐδενὶ
1084 2985 1297 3060 θαρρεῖ,
1328 2985 1422 3039 τὸν
1456 2984 1683 3056 πλησίον
1710 2986 1843 3039 ἐκα-

254 3093 382 3141 στος
417 3076 677 3132 δέδοικεν.
733 3078 972 3141 Ἐκεῖνος
1003 3078 1268 3148 πάρεστιν
1295 3078 1323 3129 ό
1353 3076 1547 3148 καιρὸς
1579 3076 1744 3146 τάχα,
1780 3075 1839 3129 ὃν

252 3164 282 3215 ό
336 3165 629 3235 προφήτης
688 3164 1023 3235 ὑπογράφων
1057 3163 1242 3231 ἐλεγε-
1291 3163 1389 3229 Μὴ
1424 3163 1744 3216 πιστεύετε
1774 3162 1843 3215 ἐν

253 3250 476 3318 φίλοις,
509 3250 609 3303 καὶ
646 3250 744 3304 ἐπὶ
780 3250 1140 3320 ἡγουμένοις
1171 3247 1254 3318 μὴ
1280 3248 1574 3309 ἐλπίζει-ε’
1609 3250 1845 3313 ἕκαστος

254 3336 366 3391 ἀπὸ
394 3336 487 3389 τοῦ
516 3339 745 3409 πλησίον
771 3338 1057 3408 ἀφέξεσθεο
1088 3337 1220 3391 Ἀπὸ
1244 3337 1353 3404 τῆς
1377 3338 1705 3407 συγκοίτου
1727 3355 1843 3393 σου

255 3425 541 3493 φύλαξον
580 3424 687 3480 τοῦ
721 3425 1047 3480 ἀναθέσθαι
1075 3438 1101 3466 α
1141 3424 1320 3495 αὐτῇ.
1354 3424 1418 3478 Τί
1450 3426 1689 3497 δήποτε;
1725 3428 1848 3481 Ὅτι

258 3513 450 3585 καιρὸς
480 3514 713 3584 πονηρός
755 3515 929 3579 ἐστιν,
982 3514 1103 3567 Ὀτι
1145 3512 1264 3580 πᾶς
1305 3514 1565 3585 ἁδελφὸς
1620 3516 1846 3586 πτέρνῃ

259 3599 543 3669 πτερνιεῖ,
586 3600 688 3653 καί
720 3600 838 3667 πᾶς
884 3601 1063 3669 φίλος
1110 3600 1329 3667 δολίως
1362 3604 1697 3670 πορεύεται.
1736 3605 1849 3658 Ούκ

260 3686 378 3738 ἐστι
406 3687 557 3755 φίλος
583 3687 855 3757 ἀσφαλὴς,
890 3689 991 3741 οὐκ
1010 3687 1236 3756 ἀδελφὸς
1270 3676 1507 3758 βέϐαιος.
1555 3690 1849 3763 Ἀνῄρηται

261 3775 325 3827 τὸ
355 3775 454 3845 τῆς
483 3776 706 3845 ἀγάπης
734 3774 898 3828 καλόν
918 3792 931 3804 ·
968 3774 1235 3846 ἐμφύλιος
1265 3776 1481 3831 ἅπαντα
1511 3779 1733 3850 κατέχει
1751 3780 1851 3832 πόο

260 3862 452 3933 λεμος,
500 3862 785 3932 ἐμφύλιος,
836 3865 932 3916 καὶ
956 3863 1079 3917 οὔτε
1113 3858 1270 3927 οὗτος
1300 3865 1483 3936 δῆλος,
1528 3865 1679 3939 [406]
1715 3868 1854 3923 ἀλλά

266 3950 748 4021 συνεσκιασμένος.
768 3952 953 4024 Μυρία
982 3951 1258 4023 πανταχοῦ
1276 3957 1623 4023 προσωπεῖα.
1652 3956 1856 4010 Πολλαὶ

264 4036 377 4091 τῶν
408 4037 698 4110 προϐάτων
743 4040 798 4092 αἱ
842 4039 1016 4111 δοραὶ,
1047 4040 1411 4112 ἀναρίθμητοι
1440 4043 1721 4113 πανταχοῦ
1757 4061 1854 4098 κε-

266 4127 581 4196 κρυμμένοι
615 4126 799 4181 λύκοι·
828 4128 922 4182 καλ⁵
953 4128 1362 4200 ἀσφαλέστερον
1391 4130 1456 4183 ἄν
1485 4148 1572 4194 τις
1600 4132 1659 4185 ἐν
1695 4132 1856 4185 πολε-

274 4214 421 4282 μίοις
476 4215 677 4285 μᾶλλον
737 4214 1002 4287 βιώσειεν,
1056 4216 1090 4286 ἦ
1143 4218 1201 4269 ἐν
1243 4220 1357 4282 τοῖς
1411 4219 1663 4274 δοκοῦσιν
1714 4216 1857 4275 εἶναι

271 4301 472 4370 φίλοις.
514 4304 577 4356 Ol
609 4303 739 4373 χθὲς
788 4304 1204 4375 θεραπεύοντες,
1252 4306 1301 4358 οί
1349 4306 1761 4375 κολακεύοντες,
1810 4311 1859 4363 οἱ

274 4391 467 4460 χεῖρας
515 4390 960 4461 καταφιλοῦντες,
998 4392 1195 4462 ἀθρόον
1239 4392 1335 4446 νῦν
1368 4393 1619 4465 πολέμιοι
1650 4397 1859 4465 ἀνεφά-

274 4494 480 4547 νησαν,
534 4479 629 4531 καὶ
686 4477 755 4531 τά
808 4484 1131 4549 προσωπεῖα
1196 4470 1476 4550 ῥίψαντες,
1539 4484 1863 4557 κατηγόρων

277 4564 534 4617 ἁπάντων
576 4566 894 4637 πικρότεροι
925 4568 1237 4637 γεγόνασιν,
1277 4569 1418 4641 ὑπὲρ
1446 4563 1519 4623 ὧν
1544 4571 1735 4642 πρώην
1762 4573 1862 4642 χά-

280 4671 435 4723 ριτας
493 4653 839 4725 ὡμολόγουν,
896 4659 1040 4729 ὑπὲρ
1096 4658 1303 4713 τούτων
1350 4660 1711 4728 ἐγκαλοῦντες
1767 4660 1864 4717 καὶ

280 4741 681 4806 διαϐάλλοντες.

354 4829 419 4900 β’.
453 4830 517 4882 Τί
542 4827 634 4884 οὖν
658 4832 876 4886 πάντων
892 4831 1096 4899 αἴτιον;
1130 4833 1348 4889 Τούτων
1376 4837 1403 4889 ὁ
1430 4836 1539 4891 τῶν
1566 4838 1866 4910 χρημάτων

281 4920 443 4991 ἔρως,
476 4922 510 4989 ἡ
558 4922 686 4989 περὶ
730 4921 829 4991 τὴν
883 4924 1250 4994 φιλαργυρίαν
1305 4926 1493 4995 μανία,
1544 4928 1605 4979 τὸ
1649 4928 1867 4999 νόσημα

282 5006 523 5070 ἀνίατον,
552 5009 585 5077 ὴ
611 5008 838 5079 κάμινος
862 5011 896 5079 ἡ
922 5010 1192 5079 μηδέποτε
1220 5010 1578 5083 σϐεννυμένη,
1608 5016 1641 5085 ἡ
1668 5033 1869 5087 τυραν-

285 5094 365 5155 νὶς
390 5095 424 5163 ἡ
461 5095 737 5164 πανταχοῦ
767 5096 867 5165 τῆς
891 5097 1217 5167 οἰκουμένης
1250 5099 1612 5171 ἐκτεταμένη,
1668 5102 1766 5155 Διά
1804 5103 1868 5173 δὴ

283 5180 441 5232 τοῦτο
474 5182 568 5232 καί⁹
597 5184 759 5251 ἡμεῖς
787 5182 824 5235 ἀ
845 5183 1109 5255 πρότερον
1136 5184 1414 5254 ἐλέγομεν,
1439 5188 1534 5240 καὶ
1564 5187 1658 5242 νῦν
1688 5190 1874 5258 λέγον-

285 5285 374 5331 τες
402 5269 462 5322 ού
494 5270 839 5337 παυσόμεθα,
868 5271 1046 5324 καίτοι
1081 5272 1267 5325 πολλοὶ
1303 5274 1495 5345 πρώην
1527 5278 1658 5347 ἡμῖν
1684 5278 1873 5331 ἐνεκά-

286 5356 435 5423 λουν,
478 5357 572 5410 καὶ
602 5358 777 5411 ταῦτα
810 5358 995 5428 ἔλεγον
1018 5374 1029 5387 ⁸
1058 5358 1135 5411 Οὐ
1180 5362 1327 5434 παύῃ
1363 5364 1505 5416 κατά
1552 5365 1661 5419 τῶν
1708 5366 1873 5419 πλου-

288 5445 526 5499 τούντων
560 5446 914 5518 ὀπλιζόμενος
955 5452 1021 5520 τῇ
1052 5448 1300 5522 γλώττῃ;
1340 5453 1399 5504 ού
1447 5453 1596 5526 παύῃ
1635 5455 1874 5525 συνεχῶς

290 5534 555 5599 τοιούτοις
588 5536 879 5608 πολεμῶν;
931 5539 1023 5610 Μὴ
1072 5538 1183 5608 ἐγὼ
1228 5540 1437 5606 τούτοις
1490 5544 1744 5615 πολεμῶ;
1798 5544 1875 5615 μὴ

334 5705 379 5775 ,ἐ
415 5703 643 5775 Regni}
663 5706 931 5775 ῥινᾳῡξρβριι,
956 5713 1003 5775 οι
1028 5709 1303 5775 εἰιχιειᾲςὶιιιι·
1326 5714 1453 5774 apud
1494 5712 1762 5773 Michmam,
1792 5711 1877 5763 ad-

297 5764 400 5814 dito
416 5781 460 5813 τι
486 5764 597 5815 inte
621 5767 758 5829 αὐτῇ.
786 5767 933 5817 Ediu.
959 5764 1247 5819 ἀνακεῖσθαι.

1929 2205 2059 2271 τοὺς
2085 2207 2463 2279 κεκτημένους
2494 2207 2659 2263 αὑτὸν
2697 2205 2989 2261 καταλύων
3013 2204 3241 2276 ῐχθραν.

2003 2294 2074 2362 γ’.
2112 2294 2254 2347 Ἀλλ’
2276 2294 2375 2365 οὐχ
2395 2297 2432 2365 ὴ
2459 2293 2621 2348 πενία
2643 2293 2909 2359 τοιοῦτον,
2933 2292 3051 2347 ἀλλ’
3066 2289 3399 2353 ἀπεναντίας
3422 2287 3536 2342 τῶν

1934 2380 2056 2452 είρη
2066 2379 2268 2451 μένων.
2290 2380 2508 2452 Χωρίον
2530 2381 2641 2453 γάρ
2666 2382 2818 2434 ἐστιν
2839 2380 3064 2445 ἄσυλον,
3088 2380 3256 2450 λιμὴν
3276 2376 3532 2446 γαληνὸς,

1934 2466 2207 2536 ἀσφάλεια
2242 2468 2523 2539 διηνεκὴς,
2572 2467 2756 2540 τρυφὴ
2803 2466 3065 2521 κινδύνων
3109 2463 3532 2535 ἀπηλλαγμένη,

1932 2553 2099 2625 ἡδονὴ
2144 2555 2479 2626 εἰλικρινὴς,
2531 2556 2647 2626 βίος
2691 2556 2992 2627 ἀτάραχος,
3043 2551 3159 2622 ζωὴ
3195 2550 3534 2621 ἀκύμαντος,

1936 2642 2170 2712 εὐπορία
2203 2644 2660 2713 ἀκαταμάχητος,
2696 2642 3021 2712 φιλοσοφίας
3061 2641 3267 2711 μήτηρ,
3317 2635 3535 2707 χαλινὸς

1937 2726 2218 2791 ἀπονοίας,
2255 2728 2544 2798 ἀναίρεσις
2588 2728 2888 2794 κολάσεως,
2927 2727 3053 2797 ῥίζα
3097 2722 3536 2794 ταπεινοφροσύ-

1938 2831 2058 2884 νης.
2093 2814 2252 2878 Τίνος
2281 2810 2375 2868 οῦν
2414 2815 2627 2880 ἕνεκεν,
2663 2815 2789 2869 εἰπέ
2832 2832 2949 2886 μοι,
2976 2813 3184 2883 ταύτην
3223 2810 3540 2880 φεύγοντες.

1939 2902 2162 2973 ἐκείνην
2198 2902 2426 2956 διώκετε
2460 2904 2559 2974 τὴν
2595 2902 2883 2974 πολεμίαν,
2934 2901 3035 2973 τὴν
3060 2899 3412 2971 ἀνδροφόνον,
3438 2896 3539 2969 τὴν

1941 2988 2136 3060 θηρίου
2171 2992 2376 3054 παντὸς
2406 2989 2835 3061 χαλεπωτέραν;
2882 2987 3139 3042 Τοιοῦτον
3194 2986 3308 3057 γὰρ
3342 2988 3377 3057 ἡ
3410 2986 3535 3055 φιλ-

1940 3077 2199 3149 αργυρία·
2216 3078 2457 3132 τοιοῦτον
2480 3080 2512 3149 ἡ
2535 3078 2667 3149 περὶ
2691 3078 2763 3130 τὰ
2786 3078 3050 3149 χρήματα
3081 3076 3271 3147 μανία.
3293 3074 3360 3128 Τί
3384 3072 3542 3127 πολέ-

1951 3182 2076 3236 μιον
2107 3165 2555 3234 συγκατοικίζεις
2579 3165 2764 3236 σαυτῷ
2789 3165 3013 3236 διηνεκῆ
3044 3163 3373 3227 διαπαντός;
3398 3162 3452 3214 τί
3480 3160 3543 3214 τδ

1945 3252 2137 3323 θηρίον
2183 3254 2512 3325 ἀγριαίνεις,
2534 3255 2562 3307 ὃ
2598 3252 2945 3307 τιθασσεύειν
2989 3253 3143 3318 δέον;
3185 3251 3296 3305 Καὶ
3324 3249 3443 3313 πῶς
3477 3249 3544 3302 ἂν

1945 3341 2179 3411 γένοιτο,
2214 3346 2403 3413 φησὶν,
2442 3343 2728 3415 χειροῆθες
2752 3362 2767 3409 ;
2791 3344 2856 3397 Εί
2885 3343 2996 3396 τῶν
3032 3342 3184 3414 ἐμῶν
3214 3338 3543 3411 ἀνάσχοισθε

1948 3431 2147 3500 λόγων,
2180 3432 2282 3486 κᾶν
2316 3430 2411 3485 νῦν
2451 3432 2542 3484 ὅτε
2566 3431 2635 3485 τά
2667 3430 2941 3503 πτώματα
2974 3430 3197 3494 ἔναυλα,
3228 3430 3318 3490 ὅτε
3345 3430 3380 3499 ἡ
3409 3444 3549 3498 συμ-

1950 3520 2097 3593 φορά
2144 3518 2497 3591 ἀκμάζουσα,
2532 3521 2621 3574 ὅτε
2655 3520 2861 3583 πάντες
2885 3520 2944 3572 ἐν
2974 3518 3192 3590 θορύϐῳ
3242 3517 3339 3571 καὶ
3374 3532 3549 3587 κατη-

1950 3610 2102 3679 φείᾳ.
2132 3606 2288 3679 [407]
2314 3606 2439 3670 Πῶς
2468 3602 2563 3660 οὖν
2591 3606 2652 3660 τὸ
2690 3606 2879 3677 θηρίον
2903 3605 3195 3677 ἀπαλλαγῇ
3228 3602 3323 3657 τοῦ
3357 3602 3552 3675 θηρίον

1952 3693 2129 3760 εἷναι;
2178 3695 2417 3765 δύναμαι
2461 3693 2570 3763 γὰρ
2615 3695 2750 3747 αὐτὸ
2794 3693 3184 3764 μεταϐάλλειν,
3237 3691 3335 3746 ἐὰν
3386 3691 3549 3761 ὑμεῖς

1954 3785 2254 3855 θελήσητε’
2285 3780 2512 3852 τοιαύτη
2552 3781 2715 3854 γάρή
2752 3781 2862 3835 τῶν
2890 3782 3068 3851 λόγων
3110 3782 3284 3853 ἰσχύς.
3317 3778 3447 3843 Πῶς
3482 3776 3551 3832 ἂν

1954 3868 2047 3926 οὖν
2072 3869 2441 3943 μεταϐληθείη
2468 3870 2569 3939 τῆς
2592 3868 2925 3941 θηριωδίας;
2966 3870 3093 3923 Ἐὰν
3120 3870 3405 3940 μάθωμεν,
3435 3865 3554 3929 πῶς

1953 3960 2167 4028 γίνεται
2202 3956 2459 4029 χαλεπόν.
2498 3957 2624 4021 Πῶς
2659 3951 2753 4010 οὖν
2792 3957 3007 4025 γίνεται
3032 3957 3305 4027 χαλεπόν;
3339 3956 3555 4024 Ὥσπερ

1954 4050 2002 4101 οἱ
2032 4046 2269 4111 λέοντες,
2300 4044 2491 4114 ῶσπερ
2528 4045 2586 4097 αἱ
2631 4044 2961 4116 παρδάλεις,
3016 4044 3206 4115 ὥσπερ
3252 4044 3311 4096 αί
3359 4046 3553 4113 ἀρκτοι

1960 4137 2383 4206 συγκλειόμεναι
2414 4136 2508 4188 καὶ
2556 4136 2616 4189 ἐν
2654 4135 2836 4204 σκότῳ
2871 4134 3301 4204 καθειργόμεναι
3350 4130 3553 4196 διεγεί-

1964 4242 2119 4297 ρουσι
2147 4225 2236 4278 τὸν
2268 4224 2460 4294 θυμὸν,
2495 4222 2725 4289 αῦξουσι
2750 4230 2847 4294 την
2871 4222 3076 4293 ὀργήνο
3123 4220 3269 4273 οὕτω
3306 4220 3369 4291 δὴ
3400 4220 3496 4273 καὶ
3524 4218 3557 4270 ό

1963 4312 2194 4374 πλοῦτος
2242 4310 2663 4381 συγκλειόμενος
2709 4310 2803 4362 καὶ
2848 4308 3315 4378 κατορυττόμενος
3342 4306 3556 4370 λέοντος

1967 4400 2169 4471 μᾶλλον
2192 4399 2454 4468 ὠρύεται,
2487 4398 2579 4450 καὶ¹
2603 4396 2837 4450 πάντοτε
2861 4395 3122 4449 ἀνασοϐεῖ
3144 4410 3159 4425 ·
3182 4397 3230 4447 εί
3255 4395 3310 4447 δὲ
3340 4394 3558 4461 ἐξάγεις

1964 4488 2128 4541 αὐτὸν
2164 4490 2228 4540 ἐκ
2255 4485 2350 4537 τοῦ
2394 4486 2640 4552 σκότους,
2690 4486 2785 4538 καὶ
2815 4483 3156 4553 διασπείρεις
3199 4485 3278 4546 είς
3310 4480 3407 4543 τὰς
3448 4479 3557 4534 τῶν

1963 4575 2217 4645 πενήτων
2252 4572 2553 4643 γαστέρας,
2600 4572 2661 4624 τὸ
2692 4570 2881 4641 θηρίον
2928 4570 3139 4637 γίνεται
3192 4567 3485 4639 πρόϐατον,
3529 4568 3560 4618 ὁ

1963 4662 2253 4725 ἐπίϐουλος
2276 4661 2612 4732 προστάτης,
2646 4662 2674 4712 ὁ
2703 4659 2968 4722 σκόπελος
2991 4657 3177 4729 λιμὴν,
3202 4658 3264 4710 τὸ
3298 4657 3558 4722 ναυάγιον

1963 4751 2198 4823 γαλήνη.
2248 4751 2401 4806 Ἐπεὶ
2448 4750 2543 4803 καὶ
2575 4749 2671 4802 ἐπὶ
2704 4750 2815 4802 τῶν
2855 4747 3057 4799 πλοίων
3098 4746 3259 4799 τοῦτο
3297 4744 3362 4799 ἂν
3398 4745 3556 4806 ἵδοις’

1966 4841 2097 4893 ὅταν
2124 4840 2266 4911 ὑπὲρ
2294 4838 2459 4907 ὄγκον
2556 4838 2618 4890 τὸ
2660 4836 2903 4909 φορτίον,
2943 4833 3195 4905 βαπτίζει
3226 4832 3285 4885 τὸ
3315 4831 3522 4901 σκάφος
3542 4847 3557 4864 ο

1965 4927 2094 4981 ὅταν
2138 4928 2196 4981 δὲ
2223 4928 2561 4997 σύμμετρον,
2593 4924 2846 4995 ἐξουρίας
2878 4925 3123 4995 φέρεται.
3161 4920 3334 4973 Τοῦτο
3363 4919 3427 4989 δὴ
3466 4920 3562 4971 καὶ

1969 5016 2065 5069 ἐπὶ
2098 5015 2207 5068 τῶν
2240 5013 2431 5067 οἰκιῶν
2472 5014 2684 5081 γίνεται
2716 5011 2826 5065 τῶν
2875 4998 3197 5081 ήμετέρωνέ
3246 5009 3375 5061 ὅταν
3421 5005 3561 5076 ὑπὲρ

1968 5102 2070 5173 τὴν
2111 5104 2300 5173 χρείαν
2336 5101 2651 5171 συναγάγῃς
2692 5097 2763 5152 τὰ
2809 5101 3093 5170 χρήματα,
3138 5095 3310 5165 μικρά
3357 5094 3565 5164 ἀνέμου

1974 5191 2273 5262 προσϐολὴ,
2306 5192 2402 5244 καὶ
2435 5193 2469 5261 ἡ
2498 5188 2738 5259 τυχοῦσα
2770 5187 2881 5239 τῶν
2907 5186 3186 5255 ἀδοκήτων
3216 5183 3564 5253 πραγμάτων

1973 5276 2297 5347 περίστασις
2344 5276 2643 5346 αὔτανδρον
2682 5273 2943 5328 καταδύει
2991 5272 3052 5324 τὸ
3103 5272 3345 5339 σκάφος*
3410 5270 3458 5321 εί
3507 5268 3565 5321 δὲ

1976 5366 2214 5418 τοσαῦτα
2237 5365 2468 5436 ἀποθῇς,
2504 5366 2711 5434 ὅσαπερ
2740 5364 2773 5433 ἡ
2798 5363 2958 5433 χρεία
2978 5362 3223 5425 ἀπαιτεῖ,
3255 5357 3357 5411 κᾶν
3380 5372 3570 5409 καται-

1976 5456 2066 5524 γ¹ις
2094 5454 2318 5527 ἐπέλθῃ,
2351 5454 2551 5525 ῥᾳδίως
2565 5453 2871 5522 διατρέχεις
2896 5450 2963 5504 τά
2992 5448 3236 5519 κύματα.
3268 5447 3361 5517 Μὴ
3388 5445 3568 5498 τοίνυν

1980 5542 2240 5612 ἐπιθύμει
2280 5541 2374 5595 τοῦ
2400 5540 2662 5605 πλείονος,
2694 5541 2780 5593 ἴνα
2814 5540 2887 5610 μὴ
2916 5539 3010 5591 τοῦ
3050 5536 3254 5598 παντὸς
3288 5534 3567 5607 ἐκπέσῃς’

1984 5631 2120 5701 μηδὲ
2165 5631 2235 5682 τὰ
2269 5630 2496 5701 περιττά
2525 5628 2627 5699 τῆς
2662 5628 2850 5699 χρείας
2894 5627 3195 5693 συνάγαγε,
3251 5624 3338 5676 ῖνα
3379 5620 3454 5691 μὴ
3502 5621 3572 5673 τά

2046 5771 2077 5811 δ
2104 5772 2225 5833 Reg.
2247 5770 2469 5833 χαλεπῶν
2491 5766 2819 5831 ἐπιταγμάτων
2842 5764 3089 5823 δεσπότης.
