4046 6436
539 347 646 402 ιιτ

1247 353 1306 409 S.
1347 349 1631 409 JOANNIS
1667 345 2155 406 CHRYSOSTOMI
2191 345 2506 405 ARCHIEP.
2549 348 3098 407 CONSTANTINOP.

3666 347 3772 404 MU

539 463 674 531 πρὸς
694 464 795 532 τὴν
816 465 1006 538 χρείαν
1029 467 1303 541 ἀπολέσῃς
1323 485 1339 500 ·
1377 469 1512 541 μηδέ
1533 468 1660 532 τοὺς
1683 468 2106 540 νενομισμένους
2206 467 2507 540 τρεχούσης
2526 466 2984 540 οὑδαμινωτέραν.
3012 466 3110 520 "Av
3125 465 3296 520 ταῦτα
3319 463 3778 536 φιλοσοφῇς,οῠτι

534 553 695 619 ὅρους
732 552 1048 624 ὑπέρϐαινε,
1085 556 1170 609 ἵνα
1205 557 1281 628 μὴ
1319 557 1428 609 τῶν
1475 554 1646 609 ὄντων
1685 555 1940 608 ἁπάντων
1968 553 2102 625 ὁμοῦ

534 637 858 708 γυμνωθῇς·
894 640 1030 695 ἀλλά
1058 643 1354 714 περίκοπτε
1389 641 1449 696 τὸ
1475 643 1752 713 περιττὸν,
1796 643 1878 695 ῐνα
1905 643 1961 694 ἐν
1993 645 2103 700 τοῖς

534 721 858 789 ἀναγκαίοις
884 727 1142 800 πλουτῇς.
1187 729 1300 799 οὐχ
1331 730 1485 800 ὁρᾷς,
1519 730 1602 782 ὅτι
1634 729 1728 782 καὶ
1754 728 1976 798 γηπόνοι
2004 728 2101 798 τὴν

533 807 777 877 ἄμπελον
818 815 1259 886 περιτέμνουσιν,
1310 818 1452 872 ὥστε
1484 817 1586 887 τῂν
1614 817 1841 886 δύναμιν
1886 817 2100 870 ἃπασαν

535 894 613 965 μὴ
644 897 702 949 ἐν
724 901 834 962 τοῖς
858 900 1098 968 φύλλοις,
1136 902 1230 956 καὶ
1263 905 1321 956 ἐν
1348 905 1462 966 τοῖς
1484 901 1920 972 κλήμασιν,¹ἀλλ’
1949 903 2006 953 ἐν
2031 904 2097 973 τῇ

535 982 662 1054 ῥίζῃ
697 984 792 1038 τοῦ
833 989 1003 1055 φυτοῦ
1034 989 1473 1055 ἐπιδείκνυσθαι;
1524 989 1693 1044 Τοῦτο
1726 989 1788 1060 δὴ
1819 989 1910 1042 καὶ
1939 988 2100 1052 αὐτὸς

533 1067 676 1122 ποίει
695 1085 708 1099 ·
734 1073 1032 1143 περίκοπτε
1052 1076 1118 1128 τὰ
1145 1075 1337 1142 φύλλα,
1373 1075 1466 1128 καὶ
1491 1074 1589 1145 τὴν
1623 1076 1859 1148 σπουδὴν
1883 1076 2099 1128 ἃπασαν

532 1156 615 1219 εἰς
641 1157 742 1227 τὴν
770 1159 877 1212 τῶν
909 1161 1136 1232 καρπῶν
1163 1161 1334 1232 φοράν
1351 1161 1629 1214 ἀνάλισκε.
1661 1163 1798 1216 Εἰδέ
1833 1164 1892 1216 οὑ
1922 1161 2098 1231 βούλει
2171 1200 2174 1203 -

532 1243 592 1295 ἐν
623 1247 744 1308 ταῖς
788 1246 1127 1317 εὐημερίαις,
1161 1248 1346 1313 ἔλπιζε
1380 1247 1481 1310 τὰς
1524 1249 1890 1320 δυσημερίας·
1924 1251 1983 1302 ἐν
2030 1252 2095 1320 τῇ

533 1330 738 1404 γαλήνῃ
777 1334 1022 1404 χειμῶνα
1050 1336 1322 1405 προσδόκα
1342 1351 1354 1364 ⁸
1389 1338 1446 1389 ἐν
1488 1337 1553 1406 τῇ
1584 1337 1741 1408 ὑγεία
1786 1337 1936 1391 νόσον
1965 1336 2099 1390 ἀνά-

534 1431 693 1484 μενε·
729 1419 786 1470 ἐν
812 1417 889 1472 τῶ
933 1419 1150 1490 πλούτῳ
1201 1422 1390 1475 πενίαν
1437 1423 1532 1476 καὶ
1565 1423 1840 1494 πτωχείαν
1890 1423 2095 1488 ἔλπιζε.

532 1500 845 1572 Μνήσθητι
884 1505 1011 1576 γὰρ,
1038 1509 1193 1576 φησὶ,
1219 1508 1428 1577 καιρὸν
1450 1509 1630 1579 λιμοῦ
1653 1511 1722 1563 ἐν
1755 1509 1934 1578 καιρῷ
1947 1514 2099 1577 πλη-

532 1589 788 1656 σμονῆς,
833 1596 1132 1662 πτωχείαν
1171 1596 1270 1648 καὶ
1305 1596 1543 1651 ἔνδειαν
1574 1597 1644 1650 ἐν
1686 1597 1874 1666 ἡμέρᾳ
1913 1599 2101 1650 πλού-

532 1690 658 1728 του.
695 1677 793 1728 “Av
833 1677 941 1748 γὰρ
971 1680 1114 1734 οὑτω
1143 1681 1485 1751 διακείμενος
1529 1679 1615 1756 ᾖς,
1657 1683 1749 1736 τόν
1781 1700 1840 1735 τε
1871 1679 2098 1737 πλοῦτον

536 1761 675 1830 μετὰ
704 1762 904 1834 πολλῆς
936 1765 1227 1833 διοικήσεις
1252 1768 1352 1836 τῆς
1377 1768 1752 1839 σωφροσύνης,
1783 1770 1882 1840 τήν
1911 1787 1971 1822 τε
1999 1787 2098 1823 πε-

533 1847 653 1903 νίαν
687 1850 1014 1904 ἐπελθοῦσαν
1056 1852 1196 1922 μετά
1240 1853 1444 1923 πολλῆς
1476 1854 1646 1917 οίσεις
1689 1858 1788 1925 τῆς
1826 1857 2097 1928 ἀνδρείας.

532 1934 606 1987 Τὸ
639 1936 739 2006 μιν
765 1936 875 2006 γὰρ
905 1939 979 2008 μὴ
1008 1940 1375 2012 προσδοκηθὲν
1399 1941 1622 2011 θορυϐεῖ
1646 1944 1977 2014 προσπεσὸν,
2005 1944 2098 1997 καὶ

530 2021 819 2090 ταράττει·
854 2023 916 2076 τὸ
947 2023 1004 2077 δὲ
1053 2025 1306 2079 ἐλπισθὲν
1344 2025 1561 2096 συμϐάν
1602 2029 1664 2080 οὐ
1706 2029 1872 2082 πολὺν
1903 2029 2098 2098 ἐπάγει

530 2125 622 2162 ’.ον
657 2108 909 2181 θόρυϐον.
936 2112 1040 2165 Δύο
1074 2113 1137 2184 δὴ
1184 2113 1360 2167 ταῦτα
1394 2115 1698 2189 κερδαίνεις
1728 2117 1798 2171 τά
1826 2117 1988 2180 καλὰ,
2038 2117 2097 2172 τὸ

534 2195 672 2266 μήτε
721 2197 939 2267 μεθύειν
969 2201 1063 2253 καὶ
1113 2201 1452 2272 παραπαίειν
1497 2205 1590 2258 ἐπὶ
1639 2205 1739 2273 τῆς
1777 2203 2094 2275 εὐημερίας,

535 2280 672 2352 μήτε
719 2281 1064 2354 θορυϐεῖσθαι
1104 2289 1196 2340 καὶ
1232 2288 1598 2359 ταράττεσθαι
1637 2291 1730 2342 ἐπὶ
1759 2293 1858 2360 τῆς
1905 2293 1985 2353 εις
2027 2289 2096 2344 τὰ

532 2368 750 2422 ἐναντία
774 2371 1099 2442 μεταϐολῆς,
1147 2373 1384 2444 μάλιστα
1423 2377 1519 2446 μὲν
1547 2378 1596 2429 εί
1626 2378 1840 2446 μέλλεις
1866 2379 1952 2432 ἀεὶ
1996 2395 2097 2431 κα-

534 2451 780 2520 ραδοκεῖν
817 2455 886 2508 τὰ
929 2457 1144 2511 ἐναντία
1165 2476 1179 2488 ·
1229 2460 1391 2531 ἀρκεῖ
1416 2463 1525 2534 γὰρ
1558 2463 1679 2516 ἀντὶ
1704 2462 1804 2531 τῆς
1841 2463 2032 2534 πείρας
2061 2464 2094 2534 ὴ

533 2538 843 2607 προσδοκία.
882 2536 1006 2595 υἷόν
1027 2561 1080 2597 τι
1111 2544 1289 2614 λέγω·
1348 2548 1630 2614 πλουτεῖς;
1666 2546 1849 2611 ἔλπιζε
1905 2548 2096 2603 πενίαν

531 2623 654 2677 καθ’
678 2626 914 2698 ἐκάστην
944 2629 1176 2700 ἡμέραν.
1215 2633 1372 2697 Τίνος
1402 2634 1587 2687 ἕνεκεν
1612 2635 1707 2688 καὶ
1739 2633 1825 2687 διά
1853 2633 1904 2688 τί
1922 2652 1936 2698 ;
1973 2636 2095 2688 Ὅτι

529 2709 598 2761 10
653 2709 892 2780 μάλιστά
943 2731 1002 2766 σε
1047 2715 1328 2786 ὠφελῆσαι
1374 2717 1661 2788 δυνήσεται
1719 2720 1751 2789 ὴ
1800 2719 2094 2788 προσδοκία

527 2793 691 2867 αὕτη.
747 2797 805 2852 '0
835 2798 943 2870 γὰρ
969 2801 1203 2866 ἐλπίζων
1231 2804 1442 2868 πενίαν,
1476 2805 1535 2856 ἐν
1574 2803 1787 2874 πλούτῳ
1814 2803 1889 2857 ὢν
1909 2807 1969 2858 οὑ
1996 2823 2092 2859 τυο

528 2880 744 2950 φοῦται,
775 2885 835 2938 οὑ
870 2886 1180 2954 χαυνοῦται,
1226 2888 1287 2941 οὑ
1326 2888 1555 2960 διαρρεῖ,
1593 2891 1694 2942 οὑκ
1747 2889 1958 2958 ἐφίεται
1985 2891 2093 2943 τῶν

527 2965 846 3040 ἀλλοτρίων·
873 2971 902 3022 0
931 2972 1038 3044 γάρ
1073 2972 1173 3042 τῆς
1202 2973 1529 3044 προσδοκίας
1552 2974 1716 3042 φόϐος
1744 2975 1866 3029 ἀντὶ
1899 2976 2093 3030 παιδαο

528 3056 710 3123 γωγοῦ
754 3073 900 3122 τινος
940 3058 1130 3130 παρὼν
1184 3061 1528 3132 σωφρονίζει,
1579 3062 1933 3115 καταστέλλει
1993 3063 2093 3135 τὴν

526 3139 784 3211 διάνοιαν,
815 3145 907 3198 καί⁵
938 3145 1148 3216 πονηρά
1177 3145 1533 3218 βλαστήματα
1576 3147 1646 3200 τά
1675 3149 1784 3202 ἀπὸ
1816 3149 1914 3219 τῆς
1964 3150 2089 3219 φιλ-

526 3229 792 3300 αργυρίας
818 3232 919 3284 οὑκ
949 3232 1140 3303 ἀφίησι
1161 3233 1382 3302 φυῆναι,
1404 3234 1592 3305 ῶσπερ
1617 3236 1855 3308 δρεπάνῃ
1878 3237 1985 3289 τινὶ
2015 3236 2093 3308 τῷ

527 3317 679 3387 φόϐῳ
704 3319 811 3372 τῶν
842 3320 1100 3376 ἐναντίων
1146 3321 1373 3376 κωλύων
1412 3324 1552 3377 αὑτά
1589 3326 1684 3378 καὶ
1725 3326 2089 3396 περικόπτων.

598 3446 748 3520 [408]
778 3447 839 3506 δ’.
875 3451 969 3504 Ἓν
989 3452 1087 3522 μὲν
1111 3447 1204 3506 οὖν
1232 3452 1390 3506 τοῦτο
1409 3453 1662 3525 μέγιστον
1682 3454 1884 3523 ἀγαθὸν
1902 3453 2094 3524 κερδα-

527 3536 639 3598 νεῖς
659 3551 673 3566 ·
701 3537 886 3607 ἕτερον
920 3538 976 3591 δέ
1000 3540 1102 3592 οὐκ
1128 3538 1348 3592 ἐλαττον
1373 3542 1589 3604 τούτου,
1622 3542 1684 3594 τδ
1718 3541 1810 3594 καὶ
1851 3555 2094 3612 παραγευ

527 3620 759 3692 νομένης
791 3623 960 3694 αὐτῆς
985 3624 1059 3695 μὴ
1093 3625 1409 3688 δεδοικέναι.
1444 3627 1880 3697 Προλαμϐανέτω
1915 3626 2091 3680 τοίνυν

522 3711 558 3781 ἡ
595 3711 891 3782 προσδοκία
922 3713 1030 3766 τῶν
1069 3714 1353 3784 θλιϐερῶν,
1401 3717 1490 3769 ῖνα
1530 3716 1603 3786 μὴ
1653 3716 2027 3786 παραγένηται
2055 3719 2088 3784 ὴ

527 3800 692 3870 πεῖρα
730 3799 838 3852 τῶν
875 3800 1165 3871 λυπηρῶν·
1205 3802 1294 3856 διὰ
1334 3802 1493 3856 τοῦτο
1547 3805 1581 3874 ἡ
1635 3806 1798 3874 πεῖρα
1849 3803 2089 3874 ἔρχεται,

460 3913 467 3923 ·
528 3887 715 3961 ἐπειδὴ
744 3890 777 3960 ή
808 3891 1102 3959 προσδοκία
1147 3891 1206 3945 οὐ
1247 3892 1546 3963 πάρεστιν·
1596 3893 1717 3945 ἐπεὶ
1763 3892 1878 3961 εῖγε
1911 3893 2092 3962 ἐκείνη

528 3979 812 4052 κατώρθου
838 3981 927 4033 τὸν
957 3981 1264 4053 ἄνθρωπον,
1290 3983 1351 4036 οὐ
1379 3983 1580 4054 σφόδρα
1605 3984 1809 4054 ταύτης
1830 3983 1956 4037 ἔδει.
1984 3984 2094 4036 Καὶ

530 4071 742 4141 μάρτυς
780 4071 969 4124 τούτου
1015 4073 1108 4125 ἐπὶ
1146 4072 1254 4126 τῶν
1281 4073 1576 4128 Νινευῖτῶν
1621 4074 1800 4138 Ἰωνᾶς
1823 4077 1850 4128 0
1884 4076 2096 4146 προφή-

525 4175 658 4230 της·
695 4160 770 4223 ὡς
800 4160 1108 4228 ἐλπίζοντες
1144 4163 1340 4216 ἐκεῖνοι
1373 4181 1440 4234 τῃ
1475 4165 1569 4218 τοῦ
1605 4165 1883 4235 προφήτου
1925 4167 2093 4236 προρο

528 4251 685 4322 ῥήσει
717 4251 1003 4322 ἀνηκέστῳ
1039 4251 1354 4323 περιπεσεῖν
1403 4257 1674 4325 συμφορᾷ,
1703 4257 1769 4324 τῇ
1799 4252 2093 4324 προσδοκία

525 4341 635 4396 τῶν
685 4343 1062 4414 ἐλευσομένων
1109 4345 1296 4398 κακῶν
1342 4346 1692 4417 ἀπέστρεψαν
1739 4347 1839 4418 τὴν
1891 4347 2089 4418 όργήν·

539 4433 782 4487 Ἰουδαῖοι
812 4434 869 4487 δέ
918 4434 991 4505 μὴ
1017 4434 1326 4498 πεισθέντες
1359 4436 1436 4505 τῷ
1471 4439 1720 4507 προφήτῃ
1755 4437 1962 4505 λέγοντι
1995 4440 2092 4509 τὴν

530 4523 730 4575 ὃλωσιν
790 4521 1166 4592 Ἰερουσαλὴμ,
1220 4524 1532 4592 ὑπέστησαν
1568 4525 1634 4577 τά
1688 4526 1852 4578 δεινά.
1899 4528 2094 4594 Σοφός

528 4613 640 4680 710p
671 4612 948 4681 φοϐηθείς
981 4613 1292 4677 ἐξέκλινεν
1323 4615 1440 4668 ἀπὸ
1469 4615 1657 4668 κακοῦ
1683 4633 1694 4647 ο
1731 4617 1761 4668 0
1799 4616 1866 4669 δὲ
1892 4617 2094 4684 ἄφρων

522 4704 802 4771 μίγνυται
831 4703 1120 4769 πεποιθώς
1157 4716 1205 4756 ι.
1258 4704 1316 4764 ⁸0
1349 4705 1581 4768 ἐλπίζων
1620 4706 1872 4774 γενέσθαι
1903 4707 2089 4777 πένης,

529 4791 587 4842 ἐν
614 4791 882 4862 εὐημερίᾳ
917 4791 1138 4860 διάγων,
1171 4793 1270 4846 οὐκ
1301 4792 1367 4846 ἂν
1396 4794 1608 4863 ταχέως
1636 4794 1858 4864 γένηται
1892 4797 2086 4866 πένης·

525 4880 553 4934 δ
581 4881 691 4951 γὰρ
719 4881 825 4933 ἀπὸ
863 4883 959 4953 τῆς
1001 4884 1329 4954 προσδοκίας
1364 4885 1618 4951 κερδᾶναι
1651 4886 1749 4938 οὐκ
1792 4887 2086 4956 ἠθέλησας,

528 4971 638 5022 ἀπὸ
666 4971 766 5040 τῆς
825 4974 1024 5044 πείρας
1052 4973 1209 5026 τοῦτο
1245 4973 1467 5047 μαθήσῃ
1509 4976 1708 5040 καλῶς.
1764 4979 1852 5031 Ἐν
1879 4979 2092 5049 πλούτῳ

529 5062 707 5112 τοίνυν
736 5059 811 5114 ῶν
845 5063 1118 5134 προσδόκα
1163 5064 1372 5128 πενίαν,
1414 5067 1470 5117 ἐν
1512 5067 1780 5137 εὐημερίᾳ
1807 5069 2090 5138 τυγχάνων

533 5150 808 5221 προσδόκα
833 5153 987 5224 λιμόν
1005 5172 1020 5185 ·
1041 5156 1098 5207 ἐν
1126 5155 1253 5226 δόξῃ
1269 5155 1345 5208 ὣν
1373 5155 1559 5220 ἔλπιζε
1585 5158 1796 5224 ἀδοξίαν
1814 5178 1826 5190 ·
1846 5162 1902 5212 ὲν
1931 5161 2089 5232 ὑγεία

527 5239 728 5307 διάγων
763 5240 912 5293 νόσον
946 5243 1202 5312 ἀνάμενε.
1229 5245 1474 5314 Συνεχῶς
1509 5247 1838 5301 ἐπισκέπτου
1870 5250 1976 5301 τῶν
1997 5252 2088 5302 ἀν-

529 5327 817 5397 θρωπίνων
847 5332 1183 5400 πραγμάτων
1234 5333 1334 5403 τήν
1389 5333 1570 5402 φύσιν,
1641 5335 1747 5388 τῶν
1806 5341 2086 5409 ποταμίων

532 5419 820 5488 ῥευμάτων
848 5421 998 5474 οὑδέν
1023 5422 1240 5484 ἄμεινον
1265 5424 1641 5495 διακειμένην,
1666 5429 1758 5480 καὶ
1778 5431 1981 5484 καπνοῦ
2009 5435 2087 5496 εἰς

527 5508 666 5578 ἀέρα
692 5508 1038 5582 διαλυομένου
1071 5513 1536 5585 όξυῤῥεπεστέραν
1570 5518 1660 5569 καὶ
1709 5522 1864 5585 σκιᾶς
1908 5541 2086 5594 παρα-

560 5747 570 5761 ὶ
588 5686 620 5712 ⁸
638 5686 688 5760 Ir!
717 5686 991 5762 Proverbiis
1029 5693 1207 5756 legitur
1227 5707 1328 5758 xlv,
1350 5693 1426 5758 16,
1447 5697 1473 5744 0
1494 5696 1544 5744 δέ
1565 5696 1724 5759 ἄφρων
1747 5699 1899 5762 ἑαυτῷ
1921 5718 2085 5752 πεποι-

521 5747 613 5804 θὼς
637 5747 848 5808 μίγνυται
871 5754 1047 5815 ἀνόμῳ.
1080 5747 1107 5756 ⁷
1313 5747 1326 5758 ’
1413 5747 1425 5758 ⁷
1609 5747 1642 5759 ”
1794 5747 1797 5748 ν
1876 5749 1885 5765 ⁵

2204 559 2273 613 τὰ
2307 561 2519 631 χρηστά
2571 577 2630 614 σε
2675 560 2916 630 φυσῆσαι
2959 557 3266 628 δυνήσεται,
3307 559 3429 612 οὐτε
3455 558 3525 611 τά
3556 555 3777 627 λυπηρὰ

2203 647 2537 702 ταπεινῶσαι
2561 665 2576 680 ·
2624 648 2692 701 ἂν
2722 647 3005 715 παρόντων
3034 645 3146 700 τῶν
3170 645 3424 718 χρηστῶν
3463 646 3538 717 μὴ
3569 644 3776 714 σφόδρα

2201 737 2408 790 τούτων
2453 737 2674 808 ἀντέχῃ,
2725 737 2846 790 οὐδὲ
2900 736 3246 791 ἀπελθόντων
3296 738 3623 810 όδυνηθήσῃ.
3677 738 3776 789 ’Δν

2201 830 2387 902 ἐθίσῃς
2415 829 2513 901 τὴν
2549 829 2784 884 διάνοιάν
2819 847 2913 883 σου
2939 829 2996 882 ἐν
3025 832 3090 900 τῇ
3141 829 3439 902 προσδοκίᾳ
3468 829 3580 884 τῶν
3621 831 3777 883 ἐναν-

2201 923 2352 986 τίων,
2388 921 2647 984 πολλάκις
2696 920 2795 991 μέν
2828 920 2951 973 οὑδέ
2982 919 3312 990 παρέσονται
3341 919 3410 973 τὰ
3455 919 3697 981 ἐναντία,
3725 916 3775 969 εί

2200 1013 2258 1066 δέ
2295 1013 2391 1065 καὶ
2417 1015 2830 1083 παραγένοιντο,
2859 1010 2920 1063 οὑ
2953 1011 3158 1082 σφόδρα
3187 1026 3280 1063 σου
3306 1011 3668 1080 καθάψονται.

2274 1131 2334 1177 ε’.
2359 1125 2464 1178 Καὶ
2492 1125 2578 1178 ἵνα
2598 1124 2804 1196 μάθητε
2831 1126 2911 1179 ὅτι
2927 1126 2988 1180 οὐ
3008 1125 3401 1195 στοχαζόμενος
3415 1125 3590 1177 ταῦτα
3603 1120 3770 1188 λέγω,

2203 1217 2440 1270 παλαιάν
2482 1235 2604 1271 τινα
2641 1218 2882 1289 ἱστορίαν
2919 1216 3288 1287 διηγήσασθαι
3329 1217 3458 1286 ὑμῖν
3488 1213 3770 1285 βούλομαι.

2212 1306 2462 1374 Ἐγένετό
2485 1325 2570 1370 τις
2591 1307 2728 1377 ἀνὴρ
2759 1307 3073 1378 θαυμαστὸς
3104 1306 3198 1359 καὶ
3225 1305 3416 1376 μέγας,
3445 1303 3539 1357 καὶ
3567 1316 3775 1354 παντα-

2199 1397 2297 1465 χοῦ
2347 1399 2444 1467 τῆς
2478 1397 2799 1468 οίκουμένης
2843 1397 3109 1466 ἀοίδιμος,
3153 1397 3182 1447 0
3233 1396 3505 1467 μακάριος
3567 1392 3709 1460 Ἰὼϐ,
3742 1392 3774 1444 0

2203 1487 2300 1556 τῆς
2327 1487 2611 1551 εὐσεϐείας
2627 1488 2884 1559 ἀθλητὴς,
2903 1490 2930 1541 0
2953 1487 3275 1557 στεφανίτης
3297 1489 3395 1557 τῆς
3424 1484 3770 1555 οίκουμένης,

2200 1576 2228 1628 0
2269 1574 2356 1627 διὰ
2406 1577 2622 1630 πάντων
2656 1576 2778 1628 ιτῶν
2810 1575 2988 1631 ἄθλων
3015 1575 3209 1640 ἐλθὼν,
3253 1577 3280 1628 0
3317 1575 3485 1646 μυρία
3509 1573 3652 1626 κατά
3674 1570 3770 1625 τοῦ

2201 1662 2448 1716 διαϐόλου
2501 1668 2737 1735 τρόπαια
2787 1665 3014 1734 στήσας.
3047 1658 3216 1721 Οὑτος
3261 1663 3477 1731 ἐγένετο
3516 1659 3772 1724 πλούσιος

2201 1755 2293 1807 καὶ
2341 1755 2530 1826 πένης,
2559 1753 2768 1819 ἔνδοξος
2811 1756 2906 1808 καὶ
2944 1753 3442 1825 εὐκαταφρόνητος,
3499 1751 3771 1815 πολύπαις

2200 1845 2293 1898 καὶ
2322 1845 2488 1907 ἀπαις
2511 1862 2523 1874 ο
2562 1840 2713 1909 οὗτος
2739 1845 2959 1912 ἐγένετο
2985 1846 3044 1896 ἐν
3070 1844 3376 1914 βασιλικαῖς
3409 1843 3619 1906 αὐλαῖς,
3649 1841 3772 1910 ἐγέ-

2199 1951 2321 1988 νετο
2365 1935 2424 1988 δέ
2471 1936 2564 1989 καὶ
2595 1938 2653 1989 ἐν
2691 1935 2923 2008 κοπρίᾳ·
2961 1931 3113 2001 οὗτος
3171 1935 3388 2004 ἐγένετο
3435 1937 3493 1987 ἐν
3540 1933 3772 2004 λαμπρᾷ

2200 2023 2384 2094 στολῇ,
2419 2024 2515 2077 καὶ
2551 2023 2669 2093 μετ’
2705 2023 2922 2094 ἐκείνην
2953 2026 3011 2077 ἐν
3040 2024 3221 2096 πληγῇ
3251 2023 3577 2094 σκωλήκων·
3614 2015 3772 2085 οὗτος

2201 2115 2404 2186 μυρίας
2427 2114 2705 2169 ἀπέλαυσε
2731 2114 3051 2186 θεραπείας,
3087 2115 3184 2168 καὶ
3207 2114 3346 2185 μετά
3365 2113 3539 2167 ταῦτα
3569 2112 3770 2184 μυρίας

2198 2205 2489 2276 ὑπέμεινεν
2531 2203 2745 2278 ὕϐρεις,
2799 2206 3025 2258 οἰκετῶν
3074 2205 3554 2275 ἐπανισταμένων,
3597 2204 3770 2272 φίλων

2195 2294 2585 2358 ὀνειδιζόντων,
2611 2296 2865 2364 γυναικὸς
2897 2294 3376 2363 ἐπιϐουλευούσης.
3402 2293 3588 2346 Πάντα
3621 2291 3770 2364 αὐτῷ

2195 2388 2293 2458 τὴν
2341 2387 2514 2459 ἀρχὴν
2565 2388 2816 2458 καθάπερ
2848 2389 2914 2440 ἐκ
2947 2387 3139 2457 πηγῶν
3189 2385 3435 2456 ἐπέρρει,
3469 2384 3770 2455 χρημάτων

2200 2479 2503 2549 περιουσία,
2540 2479 2856 2541 δυναστείας
2891 2477 3138 2548 μέγεθος,
3185 2476 3343 2546 δόξης
3374 2475 3655 2546 περιϐολὴ,
3689 2475 3769 2528 εί-

2202 2573 2337 2644 ρήνη
2369 2573 2462 2626 καὶ
2491 2573 2784 2641 ἀσφάλεια,
2819 2571 2977 2641 τιμαὶ
3008 2571 3101 2623 καὶ
3134 2570 3439 2640 θεραπεῖαι,
3457 2566 3553 2620 καὶ⁸
3584 2565 3772 2637 σώμα-

2196 2680 2287 2725 τος
2313 2662 2512 2744 ὑγίεια,
2545 2664 2639 2715 καὶ
2672 2661 2876 2715 παίδων
2907 2661 3193 2731 εὑκληρία,
3233 2659 3329 2712 καὶ
3358 2658 3508 2712 οὐδὲν
3551 2652 3620 2729 ἦν
3653 2658 3772 2710 ἐκεῖ

2195 2753 2436 2824 λυπηρόν
2457 2771 2470 2784 ·
2518 2755 2697 2824 παρῆν
2724 2752 2874 2824 αὑτῷ
2899 2753 3128 2817 πλοῦτος
3155 2753 3292 2822 μετά
3318 2749 3640 2822 ἀσφαλείας,
3674 2749 3770 2805 καὶ

2196 2844 2466 2915 εὐημερία
2485 2845 2841 2908 ἀδιάπτωτος,
2865 2843 2960 2897 καὶ
2984 2842 3131 2913 μάλα
3155 2841 3381 2905 είκότως
3406 2859 3418 2872 ·
3451 2842 3478 2893 0
3507 2839 3641 2900 Θεὸς
3660 2840 3771 2913 γὰρ

2195 2935 2534 3004 πανταχόθεν
2586 2935 2750 2988 αὑτὸν
2795 2933 3079 3005 ἐτείχιζεν.
3139 2933 3280 2987 Ἀλλ’
3313 2927 3538 3004 ὕστερον
3593 2930 3770 2985 πάντα

2195 3026 2378 3080 ἐκεῖνα
2398 3027 2641 3096 ἀπέπτη,
2671 3026 2765 3080 καὶ
2795 3027 2977 3098 μυρίοι
3004 3025 3270 3096 χειμῶνες
3289 3023 3475 3077 λοιπὸν
3505 3024 3770 3093 ἐσκήνουν

2196 3117 2276 3179 είς
2322 3116 2420 3187 τὴν
2467 3115 2647 3168 οὶκίαν
2696 3116 2928 3179 ἐκείνου,
2971 3116 3067 3168 καὶ
3101 3115 3301 3177 πάντες
3344 3107 3636 3181 ἐπάλληλοι
3675 3111 3769 3165 καὶ

2197 3209 2464 3278 συνεχεῖς,
2491 3208 2584 3260 καὶ
2617 3207 2734 3278 μεθ’
2770 3206 3078 3276 ὑπερϐολῆς
3102 3205 3361 3269 ἅπαντες.
3392 3203 3472 3258 Τά
3499 3202 3607 3274 γὰρ
3639 3202 3768 3258 ὄντα

2193 3297 2343 3366 αὑτῷ
2395 3296 2609 3351 ἅπαντα
2650 3297 2846 3367 ἀθρόον
2889 3295 3237 3367 ἀνηρπάζετο
3261 3311 3272 3324 ·
3307 3294 3538 3356 οἰκέται,
3579 3291 3769 3354 παῖδες

2196 3386 2344 3460 [409]
2376 3387 2789 3458 κατεχώννυντο
2814 3386 2970 3457 βιαίῳ
2997 3385 3090 3439 καὶ
3109 3383 3275 3456 ἀώρῳ
3293 3383 3530 3452 θανάτῳ,
3552 3382 3645 3434 ἐπὶ
3670 3382 3769 3451 τῆς

2192 3476 2470 3545 τραπέζης
2523 3475 2617 3528 καὶ
2671 3473 2767 3527 τοῦ
2829 3473 3132 3544 συμποσίου
3184 3471 3648 3540 κατασφαγέντες,
3704 3469 3767 3522 οὐ

2197 3567 2448 3636 μαχαίρᾳ
2465 3567 2560 3618 καὶ
2584 3565 2747 3632 ξίφει,
2769 3564 2905 3618 ἀλλά
2930 3563 3200 3633 πνεύματι
3229 3560 3452 3632 πονηρῷ
3474 3560 3572 3631 τὴν
3589 3559 3768 3614 οίκίαν

2193 3659 2601 3711 κατασείσαντι.
2637 3657 2742 3710 Καὶ
2773 3656 2910 3727 γυνὴ
2943 3656 3078 3725 μετά
3101 3654 3272 3708 ταῦτα
3298 3653 3502 3718 ὥπλιζε
3536 3653 3604 3706 τὰ
3637 3654 3767 3705 ἐαυ-

2195 3748 2292 3818 τῆς
2337 3751 2724 3819 μηχανήματα,
2761 3749 2854 3800 καὶ
2891 3746 2968 3818 τῷ
2999 3746 3192 3815 δικαίῳ
3227 3743 3508 3816 προσῆγε·
3554 3743 3648 3796 καὶ
3685 3744 3769 3794 οί-

2195 3838 2369 3900 κέται,
2399 3840 2496 3892 καὶ
2515 3840 2680 3906 φίλοι,
2722 3839 2772 3891 οί
2811 3839 2908 3907 μὲν
2944 3837 3204 3899 ἐνέπτυον
3247 3837 3329 3898 είς
3359 3835 3420 3888 τὸ
3449 3834 3765 3906 πρόσωπον,

2194 3929 2270 3992 ῶς
2314 3947 2477 3999 φησιν
2536 3929 2728 3993 αὑτός·
2788 3929 2928 3984 Ἀπὸ
2976 3926 3083 3997 γὰρ
3124 3925 3448 3995 προσώπου
3493 3942 3613 3993 μου
3652 3925 3768 4002 οὐκ

2193 4021 2517 4091 ἐφείσαντο
2535 4022 2798 4075 πτυέλου
2819 4038 2831 4050 ·
2854 4021 2901 4072 οί
2928 4019 2985 4072 δὲ
3013 4017 3315 4081 ἐπέϐαινον,
3341 4019 3438 4070 καὶ
3462 4017 3560 4087 τῆς
3587 4016 3768 4078 οἰκίας

2195 4111 2512 4175 ἐξεϐάλλετο
2546 4112 2746 4182 πάσης,
2768 4111 2861 4164 καὶ
2891 4111 3212 4180 ἐνδιαίτημα
3235 4109 3384 4180 αὐτῷ
3411 4103 3534 4179 ἦνή
3564 4108 3770 4177 κοπρία

2197 4204 2398 4266 λοιπὸν,
2427 4203 2521 4256 καὶ
2557 4204 2734 4272 πηγαὶ
2775 4203 3075 4272 σκωλήκων
3115 4203 3330 4272 ἔϐρυον,
3372 4199 3636 4256 πάντοθεν
3671 4200 3768 4253 καὶ

2193 4296 2382 4365 αἵματι
2424 4297 2516 4349 καὶ
2565 4295 2721 4367 ίχῶρι
2769 4297 3090 4366 κατερῤεῖτο
3120 4297 3148 4349 0
3177 4295 3409 4364 ἀδάμας,
3447 4293 3543 4347 καὶ
3585 4291 3767 4346 λαϐὼν

2193 4387 2458 4458 ὄστρακον
2487 4387 2603 4452 εξεε
2629 4387 2755 4450 τοὺς
2795 4387 3014 4457 ἰχῶρας,
3049 4388 3242 4457 δήμιος
3274 4384 3437 4448 αὐτὸς
3479 4383 3653 4454 ἐαυτῷ
3676 4401 3766 4452 γι-

2193 4480 2415 4549 νόμενος
2434 4497 2445 4508 ·
2487 4480 2580 4532 καὶ
2606 4478 2788 4531 ὀδύναι
2813 4478 3125 4548 ἐπάλληλοι,
3153 4479 3245 4532 καὶ
3279 4477 3499 4548 βάσανοι
3524 4477 3765 4547 ἀπαρτέ-

2199 4589 2373 4642 ρητοι,
2390 4573 2482 4625 καὶ
2503 4569 2599 4635 νὺξ
2625 4571 2836 4641 ἡμέρας
2861 4572 3238 4640 χαλεπωτέρα,
3261 4571 3356 4624 καὶ
3378 4571 3558 4641 ἡμέρα
3572 4568 3768 4632 νυκτός

2196 4664 2628 4734 φρικωδεστέρα,
2671 4663 2743 4726 ῶς
2783 4681 2979 4733 φησιν·
3030 4664 3125 4730 Ὠς
3156 4663 3232 4717 ἂν
3279 4663 3556 4732 κοιμηθῶ,
3585 4663 3764 4731 λέγω,

2195 4757 2348 4808 Πότε
2380 4753 2608 4821 ἡμέρας
2629 4754 2708 4818 ὡς
2731 4753 2781 4806 0“
2803 4753 2879 4807 ἂν
2903 4752 3168 4818 ἀναστῶ,
3195 4754 3350 4820 λέγω
3366 4753 3574 4818 πάλιν,
3605 4753 3763 4806 Πότε

2194 4843 2448 4911 ἐσπέρα;
2477 4843 2713 4911 πλήρης
2744 4843 2810 4896 δὲ
2844 4845 3083 4912 γίνομαο
3103 4842 3334 4897 ὀδυνῶν
3362 4844 3479 4898 ἀπὸ
3504 4844 3769 4912 ἑσπέρας

2189 4935 2368 5005 μέχρι
2395 4937 2564 5002 πρωΐ.
2610 4936 2720 4986 Καὶ
2746 4935 2934 4988 πάντα·
2955 4936 3213 5006 κρημνοὶ,
3239 4935 3334 4988 κατ.
3374 4935 3646 4999 σκόπελοι,
3670 4937 3768 4990 καὶ

2191 5031 2219 5082 0
2244 5031 2341 5099 μὲν
2375 5028 2708 5100 παρακαλῶν
2731 5026 2926 5092 οὐδεὶς,
2955 5031 3002 5081 οί
3020 5020 3076 5081 δὲ
3105 5027 3527 5098 ἐπεμϐαίνοντες
3559 5029 3764 5100 μυρίοι·

2192 5119 2306 5172 ἀλλ’
2339 5119 2488 5187 ὅμως
2516 5119 2572 5171 ἐν
2616 5119 2844 5187 χειμῶνι
2881 5118 3116 5187 τοσούτῳ
3162 5120 3256 5170 καὶ
3305 5118 3548 5188 κύμασιν
3595 5118 3766 5182 ὅντως

2193 5209 2486 5280 ἀφορήτοις
2527 5208 2655 5277 έστη
2700 5209 2836 5279 πρὸς
2864 5211 3041 5260 πάντα
3069 5211 3314 5275 γενναῖος
3350 5207 3443 5260 καὶ
3476 5209 3763 5279 ἀπερίτρε-

2193 5315 2359 5363 πτος·
2393 5299 2453 5352 τὸ
2479 5299 2535 5350 δὲ
2571 5300 2740 5351 αἴτιον
2773 5299 2975 5351 τούτων
3004 5299 3160 5351 τοῦτο
3186 5294 3272 5368 ἦν,
3311 5301 3445 5369 ὅπερ
3493 5299 3649 5370 ἔφην,
3682 5301 3742 5352 ὅτ

2190 5394 2316 5446 ὅταν
2348 5391 2617 5451 ἐπλούτει,
2641 5391 2942 5461 προσεδόκα
2969 5390 3156 5443 πενίαν
3177 5410 3189 5421 ·
3226 5393 3314 5444 ὅτε
3351 5392 3583 5458 ὑγίαινε,
3611 5392 3760 5444 νόσον

2189 5484 2451 5553 ἀνέμενεν
2477 5499 2489 5512 ·
2525 5482 2612 5533 ὅτε
2639 5482 2845 5534 παίδων
2881 5482 3150 5536 τοσούτων
3188 5484 3371 5553 πατὴρ
3401 5484 3633 5551 ἐγένετο,
3670 5487 3766 5538 καὶ

2191 5573 2357 5634 ἄπαις
2377 5570 2570 5640 ἀθρόον
2601 5571 2826 5640 ἤλπιζεν
2853 5571 3091 5626 ἔσεσθαι.
3125 5574 3234 5626 Καὶ
3260 5572 3450 5625 τοῦτον
3475 5574 3567 5626 τὸν
3599 5575 3764 5642 φόϐον

2191 5665 2278 5716 ἀεὶ
2313 5665 2439 5732 παρ’
2470 5662 2653 5732 ἑαυτῷ
2680 5663 2967 5724 ἀνείλιττε,
3005 5664 3099 5716 καὶ
3150 5665 3353 5734 ταύτην
3398 5664 3494 5734 τὴν
3522 5666 3756 5732 ἀγωνίω.

2199 5756 2284 5808 ἀεὶ
2317 5755 2534 5824 ἔτρεφε,
2575 5754 2683 5808 τῶν
2713 5753 3066 5826 ἀνθρωπίνων
3116 5757 3454 5829 πραγμάτων
3483 5757 3635 5821 εἰδὼς
3664 5756 3764 5820 τὴν
