4046 6430
247 369 347 426 H7

226 492 390 533 lttllllll
437 480 681 542 amittas;
709 475 818 531 noli
848 490 966 544 qua:
996 479 1251 540 superant
1282 483 1435 522 usum
1463 478 1814 534 congregare,

223 587 292 625 ne
320 571 516 641 perdas
550 570 711 624 etiam
741 563 1079 626 necessaria;
1108 561 1214 616 noli
1241 558 1534 630 praeﬁnitas
1561 556 1821 611 terminos

222 644 607 733 prtetergredi,
650 675 717 714 ne
763 654 1104 712 facultatibus
1141 651 1405 707 universis
1436 648 1650 704 exuaris
1682 663 1696 700 :
1725 644 1822 700 sed

221 752 365 821 quod
407 759 652 821 superest
678 762 862 804 reseca
887 788 902 813 ,
942 756 1002 801 ut
1033 745 1085 799 in
1114 741 1430 798 necessariis
1455 739 1706 794 ditescas.
1737 739 1821 791 An

227 860 335 898 non
363 843 517 898 vides
535 841 676 912 quod
698 841 947 910 agricolae
967 836 1130 891 vitem
1154 842 1358 905 putant,
1385 847 1451 887 ne
1477 832 1579 886 vim
1607 844 1822 884 omnem

226 938 278 988 in
309 933 576 1003 pampinis
605 941 658 987 et
702 931 1044 1001 palmitibus,
1090 928 1185 983 sed
1232 928 1282 981 in
1329 926 1506 981 radice
1548 922 1822 994 proferat?

225 1025 373 1079 ldem
417 1035 472 1078 et
501 1035 554 1078 tu
587 1023 746 1077 facito
777 1040 790 1076 :
818 1030 1035 1091 amputa
1063 1019 1188 1074 folia
1217 1059 1234 1085 ,
1274 1032 1541 1087 omneque
1585 1014 1823 1070 studium

228 1118 334 1171 huc
363 1116 584 1170 intende
607 1155 622 1180 ,
657 1125 715 1168 ut
744 1108 1197 1182 quamplurinium
1237 1108 1443 1172 fructus
1485 1108 1637 1161 ferat.
1666 1105 1822 1174 Quod

225 1208 270 1262 si
305 1206 480 1260 facere
504 1220 721 1261 recuses
749 1205 799 1258 in
824 1204 983 1258 rebus
1013 1201 1304 1272 prosperis,
1331 1209 1611 1269 exspectes
1635 1198 1826 1252 adrer-

226 1314 348 1362 sas;
380 1297 432 1351 in
479 1296 861 1366 tranquillitate
891 1301 1262 1363 tempestatem
1287 1333 1302 1356 ,
1337 1291 1388 1344 in
1420 1289 1646 1343 sanitate
1677 1303 1823 1342 mor~

232 1394 386 1455 bum,
415 1391 466 1444 in
494 1390 691 1444 divitiis
723 1396 1088 1458 paupertatem
1111 1399 1172 1439 ac
1199 1383 1595 1438 mendicitatem
1624 1395 1822 1448 exspe-

227 1494 334 1536 cta.
367 1481 638 1543 Memento,
679 1481 870 1551 inquit,
904 1478 1138 1549 temporis
1159 1477 1309 1548 famis
1337 1476 1391 1528 in
1420 1484 1642 1544 tempore
1668 1473 1830 1526 abun-

228 1575 453 1637 dantiat,
488 1571 825 1624 mendicitatis
861 1579 905 1623 et
934 1568 1198 1637 egestatis,
1241 1567 1295 1619 in
1340 1566 1514 1619 diebus
1553 1563 1828 1634 opulentia:

233 1663 422 1733 (Et-cli.
461 1662 546 1716 l8.
577 1661 690 1732 25).
723 1661 806 1714 Ad
838 1659 978 1714 hunc
1017 1657 1236 1713 modum
1279 1657 1323 1711 si
1363 1656 1526 1710 fueris
1565 1654 1784 1708 aﬂ‘eetus
1808 1694 1824 1720 ,

231 1767 342 1808 tuttt
374 1764 428 1809 et
457 1754 672 1808 divitias
702 1751 866 1806 multa
905 1765 1024 1805 cum
1055 1749 1346 1803 sobrietate
1387 1745 1784 1802 atltninistrabis
1806 1786 1824 1812 ,

229 1857 288 1901 et
316 1855 634 1917 egestatem,
665 1846 707 1898 si
740 1841 938 1897 incidat
963 1883 977 1908 ,
1011 1839 1306 1894 fortissime
1336 1838 1597 1908 perieres.
1627 1836 1824 1890 Malum

236 1941 440 2010 quippe
469 1939 893 2007 inexspectatum
925 1932 1202 2004 perturbat
1227 1931 1488 1990 animum,
1519 1931 1560 1982 si
1592 1928 1822 1992 incidat;

231 2029 374 2099 quod
412 2037 590 2083 autem
617 2025 1029 2096 exspectabatur
1053 2063 1067 2087 ,
1113 2023 1155 2076 si
1187 2021 1420 2082 accidat,
1452 2036 1558 2072 non
1600 2019 1826 2072 multum

230 2119 407 2174 adfert
433 2117 869 2190 perturbationis.
901 2114 975 2169 lta
1017 2113 1124 2168 duo
1147 2113 1429 2166 commoda
1459 2109 1791 2193 lucrifeceris
1810 2147 1826 2174 ,

229 2214 459 2268 alterum
501 2226 566 2265 ne
606 2210 935 2280 prosperitas
963 2215 1014 2261 te
1040 2205 1226 2260 reddat
1254 2204 1461 2258 ebrium
1504 2211 1559 2256 et
1586 2201 1827 2256 insolen-

231 2313 338 2357 tem
360 2344 376 2368 ,
407 2301 634 2356 alterum
682 2315 750 2354 ne
787 2295 1179 2353 commovearis
1206 2309 1267 2350 ac
1294 2292 1626 2365 perturberis
1669 2293 1828 2348 rebus

228 2393 283 2449 itt
302 2393 572 2448 diversum
600 2389 960 2456 commutatis,
986 2390 1216 2444 maxime
1246 2387 1291 2442 si
1318 2402 1534 2457 semper
1552 2393 1829 2456 exspecta-

233 2487 380 2540 ti0ne
424 2483 818 2539 contrariorum
865 2480 1123 2551 pendebis
1154 2497 1165 2531 :
1200 2477 1400 2534 sufficit
1426 2478 1568 2534 enim
1614 2491 1712 2548 pro
1741 2491 1826 2531 ex-

230 2578 492 2648 perientia
521 2575 873 2645 exspeCtatio.
908 2573 1037 2628 Tale
1065 2581 1147 2628 est
1177 2571 1321 2642 quod
1348 2571 1473 2626 dico
1505 2588 1517 2622 :
1548 2569 1700 2624 dives
1727 2570 1828 2624 es?

231 2668 496 2735 Exspecta
543 2665 780 2735 quotidie
831 2672 1220 2734 paupertatem.
1254 2662 1430 2729 Quare
1478 2669 1533 2716 et
1571 2658 1830 2730 quamob-

229 2759 382 2813 rem?
429 2758 690 2824 Quoniam
734 2756 833 2810 ista
879 2755 1212 2824 exspectatio
1262 2753 1358 2808 tibi
1396 2753 1684 2807 maximam
1727 2750 1826 2804 ad-

232 2854 373 2904 lerre
401 2848 596 2918 poterit
641 2847 945 2901 utilitatem.
984 2846 1200 2900 Etenim
1246 2844 1336 2914 qui
1376 2851 1654 2910 exspectat
1697 2857 1828 2912 pau-

235 2947 496 3012 pertatem
523 2979 536 3001 ,
569 2938 621 2992 in
648 2936 845 2992 divitiis
874 2952 976 2990 non
1005 2936 1278 2990 extollitur
1300 2974 1314 3000 ,
1363 2950 1470 2988 non
1518 2933 1784 2988 mollescit
1811 2974 1824 2998 ,

233 3048 338 3087 non
362 3030 601 3097 difﬂuit,
647 3044 754 3084 non
782 3030 1110 3099 concupiscit
1139 3029 1310 3084 aliena
1343 3045 1358 3082 :
1394 3044 1515 3082 nam
1547 3037 1829 3098 exspecta-

238 3126 405 3179 ιιοιιὶε
451 3133 626 3178 metus
667 3122 940 3194 paedagogi
981 3120 1256 3190 cujusdam
1302 3121 1420 3174 vice
1463 3120 1677 3174 cohibet
1717 3117 1831 3189 ejus

235 3226 491 3281 tuentem,
519 3230 619 3270 nec
640 3216 840 3284 patitur
861 3214 1014 3268 mala:
1040 3211 1276 3267 avaritiae
1299 3211 1538 3281 germina
1560 3209 1828 3276 subnasci,

231 3311 358 3362 dum
399 3323 460 3361 ea
490 3317 633 3363 metu
663 3307 1053 3362 contrariorum
1092 3305 1253 3360 veluti
1284 3302 1421 3359 falce
1447 3301 1674 3374 quadam
1703 3318 1830 3373 pro-

235 3399 377 3454 lttbct
401 3413 645 3454 crescere
674 3407 1040 3468 amputatque.

304 3492 357 3543 4.
379 3489 704 3558 Exspectatio
727 3488 965 3552 tristium,
989 3502 1050 3540 ea
1070 3502 1185 3539 cum
1201 3485 1512 3546 advenerim,
1541 3485 1832 3554 mitigat.—

235 3582 347 3635 lloe
375 3581 533 3650 igitur
558 3594 724 3633 unum
764 3587 847 3633 est
887 3592 918 3631 e
961 3577 1208 3631 maximis
1251 3575 1404 3630 bonis
1453 3591 1571 3644 quae
1617 3575 1831 3628 lucrifa-

235 3676 345 3730 eies
375 3692 387 3726 :
423 3675 650 3727 alterum
681 3679 859 3724 autem
888 3685 993 3723 non
1019 3677 1100 3723 est
1130 3669 1232 3722 isto
1259 3669 1434 3721 minus
1457 3708 1470 3729 ,
1503 3666 1748 3720 videlicet
1776 3675 1834 3719 ut

235 3766 280 3820 si
322 3763 611 3819 accesserit
657 3769 942 3830 paupertas
965 3801 980 3826 ,
1031 3774 1136 3812 non
1163 3772 1508 3826 expavescas.
1544 3757 1834 3811 Praevertat

236 3871 366 3926 ergo
402 3855 569 3908 tristis
609 3852 977 3920 exSpectatin,
1028 3850 1313 3919 nequando
1357 3850 1536 3902 veniat
1579 3849 1690 3918 ipsa
1741 3849 1836 3902 tri-

237 3951 400 4003 stium
450 3945 780 4014 experientia
815 3961 827 3996 :
857 3943 926 3997 ob
960 3942 1062 3996 hoc
1089 3941 1232 3997 enim
1278 3940 1424 3995 venit
1466 3940 1793 4008 experientia
1815 3980 1831 4007 ,

239 4044 380 4113 quod
411 4059 516 4098 non
562 4042 702 4096 adsit
727 4041 1096 4110 exspectatio;
1137 4040 1276 4110 quod
1309 4039 1352 4093 si
1394 4039 1481 4093 illa
1512 4040 1835 4094 correxisset

241 4135 547 4198 hominem,
580 4134 679 4187 hac
709 4147 815 4186 non
857 4141 972 4186 erat
1011 4147 1147 4203 opus
1190 4130 1498 4186 admodum.
1548 4131 1718 4198 llujus
1757 4133 1832 4187 rei

242 4228 390 4281 testis
431 4225 594 4280 Jonas
629 4224 880 4278 Ninivitis
925 4224 1222 4294 praedicens
1256 4223 1530 4276 interitum
1573 4221 1758 4289 (Jonas
1783 4240 1830 4279 c.

240 4317 295 4386 3)
327 4335 340 4372 :
372 4315 633 4386 siquidem
657 4316 730 4369 illi
758 4314 884 4369 dum
915 4325 1224 4381 exspectant
1245 4313 1384 4384 quod
1415 4315 1668 4384 pr0plteta
1696 4331 1834 4385 prte-

239 4407 487 4472 dixerat,
515 4407 593 4462 eis
621 4407 904 4461 imminere
943 4406 1298 4460 calamitatem
1329 4405 1710 4471 insanabilem,
1742 4422 1836 4460 ex-

240 4501 571 4569 spectatione
599 4498 863 4552 malorum
895 4505 1240 4551 venturorum
1269 4496 1544 4566 fregerunt
1573 4498 1702 4550 iram
1734 4514 1834 4550 tnt-

243 4591 437 4653 ntinis;
471 4597 654 4643 contra
683 4587 854 4642 Judtei
887 4602 992 4641 nou
1023 4586 1304 4641 credentes
1335 4585 1609 4655 propheta:
1639 4588 1833 4655 praedi-

239 4681 380 4735 centi
407 4680 863 4750 Jerosolymorutn
887 4677 1172 4742 excidium,
1196 4677 1387 4732 acerba
1420 4679 1658 4747 perpessi
1686 4689 1831 4734 sunt.

242 4769 462 4839 Sapiens
499 4769 632 4821 enim
659 4777 884 4821 metuens
914 4767 1183 4820 declinavit
1225 4767 1453 4832 malum;
1481 4769 1725 4837 insipiens
1766 4771 1833 4837 ﬁ-

241 4859 394 4912 ducia
434 4876 527 4913 sua
568 4857 900 4927 confunditur
941 4856 1124 4930 (Prov.
1159 4858 1246 4912 Η.
1278 4857 1387 4929 16).
1422 4858 1521 4926 Qui
1565 4870 1838 4927 exspectat

243 4959 637 5020 paupertatem,
666 4950 790 5004 dum
817 4959 1059 5017 versatur
1087 4950 1138 5004 in
1161 4950 1379 5013 divitiis,
1405 4951 1545 5006 haud
1576 4952 1725 5007 facile
1748 4954 1839 5007 fiet

246 5059 450 5114 pauper
480 5061 492 5096 :
525 5058 646 5095 nam
675 5043 815 5111 quod
847 5041 914 5096 ab
945 5030 1344 5110 exspectatione
1372 5044 1563 5098 lucrari
1593 5046 1835 5108 noluisti,

241 5134 293 5187 id
324 5133 394 5186 ab
425 5133 537 5203 ipsa
570 5134 900 5202 experientia
935 5134 1152 5201 pulchre
1193 5135 1388 5188 disces.
1440 5135 1670 5189 Proinde
1714 5151 1835 5190 cum

244 5224 295 5277 in
327 5223 527 5277 divitiis
547 5237 607 5276 es
630 5261 646 5287 ,
671 5232 918 5291 exspecta
951 5233 1315 5293 paupertatem
1350 5242 1364 5278 :
1391 5239 1512 5277 cmn
1537 5226 1587 5277 in
1615 5225 1840 5280 afﬂuen-

246 5314 314 5365 tia
337 5355 351 5376 ,
384 5320 638 5381 exspecta
664 5311 857 5367 famem
893 5330 906 5366 :
936 5327 1056 5366 cum
1086 5313 1138 5366 in
1169 5313 1334 5382 gloria
1361 5355 1374 5378 ,
1403 5324 1653 5383 exspecta
1687 5315 1838 5385 igno-

246 5401 464 5456 miniam
489 5419 502 5453 :
527 5416 648 5456 cum
673 5403 724 5454 in
754 5403 977 5457 sanitate
1002 5404 1155 5466 vivis,
1178 5413 1424 5472 exspecta
1449 5406 1712 5459 morbum.
1739 5407 1836 5459 As-

245 5495 399 5549 sidue
425 5495 694 5562 perpende
720 5511 897 5549 rerum
926 5495 1275 5550 humanarum
1307 5507 1572 5562 naturam,
1607 5515 1724 5568 quae
1753 5503 1834 5553 ni-

249 5587 358 5640 hilo
398 5587 590 5641 melius
621 5586 798 5651 habet,
828 5603 987 5656 quam
1024 5589 1258 5642 amnium
1287 5588 1528 5643 deﬂuxus
1554 5633 1568 5657 ,
1614 5601 1665 5644 et
1695 5591 1838 5647 iunio

250 5679 302 5732 iu
336 5692 514 5731 aerem
541 5690 896 5734 evanescente
924 5679 1159 5750 fugacior
1188 5691 1291 5746 est,
1322 5690 1375 5734 et
1399 5682 1584 5735 umbra
1621 5694 1840 5751 practer-

247 5777 498 5825 curreute
535 5769 760 5825 iuanior.
796 5769 852 5826 ltt
880 5772 960 5826 his
991 5770 1035 5827 si
1066 5772 1470 5844 phil050pltatus
1504 5773 1667 5830 fucris
1693 5817 1707 5842 ,
1740 5791 1836 5830 nec

1118 357 1261 416 CUM
1299 353 1738 412 SATURNINUS
1778 353 1866 409 ΕΤ
1906 349 2370 417 AURELIANUS,
2412 347 2561 406 ETC.

3412 348 3517 402 M8

1924 467 2106 521 suavia
2137 475 2189 521 te
2216 473 2468 534 poterunt
2498 462 2686 518 inﬂare
2711 503 2725 526 ,
2770 475 2869 517 nec
2912 461 3133 516 molesta
3169 460 3401 532 dejicere
3433 481 3445 515 :
3479 464 3524 514 si

1926 557 2279 627 prmsentibus
2311 555 2464 611 bonis
2491 569 2598 610 non
2624 553 2911 610 admodum
2943 554 3227 620 inluereas,
3262 568 3434 623 neque
3460 554 3525 608 iis

1927 647 2238 702 absentibus
2265 647 2694 712 diseruciaberis.
2725 645 2782 701 Si
2805 644 3174 702 consuefacias
3195 647 3434 700 animum
3457 645 3522 700 ad

1927 738 2380 808 exspectationem
2409 737 2781 804 adversorum,
2809 751 2952 807 saepe
2981 735 3198 806 quidem
3229 736 3323 791 ﬂet
3343 744 3399 789 ut
3425 735 3524 790 ad-

1927 843 2082 884 versa
2108 844 2214 884 non
2245 829 2508 894 accidant,
2541 829 2634 884 sed
2658 829 2702 884 si
2730 828 3060 895 acciderint,
3091 844 3197 882 non
3231 827 3528 883 vehemen-

1931 928 2011 974 ter
2042 931 2093 974 te
2117 920 2554 974 commovebunt.

1999 1011 2053 1066 5.
2086 1011 2208 1064 Ιοὸὶ
2232 1011 2445 1065 historia
2478 1021 2522 1064 et
2566 1012 2764 1065 laudes.
2799 1040 2870 1051 —
2905 1010 3082 1082 Atque
3121 1019 3180 1066 ut
3224 1010 3531 1080 intelligatis

1929 1116 2018 1156 me
2049 1101 2163 1155 haec
2203 1117 2309 1155 non
2354 1117 2421 1156 ex
2469 1103 2779 1171 conjectura
2819 1103 2994 1172 loqui,
3044 1101 3165 1157 volo
3206 1102 3357 1158 vobis
3401 1118 3528 1156 nar-

1931 1205 2055 1245 rare
2084 1199 2318 1246 veterem
2360 1191 2646 1260 quamdam
2689 1191 2989 1246 historiam.
3030 1190 3156 1246 Fuit
3194 1192 3275 1247 vir
3311 1192 3529 1262 quidam

1929 1281 2259 1336 admirabilis
2287 1292 2342 1336 et
2371 1295 2594 1351 magnus
2623 1291 2677 1336 et
2702 1281 2899 1350 ubique
2927 1297 3020 1351 per
3048 1281 3236 1337 orbem
3263 1291 3528 1338 terrarum

1931 1373 2234 1427 celebratus
2259 1367 2491 1438 ,ibeatus
2518 1372 2605 1428 ille
2629 1372 2732 1427 Job
2759 1415 2774 1439 ,
2809 1373 2898 1426 ille
2927 1373 3139 1443 pietatis
3166 1373 3365 1428 athleta
3392 1411 3408 1438 ,
3435 1372 3527 1426 ille

1933 1466 2095 1518 totius
2145 1453 2328 1518 tnundi
2379 1465 2549 1519 victor
2597 1471 2652 1517 et
2706 1464 3016 1528 eoronifer,
3071 1464 3164 1534 qui
3208 1477 3306 1533 per
3351 1464 3531 1518 omnia

1931 1557 2312 1626 certaminum
2345 1571 2542 1626 genera
2590 1557 2870 1620 transivit,
2928 1555 3020 1625 qui
3085 1556 3366 1611 innumera
3416 1565 3531 1612 tro-

1931 1663 2047 1717 paea
2115 1649 2291 1703 erexit
2359 1649 2570 1703 devicto
2638 1648 2873 1703 diabolo.
2939 1648 3036 1704 Hic
3098 1648 3198 1703 fuit
3263 1647 3416 1704 dives
3481 1659 3537 1705 et

1932 1755 2156 1809 pauper,
2187 1740 2451 1809 gloriosus
2480 1749 2534 1794 et
2559 1740 2696 1806 vilis,
2741 1741 3027 1796 multorum
3060 1739 3352 1796 liberorum
3383 1749 3536 1810 pater

1933 1842 1984 1886 et
2011 1831 2178 1887 orbus
2202 1847 2216 1896 ;
2248 1831 2334 1885 hic
2356 1841 2598 1886 versatus
2624 1841 2706 1886 est
2728 1832 2778 1886 in
2803 1831 2939 1886 aulis
2965 1833 3251 1902 regalibus,
3279 1831 3373 1887 sed
3396 1830 3537 1887 idem

1933 1921 2035 1977 fuit
2079 1924 2130 1977 in
2162 1923 2538 1992 sterquilinio;
2571 1923 2658 1978 hic
2689 1923 2785 1978 fuit
2820 1925 2873 1978 in
2918 1923 3194 1994 splendida
3237 1933 3406 1991 veste,
3439 1924 3538 1981 sed

1932 2025 2054 2085 post
2081 2015 2221 2070 illam
2249 2017 2302 2069 in
2333 2016 2646 2071 corrosione
2672 2017 2973 2083 tinearum;
3003 2016 3090 2070 hic
3121 2017 3354 2086 possedit
3375 2017 3536 2072 innu-

1933 2121 2140 2160 merum
2187 2106 2528 2174 famulitium,
2574 2107 2667 2162 sed
2717 2115 2899 2176 postea
2935 2109 3188 2162 sustinuit
3230 2110 3540 2165 innumeras

1933 2198 2304 2262 contumelias,
2351 2214 2380 2252 a
2411 2198 2761 2254 familiaribus
2802 2211 2853 2254 tn
2887 2199 3060 2269 ipsum
3093 2201 3496 2272 insurgentibus
3519 2245 3536 2270 ,

1933 2292 2002 2346 ab
2026 2292 2215 2346 amicis
2235 2292 2681 2356 conviciantibus,
2712 2294 2780 2346 ab
2818 2307 2991 2348 uxore
3016 2292 3317 2348 insidiante.
3346 2293 3537 2349 Omnia

1935 2385 2012 2440 illi
2047 2387 2194 2456 prius
2218 2385 2366 2440 velut
2394 2399 2425 2439 e
2465 2384 2612 2439 fonte
2642 2384 2953 2450 afﬂuebant,
2987 2385 3334 2456 pecuniarum
3361 2387 3539 2458 copia,

1935 2478 2189 2547 potentiae
2235 2477 2566 2546 magnitudo,
2599 2476 2785 2545 gloria:
2811 2473 3070 2542 accessio,
3118 2492 3220 2546 pax
3252 2490 3304 2532 et
3334 2479 3541 2533 securi-

1936 2579 2038 2635 tas,
2068 2569 2302 2624 honores
2329 2579 2382 2622 et
2420 2569 2760 2639 obsequium,
2795 2570 3035 2639 corporis
3064 2571 3286 2636 sanitas,
3317 2579 3371 2625 et
3401 2570 3542 2626 lilio-

1935 2678 2052 2715 rum
2079 2663 2369 2732 epulentia,
2405 2678 2502 2717 nec
2544 2662 2738 2716 eratin
2771 2661 2854 2717 his
2897 2662 3186 2732 quidquam
3217 2664 3538 2730 molestum;

1937 2753 2158 2808 aderant
2191 2753 2269 2808 illi
2309 2753 2506 2806 divitia:
2529 2768 2648 2807 cum
2680 2753 2987 2819 securitate,
3020 2755 3346 2824 prosperitas
3374 2755 3542 2810 stabi-

1937 2842 2002 2897 lis
2034 2861 2044 2894 :
2077 2851 2238 2913 atque
2284 2844 2488 2914 optimo
2552 2843 2768 2912 quidem
2813 2845 2977 2912 jure:
3008 2843 3149 2898 Deus
3211 2847 3353 2899 enim
3395 2846 3541 2900 illum

1940 2935 2175 3004 undique
2203 2934 2512 2990 vallaverat.
2543 2934 2647 2990 Sed
2667 2944 2851 3006 postea
2869 2936 2962 2991 .illa
2985 2937 3162 2990 omnia
3181 2950 3542 3005 recesserunt,

1937 3042 2168 3096 moxque
2187 3026 2479 3081 innumerm
2503 3036 2848 3097 tempestates
2868 3027 3238 3098 immigrarunt
3255 3030 3306 3084 in
3323 3029 3542 3085 domum

1939 3117 2101 3182 illius,
2135 3132 2346 3184 omnes,
2396 3119 2635 3188 inquam,
2674 3118 2776 3173 sibi
2827 3117 3061 3174 vicissim
3105 3119 3455 3176 succedentes
3480 3137 3545 3176 ac

1938 3221 2208 3281 perpetuae
2236 3219 2291 3266 et
2333 3211 2594 3280 ingentes.
2643 3209 2930 3279 Siquidem.
2955 3211 3220 3266 universae
3263 3213 3545 3270 facultates

1938 3303 2014 3356 illi
2053 3302 2210 3356 simul
2250 3310 2450 3372 erepta:
2493 3311 2662 3356 sunt:
2697 3301 2880 3357 famuli
2930 3302 3188 3373 liberique
3224 3311 3544 3373 pramatura

1938 3391 2286 3462 violentaque
2327 3401 2502 3447 morte
2533 3395 2777 3462 oppressi
2804 3402 2949 3459 sunt,
2979 3394 3046 3449 ad
3077 3409 3320 3450 mensam
3348 3403 3403 3451 et
3430 3397 3547 3466 ipso

1939 3486 1991 3541 itt
2023 3486 2271 3540 convivio
2301 3485 2538 3552 mactati,
2571 3501 2676 3540 non
2721 3485 2938 3556 quidem
2984 3487 3162 3542 securi
3209 3496 3302 3543 aut
3327 3488 3504 3560 gladio
3525 3529 3544 3558 ,

1938 3577 2032 3630 sed
2061 3592 2090 3628 a
2124 3577 2266 3630 malo
2310 3578 2519 3644 spiritu,
2549 3577 2637 3647 qui
2679 3577 2897 3632 domum
2927 3579 3216 3634 concussit.
3249 3579 3385 3635 Tum
3410 3596 3547 3636 uxor

1939 3669 1991 3722 itt
2025 3669 2174 3723 illtnn
2221 3669 2551 3734 armabatur,
2585 3683 2818 3739 suasque
2861 3669 3138 3725 machinas
3181 3671 3418 3727 admovit
3455 3673 3544 3742 ju-

1938 3771 2064 3825 sto;
2112 3760 2296 3815 famuli
2349 3776 2508 3831 porro
2548 3771 2601 3817 et
2642 3763 2838 3829 amici,
2888 3764 3080 3832 partim
3127 3774 3454 3834 exspuerunt
3491 3766 3545 3823 itt

1939 3851 2128 3907 faciem
2160 3853 2298 3922 ejus,
2320 3853 2771 3924 quemadmodum
2801 3854 2872 3909 ait
2902 3856 3038 3924 ipse,
3066 3855 3187 3911 Non
3212 3869 3545 3928 pepercerunt

1943 3944 2125 4014 faciem
2152 3961 2314 3997 meam
2335 3961 2610 4015 conspuere
2632 3945 2750 4013 (Job
2781 3947 2868 4000 30.
2894 3947 2983 4016 l0)
3016 3964 3030 4003 :
3054 3950 3248 4017 partim
3277 3950 3548 4006 irruerttnt

1941 4039 1993 4093 in
2024 4053 2172 4102 cum,
2203 4046 2256 4092 et
2298 4053 2361 4092 ex
2393 4038 2553 4092 domo
2581 4039 2785 4107 ejectus
2811 4048 2914 4106 est,
2955 4055 3018 4094 ac
3047 4041 3302 4112 deinceps
3333 4044 3383 4098 in
3410 4054 3547 4099 ster—

1941 4129 2169 4196 quilinio
2209 4130 2370 4182 vitam
2416 4129 2542 4198 egit,
2590 4144 2653 4183 ac
2698 4130 2959 4184 vermium
3011 4130 3183 4193 fontes
3228 4134 3545 4201 scatebant,

1941 4219 2179 4288 undique
2228 4220 2486 4290 sanguine
2534 4229 2588 4275 et
2630 4221 2780 4276 sanie
2823 4220 3104 4278 difﬂuebat
3148 4224 3236 4280 ille
3279 4229 3547 4295 pretiosus

1939 4311 2198 4376 adamas;
2232 4323 2285 4364 et
2326 4321 2546 4376 accepta
2594 4321 2729 4366 testa
2779 4314 3126 4384 abstergebat
3174 4318 3398 4384 saniem,
3435 4318 3548 4389 ipse

1941 4401 2042 4456 sibi
2087 4401 2258 4456 factus
2301 4403 2541 4457 carnifex
2578 4403 2776 4459 :dolor
2822 4403 3065 4460 dolorem
3111 4408 3446 4480 excipiebat,
3493 4420 3549 4465 et

1941 4494 2210 4548 cruciatus
2255 4494 2640 4558 intolerabiles,
2670 4503 2724 4548 et
2765 4510 2868 4550 nox
2899 4496 2986 4551 die
3026 4498 3321 4564 molestior,
3351 4508 3406 4555 et
3431 4500 3548 4555 dies

1943 4593 2102 4639 nocte
2120 4585 2426 4651 terribilior,
2441 4585 2583 4639 sicut
2597 4586 2709 4655 ipse
2721 4585 2851 4640 dicit
2873 4606 2884 4640 :
2905 4586 3034 4642 Cum
3054 4587 3389 4654 obdomtiero,
3408 4591 3543 4658 dico,

1942 4676 2147 4745 quando
2167 4675 2257 4728 erit
2304 4675 2411 4728 dies
2433 4676 2459 4729 ?
2484 4693 2598 4728 cum
2641 4693 2810 4746 surgo,
2843 4693 3045 4730 rursum
3073 4678 3207 4745 dico,
3231 4681 3433 4748 quando
3454 4685 3548 4734 erit
3572 4725 3574 4727 .

1943 4781 2149 4836 uespera
2164 4766 2188 4819 .9
2205 4769 2381 4836 plenus
2406 4765 2582 4821 dolore
2597 4784 2708 4820 sunt
2722 4784 2753 4819 a
2769 4783 2973 4838 vespera
2991 4785 3148 4839 usque
3176 4770 3245 4822 ad
3267 4770 3548 4825 diluculum

1946 4861 2068 4927 (Job
2095 4863 2149 4915 7.
2179 4861 2258 4932 4).
2290 4859 2479 4914 Omnia
2521 4860 2834 4930 pra3cipilia,
2865 4860 3044 4914 omnia
3076 4861 3304 4932 sc0puli,
3340 4877 3440 4919 nec
3466 4874 3552 4919 est

1948 4952 2088 5006 ullus
2113 4953 2200 5023 qui
2228 4953 2551 5016 consoletur,
2581 4953 2670 5021 qui
2695 4952 2951 5006 insultent
2976 4952 3242 5008 innumeri
3272 4970 3286 5014 :
3311 4963 3548 5011 attamen

1948 5044 1999 5096 in
2033 5053 2175 5098 tanta
2210 5054 2549 5113 tempestate,
2605 5045 2871 5113 tantisque
2915 5044 3163 5100 ﬂuctibus
3191 5046 3327 5102 adeo
3357 5049 3551 5103 intole-

1947 5135 2152 5201 randis,
2200 5137 2438 5190 constitit
2477 5136 2738 5190 adversus
2778 5136 2959 5190 omnia
2990 5151 3252 5207 generoso
3275 5139 3459 5195 animo
3496 5148 3554 5195 et

1945 5231 2334 5292 inconcussus;
2367 5232 2418 5282 in
2462 5244 2620 5284 causa
2669 5229 2768 5284 fuit
2807 5229 2858 5283 id
2888 5229 3030 5300 quod
3060 5229 3302 5286 dicebam
3337 5248 3353 5288 :
3389 5233 3549 5287 nimi-

1947 5335 2064 5373 rum
2106 5320 2228 5388 quia
2264 5334 2384 5373 cum
2418 5320 2568 5373 dives
2609 5329 2772 5384 esset,
2821 5320 3166 5389 exspectabat
3211 5331 3504 5391 egestatem
3538 5342 3551 5379 :

1947 5425 2068 5464 cum
2116 5425 2278 5463 sanus
2326 5419 2505 5473 esset,
2553 5411 2898 5479 exspectabat
2944 5411 3346 5480 :egrotationeni
3379 5431 3394 5470 :
3427 5429 3551 5469 cum

1949 5509 2025 5555 tot
2064 5501 2347 5555 liberorum
2377 5510 2520 5555 esset
2550 5510 2724 5570 pater,
2767 5502 2997 5557 subitam
3040 5501 3342 5558 orbitatem.
3376 5507 3554 5578 Atque

1948 5589 2090 5644 hunc
2118 5592 2366 5644 timorem
2415 5605 2630 5658 semper
2659 5592 2800 5661 apud
2831 5608 2890 5646 se
2918 5595 3173 5661 suscepit,
3206 5604 3260 5648 et
3290 5595 3427 5650 hanc
3456 5612 3550 5651 an-

1948 5684 2199 5737 xietatem
2247 5697 2461 5751 semper
2503 5683 2644 5753 apud
2696 5700 2756 5739 se
2803 5685 2972 5751 aluit,
3021 5687 3324 5757 intelligens
3369 5704 3548 5744 rerum

1949 5776 2300 5829 humanarum
2348 5785 2617 5842 naturam,
2663 5786 3203 5848 momentaneamque
3248 5779 3550 5835 volubilita-
