4046 6440
597 315 701 370 419
1335 307 1390 362 S.
1429 305 1706 362 JOANNIS
1742 301 2219 359 CHRYSOSTOMI
2257 299 2568 358 ARCHIEP.
2610 298 3136 356 CONSTANTINOP.
3747 301 3856 359 uti

601 436 705 481 tem
756 424 1083 494 negotiorum
1139 417 1502 475 considerans.
1550 417 1731 486 quue
1791 415 1924 470 dixit
1959 432 1972 470 :
2002 414 2178 468 Timor
2268 426 2470 481 reposui
2496 423 2676 465 aurum
2704 413 3047 482 fortitudinem
3070 429 3254 479 meam,
3281 412 3323 466 εἰ
3351 413 3592 481 ﬁduciam
3621 414 3772 468 habui
3799 433 3850 469 tu

599 531 746 585 quem
784 515 1031 577 timebam,
1065 515 1221 566 evenit
1250 512 1373 564 mihi
1402 529 1421 565 :
1449 519 1494 562 et
1522 511 1795 578 periculum
1832 507 1967 580 quod
1994 517 2178 561 metue-
2267 502 2519 572 lapidibus
2564 504 2810 581 pretiosis,
2839 505 2882 557 si
2923 505 2992 557 ad
3031 504 3414 559 innumerabilia
3460 506 3606 574 posui
3645 523 3850 560 manant

597 603 732 670 bam,
762 605 975 657 occurrit
1000 603 1122 656 mihi
1171 599 1292 670 (Job
1316 601 1369 656 5.
1396 599 1512 670 25).
1559 600 1786 668 Semper
1811 599 1950 652 enim
1979 598 2178 665 cogita-

597 696 742 747 tione
787 692 1061 761 spectabat
1100 691 1168 746 ad
1215 691 1361 744 illum
1406 689 1671 754 timorem,
1721 688 1966 757 operiens
2009 700 2129 740 eum
2155 727 2170 751 ,

598 796 825 849 sperans
872 789 1334 850 exSpectansque;
1382 779 1500 834 ideo
1545 795 1664 832 cum
1715 777 2033 840 advenisset,
2067 790 2172 828 non

599 871 924 939 perturbavit
953 872 1140 925 illum:
1176 870 1350 939 Neque
1387 887 1558 940 pacem
1599 869 1768 932 habui,
1803 868 1988 937 inquit,
2018 881 2175 932 neque

593 963 770 1030 quievi,
797 963 885 1016 sed
913 963 1037 1016 mihi
1057 964 1190 1017 venit
1219 963 1292 1015 ira
1320 961 1440 1032 (Job
1488 963 1540 1016 5.
1582 961 1695 1030 26).
1736 959 1848 1013 Νοιι
1875 959 2028 1022 dixit,
2057 958 2170 1011 Non

595 1067 776 1120 pacem
802 1053 991 1116 habeo,
1020 1067 1191 1120 neque
1211 1053 1442 1120 quiesco,
1472 1050 1718 1120 precsenti
1749 1061 1984 1118 tempore
2013 1047 2167 1114 :sed,

599 1141 715 1196 Non
739 1144 919 1214 quievi,
967 1143 1235 1211 prteterito
1265 1154 1521 1212 tempore.
1556 1141 1776 1196 Etiamsi
1802 1142 1942 1195 enim
1990 1155 2169 1195 rerum

596 1233 917 1301 prosperitas
963 1234 1315 1300 arrogantiam
1365 1231 1639 1296 suadebat,
1694 1231 1788 1285 sed
1842 1231 2168 1300 exspectatio

592 1323 818 1376 tristium
863 1337 968 1377 non
1009 1323 1217 1377 sinebat
1260 1337 1346 1376 me
1387 1322 1679 1391 quiescere.
1727 1320 2052 1390 Quamquam
2083 1319 2168 1374 af-

591 1412 806 1466 fluentia
831 1412 1171 1468 vehementer
1197 1412 1504 1468 hortabatur
1526 1411 1594 1466 ad
1624 1412 1861 1476 delicias,
1893 1411 1989 1466 sed
2014 1425 2168 1480 aspe-

589 1501 721 1556 ritas
747 1516 931 1557 eorum
957 1519 1073 1572 qua:
1094 1503 1558 1572 exspectabantur,
1589 1502 2167 1573 profligabatsecurita-

593 1603 698 1646 tem
724 1610 736 1646 :
765 1603 819 1648 et
863 1593 985 1647 licet
1030 1608 1264 1662 praesens
1302 1592 1527 1648 felicitas
1566 1605 1778 1663 cogeret
1821 1593 1922 1647 l'rui
1962 1593 2118 1648 rebus
2147 1633 2163 1659 ,

591 1691 765 1737 tamen
808 1683 1096 1737 futurorum
1142 1682 1442 1738 sollicitudo
1484 1684 1805 1752 voluptatem
1855 1683 2162 1752 interrupit.

585 1771 814 1842 Ideoque
845 1774 1091 1842 quoniam
1123 1774 1495 1840 praemeditans
1516 1773 1569 1827 in
1588 1773 1766 1828 animo
1781 1788 1877 1828 suo
1904 1773 2018 1828 haec
2035 1789 2165 1829 ven-

585 1873 699 1918 tura
731 1875 1074 1935 prospexerat
1111 1866 1269 1920 rebus
1296 1866 1450 1930 laetis,
1482 1865 1598 1920 base
1632 1867 1920 1921 certamina
1950 1877 2163 1937 postea-

580 1968 737 2022 quam
761 1953 1064 2009 acciderunt
1103 1952 1307 2009 fortiter
1346 1964 1399 2009 et
1424 1956 1664 2010 animose
1707 1956 1938 2025 pertulit,
1980 1965 2163 2025 utpote

578 2046 686 2114 iam
711 2046 838 2101 olim
858 2046 931 2100 ad
955 2046 1043 2100 illa
1063 2046 1385 2102 exercitatus
1411 2064 1425 2099 :
1455 2054 1512 2102 et
1533 2048 1779 2116 quoniam
1801 2063 1861 2102 ea
1881 2057 2160 2115 exspecta-

582 2141 722 2195 tione
745 2140 854 2210 jam
896 2149 1127 2210 ceperat,
1162 2155 1268 2195 nou
1297 2149 1378 2196 est
1404 2141 1740 2210 perturbatus
1767 2155 1885 2196 cum
1917 2151 2161 2196 cerneret

581 2230 668 2284 illa
691 2231 896 2285 adesse.
922 2230 1074 2297 Quod
1099 2240 1275 2287 autem
1303 2247 1371 2285 ne
1390 2241 1496 2286 tum
1524 2232 1735 2302 quidem
1765 2248 1883 2286 cum
1909 2232 2159 2288 adessent

580 2319 721 2383 laeta,
767 2321 1113 2376 vehementer
1155 2323 1256 2376 illis
1299 2322 1608 2390 adhzeserit,
1640 2323 1761 2377 audi
1803 2324 1925 2392 quid
1970 2324 2154 2380 dicat:

580 2407 638 2462 Si
667 2409 933 2466 delectatus
955 2428 1064 2465 sum
1102 2428 1215 2466 cum
1258 2413 1382 2466 mihi
1415 2414 1588 2468 multa:
1610 2415 1859 2485 aﬂluerent
1886 2417 2088 2484 divitiis,
2115 2419 2157 2471 si

2264 611 2425 649 meam
2469 594 2589 665 (Job
2633 596 2720 649 3‘1.
2752 595 2841 650 ει.
2872 595 2982 666 25).
3011 594 3147 663 Quid
3175 596 3286 662 ais,
3313 595 3514 650 homo?
3554 593 3674 651 Non
3699 597 3845 652 delo-

2263 693 2435 739 ctatus
2463 699 2521 739 es
2561 683 2758 739 divitiis
2797 684 3135 740 afﬂuentibus
3181 686 3316 740 tibi?
3359 685 3728 756 Nequaquam,
3762 689 3844 740 in-

2264 777 2396 844 quit.
2425 773 2560 840 Quid
2587 775 2703 828 ita?
2746 773 3006 840 Quoniam
3036 775 3276 830 videbam
3306 776 3512 830 illarum
3545 776 3847 829 inStabilem

2262 867 2559 935 fluxamque
2589 876 2850 930 naturam,
2883 866 3125 920 videbam
3153 868 3540 936 possessionem
3568 867 3707 920 haud
3748 867 3847 921 du-

2262 956 2501 1010 rabilem.
2545 956 2609 1008 At
2657 957 2797 1010 video
2823 957 3046 1025 quidem,
3091 957 3279 1025 inquit,
3311 959 3467 1010 solem
3505 959 3746 1011 orientem
3785 974 3846 1009 ac

2259 1045 2589 1112 deﬁcientem,
2619 1046 2789 1098 lunam
2831 1061 2945 1100 vero
2986 1048 3314 1100 intereuntem
3341 1063 3359 1100 :
3388 1063 3487 1100 non
3525 1048 3658 1100 enim
3696 1065 3845 1115 penes

2258 1137 2392 1207 ipsos
2430 1147 2502 1192 est
2531 1136 2638 1208 (Ib.
2670 1153 2719 1190 υ.
2758 1137 2868 1208 26).
2901 1138 3050 1205 Quod
3091 1147 3265 1193 autem
3309 1138 3456 1205 dicit,
3505 1139 3610 1193 tale
3652 1149 3752 1194 est.
3785 1141 3841 1194 Si

2258 1229 2427 1283 stellae
2467 1245 2585 1298 qua:
2618 1237 2742 1284 sunt
2789 1230 2839 1282 in
2882 1229 3026 1284 crelis
3072 1238 3433 1299 perpetuoque
3478 1230 3675 1296 lucent,
3706 1233 3845 1286 reci-

2256 1319 2408 1388 piunt
2433 1319 2740 1373 nonnullam
2767 1319 3132 1384 mutationem,
3161 1321 3242 1374 sol
3267 1335 3458 1389 nempe
3484 1319 3757 1386 deficiens,
3785 1331 3841 1376 et

2257 1407 2381 1463 luna
2399 1408 2670 1469 interiens.
2698 1424 2764 1462 an
2792 1424 2896 1462 non
2924 1418 3176 1464 extrema:
3202 1409 3482 1464 dementire
3509 1410 3598 1475 sit,
3626 1421 3837 1465 terrena

2256 1514 2351 1570 pro
2379 1498 2656 1554 stabilibus
2699 1499 2921 1566 fixisque
2947 1499 3180 1555 ducere?
3208 1501 3390 1570 quue
3431 1517 3530 1558 nec
3560 1506 3838 1570 presenti-

2254 1589 2352 1644 bus
2382 1604 2702 1659 magnopere
2729 1589 3115 1656 delectabatur,
3141 1607 3237 1647 nec
3263 1592 3659 1649 discedentibus
3672 1595 3840 1648 vehe-

2252 1689 2460 1736 menter
2508 1681 2850 1736 contristatus
2913 1690 2995 1737 est
3041 1701 3055 1737 :
3106 1683 3353 1753 quoniam
3404 1685 3567 1753 probe
3621 1695 3839 1739 noverat

2253 1789 2434 1829 earum
2456 1787 2632 1828 rerum
2662 1783 2923 1827 naturam.
2957 1773 3080 1828 Haec
3104 1789 3198 1828 nos
3218 1773 3514 1839 audientes,
3544 1776 3832 1841 carissimi,

2252 1881 2423 1936 neque
2451 1874 2760 1936 paupertate
2788 1864 3120 1929 deiiciamur,
3167 1881 3337 1936 neque
3366 1867 3561 1921 divitiis
3607 1869 3830 1922 intume-

2252 1972 2500 2023 scatnus;
2531 1957 2628 2012 sed
2671 1957 2724 2012 in
2756 1973 2930 2012 rerum
2959 1957 3346 2027 permutatione
3375 1959 3609 2012 animum
3640 1960 3834 2011 immu-

2252 2047 2468 2101 tabilem
2499 2047 2809 2112 retinentes,
2840 2046 3190 2117 philoSOphire
3220 2047 3446 2101 fructum
3475 2059 3756 2110 metamus,
3781 2057 3838 2102 ut

2250 2145 2304 2190 et
2331 2135 2417 2190 hic
2458 2135 2729 2204 voluptate
2776 2136 3131 2204 perfruamur,
3177 2146 3231 2192 et
3276 2138 3442 2190 futura
3490 2153 3835 2208 assequamur

2251 2225 2423 2290 bona;
2452 2241 2568 2294 quae
2612 2226 2883 2296 contingat
2928 2227 3080 2281 nobis
3108 2229 3355 2281 omnibus
3399 2229 3638 2297 adipisci,
3669 2231 3833 2300 gratia

2251 2325 2302 2370 et
2326 2316 2565 2371 bonitate
2597 2316 2804 2371 Domini
2835 2319 2998 2372 nostri
3026 2317 3151 2372 Jesu
3181 2319 3396 2374 Christi.

2003 3397 2356 3461 MONITUM

633 3693 759 3750 Huic
792 3696 1053 3765 opuscula
1097 3694 1285 3750 Latine
1331 3703 1543 3751 tantum
1573 3689 1876 3762 habemus;
1924 3692 2108 3752 Graeca
2142 3695 2287 3751 enim
2321 3697 2402 3752 vel
2437 3712 2663 3766 prorsus
2696 3695 2896 3752 amissa
2938 3705 3085 3760 sunt,
3107 3696 3190 3751 vel
3230 3696 3397 3752 latent
3428 3695 3648 3752 alicubi.
3678 3696 3812 3754 Ger-

561 3845 720 3885 mana
765 3841 941 3885 autem
981 3848 1119 3889 esse.
1165 3843 1275 3888 tum
1319 3850 1502 3892 rerum
1547 3839 1995 3909 negotiorumque
2039 3839 2104 3894 de
2153 3840 2352 3909 quibus
2390 3839 2565 3910 agitur
2594 3841 2783 3899 series.
2812 3850 2927 3894 tum
2962 3840 3135 3904 stylus
3167 3840 3280 3909 ipse
3307 3841 3516 3894 suadet.
3553 3839 3806 3895 Genuina

561 3969 691 4026 item
720 3987 841 4026 esse
868 3971 1105 4027 fatentur
1133 3974 1275 4029 docti
1298 3976 1396 4028 viri
1423 3991 1632 4040 omnes,
1669 3993 1775 4033 uno
1802 3987 2029 4048 excepto
2059 3992 2285 4046 nupero,
2324 3981 2442 4048 qui,
2487 3986 2545 4031 ut
2577 3977 2828 4032 observat
2857 3976 3260 4038 Tillemoutius,
3295 3992 3346 4044 p.
3390 3975 3515 4039 586,
3557 3990 3677 4029 esse
3715 3989 3808 4044 ge-

560 4102 724 4156 nuina
756 4106 990 4172 negavit,
1016 4117 1069 4160 et
1104 4117 1282 4160 tamen
1313 4116 1523 4177 postea,
1561 4107 1832 4163 dictorum
1877 4110 2198 4174 immemor,
2231 4109 2368 4164 inter
2406 4109 2602 4178 γνήσια
2634 4109 2906 4164 recensuit
2942 4125 2953 4161 :
2989 4109 3045 4161 td
3094 4121 3219 4160 vero
3243 4114 3571 4160 consecutus
3604 4114 3722 4169 est,
3754 4113 3810 4159 ut

563 4256 670 4294 non
703 4243 876 4314 magis
907 4257 1188 4317 negantem
1219 4264 1381 4318 quam
1417 4261 1749 4307 asserentem
1781 4267 2056 4307 curemus.

630 4379 857 4436 Homilia
885 4384 1030 4452 prior
1055 4401 1084 4440 a
1104 4384 1493 4458 Chrysostomo
1519 4387 1698 4444 habita
1729 4388 1828 4443 fuit
1849 4391 2110 4460 postridie
2136 4405 2302 4460 quam
2335 4389 2422 4444 ille
2451 4404 2514 4444 ex
2557 4389 2683 4443 Asia
2710 4387 3221 4459 Constantinopolin
3263 4387 3519 4443 redierat.
3567 4385 3674 4441 lter
3704 4401 3810 4441 an-

559 4520 664 4564 tem
692 4512 744 4565 in
768 4512 952 4568 Asiam
978 4526 1310 4587 susceperat,
1332 4527 1390 4574 ut
1408 4519 1689 4588 Ephesium
1706 4521 1960 4576 Ecclesiae
1985 4522 2102 4577 lites
2125 4530 2494 4592 componeret,
2515 4523 2952 4594 simoniacosque
2983 4524 3267 4592 episcopos
3297 4522 3630 4583 deturbaret,
3657 4520 3808 4590 quod

557 4652 721 4704 etiam
755 4654 1050 4719 przestitum
1080 4663 1188 4720 est;
1215 4655 1410 4711 absens
1440 4667 1617 4714 autem
1652 4676 1747 4730 per
1775 4661 1890 4716 dies
1922 4661 2208 4731 plusquam
2239 4671 2475 4728 centum,
2506 4671 2566 4716 ut
2605 4663 2720 4733 ipso
2757 4664 2914 4718 initio
2947 4663 3042 4726 ait,
3074 4679 3329 4734 magnum
3359 4663 3443 4718 sui
3470 4664 3805 4720 desiderium

551 4792 752 4861 pepulo
784 4805 841 4846 se
868 4806 1208 4863 summopere
1236 4797 1439 4850 amanti
1468 4798 1780 4870 reliquerat.
1828 4799 1881 4856 ld
1925 4817 2052 4858 vero
2086 4803 2274 4858 saltem
2314 4802 2571 4869 optabant
2618 4801 3225 4873 Constantinopolitani,
3266 4813 3323 4859 ut
3370 4803 3578 4858 Pascha
3614 4816 3806 4858 secum

554 4928 922 4984 celebraturus
955 4938 1313 4986 reverteretur
1340 4951 1353 4986 :
1385 4935 1526 5003 quod
1557 4945 1737 4993 tamen
1768 4925 2172 5008 consequi‘non
2204 4947 2498 5008 potuerunt
2526 4956 2538 5001 ;
2570 4949 2692 5008 post
2724 4941 2928 4996 Pascha
2978 4955 3229 4996 reversus
3260 4940 3576 4995 consolatur
3623 4939 3801 5008 ipsos,

551 5056 789 5126 dicitque
811 5059 1050 5128 quotidie
1084 5062 1344 5116 celebrari
1372 5079 1530 5130 posse
1560 5085 1572 5120 :
1615 5067 1747 5122 Nam
1784 5070 1989 5124 Pascha
2024 5070 2392 5136 celebramus,
2424 5073 2629 5142 inquit,
2662 5075 3097 5145 quotiescunque
3138 5089 3336 5145 corpus
3381 5084 3435 5129 et
3474 5074 3798 5144 sanguinem

550 5189 748 5247 Christi
767 5196 1137 5283 .percipientes
1170 5208 1396 5253 mortem
1428 5199 1638 5256 Domini
1665 5205 2073 5260 annuntiamus.
2101 5206 2202 5260 Per
2238 5213 2406 5261 totam
2450 5206 2724 5262 homiliam
2759 5208 2900 5279 plebi
2935 5209 3236 5279 gratulatur
3265 5207 3468 5262 bonum
3509 5216 3788 5262 servatum

549 5328 812 5396 ordinem,
846 5330 1003 5386 fidem
1033 5333 1444 5404 caritatemque,
1478 5347 1530 5391 et
1559 5338 1609 5391 in
1648 5338 1730 5392 sui
1761 5342 2046 5407 praesentia
2079 5350 2132 5396 et
2164 5357 2221 5397 se
2257 5342 2480 5398 absente
2503 5344 2821 5400 exhibitam.

617 5467 968 5526 Oratiuncula
993 5487 1223 5544 sequens
1248 5489 1277 5529 a
1301 5475 1689 5547 Cbrysostomo
1726 5481 1824 5535 hac
1849 5483 2138 5540 occasione
2170 5484 2349 5541 habita
2382 5483 2504 5540 fuit.
2542 5485 2900 5554 Severianus,
2942 5484 3272 5542 Gabaloruut
3309 5483 3599 5554 episcopus
3622 5521 3638 5548 ,
3683 5482 3783 5552 qui
