4046 6430
239 365 342 421 ait)

239 490 420 555 φύσιν,
455 481 550 533 xui.
576 478 637 534 τδ
661 478 948 551 ἐπίκαιρον
975 480 1161 536 αλτῶν
1203 481 1574 552 λογιζόμενος.
1611 480 1703 534 Διὸ
1725 483 1822 535 καὶ

237 575 390 644 ἔλεγε
412 589 425 603 ο
459 572 647 637 Φόϐος
679 570 752 624 ὃν
780 571 1124 642 ἐφοϐούμην
1147 569 1299 642 ἦλθέ
1320 589 1444 643 μοι,
1472 573 1571 626 καὶ
1601 573 1674 626 ὃν
1697 571 1824 625 ἐδε-

235 665 462 720 δοίκειν
496 663 787 717 κίνδυνον
829 663 1184 731 συνήντησέ
1237 680 1362 733 μοι.
1416 665 1532 717 Ἀεὶ
1563 665 1672 734 γὰρ
1710 665 1824 727 τοῖς

237 755 522 823 λογισμοῖς
567 751 708 823 πρὸς
732 751 897 806 αὐτὸν
924 751 1172 817 ἐϐάδιζεν
1195 753 1484 824 ἀναμένων
1519 755 1704 818 αὐτὸν,
1739 755 1825 806 ἐλ-

1128 357 1275 417 CUM
1318 351 1763 417 SATURNINUS
1802 354 1893 414 ET
1927 350 2414 420 AURELIANUS,
2455 349 2614 416 ETC.

3411 354 3439 407 4
3447 351 3518 404 ‘20

1923 501 2048 548 τοις
2078 482 2303 552 ἐθέμην
2333 476 2506 550 χεῖρά
2544 493 2687 548 μου.
2735 473 2802 529 Τί
2835 473 3036 543 λέγεις,
3079 471 3374 543 άνθρωπε;
3405 470 3522 524 Οὐκ

1924 573 2220 643 εὐφραίνου
2245 570 2341 623 τοῦ
2382 569 2618 623 πλούτου
2653 563 3044 637 περιρῤέοντός
3078 579 3200 628 σοι;
3227 559 3522 630 Οὐδαμῶς,

1924 665 2078 736 φησί.
2111 663 2179 717 Τί
2200 663 2436 734 δήποτε;
2467 663 2588 715 Ὅτι
2621 658 2774 732 [MO]
2801 657 2956 729 ᾔδειν
3000 653 3171 708 αὑτοῦ
3193 653 3256 707 τὸ
3287 653 3524 708 ἄστατον

1925 758 2021 812 καὶ
2044 754 2322 827 διαρρέον,
2358 753 2511 824 ᾔδειν
2541 751 2604 805 τὸ
2650 749 2842 821 κτῆμα
2872 747 2933 800 οὑ
2971 747 3224 817 μόνιμον.
3259 743 3372 798 Kal
3407 738 3526 811 ὁρῶ

238 844 436 909 πίζων,
460 845 554 897 καὶ
577 843 897 914 προσδοκῶν
914 859 928 874 δ
956 843 1045 895 διὰ
1071 843 1230 895 τοῦτο
1263 843 1707 914 παραγενόμενος
1724 843 1824 897 οὐκ
1918 847 2056 918 μὲν,
2090 848 2276 917 φησιν,
2308 845 2493 913 ἣλιον
2508 843 2992 912 ἐπιφαύσκοντα,
3013 837 3114 892 καὶ
3137 837 3523 900 ἐκλείποντα,

240 932 534 1005 ἐτάραξενο
576 935 729 988 Οὔτε
769 932 1117 1002 εἰρήνευσα,
1157 935 1299 988 οὔτε
1329 934 1641 1003 ἡσύχασα,
1685 935 1827 988 οὔτε

237 1023 701 1095 ἀνεπαυσάμην,
742 1019 892 1093 ἦλθε
926 1021 992 1077 δέ
1008 1039 1116 1092 μοι
1169 1023 1334 1094 ὀργή.
1374 1024 1489 1076 Οὐκ
1513 1017 1686 1089 εἶπεν,
1710 1022 1824 1079 Οὐκ

240 1116 530 1189 εἰρηνεύω,
570 1115 692 1169 οὐδὲ
725 1112 1006 1185 ἡσυχάζω,
1048 1113 1188 1180 ἀλλ’,
1220 1116 1345 1169 Οὐκ
1379 1113 1728 1182 εἰρήνευσα,
1761 1113 1824 1165 ἐν

238 1209 320 1280 τῷ
346 1208 672 1280 παρελθόντι
696 1205 896 1277 χρόνῳ.
923 1206 987 1260 El
1009 1206 1120 1278 γὰρ
1139 1207 1234 1261 καὶ
1261 1207 1332 1261 τὰ
1355 1205 1658 1276 πράγματα
1681 1203 1826 1274 μέγα

239 1303 462 1372 φρονεῖν
489 1295 928 1370 παρεσκευαζεν,
961 1295 1078 1351 ἀλλ’
1115 1300 1148 1368 ἡ
1182 1294 1484 1368 προσδοκία
1513 1295 1625 1350 τῶν
1651 1291 1827 1365 λυπη-

238 1391 351 1465 ρῶν
387 1392 490 1444 οὐκ
522 1391 608 1443 εῐα
644 1406 713 1460 με
746 1387 1066 1460 ἡσυχάζειν.
1099 1389 1164 1441 Ei
1201 1388 1298 1441 καὶ
1329 1388 1362 1458 ή
1390 1387 1530 1456 ἄγαν
1553 1387 1826 1457 εὑημερία

237 1485 452 1555 τρυφᾷν
489 1480 686 1547 ἐποίει,
718 1481 834 1536 ἀλλ’
871 1485 906 1554 ἠ
937 1481 1151 1550 ἀγωνία
1185 1480 1295 1534 τῶν
1324 1479 1696 1551 ἐλπιζομένων
1725 1478 1825 1550 τὴν

238 1572 424 1627 ἄδειαν
470 1572 811 1626 ἀπεδίωκενο
859 1574 910 1626 εἰ
955 1572 1052 1626 καὶ
1098 1570 1168 1625 τά
1217 1572 1467 1644 παρόντα
1526 1569 1826 1625 ἀπολαύειν

237 1661 569 1734 ἠνάγκαζεν,
607 1660 722 1717 ἀλλ’
742 1666 776 1732 ἡ
811 1660 921 1717 τῶν
954 1660 1422 1736 προσδοκωμένων
1451 1661 1674 1731 φροντὶς
1692 1655 1827 1712 ταὺ-

237 1773 341 1827 την
374 1756 646 1809 διέκοπτε.
689 1751 789 1805 Διά
837 1751 1000 1806 τοῦτο
1041 1752 1188 1823 άπερ
1219 1749 1550 1823 ἐμελέτησεν
1581 1749 1676 1805 ἐπὶ
1719 1750 1827 1803 τῶν

239 1842 540 1914 λογισμῶν,
571 1840 744 1896 ταῦτα
777 1839 901 1894 ἰδὼν
918 1839 1016 1894 ἐπὶ
1037 1841 1145 1894 τῶν
1178 1839 1518 1912 πραγμάτων
1540 1839 1828 1912 συμϐάντα

241 1934 508 2002 γενναίως
526 1932 747 2004 ἤνεγκε,
768 1931 838 1985 τά
862 1931 1030 1986 πάλαι
1058 1931 1428 2004 μελετηθέντα
1444 1931 1824 2003 παλαίσματα,

241 2027 338 2082 καὶ
369 2025 439 2079 τὰ
468 2027 535 2097 τῇ
565 2025 866 2098 προσδοκίᾳ
889 2024 1332 2098 προειλημμένα,
1377 2022 1554 2078 ταῦτα
1582 2023 1827 2096 παρόντα

242 2117 458 2189 βλέπων
483 2116 583 2170 οὐκ
609 2116 962 2187 ἐταράττετο.
988 2117 1111 2169 Ὀτι
1128 2114 1239 2188 γὰρ
1257 2115 1378 2170 οὐδὲ
1413 2115 1699 2188 παρόντων
1720 2114 1829 2169 τῶν

241 2211 500 2283 χρηστῶν
532 2211 739 2283 σφόδρα
767 2211 976 2264 τούτων
991 2210 1270 2281 ἀντέχετο,
1301 2211 1535 2265 ἄκουσον
1554 2209 1610 2264 τί
1640 2225 1825 2280 φησιν⁹

241 2304 313 2356 Εἰ
335 2301 407 2355 δὲ
438 2302 537 2356 καὶ
564 2301 911 2371 εὐφράνθην
930 2301 1169 2356 πολλοῦ
1201 2302 1472 2356 πλούτου
1499 2301 1828 2371 γενομένου

236 2410 366 2463 μοι.
408 2395 462 2448 ει
509 2393 808 2458 κατέταξα
839 2392 1103 2462 χρυσίον
1152 2393 1336 2462 ἰσχύν
1376 2410 1520 2462 μου,
1579 2393 1633 2445 ει
1681 2392 1830 2458 λίθῳ

240 2483 572 2540 πολυτελεῖ
593 2483 990 2552 ἐπεποίθησα,
1029 2484 1084 2537 ει
1111 2480 1182 2536 δὲ
1214 2481 1314 2536 και
1357 2481 1451 2535 ἐπ’
1494 2480 1824 2550 ἀναριθμή-

1925 938 2200 1006 σελήνην
2223 937 2290 991 δὲ
2312 936 2657 1005 φθίνουσαν
2683 944 2736 973 ιο
2757 933 2830 986 οὐ
2856 933 2970 1000 γὰρ
2989 927 3084 982 ἐπ’
3105 926 3308 982 αὐτῶν
3328 926 3520 979 ἐστιν.

1930 1032 1998 1086 Ὃ
2044 1029 2102 1084 δέ
2143 1028 2318 1097 λέγει,
2371 1023 2620 1080 τοιοῦτόν
2659 1025 2843 1078 ἐστιν’
2880 1023 2946 1076 Ei
2992 1019 3065 1074 τά
3113 1018 3237 1073 κατ’
3293 1015 3526 1087 οὐρανὸν

1921 1120 2122 1192 ἄστρα,
2154 1118 2248 1173 καὶ
2279 1116 2547 1188 διηνεκῶς
2570 1114 2862 1186 λάμποντα
2883 1110 3102 1182 δέχεταί
3133 1124 3261 1164 τινα
3293 1107 3528 1179 μεταϐο-

1925 1211 2045 1283 λὴν,
2075 1211 2228 1283 ἥλιος
2271 1209 2372 1282 μὲν
2412 1207 2710 1271 ἐκλείπων,
2756 1203 2958 1277 σελήνη
2991 1205 3050 1259 δέ
3077 1203 3366 1274 φθίνουσα,
3408 1199 3528 1262 πῶς

1924 1299 2027 1354 οὐκ
2049 1300 2287 1372 ἐσχάτης
2315 1299 2503 1361 ἀνοίας
2531 1297 2594 1352 τὸ
2619 1295 2693 1351 τὰ
2727 1294 2952 1364 ἐπίγεια
2985 1293 3232 1366 νομίζειν
3255 1287 3399 1346 εἶναι
3427 1288 3528 1362 μό·

1926 1407 2080 1462 νιμα,
2113 1391 2208 1444 καὶ
2241 1388 2570 1460 πεπηγότα;
2619 1387 2721 1443 Διά
2745 1387 2906 1442 τοῦτο
2931 1384 3058 1441 οὔτε
3099 1382 3391 1456 παρόντων
3433 1381 3529 1436 εὗ-

1927 1484 2186 1555 φραίνετο
2223 1483 2368 1548 λίαν,
2413 1480 2538 1536 οὕτε
2584 1480 2938 1536 ἀπελθόντων
2985 1479 3197 1551 ἦλγησε
3248 1475 3526 1548 χαλεπῶς,

1927 1573 2116 1646 ἐπειδὴ
2142 1573 2325 1637 καλῶς
2365 1572 2484 1644 ᾔδει
2523 1571 2625 1644 τὴν
2676 1572 2840 1642 φύσιν
2869 1569 3072 1626 αὐτῶν.
3105 1568 3294 1623 Ταῦτα
3328 1567 3385 1621 δὲ
3432 1564 3529 1620 καὶ

1928 1664 2092 1737 ἡμεῖς
2142 1664 2456 1730 ἀκούοντες,
2499 1661 2805 1736 ἀγαπητοὶ,
2850 1663 2927 1735 μὴ
2976 1661 3144 1732 πενίᾳ
3187 1658 3529 1730 πιεζώμεθα,

1937 1758 2075 1829 μήτε
2101 1757 2320 1828 πλούτῳ
2348 1756 2652 1828 φυσώμεθα
2672 1772 2687 1790 ο
2720 1753 2836 1810 ἀλλ’
2859 1755 2920 1809 ἐν
2947 1757 3016 1826 τῇ
3039 1753 3153 1809 τῶν
3183 1752 3533 1824 πραγμάτων

1937 1848 2210 1920 μεταϐολῇ
2257 1848 2359 1920 τὴν
2405 1847 2634 1921 γνώμην
2695 1847 3080 1920 ἀμετάϐλητον
3121 1844 3532 1918 διατηροῦντες,

1932 1938 2024 1993 τὸν
2057 1940 2164 1994 ἀπὸ
2192 1940 2294 2011 τῆς
2325 1940 2647 2010 φιλοσοφίας
2674 1938 3006 2011 δρεψὼμεθα
3032 1936 3267 2010 καρπὸν.
3310 1936 3396 1991 ἵνα
3433 1935 3532 1990 καὶ

1931 2032 2034 2103 τῆς
2067 2029 2308 2085 ἐνταῦθα
2339 2029 2537 2101 ἡδονῆς
2579 2026 3010 2098 ἀπολαύσωμεν,
3043 2027 3140 2080 καὶ
3166 2025 3278 2080 τῶν
3305 2025 3529 2097 μελλόν-

1934 2141 2044 2179 των
2075 2122 2302 2192 ἀγαθῶν
2341 2121 2724 2194 ἐπιτύχωμενο
2771 2113 2849 2176 ὧν
2889 2118 3102 2190 γένοιτο
3133 2120 3344 2183 πάντας
3382 2116 3532 2190 ἡμᾶς

1937 2217 2241 2284 ἐπιτυχεῖν,
2275 2215 2460 2285 χάριτι
2493 2214 2590 2267 καὶ
2613 2211 3002 2283 φιλανθρωπίᾴ
3015 2208 3112 2265 τοῦ
3144 2210 3354 2284 Κυρίου
3375 2207 3534 2281 ἡμῶν

1949 2307 2125 2380 Ἰησοῦ
2157 2304 2421 2378 Χριστοῦ.

2001 2489 2026 2517 ⁸
2055 2487 2178 2550 Reg.
2205 2491 2259 2535 et
2278 2485 2410 2537 Bibl.
2435 2488 2464 2544 ἢ
2491 2486 2579 2549 οὐκ
2871 2485 3140 2548 φθίνουσιν.

1259 3473 1342 3537 IN
1384 3474 1567 3536 TRIA
1611 3472 2045 3549 SEQUENTIA
2086 3472 2503 3536 OPUSCULA.

233 3767 705 3842 Constantinopoli
737 3779 869 3826 tunc
881 3769 1100 3842 agebat,
1127 3779 1184 3826 et
1211 3769 1486 3828 simulatis
1503 3767 1790 3840 obsequiis
1809 3769 1988 3825 sancti
2011 3767 2269 3841 praesulis
2291 3766 2598 3826 amicitiam
2614 3767 2721 3826 sibi
2741 3766 3157 3833 conciliaverat,
3181 3782 3248 3823 ac
3277 3766 3540 3838 frequen-

234 3914 314 3962 ter
345 3907 666 3964 concionem
698 3908 764 3965 ad
797 3907 1063 3981 populum
1092 3907 1352 3974 habebat,
1384 3906 1631 3966 absentis
1663 3914 1720 3962 et
1749 3905 1805 3962 in
1840 3903 2030 3962 Asiam
2064 3902 2296 3978 proiecti
2329 3902 2715 3978 Chrysostomi
2744 3903 3042 3962 occasione
3064 3909 3306 3975 captata,
3341 3918 3522 3974 popu-

232 4044 350 4102 lum
377 4045 482 4104 sibi
511 4045 811 4116 devincire,
842 4047 1094 4120 ejusque,
1129 4058 1192 4104 ut
1227 4057 1474 4120 putatur,
1501 4045 1683 4104 studia
1709 4062 1740 4102 a
1773 4044 2175 4118 Chrysostomo
2205 4053 2454 4102 avertere
2493 4044 2818 4118 satagebat:
2859 4059 2972 4115 qua
3017 4044 3086 4100 de
3117 4060 3179 4101 re
3221 4044 3471 4101 monitus
3505 4059 3537 4100 a

236 4180 540 4253 Serapione
561 4181 1014 4255 Chrysostomus,
1043 4196 1170 4240 cum
1202 4182 1271 4240 ex
1300 4182 1431 4238 Asia
1464 4179 1648 4249 rediit,
1678 4191 1739 4238 ut
1769 4181 1906 4240 vidit
1933 4183 2200 4255 populum
2231 4182 2337 4239 sibi
2374 4184 2765 4255 gratulantem,
2796 4183 3097 4255 laetitiaque
3123 4183 3374 4254 plenum,
3408 4198 3526 4240 rem

229 4327 340 4368 non
368 4313 604 4369 multum
631 4327 860 4371 curasse
897 4313 1135 4372 videtur.
1167 4312 1276 4370 Sed
1313 4329 1442 4371 cum
1480 4314 1714 4372 subinde
1758 4315 2094 4374 Severianus
2129 4317 2187 4373 in
2245 4314 2607 4388 Serapionem
2651 4317 2991 4390 indignatus,
3046 4319 3330 4392 impietate
3372 4321 3538 4393 plene

230 4447 398 4504 verba
420 4448 762 4521 protulisset,
797 4451 1168 4508 tumultuante
1188 4461 1245 4507 et
1273 4451 1330 4507 in
1372 4451 1512 4509 iram
1540 4455 1821 4512 concitato
1858 4455 2097 4528 populo,
2140 4456 2615 4530 Constantinopoli
2661 4458 2860 4529 pulsus
2902 4467 3008 4516 est.
3058 4458 3268 4518 Deinde
3304 4477 3541 4523 curante

227 4582 477 4640 Eudoxia
507 4585 755 4656 Augusta
787 4585 1022 4656 ipsoque
1055 4583 1391 4659 Imperatore
1411 4597 1702 4646 revocatus
1731 4597 1785 4646 et
1814 4604 1844 4644 a
1875 4589 2294 4663 Chrysostomo,
2320 4608 2467 4666 aegre
2490 4593 2639 4660 licet,
2677 4595 2957 4653 admissus
2987 4607 3090 4654 est.
3127 4597 3236 4657 Sed
3269 4603 3401 4672 quia
3437 4603 3525 4659 in-

227 4716 485 4789 dignatus
517 4717 759 4788 populus
789 4718 1012 4775 nonnisi
1040 4720 1278 4791 pastoris
1314 4720 1401 4778 sui
1443 4722 1671 4780 monitis
1711 4733 2034 4796 conceptam
2078 4726 2134 4782 in
2175 4725 2531 4784 Severianum
2569 4729 2708 4785 iram
2741 4731 2940 4790 sedare
2973 4741 3216 4804 poterat,
3257 4735 3361 4793 hac
3400 4752 3530 4794 ora-

227 4855 472 4914 tiuncula
497 4856 928 4931 Chrysostomus
963 4869 1321 4932 exasperatos
1354 4862 1568 4921 animos
1599 4865 1890 4937 mitigavit,
1923 4876 1978 4924 et
2011 4867 2081 4924 ad
2122 4867 2485 4924 Severianum
2527 4869 2932 4928 admittendum
2971 4872 3224 4930 deduxit.

302 4987 545 5048 Tertiam
571 4997 981 5054 oratiunculam
1011 4999 1335 5071 insequente
1360 5001 1451 5059 die
1474 5003 1806 5063 Severianus
1837 5006 1954 5078 ipse
1989 5009 2203 5077 habuit,
2234 5010 2328 5066 ubi
2361 5011 2428 5068 de
2448 4979 2741 5070 conciliata
2773 5027 2906 5086 pace
2934 5015 3143 5088 populo
3181 5017 3535 5088 gratulatur;

269 5138 393 5178 uam
428 5125 518 5181 ille
546 5143 736 5198 pacem
769 5142 1000 5190 curante
1027 5140 1311 5195 communi
1341 5148 1517 5212 patre,
1562 5142 1643 5197 sic
1678 5141 1798 5206 ille,
1843 5152 2057 5213 partam
2109 5147 2345 5204 summis
2390 5149 2744 5206 commendat
2798 5149 3078 5209 laudibus.
3116 5150 3245 5210 Haec
3294 5151 3532 5224 carptim

227 5253 528 5325 tangimus,
567 5260 695 5329 quia
723 5262 769 5317 si
796 5264 875 5321 rei
903 5277 1070 5338 gesta
1099 5269 1386 5329 historiam
1425 5290 1550 5330 cum
1585 5276 1653 5333 iis
1700 5277 1961 5336 omnibus
2008 5297 2132 5353 quae
2173 5293 2304 5341 tunc
2352 5286 2634 5359 contigere
2684 5288 3003 5346 minutatim
3044 5304 3528 5362 persequeremur,

228 5385 368 5446 foret
396 5392 501 5450 hoc
530 5407 916 5466 argumentum
952 5403 1415 5477 subsequentibus
1446 5413 1730 5483 opusculis
1762 5415 2000 5487 longius.
2042 5415 2169 5476 Haec
2201 5434 2331 5479 vero
2361 5423 2625 5494 praeludia
2656 5423 2882 5483 {uerunt
2928 5426 3050 5499 ejus
3097 5427 3371 5484 tumultus
3413 5440 3528 5501 quo

229 5542 457 5588 vexatus
485 5532 918 5605 Clirysostomus
949 5550 1002 5596 ct
1035 5543 1088 5597 in
1120 5547 1376 5603 exsilium
1414 5559 1568 5608 actus
1598 5565 1696 5608 est.

539 5870 811 5935 ΡΑτιιοι..
865 5875 980 5932 (in.
1037 5877 1162 5942 LII.

3122 5901 3164 5959 3
