4046 6436
508 341 598 398 ω

621 455 3353 484 ._.________________________________________________________________________

1225 346 1284 400 S.
1323 342 1608 402 JOANNIS
1643 342 2126 401 CHRYSOSTOMI
2159 344 2478 403 ARCHIEP.
2518 347 3061 405 CONSTANTINOP.

3664 327 3765 382 1‘2!

3365 461 3752 478 μ

1262 553 1400 624 DE
1456 545 2016 623 BEGRESSU
2078 543 2469 621 SANCTI
2537 549 2978 626 JOANNIS

1577 721 1662 764 ax
1705 717 1844 764 Λευ
1885 714 2514 766 consrmrmoroun
2554 704 2663 783 (a).

1831 859 2067 874 *β

557 999 727 1056 Moses
745 995 1071 1066 magnusille
1097 994 1192 1049 Dei
1217 991 1462 1056 famulus,
1490 997 1646 1058 caput
1665 983 2066 1057 prophetarum,

495 1091 657 1145 maris
685 1087 880 1151 viator,
911 1085 1050 1142 aeris
1078 1080 1302 1156 agitator
1320 1124 1335 1150 ,
1367 1094 1569 1137 mensae
1594 1085 1898 1148 apparator,
1925 1073 2016 1144 qui
2041 1087 2074 1127 a

494 1179 750 1250 genitrice
777 1179 1060 1259 ‘projectus
1086 1184 1168 1232 est
1195 1216 1211 1242 ,
1242 1182 1297 1231 et
1320 1173 1387 1228 ab
1414 1171 1802 1242 impugnatrice
1839 1168 2073 1224 salvatus

496 1275 696 1345 (genuit
713 1272 928 1347 quidem
950 1286 1072 1327 eum
1097 1278 1284 1336 mater,
1308 1266 1526 1322 abstulit
1552 1272 1728 1320 autem
1758 1277 1879 1318 eum
1900 1259 2070 1330 Egy-

493 1366 600 1435 ptia
621 1405 636 1428 ,
663 1373 718 1420 et
744 1362 1041 1431 enutrivit),
1069 1368 1125 1418 et
1153 1360 1244 1431 qui
1274 1360 1326 1414 in
1350 1356 1583 1429 )Egypto
1621 1353 1951 1410 nutriebatur
1971 1392 1987 1418 ,
2016 1350 2072 1405 in

493 1447 636 1512 caelis
661 1455 1077 1532 conversabatur
1107 1468 1122 1509 :
1153 1451 1243 1522 qui
1272 1459 1473 1506 tantum
1517 1462 1579 1503 ac
1604 1446 1710 1501 tale
1747 1443 1930 1500 statuit
1956 1453 2070 1497 tro-

495 1563 665 1620 paeum
689 1591 706 1615 ,
728 1548 828 1604 iste
852 1548 970 1602 talis
1007 1559 1071 1602 ac
1105 1551 1281 1599 tantus
1307 1546 1387 1596 vir
1408 1581 1423 1608 ,
1445 1541 1535 1611 qui
1572 1537 1916 1610 quadraginta
1956 1534 2072 1589 dies

492 1643 779 1714 reliquerat
801 1640 1056 1713 populum
1076 1680 1090 1704 ,
1117 1636 1316 1702 invenit
1344 1649 1466 1690 eum
1505 1632 1642 1688 idola
1685 1629 2027 1686 fabricantem
2051 1668 2066 1693 ,

493 1744 548 1793 et
571 1733 860 1791 seditiones
882 1736 1326 1788 commoventem.
1354 1726 1466 1795 Ego
1493 1732 1670 1779 autem
1698 1737 1805 1777 non
1837 1717 2070 1792 quadra-

490 1827 637 1900 ginta
667 1825 783 1881 dies
810 1831 1042 1890 tantum,
1071 1819 1165 1876 sed
1193 1827 1248 1876 et
1269 1815 1647 1889 quinquaginta
1674 1823 1728 1868 et
1751 1820 1986 1876 centum,
2015 1817 2071 1865 et

491 1917 736 1988 amplius,
769 1924 824 1971 et
849 1914 1025 1970 inveni
1047 1927 1144 1968 vos
1169 1910 1431 1972 laetantes,
1454 1916 1508 1963 et
1531 1903 1989 1976 phil050phantes,
2013 1909 2072 1957 et

490 2011 545 2065 in
572 2009 668 2064 Dei
698 2009 887 2063 timore
914 2012 1335 2075 perseverantes.
1363 1999 1634 2069 Numquid
1677 2009 1776 2068 ego
1818 1995 1965 2069 Mose
1993 1994 2071 2048 al-

489 2099 592 2155 tior
615 2096 769 2154 sum?
800 2096 949 2151 Absit
976 2093 1125 2150 :'hoc
1149 2092 1291 2148 enim
1312 2089 1490 2145 dicere
1508 2095 1763 2144 extrema:
1786 2084 2070 2141 dementiae

488 2205 587 2252 est.
603 2195 718 2252 Sed
742 2194 864 2266 quia
894 2191 1122 2264 populus
1149 2191 1252 2247 iste
1280 2189 1374 2244 illo
1397 2185 1595 2258 populo
1616 2181 1914 2246 sublimior,
1941 2191 2068 2249 pro-

489 2299 670 2359 pterea
696 2297 752 2344 et
773 2286 862 2342 ille
892 2285 960 2341 de
985 2293 1166 2340 monte
1193 2281 1525 2339 descendens
1551 2276 1862 2346 increpabat
1889 2274 2068 2327 Aaron

487 2381 558 2436 ob
582 2378 897 2436 seditionem
917 2375 1116 2446 populi,
1135 2385 1189 2430 et
1210 2374 1445 2428 irascens
1471 2368 1818 2424 invehebatur
1845 2365 1897 2419 in
1921 2377 2064 2428 eum,

486 2487 582 2527 cur
600 2469 926 2541 acquieverit
947 2466 1202 2523 voluntati
1222 2479 1428 2521 eorum.
1446 2462 1559 2533 Ego
1578 2469 1757 2515 autem
1779 2454 2068 2512 adveniens

488 2561 752 2633 praeconia
776 2567 952 2615 vestra
977 2567 1028 2613 et
1052 2570 1279 2613 coronas
1302 2561 1606 2610 conteram.
1631 2548 1735 2606 Ubi
1758 2547 1903 2604 enim
1932 2559 2069 2615 prae-

487 2653 741 2729 varicatio
762 2693 780 2719 ,
804 2651 877 2708 ibi
907 2657 1084 2706 reatus
1111 2649 1462 2718 subsequatur
1487 2655 1707 2699 necesse
1739 2648 1855 2705 est,
1887 2647 1941 2696 et
1968 2635 2069 2691 ob-

486 2726 748 2816 iurgatio;
771 2741 859 2798 ubi
881 2748 1056 2796 autem
1085 2737 1348 2795 correctio
1365 2778 1382 2803 ,
1406 2735 1479 2792 ibi
1505 2732 1693 2788 laudes
1713 2739 1776 2787 et
1804 2726 2069 2800 praeconia

487 2847 543 2894 et
566 2850 778 2893 coronat
801 2851 817 2890 :
838 2833 1066 2904 ideoque
1091 2832 1191 2886 etsi
1215 2827 1466 2900 ampliori
1490 2835 1732 2896 tempore
1757 2822 2070 2877 demoratus

489 2945 606 2987 sum
624 2929 787 2995 foras,
809 2941 915 2982 non
932 2939 1017 2981 me
1036 2922 1275 2996 pmnitet,
1294 2921 1418 2991 quia
1434 2916 1768 2976 conﬁdebam
1789 2912 1857 2969 de
1875 2919 2070 2969 vestrae

489 3021 725 3077 caritatis
763 3017 993 3082 affectu,
1023 3024 1079 3071 et
1118 3012 1418 3084 integritate
1463 3008 1621 3064 ﬁdei:
1644 3005 1894 3063 sciebam.
1925 3003 2067 3058 enim

488 3128 716 3170 uxorem
758 3111 889 3167 mihi
934 3109 1310 3179 desponsatam
1337 3103 1582 3159 castitate
1620 3114 1740 3156 esse
1773 3097 2028 3152 munitam
2051 3134 2066 3159 ,

489 3208 626 3262 sicut
651 3205 703 3260 in
730 3201 974 3259 saeculari
1001 3199 1246 3270 coniugio
1271 3195 1470 3253 assolet
1496 3192 1728 3249 evenire.
1753 3189 1963 3246 Etenim
1990 3187 2070 3241 vir

490 3295 702 3368 quando
731 3292 1050 3364 impudicam
1075 3303 1295 3346 uxorem
1324 3286 1520 3342 habere
1544 3298 1604 3340 se
1628 3282 1798 3349 novit,
1824 3294 1922 3335 nec
1941 3293 2067 3348 pro-

489 3388 696 3458 spicere
739 3384 788 3440 ei
831 3383 898 3440 de
930 3381 1090 3438 domo
1133 3375 1540 3450 permittitzqui
1591 3374 1693 3430 etsi
1744 3370 2069 3442 peregrinari

489 3476 776 3550 aliquando
809 3483 1023 3532 coactus
1067 3471 1264 3536 fuerit,
1293 3467 1500 3538 cogitur
1524 3466 1632 3521 cito
1653 3461 1891 3527 reverti,
1922 3458 2071 3530 quasi

491 3569 721 3640 quodam
751 3563 1066 3636 suspicionis
1091 3561 1276 3619 aculeo
1301 3557 1636 3622 stimulatus;
1665 3553 1758 3624 qui
1782 3561 1958 3608 autem
1980 3564 2074 3604 .so-

491 3663 662 3719 briam
685 3669 739 3716 et
762 3666 962 3716 castam
989 3655 1176 3720 habet,
1199 3651 1343 3707 foras
1370 3661 1591 3705 securus
1616 3654 1854 3700 moratur
1871 3684 1887 3710 ,
1919 3641 2070 3697 sufﬁ-

491 3755 697 3810 cientes
742 3765 840 3822 pro
866 3755 1173 3805 curatorem
1219 3741 1514 3798 munimine
1554 3751 1732 3794 mores
1763 3735 2074 3804 relinquens

494 3847 696 3902 uxoris.
729 3844 843 3900 Hoc
867 3857 968 3914 ego
1004 3850 1059 3896 et
1084 3839 1262 3894 Moses
1289 3834 1433 3909 passi
1466 3846 1672 3889 sumus.
1695 3828 1792 3885 llle
1817 3827 2030 3900 quidem
2055 3865 2071 3892 ,

494 3938 618 4008 quia
640 3933 1081 3991 inemendabilem
1109 3940 1432 4002 synagogam
1464 3922 1693 3978 habebat
1718 3933 1960 3983 uxorem,
1993 3933 2078 3971 re-

496 4027 651 4100 liquit
673 4041 790 4082 eam
806 4065 821 4090 ,
847 4033 903 4080 et
926 4022 1186 4078 fornicata
1211 4026 1332 4084 est,
1362 4011 1718 4087 etleompellit
1743 4023 1868 4066 eum
1894 4008 2034 4063 Deus
2059 4047 2075 4074 ,

497 4121 680 4175 dicens
707 4137 721 4173 :
752 4116 1015 4186 Exsurge,
1045 4110 1289 4168 descende
1314 4125 1334 4164 :
1359 4108 1512 4179 impie
1549 4105 1682 4160 enim
1713 4104 1827 4174 fecit
1863 4102 2080 4173 papulas

499 4225 613 4268 tuus
642 4211 833 4284 (Exod.
863 4209 952 4264 32.
980 4208 1057 4278 7).
1085 4203 1193 4262 Sed
1217 4218 1314 4275 ego
1337 4201 1533 4257 nullam
1560 4194 1861 4268 huiusmodi
1881 4194 2080 4264 jussio—

498 4321 624 4363 nem
653 4303 855 4373 accepi.
883 4301 952 4357 Et
979 4314 1100 4354 cum
1117 4295 1398 4369 paululum
1428 4291 1559 4348 mihi
1586 4289 1866 4345 inﬁrmitas
1890 4301 2080 4358 corpo-

500 4401 575 4456 ris
599 4397 900 4462 accidisset,
923 4409 1028 4448 non
1058 4407 1143 4446 me
1173 4386 1485 4459 inquietavit
1501 4391 1675 4439 vestra
1702 4381 1961 4446 absentia,
1986 4379 2081 4435 sed

501 4503 724 4546 securus
749 4488 814 4543 de
843 4486 992 4541 vobis
1016 4479 1376 4554 aegrotationis
1404 4491 1539 4531 mea:
1563 4473 1867 4545 exspectavi
1895 4471 2080 4527 mede-

503 4583 634 4637 lam.
661 4579 784 4635 Non
811 4580 943 4633 enim
979 4593 1105 4646 opus
1134 4574 1314 4630 habent
1339 4570 1449 4626 sani
1475 4568 1665 4624 medico
1682 4609 1697 4633 ,
1723 4565 1811 4622 sed
1837 4566 1924 4637 qui
1952 4565 2082 4618 male

504 4673 688 4727 habent
709 4673 730 4742 (
754 4669 942 4724 ﬂatth.
973 4667 1026 4724 9.
1055 4667 1168 4736 l2).
1197 4664 1329 4720 Nam
1353 4670 1408 4718 et
1433 4661 1477 4716 si
1509 4658 1713 4713 tardavi
1743 4671 2028 4727 parumper
2052 4669 2080 4708 a

505 4763 678 4826 vobis,
704 4776 810 4817 non
842 4761 944 4815 hoc
971 4757 1036 4814 ad
1057 4757 1434 4813 detrimentum
1459 4750 1645 4816 vestri,
1668 4749 1759 4805 sed
1775 4748 1844 4803 ad
1871 4747 2084 4802 divitias

505 4863 635 4926 puto
663 4852 923 4924 proﬁcere
947 4859 1149 4905 vestras
1173 4865 1191 4904 ς
1211 4861 1330 4918 quae
1355 4845 1495 4901 enim
1525 4858 1621 4915 per
1649 4857 1756 4908 me,
1783 4841 1890 4894 imo
1918 4841 2085 4909 magis

507 4963 603 5019 per
626 4945 850 5018 gratiam
879 4944 971 4999 Dei
999 4950 1238 4997 correcta
1269 4947 1412 5004 sunt,
1445 4944 1619 4992 vestra
1645 4948 1842 5016 corona
1870 4942 1970 4998 est,
1997 4948 2088 4987 ve-

508 5046 620 5093 ster
640 5035 907 5106 profectus
935 5043 1036 5089 est.
1057 5032 1128 5087 Et
1155 5033 1275 5088 ideo
1300 5030 1505 5101 gaudeo
1529 5036 1585 5083 et
1613 5027 1863 5098 tripudio,
1887 5032 1942 5080 et
1962 5032 2090 5079 tam-

509 5142 671 5199 quam
698 5125 922 5180 volitare
947 5138 1033 5178 me
1071 5121 1232 5179 credo
1254 5128 1348 5185 ,et
1369 5119 1545 5190 gaudii
1573 5117 1730 5186 hujus
1769 5113 2090 5186 magnitudi-

511 5234 635 5274 nem
665 5216 815 5273 cﬂari
846 5230 952 5269 non
1000 5229 1158 5283 queo.
1193 5212 1338 5279 Quid
1380 5225 1510 5282 ergo
1557 5211 1787 5269 faciam?
1820 5207 2091 5280 quomodo

508 5310 756 5367 indicabo
789 5305 1194 5365 exsultationem
1221 5301 1415 5354 mentis
1443 5297 1612 5353 mere?
1640 5295 1698 5350 ln
1729 5294 2088 5350 testimonium

512 5418 644 5458 voco
659 5391 1037 5457 conscientiam
1063 5402 1315 5457 vestram,
1338 5390 1585 5460 quoniam
1607 5386 1762 5441 video
1779 5400 1844 5440 ex
1865 5384 2090 5439 adventu

515 5510 634 5551 meo
662 5490 854 5564 gaudio
881 5504 999 5546 esse
1027 5487 1281 5558 repletam
1310 5501 1324 5537 :
1348 5481 1486 5553 quod
1514 5480 1785 5551 gaudium,
1817 5492 2010 5532 corona
2039 5486 2095 5530 et

519 5587 629 5640 laus
652 5600 772 5640 mea
797 5591 899 5638 est.
928 5579 984 5636 Si
1023 5581 1161 5634 enim
1194 5591 1309 5631 mea
1338 5573 1492 5628 unius
1519 5572 1618 5627 viri
1663 5569 1944 5640 praesentia
1975 5577 2092 5622 tan-

521 5686 624 5732 tam
662 5675 870 5745 plebem
900 5671 989 5725 tali
1016 5669 1240 5739 replevit
1269 5666 1535 5735 voluptate
1564 5681 1574 5716 :
1600 5668 1856 5733 quantum
1899 5657 2094 5730 putatis

579 5788 651 5850 (tt)
677 5799 803 5838 anno
826 5787 932 5836 401.

2181 979 2311 1036 mihi
2339 997 2405 1038 ex
2430 985 2631 1042 visione
2653 995 2828 1043 vestra
2853 989 3100 1058 gaudium
3125 988 3448 1044 cumulatum
3463 989 3487 1042 τ
3502 987 3582 1042 Et
3598 985 3766 1043 Iacob

2179 1070 2394 1140 quidem
2421 1089 2582 1129 unum
2622 1076 2787 1130 lilium
2815 1077 3004 1134 videns
3032 1077 3249 1147 Ioseph,
3279 1077 3540 1148 gaudebat
3567 1092 3766 1142 senex,

2178 1170 2233 1215 et
2269 1164 2608 1221 recreabatur
2635 1166 2820 1236 spiritu
2849 1185 2863 1222 :
2889 1182 2988 1239 ego
3012 1177 3189 1223 autem
3216 1182 3322 1222 non
3349 1183 3510 1223 unum
3538 1166 3767 1235 Ioseph,

2176 1252 2272 1308 sed
2301 1269 2490 1312 omnes
2516 1271 2612 1313 vos
2631 1257 2708 1312 illi
2733 1258 2933 1314 similes
2955 1259 3110 1315 video
3135 1266 3191 1315 et
3215 1259 3440 1330 gaudeo,
3461 1260 3584 1330 quia
3607 1273 3770 1329 para-

2177 1344 2350 1400 disum
2397 1362 2574 1404 meum
2613 1351 2788 1420 recepi
2833 1349 2925 1405 illo
2963 1351 3219 1407 Paradiso
3263 1351 3541 1408 meliorem
3572 1368 3584 1404 :
3612 1359 3669 1406 et
3694 1350 3766 1404 ibi

2177 1438 2388 1508 quidem
2433 1454 2656 1512 serpens
2705 1452 2819 1498 erat
2857 1443 3147 1511 insidians,
3177 1444 3266 1500 hic
3307 1453 3483 1501 autem
3519 1443 3766 1500 Christus

2176 1531 2430 1602 mysteria
2459 1532 2738 1590 celebrans
2767 1550 2780 1588 :
2811 1534 2885 1590 ibi
2909 1534 3054 1591 lleva
3082 1544 3198 1591 erat
3223 1534 3486 1592 seducens
3504 1576 3520 1604 ,
3553 1535 3643 1591 hic
3663 1550 3764 1591 au-

2177 1628 2283 1676 tem
2328 1630 2411 1677 est
2447 1637 2711 1680 coronans
2729 1624 2984 1681 'Ecclesia
3013 1644 3029 1683 :
3054 1625 3128 1682 ibi
3166 1624 3340 1682 Adam
3365 1625 3724 1682 seducebatur
3743 1665 3762 1694 ,

2177 1715 2263 1770 hic
2286 1724 2462 1771 autem
2491 1719 2715 1789 papulas
2733 1718 2972 1775 adhaeret
2998 1719 3108 1776 Deo
3132 1736 3146 1773 :
3171 1718 3245 1774 ibi
3272 1719 3492 1776 aﬂiores
3509 1717 3760 1786 diversae,

2175 1805 2262 1861 hic
2276 1815 2451 1863 autem
2472 1808 2784 1866 donationes
2803 1811 2966 1866 varia:
2988 1829 3003 1866 :
3025 1811 3080 1865 in
3105 1809 3360 1867 Paradiso
3379 1810 3600 1866 arbores
3613 1823 3762 1864 mar-

2174 1905 2449 1954 cescentes
2470 1897 2571 1965 ,‘in
2598 1898 2825 1956 ecclesia
2863 1900 3086 1957 arbores
3119 1899 3501 1957 fruetiﬁcantes
3527 1899 3625 1956 :‘in
3670 1899 3764 1954 illo

2175 1986 2426 2042 Paradiso
2453 1989 2864 2061 unumquodque
2889 2004 3057 2062 genus
3083 1990 3335 2047 sementis
3358 1989 3414 2045 in
3439 2005 3539 2047 suo
3565 2005 3759 2062 perse-

2171 2089 2320 2134 verat
2360 2090 2500 2136 statu
2521 2122 2537 2149 ,
2555 2082 2622 2137 'in
2647 2083 2752 2139 isto
2777 2097 2907 2140 vero
2935 2083 3182 2154 paradiso
3207 2083 3254 2139 si
3278 2083 3538 2140 invenero
3573 2083 3762 2140 labru-

2173 2185 2343 2238 scam,
2373 2173 2534 2228 vitem
2557 2159 2780 2230 uberem
2809 2173 3038 2230 efﬁciam
3063 2191 3076 2228 :
3099 2174 3145 2229 si
3174 2174 3429 2230 invenero
3450 2174 3760 2239 oleastrum,

2173 2278 2353 2319 veram
2403 2265 2597 2320 olivam
2635 2264 3050 2328 efﬁciamztalis
3074 2265 3272 2322 etenim
3301 2273 3384 2322 est
3408 2273 3566 2322 teme
3604 2264 3762 2321 istius

2171 2366 2382 2412 natura.
2410 2357 2634 2427 Propter
2657 2357 2776 2414 btcc
2801 2357 3028 2428 gaudeo,
3059 2357 3413 2428 praetermitto
3439 2355 3761 2412 satisfactio-

2173 2463 2296 2503 nem
2324 2465 2339 2503 :
2365 2448 2632 2519 quomodo
2656 2463 2788 2505 vero
2818 2463 2918 2504 vos
2951 2447 3171 2505 abduxit
3199 2447 3333 2503 tanti
3359 2446 3616 2518 temporis
3639 2446 3761 2504 lon-

2171 2539 2384 2609 gitudo,
2411 2541 2661 2611 suscipite
2689 2540 3105 2597 satisfactionem
3134 2554 3310 2596 meam
3332 2579 3351 2606 ,
3379 2538 3680 2595 carissimi.
3697 2537 3758 2594 Si

2175 2645 2390 2685 servum
2435 2631 2628 2686 alicubi
2682 2629 2921 2702 dirigatis
2967 2645 3074 2685 non
3117 2637 3474 2686 revertentem
3503 2670 3520 2695 ,
3546 2627 3760 2700 exigitis

2174 2736 2362 2776 causas
2384 2722 2468 2777 ubi
2497 2729 2733 2777 moratus
2759 2723 2848 2789 sit,
2875 2721 2964 2778 ubi
2984 2728 3190 2777 tantum
3219 2719 3534 2791 expenderit
3556 2727 3762 2791 tempo-

2173 2816 2248 2869 ris
2273 2833 2286 2868 :
2310 2822 2364 2868 et
2389 2829 2489 2884 ego
2514 2829 2699 2870 servus
2727 2829 2846 2870 sum
2873 2821 3065 2869 vestrm
3092 2813 3329 2869 caritatis
3351 2829 3365 2867 :
3387 2813 3592 2868 emistis
3618 2813 3761 2868 enim

2174 2921 2288 2972 me,
2316 2921 2421 2960 non
2451 2907 2724 2975 pecuniam
2757 2905 3099 2960 conﬁcientes
3118 2946 3132 2966 ,
3154 2904 3247 2960 sed
3274 2906 3548 2961 caritatem
3577 2914 3762 2961 osten-

2173 2998 2378 3052 dentes.
2401 2996 2621 3055 Gaudeo
2650 2996 2845 3068 quippe
2889 2996 2980 3051 tali
3019 2995 3239 3051 servitio
3265 2995 3600 3066 mancipatus
3617 3035 3634 3060 ,
3660 3009 3761 3051 nec

2163 3103 2421 3159 umquam
2455 3087 2566 3143 “hoc
2609 3087 2864 3143 famulatu
2907 3095 3034 3157 opto
3062 3101 3150 3142 me
3176 3085 3350 3141 solvi:
3383 3082 3582 3142 etenim
3621 3085 3761 3142 istud

2173 3177 2446 3236 servitium
2489 3176 2619 3232 mihi
2656 3177 2905 3233 libertate
2939 3176 3272 3247 elegantius:
3303 3174 3443 3230 istud
3484 3174 3761 3231 servitium

2176 3271 2226 3325 in
2259 3268 2392 3324 illud
2419 3267 2649 3323 tribunal
2673 3267 2885 3323 beatum
2907 3267 3189 3322 collocavit
3208 3265 3341 3321 mihi
3367 3265 3550 3322 sedem
3579 3280 3598 3321 :
3620 3265 3760 3321 istud

2174 3359 2449 3416 servitium
2468 3374 2575 3414 non
2593 3352 2677 3414 est
2692 3357 3044 3423 necessitatis,
3056 3355 3150 3413 sed
3162 3355 3606 3424 voluntatis.Quis
3617 3357 3762 3413 enim

2178 3468 2282 3507 non
2329 3452 2677 3508 libentissime
2698 3451 2902 3507 serviat
2941 3448 3212 3506 dilectioni
3255 3458 3448 3505 vestrze
3469 3490 3486 3515 ,
3517 3456 3626 3504 tam
3649 3449 3764 3506 ele—

2173 3544 2500 3614 gantissimis
2522 3541 2886 3598 amatoribus?
2909 3540 3064 3609 Quod
3091 3539 3194 3596 etsi
3219 3539 3481 3609 lapideam
3509 3537 3764 3596 haberem

2174 3634 2429 3701 animam,
2455 3649 2575 3689 cera
2602 3632 2860 3693 fecissetis
2884 3629 3346 3698 molliorem.Quid
3363 3629 3536 3686 dicam
3555 3630 3768 3686 deside-

2176 3724 2258 3778 rio
2273 3732 2472 3791 vestro,
2497 3733 2550 3779 et
2568 3722 2759 3788 favori,
2777 3738 2937 3793 quem
2955 3721 3204 3776 hesterna
3223 3719 3536 3776 ostendistis
3559 3719 3646 3775 die
3666 3721 3764 3791 (ᾳ),

2177 3814 2444 3884 quomodo
2475 3827 2634 3868 voces
2676 3822 2871 3868 vestrae
2913 3827 3033 3867 cum
3073 3809 3270 3881 gaudio
3298 3809 3487 3865 caelum
3518 3819 3766 3879 penetra-

2180 3905 2333 3960 runt?
2365 3905 2540 3975 Ipsum
2583 3903 2976 3958 sanctiﬁcantes
2998 3907 3181 3957 aerem
3205 3942 3220 3968 ,
3251 3901 3524 3957 civitatem
3566 3899 3768 3956 fecistis

2185 3995 2510 4051 Ecclesium:
2545 3994 2842 4050 honorabar
2883 4007 3016 4064 ego,
3043 4000 3099 4048 et
3144 3992 3285 4048 Deus
3328 3991 3765 4063 gloriﬁcabatur:

2176 4088 2420 4144 bmretici
2447 4086 2926 4146 confundebantur.
2948 4083 3190 4140 Ecclesia
3214 4098 3344 4138 vero
3373 4084 3765 4140 coronabatur:

2182 4181 2303 4250 quia
2333 4195 2521 4251 magna
2549 4179 2732 4233 laetitia
2758 4187 2839 4233 est
2865 4176 3058 4243 matri,
3085 4190 3206 4231 cum
3247 4177 3518 4231 exsultant
3549 4175 3642 4230 ﬁlii
3673 4192 3687 4228 :
3714 4184 3771 4232 et

2181 4271 2381 4343 grande
2421 4269 2668 4343 gaudium
2708 4268 2948 4339 pastori,
2979 4281 3101 4321 cum
3128 4265 3396 4320 exsultant
3422 4264 3542 4335 agni
3570 4265 3767 4335 gregis.

2184 4366 2316 4422 Veni
2345 4364 2411 4420 ad
2436 4363 2625 4436 gaudia
2652 4362 2907 4415 virtutum
2931 4366 3228 4414 vestrarum
3248 4400 3263 4423 ,
3294 4355 3473 4411 audivi
3499 4356 3624 4426 quia
3647 4370 3770 4410 cum

2187 4458 2450 4514 hmreticis
2497 4453 2767 4518 colluctati
2806 4451 2975 4516 estis,
3007 4457 3062 4506 et
3090 4449 3212 4520 quia
3242 4449 3421 4519 inique
3446 4456 3670 4518 egerunt
3717 4447 3774 4503 in

2187 4549 2450 4620 baptismo
2473 4587 2488 4611 ,
2522 4544 2886 4621 redarguistls.
2912 4540 3175 4610 Numquid
3215 4540 3483 4595 incassum
3526 4537 3775 4594 dicebam

2187 4640 2437 4711 quoniam
2481 4647 2627 4692 casta
2651 4649 2786 4689 uxor
2825 4633 3048 4688 absente
3085 4631 3200 4684 viro
3224 4629 3437 4698 repellit
3461 4625 3734 4682 adulteros
3757 4669 3775 4694 ,

2190 4731 2410 4785 absente
2433 4735 2647 4797 pastore
2675 4725 2836 4794 abigit
2861 4723 3052 4792 lupos,
3079 4721 3196 4775 sine
3220 4719 3572 4789 gubernatore
3594 4725 3778 4772 nauta:

2190 4823 2527 4878 salvaverunt
2554 4832 2761 4879 navem,
2784 4816 2900 4871 sine
2923 4814 3060 4869 duce
3079 4811 3275 4866 milites
3293 4809 3569 4866 victoriam
3590 4823 3780 4879 repor-

2194 4920 2460 4978 taverunt,
2487 4911 2600 4967 sine
2625 4910 2844 4966 doctore
2868 4905 3114 4976 discipuli
3143 4902 3506 4976 profecerunt,
3534 4901 3652 4958 sine
3677 4917 3772 4973 pa-

2195 5019 2274 5064 tre
2301 5007 2393 5061 ﬁlii
2420 5002 2652 5060 roborati
2680 5011 2802 5058 sunt
2822 4999 2981 5055 ?-lmo
3007 4998 3174 5068 magis
3199 5012 3304 5051 non
3333 4997 3449 5052 sine
3474 5005 3658 5066 patre:
3684 5009 3780 5048 ve-

2195 5110 2306 5154 Ster
2333 5097 2473 5154 enim
2502 5094 2770 5165 profectus
2785 5106 2958 5146 meum
2978 5090 3248 5161 gaudium,
3268 5097 3444 5143 vestra
3465 5084 3785 5156 gloriﬁcatio

2195 5205 2315 5245 mea
2354 5203 2552 5242 corona
2579 5195 2681 5242 est.
2711 5183 2816 5240 Sed
2844 5181 3299 5243 desiderabamus,
3333 5177 3550 5247 inquitis
3570 5217 3586 5243 ,
3606 5185 3783 5230 tecum

2198 5284 2370 5337 facere
2395 5279 2616 5334 Pascha.
2636 5276 2909 5333 Satisfacio
2925 5271 3196 5330 dilectioni
3217 5279 3426 5332 vestrm,
3450 5268 3647 5339 quippe
3663 5281 3789 5321 cum

2193 5375 2301 5443 jam
2342 5370 2662 5426 iracundiam
2693 5377 2868 5423 vestro
2910 5363 3261 5421 dissolveritis
3297 5370 3537 5430 aspectu.
3577 5357 3711 5412 Nam
3740 5357 3783 5410 si

2201 5475 2350 5536 pater
2382 5463 2654 5534 prodigum
2686 5459 2981 5529 suscipiens
3008 5456 3172 5510 ﬁlium
3203 5452 3380 5508 statim
3403 5446 3786 5504 reconciliavit.

2200 5571 2375 5626 neque
2418 5569 2600 5624 poenas
2628 5552 2785 5622 exigit
2819 5550 2885 5604 ab
2915 5563 2981 5605 co
3001 5590 3015 5615 ,
3047 5546 3142 5602 sed
3187 5543 3330 5599 illico
3359 5540 3635 5610 amplexus
3663 5549 3782 5591 est:

2203 5650 2371 5704 multo
2412 5647 2580 5717 magis
2635 5645 2728 5699 ﬁlii
2782 5652 2984 5714 patrem
3037 5631 3561 5706 suscipientes._Sed
3615 5641 3790 5686 tamen

2267 5763 2338 5824 (α)
2362 5760 2594 5810 Postridie
2616 5772 2758 5824 quam
2780 5757 3015 5813 redierat,
3038 5751 3163 5802 hanc
3184 5750 3456 5800 orationem
3487 5747 3676 5796 hamus.
