  <div class='ocr_page' id='page_1' title='image "/cluster/home/n/w/nwhite01/storage/ocr_20150623/52/ien.35556001660794/048.png"; bbox 0 0 4046 6430; ppageno 0'>
   <div class='ocr_carea' id='block_1_1' title="bbox 284 346 2437 422">
    <p class='ocr_par' dir='ltr' id='par_1_1' title="bbox 284 346 2437 422">
     <span class='ocr_line' id='line_1_1' title="bbox 284 346 2437 422; baseline 0.007 -27"><span class='ocrx_word' id='word_1_1' title='bbox 284 369 377 422; x_wconf 52' lang='grc' dir='ltr'><strong>ηπ</strong></span> <span class='ocrx_word' id='word_1_2' title='bbox 1439 346 1527 402; x_wconf 78' lang='lat' dir='ltr'><strong>ns</strong></span> <span class='ocrx_word' id='word_1_3' title='bbox 1566 348 1984 407; x_wconf 78' lang='lat' dir='ltr'><strong>RECIPIENDO</strong></span> <span class='ocrx_word' id='word_1_4' title='bbox 2022 349 2437 409; x_wconf 64' lang='lat' dir='ltr'><strong>SEVERIANO.</strong></span> 
     </span>
    </p>
   </div>
   <div class='ocr_carea' id='block_1_2' title="bbox 274 469 1866 552">
    <p class='ocr_par' dir='ltr' id='par_1_2' title="bbox 274 469 1866 552">
     <span class='ocr_line' id='line_1_2' title="bbox 274 469 1866 552; baseline -0.006 -19"><span class='ocrx_word' id='word_1_5' title='bbox 274 495 321 535; x_wconf 73' lang='lat' dir='ltr'><strong>ut</strong></span> <span class='ocrx_word' id='word_1_6' title='bbox 354 481 420 535; x_wconf 87' lang='lat' dir='ltr'><strong>ad</strong></span> <span class='ocrx_word' id='word_1_7' title='bbox 452 484 557 536; x_wconf 73' lang='lat' dir='ltr'><strong>hoc</strong></span> <span class='ocrx_word' id='word_1_8' title='bbox 579 478 884 552; x_wconf 79' lang='lat' dir='ltr'><strong>respondeo</strong></span> <span class='ocrx_word' id='word_1_9' title='bbox 911 496 923 532; x_wconf 95' lang='lat'>:</span> <span class='ocrx_word' id='word_1_10' title='bbox 955 476 1156 532; x_wconf 84' lang='lat' dir='ltr'><strong>Pascha</strong></span> <span class='ocrx_word' id='word_1_11' title='bbox 1190 488 1398 530; x_wconf 88' lang='lat' dir='ltr'><strong>mecum</strong></span> <span class='ocrx_word' id='word_1_12' title='bbox 1442 472 1496 526; x_wconf 89' lang='lat' dir='ltr'><strong>in</strong></span> <span class='ocrx_word' id='word_1_13' title='bbox 1524 470 1662 526; x_wconf 83' lang='lat' dir='ltr'><strong>votis</strong></span> <span class='ocrx_word' id='word_1_14' title='bbox 1689 469 1866 524; x_wconf 85' lang='lat' dir='ltr'><strong>facere</strong></span> 
     </span>
    </p>
   </div>
   <div class='ocr_carea' id='block_1_3' title="bbox 275 565 1866 640">
    <p class='ocr_par' dir='ltr' id='par_1_3' title="bbox 275 565 1866 640">
     <span class='ocr_line' id='line_1_3' title="bbox 275 565 1866 640; baseline -0.005 -14"><span class='ocrx_word' id='word_1_15' title='bbox 275 573 582 639; x_wconf 83' lang='lat' dir='ltr'><strong>habebatis,</strong></span> <span class='ocrx_word' id='word_1_16' title='bbox 612 587 772 628; x_wconf 85' lang='lat' dir='ltr'><strong>nemo</strong></span> <span class='ocrx_word' id='word_1_17' title='bbox 811 569 1055 640; x_wconf 79' lang='lat' dir='ltr'><strong>prohibet</strong></span> <span class='ocrx_word' id='word_1_18' title='bbox 1094 567 1256 624; x_wconf 85' lang='lat' dir='ltr'><strong>hodie</strong></span> <span class='ocrx_word' id='word_1_19' title='bbox 1298 581 1396 622; x_wconf 88' lang='lat' dir='ltr'><strong>vos</strong></span> <span class='ocrx_word' id='word_1_20' title='bbox 1437 580 1646 621; x_wconf 89' lang='lat' dir='ltr'><strong>mecum</strong></span> <span class='ocrx_word' id='word_1_21' title='bbox 1690 565 1866 620; x_wconf 82' lang='lat' dir='ltr'><strong>facere</strong></span> 
     </span>
    </p>
   </div>
   <div class='ocr_carea' id='block_1_4' title="bbox 274 653 1865 728">
    <p class='ocr_par' dir='ltr' id='par_1_4' title="bbox 274 653 1865 728">
     <span class='ocr_line' id='line_1_4' title="bbox 274 653 1865 728; baseline -0.008 -6"><span class='ocrx_word' id='word_1_22' title='bbox 274 665 476 722; x_wconf 74' lang='lat' dir='ltr'><strong>Pascha</strong></span> <span class='ocrx_word' id='word_1_23' title='bbox 505 679 521 717; x_wconf 89' lang='lat'><strong>:</strong></span> <span class='ocrx_word' id='word_1_24' title='bbox 549 664 642 719; x_wconf 91' lang='lat' dir='ltr'><strong>sed</strong></span> <span class='ocrx_word' id='word_1_25' title='bbox 689 661 908 718; x_wconf 75' lang='lat' dir='ltr'><strong>forsitan</strong></span> <span class='ocrx_word' id='word_1_26' title='bbox 953 661 1174 726; x_wconf 80' lang='lat' dir='ltr'><strong>dicetis,</strong></span> <span class='ocrx_word' id='word_1_27' title='bbox 1203 656 1470 728; x_wconf 82' lang='lat' dir='ltr'><strong>Numquid</strong></span> <span class='ocrx_word' id='word_1_28' title='bbox 1508 656 1617 712; x_wconf 91' lang='lat' dir='ltr'><strong>duo</strong></span> <span class='ocrx_word' id='word_1_29' title='bbox 1657 653 1865 711; x_wconf 80' lang='lat' dir='ltr'><strong>Pascha</strong></span> 
     </span>
    </p>
   </div>
   <div class='ocr_carea' id='block_1_5' title="bbox 272 745 1860 819">
    <p class='ocr_par' dir='ltr' id='par_1_5' title="bbox 272 745 1860 819">
     <span class='ocr_line' id='line_1_5' title="bbox 272 745 1860 819; baseline -0.006 -11"><span class='ocrx_word' id='word_1_30' title='bbox 272 755 460 810; x_wconf 88' lang='lat' dir='ltr'><strong>facturi</strong></span> <span class='ocrx_word' id='word_1_31' title='bbox 486 754 709 809; x_wconf 82' lang='lat' dir='ltr'><strong>sumus?</strong></span> <span class='ocrx_word' id='word_1_32' title='bbox 728 751 864 819; x_wconf 90' lang='lat' dir='ltr'><strong>Non,</strong></span> <span class='ocrx_word' id='word_1_33' title='bbox 887 751 979 807; x_wconf 89' lang='lat' dir='ltr'><strong>sed</strong></span> <span class='ocrx_word' id='word_1_34' title='bbox 1007 765 1189 816; x_wconf 88' lang='lat' dir='ltr'><strong>unum,</strong></span> <span class='ocrx_word' id='word_1_35' title='bbox 1212 758 1266 806; x_wconf 90' lang='lat' dir='ltr'><strong>et</strong></span> <span class='ocrx_word' id='word_1_36' title='bbox 1287 751 1460 819; x_wconf 86' lang='lat' dir='ltr'><strong>ipsum</strong></span> <span class='ocrx_word' id='word_1_37' title='bbox 1481 745 1860 818; x_wconf 87' lang='lat' dir='ltr'><strong>multipliciter.</strong></span> 
     </span>
    </p>
   </div>
   <div class='ocr_carea' id='block_1_6' title="bbox 269 836 1863 913">
    <p class='ocr_par' dir='ltr' id='par_1_6' title="bbox 269 836 1863 913">
     <span class='ocr_line' id='line_1_6' title="bbox 269 836 1863 913; baseline -0.007 -12"><span class='ocrx_word' id='word_1_38' title='bbox 269 843 419 901; x_wconf 84' lang='lat' dir='ltr'><strong>Sicut</strong></span> <span class='ocrx_word' id='word_1_39' title='bbox 442 844 586 899; x_wconf 86' lang='lat' dir='ltr'><strong>enim</strong></span> <span class='ocrx_word' id='word_1_40' title='bbox 611 857 827 913; x_wconf 81' lang='lat' dir='ltr'><strong>semper</strong></span> <span class='ocrx_word' id='word_1_41' title='bbox 852 841 934 898; x_wconf 86' lang='lat' dir='ltr'><strong>sol</strong></span> <span class='ocrx_word' id='word_1_42' title='bbox 959 841 1196 897; x_wconf 82' lang='lat' dir='ltr'><strong>exoritur</strong></span> <span class='ocrx_word' id='word_1_43' title='bbox 1214 881 1230 908; x_wconf 91' lang='lat'><strong>,</strong></span> <span class='ocrx_word' id='word_1_44' title='bbox 1254 848 1309 895; x_wconf 92' lang='lat' dir='ltr'><strong>et</strong></span> <span class='ocrx_word' id='word_1_45' title='bbox 1335 854 1441 895; x_wconf 93' lang='lat' dir='ltr'><strong>non</strong></span> <span class='ocrx_word' id='word_1_46' title='bbox 1470 838 1698 895; x_wconf 87' lang='lat' dir='ltr'><strong>dicimus</strong></span> <span class='ocrx_word' id='word_1_47' title='bbox 1724 836 1863 891; x_wconf 90' lang='lat' dir='ltr'><strong>mul-</strong></span> 
     </span>
    </p>
   </div>
   <div class='ocr_carea' id='block_1_7' title="bbox 273 927 1862 1003">
    <p class='ocr_par' dir='ltr' id='par_1_7' title="bbox 273 927 1862 1003">
     <span class='ocr_line' id='line_1_7' title="bbox 273 927 1862 1003; baseline -0.004 -14"><span class='ocrx_word' id='word_1_48' title='bbox 273 943 359 989; x_wconf 82' lang='lat' dir='ltr'><strong>tos</strong></span> <span class='ocrx_word' id='word_1_49' title='bbox 384 933 549 1001; x_wconf 85' lang='lat' dir='ltr'><strong>soles,</strong></span> <span class='ocrx_word' id='word_1_50' title='bbox 575 933 673 989; x_wconf 87' lang='lat' dir='ltr'><strong>sed</strong></span> <span class='ocrx_word' id='word_1_51' title='bbox 713 937 801 989; x_wconf 63' lang='lat' dir='ltr'><strong>ett</strong></span> <span class='ocrx_word' id='word_1_52' title='bbox 839 933 919 988; x_wconf 87' lang='lat' dir='ltr'><strong>sol</strong></span> <span class='ocrx_word' id='word_1_53' title='bbox 946 931 1182 1003; x_wconf 83' lang='lat' dir='ltr'><strong>quotidie</strong></span> <span class='ocrx_word' id='word_1_54' title='bbox 1206 930 1426 988; x_wconf 86' lang='lat' dir='ltr'><strong>oriens:</strong></span> <span class='ocrx_word' id='word_1_55' title='bbox 1453 930 1532 985; x_wconf 88' lang='lat' dir='ltr'><strong>sic</strong></span> <span class='ocrx_word' id='word_1_56' title='bbox 1567 936 1623 983; x_wconf 88' lang='lat' dir='ltr'><strong>et</strong></span> <span class='ocrx_word' id='word_1_57' title='bbox 1658 927 1862 983; x_wconf 85' lang='lat' dir='ltr'><strong>Pascha</strong></span> 
     </span>
    </p>
   </div>
   <div class='ocr_carea' id='block_1_8' title="bbox 265 1018 1860 1094">
    <p class='ocr_par' dir='ltr' id='par_1_8' title="bbox 265 1018 1860 1094">
     <span class='ocr_line' id='line_1_8' title="bbox 265 1018 1860 1094; baseline -0.006 -13"><span class='ocrx_word' id='word_1_58' title='bbox 265 1038 482 1094; x_wconf 79' lang='lat' dir='ltr'><strong>semper</strong></span> <span class='ocrx_word' id='word_1_59' title='bbox 523 1033 964 1091; x_wconf 84' lang='lat' dir='ltr'><strong>consummatur,</strong></span> <span class='ocrx_word' id='word_1_60' title='bbox 994 1031 1050 1078; x_wconf 94' lang='lat' dir='ltr'><strong>et</strong></span> <span class='ocrx_word' id='word_1_61' title='bbox 1093 1036 1214 1076; x_wconf 89' lang='lat' dir='ltr'><strong>cum</strong></span> <span class='ocrx_word' id='word_1_62' title='bbox 1258 1035 1472 1091; x_wconf 84' lang='lat' dir='ltr'><strong>semper</strong></span> <span class='ocrx_word' id='word_1_63' title='bbox 1519 1018 1820 1075; x_wconf 85' lang='lat' dir='ltr'><strong>celebretur</strong></span> <span class='ocrx_word' id='word_1_64' title='bbox 1843 1059 1860 1085; x_wconf 94' lang='lat'><strong>,</strong></span> 
     </span>
    </p>
   </div>
   <div class='ocr_carea' id='block_1_9' title="bbox 266 1110 1862 1172">
    <p class='ocr_par' dir='ltr' id='par_1_9' title="bbox 266 1110 1862 1172">
     <span class='ocr_line' id='line_1_9' title="bbox 266 1110 1862 1172; baseline -0.005 0"><span class='ocrx_word' id='word_1_65' title='bbox 266 1131 431 1172; x_wconf 82' lang='lat' dir='ltr'><strong>unum</strong></span> <span class='ocrx_word' id='word_1_66' title='bbox 461 1123 545 1171; x_wconf 84' lang='lat' dir='ltr'><strong>est</strong></span> <span class='ocrx_word' id='word_1_67' title='bbox 565 1115 920 1172; x_wconf 88' lang='lat' dir='ltr'><strong>solemnitatis</strong></span> <span class='ocrx_word' id='word_1_68' title='bbox 945 1121 1164 1169; x_wconf 75' lang='lat' dir='ltr'><strong>nostrte.</strong></span> <span class='ocrx_word' id='word_1_69' title='bbox 1187 1112 1494 1170; x_wconf 75' lang='lat' dir='ltr'><strong>Judreorum</strong></span> <span class='ocrx_word' id='word_1_70' title='bbox 1525 1110 1730 1166; x_wconf 78' lang='lat' dir='ltr'><strong>similes</strong></span> <span class='ocrx_word' id='word_1_71' title='bbox 1755 1125 1862 1164; x_wconf 90' lang='lat' dir='ltr'><strong>non</strong></span> 
     </span>
    </p>
   </div>
   <div class='ocr_carea' id='block_1_10' title="bbox 264 1202 1861 1274">
    <p class='ocr_par' dir='ltr' id='par_1_10' title="bbox 264 1202 1861 1274">
     <span class='ocr_line' id='line_1_10' title="bbox 264 1202 1861 1274; baseline -0.005 -11"><span class='ocrx_word' id='word_1_72' title='bbox 264 1220 470 1274; x_wconf 73' lang='lat' dir='ltr'><strong>sitmus,</strong></span> <span class='ocrx_word' id='word_1_73' title='bbox 502 1221 608 1262; x_wconf 92' lang='lat' dir='ltr'><strong>non</strong></span> <span class='ocrx_word' id='word_1_74' title='bbox 633 1205 899 1262; x_wconf 83' lang='lat' dir='ltr'><strong>servimus</strong></span> <span class='ocrx_word' id='word_1_75' title='bbox 921 1205 1038 1260; x_wconf 91' lang='lat' dir='ltr'><strong>loco</strong></span> <span class='ocrx_word' id='word_1_76' title='bbox 1063 1245 1079 1270; x_wconf 94' lang='lat'><strong>,</strong></span> <span class='ocrx_word' id='word_1_77' title='bbox 1107 1218 1208 1260; x_wconf 87' lang='lat' dir='ltr'><strong>nec</strong></span> <span class='ocrx_word' id='word_1_78' title='bbox 1233 1202 1432 1260; x_wconf 85' lang='lat' dir='ltr'><strong>subditi</strong></span> <span class='ocrx_word' id='word_1_79' title='bbox 1458 1216 1643 1257; x_wconf 89' lang='lat' dir='ltr'><strong>sumus</strong></span> <span class='ocrx_word' id='word_1_80' title='bbox 1670 1215 1861 1256; x_wconf 85' lang='lat' dir='ltr'><strong>neces—</strong></span> 
     </span>
    </p>
   </div>
   <div class='ocr_carea' id='block_1_11' title="bbox 264 1294 1859 1370">
    <p class='ocr_par' dir='ltr' id='par_1_11' title="bbox 264 1294 1859 1370">
     <span class='ocr_line' id='line_1_11' title="bbox 264 1294 1859 1370; baseline -0.005 -17"><span class='ocrx_word' id='word_1_81' title='bbox 264 1299 408 1354; x_wconf 74' lang='lat' dir='ltr'><strong>sitati</strong></span> <span class='ocrx_word' id='word_1_82' title='bbox 429 1297 711 1370; x_wconf 83' lang='lat' dir='ltr'><strong>temporis,</strong></span> <span class='ocrx_word' id='word_1_83' title='bbox 731 1296 996 1352; x_wconf 88' lang='lat' dir='ltr'><strong>dominica</strong></span> <span class='ocrx_word' id='word_1_84' title='bbox 1020 1310 1152 1353; x_wconf 89' lang='lat' dir='ltr'><strong>voce</strong></span> <span class='ocrx_word' id='word_1_85' title='bbox 1177 1295 1392 1350; x_wconf 81' lang='lat' dir='ltr'><strong>limati.</strong></span> <span class='ocrx_word' id='word_1_86' title='bbox 1417 1294 1859 1363; x_wconf 75' lang='lat' dir='ltr'><strong>Quotiescumque,</strong></span> 
     </span>
    </p>
   </div>
   <div class='ocr_carea' id='block_1_12' title="bbox 263 1384 1863 1461">
    <p class='ocr_par' dir='ltr' id='par_1_12' title="bbox 263 1384 1863 1461">
     <span class='ocr_line' id='line_1_12' title="bbox 263 1384 1863 1461; baseline -0.004 -16"><span class='ocrx_word' id='word_1_87' title='bbox 263 1388 439 1461; x_wconf 87' lang='lat' dir='ltr'><strong>lnquit</strong></span> <span class='ocrx_word' id='word_1_88' title='bbox 461 1432 478 1459; x_wconf 89' lang='lat'><strong>,</strong></span> <span class='ocrx_word' id='word_1_89' title='bbox 509 1389 936 1444; x_wconf 80' lang='lat' dir='ltr'><strong>ntanducaveritis</strong></span> <span class='ocrx_word' id='word_1_90' title='bbox 961 1405 1144 1460; x_wconf 82' lang='lat' dir='ltr'><strong>panem</strong></span> <span class='ocrx_word' id='word_1_91' title='bbox 1169 1388 1321 1442; x_wconf 85' lang='lat' dir='ltr'><strong>istum</strong></span> <span class='ocrx_word' id='word_1_92' title='bbox 1344 1429 1360 1455; x_wconf 96' lang='lat'><strong>,</strong></span> <span class='ocrx_word' id='word_1_93' title='bbox 1390 1395 1437 1441; x_wconf 85' lang='lat' dir='ltr'><strong>et</strong></span> <span class='ocrx_word' id='word_1_94' title='bbox 1467 1386 1602 1440; x_wconf 85' lang='lat' dir='ltr'><strong>hunc</strong></span> <span class='ocrx_word' id='word_1_95' title='bbox 1640 1384 1863 1440; x_wconf 80' lang='lat' dir='ltr'><strong>biberitis</strong></span> 
     </span>
    </p>
   </div>
   <div class='ocr_carea' id='block_1_13' title="bbox 261 1474 1858 1548">
    <p class='ocr_par' dir='ltr' id='par_1_13' title="bbox 261 1474 1858 1548">
     <span class='ocr_line' id='line_1_13' title="bbox 261 1474 1858 1548; baseline -0.003 -13"><span class='ocrx_word' id='word_1_96' title='bbox 261 1482 491 1546; x_wconf 65' lang='lat' dir='ltr'><strong>Calicem,</strong></span> <span class='ocrx_word' id='word_1_97' title='bbox 518 1489 731 1535; x_wconf 79' lang='lat' dir='ltr'><strong>mortem</strong></span> <span class='ocrx_word' id='word_1_98' title='bbox 754 1478 963 1534; x_wconf 83' lang='lat' dir='ltr'><strong>Domini</strong></span> <span class='ocrx_word' id='word_1_99' title='bbox 987 1477 1347 1532; x_wconf 84' lang='lat' dir='ltr'><strong>annuntiabitis</strong></span> <span class='ocrx_word' id='word_1_100' title='bbox 1377 1476 1454 1548; x_wconf 90' lang='grc'><strong>(1.</strong></span> <span class='ocrx_word' id='word_1_101' title='bbox 1487 1476 1605 1531; x_wconf 83' lang='lat' dir='ltr'><strong>Cor.</strong></span> <span class='ocrx_word' id='word_1_102' title='bbox 1630 1477 1715 1531; x_wconf 85' lang='grc'><strong>11.</strong></span> <span class='ocrx_word' id='word_1_103' title='bbox 1740 1474 1858 1546; x_wconf 77' lang='lat'><strong>26).</strong></span> 
     </span>
    </p>
   </div>
   <div class='ocr_carea' id='block_1_14' title="bbox 261 1566 1862 1639">
    <p class='ocr_par' dir='ltr' id='par_1_14' title="bbox 261 1566 1862 1639">
     <span class='ocr_line' id='line_1_14' title="bbox 261 1566 1862 1639; baseline 0 -16"><span class='ocrx_word' id='word_1_104' title='bbox 261 1568 653 1624; x_wconf 80' lang='lat' dir='ltr'><strong>Annuntiamus</strong></span> <span class='ocrx_word' id='word_1_105' title='bbox 678 1583 913 1639; x_wconf 87' lang='lat' dir='ltr'><strong>namque</strong></span> <span class='ocrx_word' id='word_1_106' title='bbox 938 1567 1099 1625; x_wconf 90' lang='lat' dir='ltr'><strong>hodie</strong></span> <span class='ocrx_word' id='word_1_107' title='bbox 1119 1577 1344 1623; x_wconf 92' lang='lat' dir='ltr'><strong>mortem</strong></span> <span class='ocrx_word' id='word_1_108' title='bbox 1366 1566 1584 1622; x_wconf 87' lang='lat' dir='ltr'><strong>Christi.</strong></span> <span class='ocrx_word' id='word_1_109' title='bbox 1607 1566 1713 1623; x_wconf 86' lang='lat' dir='ltr'><strong>Sed</strong></span> <span class='ocrx_word' id='word_1_110' title='bbox 1737 1576 1862 1623; x_wconf 90' lang='lat' dir='ltr'><strong>tunc</strong></span> 
     </span>
    </p>
   </div>
   <div class='ocr_carea' id='block_1_15' title="bbox 262 1657 1859 1731">
    <p class='ocr_par' dir='ltr' id='par_1_15' title="bbox 262 1657 1859 1731">
     <span class='ocr_line' id='line_1_15' title="bbox 262 1657 1859 1731; baseline 0 -17"><span class='ocrx_word' id='word_1_111' title='bbox 262 1658 479 1731; x_wconf 84' lang='lat' dir='ltr'><strong>quidem</strong></span> <span class='ocrx_word' id='word_1_112' title='bbox 511 1659 774 1716; x_wconf 81' lang='lat' dir='ltr'><strong>festivitas</strong></span> <span class='ocrx_word' id='word_1_113' title='bbox 800 1677 814 1712; x_wconf 89' lang='lat'><strong>:</strong></span> <span class='ocrx_word' id='word_1_114' title='bbox 843 1668 900 1716; x_wconf 90' lang='lat' dir='ltr'><strong>et</strong></span> <span class='ocrx_word' id='word_1_115' title='bbox 927 1659 1085 1715; x_wconf 85' lang='lat' dir='ltr'><strong>hodie</strong></span> <span class='ocrx_word' id='word_1_116' title='bbox 1112 1657 1389 1713; x_wconf 69' lang='lat' dir='ltr'><strong>festivitas.</strong></span> <span class='ocrx_word' id='word_1_117' title='bbox 1417 1658 1518 1714; x_wconf 90' lang='lat' dir='ltr'><strong>Ubi</strong></span> <span class='ocrx_word' id='word_1_118' title='bbox 1548 1660 1691 1714; x_wconf 89' lang='lat' dir='ltr'><strong>enim</strong></span> <span class='ocrx_word' id='word_1_119' title='bbox 1717 1659 1859 1714; x_wconf 80' lang='lat' dir='ltr'><strong>cari-</strong></span> 
     </span>
    </p>
   </div>
   <div class='ocr_carea' id='block_1_16' title="bbox 261 1749 1860 1823">
    <p class='ocr_par' dir='ltr' id='par_1_16' title="bbox 261 1749 1860 1823">
     <span class='ocr_line' id='line_1_16' title="bbox 261 1749 1860 1823; baseline 0 -18"><span class='ocrx_word' id='word_1_120' title='bbox 261 1761 346 1807; x_wconf 86' lang='lat' dir='ltr'><strong>tas</strong></span> <span class='ocrx_word' id='word_1_121' title='bbox 383 1751 616 1823; x_wconf 90' lang='lat' dir='ltr'><strong>gaudet,</strong></span> <span class='ocrx_word' id='word_1_122' title='bbox 641 1751 711 1806; x_wconf 87' lang='lat' dir='ltr'><strong>ibi</strong></span> <span class='ocrx_word' id='word_1_123' title='bbox 738 1760 823 1806; x_wconf 88' lang='lat' dir='ltr'><strong>est</strong></span> <span class='ocrx_word' id='word_1_124' title='bbox 851 1750 1110 1807; x_wconf 78' lang='lat' dir='ltr'><strong>festivitas</strong></span> <span class='ocrx_word' id='word_1_125' title='bbox 1139 1767 1154 1804; x_wconf 88' lang='lat'><strong>:</strong></span> <span class='ocrx_word' id='word_1_126' title='bbox 1183 1757 1239 1805; x_wconf 91' lang='lat' dir='ltr'><strong>et</strong></span> <span class='ocrx_word' id='word_1_127' title='bbox 1267 1749 1356 1805; x_wconf 90' lang='lat' dir='ltr'><strong>ubi</strong></span> <span class='ocrx_word' id='word_1_128' title='bbox 1398 1751 1577 1820; x_wconf 86' lang='lat' dir='ltr'><strong>recepi</strong></span> <span class='ocrx_word' id='word_1_129' title='bbox 1617 1749 1860 1805; x_wconf 73' lang='lat' dir='ltr'><strong>ltetantcs</strong></span> 
     </span>
    </p>
   </div>
   <div class='ocr_carea' id='block_1_17' title="bbox 260 1839 1860 1908">
    <p class='ocr_par' dir='ltr' id='par_1_17' title="bbox 260 1839 1860 1908">
     <span class='ocr_line' id='line_1_17' title="bbox 260 1839 1860 1908; baseline 0 -12"><span class='ocrx_word' id='word_1_130' title='bbox 260 1843 400 1896; x_wconf 90' lang='lat' dir='ltr'><strong>filios</strong></span> <span class='ocrx_word' id='word_1_131' title='bbox 422 1882 438 1908; x_wconf 93' lang='lat'><strong>,</strong></span> <span class='ocrx_word' id='word_1_132' title='bbox 469 1842 754 1898; x_wconf 78' lang='lat' dir='ltr'><strong>maximam</strong></span> <span class='ocrx_word' id='word_1_133' title='bbox 796 1841 1016 1898; x_wconf 89' lang='lat' dir='ltr'><strong>celebro</strong></span> <span class='ocrx_word' id='word_1_134' title='bbox 1051 1839 1421 1897; x_wconf 79' lang='lat' dir='ltr'><strong>festivitatem.</strong></span> <span class='ocrx_word' id='word_1_135' title='bbox 1444 1841 1655 1897; x_wconf 88' lang='lat' dir='ltr'><strong>Etenim</strong></span> <span class='ocrx_word' id='word_1_136' title='bbox 1686 1851 1742 1898; x_wconf 90' lang='lat' dir='ltr'><strong>et</strong></span> <span class='ocrx_word' id='word_1_137' title='bbox 1770 1842 1860 1897; x_wconf 91' lang='lat' dir='ltr'><strong>illa</strong></span> 
     </span>
    </p>
   </div>
   <div class='ocr_carea' id='block_1_18' title="bbox 259 1931 1862 2004">
    <p class='ocr_par' dir='ltr' id='par_1_18' title="bbox 259 1931 1862 2004">
     <span class='ocr_line' id='line_1_18' title="bbox 259 1931 1862 2004; baseline 0.002 -19"><span class='ocrx_word' id='word_1_138' title='bbox 259 1932 518 1988; x_wconf 83' lang='lat' dir='ltr'><strong>festivitas</strong></span> <span class='ocrx_word' id='word_1_139' title='bbox 544 1933 743 1988; x_wconf 88' lang='lat' dir='ltr'><strong>caritas</strong></span> <span class='ocrx_word' id='word_1_140' title='bbox 761 1941 865 1987; x_wconf 91' lang='lat' dir='ltr'><strong>est.</strong></span> <span class='ocrx_word' id='word_1_141' title='bbox 895 1931 985 1988; x_wconf 88' lang='lat' dir='ltr'><strong>Sic</strong></span> <span class='ocrx_word' id='word_1_142' title='bbox 1010 1932 1165 1998; x_wconf 86' lang='lat' dir='ltr'><strong>enim,</strong></span> <span class='ocrx_word' id='word_1_143' title='bbox 1193 1932 1365 2004; x_wconf 85' lang='lat' dir='ltr'><strong>inquit</strong></span> <span class='ocrx_word' id='word_1_144' title='bbox 1392 1933 1688 2003; x_wconf 85' lang='lat' dir='ltr'><strong>apostolus,</strong></span> <span class='ocrx_word' id='word_1_145' title='bbox 1721 1932 1862 1988; x_wconf 85' lang='lat' dir='ltr'><strong>Deus</strong></span> 
     </span>
    </p>
   </div>
   <div class='ocr_carea' id='block_1_19' title="bbox 259 2021 1859 2096">
    <p class='ocr_par' dir='ltr' id='par_1_19' title="bbox 259 2021 1859 2096">
     <span class='ocr_line' id='line_1_19' title="bbox 259 2021 1859 2096; baseline 0.003 -21"><span class='ocrx_word' id='word_1_146' title='bbox 259 2022 440 2076; x_wconf 67' lang='lat' dir='ltr'><strong>dilexit</strong></span> <span class='ocrx_word' id='word_1_147' title='bbox 470 2023 715 2076; x_wconf 82' lang='lat' dir='ltr'><strong>mundum</strong></span> <span class='ocrx_word' id='word_1_148' title='bbox 733 2061 749 2088; x_wconf 90' lang='lat'><strong>,</strong></span> <span class='ocrx_word' id='word_1_149' title='bbox 778 2032 834 2076; x_wconf 88' lang='lat' dir='ltr'><strong>ut</strong></span> <span class='ocrx_word' id='word_1_150' title='bbox 861 2021 1058 2078; x_wconf 84' lang='lat' dir='ltr'><strong>Filium</strong></span> <span class='ocrx_word' id='word_1_151' title='bbox 1085 2040 1233 2078; x_wconf 87' lang='lat' dir='ltr'><strong>suum</strong></span> <span class='ocrx_word' id='word_1_152' title='bbox 1257 2023 1569 2096; x_wconf 78' lang='lat' dir='ltr'><strong>unigenitum</strong></span> <span class='ocrx_word' id='word_1_153' title='bbox 1597 2025 1739 2079; x_wconf 86' lang='lat' dir='ltr'><strong>daret</strong></span> <span class='ocrx_word' id='word_1_154' title='bbox 1766 2042 1859 2095; x_wconf 87' lang='lat' dir='ltr'><strong>pro</strong></span> 
     </span>
    </p>
   </div>
   <div class='ocr_carea' id='block_1_20' title="bbox 257 2111 1857 2185">
    <p class='ocr_par' dir='ltr' id='par_1_20' title="bbox 257 2111 1857 2185">
     <span class='ocr_line' id='line_1_20' title="bbox 257 2111 1857 2185; baseline 0.004 -19"><span class='ocrx_word' id='word_1_155' title='bbox 257 2128 317 2166; x_wconf 85' lang='lat' dir='ltr'><strong>eo</strong></span> <span class='ocrx_word' id='word_1_156' title='bbox 345 2111 522 2184; x_wconf 81' lang='lat' dir='ltr'><strong>(Joan.</strong></span> <span class='ocrx_word' id='word_1_157' title='bbox 550 2112 606 2168; x_wconf 77' lang='grc'><strong>5.</strong></span> <span class='ocrx_word' id='word_1_158' title='bbox 637 2111 748 2182; x_wconf 87' lang='grc'><strong>16).</strong></span> <span class='ocrx_word' id='word_1_159' title='bbox 778 2112 884 2169; x_wconf 89' lang='lat' dir='ltr'><strong>Sed</strong></span> <span class='ocrx_word' id='word_1_160' title='bbox 914 2114 1088 2181; x_wconf 89' lang='lat' dir='ltr'><strong>multi,</strong></span> <span class='ocrx_word' id='word_1_161' title='bbox 1118 2114 1401 2185; x_wconf 91' lang='lat' dir='ltr'><strong>inquiunt,</strong></span> <span class='ocrx_word' id='word_1_162' title='bbox 1430 2122 1482 2170; x_wconf 93' lang='lat' dir='ltr'><strong>te</strong></span> <span class='ocrx_word' id='word_1_163' title='bbox 1506 2115 1730 2172; x_wconf 84' lang='lat' dir='ltr'><strong>absente</strong></span> <span class='ocrx_word' id='word_1_164' title='bbox 1760 2117 1857 2171; x_wconf 84' lang='lat' dir='ltr'><strong>ba-</strong></span> 
     </span>
    </p>
   </div>
   <div class='ocr_carea' id='block_1_21' title="bbox 260 2202 1855 2278">
    <p class='ocr_par' dir='ltr' id='par_1_21' title="bbox 260 2202 1855 2278">
     <span class='ocr_line' id='line_1_21' title="bbox 260 2202 1855 2278; baseline 0.003 -22"><span class='ocrx_word' id='word_1_165' title='bbox 260 2202 442 2269; x_wconf 78' lang='lat' dir='ltr'><strong>ptizati</strong></span> <span class='ocrx_word' id='word_1_166' title='bbox 480 2211 625 2256; x_wconf 90' lang='lat' dir='ltr'><strong>sunt.</strong></span> <span class='ocrx_word' id='word_1_167' title='bbox 655 2202 723 2258; x_wconf 83' lang='lat' dir='ltr'><strong>Et</strong></span> <span class='ocrx_word' id='word_1_168' title='bbox 750 2202 879 2275; x_wconf 90' lang='lat' dir='ltr'><strong>quid</strong></span> <span class='ocrx_word' id='word_1_169' title='bbox 908 2213 1018 2259; x_wconf 90' lang='lat' dir='ltr'><strong>tum</strong></span> <span class='ocrx_word' id='word_1_170' title='bbox 1039 2205 1064 2258; x_wconf 77' lang='lat' dir='ltr'><strong>&#39;i</strong></span> <span class='ocrx_word' id='word_1_171' title='bbox 1089 2204 1230 2260; x_wconf 88' lang='lat' dir='ltr'><strong>Nihil</strong></span> <span class='ocrx_word' id='word_1_172' title='bbox 1256 2205 1431 2260; x_wconf 90' lang='lat' dir='ltr'><strong>minus</strong></span> <span class='ocrx_word' id='word_1_173' title='bbox 1460 2205 1619 2261; x_wconf 85' lang='lat' dir='ltr'><strong>habet</strong></span> <span class='ocrx_word' id='word_1_174' title='bbox 1646 2207 1814 2278; x_wconf 89' lang='lat' dir='ltr'><strong>gratia</strong></span> <span class='ocrx_word' id='word_1_175' title='bbox 1839 2250 1855 2278; x_wconf 87' lang='lat'><strong>,</strong></span> 
     </span>
    </p>
   </div>
   <div class='ocr_carea' id='block_1_22' title="bbox 256 2291 1856 2369">
    <p class='ocr_par' dir='ltr' id='par_1_22' title="bbox 256 2291 1856 2369">
     <span class='ocr_line' id='line_1_22' title="bbox 256 2291 1856 2369; baseline 0.004 -22"><span class='ocrx_word' id='word_1_176' title='bbox 256 2306 362 2348; x_wconf 89' lang='lat' dir='ltr'><strong>non</strong></span> <span class='ocrx_word' id='word_1_177' title='bbox 389 2291 654 2348; x_wconf 89' lang='lat' dir='ltr'><strong>claudicat</strong></span> <span class='ocrx_word' id='word_1_178' title='bbox 680 2293 880 2350; x_wconf 89' lang='lat' dir='ltr'><strong>donum</strong></span> <span class='ocrx_word' id='word_1_179' title='bbox 908 2295 1001 2351; x_wconf 90' lang='lat' dir='ltr'><strong>Dei</strong></span> <span class='ocrx_word' id='word_1_180' title='bbox 1025 2311 1041 2362; x_wconf 89' lang='lat'><strong>;</strong></span> <span class='ocrx_word' id='word_1_181' title='bbox 1072 2304 1335 2367; x_wconf 66' lang='lat' dir='ltr'><strong>praesente</strong></span> <span class='ocrx_word' id='word_1_182' title='bbox 1363 2313 1449 2352; x_wconf 90' lang='lat' dir='ltr'><strong>me</strong></span> <span class='ocrx_word' id='word_1_183' title='bbox 1472 2298 1721 2369; x_wconf 81' lang='lat' dir='ltr'><strong>baptizati</strong></span> <span class='ocrx_word' id='word_1_184' title='bbox 1749 2315 1856 2354; x_wconf 91' lang='lat' dir='ltr'><strong>non</strong></span> 
     </span>
    </p>
   </div>
   <div class='ocr_carea' id='block_1_23' title="bbox 255 2383 1858 2462">
    <p class='ocr_par' dir='ltr' id='par_1_23' title="bbox 255 2383 1858 2462">
     <span class='ocr_line' id='line_1_23' title="bbox 255 2383 1858 2462; baseline 0.005 -23"><span class='ocrx_word' id='word_1_185' title='bbox 255 2388 383 2439; x_wconf 77' lang='lat' dir='ltr'><strong>sunt</strong></span> <span class='ocrx_word' id='word_1_186' title='bbox 403 2424 420 2451; x_wconf 95' lang='lat'><strong>,</strong></span> <span class='ocrx_word' id='word_1_187' title='bbox 451 2383 546 2439; x_wconf 90' lang='lat' dir='ltr'><strong>sed</strong></span> <span class='ocrx_word' id='word_1_188' title='bbox 586 2395 851 2454; x_wconf 70' lang='lat' dir='ltr'><strong>praesente</strong></span> <span class='ocrx_word' id='word_1_189' title='bbox 890 2387 1104 2443; x_wconf 82' lang='lat' dir='ltr'><strong>Christo</strong></span> <span class='ocrx_word' id='word_1_190' title='bbox 1132 2398 1259 2443; x_wconf 90' lang='lat' dir='ltr'><strong>sunt</strong></span> <span class='ocrx_word' id='word_1_191' title='bbox 1287 2389 1558 2460; x_wconf 79' lang='lat' dir='ltr'><strong>baptizati.</strong></span> <span class='ocrx_word' id='word_1_192' title='bbox 1589 2389 1858 2462; x_wconf 85' lang='lat' dir='ltr'><strong>Numquid</strong></span> 
     </span>
    </p>
   </div>
   <div class='ocr_carea' id='block_1_24' title="bbox 255 2473 1857 2553">
    <p class='ocr_par' dir='ltr' id='par_1_24' title="bbox 255 2473 1857 2553">
     <span class='ocr_line' id='line_1_24' title="bbox 255 2473 1857 2553; baseline 0.004 -23"><span class='ocrx_word' id='word_1_193' title='bbox 255 2473 420 2531; x_wconf 90' lang='lat' dir='ltr'><strong>homo</strong></span> <span class='ocrx_word' id='word_1_194' title='bbox 444 2484 530 2531; x_wconf 89' lang='lat' dir='ltr'><strong>est</strong></span> <span class='ocrx_word' id='word_1_195' title='bbox 552 2476 641 2547; x_wconf 88' lang='lat' dir='ltr'><strong>qui</strong></span> <span class='ocrx_word' id='word_1_196' title='bbox 671 2476 937 2548; x_wconf 85' lang='lat' dir='ltr'><strong>baptizat?</strong></span> <span class='ocrx_word' id='word_1_197' title='bbox 962 2479 1135 2535; x_wconf 80' lang='lat' dir='ltr'><strong>Homo</strong></span> <span class='ocrx_word' id='word_1_198' title='bbox 1159 2480 1435 2536; x_wconf 82' lang='lat' dir='ltr'><strong>dexteram</strong></span> <span class='ocrx_word' id='word_1_199' title='bbox 1470 2482 1731 2553; x_wconf 88' lang='lat' dir='ltr'><strong>porrigit,</strong></span> <span class='ocrx_word' id='word_1_200' title='bbox 1760 2483 1857 2538; x_wconf 90' lang='lat' dir='ltr'><strong>sed</strong></span> 
     </span>
    </p>
   </div>
   <div class='ocr_carea' id='block_1_25' title="bbox 255 2565 1856 2644">
    <p class='ocr_par' dir='ltr' id='par_1_25' title="bbox 255 2565 1856 2644">
     <span class='ocr_line' id='line_1_25' title="bbox 255 2565 1856 2644; baseline 0.007 -23"><span class='ocrx_word' id='word_1_201' title='bbox 255 2565 399 2623; x_wconf 85' lang='lat' dir='ltr'><strong>Deus</strong></span> <span class='ocrx_word' id='word_1_202' title='bbox 422 2583 638 2623; x_wconf 90' lang='lat' dir='ltr'><strong>manum</strong></span> <span class='ocrx_word' id='word_1_203' title='bbox 661 2571 941 2639; x_wconf 73' lang='lat' dir='ltr'><strong>gubernat.</strong></span> <span class='ocrx_word' id='word_1_204' title='bbox 969 2571 1086 2627; x_wconf 90' lang='lat' dir='ltr'><strong>Noli</strong></span> <span class='ocrx_word' id='word_1_205' title='bbox 1116 2572 1184 2628; x_wconf 92' lang='lat' dir='ltr'><strong>de</strong></span> <span class='ocrx_word' id='word_1_206' title='bbox 1207 2574 1374 2644; x_wconf 91' lang='lat' dir='ltr'><strong>gratia</strong></span> <span class='ocrx_word' id='word_1_207' title='bbox 1394 2574 1661 2642; x_wconf 91' lang='lat' dir='ltr'><strong>dubitare,</strong></span> <span class='ocrx_word' id='word_1_208' title='bbox 1685 2576 1856 2632; x_wconf 88' lang='lat' dir='ltr'><strong>caris-</strong></span> 
     </span>
    </p>
   </div>
   <div class='ocr_carea' id='block_1_26' title="bbox 254 2657 1858 2736">
    <p class='ocr_par' dir='ltr' id='par_1_26' title="bbox 254 2657 1858 2736">
     <span class='ocr_line' id='line_1_26' title="bbox 254 2657 1858 2736; baseline 0.006 -24"><span class='ocrx_word' id='word_1_209' title='bbox 254 2657 414 2724; x_wconf 84' lang='lat' dir='ltr'><strong>sime,</strong></span> <span class='ocrx_word' id='word_1_210' title='bbox 440 2658 564 2728; x_wconf 88' lang='lat' dir='ltr'><strong>quia</strong></span> <span class='ocrx_word' id='word_1_211' title='bbox 592 2659 792 2714; x_wconf 91' lang='lat' dir='ltr'><strong>donum</strong></span> <span class='ocrx_word' id='word_1_212' title='bbox 820 2659 916 2716; x_wconf 91' lang='lat' dir='ltr'><strong>Dei</strong></span> <span class='ocrx_word' id='word_1_213' title='bbox 945 2673 1045 2717; x_wconf 89' lang='lat' dir='ltr'><strong>est.</strong></span> <span class='ocrx_word' id='word_1_214' title='bbox 1071 2664 1303 2720; x_wconf 85' lang='lat' dir='ltr'><strong>Attende</strong></span> <span class='ocrx_word' id='word_1_215' title='bbox 1321 2663 1606 2736; x_wconf 77' lang='lat' dir='ltr'><strong>diligenter</strong></span> <span class='ocrx_word' id='word_1_216' title='bbox 1629 2682 1748 2736; x_wconf 67' lang='lat' dir='ltr'><strong>quae</strong></span> <span class='ocrx_word' id='word_1_217' title='bbox 1776 2667 1858 2722; x_wconf 90' lang='lat' dir='ltr'><strong>di-</strong></span> 
     </span>
    </p>
   </div>
   <div class='ocr_carea' id='block_1_27' title="bbox 257 2747 1854 2829">
    <p class='ocr_par' dir='ltr' id='par_1_27' title="bbox 257 2747 1854 2829">
     <span class='ocr_line' id='line_1_27' title="bbox 257 2747 1854 2829; baseline 0.008 -27"><span class='ocrx_word' id='word_1_218' title='bbox 257 2755 454 2803; x_wconf 88' lang='lat' dir='ltr'><strong>cuntur</strong></span> <span class='ocrx_word' id='word_1_219' title='bbox 472 2789 488 2814; x_wconf 97' lang='lat'><strong>,</strong></span> <span class='ocrx_word' id='word_1_220' title='bbox 515 2748 561 2803; x_wconf 89' lang='lat' dir='ltr'><strong>si</strong></span> <span class='ocrx_word' id='word_1_221' title='bbox 590 2747 729 2805; x_wconf 89' lang='lat' dir='ltr'><strong>forte</strong></span> <span class='ocrx_word' id='word_1_222' title='bbox 754 2750 932 2821; x_wconf 90' lang='lat' dir='ltr'><strong>aliqua</strong></span> <span class='ocrx_word' id='word_1_223' title='bbox 959 2751 1026 2808; x_wconf 91' lang='lat' dir='ltr'><strong>de</strong></span> <span class='ocrx_word' id='word_1_224' title='bbox 1053 2767 1212 2809; x_wconf 89' lang='lat' dir='ltr'><strong>causa</strong></span> <span class='ocrx_word' id='word_1_225' title='bbox 1252 2768 1404 2809; x_wconf 89' lang='lat' dir='ltr'><strong>sacra</strong></span> <span class='ocrx_word' id='word_1_226' title='bbox 1433 2753 1511 2829; x_wconf 84' lang='grc' dir='ltr'><strong>(η)</strong></span> <span class='ocrx_word' id='word_1_227' title='bbox 1539 2757 1854 2826; x_wconf 85' lang='lat' dir='ltr'><strong>explicanda</strong></span> 
     </span>
    </p>
   </div>
   <div class='ocr_carea' id='block_1_28' title="bbox 257 2838 1856 2917">
    <p class='ocr_par' dir='ltr' id='par_1_28' title="bbox 257 2838 1856 2917">
     <span class='ocr_line' id='line_1_28' title="bbox 257 2838 1856 2917; baseline 0.007 -24"><span class='ocrx_word' id='word_1_228' title='bbox 257 2844 345 2893; x_wconf 72' lang='lat' dir='ltr'><strong>est</strong></span> <span class='ocrx_word' id='word_1_229' title='bbox 363 2878 378 2904; x_wconf 93' lang='lat'><strong>,</strong></span> <span class='ocrx_word' id='word_1_230' title='bbox 407 2853 528 2892; x_wconf 91' lang='lat' dir='ltr'><strong>cum</strong></span> <span class='ocrx_word' id='word_1_231' title='bbox 567 2838 823 2896; x_wconf 89' lang='lat' dir='ltr'><strong>obtuleris</strong></span> <span class='ocrx_word' id='word_1_232' title='bbox 855 2856 1039 2911; x_wconf 88' lang='lat' dir='ltr'><strong>preces</strong></span> <span class='ocrx_word' id='word_1_233' title='bbox 1060 2885 1075 2910; x_wconf 95' lang='lat'><strong>,</strong></span> <span class='ocrx_word' id='word_1_234' title='bbox 1103 2852 1160 2900; x_wconf 92' lang='lat' dir='ltr'><strong>et</strong></span> <span class='ocrx_word' id='word_1_235' title='bbox 1196 2845 1552 2915; x_wconf 85' lang='lat' dir='ltr'><strong>subscriptam</strong></span> <span class='ocrx_word' id='word_1_236' title='bbox 1581 2850 1856 2917; x_wconf 89' lang='lat' dir='ltr'><strong>acceperis</strong></span> 
     </span>
    </p>
   </div>
   <div class='ocr_carea' id='block_1_29' title="bbox 252 2933 1852 3012">
    <p class='ocr_par' dir='ltr' id='par_1_29' title="bbox 252 2933 1852 3012">
     <span class='ocr_line' id='line_1_29' title="bbox 252 2933 1852 3012; baseline 0.011 -31"><span class='ocrx_word' id='word_1_237' title='bbox 252 2944 464 2983; x_wconf 84' lang='lat' dir='ltr'><strong>sacram</strong></span> <span class='ocrx_word' id='word_1_238' title='bbox 489 2970 503 2996; x_wconf 95' lang='lat'><strong>,</strong></span> <span class='ocrx_word' id='word_1_239' title='bbox 534 2944 638 2985; x_wconf 90' lang='lat' dir='ltr'><strong>non</strong></span> <span class='ocrx_word' id='word_1_240' title='bbox 668 2933 899 3003; x_wconf 90' lang='lat' dir='ltr'><strong>requiris</strong></span> <span class='ocrx_word' id='word_1_241' title='bbox 927 2937 1066 3006; x_wconf 89' lang='lat' dir='ltr'><strong>quali</strong></span> <span class='ocrx_word' id='word_1_242' title='bbox 1098 2938 1306 2993; x_wconf 89' lang='lat' dir='ltr'><strong>calamo</strong></span> <span class='ocrx_word' id='word_1_243' title='bbox 1333 2940 1710 3012; x_wconf 88' lang='lat' dir='ltr'><strong>subscripserit</strong></span> <span class='ocrx_word' id='word_1_244' title='bbox 1732 2958 1852 3012; x_wconf 84' lang='lat' dir='ltr'><strong>rex,</strong></span> 
     </span>
    </p>
   </div>
   <div class='ocr_carea' id='block_1_30' title="bbox 252 3021 1851 3104">
    <p class='ocr_par' dir='ltr' id='par_1_30' title="bbox 252 3021 1851 3104">
     <span class='ocr_line' id='line_1_30' title="bbox 252 3021 1851 3104; baseline 0.011 -32"><span class='ocrx_word' id='word_1_245' title='bbox 252 3033 428 3089; x_wconf 84' lang='lat' dir='ltr'><strong>neque</strong></span> <span class='ocrx_word' id='word_1_246' title='bbox 452 3021 505 3074; x_wconf 93' lang='lat' dir='ltr'><strong>in</strong></span> <span class='ocrx_word' id='word_1_247' title='bbox 534 3021 676 3091; x_wconf 86' lang='lat' dir='ltr'><strong>quali</strong></span> <span class='ocrx_word' id='word_1_248' title='bbox 700 3022 907 3091; x_wconf 84' lang='lat' dir='ltr'><strong>charta,</strong></span> <span class='ocrx_word' id='word_1_249' title='bbox 937 3042 1113 3097; x_wconf 90' lang='lat' dir='ltr'><strong>neque</strong></span> <span class='ocrx_word' id='word_1_250' title='bbox 1136 3029 1301 3099; x_wconf 88' lang='lat' dir='ltr'><strong>quali,</strong></span> <span class='ocrx_word' id='word_1_251' title='bbox 1330 3046 1505 3101; x_wconf 88' lang='lat' dir='ltr'><strong>quove</strong></span> <span class='ocrx_word' id='word_1_252' title='bbox 1529 3043 1851 3104; x_wconf 86' lang='lat' dir='ltr'><strong>atramento,</strong></span> 
     </span>
    </p>
   </div>
   <div class='ocr_carea' id='block_1_31' title="bbox 251 3110 1850 3195">
    <p class='ocr_par' dir='ltr' id='par_1_31' title="bbox 251 3110 1850 3195">
     <span class='ocr_line' id='line_1_31' title="bbox 251 3110 1850 3195; baseline 0.013 -32"><span class='ocrx_word' id='word_1_253' title='bbox 251 3110 348 3164; x_wconf 88' lang='lat' dir='ltr'><strong>sed</strong></span> <span class='ocrx_word' id='word_1_254' title='bbox 379 3125 542 3166; x_wconf 90' lang='lat' dir='ltr'><strong>unum</strong></span> <span class='ocrx_word' id='word_1_255' title='bbox 587 3113 925 3172; x_wconf 88' lang='lat' dir='ltr'><strong>solummodo</strong></span> <span class='ocrx_word' id='word_1_256' title='bbox 960 3120 1158 3188; x_wconf 62' lang='lat' dir='ltr'><strong>quaeris</strong></span> <span class='ocrx_word' id='word_1_257' title='bbox 1177 3160 1192 3185; x_wconf 94' lang='lat'><strong>,</strong></span> <span class='ocrx_word' id='word_1_258' title='bbox 1218 3121 1265 3175; x_wconf 90' lang='lat' dir='ltr'><strong>si</strong></span> <span class='ocrx_word' id='word_1_259' title='bbox 1302 3137 1400 3178; x_wconf 89' lang='lat' dir='ltr'><strong>rex</strong></span> <span class='ocrx_word' id='word_1_260' title='bbox 1427 3123 1808 3195; x_wconf 88' lang='lat' dir='ltr'><strong>subscripserit</strong></span> <span class='ocrx_word' id='word_1_261' title='bbox 1837 3146 1850 3183; x_wconf 91' lang='lat'><strong>:</strong></span> 
     </span>
    </p>
   </div>
   <div class='ocr_carea' id='block_1_32' title="bbox 250 3201 1848 3286">
    <p class='ocr_par' dir='ltr' id='par_1_32' title="bbox 250 3201 1848 3286">
     <span class='ocr_line' id='line_1_32' title="bbox 250 3201 1848 3286; baseline 0.013 -31"><span class='ocrx_word' id='word_1_262' title='bbox 250 3201 331 3255; x_wconf 84' lang='lat' dir='ltr'><strong>sic</strong></span> <span class='ocrx_word' id='word_1_263' title='bbox 358 3209 414 3256; x_wconf 91' lang='lat' dir='ltr'><strong>et</strong></span> <span class='ocrx_word' id='word_1_264' title='bbox 438 3202 492 3256; x_wconf 91' lang='lat' dir='ltr'><strong>in</strong></span> <span class='ocrx_word' id='word_1_265' title='bbox 523 3203 807 3273; x_wconf 89' lang='lat' dir='ltr'><strong>baptismo,</strong></span> <span class='ocrx_word' id='word_1_266' title='bbox 837 3206 1045 3276; x_wconf 86' lang='lat' dir='ltr'><strong>charta,</strong></span> <span class='ocrx_word' id='word_1_267' title='bbox 1073 3213 1401 3268; x_wconf 91' lang='lat' dir='ltr'><strong>conscientia</strong></span> <span class='ocrx_word' id='word_1_268' title='bbox 1421 3224 1505 3270; x_wconf 90' lang='lat' dir='ltr'><strong>est</strong></span> <span class='ocrx_word' id='word_1_269' title='bbox 1532 3232 1548 3271; x_wconf 89' lang='lat'><strong>:</strong></span> <span class='ocrx_word' id='word_1_270' title='bbox 1576 3217 1813 3274; x_wconf 83' lang='lat' dir='ltr'><strong>calamus</strong></span> <span class='ocrx_word' id='word_1_271' title='bbox 1833 3260 1848 3286; x_wconf 92' lang='lat'><strong>,</strong></span> 
     </span>
    </p>
   </div>
   <div class='ocr_carea' id='block_1_33' title="bbox 251 3292 1847 3382">
    <p class='ocr_par' dir='ltr' id='par_1_33' title="bbox 251 3292 1847 3382">
     <span class='ocr_line' id='line_1_33' title="bbox 251 3292 1847 3382; baseline 0.014 -39"><span class='ocrx_word' id='word_1_272' title='bbox 251 3292 430 3363; x_wconf 90' lang='lat' dir='ltr'><strong>lingua</strong></span> <span class='ocrx_word' id='word_1_273' title='bbox 466 3295 760 3351; x_wconf 87' lang='lat' dir='ltr'><strong>sacerdotis</strong></span> <span class='ocrx_word' id='word_1_274' title='bbox 786 3315 798 3352; x_wconf 90' lang='lat'><strong>:</strong></span> <span class='ocrx_word' id='word_1_275' title='bbox 822 3313 1012 3355; x_wconf 87' lang='lat' dir='ltr'><strong>manus</strong></span> <span class='ocrx_word' id='word_1_276' title='bbox 1034 3343 1049 3366; x_wconf 93' lang='lat'><strong>,</strong></span> <span class='ocrx_word' id='word_1_277' title='bbox 1079 3303 1248 3372; x_wconf 89' lang='lat' dir='ltr'><strong>gratia</strong></span> <span class='ocrx_word' id='word_1_278' title='bbox 1287 3312 1372 3360; x_wconf 91' lang='lat' dir='ltr'><strong>est</strong></span> <span class='ocrx_word' id='word_1_279' title='bbox 1398 3305 1629 3376; x_wconf 91' lang='lat' dir='ltr'><strong>Spiritus</strong></span> <span class='ocrx_word' id='word_1_280' title='bbox 1657 3312 1847 3382; x_wconf 72' lang='lat' dir='ltr'><strong>sancti.</strong></span> 
     </span>
    </p>
   </div>
   <div class='ocr_carea' id='block_1_34' title="bbox 249 3384 1853 3474">
    <p class='ocr_par' dir='ltr' id='par_1_34' title="bbox 249 3384 1853 3474">
     <span class='ocr_line' id='line_1_34' title="bbox 249 3384 1853 3474; baseline 0.015 -38"><span class='ocrx_word' id='word_1_281' title='bbox 249 3384 379 3438; x_wconf 88' lang='lat' dir='ltr'><strong>Sive</strong></span> <span class='ocrx_word' id='word_1_282' title='bbox 416 3400 546 3455; x_wconf 89' lang='lat' dir='ltr'><strong>ergo</strong></span> <span class='ocrx_word' id='word_1_283' title='bbox 575 3401 670 3457; x_wconf 89' lang='lat' dir='ltr'><strong>per</strong></span> <span class='ocrx_word' id='word_1_284' title='bbox 697 3404 782 3444; x_wconf 91' lang='lat' dir='ltr'><strong>me</strong></span> <span class='ocrx_word' id='word_1_285' title='bbox 803 3431 817 3454; x_wconf 91' lang='lat'><strong>,</strong></span> <span class='ocrx_word' id='word_1_286' title='bbox 841 3391 954 3447; x_wconf 86' lang='lat' dir='ltr'><strong>sive</strong></span> <span class='ocrx_word' id='word_1_287' title='bbox 981 3408 1076 3462; x_wconf 90' lang='lat' dir='ltr'><strong>per</strong></span> <span class='ocrx_word' id='word_1_288' title='bbox 1101 3395 1248 3450; x_wconf 91' lang='lat' dir='ltr'><strong>illum</strong></span> <span class='ocrx_word' id='word_1_289' title='bbox 1289 3398 1379 3467; x_wconf 91' lang='lat' dir='ltr'><strong>qui</strong></span> <span class='ocrx_word' id='word_1_290' title='bbox 1409 3396 1588 3455; x_wconf 86' lang='lat' dir='ltr'><strong>ofﬁcio</strong></span> <span class='ocrx_word' id='word_1_291' title='bbox 1613 3400 1853 3474; x_wconf 90' lang='lat' dir='ltr'><strong>fungitur</strong></span> 
     </span>
    </p>
   </div>
   <div class='ocr_carea' id='block_1_35' title="bbox 249 3475 1848 3562">
    <p class='ocr_par' dir='ltr' id='par_1_35' title="bbox 249 3475 1848 3562">
     <span class='ocr_line' id='line_1_35' title="bbox 249 3475 1848 3562; baseline 0.016 -36"><span class='ocrx_word' id='word_1_292' title='bbox 249 3475 544 3532; x_wconf 82' lang='lat' dir='ltr'><strong>sacerdotis</strong></span> <span class='ocrx_word' id='word_1_293' title='bbox 566 3518 582 3544; x_wconf 93' lang='lat'><strong>,</strong></span> <span class='ocrx_word' id='word_1_294' title='bbox 610 3477 724 3548; x_wconf 88' lang='lat' dir='ltr'><strong>ipsa</strong></span> <span class='ocrx_word' id='word_1_295' title='bbox 767 3495 957 3537; x_wconf 91' lang='lat' dir='ltr'><strong>manus</strong></span> <span class='ocrx_word' id='word_1_296' title='bbox 983 3485 1199 3552; x_wconf 90' lang='lat' dir='ltr'><strong>scribit,</strong></span> <span class='ocrx_word' id='word_1_297' title='bbox 1227 3503 1327 3543; x_wconf 90' lang='lat' dir='ltr'><strong>nos</strong></span> <span class='ocrx_word' id='word_1_298' title='bbox 1353 3490 1583 3546; x_wconf 89' lang='lat' dir='ltr'><strong>ministri</strong></span> <span class='ocrx_word' id='word_1_299' title='bbox 1618 3508 1804 3552; x_wconf 89' lang='lat' dir='ltr'><strong>sumus</strong></span> <span class='ocrx_word' id='word_1_300' title='bbox 1832 3538 1848 3562; x_wconf 95' lang='lat'><strong>,</strong></span> 
     </span>
    </p>
   </div>
   <div class='ocr_carea' id='block_1_36' title="bbox 250 3568 1847 3656">
    <p class='ocr_par' dir='ltr' id='par_1_36' title="bbox 250 3568 1847 3656">
     <span class='ocr_line' id='line_1_36' title="bbox 250 3568 1847 3656; baseline 0.015 -40"><span class='ocrx_word' id='word_1_301' title='bbox 250 3578 356 3617; x_wconf 89' lang='lat' dir='ltr'><strong>non</strong></span> <span class='ocrx_word' id='word_1_302' title='bbox 386 3575 654 3622; x_wconf 88' lang='lat' dir='ltr'><strong>auctores.</strong></span> <span class='ocrx_word' id='word_1_303' title='bbox 674 3568 743 3624; x_wconf 85' lang='lat' dir='ltr'><strong>Et</strong></span> <span class='ocrx_word' id='word_1_304' title='bbox 759 3570 956 3628; x_wconf 83' lang='lat' dir='ltr'><strong>Paulus</strong></span> <span class='ocrx_word' id='word_1_305' title='bbox 977 3575 1222 3632; x_wconf 89' lang='lat' dir='ltr'><strong>minister</strong></span> <span class='ocrx_word' id='word_1_306' title='bbox 1237 3587 1321 3634; x_wconf 92' lang='lat' dir='ltr'><strong>est</strong></span> <span class='ocrx_word' id='word_1_307' title='bbox 1340 3597 1353 3633; x_wconf 90' lang='lat'><strong>:</strong></span> <span class='ocrx_word' id='word_1_308' title='bbox 1373 3579 1465 3636; x_wconf 85' lang='lat' dir='ltr'><strong>Sic</strong></span> <span class='ocrx_word' id='word_1_309' title='bbox 1483 3583 1635 3649; x_wconf 85' lang='lat' dir='ltr'><strong>enim,</strong></span> <span class='ocrx_word' id='word_1_310' title='bbox 1655 3586 1847 3656; x_wconf 87' lang='lat' dir='ltr'><strong>inquit,</strong></span> 
     </span>
    </p>
   </div>
   <div class='ocr_carea' id='block_1_37' title="bbox 247 3655 1850 3739">
    <p class='ocr_par' dir='ltr' id='par_1_37' title="bbox 247 3655 1850 3739">
     <span class='ocr_line' id='line_1_37' title="bbox 247 3655 1850 3739; baseline 0.018 -34"><span class='ocrx_word' id='word_1_311' title='bbox 247 3655 459 3709; x_wconf 77' lang='lat' dir='ltr'><strong>trstimet</strong></span> <span class='ocrx_word' id='word_1_312' title='bbox 501 3674 593 3712; x_wconf 93' lang='lat' dir='ltr'><strong>nos</strong></span> <span class='ocrx_word' id='word_1_313' title='bbox 639 3659 790 3716; x_wconf 78' lang='lat' dir='ltr'><strong>homo</strong></span> <span class='ocrx_word' id='word_1_314' title='bbox 827 3671 1084 3735; x_wconf 81' lang='lat' dir='ltr'><strong>tamquam</strong></span> <span class='ocrx_word' id='word_1_315' title='bbox 1112 3669 1377 3726; x_wconf 87' lang='lat' dir='ltr'><strong>ministros</strong></span> <span class='ocrx_word' id='word_1_316' title='bbox 1402 3673 1590 3729; x_wconf 81' lang='lat' dir='ltr'><strong>Christi</strong></span> <span class='ocrx_word' id='word_1_317' title='bbox 1617 3715 1633 3739; x_wconf 89' lang='lat'><strong>,</strong></span> <span class='ocrx_word' id='word_1_318' title='bbox 1665 3687 1712 3731; x_wconf 87' lang='lat' dir='ltr'><strong>et</strong></span> <span class='ocrx_word' id='word_1_319' title='bbox 1734 3655 1850 3733; x_wconf 4' lang='lat' dir='ltr'><strong>ldis-</strong></span> 
     </span>
    </p>
   </div>
   <div class='ocr_carea' id='block_1_38' title="bbox 249 3756 1850 3834">
    <p class='ocr_par' dir='ltr' id='par_1_38' title="bbox 249 3756 1850 3834">
     <span class='ocr_line' id='line_1_38' title="bbox 249 3756 1850 3834; baseline 0.016 -36"><span class='ocrx_word' id='word_1_320' title='bbox 249 3757 544 3816; x_wconf 80' lang='lat' dir='ltr'><strong>pematores</strong></span> <span class='ocrx_word' id='word_1_321' title='bbox 588 3757 942 3822; x_wconf 79' lang='lat' dir='ltr'><strong>mysteriorum</strong></span> <span class='ocrx_word' id='word_1_322' title='bbox 969 3756 1068 3811; x_wconf 85' lang='lat' dir='ltr'><strong>Dei</strong></span> <span class='ocrx_word' id='word_1_323' title='bbox 1093 3757 1171 3827; x_wconf 93' lang='grc'><strong>(1.</strong></span> <span class='ocrx_word' id='word_1_324' title='bbox 1199 3758 1319 3816; x_wconf 87' lang='lat' dir='ltr'><strong>Cor.</strong></span> <span class='ocrx_word' id='word_1_325' title='bbox 1342 3764 1394 3818; x_wconf 77' lang='lat'><strong>4.</strong></span> <span class='ocrx_word' id='word_1_326' title='bbox 1422 3765 1499 3834; x_wconf 90' lang='grc'><strong>1).</strong></span> <span class='ocrx_word' id='word_1_327' title='bbox 1533 3765 1672 3832; x_wconf 82' lang='lat' dir='ltr'><strong>Quid</strong></span> <span class='ocrx_word' id='word_1_328' title='bbox 1714 3772 1850 3824; x_wconf 86' lang='lat' dir='ltr'><strong>enim</strong></span> 
     </span>
    </p>
   </div>
   <div class='ocr_carea' id='block_1_39' title="bbox 249 3836 1855 3930">
    <p class='ocr_par' dir='ltr' id='par_1_39' title="bbox 249 3836 1855 3930">
     <span class='ocr_line' id='line_1_39' title="bbox 249 3836 1855 3930; baseline 0.021 -44"><span class='ocrx_word' id='word_1_329' title='bbox 249 3836 443 3930; x_wconf 74' lang='lat' dir='ltr'><strong>habes,</strong></span> <span class='ocrx_word' id='word_1_330' title='bbox 471 3840 607 3908; x_wconf 86' lang='lat' dir='ltr'><strong>quod</strong></span> <span class='ocrx_word' id='word_1_331' title='bbox 653 3857 758 3896; x_wconf 81' lang='lat' dir='ltr'><strong>non</strong></span> <span class='ocrx_word' id='word_1_332' title='bbox 801 3847 1042 3916; x_wconf 83' lang='lat' dir='ltr'><strong>accepisti</strong></span> <span class='ocrx_word' id='word_1_333' title='bbox 1071 3848 1174 3920; x_wconf 87' lang='lat' dir='ltr'><strong>(Ib.</strong></span> <span class='ocrx_word' id='word_1_334' title='bbox 1203 3868 1252 3906; x_wconf 78' lang='grc' dir='ltr'><strong>ν.</strong></span> <span class='ocrx_word' id='word_1_335' title='bbox 1279 3853 1358 3924; x_wconf 87' lang='lat'><strong>7).</strong></span> <span class='ocrx_word' id='word_1_336' title='bbox 1385 3853 1444 3910; x_wconf 91' lang='lat' dir='ltr'><strong>Si</strong></span> <span class='ocrx_word' id='word_1_337' title='bbox 1467 3857 1594 3927; x_wconf 88' lang='lat' dir='ltr'><strong>quid</strong></span> <span class='ocrx_word' id='word_1_338' title='bbox 1636 3859 1811 3918; x_wconf 81' lang='lat' dir='ltr'><strong>habeo</strong></span> <span class='ocrx_word' id='word_1_339' title='bbox 1839 3903 1855 3930; x_wconf 91' lang='lat'><strong>,</strong></span> 
     </span>
    </p>
   </div>
   <div class='ocr_carea' id='block_1_40' title="bbox 249 3929 1859 4021">
    <p class='ocr_par' dir='ltr' id='par_1_40' title="bbox 249 3929 1859 4021">
     <span class='ocr_line' id='line_1_40' title="bbox 249 3929 1859 4021; baseline 0.02 -43"><span class='ocrx_word' id='word_1_340' title='bbox 249 3929 464 4021; x_wconf 78' lang='lat' dir='ltr'><strong>accepi:</strong></span> <span class='ocrx_word' id='word_1_341' title='bbox 486 3930 530 3984; x_wconf 92' lang='lat' dir='ltr'><strong>si</strong></span> <span class='ocrx_word' id='word_1_342' title='bbox 555 3940 733 3988; x_wconf 88' lang='lat' dir='ltr'><strong>autem</strong></span> <span class='ocrx_word' id='word_1_343' title='bbox 756 3937 959 4007; x_wconf 88' lang='lat' dir='ltr'><strong>accepi,</strong></span> <span class='ocrx_word' id='word_1_344' title='bbox 984 3954 1089 3994; x_wconf 90' lang='lat' dir='ltr'><strong>non</strong></span> <span class='ocrx_word' id='word_1_345' title='bbox 1119 3957 1323 4013; x_wconf 87' lang='lat' dir='ltr'><strong>meum,</strong></span> <span class='ocrx_word' id='word_1_346' title='bbox 1350 3946 1443 4002; x_wconf 88' lang='lat' dir='ltr'><strong>sed</strong></span> <span class='ocrx_word' id='word_1_347' title='bbox 1462 3947 1578 4018; x_wconf 91' lang='lat' dir='ltr'><strong>ejus</strong></span> <span class='ocrx_word' id='word_1_348' title='bbox 1595 3953 1685 4021; x_wconf 89' lang='lat' dir='ltr'><strong>qui</strong></span> <span class='ocrx_word' id='word_1_349' title='bbox 1709 3929 1859 4009; x_wconf 84' lang='lat' dir='ltr'><strong>dedit</strong></span> 
     </span>
    </p>
   </div>
   <div class='ocr_carea' id='block_1_41' title="bbox 249 4014 1855 4110">
    <p class='ocr_par' dir='ltr' id='par_1_41' title="bbox 249 4014 1855 4110">
     <span class='ocr_line' id='line_1_41' title="bbox 249 4014 1855 4110; baseline 0.021 -44"><span class='ocrx_word' id='word_1_350' title='bbox 249 4014 449 4110; x_wconf 78' lang='lat' dir='ltr'><strong>donum</strong></span> <span class='ocrx_word' id='word_1_351' title='bbox 476 4027 580 4110; x_wconf 83' lang='lat' dir='ltr'><strong>est.</strong></span> <span class='ocrx_word' id='word_1_352' title='bbox 601 4020 716 4076; x_wconf 90' lang='lat' dir='ltr'><strong>Noli</strong></span> <span class='ocrx_word' id='word_1_353' title='bbox 738 4037 868 4095; x_wconf 87' lang='lat' dir='ltr'><strong>ergo</strong></span> <span class='ocrx_word' id='word_1_354' title='bbox 887 4027 1152 4099; x_wconf 88' lang='lat' dir='ltr'><strong>dubitare,</strong></span> <span class='ocrx_word' id='word_1_355' title='bbox 1174 4035 1453 4093; x_wconf 90' lang='lat' dir='ltr'><strong>carissime</strong></span> <span class='ocrx_word' id='word_1_356' title='bbox 1477 4014 1684 4110; x_wconf 48' lang='lat' dir='ltr'><strong>{gratia</strong></span> <span class='ocrx_word' id='word_1_357' title='bbox 1709 4044 1855 4100; x_wconf 91' lang='lat' dir='ltr'><strong>enim</strong></span> 
     </span>
    </p>
   </div>
   <div class='ocr_carea' id='block_1_42' title="bbox 247 4106 1852 4204">
    <p class='ocr_par' dir='ltr' id='par_1_42' title="bbox 247 4106 1852 4204">
     <span class='ocr_line' id='line_1_42' title="bbox 247 4106 1852 4204; baseline 0.02 -46"><span class='ocrx_word' id='word_1_358' title='bbox 247 4106 355 4204; x_wconf 72' lang='lat' dir='ltr'><strong>Dei</strong></span> <span class='ocrx_word' id='word_1_359' title='bbox 375 4107 610 4204; x_wconf 79' lang='lat' dir='ltr'><strong>perfecta</strong></span> <span class='ocrx_word' id='word_1_360' title='bbox 637 4120 740 4167; x_wconf 90' lang='lat' dir='ltr'><strong>est.</strong></span> <span class='ocrx_word' id='word_1_361' title='bbox 765 4113 942 4171; x_wconf 90' lang='lat' dir='ltr'><strong>Locus</strong></span> <span class='ocrx_word' id='word_1_362' title='bbox 968 4133 1075 4176; x_wconf 90' lang='lat' dir='ltr'><strong>non</strong></span> <span class='ocrx_word' id='word_1_363' title='bbox 1104 4123 1387 4193; x_wconf 90' lang='lat' dir='ltr'><strong>prohibet,</strong></span> <span class='ocrx_word' id='word_1_364' title='bbox 1420 4106 1539 4186; x_wconf 78' lang='lat' dir='ltr'><strong>sive</strong></span> <span class='ocrx_word' id='word_1_365' title='bbox 1565 4131 1653 4187; x_wconf 90' lang='lat' dir='ltr'><strong>hic</strong></span> <span class='ocrx_word' id='word_1_366' title='bbox 1676 4133 1852 4204; x_wconf 88' lang='lat' dir='ltr'><strong>bapti-</strong></span> 
     </span>
    </p>
   </div>
   <div class='ocr_carea' id='block_1_43' title="bbox 247 4198 1857 4295">
    <p class='ocr_par' dir='ltr' id='par_1_43' title="bbox 247 4198 1857 4295">
     <span class='ocr_line' id='line_1_43' title="bbox 247 4198 1857 4295; baseline 0.02 -45"><span class='ocrx_word' id='word_1_367' title='bbox 247 4198 408 4295; x_wconf 68' lang='lat' dir='ltr'><strong>aeris,</strong></span> <span class='ocrx_word' id='word_1_368' title='bbox 433 4201 549 4257; x_wconf 83' lang='lat' dir='ltr'><strong>sive</strong></span> <span class='ocrx_word' id='word_1_369' title='bbox 566 4203 619 4257; x_wconf 94' lang='lat' dir='ltr'><strong>in</strong></span> <span class='ocrx_word' id='word_1_370' title='bbox 647 4205 789 4273; x_wconf 90' lang='lat' dir='ltr'><strong>navi,</strong></span> <span class='ocrx_word' id='word_1_371' title='bbox 814 4208 928 4265; x_wconf 90' lang='lat' dir='ltr'><strong>sive</strong></span> <span class='ocrx_word' id='word_1_372' title='bbox 956 4211 1009 4266; x_wconf 92' lang='lat' dir='ltr'><strong>in</strong></span> <span class='ocrx_word' id='word_1_373' title='bbox 1036 4212 1246 4272; x_wconf 88' lang='lat' dir='ltr'><strong>itinere.</strong></span> <span class='ocrx_word' id='word_1_374' title='bbox 1269 4219 1548 4292; x_wconf 89' lang='lat' dir='ltr'><strong>Philippus</strong></span> <span class='ocrx_word' id='word_1_375' title='bbox 1567 4198 1857 4295; x_wconf 75' lang='lat' dir='ltr'><strong>baptizavit</strong></span> 
     </span>
    </p>
   </div>
   <div class='ocr_carea' id='block_1_44' title="bbox 250 4289 1852 4375">
    <p class='ocr_par' dir='ltr' id='par_1_44' title="bbox 250 4289 1852 4375">
     <span class='ocr_line' id='line_1_44' title="bbox 250 4289 1852 4375; baseline 0.021 -33"><span class='ocrx_word' id='word_1_376' title='bbox 250 4289 304 4343; x_wconf 91' lang='lat' dir='ltr'><strong>in</strong></span> <span class='ocrx_word' id='word_1_377' title='bbox 336 4290 442 4359; x_wconf 89' lang='lat' dir='ltr'><strong>via,</strong></span> <span class='ocrx_word' id='word_1_378' title='bbox 469 4292 667 4352; x_wconf 89' lang='lat' dir='ltr'><strong>Paulus</strong></span> <span class='ocrx_word' id='word_1_379' title='bbox 697 4298 752 4353; x_wconf 89' lang='lat' dir='ltr'><strong>in</strong></span> <span class='ocrx_word' id='word_1_380' title='bbox 780 4301 1026 4373; x_wconf 87' lang='lat' dir='ltr'><strong>vinculis,</strong></span> <span class='ocrx_word' id='word_1_381' title='bbox 1053 4305 1300 4366; x_wconf 79' lang='lat' dir='ltr'><strong>Christus</strong></span> <span class='ocrx_word' id='word_1_382' title='bbox 1325 4312 1379 4367; x_wconf 92' lang='lat' dir='ltr'><strong>in</strong></span> <span class='ocrx_word' id='word_1_383' title='bbox 1400 4289 1558 4371; x_wconf 76' lang='lat' dir='ltr'><strong>cruce</strong></span> <span class='ocrx_word' id='word_1_384' title='bbox 1587 4289 1852 4375; x_wconf 72' lang='lat' dir='ltr'><strong>latronem</strong></span> 
     </span>
    </p>
   </div>
   <div class='ocr_carea' id='block_1_45' title="bbox 248 4384 1849 4474">
    <p class='ocr_par' dir='ltr' id='par_1_45' title="bbox 248 4384 1849 4474">
     <span class='ocr_line' id='line_1_45' title="bbox 248 4384 1849 4474; baseline 0.021 -40"><span class='ocrx_word' id='word_1_385' title='bbox 248 4397 315 4474; x_wconf 79' lang='lat' dir='ltr'><strong>ex</strong></span> <span class='ocrx_word' id='word_1_386' title='bbox 339 4384 581 4451; x_wconf 86' lang='lat' dir='ltr'><strong>vulnere,</strong></span> <span class='ocrx_word' id='word_1_387' title='bbox 601 4395 656 4444; x_wconf 91' lang='lat' dir='ltr'><strong>et</strong></span> <span class='ocrx_word' id='word_1_388' title='bbox 685 4391 864 4446; x_wconf 89' lang='lat' dir='ltr'><strong>statim</strong></span> <span class='ocrx_word' id='word_1_389' title='bbox 888 4396 1117 4464; x_wconf 88' lang='lat' dir='ltr'><strong>paradisi</strong></span> <span class='ocrx_word' id='word_1_390' title='bbox 1137 4403 1333 4458; x_wconf 90' lang='lat' dir='ltr'><strong>meruit</strong></span> <span class='ocrx_word' id='word_1_391' title='bbox 1346 4403 1565 4474; x_wconf 72' lang='lat' dir='ltr'><strong>ianuam</strong></span> <span class='ocrx_word' id='word_1_392' title='bbox 1584 4423 1849 4467; x_wconf 88' lang='lat' dir='ltr'><strong>reserare.</strong></span> 
     </span>
    </p>
   </div>
   <div class='ocr_carea' id='block_1_46' title="bbox 251 4473 1851 4561">
    <p class='ocr_par' dir='ltr' id='par_1_46' title="bbox 251 4473 1851 4561">
     <span class='ocr_line' id='line_1_46' title="bbox 251 4473 1851 4561; baseline 0.02 -34"><span class='ocrx_word' id='word_1_393' title='bbox 251 4473 481 4543; x_wconf 90' lang='lat' dir='ltr'><strong>Propter</strong></span> <span class='ocrx_word' id='word_1_394' title='bbox 505 4478 623 4535; x_wconf 68' lang='lat' dir='ltr'><strong>haec</strong></span> <span class='ocrx_word' id='word_1_395' title='bbox 664 4483 872 4551; x_wconf 86' lang='lat' dir='ltr'><strong>gaudeo</strong></span> <span class='ocrx_word' id='word_1_396' title='bbox 899 4496 956 4543; x_wconf 90' lang='lat' dir='ltr'><strong>et</strong></span> <span class='ocrx_word' id='word_1_397' title='bbox 982 4491 1191 4547; x_wconf 86' lang='lat' dir='ltr'><strong>exsulto</strong></span> <span class='ocrx_word' id='word_1_398' title='bbox 1214 4534 1228 4561; x_wconf 93' lang='lat'><strong>,</strong></span> <span class='ocrx_word' id='word_1_399' title='bbox 1256 4503 1310 4550; x_wconf 87' lang='lat' dir='ltr'><strong>et</strong></span> <span class='ocrx_word' id='word_1_400' title='bbox 1335 4473 1605 4555; x_wconf 86' lang='lat' dir='ltr'><strong>orationes</strong></span> <span class='ocrx_word' id='word_1_401' title='bbox 1643 4485 1851 4560; x_wconf 83' lang='lat' dir='ltr'><strong>vestras</strong></span> 
     </span>
    </p>
   </div>
   <div class='ocr_carea' id='block_1_47' title="bbox 251 4567 1851 4664">
    <p class='ocr_par' dir='ltr' id='par_1_47' title="bbox 251 4567 1851 4664">
     <span class='ocr_line' id='line_1_47' title="bbox 251 4567 1851 4664; baseline 0.022 -47"><span class='ocrx_word' id='word_1_402' title='bbox 251 4567 430 4636; x_wconf 84' lang='lat' dir='ltr'><strong>exigo,</strong></span> <span class='ocrx_word' id='word_1_403' title='bbox 458 4583 580 4623; x_wconf 89' lang='lat' dir='ltr'><strong>cum</strong></span> <span class='ocrx_word' id='word_1_404' title='bbox 628 4573 821 4642; x_wconf 89' lang='lat' dir='ltr'><strong>quibus</strong></span> <span class='ocrx_word' id='word_1_405' title='bbox 857 4577 924 4631; x_wconf 92' lang='lat' dir='ltr'><strong>ad</strong></span> <span class='ocrx_word' id='word_1_406' title='bbox 975 4581 1157 4636; x_wconf 86' lang='lat' dir='ltr'><strong>Asiam</strong></span> <span class='ocrx_word' id='word_1_407' title='bbox 1198 4590 1451 4658; x_wconf 90' lang='lat' dir='ltr'><strong>perrexi,</strong></span> <span class='ocrx_word' id='word_1_408' title='bbox 1484 4605 1605 4646; x_wconf 91' lang='lat' dir='ltr'><strong>cum</strong></span> <span class='ocrx_word' id='word_1_409' title='bbox 1656 4594 1851 4664; x_wconf 89' lang='lat' dir='ltr'><strong>quibus</strong></span> 
     </span>
    </p>
   </div>
   <div class='ocr_carea' id='block_1_48' title="bbox 311 4694 1849 4782">
    <p class='ocr_par' dir='ltr' id='par_1_48' title="bbox 311 4694 1849 4782">
     <span class='ocr_line' id='line_1_48' title="bbox 311 4694 1849 4782; baseline 0.021 -40"><span class='ocrx_word' id='word_1_410' title='bbox 532 4701 1091 4782; x_wconf 52' lang='lat' dir='ltr'><strong>vocabatu&#39;rimperiale</strong></span> <span class='ocrx_word' id='word_1_411' title='bbox 1134 4712 1384 4775; x_wconf 87' lang='lat' dir='ltr'><strong>diploma:</strong></span> <span class='ocrx_word' id='word_1_412' title='bbox 1411 4731 1506 4782; x_wconf 85' lang='lat' dir='ltr'><strong>qua</strong></span> <span class='ocrx_word' id='word_1_413' title='bbox 1538 4721 1604 4770; x_wconf 91' lang='lat' dir='ltr'><strong>de</strong></span> <span class='ocrx_word' id='word_1_414' title='bbox 1643 4735 1702 4772; x_wconf 90' lang='lat' dir='ltr'><strong>re</strong></span> <span class='ocrx_word' id='word_1_415' title='bbox 1735 4725 1849 4775; x_wconf 87' lang='lat' dir='ltr'><strong>vide</strong></span> 
     </span>
    </p>
   </div>
   <div class='ocr_carea' id='block_1_49' title="bbox 247 4762 1850 4847">
    <p class='ocr_par' dir='ltr' id='par_1_49' title="bbox 247 4762 1850 4847">
     <span class='ocr_line' id='line_1_49' title="bbox 247 4762 1850 4847; baseline 0.012 0"><span class='ocrx_word' id='word_1_416' title='bbox 247 4762 1036 4847; x_wconf 54' lang='lat'><strong>23233922:</strong></span> <span class='ocrx_word' id='word_1_417' title='bbox 1054 4773 1104 4821; x_wconf 70' lang='lat' dir='ltr'><strong>in</strong></span> <span class='ocrx_word' id='word_1_418' title='bbox 1139 4762 1727 4847; x_wconf 64' lang='grc' dir='ltr'><strong>νάοέῗεῖιὲνῖιΐειῖὶοιὲἔι·</strong></span> <span class='ocrx_word' id='word_1_419' title='bbox 1745 4762 1850 4836; x_wconf 65' lang='grc' dir='ltr'><strong>’ῖῦέ</strong></span> 
     </span>
    </p>
   </div>
   <div class='ocr_carea' id='block_1_50' title="bbox 245 4821 1063 4888">
    <p class='ocr_par' dir='ltr' id='par_1_50' title="bbox 245 4821 1063 4888">
     <span class='ocr_line' id='line_1_50' title="bbox 245 4821 1063 4888; baseline 0.02 -23"><span class='ocrx_word' id='word_1_420' title='bbox 245 4829 421 4878; x_wconf 83' lang='lat' dir='ltr'><strong>regem</strong></span> <span class='ocrx_word' id='word_1_421' title='bbox 445 4821 672 4883; x_wconf 64' lang='lat' dir='ltr'><strong>intelligo</strong></span> <span class='ocrx_word' id='word_1_422' title='bbox 696 4821 1063 4888; x_wconf 72' lang='lat' dir='ltr'><strong>Imperatorem.</strong></span> 
     </span>
    </p>
   </div>
   <div class='ocr_carea' id='block_1_51' title="bbox 3460 353 3576 410">
    <p class='ocr_par' dir='ltr' id='par_1_51' title="bbox 3460 353 3576 410">
     <span class='ocr_line' id='line_1_51' title="bbox 3460 353 3576 410; baseline 0.009 -1"><span class='ocrx_word' id='word_1_423' title='bbox 3460 353 3532 409; x_wconf 70' lang='grc'><strong>42</strong></span> <span class='ocrx_word' id='word_1_424' title='bbox 3543 357 3576 410; x_wconf 69' lang='lat' dir='ltr'><strong>.l</strong></span> 
     </span>
    </p>
   </div>
   <div class='ocr_carea' id='block_1_52' title="bbox 1978 464 3584 538">
    <p class='ocr_par' dir='ltr' id='par_1_52' title="bbox 1978 464 3584 538">
     <span class='ocr_line' id='line_1_52' title="bbox 1978 464 3584 538; baseline 0.001 -17"><span class='ocrx_word' id='word_1_425' title='bbox 1978 482 2225 523; x_wconf 87' lang='lat' dir='ltr'><strong>reversus</strong></span> <span class='ocrx_word' id='word_1_426' title='bbox 2250 483 2368 522; x_wconf 90' lang='lat' dir='ltr'><strong>sum</strong></span> <span class='ocrx_word' id='word_1_427' title='bbox 2394 509 2410 536; x_wconf 95' lang='lat'><strong>,</strong></span> <span class='ocrx_word' id='word_1_428' title='bbox 2441 481 2565 523; x_wconf 91' lang='lat' dir='ltr'><strong>cum</strong></span> <span class='ocrx_word' id='word_1_429' title='bbox 2606 465 2800 538; x_wconf 88' lang='lat' dir='ltr'><strong>quibus</strong></span> <span class='ocrx_word' id='word_1_430' title='bbox 2842 464 3090 538; x_wconf 87' lang='lat' dir='ltr'><strong>pelagum</strong></span> <span class='ocrx_word' id='word_1_431' title='bbox 3115 465 3489 533; x_wconf 80' lang='lat' dir='ltr'><strong>transfretavi,</strong></span> <span class='ocrx_word' id='word_1_432' title='bbox 3527 480 3584 524; x_wconf 84' lang='lat' dir='ltr'><strong>et</strong></span> 
     </span>
    </p>
   </div>
   <div class='ocr_carea' id='block_1_53' title="bbox 1973 556 3582 629">
    <p class='ocr_par' dir='ltr' id='par_1_53' title="bbox 1973 556 3582 629">
     <span class='ocr_line' id='line_1_53' title="bbox 1973 556 3582 629; baseline 0.001 -18"><span class='ocrx_word' id='word_1_433' title='bbox 1973 556 2186 627; x_wconf 87' lang='lat' dir='ltr'><strong>adjutus</strong></span> <span class='ocrx_word' id='word_1_434' title='bbox 2204 559 2398 613; x_wconf 89' lang='lat' dir='ltr'><strong>vestris</strong></span> <span class='ocrx_word' id='word_1_435' title='bbox 2421 557 2755 613; x_wconf 90' lang='lat' dir='ltr'><strong>orationibus</strong></span> <span class='ocrx_word' id='word_1_436' title='bbox 2770 556 2996 613; x_wconf 88' lang='lat' dir='ltr'><strong>feliciter</strong></span> <span class='ocrx_word' id='word_1_437' title='bbox 3016 557 3292 629; x_wconf 87' lang='lat' dir='ltr'><strong>navigavi:</strong></span> <span class='ocrx_word' id='word_1_438' title='bbox 3314 572 3416 614; x_wconf 84' lang='lat' dir='ltr'><strong>nec</strong></span> <span class='ocrx_word' id='word_1_439' title='bbox 3435 558 3582 613; x_wconf 86' lang='lat' dir='ltr'><strong>enim</strong></span> 
     </span>
    </p>
   </div>
   <div class='ocr_carea' id='block_1_54' title="bbox 1974 649 3584 720">
    <p class='ocr_par' dir='ltr' id='par_1_54' title="bbox 1974 649 3584 720">
     <span class='ocr_line' id='line_1_54' title="bbox 1974 649 3584 720; baseline 0.001 -18"><span class='ocrx_word' id='word_1_440' title='bbox 1974 649 2152 704; x_wconf 89' lang='lat' dir='ltr'><strong>navim</strong></span> <span class='ocrx_word' id='word_1_441' title='bbox 2186 649 2320 704; x_wconf 89' lang='lat' dir='ltr'><strong>citra</strong></span> <span class='ocrx_word' id='word_1_442' title='bbox 2364 663 2463 705; x_wconf 87' lang='lat' dir='ltr'><strong>vos</strong></span> <span class='ocrx_word' id='word_1_443' title='bbox 2505 650 2779 720; x_wconf 87' lang='lat' dir='ltr'><strong>ingressus</strong></span> <span class='ocrx_word' id='word_1_444' title='bbox 2805 663 2924 705; x_wconf 89' lang='lat' dir='ltr'><strong>sum</strong></span> <span class='ocrx_word' id='word_1_445' title='bbox 2946 691 2962 716; x_wconf 91' lang='lat'><strong>,</strong></span> <span class='ocrx_word' id='word_1_446' title='bbox 2991 663 3094 704; x_wconf 86' lang='lat' dir='ltr'><strong>nec</strong></span> <span class='ocrx_word' id='word_1_447' title='bbox 3115 649 3258 705; x_wconf 88' lang='lat' dir='ltr'><strong>exivi</strong></span> <span class='ocrx_word' id='word_1_448' title='bbox 3285 649 3419 705; x_wconf 89' lang='lat' dir='ltr'><strong>citra</strong></span> <span class='ocrx_word' id='word_1_449' title='bbox 3445 663 3544 704; x_wconf 86' lang='lat' dir='ltr'><strong>vos</strong></span> <span class='ocrx_word' id='word_1_450' title='bbox 3563 688 3584 712; x_wconf 89' lang='lat'><strong>,</strong></span> 
     </span>
    </p>
   </div>
   <div class='ocr_carea' id='block_1_55' title="bbox 1973 741 3576 807">
    <p class='ocr_par' dir='ltr' id='par_1_55' title="bbox 1973 741 3576 807">
     <span class='ocr_line' id='line_1_55' title="bbox 1973 741 3576 807; baseline 0.001 -12"><span class='ocrx_word' id='word_1_451' title='bbox 1973 756 2080 796; x_wconf 91' lang='lat' dir='ltr'><strong>non</strong></span> <span class='ocrx_word' id='word_1_452' title='bbox 2109 741 2162 796; x_wconf 93' lang='lat' dir='ltr'><strong>in</strong></span> <span class='ocrx_word' id='word_1_453' title='bbox 2192 742 2412 798; x_wconf 90' lang='lat' dir='ltr'><strong>civitate</strong></span> <span class='ocrx_word' id='word_1_454' title='bbox 2438 741 2573 798; x_wconf 92' lang='lat' dir='ltr'><strong>citra</strong></span> <span class='ocrx_word' id='word_1_455' title='bbox 2601 755 2701 797; x_wconf 90' lang='lat' dir='ltr'><strong>vos</strong></span> <span class='ocrx_word' id='word_1_456' title='bbox 2721 782 2737 807; x_wconf 90' lang='lat'><strong>,</strong></span> <span class='ocrx_word' id='word_1_457' title='bbox 2767 749 2862 797; x_wconf 88' lang='lat' dir='ltr'><strong>aut</strong></span> <span class='ocrx_word' id='word_1_458' title='bbox 2901 741 2956 796; x_wconf 90' lang='lat' dir='ltr'><strong>in</strong></span> <span class='ocrx_word' id='word_1_459' title='bbox 2980 741 3210 798; x_wconf 86' lang='lat' dir='ltr'><strong>ecclesia</strong></span> <span class='ocrx_word' id='word_1_460' title='bbox 3236 741 3356 797; x_wconf 88' lang='lat' dir='ltr'><strong>sine</strong></span> <span class='ocrx_word' id='word_1_461' title='bbox 3379 741 3535 797; x_wconf 87' lang='lat' dir='ltr'><strong>vobis</strong></span> <span class='ocrx_word' id='word_1_462' title='bbox 3555 779 3576 806; x_wconf 84' lang='lat'><strong><em>.</em></strong></span> 
     </span>
    </p>
   </div>
   <div class='ocr_carea' id='block_1_56' title="bbox 1971 833 3584 904">
    <p class='ocr_par' dir='ltr' id='par_1_56' title="bbox 1971 833 3584 904">
     <span class='ocr_line' id='line_1_56' title="bbox 1971 833 3584 904; baseline -0.001 -17"><span class='ocrx_word' id='word_1_463' title='bbox 1971 833 2066 888; x_wconf 86' lang='lat' dir='ltr'><strong>sed</strong></span> <span class='ocrx_word' id='word_1_464' title='bbox 2096 835 2313 889; x_wconf 87' lang='lat' dir='ltr'><strong>avulsus</strong></span> <span class='ocrx_word' id='word_1_465' title='bbox 2357 833 2576 904; x_wconf 88' lang='lat' dir='ltr'><strong>quidem</strong></span> <span class='ocrx_word' id='word_1_466' title='bbox 2617 846 2766 889; x_wconf 89' lang='lat' dir='ltr'><strong>eram</strong></span> <span class='ocrx_word' id='word_1_467' title='bbox 2817 846 3069 902; x_wconf 89' lang='lat' dir='ltr'><strong>corpore,</strong></span> <span class='ocrx_word' id='word_1_468' title='bbox 3101 845 3378 888; x_wconf 84' lang='lat' dir='ltr'><strong>connexus</strong></span> <span class='ocrx_word' id='word_1_469' title='bbox 3405 841 3584 887; x_wconf 87' lang='lat' dir='ltr'><strong>autem</strong></span> 
     </span>
    </p>
   </div>
   <div class='ocr_carea' id='block_1_57' title="bbox 1972 923 3584 995">
    <p class='ocr_par' dir='ltr' id='par_1_57' title="bbox 1972 923 3584 995">
     <span class='ocr_line' id='line_1_57' title="bbox 1972 923 3584 995; baseline -0.001 -16"><span class='ocrx_word' id='word_1_470' title='bbox 1972 928 2215 980; x_wconf 81' lang='lat' dir='ltr'><strong>caritate.</strong></span> <span class='ocrx_word' id='word_1_471' title='bbox 2245 923 2506 980; x_wconf 81' lang='lat' dir='ltr'><strong>Videbam</strong></span> <span class='ocrx_word' id='word_1_472' title='bbox 2535 938 2767 995; x_wconf 90' lang='lat' dir='ltr'><strong>namque</strong></span> <span class='ocrx_word' id='word_1_473' title='bbox 2794 924 3091 981; x_wconf 87' lang='lat' dir='ltr'><strong>Ecelesiam</strong></span> <span class='ocrx_word' id='word_1_474' title='bbox 3122 932 3358 979; x_wconf 86' lang='lat' dir='ltr'><strong>vestram</strong></span> <span class='ocrx_word' id='word_1_475' title='bbox 3389 963 3408 991; x_wconf 95' lang='lat'><strong>,</strong></span> <span class='ocrx_word' id='word_1_476' title='bbox 3430 933 3487 979; x_wconf 90' lang='lat' dir='ltr'><strong>et</strong></span> <span class='ocrx_word' id='word_1_477' title='bbox 3532 923 3584 978; x_wconf 93' lang='lat' dir='ltr'><strong>in</strong></span> 
     </span>
    </p>
   </div>
   <div class='ocr_carea' id='block_1_58' title="bbox 1971 1012 3580 1086">
    <p class='ocr_par' dir='ltr' id='par_1_58' title="bbox 1971 1012 3580 1086">
     <span class='ocr_line' id='line_1_58' title="bbox 1971 1012 3580 1086; baseline -0.002 -16"><span class='ocrx_word' id='word_1_478' title='bbox 1971 1014 2182 1086; x_wconf 86' lang='lat' dir='ltr'><strong>pelago,</strong></span> <span class='ocrx_word' id='word_1_479' title='bbox 2212 1025 2268 1070; x_wconf 90' lang='lat' dir='ltr'><strong>et</strong></span> <span class='ocrx_word' id='word_1_480' title='bbox 2294 1016 2348 1070; x_wconf 91' lang='lat' dir='ltr'><strong>in</strong></span> <span class='ocrx_word' id='word_1_481' title='bbox 2371 1015 2731 1071; x_wconf 82' lang='lat' dir='ltr'><strong>exsultatione</strong></span> <span class='ocrx_word' id='word_1_482' title='bbox 2753 1013 3072 1084; x_wconf 86' lang='lat' dir='ltr'><strong>gaudebam.</strong></span> <span class='ocrx_word' id='word_1_483' title='bbox 3101 1012 3232 1068; x_wconf 84' lang='lat' dir='ltr'><strong>Tale</strong></span> <span class='ocrx_word' id='word_1_484' title='bbox 3258 1013 3406 1069; x_wconf 85' lang='lat' dir='ltr'><strong>enim</strong></span> <span class='ocrx_word' id='word_1_485' title='bbox 3452 1012 3580 1082; x_wconf 88' lang='lat' dir='ltr'><strong>quid</strong></span> 
     </span>
    </p>
   </div>
   <div class='ocr_carea' id='block_1_59' title="bbox 1974 1103 3587 1178">
    <p class='ocr_par' dir='ltr' id='par_1_59' title="bbox 1974 1103 3587 1178">
     <span class='ocr_line' id='line_1_59' title="bbox 1974 1103 3587 1178; baseline -0.002 -17"><span class='ocrx_word' id='word_1_486' title='bbox 1974 1106 2240 1178; x_wconf 85' lang='lat' dir='ltr'><strong>significat</strong></span> <span class='ocrx_word' id='word_1_487' title='bbox 2279 1107 2475 1163; x_wconf 90' lang='lat' dir='ltr'><strong>caritas</strong></span> <span class='ocrx_word' id='word_1_488' title='bbox 2499 1147 2513 1172; x_wconf 92' lang='lat'><strong>,</strong></span> <span class='ocrx_word' id='word_1_489' title='bbox 2543 1121 2664 1177; x_wconf 67' lang='lat' dir='ltr'><strong>quae</strong></span> <span class='ocrx_word' id='word_1_490' title='bbox 2703 1105 2876 1161; x_wconf 88' lang='lat' dir='ltr'><strong>nescit</strong></span> <span class='ocrx_word' id='word_1_491' title='bbox 2903 1105 3178 1175; x_wconf 78' lang='lat' dir='ltr'><strong>angustari</strong></span> <span class='ocrx_word' id='word_1_492' title='bbox 3203 1123 3217 1160; x_wconf 89' lang='lat'><strong>:</strong></span> <span class='ocrx_word' id='word_1_493' title='bbox 3241 1104 3507 1160; x_wconf 80' lang='lat' dir='ltr'><strong>intrabatn</strong></span> <span class='ocrx_word' id='word_1_494' title='bbox 3533 1103 3587 1159; x_wconf 89' lang='lat' dir='ltr'><strong>in</strong></span> 
     </span>
    </p>
   </div>
   <div class='ocr_carea' id='block_1_60' title="bbox 1970 1193 3590 1266">
    <p class='ocr_par' dir='ltr' id='par_1_60' title="bbox 1970 1193 3590 1266">
     <span class='ocr_line' id='line_1_60' title="bbox 1970 1193 3590 1266; baseline 0 -15"><span class='ocrx_word' id='word_1_495' title='bbox 1970 1196 2256 1252; x_wconf 88' lang='lat' dir='ltr'><strong>ecclesiam</strong></span> <span class='ocrx_word' id='word_1_496' title='bbox 2276 1239 2292 1266; x_wconf 96' lang='lat'><strong>,</strong></span> <span class='ocrx_word' id='word_1_497' title='bbox 2321 1195 2600 1252; x_wconf 88' lang='lat' dir='ltr'><strong>adstabam</strong></span> <span class='ocrx_word' id='word_1_498' title='bbox 2630 1195 2825 1263; x_wconf 89' lang='lat' dir='ltr'><strong>altari,</strong></span> <span class='ocrx_word' id='word_1_499' title='bbox 2847 1195 3125 1252; x_wconf 86' lang='lat' dir='ltr'><strong>orationes</strong></span> <span class='ocrx_word' id='word_1_500' title='bbox 3166 1193 3458 1250; x_wconf 81' lang='lat' dir='ltr'><strong>oﬂ‘erebam</strong></span> <span class='ocrx_word' id='word_1_501' title='bbox 3485 1235 3500 1260; x_wconf 93' lang='lat'><strong>,</strong></span> <span class='ocrx_word' id='word_1_502' title='bbox 3529 1205 3590 1251; x_wconf 86' lang='lat' dir='ltr'><strong>et</strong></span> 
     </span>
    </p>
   </div>
   <div class='ocr_carea' id='block_1_61' title="bbox 1970 1278 3586 1357">
    <p class='ocr_par' dir='ltr' id='par_1_61' title="bbox 1970 1278 3586 1357">
     <span class='ocr_line' id='line_1_61' title="bbox 1970 1278 3586 1357; baseline 0 -15"><span class='ocrx_word' id='word_1_503' title='bbox 1970 1285 2212 1342; x_wconf 87' lang='lat' dir='ltr'><strong>dicebam</strong></span> <span class='ocrx_word' id='word_1_504' title='bbox 2245 1304 2258 1342; x_wconf 91' lang='lat'><strong>:</strong></span> <span class='ocrx_word' id='word_1_505' title='bbox 2292 1286 2519 1343; x_wconf 86' lang='lat' dir='ltr'><strong>Domine</strong></span> <span class='ocrx_word' id='word_1_506' title='bbox 2546 1329 2562 1354; x_wconf 94' lang='lat'><strong>,</strong></span> <span class='ocrx_word' id='word_1_507' title='bbox 2589 1300 2851 1343; x_wconf 88' lang='lat' dir='ltr'><strong>conserva</strong></span> <span class='ocrx_word' id='word_1_508' title='bbox 2901 1285 3198 1343; x_wconf 86' lang='lat' dir='ltr'><strong>Ecclesiam</strong></span> <span class='ocrx_word' id='word_1_509' title='bbox 3246 1278 3410 1357; x_wconf 84' lang='lat' dir='ltr'><strong>quam</strong></span> <span class='ocrx_word' id='word_1_510' title='bbox 3451 1287 3586 1342; x_wconf 88' lang='lat' dir='ltr'><strong>mihi</strong></span> 
     </span>
    </p>
   </div>
   <div class='ocr_carea' id='block_1_62' title="bbox 1970 1377 3587 1451">
    <p class='ocr_par' dir='ltr' id='par_1_62' title="bbox 1970 1377 3587 1451">
     <span class='ocr_line' id='line_1_62' title="bbox 1970 1377 3587 1451; baseline 0.002 -20"><span class='ocrx_word' id='word_1_511' title='bbox 1970 1377 2263 1434; x_wconf 87' lang='lat' dir='ltr'><strong>tradidisti.</strong></span> <span class='ocrx_word' id='word_1_512' title='bbox 2292 1377 2405 1451; x_wconf 87' lang='lat' dir='ltr'><strong>Ego</strong></span> <span class='ocrx_word' id='word_1_513' title='bbox 2442 1377 2656 1450; x_wconf 88' lang='lat' dir='ltr'><strong>quidem</strong></span> <span class='ocrx_word' id='word_1_514' title='bbox 2684 1392 2912 1451; x_wconf 89' lang='lat' dir='ltr'><strong>corpore</strong></span> <span class='ocrx_word' id='word_1_515' title='bbox 2954 1378 3153 1434; x_wconf 87' lang='lat' dir='ltr'><strong>absens</strong></span> <span class='ocrx_word' id='word_1_516' title='bbox 3181 1393 3300 1434; x_wconf 91' lang='lat' dir='ltr'><strong>sum</strong></span> <span class='ocrx_word' id='word_1_517' title='bbox 3319 1419 3340 1448; x_wconf 83' lang='lat'><strong>,</strong></span> <span class='ocrx_word' id='word_1_518' title='bbox 3368 1378 3464 1435; x_wconf 86' lang='lat' dir='ltr'><strong>sed</strong></span> <span class='ocrx_word' id='word_1_519' title='bbox 3493 1389 3587 1434; x_wconf 80' lang='lat' dir='ltr'><strong>tua</strong></span> 
     </span>
    </p>
   </div>
   <div class='ocr_carea' id='block_1_63' title="bbox 1970 1467 3586 1540">
    <p class='ocr_par' dir='ltr' id='par_1_63' title="bbox 1970 1467 3586 1540">
     <span class='ocr_line' id='line_1_63' title="bbox 1970 1467 3586 1540; baseline 0.002 -18"><span class='ocrx_word' id='word_1_520' title='bbox 1970 1467 2340 1524; x_wconf 87' lang='lat' dir='ltr'><strong>misericordia</strong></span> <span class='ocrx_word' id='word_1_521' title='bbox 2368 1483 2608 1540; x_wconf 69' lang='lat' dir='ltr'><strong>praesens</strong></span> <span class='ocrx_word' id='word_1_522' title='bbox 2636 1477 2750 1534; x_wconf 88' lang='lat' dir='ltr'><strong>est,</strong></span> <span class='ocrx_word' id='word_1_523' title='bbox 2782 1483 2902 1540; x_wconf 68' lang='lat' dir='ltr'><strong>quae</strong></span> <span class='ocrx_word' id='word_1_524' title='bbox 2931 1485 3019 1526; x_wconf 92' lang='lat' dir='ltr'><strong>me</strong></span> <span class='ocrx_word' id='word_1_525' title='bbox 3049 1469 3180 1525; x_wconf 80' lang='lat' dir='ltr'><strong>illuc</strong></span> <span class='ocrx_word' id='word_1_526' title='bbox 3202 1469 3458 1540; x_wconf 89' lang='lat' dir='ltr'><strong>perduxit</strong></span> <span class='ocrx_word' id='word_1_527' title='bbox 3480 1511 3497 1538; x_wconf 92' lang='lat'><strong>,</strong></span> <span class='ocrx_word' id='word_1_528' title='bbox 3529 1478 3586 1525; x_wconf 91' lang='lat' dir='ltr'><strong>et</strong></span> 
     </span>
    </p>
   </div>
   <div class='ocr_carea' id='block_1_64' title="bbox 1968 1560 3585 1636">
    <p class='ocr_par' dir='ltr' id='par_1_64' title="bbox 1968 1560 3585 1636">
     <span class='ocr_line' id='line_1_64' title="bbox 1968 1560 3585 1636; baseline 0.002 -23"><span class='ocrx_word' id='word_1_529' title='bbox 1968 1560 2089 1636; x_wconf 86' lang='lat' dir='ltr'><strong>plus</strong></span> <span class='ocrx_word' id='word_1_530' title='bbox 2118 1573 2279 1632; x_wconf 88' lang='lat' dir='ltr'><strong>quam</strong></span> <span class='ocrx_word' id='word_1_531' title='bbox 2322 1561 2574 1616; x_wconf 89' lang='lat' dir='ltr'><strong>merebar</strong></span> <span class='ocrx_word' id='word_1_532' title='bbox 2599 1561 2886 1616; x_wconf 89' lang='lat' dir='ltr'><strong>concessit.</strong></span> <span class='ocrx_word' id='word_1_533' title='bbox 2932 1560 3001 1616; x_wconf 88' lang='lat' dir='ltr'><strong>Et</strong></span> <span class='ocrx_word' id='word_1_534' title='bbox 3024 1560 3149 1632; x_wconf 90' lang='lat' dir='ltr'><strong>quia</strong></span> <span class='ocrx_word' id='word_1_535' title='bbox 3199 1560 3585 1631; x_wconf 81' lang='lat' dir='ltr'><strong>ampliﬁcavit,</strong></span> 
     </span>
    </p>
   </div>
   <div class='ocr_carea' id='block_1_65' title="bbox 1969 1635 3584 1726">
    <p class='ocr_par' dir='ltr' id='par_1_65' title="bbox 1969 1635 3584 1726">
     <span class='ocr_line' id='line_1_65' title="bbox 1969 1635 3584 1726; baseline 0.001 -18"><span class='ocrx_word' id='word_1_536' title='bbox 1969 1635 2256 1709; x_wconf 86' lang='lat' dir='ltr'><strong>multitudo</strong></span> <span class='ocrx_word' id='word_1_537' title='bbox 2283 1660 2512 1709; x_wconf 87' lang='lat' dir='ltr'><strong>testatur</strong></span> <span class='ocrx_word' id='word_1_538' title='bbox 2538 1654 2905 1726; x_wconf 76' lang='lat' dir='ltr'><strong>praesentium.</strong></span> <span class='ocrx_word' id='word_1_539' title='bbox 2923 1653 3145 1710; x_wconf 89' lang='lat' dir='ltr'><strong>Florere</strong></span> <span class='ocrx_word' id='word_1_540' title='bbox 3164 1653 3324 1710; x_wconf 90' lang='lat' dir='ltr'><strong>video</strong></span> <span class='ocrx_word' id='word_1_541' title='bbox 3346 1655 3584 1723; x_wconf 89' lang='lat' dir='ltr'><strong>vineam,</strong></span> 
     </span>
    </p>
   </div>
   <div class='ocr_carea' id='block_1_66' title="bbox 1968 1746 3582 1818">
    <p class='ocr_par' dir='ltr' id='par_1_66' title="bbox 1968 1746 3582 1818">
     <span class='ocr_line' id='line_1_66' title="bbox 1968 1746 3582 1818; baseline -0.001 -15"><span class='ocrx_word' id='word_1_542' title='bbox 1968 1755 2024 1803; x_wconf 91' lang='lat' dir='ltr'><strong>et</strong></span> <span class='ocrx_word' id='word_1_543' title='bbox 2049 1761 2312 1818; x_wconf 88' lang='lat' dir='ltr'><strong>nusquam</strong></span> <span class='ocrx_word' id='word_1_544' title='bbox 2340 1747 2510 1818; x_wconf 67' lang='lat' dir='ltr'><strong>spinae</strong></span> <span class='ocrx_word' id='word_1_545' title='bbox 2531 1789 2546 1815; x_wconf 96' lang='lat'><strong>,</strong></span> <span class='ocrx_word' id='word_1_546' title='bbox 2575 1761 2749 1818; x_wconf 89' lang='lat' dir='ltr'><strong>neque</strong></span> <span class='ocrx_word' id='word_1_547' title='bbox 2789 1747 3020 1803; x_wconf 79' lang='lat' dir='ltr'><strong>sentiam</strong></span> <span class='ocrx_word' id='word_1_548' title='bbox 3051 1746 3160 1802; x_wconf 89' lang='lat' dir='ltr'><strong>ulla</strong></span> <span class='ocrx_word' id='word_1_549' title='bbox 3186 1746 3411 1818; x_wconf 88' lang='lat' dir='ltr'><strong>vestigia</strong></span> <span class='ocrx_word' id='word_1_550' title='bbox 3438 1763 3452 1800; x_wconf 91' lang='lat'><strong>:</strong></span> <span class='ocrx_word' id='word_1_551' title='bbox 3481 1761 3582 1802; x_wconf 91' lang='lat' dir='ltr'><strong>ex-</strong></span> 
     </span>
    </p>
   </div>
   <div class='ocr_carea' id='block_1_67' title="bbox 1967 1837 3585 1910">
    <p class='ocr_par' dir='ltr' id='par_1_67' title="bbox 1967 1837 3585 1910">
     <span class='ocr_line' id='line_1_67' title="bbox 1967 1837 3585 1910; baseline 0 -17"><span class='ocrx_word' id='word_1_552' title='bbox 1967 1838 2172 1894; x_wconf 88' lang='lat' dir='ltr'><strong>sultant</strong></span> <span class='ocrx_word' id='word_1_553' title='bbox 2198 1854 2349 1907; x_wconf 90' lang='lat' dir='ltr'><strong>oves,</strong></span> <span class='ocrx_word' id='word_1_554' title='bbox 2379 1848 2434 1895; x_wconf 91' lang='lat' dir='ltr'><strong>et</strong></span> <span class='ocrx_word' id='word_1_555' title='bbox 2455 1853 2715 1910; x_wconf 88' lang='lat' dir='ltr'><strong>nusquam</strong></span> <span class='ocrx_word' id='word_1_556' title='bbox 2743 1838 2920 1909; x_wconf 88' lang='lat' dir='ltr'><strong>lupus.</strong></span> <span class='ocrx_word' id='word_1_557' title='bbox 2943 1837 3097 1907; x_wconf 84' lang='lat' dir='ltr'><strong>Quod</strong></span> <span class='ocrx_word' id='word_1_558' title='bbox 3125 1838 3169 1894; x_wconf 95' lang='lat' dir='ltr'><strong>si</strong></span> <span class='ocrx_word' id='word_1_559' title='bbox 3195 1838 3359 1894; x_wconf 88' lang='lat' dir='ltr'><strong>etiam</strong></span> <span class='ocrx_word' id='word_1_560' title='bbox 3386 1838 3585 1894; x_wconf 87' lang='lat' dir='ltr'><strong>alicubi</strong></span> 
     </span>
    </p>
   </div>
   <div class='ocr_carea' id='block_1_68' title="bbox 1967 1929 3586 2001">
    <p class='ocr_par' dir='ltr' id='par_1_68' title="bbox 1967 1929 3586 2001">
     <span class='ocr_line' id='line_1_68' title="bbox 1967 1929 3586 2001; baseline -0.001 -15"><span class='ocrx_word' id='word_1_561' title='bbox 1967 1939 2216 2001; x_wconf 89' lang='lat' dir='ltr'><strong>repertus</strong></span> <span class='ocrx_word' id='word_1_562' title='bbox 2253 1931 2454 2000; x_wconf 89' lang='lat' dir='ltr'><strong>fuerit,</strong></span> <span class='ocrx_word' id='word_1_563' title='bbox 2477 1931 2820 1998; x_wconf 88' lang='lat' dir='ltr'><strong>demutatur,</strong></span> <span class='ocrx_word' id='word_1_564' title='bbox 2855 1938 2911 1987; x_wconf 90' lang='lat' dir='ltr'><strong>et</strong></span> <span class='ocrx_word' id='word_1_565' title='bbox 2957 1929 3017 1986; x_wconf 80' lang='lat' dir='ltr'><strong>tit</strong></span> <span class='ocrx_word' id='word_1_566' title='bbox 3057 1929 3197 1986; x_wconf 88' lang='lat' dir='ltr'><strong>ovis.</strong></span> <span class='ocrx_word' id='word_1_567' title='bbox 3225 1929 3398 1999; x_wconf 85' lang='lat' dir='ltr'><strong>Tanta</strong></span> <span class='ocrx_word' id='word_1_568' title='bbox 3439 1930 3586 1987; x_wconf 90' lang='lat' dir='ltr'><strong>enim</strong></span> 
     </span>
    </p>
   </div>
   <div class='ocr_carea' id='block_1_69' title="bbox 1965 2021 3588 2089">
    <p class='ocr_par' dir='ltr' id='par_1_69' title="bbox 1965 2021 3588 2089">
     <span class='ocr_line' id='line_1_69' title="bbox 1965 2021 3588 2089; baseline -0.001 -9"><span class='ocrx_word' id='word_1_569' title='bbox 1965 2031 2145 2080; x_wconf 85' lang='lat' dir='ltr'><strong>vestra</strong></span> <span class='ocrx_word' id='word_1_570' title='bbox 2172 2032 2257 2079; x_wconf 91' lang='lat' dir='ltr'><strong>est</strong></span> <span class='ocrx_word' id='word_1_571' title='bbox 2280 2022 2416 2079; x_wconf 87' lang='lat' dir='ltr'><strong>fides</strong></span> <span class='ocrx_word' id='word_1_572' title='bbox 2442 2032 2500 2079; x_wconf 88' lang='lat' dir='ltr'><strong>et</strong></span> <span class='ocrx_word' id='word_1_573' title='bbox 2524 2023 2740 2089; x_wconf 86' lang='lat' dir='ltr'><strong>caritas,</strong></span> <span class='ocrx_word' id='word_1_574' title='bbox 2770 2030 2832 2077; x_wconf 90' lang='lat' dir='ltr'><strong>ut</strong></span> <span class='ocrx_word' id='word_1_575' title='bbox 2857 2021 3198 2077; x_wconf 70' lang='lat' dir='ltr'><strong>aemulatione</strong></span> <span class='ocrx_word' id='word_1_576' title='bbox 3217 2029 3396 2077; x_wconf 88' lang='lat' dir='ltr'><strong>vestra</strong></span> <span class='ocrx_word' id='word_1_577' title='bbox 3423 2029 3588 2078; x_wconf 58' lang='lat' dir='ltr'><strong>caute-</strong></span> 
     </span>
    </p>
   </div>
   <div class='ocr_carea' id='block_1_70' title="bbox 1966 2113 3587 2185">
    <p class='ocr_par' dir='ltr' id='par_1_70' title="bbox 1966 2113 3587 2185">
     <span class='ocr_line' id='line_1_70' title="bbox 1966 2113 3587 2185; baseline -0.001 -15"><span class='ocrx_word' id='word_1_578' title='bbox 1966 2128 2060 2170; x_wconf 91' lang='lat' dir='ltr'><strong>ros</strong></span> <span class='ocrx_word' id='word_1_579' title='bbox 2088 2115 2416 2183; x_wconf 89' lang='lat' dir='ltr'><strong>provocetis.</strong></span> <span class='ocrx_word' id='word_1_580' title='bbox 2443 2113 2564 2185; x_wconf 82' lang='lat' dir='ltr'><strong>ipse</strong></span> <span class='ocrx_word' id='word_1_581' title='bbox 2591 2114 2849 2170; x_wconf 83' lang='lat' dir='ltr'><strong>Dnminus</strong></span> <span class='ocrx_word' id='word_1_582' title='bbox 2867 2127 2965 2167; x_wconf 91' lang='lat' dir='ltr'><strong>vos</strong></span> <span class='ocrx_word' id='word_1_583' title='bbox 2983 2113 3358 2180; x_wconf 85' lang='lat' dir='ltr'><strong>conservavit,</strong></span> <span class='ocrx_word' id='word_1_584' title='bbox 3390 2120 3446 2168; x_wconf 90' lang='lat' dir='ltr'><strong>et</strong></span> <span class='ocrx_word' id='word_1_585' title='bbox 3471 2114 3587 2185; x_wconf 88' lang='lat' dir='ltr'><strong>ipse</strong></span> 
     </span>
    </p>
   </div>
   <div class='ocr_carea' id='block_1_71' title="bbox 1967 2199 3582 2274">
    <p class='ocr_par' dir='ltr' id='par_1_71' title="bbox 1967 2199 3582 2274">
     <span class='ocr_line' id='line_1_71' title="bbox 1967 2199 3582 2274; baseline -0.001 -14"><span class='ocrx_word' id='word_1_586' title='bbox 1967 2221 2056 2260; x_wconf 90' lang='lat' dir='ltr'><strong>me</strong></span> <span class='ocrx_word' id='word_1_587' title='bbox 2082 2205 2313 2271; x_wconf 87' lang='lat' dir='ltr'><strong>reduxit,</strong></span> <span class='ocrx_word' id='word_1_588' title='bbox 2331 2199 2387 2260; x_wconf 88' lang='lat' dir='ltr'><strong>et</strong></span> <span class='ocrx_word' id='word_1_589' title='bbox 2411 2206 2464 2260; x_wconf 93' lang='lat' dir='ltr'><strong>in</strong></span> <span class='ocrx_word' id='word_1_590' title='bbox 2493 2204 2802 2260; x_wconf 78' lang='lat' dir='ltr'><strong>inﬁmitate</strong></span> <span class='ocrx_word' id='word_1_591' title='bbox 2817 2203 3024 2274; x_wconf 86' lang='lat' dir='ltr'><strong>positus</strong></span> <span class='ocrx_word' id='word_1_592' title='bbox 3044 2203 3351 2260; x_wconf 87' lang='lat' dir='ltr'><strong>orationum</strong></span> <span class='ocrx_word' id='word_1_593' title='bbox 3371 2212 3582 2260; x_wconf 89' lang='lat' dir='ltr'><strong>vestra-</strong></span> 
     </span>
    </p>
   </div>
   <div class='ocr_carea' id='block_1_72' title="bbox 1966 2295 3586 2368">
    <p class='ocr_par' dir='ltr' id='par_1_72' title="bbox 1966 2295 3586 2368">
     <span class='ocr_line' id='line_1_72' title="bbox 1966 2295 3586 2368; baseline 0.001 -17"><span class='ocrx_word' id='word_1_594' title='bbox 1966 2311 2085 2352; x_wconf 89' lang='lat' dir='ltr'><strong>rum</strong></span> <span class='ocrx_word' id='word_1_595' title='bbox 2115 2295 2260 2352; x_wconf 89' lang='lat' dir='ltr'><strong>sensi</strong></span> <span class='ocrx_word' id='word_1_596' title='bbox 2287 2296 2566 2363; x_wconf 84' lang='lat' dir='ltr'><strong>auxilium,</strong></span> <span class='ocrx_word' id='word_1_597' title='bbox 2590 2311 2727 2368; x_wconf 89' lang='lat' dir='ltr'><strong>quas</strong></span> <span class='ocrx_word' id='word_1_598' title='bbox 2753 2295 2888 2351; x_wconf 89' lang='lat' dir='ltr'><strong>mihi</strong></span> <span class='ocrx_word' id='word_1_599' title='bbox 2917 2295 3160 2367; x_wconf 87' lang='lat' dir='ltr'><strong>quotidie</strong></span> <span class='ocrx_word' id='word_1_600' title='bbox 3186 2295 3243 2352; x_wconf 92' lang='lat' dir='ltr'><strong>in</strong></span> <span class='ocrx_word' id='word_1_601' title='bbox 3270 2296 3586 2368; x_wconf 78' lang='lat' dir='ltr'><strong>suffragium</strong></span> 
     </span>
    </p>
   </div>
   <div class='ocr_carea' id='block_1_73' title="bbox 1965 2382 3580 2459">
    <p class='ocr_par' dir='ltr' id='par_1_73' title="bbox 1965 2382 3580 2459">
     <span class='ocr_line' id='line_1_73' title="bbox 1965 2382 3580 2459; baseline 0.002 -17"><span class='ocrx_word' id='word_1_602' title='bbox 1965 2387 2197 2457; x_wconf 87' lang='lat' dir='ltr'><strong>postulo.</strong></span> <span class='ocrx_word' id='word_1_603' title='bbox 2217 2382 2586 2459; x_wconf 83' lang='lat' dir='ltr'><strong>Peregrinatio</strong></span> <span class='ocrx_word' id='word_1_604' title='bbox 2605 2403 2725 2445; x_wconf 89' lang='lat' dir='ltr'><strong>mea</strong></span> <span class='ocrx_word' id='word_1_605' title='bbox 2737 2388 3015 2444; x_wconf 87' lang='lat' dir='ltr'><strong>coronavit</strong></span> <span class='ocrx_word' id='word_1_606' title='bbox 3036 2387 3307 2445; x_wconf 88' lang='lat' dir='ltr'><strong>civitatem</strong></span> <span class='ocrx_word' id='word_1_607' title='bbox 3319 2398 3580 2446; x_wconf 87' lang='lat' dir='ltr'><strong>vestram.</strong></span> 
     </span>
    </p>
   </div>
   <div class='ocr_carea' id='block_1_74' title="bbox 1967 2476 3584 2550">
    <p class='ocr_par' dir='ltr' id='par_1_74' title="bbox 1967 2476 3584 2550">
     <span class='ocr_line' id='line_1_74' title="bbox 1967 2476 3584 2550; baseline 0.004 -18"><span class='ocrx_word' id='word_1_608' title='bbox 1967 2476 2037 2532; x_wconf 91' lang='lat' dir='ltr'><strong>Et</strong></span> <span class='ocrx_word' id='word_1_609' title='bbox 2063 2479 2188 2548; x_wconf 89' lang='lat' dir='ltr'><strong>quia</strong></span> <span class='ocrx_word' id='word_1_610' title='bbox 2226 2479 2530 2550; x_wconf 86' lang='lat' dir='ltr'><strong>diligebatis</strong></span> <span class='ocrx_word' id='word_1_611' title='bbox 2554 2494 2622 2535; x_wconf 91' lang='lat' dir='ltr'><strong>ex</strong></span> <span class='ocrx_word' id='word_1_612' title='bbox 2663 2479 2818 2536; x_wconf 92' lang='lat' dir='ltr'><strong>initio</strong></span> <span class='ocrx_word' id='word_1_613' title='bbox 2844 2522 2860 2549; x_wconf 94' lang='lat'><strong>,</strong></span> <span class='ocrx_word' id='word_1_614' title='bbox 2890 2495 3036 2537; x_wconf 91' lang='lat' dir='ltr'><strong>nunc</strong></span> <span class='ocrx_word' id='word_1_615' title='bbox 3062 2481 3314 2538; x_wconf 90' lang='lat' dir='ltr'><strong>omnibus</strong></span> <span class='ocrx_word' id='word_1_616' title='bbox 3353 2480 3584 2539; x_wconf 88' lang='lat' dir='ltr'><strong>manife-</strong></span> 
     </span>
    </p>
   </div>
   <div class='ocr_carea' id='block_1_75' title="bbox 1966 2570 3585 2646">
    <p class='ocr_par' dir='ltr' id='par_1_75' title="bbox 1966 2570 3585 2646">
     <span class='ocr_line' id='line_1_75' title="bbox 1966 2570 3585 2646; baseline 0.003 -24"><span class='ocrx_word' id='word_1_617' title='bbox 1966 2577 2108 2623; x_wconf 90' lang='lat' dir='ltr'><strong>stum</strong></span> <span class='ocrx_word' id='word_1_618' title='bbox 2133 2579 2233 2626; x_wconf 91' lang='lat' dir='ltr'><strong>est.</strong></span> <span class='ocrx_word' id='word_1_619' title='bbox 2261 2570 2350 2626; x_wconf 91' lang='lat' dir='ltr'><strong>Sic</strong></span> <span class='ocrx_word' id='word_1_620' title='bbox 2378 2572 2524 2627; x_wconf 89' lang='lat' dir='ltr'><strong>enim</strong></span> <span class='ocrx_word' id='word_1_621' title='bbox 2556 2587 2644 2628; x_wconf 91' lang='lat' dir='ltr'><strong>me</strong></span> <span class='ocrx_word' id='word_1_622' title='bbox 2676 2574 2956 2629; x_wconf 88' lang='lat' dir='ltr'><strong>absentem</strong></span> <span class='ocrx_word' id='word_1_623' title='bbox 2977 2615 2992 2640; x_wconf 95' lang='lat'><strong>,</strong></span> <span class='ocrx_word' id='word_1_624' title='bbox 3027 2583 3300 2646; x_wconf 86' lang='lat' dir='ltr'><strong>tamquam</strong></span> <span class='ocrx_word' id='word_1_625' title='bbox 3340 2590 3585 2646; x_wconf 63' lang='lat' dir='ltr'><strong>praesen.</strong></span> 
     </span>
    </p>
   </div>
   <div class='ocr_carea' id='block_1_76' title="bbox 1967 2659 3584 2740">
    <p class='ocr_par' dir='ltr' id='par_1_76' title="bbox 1967 2659 3584 2740">
     <span class='ocr_line' id='line_1_76' title="bbox 1967 2659 3584 2740; baseline 0.005 -26"><span class='ocrx_word' id='word_1_626' title='bbox 1967 2667 2074 2715; x_wconf 91' lang='lat' dir='ltr'><strong>tem</strong></span> <span class='ocrx_word' id='word_1_627' title='bbox 2102 2659 2385 2717; x_wconf 89' lang='lat' dir='ltr'><strong>habuistis.</strong></span> <span class='ocrx_word' id='word_1_628' title='bbox 2412 2661 2544 2717; x_wconf 91' lang='lat' dir='ltr'><strong>Nam</strong></span> <span class='ocrx_word' id='word_1_629' title='bbox 2568 2663 2619 2718; x_wconf 94' lang='lat' dir='ltr'><strong>in</strong></span> <span class='ocrx_word' id='word_1_630' title='bbox 2649 2665 2774 2719; x_wconf 83' lang='lat' dir='ltr'><strong>Asia</strong></span> <span class='ocrx_word' id='word_1_631' title='bbox 2794 2679 2917 2720; x_wconf 91' lang='lat' dir='ltr'><strong>cum</strong></span> <span class='ocrx_word' id='word_1_632' title='bbox 2944 2679 3123 2721; x_wconf 89' lang='lat' dir='ltr'><strong>essem</strong></span> <span class='ocrx_word' id='word_1_633' title='bbox 3143 2665 3213 2720; x_wconf 90' lang='lat' dir='ltr'><strong>ad</strong></span> <span class='ocrx_word' id='word_1_634' title='bbox 3233 2666 3584 2740; x_wconf 89' lang='lat' dir='ltr'><strong>corrigendas</strong></span> 
     </span>
    </p>
   </div>
   <div class='ocr_carea' id='block_1_77' title="bbox 1966 2752 3587 2827">
    <p class='ocr_par' dir='ltr' id='par_1_77' title="bbox 1966 2752 3587 2827">
     <span class='ocr_line' id='line_1_77' title="bbox 1966 2752 3587 2827; baseline 0.004 -17"><span class='ocrx_word' id='word_1_635' title='bbox 1966 2752 2256 2819; x_wconf 80' lang='lat' dir='ltr'><strong>Ecclesias,</strong></span> <span class='ocrx_word' id='word_1_636' title='bbox 2282 2753 2408 2811; x_wconf 90' lang='lat' dir='ltr'><strong>hinc</strong></span> <span class='ocrx_word' id='word_1_637' title='bbox 2433 2756 2527 2812; x_wconf 88' lang='lat' dir='ltr'><strong>illo</strong></span> <span class='ocrx_word' id='word_1_638' title='bbox 2547 2758 2832 2814; x_wconf 84' lang='lat' dir='ltr'><strong>venientes</strong></span> <span class='ocrx_word' id='word_1_639' title='bbox 2857 2758 3177 2814; x_wconf 86' lang='lat' dir='ltr'><strong>nuntiabant</strong></span> <span class='ocrx_word' id='word_1_640' title='bbox 3202 2760 3378 2827; x_wconf 90' lang='lat' dir='ltr'><strong>nobis,</strong></span> <span class='ocrx_word' id='word_1_641' title='bbox 3398 2761 3587 2817; x_wconf 85' lang='lat' dir='ltr'><strong>dicen-</strong></span> 
     </span>
    </p>
   </div>
   <div class='ocr_carea' id='block_1_78' title="bbox 1967 2837 3585 2926">
    <p class='ocr_par' dir='ltr' id='par_1_78' title="bbox 1967 2837 3585 2926">
     <span class='ocr_line' id='line_1_78' title="bbox 1967 2837 3585 2926; baseline 0.009 -30"><span class='ocrx_word' id='word_1_642' title='bbox 1967 2849 2088 2898; x_wconf 90' lang='lat' dir='ltr'><strong>tes:</strong></span> <span class='ocrx_word' id='word_1_643' title='bbox 2116 2837 2466 2902; x_wconf 82' lang='lat' dir='ltr'><strong>lhflammasti</strong></span> <span class='ocrx_word' id='word_1_644' title='bbox 2519 2848 2811 2904; x_wconf 85' lang='lat' dir='ltr'><strong>civitatem.</strong></span> <span class='ocrx_word' id='word_1_645' title='bbox 2839 2849 2909 2904; x_wconf 86' lang='lat' dir='ltr'><strong>Et</strong></span> <span class='ocrx_word' id='word_1_646' title='bbox 2934 2859 3081 2906; x_wconf 91' lang='lat' dir='ltr'><strong>certe</strong></span> <span class='ocrx_word' id='word_1_647' title='bbox 3111 2852 3311 2909; x_wconf 87' lang='lat' dir='ltr'><strong>caritas</strong></span> <span class='ocrx_word' id='word_1_648' title='bbox 3340 2863 3585 2926; x_wconf 81' lang='lat' dir='ltr'><strong>tempore</strong></span> 
     </span>
    </p>
   </div>
   <div class='ocr_carea' id='block_1_79' title="bbox 1964 2936 3583 3020">
    <p class='ocr_par' dir='ltr' id='par_1_79' title="bbox 1964 2936 3583 3020">
     <span class='ocr_line' id='line_1_79' title="bbox 1964 2936 3583 3020; baseline 0.007 -30"><span class='ocrx_word' id='word_1_649' title='bbox 1964 2936 2102 2992; x_wconf 89' lang='lat' dir='ltr'><strong>solet</strong></span> <span class='ocrx_word' id='word_1_650' title='bbox 2139 2952 2480 2996; x_wconf 87' lang='lat' dir='ltr'><strong>marcescere</strong></span> <span class='ocrx_word' id='word_1_651' title='bbox 2503 2982 2518 3007; x_wconf 93' lang='lat'><strong>,</strong></span> <span class='ocrx_word' id='word_1_652' title='bbox 2543 2950 2721 2999; x_wconf 89' lang='lat' dir='ltr'><strong>vestra</strong></span> <span class='ocrx_word' id='word_1_653' title='bbox 2744 2953 2922 3000; x_wconf 89' lang='lat' dir='ltr'><strong>autem</strong></span> <span class='ocrx_word' id='word_1_654' title='bbox 2936 2944 3153 3002; x_wconf 89' lang='lat' dir='ltr'><strong>dilectio</strong></span> <span class='ocrx_word' id='word_1_655' title='bbox 3176 2947 3417 3018; x_wconf 86' lang='lat' dir='ltr'><strong>quotidie</strong></span> <span class='ocrx_word' id='word_1_656' title='bbox 3444 2962 3583 3020; x_wconf 73' lang='lat' dir='ltr'><strong>ang-</strong></span> 
     </span>
    </p>
   </div>
   <div class='ocr_carea' id='block_1_80' title="bbox 1962 3028 3585 3112">
    <p class='ocr_par' dir='ltr' id='par_1_80' title="bbox 1962 3028 3585 3112">
     <span class='ocr_line' id='line_1_80' title="bbox 1962 3028 3585 3112; baseline 0.009 -30"><span class='ocrx_word' id='word_1_657' title='bbox 1962 3028 2323 3086; x_wconf 88' lang='lat' dir='ltr'><strong>mentabatur.</strong></span> <span class='ocrx_word' id='word_1_658' title='bbox 2389 3031 2459 3088; x_wconf 88' lang='lat' dir='ltr'><strong>Et</strong></span> <span class='ocrx_word' id='word_1_659' title='bbox 2484 3049 2643 3105; x_wconf 87' lang='lat' dir='ltr'><strong>quem</strong></span> <span class='ocrx_word' id='word_1_660' title='bbox 2673 3035 2744 3090; x_wconf 91' lang='lat' dir='ltr'><strong>ita</strong></span> <span class='ocrx_word' id='word_1_661' title='bbox 2773 3035 3048 3092; x_wconf 88' lang='lat' dir='ltr'><strong>absentem</strong></span> <span class='ocrx_word' id='word_1_662' title='bbox 3082 3037 3384 3110; x_wconf 88' lang='lat' dir='ltr'><strong>diligebatis</strong></span> <span class='ocrx_word' id='word_1_663' title='bbox 3404 3082 3421 3107; x_wconf 93' lang='lat'><strong>,</strong></span> <span class='ocrx_word' id='word_1_664' title='bbox 3451 3056 3585 3112; x_wconf 73' lang='lat' dir='ltr'><strong>pra:-</strong></span> 
     </span>
    </p>
   </div>
   <div class='ocr_carea' id='block_1_81' title="bbox 1961 3120 3576 3194">
    <p class='ocr_par' dir='ltr' id='par_1_81' title="bbox 1961 3120 3576 3194">
     <span class='ocr_line' id='line_1_81' title="bbox 1961 3120 3576 3194; baseline 0.009 -21"><span class='ocrx_word' id='word_1_665' title='bbox 1961 3127 2170 3175; x_wconf 84' lang='lat' dir='ltr'><strong>scntem</strong></span> <span class='ocrx_word' id='word_1_666' title='bbox 2197 3120 2361 3177; x_wconf 89' lang='lat' dir='ltr'><strong>credo</strong></span> <span class='ocrx_word' id='word_1_667' title='bbox 2390 3123 2531 3194; x_wconf 91' lang='lat' dir='ltr'><strong>quod</strong></span> <span class='ocrx_word' id='word_1_668' title='bbox 2565 3125 2756 3181; x_wconf 89' lang='lat' dir='ltr'><strong>melius</strong></span> <span class='ocrx_word' id='word_1_669' title='bbox 2797 3129 3010 3184; x_wconf 90' lang='lat' dir='ltr'><strong>ametis.</strong></span> <span class='ocrx_word' id='word_1_670' title='bbox 3045 3127 3150 3184; x_wconf 89' lang='lat' dir='ltr'><strong>Iste</strong></span> <span class='ocrx_word' id='word_1_671' title='bbox 3175 3144 3330 3186; x_wconf 89' lang='lat' dir='ltr'><strong>meus</strong></span> <span class='ocrx_word' id='word_1_672' title='bbox 3361 3130 3576 3187; x_wconf 82' lang='lat' dir='ltr'><strong>thesau-</strong></span> 
     </span>
    </p>
   </div>
   <div class='ocr_carea' id='block_1_82' title="bbox 1962 3208 3582 3280">
    <p class='ocr_par' dir='ltr' id='par_1_82' title="bbox 1962 3208 3582 3280">
     <span class='ocr_line' id='line_1_82' title="bbox 1962 3208 3582 3280; baseline 0.009 -17"><span class='ocrx_word' id='word_1_673' title='bbox 1962 3222 2054 3263; x_wconf 88' lang='lat' dir='ltr'><strong>rus</strong></span> <span class='ocrx_word' id='word_1_674' title='bbox 2072 3251 2088 3276; x_wconf 95' lang='lat'><strong>,</strong></span> <span class='ocrx_word' id='word_1_675' title='bbox 2124 3208 2210 3266; x_wconf 76' lang='lat' dir='ltr'><strong>ha:</strong></span> <span class='ocrx_word' id='word_1_676' title='bbox 2237 3223 2362 3266; x_wconf 89' lang='lat' dir='ltr'><strong>sunt</strong></span> <span class='ocrx_word' id='word_1_677' title='bbox 2405 3228 2540 3270; x_wconf 69' lang='lat' dir='ltr'><strong>mea:</strong></span> <span class='ocrx_word' id='word_1_678' title='bbox 2569 3214 2792 3271; x_wconf 77' lang='lat' dir='ltr'><strong>divitiae.</strong></span> <span class='ocrx_word' id='word_1_679' title='bbox 2828 3217 2899 3272; x_wconf 89' lang='lat' dir='ltr'><strong>Et</strong></span> <span class='ocrx_word' id='word_1_680' title='bbox 2925 3217 3050 3274; x_wconf 89' lang='lat' dir='ltr'><strong>ideo</strong></span> <span class='ocrx_word' id='word_1_681' title='bbox 3073 3227 3283 3275; x_wconf 86' lang='lat' dir='ltr'><strong>vestras</strong></span> <span class='ocrx_word' id='word_1_682' title='bbox 3309 3222 3582 3280; x_wconf 87' lang='lat' dir='ltr'><strong>orationes</strong></span> 
     </span>
    </p>
   </div>
   <div class='ocr_carea' id='block_1_83' title="bbox 1959 3302 3579 3372">
    <p class='ocr_par' dir='ltr' id='par_1_83' title="bbox 1959 3302 3579 3372">
     <span class='ocr_line' id='line_1_83' title="bbox 1959 3302 3579 3372; baseline 0.008 -14"><span class='ocrx_word' id='word_1_683' title='bbox 1959 3302 2196 3372; x_wconf 85' lang='lat' dir='ltr'><strong>requiro.</strong></span> <span class='ocrx_word' id='word_1_684' title='bbox 2226 3302 2510 3361; x_wconf 89' lang='lat' dir='ltr'><strong>Orationes</strong></span> <span class='ocrx_word' id='word_1_685' title='bbox 2555 3315 2750 3363; x_wconf 68' lang='lat' dir='ltr'><strong>vestrm</strong></span> <span class='ocrx_word' id='word_1_686' title='bbox 2803 3323 2992 3364; x_wconf 89' lang='lat' dir='ltr'><strong>murus</strong></span> <span class='ocrx_word' id='word_1_687' title='bbox 3032 3309 3162 3366; x_wconf 90' lang='lat' dir='ltr'><strong>mihi</strong></span> <span class='ocrx_word' id='word_1_688' title='bbox 3200 3320 3257 3367; x_wconf 88' lang='lat' dir='ltr'><strong>et</strong></span> <span class='ocrx_word' id='word_1_689' title='bbox 3301 3314 3579 3371; x_wconf 89' lang='lat' dir='ltr'><strong>munimen</strong></span> 
     </span>
    </p>
   </div>
   <div class='ocr_carea' id='block_1_84' title="bbox 1960 3395 3582 3477">
    <p class='ocr_par' dir='ltr' id='par_1_84' title="bbox 1960 3395 3582 3477">
     <span class='ocr_line' id='line_1_84' title="bbox 1960 3395 3582 3477; baseline 0.009 -28"><span class='ocrx_word' id='word_1_690' title='bbox 1960 3403 2105 3450; x_wconf 87' lang='lat' dir='ltr'><strong>sunt.</strong></span> <span class='ocrx_word' id='word_1_691' title='bbox 2128 3395 2251 3451; x_wconf 88' lang='lat' dir='ltr'><strong>Noli</strong></span> <span class='ocrx_word' id='word_1_692' title='bbox 2271 3396 2472 3466; x_wconf 89' lang='lat' dir='ltr'><strong>dicere,</strong></span> <span class='ocrx_word' id='word_1_693' title='bbox 2493 3399 2607 3470; x_wconf 85' lang='lat' dir='ltr'><strong>Ego</strong></span> <span class='ocrx_word' id='word_1_694' title='bbox 2633 3399 2918 3471; x_wconf 86' lang='lat' dir='ltr'><strong>languidus</strong></span> <span class='ocrx_word' id='word_1_695' title='bbox 2937 3416 3077 3469; x_wconf 88' lang='lat' dir='ltr'><strong>sum,</strong></span> <span class='ocrx_word' id='word_1_696' title='bbox 3100 3404 3371 3475; x_wconf 90' lang='lat' dir='ltr'><strong>quomodo</strong></span> <span class='ocrx_word' id='word_1_697' title='bbox 3393 3415 3582 3477; x_wconf 87' lang='lat' dir='ltr'><strong>potero</strong></span> 
     </span>
    </p>
   </div>
   <div class='ocr_carea' id='block_1_85' title="bbox 1961 3478 3585 3564">
    <p class='ocr_par' dir='ltr' id='par_1_85' title="bbox 1961 3478 3585 3564">
     <span class='ocr_line' id='line_1_85' title="bbox 1961 3478 3585 3564; baseline 0.007 -24"><span class='ocrx_word' id='word_1_698' title='bbox 1961 3500 2060 3555; x_wconf 90' lang='lat' dir='ltr'><strong>pro</strong></span> <span class='ocrx_word' id='word_1_699' title='bbox 2083 3485 2366 3543; x_wconf 88' lang='lat' dir='ltr'><strong>sacerdote</strong></span> <span class='ocrx_word' id='word_1_700' title='bbox 2385 3489 2576 3546; x_wconf 84' lang='lat' dir='ltr'><strong>orare?</strong></span> <span class='ocrx_word' id='word_1_701' title='bbox 2595 3490 2732 3546; x_wconf 81' lang='lat' dir='ltr'><strong>Audi</strong></span> <span class='ocrx_word' id='word_1_702' title='bbox 2753 3478 3088 3564; x_wconf 86' lang='lat' dir='ltr'><strong>Scripturam</strong></span> <span class='ocrx_word' id='word_1_703' title='bbox 3109 3494 3379 3552; x_wconf 85' lang='lat' dir='ltr'><strong>dicentem</strong></span> <span class='ocrx_word' id='word_1_704' title='bbox 3407 3515 3420 3552; x_wconf 93' lang='lat'>:</span> <span class='ocrx_word' id='word_1_705' title='bbox 3447 3496 3585 3552; x_wconf 81' lang='lat' dir='ltr'><strong>Ora-</strong></span> 
     </span>
    </p>
   </div>
   <div class='ocr_carea' id='block_1_86' title="bbox 1961 3577 3579 3658">
    <p class='ocr_par' dir='ltr' id='par_1_86' title="bbox 1961 3577 3579 3658">
     <span class='ocr_line' id='line_1_86' title="bbox 1961 3577 3579 3658; baseline 0.011 -29"><span class='ocrx_word' id='word_1_706' title='bbox 1961 3577 2032 3630; x_wconf 86' lang='lat' dir='ltr'><strong>tio</strong></span> <span class='ocrx_word' id='word_1_707' title='bbox 2071 3587 2243 3633; x_wconf 77' lang='lat' dir='ltr'><strong>autem</strong></span> <span class='ocrx_word' id='word_1_708' title='bbox 2296 3579 2449 3649; x_wconf 79' lang='lat' dir='ltr'><strong>fiebat</strong></span> <span class='ocrx_word' id='word_1_709' title='bbox 2495 3582 2997 3656; x_wconf 75' lang='lat' dir='ltr'><strong>continua(Act.i2.</strong></span> <span class='ocrx_word' id='word_1_710' title='bbox 3018 3586 3097 3658; x_wconf 84' lang='lat'><strong>5).</strong></span> <span class='ocrx_word' id='word_1_711' title='bbox 3125 3585 3195 3643; x_wconf 85' lang='lat' dir='ltr'><strong>Et</strong></span> <span class='ocrx_word' id='word_1_712' title='bbox 3214 3590 3579 3646; x_wconf 79' lang='lat' dir='ltr'><strong>ecclesiastica</strong></span> 
     </span>
    </p>
   </div>
   <div class='ocr_carea' id='block_1_87' title="bbox 1959 3667 3583 3751">
    <p class='ocr_par' dir='ltr' id='par_1_87' title="bbox 1959 3667 3583 3751">
     <span class='ocr_line' id='line_1_87' title="bbox 1959 3667 3583 3751; baseline 0.012 -32"><span class='ocrx_word' id='word_1_713' title='bbox 1959 3667 2135 3722; x_wconf 87' lang='lat' dir='ltr'><strong>oratio</strong></span> <span class='ocrx_word' id='word_1_714' title='bbox 2164 3668 2326 3724; x_wconf 88' lang='lat' dir='ltr'><strong>solvit</strong></span> <span class='ocrx_word' id='word_1_715' title='bbox 2353 3670 2565 3727; x_wconf 87' lang='lat' dir='ltr'><strong>vincula</strong></span> <span class='ocrx_word' id='word_1_716' title='bbox 2594 3673 2762 3744; x_wconf 92' lang='lat' dir='ltr'><strong>Petri,</strong></span> <span class='ocrx_word' id='word_1_717' title='bbox 2789 3685 2846 3732; x_wconf 89' lang='lat' dir='ltr'><strong>et</strong></span> <span class='ocrx_word' id='word_1_718' title='bbox 2874 3676 3024 3733; x_wconf 91' lang='lat' dir='ltr'><strong>Pauli</strong></span> <span class='ocrx_word' id='word_1_719' title='bbox 3059 3677 3301 3734; x_wconf 88' lang='lat' dir='ltr'><strong>dilatavit</strong></span> <span class='ocrx_word' id='word_1_720' title='bbox 3321 3681 3583 3751; x_wconf 64' lang='lat' dir='ltr'><strong>praedica-</strong></span> 
     </span>
    </p>
   </div>
   <div class='ocr_carea' id='block_1_88' title="bbox 1960 3755 3582 3840">
    <p class='ocr_par' dir='ltr' id='par_1_88' title="bbox 1960 3755 3582 3840">
     <span class='ocr_line' id='line_1_88' title="bbox 1960 3755 3582 3840; baseline 0.012 -30"><span class='ocrx_word' id='word_1_721' title='bbox 1960 3755 2120 3812; x_wconf 90' lang='lat' dir='ltr'><strong>tionis</strong></span> <span class='ocrx_word' id='word_1_722' title='bbox 2146 3756 2416 3814; x_wconf 85' lang='lat' dir='ltr'><strong>fiduciam.</strong></span> <span class='ocrx_word' id='word_1_723' title='bbox 2440 3761 2625 3820; x_wconf 85' lang='lat' dir='ltr'><strong>Oratio</strong></span> <span class='ocrx_word' id='word_1_724' title='bbox 2644 3765 2915 3822; x_wconf 88' lang='lat' dir='ltr'><strong>caminum</strong></span> <span class='ocrx_word' id='word_1_725' title='bbox 2941 3767 3081 3836; x_wconf 83' lang='lat' dir='ltr'><strong>ignis</strong></span> <span class='ocrx_word' id='word_1_726' title='bbox 3100 3772 3378 3840; x_wconf 84' lang='lat' dir='ltr'><strong>exstinxit,</strong></span> <span class='ocrx_word' id='word_1_727' title='bbox 3407 3775 3582 3829; x_wconf 87' lang='lat' dir='ltr'><strong>oratio</strong></span> 
     </span>
    </p>
   </div>
   <div class='ocr_carea' id='block_1_89' title="bbox 1962 3848 3580 3935">
    <p class='ocr_par' dir='ltr' id='par_1_89' title="bbox 1962 3848 3580 3935">
     <span class='ocr_line' id='line_1_89' title="bbox 1962 3848 3580 3935; baseline 0.012 -34"><span class='ocrx_word' id='word_1_728' title='bbox 1962 3848 2227 3905; x_wconf 90' lang='lat' dir='ltr'><strong>conclusit</strong></span> <span class='ocrx_word' id='word_1_729' title='bbox 2250 3865 2342 3905; x_wconf 89' lang='lat' dir='ltr'><strong>ora</strong></span> <span class='ocrx_word' id='word_1_730' title='bbox 2375 3851 2591 3908; x_wconf 91' lang='lat' dir='ltr'><strong>leonum</strong></span> <span class='ocrx_word' id='word_1_731' title='bbox 2624 3897 2640 3923; x_wconf 96' lang='lat'><strong>,</strong></span> <span class='ocrx_word' id='word_1_732' title='bbox 2667 3857 2841 3913; x_wconf 88' lang='lat' dir='ltr'><strong>oratio</strong></span> <span class='ocrx_word' id='word_1_733' title='bbox 2869 3859 3192 3916; x_wconf 90' lang='lat' dir='ltr'><strong>seditionem</strong></span> <span class='ocrx_word' id='word_1_734' title='bbox 3224 3867 3580 3935; x_wconf 87' lang='lat' dir='ltr'><strong>compescuit,</strong></span> 
     </span>
    </p>
   </div>
   <div class='ocr_carea' id='block_1_90' title="bbox 1960 3935 3581 4016">
    <p class='ocr_par' dir='ltr' id='par_1_90' title="bbox 1960 3935 3581 4016">
     <span class='ocr_line' id='line_1_90' title="bbox 1960 3935 3581 4016; baseline 0.011 -24"><span class='ocrx_word' id='word_1_735' title='bbox 1960 3935 2133 3993; x_wconf 90' lang='lat' dir='ltr'><strong>oratio</strong></span> <span class='ocrx_word' id='word_1_736' title='bbox 2157 3940 2465 4011; x_wconf 89' lang='lat' dir='ltr'><strong>paradisum</strong></span> <span class='ocrx_word' id='word_1_737' title='bbox 2487 3945 2718 4016; x_wconf 88' lang='lat' dir='ltr'><strong>aperuit,</strong></span> <span class='ocrx_word' id='word_1_738' title='bbox 2740 3949 2914 4005; x_wconf 89' lang='lat' dir='ltr'><strong>oratio</strong></span> <span class='ocrx_word' id='word_1_739' title='bbox 2941 3950 3060 4006; x_wconf 67' lang='lat' dir='ltr'><strong>cadi</strong></span> <span class='ocrx_word' id='word_1_740' title='bbox 3092 3952 3340 4010; x_wconf 89' lang='lat' dir='ltr'><strong>cardines</strong></span> <span class='ocrx_word' id='word_1_741' title='bbox 3365 3971 3581 4012; x_wconf 77' lang='lat' dir='ltr'><strong>resera-</strong></span> 
     </span>
    </p>
   </div>
   <div class='ocr_carea' id='block_1_91' title="bbox 1962 4029 3578 4107">
    <p class='ocr_par' dir='ltr' id='par_1_91' title="bbox 1962 4029 3578 4107">
     <span class='ocr_line' id='line_1_91' title="bbox 1962 4029 3578 4107; baseline 0.014 -26"><span class='ocrx_word' id='word_1_742' title='bbox 1962 4029 2071 4096; x_wconf 91' lang='lat' dir='ltr'><strong>vit,</strong></span> <span class='ocrx_word' id='word_1_743' title='bbox 2103 4031 2278 4086; x_wconf 89' lang='lat' dir='ltr'><strong>oratio</strong></span> <span class='ocrx_word' id='word_1_744' title='bbox 2303 4034 2542 4090; x_wconf 87' lang='lat' dir='ltr'><strong>sterilem</strong></span> <span class='ocrx_word' id='word_1_745' title='bbox 2572 4035 2918 4107; x_wconf 89' lang='lat' dir='ltr'><strong>fecundavit,</strong></span> <span class='ocrx_word' id='word_1_746' title='bbox 2941 4043 3116 4098; x_wconf 90' lang='lat' dir='ltr'><strong>oratio</strong></span> <span class='ocrx_word' id='word_1_747' title='bbox 3145 4043 3384 4103; x_wconf 90' lang='lat' dir='ltr'><strong>Cornelii</strong></span> <span class='ocrx_word' id='word_1_748' title='bbox 3414 4049 3578 4103; x_wconf 64' lang='lat' dir='ltr'><strong>castos</strong></span> 
     </span>
    </p>
   </div>
   <div class='ocr_carea' id='block_1_92' title="bbox 1959 4124 3578 4202">
    <p class='ocr_par' dir='ltr' id='par_1_92' title="bbox 1959 4124 3578 4202">
     <span class='ocr_line' id='line_1_92' title="bbox 1959 4124 3578 4202; baseline 0.013 -28"><span class='ocrx_word' id='word_1_749' title='bbox 1959 4124 2282 4190; x_wconf 86' lang='lat' dir='ltr'><strong>penetravit,</strong></span> <span class='ocrx_word' id='word_1_750' title='bbox 2311 4125 2486 4181; x_wconf 90' lang='lat' dir='ltr'><strong>oratio</strong></span> <span class='ocrx_word' id='word_1_751' title='bbox 2505 4127 2852 4198; x_wconf 83' lang='lat' dir='ltr'><strong>publicanum</strong></span> <span class='ocrx_word' id='word_1_752' title='bbox 2869 4131 3202 4202; x_wconf 83' lang='lat' dir='ltr'><strong>justifieavit.</strong></span> <span class='ocrx_word' id='word_1_753' title='bbox 3223 4135 3356 4193; x_wconf 87' lang='lat' dir='ltr'><strong>Tale</strong></span> <span class='ocrx_word' id='word_1_754' title='bbox 3373 4153 3406 4194; x_wconf 88' lang='lat' dir='ltr'><strong>a</strong></span> <span class='ocrx_word' id='word_1_755' title='bbox 3427 4139 3578 4195; x_wconf 90' lang='lat' dir='ltr'><strong>vobis</strong></span> 
     </span>
    </p>
   </div>
   <div class='ocr_carea' id='block_1_93' title="bbox 1958 4213 3577 4296">
    <p class='ocr_par' dir='ltr' id='par_1_93' title="bbox 1958 4213 3577 4296">
     <span class='ocr_line' id='line_1_93' title="bbox 1958 4213 3577 4296; baseline 0.014 -30"><span class='ocrx_word' id='word_1_756' title='bbox 1958 4213 2234 4270; x_wconf 86' lang='lat' dir='ltr'><strong>munimen</strong></span> <span class='ocrx_word' id='word_1_757' title='bbox 2283 4218 2502 4288; x_wconf 90' lang='lat' dir='ltr'><strong>requiro</strong></span> <span class='ocrx_word' id='word_1_758' title='bbox 2526 4261 2541 4285; x_wconf 94' lang='lat'><strong>,</strong></span> <span class='ocrx_word' id='word_1_759' title='bbox 2598 4221 2759 4277; x_wconf 89' lang='lat' dir='ltr'><strong>talem</strong></span> <span class='ocrx_word' id='word_1_760' title='bbox 2809 4225 3036 4295; x_wconf 88' lang='lat' dir='ltr'><strong>gratiam</strong></span> <span class='ocrx_word' id='word_1_761' title='bbox 3067 4227 3318 4296; x_wconf 88' lang='lat' dir='ltr'><strong>postulo:</strong></span> <span class='ocrx_word' id='word_1_762' title='bbox 3346 4239 3402 4286; x_wconf 91' lang='lat' dir='ltr'><strong>et</strong></span> <span class='ocrx_word' id='word_1_763' title='bbox 3432 4230 3577 4288; x_wconf 89' lang='lat' dir='ltr'><strong>Deus</strong></span> 
     </span>
    </p>
   </div>
   <div class='ocr_carea' id='block_1_94' title="bbox 1961 4304 3574 4394">
    <p class='ocr_par' dir='ltr' id='par_1_94' title="bbox 1961 4304 3574 4394">
     <span class='ocr_line' id='line_1_94' title="bbox 1961 4304 3574 4394; baseline 0.015 -39"><span class='ocrx_word' id='word_1_764' title='bbox 1961 4304 2147 4374; x_wconf 69' lang='lat' dir='ltr'><strong>gloria:</strong></span> <span class='ocrx_word' id='word_1_765' title='bbox 2174 4308 2475 4379; x_wconf 88' lang='lat' dir='ltr'><strong>suscipiens</strong></span> <span class='ocrx_word' id='word_1_766' title='bbox 2494 4313 2768 4370; x_wconf 88' lang='lat' dir='ltr'><strong>orationes</strong></span> <span class='ocrx_word' id='word_1_767' title='bbox 2789 4325 3018 4387; x_wconf 86' lang='lat' dir='ltr'><strong>vestras,</strong></span> <span class='ocrx_word' id='word_1_768' title='bbox 3048 4317 3140 4376; x_wconf 88' lang='lat' dir='ltr'><strong>det</strong></span> <span class='ocrx_word' id='word_1_769' title='bbox 3169 4321 3301 4377; x_wconf 91' lang='lat' dir='ltr'><strong>mihi</strong></span> <span class='ocrx_word' id='word_1_770' title='bbox 3333 4324 3387 4378; x_wconf 91' lang='lat' dir='ltr'><strong>in</strong></span> <span class='ocrx_word' id='word_1_771' title='bbox 3411 4339 3574 4394; x_wconf 84' lang='lat' dir='ltr'><strong>aper-</strong></span> 
     </span>
    </p>
   </div>
   <div class='ocr_carea' id='block_1_95' title="bbox 1960 4396 3574 4482">
    <p class='ocr_par' dir='ltr' id='par_1_95' title="bbox 1960 4396 3574 4482">
     <span class='ocr_line' id='line_1_95' title="bbox 1960 4396 3574 4482; baseline 0.014 -31"><span class='ocrx_word' id='word_1_772' title='bbox 1960 4396 2106 4454; x_wconf 88' lang='lat' dir='ltr'><strong>tione</strong></span> <span class='ocrx_word' id='word_1_773' title='bbox 2127 4401 2239 4455; x_wconf 88' lang='lat' dir='ltr'><strong>oris</strong></span> <span class='ocrx_word' id='word_1_774' title='bbox 2264 4401 2371 4458; x_wconf 89' lang='lat' dir='ltr'><strong>mei</strong></span> <span class='ocrx_word' id='word_1_775' title='bbox 2398 4418 2702 4462; x_wconf 89' lang='lat' dir='ltr'><strong>sermonem</strong></span> <span class='ocrx_word' id='word_1_776' title='bbox 2722 4451 2736 4475; x_wconf 92' lang='lat'><strong>,</strong></span> <span class='ocrx_word' id='word_1_777' title='bbox 2769 4425 2878 4480; x_wconf 92' lang='lat' dir='ltr'><strong>quo</strong></span> <span class='ocrx_word' id='word_1_778' title='bbox 2915 4413 3118 4482; x_wconf 90' lang='lat' dir='ltr'><strong>possim</strong></span> <span class='ocrx_word' id='word_1_779' title='bbox 3145 4415 3408 4471; x_wconf 89' lang='lat' dir='ltr'><strong>creditum</strong></span> <span class='ocrx_word' id='word_1_780' title='bbox 3440 4419 3574 4475; x_wconf 89' lang='lat' dir='ltr'><strong>mihi</strong></span> 
     </span>
    </p>
   </div>
   <div class='ocr_carea' id='block_1_96' title="bbox 1958 4490 3572 4571">
    <p class='ocr_par' dir='ltr' id='par_1_96' title="bbox 1958 4490 3572 4571">
     <span class='ocr_line' id='line_1_96' title="bbox 1958 4490 3572 4571; baseline 0.014 -29"><span class='ocrx_word' id='word_1_781' title='bbox 1958 4490 2214 4559; x_wconf 88' lang='lat' dir='ltr'><strong>populum</strong></span> <span class='ocrx_word' id='word_1_782' title='bbox 2240 4490 2506 4550; x_wconf 88' lang='lat' dir='ltr'><strong>instruere</strong></span> <span class='ocrx_word' id='word_1_783' title='bbox 2525 4496 2592 4550; x_wconf 90' lang='lat' dir='ltr'><strong>ad</strong></span> <span class='ocrx_word' id='word_1_784' title='bbox 2613 4498 2840 4554; x_wconf 86' lang='lat' dir='ltr'><strong>salutem</strong></span> <span class='ocrx_word' id='word_1_785' title='bbox 2868 4516 2964 4571; x_wconf 90' lang='lat' dir='ltr'><strong>per</strong></span> <span class='ocrx_word' id='word_1_786' title='bbox 2982 4500 3260 4561; x_wconf 88' lang='lat' dir='ltr'><strong>Christum</strong></span> <span class='ocrx_word' id='word_1_787' title='bbox 3285 4507 3572 4564; x_wconf 91' lang='lat' dir='ltr'><strong>Dominum</strong></span> 
     </span>
    </p>
   </div>
   <div class='ocr_carea' id='block_1_97' title="bbox 1956 4589 3572 4668">
    <p class='ocr_par' dir='ltr' id='par_1_97' title="bbox 1956 4589 3572 4668">
     <span class='ocr_line' id='line_1_97' title="bbox 1956 4589 3572 4668; baseline 0.014 -36"><span class='ocrx_word' id='word_1_788' title='bbox 1956 4589 2234 4647; x_wconf 90' lang='lat' dir='ltr'><strong>nostrum,</strong></span> <span class='ocrx_word' id='word_1_789' title='bbox 2264 4596 2386 4638; x_wconf 93' lang='lat' dir='ltr'><strong>cum</strong></span> <span class='ocrx_word' id='word_1_790' title='bbox 2430 4599 2539 4655; x_wconf 91' lang='lat' dir='ltr'><strong>quo</strong></span> <span class='ocrx_word' id='word_1_791' title='bbox 2575 4596 2658 4642; x_wconf 91' lang='lat' dir='ltr'><strong>est</strong></span> <span class='ocrx_word' id='word_1_792' title='bbox 2688 4589 2798 4645; x_wconf 90' lang='lat' dir='ltr'><strong>Deo</strong></span> <span class='ocrx_word' id='word_1_793' title='bbox 2836 4591 2980 4648; x_wconf 83' lang='lat' dir='ltr'><strong>Patri</strong></span> <span class='ocrx_word' id='word_1_794' title='bbox 3022 4609 3145 4650; x_wconf 90' lang='lat' dir='ltr'><strong>cum</strong></span> <span class='ocrx_word' id='word_1_795' title='bbox 3195 4596 3397 4668; x_wconf 89' lang='lat' dir='ltr'><strong>Spiritu</strong></span> <span class='ocrx_word' id='word_1_796' title='bbox 3444 4613 3572 4655; x_wconf 78' lang='lat' dir='ltr'><strong>san-</strong></span> 
     </span>
    </p>
   </div>
   <div class='ocr_carea' id='block_1_98' title="bbox 1955 4671 3571 4750">
    <p class='ocr_par' dir='ltr' id='par_1_98' title="bbox 1955 4671 3571 4750">
     <span class='ocr_line' id='line_1_98' title="bbox 1955 4671 3571 4750; baseline 0.016 -28"><span class='ocrx_word' id='word_1_797' title='bbox 1955 4678 2046 4723; x_wconf 90' lang='lat' dir='ltr'><strong>cto</strong></span> <span class='ocrx_word' id='word_1_798' title='bbox 2091 4671 2264 4728; x_wconf 89' lang='lat' dir='ltr'><strong>honor</strong></span> <span class='ocrx_word' id='word_1_799' title='bbox 2282 4713 2299 4740; x_wconf 94' lang='lat'><strong>,</strong></span> <span class='ocrx_word' id='word_1_800' title='bbox 2330 4674 2499 4745; x_wconf 81' lang='lat' dir='ltr'><strong>gloria</strong></span> <span class='ocrx_word' id='word_1_801' title='bbox 2529 4717 2546 4746; x_wconf 97' lang='lat'><strong>,</strong></span> <span class='ocrx_word' id='word_1_802' title='bbox 2573 4686 2628 4734; x_wconf 91' lang='lat' dir='ltr'><strong>et</strong></span> <span class='ocrx_word' id='word_1_803' title='bbox 2657 4687 2892 4750; x_wconf 75' lang='lat' dir='ltr'><strong>potestas</strong></span> <span class='ocrx_word' id='word_1_804' title='bbox 2917 4683 2971 4738; x_wconf 92' lang='lat' dir='ltr'><strong>in</strong></span> <span class='ocrx_word' id='word_1_805' title='bbox 3000 4687 3197 4742; x_wconf 74' lang='lat' dir='ltr'><strong>smcula</strong></span> <span class='ocrx_word' id='word_1_806' title='bbox 3224 4692 3571 4748; x_wconf 73' lang='lat' dir='ltr'><strong>saaculorum.</strong></span> 
     </span>
    </p>
   </div>
   <div class='ocr_carea' id='block_1_99' title="bbox 1961 4763 2154 4816">
    <p class='ocr_par' dir='ltr' id='par_1_99' title="bbox 1961 4763 2154 4816">
     <span class='ocr_line' id='line_1_99' title="bbox 1961 4763 2154 4816; baseline 0.016 -3"><span class='ocrx_word' id='word_1_807' title='bbox 1961 4763 2154 4816; x_wconf 80' lang='lat' dir='ltr'><strong>Amen.</strong></span> 
     </span>
    </p>
   </div>
   <div class='ocr_carea' id='block_1_100' title="bbox 251 4968 3569 5036">
    <p class='ocr_par' dir='ltr' id='par_1_100' title="bbox 251 4968 3569 5036">
     <span class='ocr_line' id='line_1_100' title="bbox 251 4968 3569 5036; baseline 0.008 -55"><span class='ocrx_word' id='word_1_808' title='bbox 251 4968 3569 5036; x_wconf 29' lang='lat' dir='ltr'><strong>Nm“</strong></span> 
     </span>
    </p>
   </div>
   <div class='ocr_carea' id='block_1_101' title="bbox 1331 5080 2502 5167">
    <p class='ocr_par' dir='ltr' id='par_1_101' title="bbox 1331 5080 2502 5167">
     <span class='ocr_line' id='line_1_101' title="bbox 1331 5080 2502 5167; baseline 0.02 -27"><span class='ocrx_word' id='word_1_809' title='bbox 1331 5080 1444 5142; x_wconf 90' lang='lat' dir='ltr'><strong>DE</strong></span> <span class='ocrx_word' id='word_1_810' title='bbox 1489 5085 1974 5156; x_wconf 82' lang='lat' dir='ltr'><strong>RECIPIENDO</strong></span> <span class='ocrx_word' id='word_1_811' title='bbox 2018 5096 2502 5167; x_wconf 79' lang='lat' dir='ltr'><strong>SEVERIANO.</strong></span> 
     </span>
    </p>
   </div>
   <div class='ocr_carea' id='block_1_102' title="bbox 315 5222 1854 5320">
    <p class='ocr_par' dir='ltr' id='par_1_102' title="bbox 315 5222 1854 5320">
     <span class='ocr_line' id='line_1_102' title="bbox 315 5222 1854 5320; baseline 0.024 -43"><span class='ocrx_word' id='word_1_812' title='bbox 315 5222 484 5320; x_wconf 80' lang='lat' dir='ltr'><strong>Sicuti</strong></span> <span class='ocrx_word' id='word_1_813' title='bbox 512 5229 671 5298; x_wconf 90' lang='lat' dir='ltr'><strong>capiti</strong></span> <span class='ocrx_word' id='word_1_814' title='bbox 693 5245 890 5301; x_wconf 89' lang='lat' dir='ltr'><strong>corpus</strong></span> <span class='ocrx_word' id='word_1_815' title='bbox 941 5237 1216 5298; x_wconf 77' lang='lat' dir='ltr'><strong>cohaerere</strong></span> <span class='ocrx_word' id='word_1_816' title='bbox 1242 5252 1604 5307; x_wconf 89' lang='lat' dir='ltr'><strong>necessarium</strong></span> <span class='ocrx_word' id='word_1_817' title='bbox 1633 5265 1735 5320; x_wconf 91' lang='lat' dir='ltr'><strong>cst,</strong></span> <span class='ocrx_word' id='word_1_818' title='bbox 1784 5259 1854 5314; x_wconf 89' lang='lat' dir='ltr'><strong>ita</strong></span> 
     </span>
    </p>
   </div>
   <div class='ocr_carea' id='block_1_103' title="bbox 252 5312 1854 5417">
    <p class='ocr_par' dir='ltr' id='par_1_103' title="bbox 252 5312 1854 5417">
     <span class='ocr_line' id='line_1_103' title="bbox 252 5312 1854 5417; baseline 0.026 -52"><span class='ocrx_word' id='word_1_819' title='bbox 252 5312 546 5417; x_wconf 70' lang='lat' dir='ltr'><strong>Ecclesium</strong></span> <span class='ocrx_word' id='word_1_820' title='bbox 572 5323 860 5417; x_wconf 68' lang='lat' dir='ltr'><strong>sacerdoti,</strong></span> <span class='ocrx_word' id='word_1_821' title='bbox 891 5336 944 5382; x_wconf 90' lang='lat' dir='ltr'><strong>et</strong></span> <span class='ocrx_word' id='word_1_822' title='bbox 968 5332 1193 5403; x_wconf 90' lang='lat' dir='ltr'><strong>principi</strong></span> <span class='ocrx_word' id='word_1_823' title='bbox 1226 5341 1480 5408; x_wconf 88' lang='lat' dir='ltr'><strong>populum</strong></span> <span class='ocrx_word' id='word_1_824' title='bbox 1512 5361 1527 5397; x_wconf 87' lang='lat'><strong>:</strong></span> <span class='ocrx_word' id='word_1_825' title='bbox 1558 5312 1854 5417; x_wconf 18' lang='lat' dir='ltr'><strong>ulquctvirV-i</strong></span> 
     </span>
    </p>
   </div>
   <div class='ocr_carea' id='block_1_104' title="bbox 247 5405 1853 5509">
    <p class='ocr_par' dir='ltr' id='par_1_104' title="bbox 247 5405 1853 5509">
     <span class='ocr_line' id='line_1_104' title="bbox 247 5405 1853 5509; baseline 0.028 -55"><span class='ocrx_word' id='word_1_826' title='bbox 247 5405 392 5507; x_wconf 75' lang='lat' dir='ltr'><strong>gnlta</strong></span> <span class='ocrx_word' id='word_1_827' title='bbox 423 5407 713 5509; x_wconf 79' lang='lat' dir='ltr'><strong>radicibus,</strong></span> <span class='ocrx_word' id='word_1_828' title='bbox 742 5425 796 5471; x_wconf 91' lang='lat' dir='ltr'><strong>et</strong></span> <span class='ocrx_word' id='word_1_829' title='bbox 844 5419 1076 5476; x_wconf 88' lang='lat' dir='ltr'><strong>fontibus</strong></span> <span class='ocrx_word' id='word_1_830' title='bbox 1106 5425 1274 5493; x_wconf 80' lang='lat' dir='ltr'><strong>fluvii,</strong></span> <span class='ocrx_word' id='word_1_831' title='bbox 1297 5405 1392 5487; x_wconf 25' lang='lat' dir='ltr'><strong>iita</strong></span> <span class='ocrx_word' id='word_1_832' title='bbox 1416 5443 1468 5488; x_wconf 89' lang='lat' dir='ltr'><strong>ct</strong></span> <span class='ocrx_word' id='word_1_833' title='bbox 1496 5435 1587 5491; x_wconf 83' lang='lat' dir='ltr'><strong>filii</strong></span> <span class='ocrx_word' id='word_1_834' title='bbox 1629 5405 1853 5509; x_wconf 77' lang='lat' dir='ltr'><strong>patri,et</strong></span> 
     </span>
    </p>
   </div>
   <div class='ocr_carea' id='block_1_105' title="bbox 255 5498 1850 5593">
    <p class='ocr_par' dir='ltr' id='par_1_105' title="bbox 255 5498 1850 5593">
     <span class='ocr_line' id='line_1_105' title="bbox 255 5498 1850 5593; baseline 0.029 -50"><span class='ocrx_word' id='word_1_835' title='bbox 255 5498 513 5593; x_wconf 78' lang='lat' dir='ltr'><strong>magistro</strong></span> <span class='ocrx_word' id='word_1_836' title='bbox 537 5499 808 5573; x_wconf 87' lang='lat' dir='ltr'><strong>discipuli.</strong></span> <span class='ocrx_word' id='word_1_837' title='bbox 841 5509 969 5567; x_wconf 68' lang='lat' dir='ltr'><strong>Haac</strong></span> <span class='ocrx_word' id='word_1_838' title='bbox 997 5524 1176 5569; x_wconf 90' lang='lat' dir='ltr'><strong>autem</strong></span> <span class='ocrx_word' id='word_1_839' title='bbox 1223 5535 1330 5576; x_wconf 88' lang='lat' dir='ltr'><strong>non</strong></span> <span class='ocrx_word' id='word_1_840' title='bbox 1357 5498 1724 5593; x_wconf 48' lang='lat' dir='ltr'><strong>superfluo-ad</strong></span> 
     </span>
    </p>
   </div>
   <div class='ocr_carea' id='block_1_106' title="bbox 247 5582 1848 5682">
    <p class='ocr_par' dir='ltr' id='par_1_106' title="bbox 247 5582 1848 5682">
     <span class='ocr_line' id='line_1_106' title="bbox 247 5582 1848 5682; baseline 0.029 -48"><span class='ocrx_word' id='word_1_841' title='bbox 247 5582 455 5682; x_wconf 73' lang='lat' dir='ltr'><strong>ritatcm</strong></span> <span class='ocrx_word' id='word_1_842' title='bbox 481 5599 710 5647; x_wconf 88' lang='lat' dir='ltr'><strong>vestram</strong></span> <span class='ocrx_word' id='word_1_843' title='bbox 735 5599 938 5664; x_wconf 76' lang='lat' dir='ltr'><strong>prtefati</strong></span> <span class='ocrx_word' id='word_1_844' title='bbox 963 5618 1152 5660; x_wconf 91' lang='lat' dir='ltr'><strong>sumus</strong></span> <span class='ocrx_word' id='word_1_845' title='bbox 1182 5626 1196 5660; x_wconf 87' lang='lat'><strong>:</strong></span> <span class='ocrx_word' id='word_1_846' title='bbox 1228 5611 1320 5664; x_wconf 88' lang='lat' dir='ltr'><strong>sed</strong></span> <span class='ocrx_word' id='word_1_847' title='bbox 1350 5582 1602 5682; x_wconf 78' lang='lat' dir='ltr'><strong>quoniam</strong></span> <span class='ocrx_word' id='word_1_848' title='bbox 1623 5619 1848 5680; x_wconf 82' lang='lat' dir='ltr'><strong>dicenda</strong></span> 
     </span>
    </p>
   </div>
   <div class='ocr_carea' id='block_1_107' title="bbox 249 5675 1849 5783">
    <p class='ocr_par' dir='ltr' id='par_1_107' title="bbox 249 5675 1849 5783">
     <span class='ocr_line' id='line_1_107' title="bbox 249 5675 1849 5783; baseline 0.029 -60"><span class='ocrx_word' id='word_1_849' title='bbox 249 5675 374 5726; x_wconf 83' lang='lat' dir='ltr'><strong>mihi</strong></span> <span class='ocrx_word' id='word_1_850' title='bbox 405 5686 530 5776; x_wconf 75' lang='lat' dir='ltr'><strong>sunt</strong></span> <span class='ocrx_word' id='word_1_851' title='bbox 550 5684 791 5748; x_wconf 55' lang='lat' dir='ltr'><strong>quadam</strong></span> <span class='ocrx_word' id='word_1_852' title='bbox 821 5692 960 5759; x_wconf 89' lang='lat' dir='ltr'><strong>apud</strong></span> <span class='ocrx_word' id='word_1_853' title='bbox 989 5711 1104 5762; x_wconf 90' lang='lat' dir='ltr'><strong>vos,</strong></span> <span class='ocrx_word' id='word_1_854' title='bbox 1129 5708 1187 5750; x_wconf 89' lang='lat' dir='ltr'><strong>ut</strong></span> <span class='ocrx_word' id='word_1_855' title='bbox 1209 5715 1367 5757; x_wconf 89' lang='lat' dir='ltr'><strong>nemo</strong></span> <span class='ocrx_word' id='word_1_856' title='bbox 1388 5705 1649 5774; x_wconf 87' lang='lat' dir='ltr'><strong>turbetur,</strong></span> <span class='ocrx_word' id='word_1_857' title='bbox 1675 5728 1849 5783; x_wconf 86' lang='lat' dir='ltr'><strong>neque</strong></span> 
     </span>
    </p>
   </div>
   <div class='ocr_carea' id='block_1_108' title="bbox 246 5776 1850 5867">
    <p class='ocr_par' dir='ltr' id='par_1_108' title="bbox 246 5776 1850 5867">
     <span class='ocr_line' id='line_1_108' title="bbox 246 5776 1850 5867; baseline 0.029 -51"><span class='ocrx_word' id='word_1_858' title='bbox 246 5776 481 5822; x_wconf 63' lang='lat' dir='ltr'><strong>“timum</strong></span> <span class='ocrx_word' id='word_1_859' title='bbox 537 5784 722 5829; x_wconf 84' lang='lat' dir='ltr'><strong>nostro</strong></span> <span class='ocrx_word' id='word_1_860' title='bbox 768 5778 945 5852; x_wconf 87' lang='lat' dir='ltr'><strong>aliqua</strong></span> <span class='ocrx_word' id='word_1_861' title='bbox 1004 5787 1213 5845; x_wconf 88' lang='lat' dir='ltr'><strong>oriatur</strong></span> <span class='ocrx_word' id='word_1_862' title='bbox 1255 5792 1594 5867; x_wconf 85' lang='lat' dir='ltr'><strong>interruptio,</strong></span> <span class='ocrx_word' id='word_1_863' title='bbox 1647 5776 1850 5862; x_wconf 45' lang='lat' dir='ltr'><strong>sed-ut</strong></span> 
     </span>
    </p>
   </div>
   <div class='ocr_carea' id='block_1_109' title="bbox 1961 5262 3566 5364">
    <p class='ocr_par' dir='ltr' id='par_1_109' title="bbox 1961 5262 3566 5364">
     <span class='ocr_line' id='line_1_109' title="bbox 1961 5262 3566 5364; baseline 0.023 -48"><span class='ocrx_word' id='word_1_864' title='bbox 1961 5262 2268 5364; x_wconf 65' lang='lat' dir='ltr'><strong>obedientia</strong></span> <span class='ocrx_word' id='word_1_865' title='bbox 2291 5269 2677 5342; x_wconf 89' lang='lat' dir='ltr'><strong>discipulorum</strong></span> <span class='ocrx_word' id='word_1_866' title='bbox 2705 5292 2914 5336; x_wconf 89' lang='lat' dir='ltr'><strong>crescat</strong></span> <span class='ocrx_word' id='word_1_867' title='bbox 2945 5284 2998 5339; x_wconf 92' lang='lat' dir='ltr'><strong>in</strong></span> <span class='ocrx_word' id='word_1_868' title='bbox 3025 5287 3198 5357; x_wconf 87' lang='lat' dir='ltr'><strong>vobis,</strong></span> <span class='ocrx_word' id='word_1_869' title='bbox 3226 5299 3282 5345; x_wconf 90' lang='lat' dir='ltr'><strong>et</strong></span> <span class='ocrx_word' id='word_1_870' title='bbox 3308 5305 3566 5364; x_wconf 89' lang='lat' dir='ltr'><strong>quantum</strong></span> 
     </span>
    </p>
   </div>
   <div class='ocr_carea' id='block_1_110' title="bbox 1960 5354 3563 5454">
    <p class='ocr_par' dir='ltr' id='par_1_110' title="bbox 1960 5354 3563 5454">
     <span class='ocr_line' id='line_1_110' title="bbox 1960 5354 3563 5454; baseline 0.024 -48"><span class='ocrx_word' id='word_1_871' title='bbox 1960 5354 2208 5454; x_wconf 71' lang='lat' dir='ltr'><strong>affectum</strong></span> <span class='ocrx_word' id='word_1_872' title='bbox 2241 5363 2381 5454; x_wconf 91' lang='lat' dir='ltr'><strong>patri</strong></span> <span class='ocrx_word' id='word_1_873' title='bbox 2403 5363 2678 5434; x_wconf 86' lang='lat' dir='ltr'><strong>deferatis,</strong></span> <span class='ocrx_word' id='word_1_874' title='bbox 2701 5383 2974 5441; x_wconf 90' lang='lat' dir='ltr'><strong>appareat.</strong></span> <span class='ocrx_word' id='word_1_875' title='bbox 3003 5354 3281 5438; x_wconf 79' lang='lat' dir='ltr'><strong>Adornate</strong></span> <span class='ocrx_word' id='word_1_876' title='bbox 3307 5354 3414 5452; x_wconf 80' lang='lat' dir='ltr'><strong>me,</strong></span> <span class='ocrx_word' id='word_1_877' title='bbox 3449 5389 3563 5454; x_wconf 87' lang='lat' dir='ltr'><strong>lilii.</strong></span> 
     </span>
    </p>
   </div>
   <div class='ocr_carea' id='block_1_111' title="bbox 1959 5447 3568 5544">
    <p class='ocr_par' dir='ltr' id='par_1_111' title="bbox 1959 5447 3568 5544">
     <span class='ocr_line' id='line_1_111' title="bbox 1959 5447 3568 5544; baseline 0.024 -46"><span class='ocrx_word' id='word_1_878' title='bbox 1959 5453 2014 5498; x_wconf 90' lang='lat' dir='ltr'><strong>ct</strong></span> <span class='ocrx_word' id='word_1_879' title='bbox 2053 5447 2314 5516; x_wconf 88' lang='lat' dir='ltr'><strong>imponite</strong></span> <span class='ocrx_word' id='word_1_880' title='bbox 2365 5454 2499 5510; x_wconf 90' lang='lat' dir='ltr'><strong>mihi</strong></span> <span class='ocrx_word' id='word_1_881' title='bbox 2525 5457 2851 5519; x_wconf 71' lang='lat' dir='ltr'><strong>obedientiae</strong></span> <span class='ocrx_word' id='word_1_882' title='bbox 2874 5477 3071 5524; x_wconf 69' lang='lat' dir='ltr'><strong>vestrae</strong></span> <span class='ocrx_word' id='word_1_883' title='bbox 3095 5486 3375 5544; x_wconf 91' lang='lat' dir='ltr'><strong>coronam,</strong></span> <span class='ocrx_word' id='word_1_884' title='bbox 3400 5447 3568 5539; x_wconf 69' lang='lat' dir='ltr'><strong>facite</strong></span> 
     </span>
    </p>
   </div>
   <div class='ocr_carea' id='block_1_112' title="bbox 1959 5541 3564 5629">
    <p class='ocr_par' dir='ltr' id='par_1_112' title="bbox 1959 5541 3564 5629">
     <span class='ocr_line' id='line_1_112' title="bbox 1959 5541 3564 5629; baseline 0.024 -39"><span class='ocrx_word' id='word_1_885' title='bbox 1959 5553 2044 5593; x_wconf 90' lang='lat' dir='ltr'><strong>me</strong></span> <span class='ocrx_word' id='word_1_886' title='bbox 2072 5541 2215 5610; x_wconf 88' lang='lat' dir='ltr'><strong>apud</strong></span> <span class='ocrx_word' id='word_1_887' title='bbox 2238 5557 2428 5602; x_wconf 89' lang='lat' dir='ltr'><strong>omnes</strong></span> <span class='ocrx_word' id='word_1_888' title='bbox 2451 5548 2669 5606; x_wconf 89' lang='lat' dir='ltr'><strong>beatum</strong></span> <span class='ocrx_word' id='word_1_889' title='bbox 2692 5554 2947 5626; x_wconf 87' lang='lat' dir='ltr'><strong>judicari,</strong></span> <span class='ocrx_word' id='word_1_890' title='bbox 2976 5569 3034 5616; x_wconf 90' lang='lat' dir='ltr'><strong>et</strong></span> <span class='ocrx_word' id='word_1_891' title='bbox 3052 5541 3369 5622; x_wconf 18' lang='lat' dir='ltr'><strong>doctrinam’</strong></span> <span class='ocrx_word' id='word_1_892' title='bbox 3388 5586 3564 5629; x_wconf 89' lang='lat' dir='ltr'><strong>meam</strong></span> 
     </span>
    </p>
   </div>
   <div class='ocr_carea' id='block_1_113' title="bbox 1955 5636 3565 5737">
    <p class='ocr_par' dir='ltr' id='par_1_113' title="bbox 1955 5636 3565 5737">
     <span class='ocr_line' id='line_1_113' title="bbox 1955 5636 3565 5737; baseline 0.024 -52"><span class='ocrx_word' id='word_1_893' title='bbox 1955 5636 2297 5705; x_wconf 86' lang='lat' dir='ltr'><strong>magnificate</strong></span> <span class='ocrx_word' id='word_1_894' title='bbox 2321 5657 2416 5710; x_wconf 89' lang='lat' dir='ltr'><strong>per</strong></span> <span class='ocrx_word' id='word_1_895' title='bbox 2432 5643 2792 5705; x_wconf 85' lang='lat' dir='ltr'><strong>obedientiam</strong></span> <span class='ocrx_word' id='word_1_896' title='bbox 2825 5663 3056 5711; x_wconf 86' lang='lat' dir='ltr'><strong>vestram</strong></span> <span class='ocrx_word' id='word_1_897' title='bbox 3079 5660 3374 5717; x_wconf 89' lang='lat' dir='ltr'><strong>secundum</strong></span> <span class='ocrx_word' id='word_1_898' title='bbox 3433 5682 3565 5737; x_wconf 88' lang='lat' dir='ltr'><strong>apo-</strong></span> 
     </span>
    </p>
   </div>
   <div class='ocr_carea' id='block_1_114' title="bbox 1958 5725 3564 5819">
    <p class='ocr_par' dir='ltr' id='par_1_114' title="bbox 1958 5725 3564 5819">
     <span class='ocr_line' id='line_1_114' title="bbox 1958 5725 3564 5819; baseline 0.025 -45"><span class='ocrx_word' id='word_1_899' title='bbox 1958 5725 2082 5819; x_wconf 74' lang='lat' dir='ltr'><strong>stoli</strong></span> <span class='ocrx_word' id='word_1_900' title='bbox 2111 5730 2335 5799; x_wconf 91' lang='lat' dir='ltr'><strong>monita,</strong></span> <span class='ocrx_word' id='word_1_901' title='bbox 2375 5733 2641 5793; x_wconf 86' lang='lat' dir='ltr'><strong>dicentis:</strong></span> <span class='ocrx_word' id='word_1_902' title='bbox 2680 5739 2887 5799; x_wconf 81' lang='lat' dir='ltr'><strong>Obedite</strong></span> <span class='ocrx_word' id='word_1_903' title='bbox 2929 5753 3217 5819; x_wconf 71' lang='lat' dir='ltr'><strong>prwposilis</strong></span> <span class='ocrx_word' id='word_1_904' title='bbox 3267 5725 3482 5817; x_wconf 37' lang='lat' dir='ltr'><strong>vestris:</strong></span> <span class='ocrx_word' id='word_1_905' title='bbox 3515 5772 3564 5813; x_wconf 76' lang='lat' dir='ltr'><strong>et</strong></span> 
     </span>
    </p>
   </div>
   <div class='ocr_carea' id='block_1_115' title="bbox 1955 5814 3561 5924">
    <p class='ocr_par' dir='ltr' id='par_1_115' title="bbox 1955 5814 3561 5924">
     <span class='ocr_line' id='line_1_115' title="bbox 1955 5814 3561 5924; baseline 0.026 -59"><span class='ocrx_word' id='word_1_906' title='bbox 1955 5814 2292 5891; x_wconf 75' lang='lat' dir='ltr'><strong>obtemperate</strong></span> <span class='ocrx_word' id='word_1_907' title='bbox 2321 5825 2434 5890; x_wconf 84' lang='lat' dir='ltr'><strong>eis;</strong></span> <span class='ocrx_word' id='word_1_908' title='bbox 2461 5829 2582 5896; x_wconf 81' lang='lat' dir='ltr'><strong>quia</strong></span> <span class='ocrx_word' id='word_1_909' title='bbox 2625 5832 2726 5902; x_wconf 83' lang='lat' dir='ltr'><strong>ipsi</strong></span> <span class='ocrx_word' id='word_1_910' title='bbox 2755 5814 3058 5909; x_wconf 75' lang='lat' dir='ltr'><strong>pervigilant</strong></span> <span class='ocrx_word' id='word_1_911' title='bbox 3088 5863 3181 5913; x_wconf 86' lang='lat' dir='ltr'><strong>pra</strong></span> <span class='ocrx_word' id='word_1_912' title='bbox 3233 5846 3387 5915; x_wconf 64' lang='lat' dir='ltr'><strong>vobis,</strong></span> <span class='ocrx_word' id='word_1_913' title='bbox 3418 5856 3561 5924; x_wconf 76' lang='lat' dir='ltr'><strong>quasi</strong></span> 
     </span>
    </p>
   </div>
  </div>
