  <div class='ocr_page' id='page_1' title='image "/cluster/home/n/w/nwhite01/storage/ocr_20150623/52/ien.35556001660794/049.png"; bbox 0 0 4046 6430; ppageno 0'>
   <div class='ocr_carea' id='block_1_1' title="bbox 500 351 600 405">
    <p class='ocr_par' dir='ltr' id='par_1_1' title="bbox 500 351 600 405">
     <span class='ocr_line' id='line_1_1' title="bbox 500 351 600 405; baseline -0.02 -1"><span class='ocrx_word' id='word_1_1' title='bbox 500 351 600 405; x_wconf 66' lang='grc' dir='ltr'>ωε</span> 
     </span>
    </p>
   </div>
   <div class='ocr_carea' id='block_1_2' title="bbox 500 436 2070 530">
    <p class='ocr_par' dir='ltr' id='par_1_2' title="bbox 500 436 2070 530">
     <span class='ocr_line' id='line_1_2' title="bbox 500 436 2070 530; baseline -0.015 -17"><span class='ocrx_word' id='word_1_2' title='bbox 500 478 590 530; x_wconf 87' lang='lat' dir='ltr'><strong>pro</strong></span> <span class='ocrx_word' id='word_1_3' title='bbox 618 455 878 512; x_wconf 82' lang='lat' dir='ltr'><strong>animabus</strong></span> <span class='ocrx_word' id='word_1_4' title='bbox 899 451 1070 508; x_wconf 79' lang='lat' dir='ltr'><strong>uestris</strong></span> <span class='ocrx_word' id='word_1_5' title='bbox 1093 448 1334 503; x_wconf 68' lang='lat' dir='ltr'><strong>rationein</strong></span> <span class='ocrx_word' id='word_1_6' title='bbox 1359 442 1603 498; x_wconf 74' lang='lat' dir='ltr'><strong><em>reddituri</em></strong></span> <span class='ocrx_word' id='word_1_7' title='bbox 1627 439 1813 509; x_wconf 83' lang='lat' dir='ltr'><strong>(Hebr.</strong></span> <span class='ocrx_word' id='word_1_8' title='bbox 1834 438 1929 494; x_wconf 78' lang='grc'><strong>15.</strong></span> <span class='ocrx_word' id='word_1_9' title='bbox 1947 437 2010 492; x_wconf 79' lang='lat' dir='ltr'><strong>l7</strong></span> <span class='ocrx_word' id='word_1_10' title='bbox 2031 436 2070 506; x_wconf 87' lang='lat'><strong>).</strong></span> 
     </span>
    </p>
   </div>
   <div class='ocr_carea' id='block_1_3' title="bbox 501 530 2075 615">
    <p class='ocr_par' dir='ltr' id='par_1_3' title="bbox 501 530 2075 615">
     <span class='ocr_line' id='line_1_3' title="bbox 501 530 2075 615; baseline -0.016 -12"><span class='ocrx_word' id='word_1_11' title='bbox 501 549 624 604; x_wconf 68' lang='lat' dir='ltr'><strong>llaec</strong></span> <span class='ocrx_word' id='word_1_12' title='bbox 651 560 778 615; x_wconf 90' lang='lat' dir='ltr'><strong>ergo</strong></span> <span class='ocrx_word' id='word_1_13' title='bbox 816 554 1140 612; x_wconf 68' lang='lat' dir='ltr'><strong>praemoneo,</strong></span> <span class='ocrx_word' id='word_1_14' title='bbox 1189 551 1255 590; x_wconf 92' lang='lat' dir='ltr'><strong>ne</strong></span> <span class='ocrx_word' id='word_1_15' title='bbox 1279 533 1399 604; x_wconf 85' lang='lat' dir='ltr'><strong>quis</strong></span> <span class='ocrx_word' id='word_1_16' title='bbox 1433 531 1706 601; x_wconf 89' lang='lat' dir='ltr'><strong>superbiat</strong></span> <span class='ocrx_word' id='word_1_17' title='bbox 1755 530 1810 582; x_wconf 91' lang='lat' dir='ltr'><strong>in</strong></span> <span class='ocrx_word' id='word_1_18' title='bbox 1840 539 2075 581; x_wconf 85' lang='lat' dir='ltr'><strong>commo-</strong></span> 
     </span>
    </p>
   </div>
   <div class='ocr_carea' id='block_1_4' title="bbox 501 624 2079 691">
    <p class='ocr_par' dir='ltr' id='par_1_4' title="bbox 501 624 2079 691">
     <span class='ocr_line' id='line_1_4' title="bbox 501 624 2079 691; baseline -0.012 0"><span class='ocrx_word' id='word_1_19' title='bbox 501 638 753 691; x_wconf 89' lang='lat' dir='ltr'><strong>nitionem</strong></span> <span class='ocrx_word' id='word_1_20' title='bbox 781 641 1038 687; x_wconf 87' lang='lat' dir='ltr'><strong>nostram.</strong></span> <span class='ocrx_word' id='word_1_21' title='bbox 1089 630 1245 683; x_wconf 88' lang='lat' dir='ltr'><strong>Pater</strong></span> <span class='ocrx_word' id='word_1_22' title='bbox 1280 625 1424 680; x_wconf 88' lang='lat' dir='ltr'><strong>enim</strong></span> <span class='ocrx_word' id='word_1_23' title='bbox 1472 637 1589 677; x_wconf 93' lang='lat' dir='ltr'><strong>sum</strong></span> <span class='ocrx_word' id='word_1_24' title='bbox 1611 664 1624 687; x_wconf 95' lang='lat'><strong>,</strong></span> <span class='ocrx_word' id='word_1_25' title='bbox 1656 631 1710 676; x_wconf 90' lang='lat' dir='ltr'><strong>et</strong></span> <span class='ocrx_word' id='word_1_26' title='bbox 1740 632 1960 674; x_wconf 88' lang='lat' dir='ltr'><strong>necesse</strong></span> <span class='ocrx_word' id='word_1_27' title='bbox 1998 624 2079 674; x_wconf 75' lang='lat' dir='ltr'><strong>est</strong></span> 
     </span>
    </p>
   </div>
   <div class='ocr_carea' id='block_1_5' title="bbox 501 711 2079 786">
    <p class='ocr_par' dir='ltr' id='par_1_5' title="bbox 501 711 2079 786">
     <span class='ocr_line' id='line_1_5' title="bbox 501 711 2079 786; baseline -0.011 -3"><span class='ocrx_word' id='word_1_28' title='bbox 501 744 585 783; x_wconf 91' lang='lat' dir='ltr'><strong>me</strong></span> <span class='ocrx_word' id='word_1_29' title='bbox 611 727 732 781; x_wconf 91' lang='lat' dir='ltr'><strong>ﬁliis</strong></span> <span class='ocrx_word' id='word_1_30' title='bbox 757 724 1038 779; x_wconf 84' lang='lat' dir='ltr'><strong>consilium</strong></span> <span class='ocrx_word' id='word_1_31' title='bbox 1063 719 1289 776; x_wconf 84' lang='lat' dir='ltr'><strong>suadere</strong></span> <span class='ocrx_word' id='word_1_32' title='bbox 1315 735 1328 772; x_wconf 92' lang='lat'><strong>:</strong></span> <span class='ocrx_word' id='word_1_33' title='bbox 1362 715 1502 786; x_wconf 90' lang='lat' dir='ltr'><strong>quod</strong></span> <span class='ocrx_word' id='word_1_34' title='bbox 1525 715 1666 770; x_wconf 90' lang='lat' dir='ltr'><strong>enim</strong></span> <span class='ocrx_word' id='word_1_35' title='bbox 1699 715 1750 768; x_wconf 92' lang='lat' dir='ltr'><strong>in</strong></span> <span class='ocrx_word' id='word_1_36' title='bbox 1779 711 2079 767; x_wconf 81' lang='lat' dir='ltr'><strong>carnalibus</strong></span> 
     </span>
    </p>
   </div>
   <div class='ocr_carea' id='block_1_6' title="bbox 501 799 2078 888">
    <p class='ocr_par' dir='ltr' id='par_1_6' title="bbox 501 799 2078 888">
     <span class='ocr_line' id='line_1_6' title="bbox 501 799 2078 888; baseline -0.013 -15"><span class='ocrx_word' id='word_1_37' title='bbox 501 817 738 888; x_wconf 74' lang='lat' dir='ltr'><strong>patribus</strong></span> <span class='ocrx_word' id='word_1_38' title='bbox 787 825 975 870; x_wconf 78' lang='lat' dir='ltr'><strong>natura</strong></span> <span class='ocrx_word' id='word_1_39' title='bbox 1000 810 1196 876; x_wconf 89' lang='lat' dir='ltr'><strong>carnis,</strong></span> <span class='ocrx_word' id='word_1_40' title='bbox 1246 809 1349 863; x_wconf 91' lang='lat' dir='ltr'><strong>hoc</strong></span> <span class='ocrx_word' id='word_1_41' title='bbox 1378 807 1431 861; x_wconf 92' lang='lat' dir='ltr'><strong>in</strong></span> <span class='ocrx_word' id='word_1_42' title='bbox 1463 805 1614 860; x_wconf 89' lang='lat' dir='ltr'><strong>nobis</strong></span> <span class='ocrx_word' id='word_1_43' title='bbox 1661 803 1824 874; x_wconf 88' lang='lat' dir='ltr'><strong>gratia</strong></span> <span class='ocrx_word' id='word_1_44' title='bbox 1851 799 2078 870; x_wconf 74' lang='lat' dir='ltr'><strong>Spiritus</strong></span> 
     </span>
    </p>
   </div>
   <div class='ocr_carea' id='block_1_7' title="bbox 498 893 2076 976">
    <p class='ocr_par' dir='ltr' id='par_1_7' title="bbox 498 893 2076 976">
     <span class='ocr_line' id='line_1_7' title="bbox 498 893 2076 976; baseline -0.013 -14"><span class='ocrx_word' id='word_1_45' title='bbox 498 909 623 976; x_wconf 89' lang='lat' dir='ltr'><strong>agit.</strong></span> <span class='ocrx_word' id='word_1_46' title='bbox 657 907 813 961; x_wconf 91' lang='lat' dir='ltr'><strong>Pater</strong></span> <span class='ocrx_word' id='word_1_47' title='bbox 843 918 978 967; x_wconf 89' lang='lat' dir='ltr'><strong>sum,</strong></span> <span class='ocrx_word' id='word_1_48' title='bbox 1021 910 1073 958; x_wconf 91' lang='lat' dir='ltr'><strong>et</strong></span> <span class='ocrx_word' id='word_1_49' title='bbox 1101 909 1252 971; x_wconf 89' lang='lat' dir='ltr'><strong>pater</strong></span> <span class='ocrx_word' id='word_1_50' title='bbox 1281 897 1441 953; x_wconf 91' lang='lat' dir='ltr'><strong>nimis</strong></span> <span class='ocrx_word' id='word_1_51' title='bbox 1465 910 1624 965; x_wconf 89' lang='lat' dir='ltr'><strong>super</strong></span> <span class='ocrx_word' id='word_1_52' title='bbox 1656 893 1794 947; x_wconf 89' lang='lat' dir='ltr'><strong>ﬁlios</strong></span> <span class='ocrx_word' id='word_1_53' title='bbox 1823 902 2076 955; x_wconf 88' lang='lat' dir='ltr'><strong>tremens,</strong></span> 
     </span>
    </p>
   </div>
   <div class='ocr_carea' id='block_1_8' title="bbox 499 983 2079 1063">
    <p class='ocr_par' dir='ltr' id='par_1_8' title="bbox 499 983 2079 1063">
     <span class='ocr_line' id='line_1_8' title="bbox 499 983 2079 1063; baseline -0.011 -12"><span class='ocrx_word' id='word_1_54' title='bbox 499 998 569 1051; x_wconf 90' lang='lat' dir='ltr'><strong>ita</strong></span> <span class='ocrx_word' id='word_1_55' title='bbox 618 1003 676 1050; x_wconf 91' lang='lat' dir='ltr'><strong>ut</strong></span> <span class='ocrx_word' id='word_1_56' title='bbox 728 995 1041 1063; x_wconf 89' lang='lat' dir='ltr'><strong>sanguinem</strong></span> <span class='ocrx_word' id='word_1_57' title='bbox 1091 1005 1269 1047; x_wconf 90' lang='lat' dir='ltr'><strong>meum</strong></span> <span class='ocrx_word' id='word_1_58' title='bbox 1309 1003 1406 1058; x_wconf 89' lang='lat' dir='ltr'><strong>pro</strong></span> <span class='ocrx_word' id='word_1_59' title='bbox 1434 986 1581 1042; x_wconf 80' lang='lat' dir='ltr'><strong>vobis</strong></span> <span class='ocrx_word' id='word_1_60' title='bbox 1611 983 1828 1038; x_wconf 88' lang='lat' dir='ltr'><strong>fundere</strong></span> <span class='ocrx_word' id='word_1_61' title='bbox 1867 990 2079 1051; x_wconf 90' lang='lat' dir='ltr'><strong>paratus</strong></span> 
     </span>
    </p>
   </div>
   <div class='ocr_carea' id='block_1_9' title="bbox 495 1072 2075 1145">
    <p class='ocr_par' dir='ltr' id='par_1_9' title="bbox 495 1072 2075 1145">
     <span class='ocr_line' id='line_1_9' title="bbox 495 1072 2075 1145; baseline -0.012 -5"><span class='ocrx_word' id='word_1_62' title='bbox 495 1085 619 1140; x_wconf 90' lang='lat' dir='ltr'><strong>sim.</strong></span> <span class='ocrx_word' id='word_1_63' title='bbox 654 1085 719 1140; x_wconf 82' lang='lat' dir='ltr'><strong>Et</strong></span> <span class='ocrx_word' id='word_1_64' title='bbox 740 1085 795 1139; x_wconf 88' lang='lat' dir='ltr'><strong>in</strong></span> <span class='ocrx_word' id='word_1_65' title='bbox 828 1084 928 1138; x_wconf 92' lang='lat' dir='ltr'><strong>hoc</strong></span> <span class='ocrx_word' id='word_1_66' title='bbox 960 1095 1070 1137; x_wconf 90' lang='lat' dir='ltr'><strong>non</strong></span> <span class='ocrx_word' id='word_1_67' title='bbox 1096 1089 1180 1135; x_wconf 89' lang='lat' dir='ltr'><strong>est</strong></span> <span class='ocrx_word' id='word_1_68' title='bbox 1209 1077 1338 1133; x_wconf 90' lang='lat' dir='ltr'><strong>mihi</strong></span> <span class='ocrx_word' id='word_1_69' title='bbox 1377 1075 1565 1145; x_wconf 88' lang='lat' dir='ltr'><strong>gratia.</strong></span> <span class='ocrx_word' id='word_1_70' title='bbox 1598 1072 1902 1142; x_wconf 86' lang='lat' dir='ltr'><strong>Apostoliea</strong></span> <span class='ocrx_word' id='word_1_71' title='bbox 1931 1072 2075 1124; x_wconf 90' lang='lat' dir='ltr'><strong>enim</strong></span> 
     </span>
    </p>
   </div>
   <div class='ocr_carea' id='block_1_10' title="bbox 496 1159 2076 1240">
    <p class='ocr_par' dir='ltr' id='par_1_10' title="bbox 496 1159 2076 1240">
     <span class='ocr_line' id='line_1_10' title="bbox 496 1159 2076 1240; baseline -0.011 -10"><span class='ocrx_word' id='word_1_72' title='bbox 496 1175 582 1230; x_wconf 79' lang='lat' dir='ltr'><strong>lex</strong></span> <span class='ocrx_word' id='word_1_73' title='bbox 612 1183 714 1240; x_wconf 92' lang='lat' dir='ltr'><strong>est,</strong></span> <span class='ocrx_word' id='word_1_74' title='bbox 737 1185 788 1229; x_wconf 90' lang='lat' dir='ltr'><strong>et</strong></span> <span class='ocrx_word' id='word_1_75' title='bbox 821 1171 1027 1227; x_wconf 89' lang='lat' dir='ltr'><strong>Domini</strong></span> <span class='ocrx_word' id='word_1_76' title='bbox 1053 1177 1376 1240; x_wconf 67' lang='lat' dir='ltr'><strong>prazceptum</strong></span> <span class='ocrx_word' id='word_1_77' title='bbox 1407 1163 1630 1221; x_wconf 80' lang='lat' dir='ltr'><strong>dicentis</strong></span> <span class='ocrx_word' id='word_1_78' title='bbox 1661 1180 1675 1217; x_wconf 89' lang='lat'><strong>:</strong></span> <span class='ocrx_word' id='word_1_79' title='bbox 1709 1161 1893 1215; x_wconf 86' lang='lat' dir='ltr'><strong>Pastor</strong></span> <span class='ocrx_word' id='word_1_80' title='bbox 1917 1159 2076 1213; x_wconf 84' lang='lat' dir='ltr'><strong>bonus</strong></span> 
     </span>
    </p>
   </div>
   <div class='ocr_carea' id='block_1_11' title="bbox 496 1252 2071 1333">
    <p class='ocr_par' dir='ltr' id='par_1_11' title="bbox 496 1252 2071 1333">
     <span class='ocr_line' id='line_1_11' title="bbox 496 1252 2071 1333; baseline -0.009 -13"><span class='ocrx_word' id='word_1_81' title='bbox 496 1268 718 1320; x_wconf 87' lang='lat' dir='ltr'><strong>animam</strong></span> <span class='ocrx_word' id='word_1_82' title='bbox 746 1280 892 1320; x_wconf 85' lang='lat' dir='ltr'><strong>suam</strong></span> <span class='ocrx_word' id='word_1_83' title='bbox 937 1263 1076 1333; x_wconf 83' lang='lat' dir='ltr'><strong>ponit</strong></span> <span class='ocrx_word' id='word_1_84' title='bbox 1121 1277 1211 1330; x_wconf 85' lang='lat' dir='ltr'><strong>pro</strong></span> <span class='ocrx_word' id='word_1_85' title='bbox 1255 1259 1424 1314; x_wconf 81' lang='lat' dir='ltr'><strong>ovibus</strong></span> <span class='ocrx_word' id='word_1_86' title='bbox 1449 1259 1553 1311; x_wconf 86' lang='lat' dir='ltr'><strong>suis</strong></span> <span class='ocrx_word' id='word_1_87' title='bbox 1583 1253 1780 1326; x_wconf 84' lang='lat' dir='ltr'><strong>(Joan.</strong></span> <span class='ocrx_word' id='word_1_88' title='bbox 1812 1253 1900 1309; x_wconf 71' lang='lat'><strong>{0.</strong></span> <span class='ocrx_word' id='word_1_89' title='bbox 1933 1253 1995 1308; x_wconf 79' lang='grc' dir='ltr'>Η</span> <span class='ocrx_word' id='word_1_90' title='bbox 2031 1252 2071 1321; x_wconf 95' lang='grc'><strong>).</strong></span> 
     </span>
    </p>
   </div>
   <div class='ocr_carea' id='block_1_12' title="bbox 495 1345 2076 1418">
    <p class='ocr_par' dir='ltr' id='par_1_12' title="bbox 495 1345 2076 1418">
     <span class='ocr_line' id='line_1_12' title="bbox 495 1345 2076 1418; baseline -0.009 -8"><span class='ocrx_word' id='word_1_91' title='bbox 495 1355 601 1411; x_wconf 89' lang='lat' dir='ltr'><strong>Sed</strong></span> <span class='ocrx_word' id='word_1_92' title='bbox 646 1364 700 1410; x_wconf 91' lang='lat' dir='ltr'><strong>et</strong></span> <span class='ocrx_word' id='word_1_93' title='bbox 731 1368 828 1409; x_wconf 85' lang='lat' dir='ltr'><strong>vos</strong></span> <span class='ocrx_word' id='word_1_94' title='bbox 871 1351 1058 1408; x_wconf 89' lang='lat' dir='ltr'><strong>eadem</strong></span> <span class='ocrx_word' id='word_1_95' title='bbox 1097 1350 1256 1406; x_wconf 85' lang='lat' dir='ltr'><strong>facite</strong></span> <span class='ocrx_word' id='word_1_96' title='bbox 1286 1363 1382 1418; x_wconf 91' lang='lat' dir='ltr'><strong>pro</strong></span> <span class='ocrx_word' id='word_1_97' title='bbox 1430 1345 1583 1401; x_wconf 89' lang='lat' dir='ltr'><strong>nobis</strong></span> <span class='ocrx_word' id='word_1_98' title='bbox 1616 1363 1628 1399; x_wconf 91' lang='lat'><strong>:</strong></span> <span class='ocrx_word' id='word_1_99' title='bbox 1659 1345 1818 1400; x_wconf 87' lang='lat' dir='ltr'><strong>simili</strong></span> <span class='ocrx_word' id='word_1_100' title='bbox 1847 1358 2076 1411; x_wconf 84' lang='lat' dir='ltr'><strong>namque</strong></span> 
     </span>
    </p>
   </div>
   <div class='ocr_carea' id='block_1_13' title="bbox 495 1431 2075 1514">
    <p class='ocr_par' dir='ltr' id='par_1_13' title="bbox 495 1431 2075 1514">
     <span class='ocr_line' id='line_1_13' title="bbox 495 1431 2075 1514; baseline -0.008 -15"><span class='ocrx_word' id='word_1_101' title='bbox 495 1459 620 1514; x_wconf 88' lang='lat' dir='ltr'><strong>erga</strong></span> <span class='ocrx_word' id='word_1_102' title='bbox 653 1458 750 1499; x_wconf 90' lang='lat' dir='ltr'><strong>nos</strong></span> <span class='ocrx_word' id='word_1_103' title='bbox 780 1442 1010 1499; x_wconf 86' lang='lat' dir='ltr'><strong>devincti</strong></span> <span class='ocrx_word' id='word_1_104' title='bbox 1030 1442 1158 1497; x_wconf 88' lang='lat' dir='ltr'><strong>estis</strong></span> <span class='ocrx_word' id='word_1_105' title='bbox 1182 1440 1395 1494; x_wconf 85' lang='lat' dir='ltr'><strong>affectu.</strong></span> <span class='ocrx_word' id='word_1_106' title='bbox 1421 1436 1553 1491; x_wconf 86' lang='lat' dir='ltr'><strong>Nam</strong></span> <span class='ocrx_word' id='word_1_107' title='bbox 1575 1434 1874 1490; x_wconf 62' lang='lat' dir='ltr'><strong>et&#39;Paulum</strong></span> <span class='ocrx_word' id='word_1_108' title='bbox 1895 1431 2075 1487; x_wconf 85' lang='lat' dir='ltr'><strong>audite</strong></span> 
     </span>
    </p>
   </div>
   <div class='ocr_carea' id='block_1_14' title="bbox 496 1521 2070 1604">
    <p class='ocr_par' dir='ltr' id='par_1_14' title="bbox 496 1521 2070 1604">
     <span class='ocr_line' id='line_1_14' title="bbox 496 1521 2070 1604; baseline -0.01 -16"><span class='ocrx_word' id='word_1_109' title='bbox 496 1533 626 1604; x_wconf 89' lang='lat' dir='ltr'><strong>quid</strong></span> <span class='ocrx_word' id='word_1_110' title='bbox 653 1533 802 1588; x_wconf 85' lang='lat' dir='ltr'><strong>dicit.</strong></span> <span class='ocrx_word' id='word_1_111' title='bbox 859 1531 1115 1598; x_wconf 83' lang='lat' dir='ltr'><strong>Salutate,</strong></span> <span class='ocrx_word' id='word_1_112' title='bbox 1163 1531 1352 1600; x_wconf 89' lang='lat' dir='ltr'><strong>inquit,</strong></span> <span class='ocrx_word' id='word_1_113' title='bbox 1399 1526 1694 1580; x_wconf 80' lang='lat' dir='ltr'><strong>Priscillam</strong></span> <span class='ocrx_word' id='word_1_114' title='bbox 1735 1533 1782 1578; x_wconf 88' lang='lat' dir='ltr'><strong>et</strong></span> <span class='ocrx_word' id='word_1_115' title='bbox 1811 1521 2070 1592; x_wconf 82' lang='lat' dir='ltr'><strong>Aquilam,</strong></span> 
     </span>
    </p>
   </div>
   <div class='ocr_carea' id='block_1_15' title="bbox 496 1617 2074 1694">
    <p class='ocr_par' dir='ltr' id='par_1_15' title="bbox 496 1617 2074 1694">
     <span class='ocr_line' id='line_1_15' title="bbox 496 1617 2074 1694; baseline -0.01 -15"><span class='ocrx_word' id='word_1_116' title='bbox 496 1625 756 1694; x_wconf 78' lang='lat' dir='ltr'><strong>adjutores</strong></span> <span class='ocrx_word' id='word_1_117' title='bbox 783 1640 918 1678; x_wconf 88' lang='lat' dir='ltr'><strong>meos</strong></span> <span class='ocrx_word' id='word_1_118' title='bbox 938 1623 992 1676; x_wconf 81' lang='lat' dir='ltr'><strong>in</strong></span> <span class='ocrx_word' id='word_1_119' title='bbox 1029 1621 1246 1686; x_wconf 79' lang='lat' dir='ltr'><strong>Christo,</strong></span> <span class='ocrx_word' id='word_1_120' title='bbox 1269 1620 1356 1689; x_wconf 85' lang='lat' dir='ltr'><strong>qui</strong></span> <span class='ocrx_word' id='word_1_121' title='bbox 1378 1633 1469 1688; x_wconf 85' lang='lat' dir='ltr'><strong>pro</strong></span> <span class='ocrx_word' id='word_1_122' title='bbox 1487 1617 1659 1670; x_wconf 87' lang='lat' dir='ltr'><strong>anima</strong></span> <span class='ocrx_word' id='word_1_123' title='bbox 1689 1629 1801 1669; x_wconf 89' lang='lat' dir='ltr'><strong>mea</strong></span> <span class='ocrx_word' id='word_1_124' title='bbox 1823 1629 1943 1667; x_wconf 86' lang='lat' dir='ltr'><strong>suas</strong></span> <span class='ocrx_word' id='word_1_125' title='bbox 1963 1627 2074 1665; x_wconf 84' lang='lat' dir='ltr'><strong>cer-</strong></span> 
     </span>
    </p>
   </div>
   <div class='ocr_carea' id='block_1_16' title="bbox 497 1701 2076 1784">
    <p class='ocr_par' dir='ltr' id='par_1_16' title="bbox 497 1701 2076 1784">
     <span class='ocr_line' id='line_1_16' title="bbox 497 1701 2076 1784; baseline -0.008 -18"><span class='ocrx_word' id='word_1_126' title='bbox 497 1715 628 1766; x_wconf 81' lang='lat' dir='ltr'><strong>vices</strong></span> <span class='ocrx_word' id='word_1_127' title='bbox 649 1721 919 1782; x_wconf 71' lang='lat' dir='ltr'><strong>posuerunt</strong></span> <span class='ocrx_word' id='word_1_128' title='bbox 948 1711 966 1784; x_wconf 93' lang='lat'>(</span> <span class='ocrx_word' id='word_1_129' title='bbox 993 1709 1140 1764; x_wconf 82' lang='lat' dir='ltr'><strong>Rom.</strong></span> <span class='ocrx_word' id='word_1_130' title='bbox 1163 1709 1247 1764; x_wconf 82' lang='grc'><strong>16.</strong></span> <span class='ocrx_word' id='word_1_131' title='bbox 1270 1710 1322 1764; x_wconf 78' lang='grc'><strong>5.</strong></span> <span class='ocrx_word' id='word_1_132' title='bbox 1346 1709 1380 1762; x_wconf 76' lang='grc'><strong>4</strong></span> <span class='ocrx_word' id='word_1_133' title='bbox 1399 1706 1441 1778; x_wconf 94' lang='grc'><strong>).</strong></span> <span class='ocrx_word' id='word_1_134' title='bbox 1465 1706 1613 1761; x_wconf 82' lang='lat' dir='ltr'><strong>Sicut</strong></span> <span class='ocrx_word' id='word_1_135' title='bbox 1631 1703 1774 1758; x_wconf 89' lang='lat' dir='ltr'><strong>enim</strong></span> <span class='ocrx_word' id='word_1_136' title='bbox 1793 1701 2076 1772; x_wconf 89' lang='lat' dir='ltr'><strong>pulchrum</strong></span> 
     </span>
    </p>
   </div>
   <div class='ocr_carea' id='block_1_17' title="bbox 497 1790 2074 1872">
    <p class='ocr_par' dir='ltr' id='par_1_17' title="bbox 497 1790 2074 1872">
     <span class='ocr_line' id='line_1_17' title="bbox 497 1790 2074 1872; baseline -0.006 -16"><span class='ocrx_word' id='word_1_137' title='bbox 497 1809 580 1856; x_wconf 90' lang='lat' dir='ltr'><strong>est</strong></span> <span class='ocrx_word' id='word_1_138' title='bbox 595 1811 856 1872; x_wconf 80' lang='lat' dir='ltr'><strong>pastorem</strong></span> <span class='ocrx_word' id='word_1_139' title='bbox 879 1815 975 1870; x_wconf 92' lang='lat' dir='ltr'><strong>pro</strong></span> <span class='ocrx_word' id='word_1_140' title='bbox 989 1799 1170 1855; x_wconf 89' lang='lat' dir='ltr'><strong>ovibus</strong></span> <span class='ocrx_word' id='word_1_141' title='bbox 1183 1797 1444 1852; x_wconf 90' lang='lat' dir='ltr'><strong>immolari</strong></span> <span class='ocrx_word' id='word_1_142' title='bbox 1461 1796 1554 1850; x_wconf 84' lang='lat' dir='ltr'><strong>:ita</strong></span> <span class='ocrx_word' id='word_1_143' title='bbox 1571 1807 1777 1850; x_wconf 85' lang='lat' dir='ltr'><strong>rursum</strong></span> <span class='ocrx_word' id='word_1_144' title='bbox 1793 1790 2074 1862; x_wconf 88' lang='lat' dir='ltr'><strong>pulchrum</strong></span> 
     </span>
    </p>
   </div>
   <div class='ocr_carea' id='block_1_18' title="bbox 497 1880 2076 1960">
    <p class='ocr_par' dir='ltr' id='par_1_18' title="bbox 497 1880 2076 1960">
     <span class='ocr_line' id='line_1_18' title="bbox 497 1880 2076 1960; baseline -0.004 -16"><span class='ocrx_word' id='word_1_145' title='bbox 497 1899 576 1944; x_wconf 90' lang='lat' dir='ltr'><strong>est</strong></span> <span class='ocrx_word' id='word_1_146' title='bbox 615 1900 669 1944; x_wconf 90' lang='lat' dir='ltr'><strong>et</strong></span> <span class='ocrx_word' id='word_1_147' title='bbox 710 1903 839 1944; x_wconf 85' lang='lat' dir='ltr'><strong>oves</strong></span> <span class='ocrx_word' id='word_1_148' title='bbox 881 1904 910 1943; x_wconf 92' lang='lat' dir='ltr'><strong>a</strong></span> <span class='ocrx_word' id='word_1_149' title='bbox 931 1897 1146 1960; x_wconf 82' lang='lat' dir='ltr'><strong>pastore</strong></span> <span class='ocrx_word' id='word_1_150' title='bbox 1173 1902 1272 1942; x_wconf 89' lang='lat' dir='ltr'><strong>nec</strong></span> <span class='ocrx_word' id='word_1_151' title='bbox 1301 1893 1473 1941; x_wconf 90' lang='lat' dir='ltr'><strong>morte</strong></span> <span class='ocrx_word' id='word_1_152' title='bbox 1517 1884 1742 1954; x_wconf 71' lang='lat' dir='ltr'><strong>seiungi.</strong></span> <span class='ocrx_word' id='word_1_153' title='bbox 1773 1880 1907 1937; x_wconf 90' lang='lat' dir='ltr'><strong>Cum</strong></span> <span class='ocrx_word' id='word_1_154' title='bbox 1931 1882 2076 1938; x_wconf 91' lang='lat' dir='ltr'><strong>enim</strong></span> 
     </span>
    </p>
   </div>
   <div class='ocr_carea' id='block_1_19' title="bbox 499 1967 2073 2040">
    <p class='ocr_par' dir='ltr' id='par_1_19' title="bbox 499 1967 2073 2040">
     <span class='ocr_line' id='line_1_19' title="bbox 499 1967 2073 2040; baseline -0.003 -15"><span class='ocrx_word' id='word_1_155' title='bbox 499 1972 879 2040; x_wconf 85' lang='lat' dir='ltr'><strong>inseparabiles</strong></span> <span class='ocrx_word' id='word_1_156' title='bbox 935 1971 1130 2026; x_wconf 91' lang='lat' dir='ltr'><strong>fuerint</strong></span> <span class='ocrx_word' id='word_1_157' title='bbox 1172 1969 1241 2025; x_wconf 86' lang='lat' dir='ltr'><strong>ab</strong></span> <span class='ocrx_word' id='word_1_158' title='bbox 1268 1985 1372 2032; x_wconf 90' lang='lat' dir='ltr'><strong>eo,</strong></span> <span class='ocrx_word' id='word_1_159' title='bbox 1423 1970 1602 2038; x_wconf 90' lang='lat' dir='ltr'><strong>lupum</strong></span> <span class='ocrx_word' id='word_1_160' title='bbox 1647 1967 1916 2024; x_wconf 90' lang='lat' dir='ltr'><strong>diabolum</strong></span> <span class='ocrx_word' id='word_1_161' title='bbox 1965 1980 2073 2021; x_wconf 87' lang='lat' dir='ltr'><strong>non</strong></span> 
     </span>
    </p>
   </div>
   <div class='ocr_carea' id='block_1_20' title="bbox 499 2055 2074 2122">
    <p class='ocr_par' dir='ltr' id='par_1_20' title="bbox 499 2055 2074 2122">
     <span class='ocr_line' id='line_1_20' title="bbox 499 2055 2074 2122; baseline -0.001 -9"><span class='ocrx_word' id='word_1_162' title='bbox 499 2060 780 2116; x_wconf 79' lang='lat' dir='ltr'><strong>timebunt.</strong></span> <span class='ocrx_word' id='word_1_163' title='bbox 813 2061 993 2116; x_wconf 79' lang='lat' dir='ltr'><strong>Murus</strong></span> <span class='ocrx_word' id='word_1_164' title='bbox 1009 2061 1150 2116; x_wconf 87' lang='lat' dir='ltr'><strong>enim</strong></span> <span class='ocrx_word' id='word_1_165' title='bbox 1163 2060 1400 2116; x_wconf 88' lang='lat' dir='ltr'><strong>caritatis</strong></span> <span class='ocrx_word' id='word_1_166' title='bbox 1427 2059 1632 2114; x_wconf 86' lang='lat' dir='ltr'><strong>firmior</strong></span> <span class='ocrx_word' id='word_1_167' title='bbox 1656 2066 1740 2114; x_wconf 90' lang='lat' dir='ltr'><strong>est</strong></span> <span class='ocrx_word' id='word_1_168' title='bbox 1764 2055 2074 2122; x_wconf 79' lang='lat' dir='ltr'><strong>adamante;</strong></span> 
     </span>
    </p>
   </div>
   <div class='ocr_carea' id='block_1_21' title="bbox 495 2149 2077 2222">
    <p class='ocr_par' dir='ltr' id='par_1_21' title="bbox 495 2149 2077 2222">
     <span class='ocr_line' id='line_1_21' title="bbox 495 2149 2077 2222; baseline -0.001 -19"><span class='ocrx_word' id='word_1_169' title='bbox 495 2149 564 2203; x_wconf 87' lang='lat' dir='ltr'><strong>Et</strong></span> <span class='ocrx_word' id='word_1_170' title='bbox 597 2155 753 2221; x_wconf 80' lang='lat' dir='ltr'><strong>frater</strong></span> <span class='ocrx_word' id='word_1_171' title='bbox 779 2167 894 2205; x_wconf 87' lang='lat' dir='ltr'><strong>cum</strong></span> <span class='ocrx_word' id='word_1_172' title='bbox 936 2151 1209 2221; x_wconf 72' lang='lat' dir='ltr'><strong>adjuvetur</strong></span> <span class='ocrx_word' id='word_1_173' title='bbox 1237 2167 1268 2204; x_wconf 89' lang='lat' dir='ltr'><strong>a</strong></span> <span class='ocrx_word' id='word_1_174' title='bbox 1296 2155 1472 2222; x_wconf 77' lang='lat' dir='ltr'><strong>fratre,</strong></span> <span class='ocrx_word' id='word_1_175' title='bbox 1499 2150 1592 2204; x_wconf 84' lang='lat' dir='ltr'><strong>erit</strong></span> <span class='ocrx_word' id='word_1_176' title='bbox 1615 2150 1742 2203; x_wconf 81' lang='lat' dir='ltr'><strong>sicut</strong></span> <span class='ocrx_word' id='word_1_177' title='bbox 1765 2149 1938 2202; x_wconf 83' lang='lat' dir='ltr'><strong>civitas</strong></span> <span class='ocrx_word' id='word_1_178' title='bbox 1964 2164 2077 2202; x_wconf 85' lang='lat' dir='ltr'><strong>ntu-</strong></span> 
     </span>
    </p>
   </div>
   <div class='ocr_carea' id='block_1_22' title="bbox 496 2240 2077 2311">
    <p class='ocr_par' dir='ltr' id='par_1_22' title="bbox 496 2240 2077 2311">
     <span class='ocr_line' id='line_1_22' title="bbox 496 2240 2077 2311; baseline 0 -18"><span class='ocrx_word' id='word_1_179' title='bbox 496 2241 602 2294; x_wconf 82' lang='lat' dir='ltr'><strong>nita</strong></span> <span class='ocrx_word' id='word_1_180' title='bbox 625 2251 672 2294; x_wconf 86' lang='lat' dir='ltr'><strong>et</strong></span> <span class='ocrx_word' id='word_1_181' title='bbox 694 2241 844 2310; x_wconf 77' lang='lat' dir='ltr'><strong>firma</strong></span> <span class='ocrx_word' id='word_1_182' title='bbox 867 2240 1049 2311; x_wconf 80' lang='lat' dir='ltr'><strong>(Prov.</strong></span> <span class='ocrx_word' id='word_1_183' title='bbox 1077 2242 1163 2297; x_wconf 74' lang='grc'><strong>18.</strong></span> <span class='ocrx_word' id='word_1_184' title='bbox 1199 2240 1312 2311; x_wconf 76' lang='grc'><strong>19).</strong></span> <span class='ocrx_word' id='word_1_185' title='bbox 1361 2241 1483 2296; x_wconf 61' lang='lat' dir='ltr'><strong>Hac</strong></span> <span class='ocrx_word' id='word_1_186' title='bbox 1503 2247 1680 2296; x_wconf 86' lang='lat' dir='ltr'><strong>autem</strong></span> <span class='ocrx_word' id='word_1_187' title='bbox 1704 2240 1990 2309; x_wconf 72' lang='lat' dir='ltr'><strong>prtemitto,</strong></span> <span class='ocrx_word' id='word_1_188' title='bbox 2018 2248 2077 2294; x_wconf 90' lang='lat' dir='ltr'><strong>ut</strong></span> 
     </span>
    </p>
   </div>
   <div class='ocr_carea' id='block_1_23' title="bbox 495 2329 2075 2402">
    <p class='ocr_par' dir='ltr' id='par_1_23' title="bbox 495 2329 2075 2402">
     <span class='ocr_line' id='line_1_23' title="bbox 495 2329 2075 2402; baseline -0.001 -18"><span class='ocrx_word' id='word_1_189' title='bbox 495 2344 616 2384; x_wconf 91' lang='lat' dir='ltr'><strong>cum</strong></span> <span class='ocrx_word' id='word_1_190' title='bbox 658 2331 804 2385; x_wconf 89' lang='lat' dir='ltr'><strong>omni</strong></span> <span class='ocrx_word' id='word_1_191' title='bbox 831 2330 1042 2399; x_wconf 81' lang='lat' dir='ltr'><strong>affectu,</strong></span> <span class='ocrx_word' id='word_1_192' title='bbox 1074 2346 1193 2402; x_wconf 67' lang='lat' dir='ltr'><strong>quae</strong></span> <span class='ocrx_word' id='word_1_193' title='bbox 1218 2330 1460 2397; x_wconf 88' lang='lat' dir='ltr'><strong>dicimus,</strong></span> <span class='ocrx_word' id='word_1_194' title='bbox 1501 2330 1746 2395; x_wconf 87' lang='lat' dir='ltr'><strong>audiatis,</strong></span> <span class='ocrx_word' id='word_1_195' title='bbox 1778 2343 1951 2400; x_wconf 90' lang='lat' dir='ltr'><strong>neque</strong></span> <span class='ocrx_word' id='word_1_196' title='bbox 1973 2329 2075 2384; x_wconf 84' lang='lat' dir='ltr'><strong>ali-</strong></span> 
     </span>
    </p>
   </div>
   <div class='ocr_carea' id='block_1_24' title="bbox 495 2420 2071 2494">
    <p class='ocr_par' dir='ltr' id='par_1_24' title="bbox 495 2420 2071 2494">
     <span class='ocr_line' id='line_1_24' title="bbox 495 2420 2071 2494; baseline 0 -18"><span class='ocrx_word' id='word_1_197' title='bbox 495 2420 614 2491; x_wconf 82' lang='lat' dir='ltr'><strong>quis</strong></span> <span class='ocrx_word' id='word_1_198' title='bbox 656 2432 893 2478; x_wconf 86' lang='lat' dir='ltr'><strong>vestrum</strong></span> <span class='ocrx_word' id='word_1_199' title='bbox 941 2423 1155 2494; x_wconf 85' lang='lat' dir='ltr'><strong>incipiat</strong></span> <span class='ocrx_word' id='word_1_200' title='bbox 1215 2422 1537 2493; x_wconf 89' lang='lat' dir='ltr'><strong>perturbari.</strong></span> <span class='ocrx_word' id='word_1_201' title='bbox 1599 2421 1890 2492; x_wconf 89' lang='lat' dir='ltr'><strong>Loquimur</strong></span> <span class='ocrx_word' id='word_1_202' title='bbox 1937 2435 2071 2487; x_wconf 85' lang='lat' dir='ltr'><strong>rem,</strong></span> 
     </span>
    </p>
   </div>
   <div class='ocr_carea' id='block_1_25' title="bbox 496 2510 2070 2584">
    <p class='ocr_par' dir='ltr' id='par_1_25' title="bbox 496 2510 2070 2584">
     <span class='ocr_line' id='line_1_25' title="bbox 496 2510 2070 2584; baseline 0.001 -18"><span class='ocrx_word' id='word_1_203' title='bbox 496 2528 652 2582; x_wconf 92' lang='lat' dir='ltr'><strong>quam</strong></span> <span class='ocrx_word' id='word_1_204' title='bbox 683 2511 897 2584; x_wconf 87' lang='lat' dir='ltr'><strong>dignum</strong></span> <span class='ocrx_word' id='word_1_205' title='bbox 921 2523 1005 2570; x_wconf 88' lang='lat' dir='ltr'><strong>est</strong></span> <span class='ocrx_word' id='word_1_206' title='bbox 1033 2514 1088 2571; x_wconf 91' lang='lat' dir='ltr'><strong>in</strong></span> <span class='ocrx_word' id='word_1_207' title='bbox 1112 2513 1339 2569; x_wconf 86' lang='lat' dir='ltr'><strong>ecclesia</strong></span> <span class='ocrx_word' id='word_1_208' title='bbox 1367 2513 1531 2583; x_wconf 89' lang='lat' dir='ltr'><strong>loqui,</strong></span> <span class='ocrx_word' id='word_1_209' title='bbox 1563 2522 1617 2568; x_wconf 90' lang='lat' dir='ltr'><strong>et</strong></span> <span class='ocrx_word' id='word_1_210' title='bbox 1652 2527 1812 2584; x_wconf 91' lang='lat' dir='ltr'><strong>quam</strong></span> <span class='ocrx_word' id='word_1_211' title='bbox 1851 2510 2070 2582; x_wconf 89' lang='lat' dir='ltr'><strong>dignum</strong></span> 
     </span>
    </p>
   </div>
   <div class='ocr_carea' id='block_1_26' title="bbox 495 2601 2078 2673">
    <p class='ocr_par' dir='ltr' id='par_1_26' title="bbox 495 2601 2078 2673">
     <span class='ocr_line' id='line_1_26' title="bbox 495 2601 2078 2673; baseline -0.001 -16"><span class='ocrx_word' id='word_1_212' title='bbox 495 2612 578 2657; x_wconf 89' lang='lat' dir='ltr'><strong>est</strong></span> <span class='ocrx_word' id='word_1_213' title='bbox 602 2603 827 2658; x_wconf 86' lang='lat' dir='ltr'><strong>libenter</strong></span> <span class='ocrx_word' id='word_1_214' title='bbox 839 2603 1031 2659; x_wconf 90' lang='lat' dir='ltr'><strong>audiri.</strong></span> <span class='ocrx_word' id='word_1_215' title='bbox 1061 2603 1167 2659; x_wconf 88' lang='lat' dir='ltr'><strong>Pro</strong></span> <span class='ocrx_word' id='word_1_216' title='bbox 1185 2618 1314 2673; x_wconf 86' lang='lat' dir='ltr'><strong>pace</strong></span> <span class='ocrx_word' id='word_1_217' title='bbox 1344 2603 1607 2673; x_wconf 87' lang='lat' dir='ltr'><strong>loquimur</strong></span> <span class='ocrx_word' id='word_1_218' title='bbox 1629 2601 1696 2657; x_wconf 90' lang='lat' dir='ltr'><strong>ad</strong></span> <span class='ocrx_word' id='word_1_219' title='bbox 1720 2617 1835 2658; x_wconf 90' lang='lat' dir='ltr'><strong>vos.</strong></span> <span class='ocrx_word' id='word_1_220' title='bbox 1863 2602 1932 2656; x_wconf 92' lang='lat' dir='ltr'><strong>Et</strong></span> <span class='ocrx_word' id='word_1_221' title='bbox 1951 2602 2078 2672; x_wconf 89' lang='lat' dir='ltr'><strong>quid</strong></span> 
     </span>
    </p>
   </div>
   <div class='ocr_carea' id='block_1_27' title="bbox 497 2691 2078 2764">
    <p class='ocr_par' dir='ltr' id='par_1_27' title="bbox 497 2691 2078 2764">
     <span class='ocr_line' id='line_1_27' title="bbox 497 2691 2078 2764; baseline -0.001 -18"><span class='ocrx_word' id='word_1_222' title='bbox 497 2694 567 2747; x_wconf 89' lang='lat' dir='ltr'><strong>ita</strong></span> <span class='ocrx_word' id='word_1_223' title='bbox 593 2691 934 2760; x_wconf 76' lang='lat' dir='ltr'><strong>conveniens,</strong></span> <span class='ocrx_word' id='word_1_224' title='bbox 963 2707 1120 2764; x_wconf 88' lang='lat' dir='ltr'><strong>quam</strong></span> <span class='ocrx_word' id='word_1_225' title='bbox 1159 2693 1492 2748; x_wconf 84' lang='lat' dir='ltr'><strong>sacerdotem</strong></span> <span class='ocrx_word' id='word_1_226' title='bbox 1538 2692 1633 2747; x_wconf 89' lang='lat' dir='ltr'><strong>Dei</strong></span> <span class='ocrx_word' id='word_1_227' title='bbox 1663 2706 1849 2762; x_wconf 89' lang='lat' dir='ltr'><strong>pacem</strong></span> <span class='ocrx_word' id='word_1_228' title='bbox 1878 2691 2078 2761; x_wconf 88' lang='lat' dir='ltr'><strong>populo</strong></span> 
     </span>
    </p>
   </div>
   <div class='ocr_carea' id='block_1_28' title="bbox 496 2781 2078 2856">
    <p class='ocr_par' dir='ltr' id='par_1_28' title="bbox 496 2781 2078 2856">
     <span class='ocr_line' id='line_1_28' title="bbox 496 2781 2078 2856; baseline -0.003 -16"><span class='ocrx_word' id='word_1_229' title='bbox 496 2785 857 2856; x_wconf 83' lang='lat' dir='ltr'><strong>persuadere?</strong></span> <span class='ocrx_word' id='word_1_230' title='bbox 893 2783 1249 2840; x_wconf 83' lang='lat' dir='ltr'><strong>Contradictio</strong></span> <span class='ocrx_word' id='word_1_231' title='bbox 1314 2785 1458 2840; x_wconf 91' lang='lat' dir='ltr'><strong>nulla</strong></span> <span class='ocrx_word' id='word_1_232' title='bbox 1506 2792 1608 2848; x_wconf 91' lang='lat' dir='ltr'><strong>est,</strong></span> <span class='ocrx_word' id='word_1_233' title='bbox 1657 2782 1748 2837; x_wconf 91' lang='lat' dir='ltr'><strong>ubi</strong></span> <span class='ocrx_word' id='word_1_234' title='bbox 1786 2789 1840 2837; x_wconf 92' lang='lat' dir='ltr'><strong>et</strong></span> <span class='ocrx_word' id='word_1_235' title='bbox 1887 2781 2078 2852; x_wconf 91' lang='lat' dir='ltr'><strong>legatio</strong></span> 
     </span>
    </p>
   </div>
   <div class='ocr_carea' id='block_1_29' title="bbox 495 2872 2078 2945">
    <p class='ocr_par' dir='ltr' id='par_1_29' title="bbox 495 2872 2078 2945">
     <span class='ocr_line' id='line_1_29' title="bbox 495 2872 2078 2945; baseline -0.003 -17"><span class='ocrx_word' id='word_1_236' title='bbox 495 2883 676 2930; x_wconf 89' lang='lat' dir='ltr'><strong>sancta</strong></span> <span class='ocrx_word' id='word_1_237' title='bbox 696 2883 752 2930; x_wconf 92' lang='lat' dir='ltr'><strong>et</strong></span> <span class='ocrx_word' id='word_1_238' title='bbox 774 2874 976 2945; x_wconf 75' lang='lat' dir='ltr'><strong>legatus</strong></span> <span class='ocrx_word' id='word_1_239' title='bbox 998 2883 1247 2944; x_wconf 82' lang='lat' dir='ltr'><strong>acceptus</strong></span> <span class='ocrx_word' id='word_1_240' title='bbox 1272 2882 1374 2929; x_wconf 91' lang='lat' dir='ltr'><strong>est.</strong></span> <span class='ocrx_word' id='word_1_241' title='bbox 1396 2873 1501 2929; x_wconf 88' lang='lat' dir='ltr'><strong>Pro</strong></span> <span class='ocrx_word' id='word_1_242' title='bbox 1523 2887 1651 2943; x_wconf 85' lang='lat' dir='ltr'><strong>pace</strong></span> <span class='ocrx_word' id='word_1_243' title='bbox 1671 2872 1957 2941; x_wconf 90' lang='lat' dir='ltr'><strong>loquimur,</strong></span> <span class='ocrx_word' id='word_1_244' title='bbox 1982 2884 2078 2939; x_wconf 88' lang='lat' dir='ltr'><strong>pro</strong></span> 
     </span>
    </p>
   </div>
   <div class='ocr_carea' id='block_1_30' title="bbox 496 2961 2076 3033">
    <p class='ocr_par' dir='ltr' id='par_1_30' title="bbox 496 2961 2076 3033">
     <span class='ocr_line' id='line_1_30' title="bbox 496 2961 2076 3033; baseline -0.001 -16"><span class='ocrx_word' id='word_1_245' title='bbox 496 2978 598 3033; x_wconf 88' lang='lat' dir='ltr'><strong>qua</strong></span> <span class='ocrx_word' id='word_1_246' title='bbox 625 2963 792 3020; x_wconf 85' lang='lat' dir='ltr'><strong>Filius</strong></span> <span class='ocrx_word' id='word_1_247' title='bbox 818 2963 911 3019; x_wconf 90' lang='lat' dir='ltr'><strong>Dei</strong></span> <span class='ocrx_word' id='word_1_248' title='bbox 939 2963 1212 3020; x_wconf 84' lang='lat' dir='ltr'><strong>descendit</strong></span> <span class='ocrx_word' id='word_1_249' title='bbox 1237 2963 1304 3018; x_wconf 89' lang='lat' dir='ltr'><strong>ad</strong></span> <span class='ocrx_word' id='word_1_250' title='bbox 1339 2973 1528 3031; x_wconf 90' lang='lat' dir='ltr'><strong>terras,</strong></span> <span class='ocrx_word' id='word_1_251' title='bbox 1565 2973 1623 3018; x_wconf 89' lang='lat' dir='ltr'><strong>ut</strong></span> <span class='ocrx_word' id='word_1_252' title='bbox 1651 2961 1956 3033; x_wconf 87' lang='lat' dir='ltr'><strong>pacificaret</strong></span> <span class='ocrx_word' id='word_1_253' title='bbox 1983 2974 2076 3030; x_wconf 87' lang='lat' dir='ltr'><strong>per</strong></span> 
     </span>
    </p>
   </div>
   <div class='ocr_carea' id='block_1_31' title="bbox 497 3050 2079 3124">
    <p class='ocr_par' dir='ltr' id='par_1_31' title="bbox 497 3050 2079 3124">
     <span class='ocr_line' id='line_1_31' title="bbox 497 3050 2079 3124; baseline -0.002 -16"><span class='ocrx_word' id='word_1_254' title='bbox 497 3055 810 3124; x_wconf 89' lang='lat' dir='ltr'><strong>sanguinem</strong></span> <span class='ocrx_word' id='word_1_255' title='bbox 838 3068 944 3109; x_wconf 90' lang='lat' dir='ltr'><strong>non</strong></span> <span class='ocrx_word' id='word_1_256' title='bbox 974 3053 1146 3109; x_wconf 86' lang='lat' dir='ltr'><strong>solum</strong></span> <span class='ocrx_word' id='word_1_257' title='bbox 1167 3069 1284 3124; x_wconf 63' lang='lat' dir='ltr'><strong>quae</strong></span> <span class='ocrx_word' id='word_1_258' title='bbox 1309 3055 1362 3108; x_wconf 93' lang='lat' dir='ltr'><strong>in</strong></span> <span class='ocrx_word' id='word_1_259' title='bbox 1388 3061 1528 3109; x_wconf 90' lang='lat' dir='ltr'><strong>terra</strong></span> <span class='ocrx_word' id='word_1_260' title='bbox 1574 3060 1718 3120; x_wconf 91' lang='lat' dir='ltr'><strong>sunt,</strong></span> <span class='ocrx_word' id='word_1_261' title='bbox 1747 3050 1842 3107; x_wconf 90' lang='lat' dir='ltr'><strong>sed</strong></span> <span class='ocrx_word' id='word_1_262' title='bbox 1880 3057 1935 3105; x_wconf 91' lang='lat' dir='ltr'><strong>et</strong></span> <span class='ocrx_word' id='word_1_263' title='bbox 1961 3064 2079 3119; x_wconf 82' lang='lat' dir='ltr'><strong>quae</strong></span> 
     </span>
    </p>
   </div>
   <div class='ocr_carea' id='block_1_32' title="bbox 497 3138 2080 3211">
    <p class='ocr_par' dir='ltr' id='par_1_32' title="bbox 497 3138 2080 3211">
     <span class='ocr_line' id='line_1_32' title="bbox 497 3138 2080 3211; baseline -0.004 -12"><span class='ocrx_word' id='word_1_264' title='bbox 497 3144 552 3199; x_wconf 93' lang='lat' dir='ltr'><strong>in</strong></span> <span class='ocrx_word' id='word_1_265' title='bbox 573 3145 736 3211; x_wconf 75' lang='lat' dir='ltr'><strong>etelis,</strong></span> <span class='ocrx_word' id='word_1_266' title='bbox 779 3153 836 3200; x_wconf 93' lang='lat' dir='ltr'><strong>et</strong></span> <span class='ocrx_word' id='word_1_267' title='bbox 864 3153 1070 3199; x_wconf 88' lang='lat' dir='ltr'><strong>terrena</strong></span> <span class='ocrx_word' id='word_1_268' title='bbox 1095 3143 1398 3200; x_wconf 64' lang='lat' dir='ltr'><strong>caelestibus</strong></span> <span class='ocrx_word' id='word_1_269' title='bbox 1427 3142 1674 3198; x_wconf 89' lang='lat' dir='ltr'><strong>sociaret.</strong></span> <span class='ocrx_word' id='word_1_270' title='bbox 1701 3139 1807 3195; x_wconf 87' lang='lat' dir='ltr'><strong>Pro</strong></span> <span class='ocrx_word' id='word_1_271' title='bbox 1841 3152 1972 3208; x_wconf 85' lang='lat' dir='ltr'><strong>pace</strong></span> <span class='ocrx_word' id='word_1_272' title='bbox 2001 3138 2080 3193; x_wconf 91' lang='lat' dir='ltr'><strong>lo-</strong></span> 
     </span>
    </p>
   </div>
   <div class='ocr_carea' id='block_1_33' title="bbox 494 3232 2078 3304">
    <p class='ocr_par' dir='ltr' id='par_1_33' title="bbox 494 3232 2078 3304">
     <span class='ocr_line' id='line_1_33' title="bbox 494 3232 2078 3304; baseline -0.002 -17"><span class='ocrx_word' id='word_1_273' title='bbox 494 3233 726 3303; x_wconf 87' lang='lat' dir='ltr'><strong>quimur,</strong></span> <span class='ocrx_word' id='word_1_274' title='bbox 753 3247 852 3304; x_wconf 91' lang='lat' dir='ltr'><strong>pro</strong></span> <span class='ocrx_word' id='word_1_275' title='bbox 879 3249 981 3303; x_wconf 90' lang='lat' dir='ltr'><strong>qua</strong></span> <span class='ocrx_word' id='word_1_276' title='bbox 1005 3232 1169 3288; x_wconf 89' lang='lat' dir='ltr'><strong>Filius</strong></span> <span class='ocrx_word' id='word_1_277' title='bbox 1211 3233 1306 3289; x_wconf 89' lang='lat' dir='ltr'><strong>Dei</strong></span> <span class='ocrx_word' id='word_1_278' title='bbox 1334 3247 1520 3303; x_wconf 89' lang='lat' dir='ltr'><strong>passus</strong></span> <span class='ocrx_word' id='word_1_279' title='bbox 1545 3240 1647 3298; x_wconf 90' lang='lat' dir='ltr'><strong>est,</strong></span> <span class='ocrx_word' id='word_1_280' title='bbox 1675 3239 1891 3302; x_wconf 88' lang='lat' dir='ltr'><strong>propter</strong></span> <span class='ocrx_word' id='word_1_281' title='bbox 1918 3244 2078 3300; x_wconf 88' lang='lat' dir='ltr'><strong>quam</strong></span> 
     </span>
    </p>
   </div>
   <div class='ocr_carea' id='block_1_34' title="bbox 496 3320 2078 3395">
    <p class='ocr_par' dir='ltr' id='par_1_34' title="bbox 496 3320 2078 3395">
     <span class='ocr_line' id='line_1_34' title="bbox 496 3320 2078 3395; baseline -0.003 -16"><span class='ocrx_word' id='word_1_282' title='bbox 496 3324 780 3379; x_wconf 82' lang='lat' dir='ltr'><strong>cruciﬁxus</strong></span> <span class='ocrx_word' id='word_1_283' title='bbox 831 3333 916 3380; x_wconf 88' lang='lat' dir='ltr'><strong>est</strong></span> <span class='ocrx_word' id='word_1_284' title='bbox 949 3333 1006 3380; x_wconf 91' lang='lat' dir='ltr'><strong>et</strong></span> <span class='ocrx_word' id='word_1_285' title='bbox 1032 3324 1290 3395; x_wconf 90' lang='lat' dir='ltr'><strong>sepultus,</strong></span> <span class='ocrx_word' id='word_1_286' title='bbox 1321 3339 1477 3395; x_wconf 91' lang='lat' dir='ltr'><strong>quam</strong></span> <span class='ocrx_word' id='word_1_287' title='bbox 1505 3323 1659 3379; x_wconf 91' lang='lat' dir='ltr'><strong>nobis</strong></span> <span class='ocrx_word' id='word_1_288' title='bbox 1682 3337 1778 3393; x_wconf 91' lang='lat' dir='ltr'><strong>pro</strong></span> <span class='ocrx_word' id='word_1_289' title='bbox 1809 3321 1955 3378; x_wconf 85' lang='lat' dir='ltr'><strong>omni</strong></span> <span class='ocrx_word' id='word_1_290' title='bbox 1981 3320 2078 3376; x_wconf 90' lang='lat' dir='ltr'><strong>be-</strong></span> 
     </span>
    </p>
   </div>
   <div class='ocr_carea' id='block_1_35' title="bbox 499 3409 2079 3487">
    <p class='ocr_par' dir='ltr' id='par_1_35' title="bbox 499 3409 2079 3487">
     <span class='ocr_line' id='line_1_35' title="bbox 499 3409 2079 3487; baseline -0.001 -19"><span class='ocrx_word' id='word_1_291' title='bbox 499 3415 738 3469; x_wconf 88' lang='lat' dir='ltr'><strong>reditatis</strong></span> <span class='ocrx_word' id='word_1_292' title='bbox 773 3429 936 3471; x_wconf 88' lang='lat' dir='ltr'><strong>censu</strong></span> <span class='ocrx_word' id='word_1_293' title='bbox 979 3415 1230 3487; x_wconf 81' lang='lat' dir='ltr'><strong>reliquit,</strong></span> <span class='ocrx_word' id='word_1_294' title='bbox 1261 3423 1326 3470; x_wconf 89' lang='grc' dir='ltr'>-ει</span> <span class='ocrx_word' id='word_1_295' title='bbox 1374 3415 1520 3470; x_wconf 88' lang='lat' dir='ltr'><strong>velut</strong></span> <span class='ocrx_word' id='word_1_296' title='bbox 1565 3428 1773 3468; x_wconf 89' lang='lat' dir='ltr'><strong>murum</strong></span> <span class='ocrx_word' id='word_1_297' title='bbox 1825 3409 2079 3466; x_wconf 63' lang='lat' dir='ltr'><strong>Ecclesia</strong></span> 
     </span>
    </p>
   </div>
   <div class='ocr_carea' id='block_1_36' title="bbox 486 3502 2077 3577">
    <p class='ocr_par' dir='ltr' id='par_1_36' title="bbox 486 3502 2077 3577">
     <span class='ocr_line' id='line_1_36' title="bbox 486 3502 2077 3577; baseline -0.004 -16"><span class='ocrx_word' id='word_1_298' title='bbox 486 3505 663 3572; x_wconf 85' lang='lat' dir='ltr'><strong>dedit,</strong></span> <span class='ocrx_word' id='word_1_299' title='bbox 686 3521 843 3577; x_wconf 90' lang='lat' dir='ltr'><strong>quam</strong></span> <span class='ocrx_word' id='word_1_300' title='bbox 872 3514 1079 3562; x_wconf 86' lang='lat' dir='ltr'><strong>scutum</strong></span> <span class='ocrx_word' id='word_1_301' title='bbox 1099 3505 1383 3561; x_wconf 90' lang='lat' dir='ltr'><strong>adversum</strong></span> <span class='ocrx_word' id='word_1_302' title='bbox 1406 3504 1675 3560; x_wconf 88' lang='lat' dir='ltr'><strong>diabolum</strong></span> <span class='ocrx_word' id='word_1_303' title='bbox 1707 3502 1901 3573; x_wconf 91' lang='lat' dir='ltr'><strong>posuit,</strong></span> <span class='ocrx_word' id='word_1_304' title='bbox 1920 3515 2077 3570; x_wconf 92' lang='lat' dir='ltr'><strong>quam</strong></span> 
     </span>
    </p>
   </div>
   <div class='ocr_carea' id='block_1_37' title="bbox 497 3595 2074 3667">
    <p class='ocr_par' dir='ltr' id='par_1_37' title="bbox 497 3595 2074 3667">
     <span class='ocr_line' id='line_1_37' title="bbox 497 3595 2074 3667; baseline -0.003 -17"><span class='ocrx_word' id='word_1_305' title='bbox 497 3595 726 3667; x_wconf 79' lang='lat' dir='ltr'><strong>gladium</strong></span> <span class='ocrx_word' id='word_1_306' title='bbox 774 3596 1058 3652; x_wconf 87' lang='lat' dir='ltr'><strong>adversum</strong></span> <span class='ocrx_word' id='word_1_307' title='bbox 1103 3596 1375 3652; x_wconf 69' lang='lat' dir='ltr'><strong>daemones</strong></span> <span class='ocrx_word' id='word_1_308' title='bbox 1424 3595 1605 3660; x_wconf 89' lang='lat' dir='ltr'><strong>dedit,</strong></span> <span class='ocrx_word' id='word_1_309' title='bbox 1659 3607 1816 3664; x_wconf 91' lang='lat' dir='ltr'><strong>quam</strong></span> <span class='ocrx_word' id='word_1_310' title='bbox 1864 3601 2074 3662; x_wconf 89' lang='lat' dir='ltr'><strong>portum</strong></span> 
     </span>
    </p>
   </div>
   <div class='ocr_carea' id='block_1_38' title="bbox 1231 326 3031 392">
    <p class='ocr_par' dir='ltr' id='par_1_38' title="bbox 1231 326 3031 392">
     <span class='ocr_line' id='line_1_38' title="bbox 1231 326 3031 392; baseline -0.006 0"><span class='ocrx_word' id='word_1_311' title='bbox 1231 337 1288 392; x_wconf 89' lang='lat' dir='ltr'><strong>S.</strong></span> <span class='ocrx_word' id='word_1_312' title='bbox 1327 335 1600 391; x_wconf 73' lang='lat' dir='ltr'><strong>JOANNIS</strong></span> <span class='ocrx_word' id='word_1_313' title='bbox 1637 328 2103 390; x_wconf 76' lang='lat' dir='ltr'><strong>CIIRYSOSTOMI</strong></span> <span class='ocrx_word' id='word_1_314' title='bbox 2145 328 2456 384; x_wconf 81' lang='lat' dir='ltr'><strong>ARCHIEP.</strong></span> <span class='ocrx_word' id='word_1_315' title='bbox 2495 326 3031 385; x_wconf 81' lang='lat' dir='ltr'><strong>CONSTANTINOP.</strong></span> 
     </span>
    </p>
   </div>
   <div class='ocr_carea' id='block_1_39' title="bbox 3654 312 3761 369">
    <p class='ocr_par' dir='ltr' id='par_1_39' title="bbox 3654 312 3761 369">
     <span class='ocr_line' id='line_1_39' title="bbox 3654 312 3761 369; baseline 0.019 -2"><span class='ocrx_word' id='word_1_316' title='bbox 3654 312 3761 369; x_wconf 63' lang='grc'><strong>426</strong></span> 
     </span>
    </p>
   </div>
   <div class='ocr_carea' id='block_1_40' title="bbox 2182 426 3762 503">
    <p class='ocr_par' dir='ltr' id='par_1_40' title="bbox 2182 426 3762 503">
     <span class='ocr_line' id='line_1_40' title="bbox 2182 426 3762 503; baseline -0.006 -15"><span class='ocrx_word' id='word_1_317' title='bbox 2182 430 2673 503; x_wconf 91' lang='lat' dir='ltr'><strong>tranquillissimum</strong></span> <span class='ocrx_word' id='word_1_318' title='bbox 2721 428 2960 485; x_wconf 91' lang='lat' dir='ltr'><strong>ﬁdelibus</strong></span> <span class='ocrx_word' id='word_1_319' title='bbox 2987 426 3287 494; x_wconf 79' lang='lat' dir='ltr'><strong>collocavit,</strong></span> <span class='ocrx_word' id='word_1_320' title='bbox 3317 441 3475 498; x_wconf 89' lang='lat' dir='ltr'><strong>quam</strong></span> <span class='ocrx_word' id='word_1_321' title='bbox 3511 428 3762 496; x_wconf 80' lang='lat' dir='ltr'><strong>repropi-</strong></span> 
     </span>
    </p>
   </div>
   <div class='ocr_carea' id='block_1_41' title="bbox 2181 518 3760 588">
    <p class='ocr_par' dir='ltr' id='par_1_41' title="bbox 2181 518 3760 588">
     <span class='ocr_line' id='line_1_41' title="bbox 2181 518 3760 588; baseline -0.003 -10"><span class='ocrx_word' id='word_1_322' title='bbox 2181 525 2453 578; x_wconf 89' lang='lat' dir='ltr'><strong>tiationem</strong></span> <span class='ocrx_word' id='word_1_323' title='bbox 2495 522 2560 576; x_wconf 90' lang='lat' dir='ltr'><strong>ad</strong></span> <span class='ocrx_word' id='word_1_324' title='bbox 2596 523 2760 576; x_wconf 90' lang='lat' dir='ltr'><strong>Deum</strong></span> <span class='ocrx_word' id='word_1_325' title='bbox 2786 519 2951 584; x_wconf 90' lang='lat' dir='ltr'><strong>dedit,</strong></span> <span class='ocrx_word' id='word_1_326' title='bbox 2979 534 3134 588; x_wconf 89' lang='lat' dir='ltr'><strong>quam</strong></span> <span class='ocrx_word' id='word_1_327' title='bbox 3183 518 3497 574; x_wconf 87' lang='lat' dir='ltr'><strong>delictorum</strong></span> <span class='ocrx_word' id='word_1_328' title='bbox 3542 519 3760 575; x_wconf 79' lang='lat' dir='ltr'><strong>abSolu-</strong></span> 
     </span>
    </p>
   </div>
   <div class='ocr_carea' id='block_1_42' title="bbox 2181 609 3762 681">
    <p class='ocr_par' dir='ltr' id='par_1_42' title="bbox 2181 609 3762 681">
     <span class='ocr_line' id='line_1_42' title="bbox 2181 609 3762 681; baseline -0.002 -13"><span class='ocrx_word' id='word_1_329' title='bbox 2181 613 2378 668; x_wconf 90' lang='lat' dir='ltr'><strong>tionem</strong></span> <span class='ocrx_word' id='word_1_330' title='bbox 2401 611 2666 668; x_wconf 90' lang='lat' dir='ltr'><strong>concessit</strong></span> <span class='ocrx_word' id='word_1_331' title='bbox 2693 629 2706 665; x_wconf 89' lang='lat'><strong>:</strong></span> <span class='ocrx_word' id='word_1_332' title='bbox 2735 625 2832 681; x_wconf 91' lang='lat' dir='ltr'><strong>pro</strong></span> <span class='ocrx_word' id='word_1_333' title='bbox 2847 609 2948 664; x_wconf 89' lang='lat' dir='ltr'><strong>hac</strong></span> <span class='ocrx_word' id='word_1_334' title='bbox 2975 624 3101 678; x_wconf 89' lang='lat' dir='ltr'><strong>ergo</strong></span> <span class='ocrx_word' id='word_1_335' title='bbox 3122 609 3321 679; x_wconf 78' lang='lat' dir='ltr'><strong>legatus</strong></span> <span class='ocrx_word' id='word_1_336' title='bbox 3350 609 3414 663; x_wconf 92' lang='lat' dir='ltr'><strong>ad</strong></span> <span class='ocrx_word' id='word_1_337' title='bbox 3443 624 3537 664; x_wconf 88' lang='lat' dir='ltr'><strong>vos</strong></span> <span class='ocrx_word' id='word_1_338' title='bbox 3566 612 3762 666; x_wconf 82' lang='lat' dir='ltr'><strong>missus</strong></span> 
     </span>
    </p>
   </div>
   <div class='ocr_carea' id='block_1_43' title="bbox 2179 700 3760 772">
    <p class='ocr_par' dir='ltr' id='par_1_43' title="bbox 2179 700 3760 772">
     <span class='ocr_line' id='line_1_43' title="bbox 2179 700 3760 772; baseline -0.001 -13"><span class='ocrx_word' id='word_1_339' title='bbox 2179 719 2318 759; x_wconf 90' lang='lat' dir='ltr'><strong>sum.</strong></span> <span class='ocrx_word' id='word_1_340' title='bbox 2349 703 2520 759; x_wconf 85' lang='lat' dir='ltr'><strong>Nolite</strong></span> <span class='ocrx_word' id='word_1_341' title='bbox 2541 703 2677 758; x_wconf 91' lang='lat' dir='ltr'><strong>mihi</strong></span> <span class='ocrx_word' id='word_1_342' title='bbox 2696 706 2935 760; x_wconf 87' lang='lat' dir='ltr'><strong>incutere</strong></span> <span class='ocrx_word' id='word_1_343' title='bbox 2953 700 3228 772; x_wconf 83' lang='lat' dir='ltr'><strong>pudorem,</strong></span> <span class='ocrx_word' id='word_1_344' title='bbox 3255 702 3416 756; x_wconf 84' lang='lat' dir='ltr'><strong>nolite</strong></span> <span class='ocrx_word' id='word_1_345' title='bbox 3438 702 3760 771; x_wconf 81' lang='lat' dir='ltr'><strong>legationem</strong></span> 
     </span>
    </p>
   </div>
   <div class='ocr_carea' id='block_1_44' title="bbox 2178 795 3760 866">
    <p class='ocr_par' dir='ltr' id='par_1_44' title="bbox 2178 795 3760 866">
     <span class='ocr_line' id='line_1_44' title="bbox 2178 795 3760 866; baseline -0.001 -14"><span class='ocrx_word' id='word_1_346' title='bbox 2178 813 2353 852; x_wconf 87' lang='lat' dir='ltr'><strong>meam</strong></span> <span class='ocrx_word' id='word_1_347' title='bbox 2379 797 2600 864; x_wconf 77' lang='lat' dir='ltr'><strong>ftedare,</strong></span> <span class='ocrx_word' id='word_1_348' title='bbox 2653 795 2974 866; x_wconf 83' lang='lat' dir='ltr'><strong>acquiescite</strong></span> <span class='ocrx_word' id='word_1_349' title='bbox 3019 795 3169 862; x_wconf 90' lang='lat' dir='ltr'><strong>mihi,</strong></span> <span class='ocrx_word' id='word_1_350' title='bbox 3218 810 3401 866; x_wconf 74' lang='lat' dir='ltr'><strong>quzeso</strong></span> <span class='ocrx_word' id='word_1_351' title='bbox 3443 811 3557 850; x_wconf 91' lang='lat' dir='ltr'><strong>vos.</strong></span> <span class='ocrx_word' id='word_1_352' title='bbox 3599 796 3760 851; x_wconf 77' lang='lat' dir='ltr'><strong>Multa</strong></span> 
     </span>
    </p>
   </div>
   <div class='ocr_carea' id='block_1_45' title="bbox 2179 885 3760 957">
    <p class='ocr_par' dir='ltr' id='par_1_45' title="bbox 2179 885 3760 957">
     <span class='ocr_line' id='line_1_45' title="bbox 2179 885 3760 957; baseline -0.001 -15"><span class='ocrx_word' id='word_1_353' title='bbox 2179 887 2376 942; x_wconf 90' lang='lat' dir='ltr'><strong>dudum</strong></span> <span class='ocrx_word' id='word_1_354' title='bbox 2409 886 2580 941; x_wconf 86' lang='lat' dir='ltr'><strong>tristia</strong></span> <span class='ocrx_word' id='word_1_355' title='bbox 2604 895 2752 957; x_wconf 79' lang='lat' dir='ltr'><strong>gesta</strong></span> <span class='ocrx_word' id='word_1_356' title='bbox 2777 894 2901 940; x_wconf 89' lang='lat' dir='ltr'><strong>sunt</strong></span> <span class='ocrx_word' id='word_1_357' title='bbox 2927 885 2978 939; x_wconf 91' lang='lat' dir='ltr'><strong>in</strong></span> <span class='ocrx_word' id='word_1_358' title='bbox 2999 885 3257 949; x_wconf 83' lang='lat' dir='ltr'><strong>Ecclesia,</strong></span> <span class='ocrx_word' id='word_1_359' title='bbox 3291 885 3454 941; x_wconf 91' lang='lat' dir='ltr'><strong>Deum</strong></span> <span class='ocrx_word' id='word_1_360' title='bbox 3476 887 3760 952; x_wconf 82' lang='lat' dir='ltr'><strong>conﬁteor,</strong></span> 
     </span>
    </p>
   </div>
   <div class='ocr_carea' id='block_1_46' title="bbox 2178 976 3762 1049">
    <p class='ocr_par' dir='ltr' id='par_1_46' title="bbox 2178 976 3762 1049">
     <span class='ocr_line' id='line_1_46' title="bbox 2178 976 3762 1049; baseline 0.001 -17"><span class='ocrx_word' id='word_1_361' title='bbox 2178 978 2272 1032; x_wconf 89' lang='lat' dir='ltr'><strong>sed</strong></span> <span class='ocrx_word' id='word_1_362' title='bbox 2295 992 2399 1032; x_wconf 90' lang='lat' dir='ltr'><strong>non</strong></span> <span class='ocrx_word' id='word_1_363' title='bbox 2423 976 2579 1031; x_wconf 92' lang='lat' dir='ltr'><strong>laudo</strong></span> <span class='ocrx_word' id='word_1_364' title='bbox 2606 976 3051 1047; x_wconf 90' lang='lat' dir='ltr'><strong>perturbationes,</strong></span> <span class='ocrx_word' id='word_1_365' title='bbox 3105 976 3395 1033; x_wconf 88' lang='lat' dir='ltr'><strong>seditiones</strong></span> <span class='ocrx_word' id='word_1_366' title='bbox 3423 993 3532 1034; x_wconf 91' lang='lat' dir='ltr'><strong>non</strong></span> <span class='ocrx_word' id='word_1_367' title='bbox 3555 979 3762 1049; x_wconf 88' lang='lat' dir='ltr'><strong>amplc-</strong></span> 
     </span>
    </p>
   </div>
   <div class='ocr_carea' id='block_1_47' title="bbox 2176 1067 3760 1139">
    <p class='ocr_par' dir='ltr' id='par_1_47' title="bbox 2176 1067 3760 1139">
     <span class='ocr_line' id='line_1_47' title="bbox 2176 1067 3760 1139; baseline 0.003 -17"><span class='ocrx_word' id='word_1_368' title='bbox 2176 1077 2314 1123; x_wconf 90' lang='lat' dir='ltr'><strong>ctor.</strong></span> <span class='ocrx_word' id='word_1_369' title='bbox 2337 1067 2442 1123; x_wconf 90' lang='lat' dir='ltr'><strong>Sed</strong></span> <span class='ocrx_word' id='word_1_370' title='bbox 2467 1069 2775 1123; x_wconf 89' lang='lat' dir='ltr'><strong>omittamus</strong></span> <span class='ocrx_word' id='word_1_371' title='bbox 2795 1067 2904 1136; x_wconf 87' lang='lat' dir='ltr'><strong>jam</strong></span> <span class='ocrx_word' id='word_1_372' title='bbox 2923 1067 3074 1133; x_wconf 65' lang='lat' dir='ltr'><strong>haec;</strong></span> <span class='ocrx_word' id='word_1_373' title='bbox 3101 1067 3350 1134; x_wconf 89' lang='lat' dir='ltr'><strong>desinite,</strong></span> <span class='ocrx_word' id='word_1_374' title='bbox 3376 1072 3760 1139; x_wconf 83' lang='lat' dir='ltr'><strong>conquiescite.</strong></span> 
     </span>
    </p>
   </div>
   <div class='ocr_carea' id='block_1_48' title="bbox 2176 1156 3763 1232">
    <p class='ocr_par' dir='ltr' id='par_1_48' title="bbox 2176 1156 3763 1232">
     <span class='ocr_line' id='line_1_48' title="bbox 2176 1156 3763 1232; baseline 0.003 -20"><span class='ocrx_word' id='word_1_375' title='bbox 2176 1158 2421 1213; x_wconf 83' lang='lat' dir='ltr'><strong>cohibete</strong></span> <span class='ocrx_word' id='word_1_376' title='bbox 2457 1159 2686 1222; x_wconf 88' lang='lat' dir='ltr'><strong>animos,</strong></span> <span class='ocrx_word' id='word_1_377' title='bbox 2720 1156 2986 1213; x_wconf 88' lang='lat' dir='ltr'><strong>refrenate</strong></span> <span class='ocrx_word' id='word_1_378' title='bbox 3033 1158 3361 1214; x_wconf 91' lang='lat' dir='ltr'><strong>iracundiam</strong></span> <span class='ocrx_word' id='word_1_379' title='bbox 3391 1177 3404 1213; x_wconf 92' lang='lat'>:</span> <span class='ocrx_word' id='word_1_380' title='bbox 3431 1159 3628 1216; x_wconf 87' lang='lat' dir='ltr'><strong>sufficit</strong></span> <span class='ocrx_word' id='word_1_381' title='bbox 3649 1162 3763 1232; x_wconf 85' lang='lat' dir='ltr'><strong>jam</strong></span> 
     </span>
    </p>
   </div>
   <div class='ocr_carea' id='block_1_49' title="bbox 2176 1247 3760 1319">
    <p class='ocr_par' dir='ltr' id='par_1_49' title="bbox 2176 1247 3760 1319">
     <span class='ocr_line' id='line_1_49' title="bbox 2176 1247 3760 1319; baseline 0.004 -17"><span class='ocrx_word' id='word_1_382' title='bbox 2176 1249 2319 1319; x_wconf 89' lang='lat' dir='ltr'><strong>quod</strong></span> <span class='ocrx_word' id='word_1_383' title='bbox 2368 1249 2633 1304; x_wconf 83' lang='lat' dir='ltr'><strong>laboravit</strong></span> <span class='ocrx_word' id='word_1_384' title='bbox 2663 1247 2919 1314; x_wconf 87' lang='lat' dir='ltr'><strong>Ecclesia,</strong></span> <span class='ocrx_word' id='word_1_385' title='bbox 2956 1247 3076 1302; x_wconf 87' lang='lat' dir='ltr'><strong>ﬁnis</strong></span> <span class='ocrx_word' id='word_1_386' title='bbox 3108 1249 3197 1314; x_wconf 90' lang='lat' dir='ltr'><strong>sit,</strong></span> <span class='ocrx_word' id='word_1_387' title='bbox 3229 1249 3441 1305; x_wconf 85' lang='lat' dir='ltr'><strong>desinat</strong></span> <span class='ocrx_word' id='word_1_388' title='bbox 3480 1253 3712 1308; x_wconf 86' lang='lat' dir='ltr'><strong>turbatio</strong></span> <span class='ocrx_word' id='word_1_389' title='bbox 3745 1271 3760 1308; x_wconf 90' lang='lat'><strong>:</strong></span> 
     </span>
    </p>
   </div>
   <div class='ocr_carea' id='block_1_50' title="bbox 2179 1339 3765 1412">
    <p class='ocr_par' dir='ltr' id='par_1_50' title="bbox 2179 1339 3765 1412">
     <span class='ocr_line' id='line_1_50' title="bbox 2179 1339 3765 1412; baseline 0.003 -18"><span class='ocrx_word' id='word_1_390' title='bbox 2179 1341 2279 1394; x_wconf 91' lang='lat' dir='ltr'><strong>hoc</strong></span> <span class='ocrx_word' id='word_1_391' title='bbox 2313 1340 2456 1395; x_wconf 91' lang='lat' dir='ltr'><strong>enim</strong></span> <span class='ocrx_word' id='word_1_392' title='bbox 2498 1347 2552 1395; x_wconf 90' lang='lat' dir='ltr'><strong>et</strong></span> <span class='ocrx_word' id='word_1_393' title='bbox 2600 1339 2708 1394; x_wconf 91' lang='lat' dir='ltr'><strong>Deo</strong></span> <span class='ocrx_word' id='word_1_394' title='bbox 2734 1339 3006 1409; x_wconf 89' lang='lat' dir='ltr'><strong>placitum,</strong></span> <span class='ocrx_word' id='word_1_395' title='bbox 3035 1347 3091 1394; x_wconf 91' lang='lat' dir='ltr'><strong>et</strong></span> <span class='ocrx_word' id='word_1_396' title='bbox 3123 1339 3364 1410; x_wconf 87' lang='lat' dir='ltr'><strong>piissimo</strong></span> <span class='ocrx_word' id='word_1_397' title='bbox 3395 1343 3621 1412; x_wconf 88' lang='lat' dir='ltr'><strong>principi</strong></span> <span class='ocrx_word' id='word_1_398' title='bbox 3669 1359 3765 1399; x_wconf 85' lang='lat' dir='ltr'><strong>ac-</strong></span> 
     </span>
    </p>
   </div>
   <div class='ocr_carea' id='block_1_51' title="bbox 2176 1430 3764 1501">
    <p class='ocr_par' dir='ltr' id='par_1_51' title="bbox 2176 1430 3764 1501">
     <span class='ocr_line' id='line_1_51' title="bbox 2176 1430 3764 1501; baseline 0.002 -14"><span class='ocrx_word' id='word_1_399' title='bbox 2176 1440 2389 1501; x_wconf 91' lang='lat' dir='ltr'><strong>ceptum</strong></span> <span class='ocrx_word' id='word_1_400' title='bbox 2411 1440 2512 1487; x_wconf 90' lang='lat' dir='ltr'><strong>est.</strong></span> <span class='ocrx_word' id='word_1_401' title='bbox 2551 1430 2774 1501; x_wconf 89' lang='lat' dir='ltr'><strong>Oportet</strong></span> <span class='ocrx_word' id='word_1_402' title='bbox 2815 1430 2957 1486; x_wconf 89' lang='lat' dir='ltr'><strong>enim</strong></span> <span class='ocrx_word' id='word_1_403' title='bbox 2987 1438 3040 1486; x_wconf 90' lang='lat' dir='ltr'><strong>et</strong></span> <span class='ocrx_word' id='word_1_404' title='bbox 3076 1431 3293 1500; x_wconf 79' lang='lat' dir='ltr'><strong>regibus</strong></span> <span class='ocrx_word' id='word_1_405' title='bbox 3319 1432 3557 1499; x_wconf 88' lang='lat' dir='ltr'><strong>obedire,</strong></span> <span class='ocrx_word' id='word_1_406' title='bbox 3589 1438 3764 1490; x_wconf 78' lang='lat' dir='ltr'><strong>maxi-</strong></span> 
     </span>
    </p>
   </div>
   <div class='ocr_carea' id='block_1_52' title="bbox 2177 1520 3761 1596">
    <p class='ocr_par' dir='ltr' id='par_1_52' title="bbox 2177 1520 3761 1596">
     <span class='ocr_line' id='line_1_52' title="bbox 2177 1520 3761 1596; baseline 0.002 -20"><span class='ocrx_word' id='word_1_407' title='bbox 2177 1537 2264 1577; x_wconf 91' lang='lat' dir='ltr'><strong>me</strong></span> <span class='ocrx_word' id='word_1_408' title='bbox 2289 1537 2411 1577; x_wconf 92' lang='lat' dir='ltr'><strong>cum</strong></span> <span class='ocrx_word' id='word_1_409' title='bbox 2457 1529 2512 1577; x_wconf 91' lang='lat' dir='ltr'><strong>et</strong></span> <span class='ocrx_word' id='word_1_410' title='bbox 2564 1521 2665 1592; x_wconf 88' lang='lat' dir='ltr'><strong>ipsi</strong></span> <span class='ocrx_word' id='word_1_411' title='bbox 2697 1520 3068 1590; x_wconf 90' lang='lat' dir='ltr'><strong>obtemperent</strong></span> <span class='ocrx_word' id='word_1_412' title='bbox 3111 1521 3486 1581; x_wconf 81' lang='lat' dir='ltr'><strong>ecclesiasticis</strong></span> <span class='ocrx_word' id='word_1_413' title='bbox 3533 1525 3761 1596; x_wconf 83' lang='lat' dir='ltr'><strong>legibus.</strong></span> 
     </span>
    </p>
   </div>
   <div class='ocr_carea' id='block_1_53' title="bbox 2179 1603 3760 1698">
    <p class='ocr_par' dir='ltr' id='par_1_53' title="bbox 2179 1603 3760 1698">
     <span class='ocr_line' id='line_1_53' title="bbox 2179 1603 3760 1698; baseline 0.001 -30"><span class='ocrx_word' id='word_1_414' title='bbox 2179 1614 2316 1669; x_wconf 91' lang='lat' dir='ltr'><strong>Dicit</strong></span> <span class='ocrx_word' id='word_1_415' title='bbox 2351 1614 2492 1669; x_wconf 91' lang='lat' dir='ltr'><strong>enim</strong></span> <span class='ocrx_word' id='word_1_416' title='bbox 2513 1613 2822 1683; x_wconf 71' lang='lat' dir='ltr'><strong>apostolus:</strong></span> <span class='ocrx_word' id='word_1_417' title='bbox 2852 1611 3178 1698; x_wconf 47' lang='lat' dir='ltr'><strong>Principibus</strong></span> <span class='ocrx_word' id='word_1_418' title='bbox 3209 1603 3615 1682; x_wconf 77' lang='lat' dir='ltr'><strong>etpotestatibus</strong></span> <span class='ocrx_word' id='word_1_419' title='bbox 3642 1617 3760 1672; x_wconf 87' lang='lat' dir='ltr'><strong>sub-</strong></span> 
     </span>
    </p>
   </div>
   <div class='ocr_carea' id='block_1_54' title="bbox 2177 1703 3762 1776">
    <p class='ocr_par' dir='ltr' id='par_1_54' title="bbox 2177 1703 3762 1776">
     <span class='ocr_line' id='line_1_54' title="bbox 2177 1703 3762 1776; baseline 0.001 -20"><span class='ocrx_word' id='word_1_420' title='bbox 2177 1704 2271 1758; x_wconf 85' lang='lat' dir='ltr'><strong>diti</strong></span> <span class='ocrx_word' id='word_1_421' title='bbox 2290 1713 2441 1758; x_wconf 86' lang='lat' dir='ltr'><strong>estote</strong></span> <span class='ocrx_word' id='word_1_422' title='bbox 2467 1705 2487 1774; x_wconf 93' lang='lat'><strong>(</strong></span> <span class='ocrx_word' id='word_1_423' title='bbox 2506 1703 2603 1758; x_wconf 86' lang='lat' dir='ltr'><strong>Tit.</strong></span> <span class='ocrx_word' id='word_1_424' title='bbox 2627 1704 2682 1758; x_wconf 78' lang='grc'><strong>5.</strong></span> <span class='ocrx_word' id='word_1_425' title='bbox 2707 1705 2733 1760; x_wconf 82' lang='grc'><strong>1</strong></span> <span class='ocrx_word' id='word_1_426' title='bbox 2769 1704 2807 1774; x_wconf 93' lang='grc'><strong>).</strong></span> <span class='ocrx_word' id='word_1_427' title='bbox 2835 1703 3044 1771; x_wconf 81' lang='lat' dir='ltr'><strong>Quanto</strong></span> <span class='ocrx_word' id='word_1_428' title='bbox 3064 1705 3232 1773; x_wconf 88' lang='lat' dir='ltr'><strong>magis</strong></span> <span class='ocrx_word' id='word_1_429' title='bbox 3249 1704 3498 1775; x_wconf 90' lang='lat' dir='ltr'><strong>religioso</strong></span> <span class='ocrx_word' id='word_1_430' title='bbox 3513 1705 3762 1776; x_wconf 88' lang='lat' dir='ltr'><strong>principi,</strong></span> 
     </span>
    </p>
   </div>
   <div class='ocr_carea' id='block_1_55' title="bbox 2177 1783 3767 1865">
    <p class='ocr_par' dir='ltr' id='par_1_55' title="bbox 2177 1783 3767 1865">
     <span class='ocr_line' id='line_1_55' title="bbox 2177 1783 3767 1865; baseline 0.001 -16"><span class='ocrx_word' id='word_1_431' title='bbox 2177 1803 2232 1850; x_wconf 89' lang='lat' dir='ltr'><strong>et</strong></span> <span class='ocrx_word' id='word_1_432' title='bbox 2251 1808 2349 1863; x_wconf 90' lang='lat' dir='ltr'><strong>pro</strong></span> <span class='ocrx_word' id='word_1_433' title='bbox 2371 1793 2608 1849; x_wconf 90' lang='lat' dir='ltr'><strong>Ecclesia</strong></span> <span class='ocrx_word' id='word_1_434' title='bbox 2646 1793 2954 1849; x_wconf 78' lang='lat' dir='ltr'><strong>laboranti?</strong></span> <span class='ocrx_word' id='word_1_435' title='bbox 2995 1793 3052 1848; x_wconf 87' lang='lat' dir='ltr'><strong>Si</strong></span> <span class='ocrx_word' id='word_1_436' title='bbox 3073 1807 3202 1864; x_wconf 88' lang='lat' dir='ltr'><strong>ergo</strong></span> <span class='ocrx_word' id='word_1_437' title='bbox 3223 1783 3516 1865; x_wconf 79' lang='lat' dir='ltr'><strong>praeparavi</strong></span> <span class='ocrx_word' id='word_1_438' title='bbox 3555 1796 3767 1851; x_wconf 89' lang='lat' dir='ltr'><strong>animos</strong></span> 
     </span>
    </p>
   </div>
   <div class='ocr_carea' id='block_1_56' title="bbox 2176 1883 3767 1958">
    <p class='ocr_par' dir='ltr' id='par_1_56' title="bbox 2176 1883 3767 1958">
     <span class='ocr_line' id='line_1_56' title="bbox 2176 1883 3767 1958; baseline 0.002 -17"><span class='ocrx_word' id='word_1_439' title='bbox 2176 1895 2385 1942; x_wconf 83' lang='lat' dir='ltr'><strong>vestros</strong></span> <span class='ocrx_word' id='word_1_440' title='bbox 2413 1883 2480 1940; x_wconf 90' lang='lat' dir='ltr'><strong>ad</strong></span> <span class='ocrx_word' id='word_1_441' title='bbox 2526 1884 2923 1956; x_wconf 86' lang='lat' dir='ltr'><strong>suscipiendam</strong></span> <span class='ocrx_word' id='word_1_442' title='bbox 2973 1884 3290 1956; x_wconf 78' lang='lat' dir='ltr'><strong>legationem</strong></span> <span class='ocrx_word' id='word_1_443' title='bbox 3318 1899 3514 1953; x_wconf 88' lang='lat' dir='ltr'><strong>meam,</strong></span> <span class='ocrx_word' id='word_1_444' title='bbox 3542 1887 3767 1958; x_wconf 77' lang='lat' dir='ltr'><strong>recipito</strong></span> 
     </span>
    </p>
   </div>
   <div class='ocr_carea' id='block_1_57' title="bbox 2179 1976 3768 2050">
    <p class='ocr_par' dir='ltr' id='par_1_57' title="bbox 2179 1976 3768 2050">
     <span class='ocr_line' id='line_1_57' title="bbox 2179 1976 3768 2050; baseline 0.001 -18"><span class='ocrx_word' id='word_1_445' title='bbox 2179 1977 2396 2033; x_wconf 84' lang='lat' dir='ltr'><strong>fratrem</strong></span> <span class='ocrx_word' id='word_1_446' title='bbox 2425 1986 2666 2034; x_wconf 85' lang='lat' dir='ltr'><strong>nostrum</strong></span> <span class='ocrx_word' id='word_1_447' title='bbox 2694 1976 3044 2032; x_wconf 83' lang='lat' dir='ltr'><strong>Severianum</strong></span> <span class='ocrx_word' id='word_1_448' title='bbox 3066 1978 3398 2046; x_wconf 88' lang='lat' dir='ltr'><strong>episcopum.</strong></span> <span class='ocrx_word' id='word_1_449' title='bbox 3421 1976 3604 2033; x_wconf 83' lang='lat' dir='ltr'><strong>Habeo</strong></span> <span class='ocrx_word' id='word_1_450' title='bbox 3641 1993 3768 2050; x_wconf 86' lang='lat' dir='ltr'><strong>gra-</strong></span> 
     </span>
    </p>
   </div>
   <div class='ocr_carea' id='block_1_58' title="bbox 2179 2066 3765 2138">
    <p class='ocr_par' dir='ltr' id='par_1_58' title="bbox 2179 2066 3765 2138">
     <span class='ocr_line' id='line_1_58' title="bbox 2179 2066 3765 2138; baseline 0.002 -16"><span class='ocrx_word' id='word_1_451' title='bbox 2179 2068 2304 2122; x_wconf 87' lang='lat' dir='ltr'><strong>tiam</strong></span> <span class='ocrx_word' id='word_1_452' title='bbox 2326 2067 2467 2138; x_wconf 91' lang='lat' dir='ltr'><strong>quod</strong></span> <span class='ocrx_word' id='word_1_453' title='bbox 2493 2081 2795 2123; x_wconf 85' lang='lat' dir='ltr'><strong>sermonem</strong></span> <span class='ocrx_word' id='word_1_454' title='bbox 2817 2082 2994 2124; x_wconf 89' lang='lat' dir='ltr'><strong>meum</strong></span> <span class='ocrx_word' id='word_1_455' title='bbox 3021 2066 3265 2123; x_wconf 87' lang='lat' dir='ltr'><strong>laudibus</strong></span> <span class='ocrx_word' id='word_1_456' title='bbox 3281 2069 3591 2138; x_wconf 88' lang='lat' dir='ltr'><strong>prosequuti</strong></span> <span class='ocrx_word' id='word_1_457' title='bbox 3610 2069 3765 2126; x_wconf 90' lang='lat' dir='ltr'><strong>estis.</strong></span> 
     </span>
    </p>
   </div>
   <div class='ocr_carea' id='block_1_59' title="bbox 2179 2156 3767 2218">
    <p class='ocr_par' dir='ltr' id='par_1_59' title="bbox 2179 2156 3767 2218">
     <span class='ocr_line' id='line_1_59' title="bbox 2179 2156 3767 2218; baseline 0.001 -5"><span class='ocrx_word' id='word_1_458' title='bbox 2179 2157 2408 2214; x_wconf 88' lang='lat' dir='ltr'><strong>Dedistis</strong></span> <span class='ocrx_word' id='word_1_459' title='bbox 2452 2157 2584 2212; x_wconf 90' lang='lat' dir='ltr'><strong>mihi</strong></span> <span class='ocrx_word' id='word_1_460' title='bbox 2622 2156 2843 2218; x_wconf 74' lang='lat' dir='ltr'><strong>.fructus</strong></span> <span class='ocrx_word' id='word_1_461' title='bbox 2885 2156 3202 2213; x_wconf 77' lang='lat' dir='ltr'><strong>obedientiae</strong></span> <span class='ocrx_word' id='word_1_462' title='bbox 3231 2175 3245 2211; x_wconf 92' lang='lat'><strong>:</strong></span> <span class='ocrx_word' id='word_1_463' title='bbox 3278 2171 3419 2212; x_wconf 89' lang='lat' dir='ltr'><strong>nunc</strong></span> <span class='ocrx_word' id='word_1_464' title='bbox 3450 2172 3538 2214; x_wconf 87' lang='lat' dir='ltr'><strong>me</strong></span> <span class='ocrx_word' id='word_1_465' title='bbox 3581 2172 3767 2216; x_wconf 85' lang='lat' dir='ltr'><strong>semen</strong></span> 
     </span>
    </p>
   </div>
   <div class='ocr_carea' id='block_1_60' title="bbox 2179 2247 3769 2319">
    <p class='ocr_par' dir='ltr' id='par_1_60' title="bbox 2179 2247 3769 2319">
     <span class='ocr_line' id='line_1_60' title="bbox 2179 2247 3769 2319; baseline 0.002 -16"><span class='ocrx_word' id='word_1_466' title='bbox 2179 2248 2376 2304; x_wconf 89' lang='lat' dir='ltr'><strong>bonum</strong></span> <span class='ocrx_word' id='word_1_467' title='bbox 2401 2247 2637 2319; x_wconf 89' lang='lat' dir='ltr'><strong>gratulor</strong></span> <span class='ocrx_word' id='word_1_468' title='bbox 2659 2247 2972 2303; x_wconf 85' lang='lat' dir='ltr'><strong>seminasse.</strong></span> <span class='ocrx_word' id='word_1_469' title='bbox 3000 2247 3140 2303; x_wconf 88' lang='lat' dir='ltr'><strong>Ecce</strong></span> <span class='ocrx_word' id='word_1_470' title='bbox 3155 2247 3298 2303; x_wconf 89' lang='lat' dir='ltr'><strong>enim</strong></span> <span class='ocrx_word' id='word_1_471' title='bbox 3313 2247 3492 2303; x_wconf 90' lang='lat' dir='ltr'><strong>statim</strong></span> <span class='ocrx_word' id='word_1_472' title='bbox 3514 2247 3769 2306; x_wconf 88' lang='lat' dir='ltr'><strong>frumenti</strong></span> 
     </span>
    </p>
   </div>
   <div class='ocr_carea' id='block_1_61' title="bbox 2180 2337 3769 2410">
    <p class='ocr_par' dir='ltr' id='par_1_61' title="bbox 2180 2337 3769 2410">
     <span class='ocr_line' id='line_1_61' title="bbox 2180 2337 3769 2410; baseline 0.001 -16"><span class='ocrx_word' id='word_1_473' title='bbox 2180 2339 2480 2409; x_wconf 90' lang='lat' dir='ltr'><strong>manipulos</strong></span> <span class='ocrx_word' id='word_1_474' title='bbox 2507 2338 2775 2409; x_wconf 90' lang='lat' dir='ltr'><strong>colligam.</strong></span> <span class='ocrx_word' id='word_1_475' title='bbox 2824 2337 3107 2394; x_wconf 78' lang='lat' dir='ltr'><strong>Retribuat</strong></span> <span class='ocrx_word' id='word_1_476' title='bbox 3152 2337 3306 2394; x_wconf 90' lang='lat' dir='ltr'><strong>vobis</strong></span> <span class='ocrx_word' id='word_1_477' title='bbox 3334 2338 3593 2395; x_wconf 88' lang='lat' dir='ltr'><strong>Dominus</strong></span> <span class='ocrx_word' id='word_1_478' title='bbox 3631 2355 3769 2410; x_wconf 75' lang='lat' dir='ltr'><strong>prte-</strong></span> 
     </span>
    </p>
   </div>
   <div class='ocr_carea' id='block_1_62' title="bbox 2179 2427 3770 2499">
    <p class='ocr_par' dir='ltr' id='par_1_62' title="bbox 2179 2427 3770 2499">
     <span class='ocr_line' id='line_1_62' title="bbox 2179 2427 3770 2499; baseline 0.003 -16"><span class='ocrx_word' id='word_1_479' title='bbox 2179 2429 2344 2483; x_wconf 91' lang='lat' dir='ltr'><strong>mium</strong></span> <span class='ocrx_word' id='word_1_480' title='bbox 2384 2429 2746 2499; x_wconf 85' lang='lat' dir='ltr'><strong>benignitatis,</strong></span> <span class='ocrx_word' id='word_1_481' title='bbox 2806 2435 2863 2483; x_wconf 90' lang='lat' dir='ltr'><strong>et</strong></span> <span class='ocrx_word' id='word_1_482' title='bbox 2889 2427 3209 2483; x_wconf 74' lang='lat' dir='ltr'><strong>obedientia:</strong></span> <span class='ocrx_word' id='word_1_483' title='bbox 3253 2428 3577 2484; x_wconf 86' lang='lat' dir='ltr'><strong>mercedem.</strong></span> <span class='ocrx_word' id='word_1_484' title='bbox 3616 2428 3770 2487; x_wconf 83' lang='lat' dir='ltr'><strong>Nunc</strong></span> 
     </span>
    </p>
   </div>
   <div class='ocr_carea' id='block_1_63' title="bbox 2181 2522 3770 2596">
    <p class='ocr_par' dir='ltr' id='par_1_63' title="bbox 2181 2522 3770 2596">
     <span class='ocr_line' id='line_1_63' title="bbox 2181 2522 3770 2596; baseline 0.001 -17"><span class='ocrx_word' id='word_1_485' title='bbox 2181 2523 2324 2579; x_wconf 90' lang='lat' dir='ltr'><strong>enim</strong></span> <span class='ocrx_word' id='word_1_486' title='bbox 2349 2537 2528 2581; x_wconf 83' lang='lat' dir='ltr'><strong>veram</strong></span> <span class='ocrx_word' id='word_1_487' title='bbox 2556 2523 2784 2579; x_wconf 87' lang='lat' dir='ltr'><strong>hostiam</strong></span> <span class='ocrx_word' id='word_1_488' title='bbox 2832 2523 2978 2593; x_wconf 85' lang='lat' dir='ltr'><strong>pacis</strong></span> <span class='ocrx_word' id='word_1_489' title='bbox 3004 2522 3270 2579; x_wconf 88' lang='lat' dir='ltr'><strong>obtulistis</strong></span> <span class='ocrx_word' id='word_1_490' title='bbox 3298 2523 3429 2592; x_wconf 90' lang='lat' dir='ltr'><strong>Deo,</strong></span> <span class='ocrx_word' id='word_1_491' title='bbox 3461 2525 3584 2596; x_wconf 88' lang='lat' dir='ltr'><strong>quia</strong></span> <span class='ocrx_word' id='word_1_492' title='bbox 3609 2540 3770 2582; x_wconf 92' lang='lat' dir='ltr'><strong>nemo</strong></span> 
     </span>
    </p>
   </div>
   <div class='ocr_carea' id='block_1_64' title="bbox 2182 2612 3768 2677">
    <p class='ocr_par' dir='ltr' id='par_1_64' title="bbox 2182 2612 3768 2677">
     <span class='ocr_line' id='line_1_64' title="bbox 2182 2612 3768 2677; baseline 0.002 -9"><span class='ocrx_word' id='word_1_493' title='bbox 2182 2614 2423 2668; x_wconf 90' lang='lat' dir='ltr'><strong>turbatus</strong></span> <span class='ocrx_word' id='word_1_494' title='bbox 2465 2621 2548 2669; x_wconf 93' lang='lat' dir='ltr'><strong>est</strong></span> <span class='ocrx_word' id='word_1_495' title='bbox 2594 2613 2777 2668; x_wconf 85' lang='lat' dir='ltr'><strong>audito</strong></span> <span class='ocrx_word' id='word_1_496' title='bbox 2814 2612 2918 2668; x_wconf 92' lang='lat' dir='ltr'><strong>hoc</strong></span> <span class='ocrx_word' id='word_1_497' title='bbox 2966 2614 3204 2677; x_wconf 90' lang='lat' dir='ltr'><strong>nomine,</strong></span> <span class='ocrx_word' id='word_1_498' title='bbox 3262 2613 3358 2668; x_wconf 90' lang='lat' dir='ltr'><strong>sed</strong></span> <span class='ocrx_word' id='word_1_499' title='bbox 3400 2629 3522 2670; x_wconf 88' lang='lat' dir='ltr'><strong>cum</strong></span> <span class='ocrx_word' id='word_1_500' title='bbox 3545 2616 3768 2672; x_wconf 88' lang='lat' dir='ltr'><strong>caritate</strong></span> 
     </span>
    </p>
   </div>
   <div class='ocr_carea' id='block_1_65' title="bbox 2180 2701 3766 2773">
    <p class='ocr_par' dir='ltr' id='par_1_65' title="bbox 2180 2701 3766 2773">
     <span class='ocr_line' id='line_1_65' title="bbox 2180 2701 3766 2773; baseline 0.001 -16"><span class='ocrx_word' id='word_1_501' title='bbox 2180 2703 2488 2773; x_wconf 88' lang='lat' dir='ltr'><strong>suscipitis;</strong></span> <span class='ocrx_word' id='word_1_502' title='bbox 2515 2703 2671 2757; x_wconf 92' lang='lat' dir='ltr'><strong>simul</strong></span> <span class='ocrx_word' id='word_1_503' title='bbox 2700 2709 2758 2757; x_wconf 93' lang='lat' dir='ltr'><strong>ut</strong></span> <span class='ocrx_word' id='word_1_504' title='bbox 2803 2716 3050 2758; x_wconf 88' lang='lat' dir='ltr'><strong>sermone</strong></span> <span class='ocrx_word' id='word_1_505' title='bbox 3075 2701 3279 2772; x_wconf 90' lang='lat' dir='ltr'><strong>loquuti</strong></span> <span class='ocrx_word' id='word_1_506' title='bbox 3318 2717 3523 2770; x_wconf 87' lang='lat' dir='ltr'><strong>sumus,</strong></span> <span class='ocrx_word' id='word_1_507' title='bbox 3551 2719 3766 2761; x_wconf 87' lang='lat' dir='ltr'><strong>omnem</strong></span> 
     </span>
    </p>
   </div>
   <div class='ocr_carea' id='block_1_66' title="bbox 2182 2791 3766 2864">
    <p class='ocr_par' dir='ltr' id='par_1_66' title="bbox 2182 2791 3766 2864">
     <span class='ocr_line' id='line_1_66' title="bbox 2182 2791 3766 2864; baseline 0.001 -16"><span class='ocrx_word' id='word_1_508' title='bbox 2182 2806 2251 2848; x_wconf 79' lang='lat' dir='ltr'><strong>ex</strong></span> <span class='ocrx_word' id='word_1_509' title='bbox 2290 2794 2469 2847; x_wconf 89' lang='lat' dir='ltr'><strong>animo</strong></span> <span class='ocrx_word' id='word_1_510' title='bbox 2512 2791 2734 2863; x_wconf 77' lang='lat' dir='ltr'><strong>fugastis</strong></span> <span class='ocrx_word' id='word_1_511' title='bbox 2792 2791 3142 2846; x_wconf 89' lang='lat' dir='ltr'><strong>iracundiam.</strong></span> <span class='ocrx_word' id='word_1_512' title='bbox 3190 2791 3454 2862; x_wconf 89' lang='lat' dir='ltr'><strong>Suscipite</strong></span> <span class='ocrx_word' id='word_1_513' title='bbox 3480 2807 3608 2864; x_wconf 87' lang='lat' dir='ltr'><strong>ergo</strong></span> <span class='ocrx_word' id='word_1_514' title='bbox 3642 2809 3766 2850; x_wconf 89' lang='lat' dir='ltr'><strong>eum</strong></span> 
     </span>
    </p>
   </div>
   <div class='ocr_carea' id='block_1_67' title="bbox 2180 2880 3766 2955">
    <p class='ocr_par' dir='ltr' id='par_1_67' title="bbox 2180 2880 3766 2955">
     <span class='ocr_line' id='line_1_67' title="bbox 2180 2880 3766 2955; baseline 0.001 -17"><span class='ocrx_word' id='word_1_515' title='bbox 2180 2885 2340 2953; x_wconf 88' lang='lat' dir='ltr'><strong>pleno</strong></span> <span class='ocrx_word' id='word_1_516' title='bbox 2368 2892 2604 2954; x_wconf 89' lang='lat' dir='ltr'><strong>pectore,</strong></span> <span class='ocrx_word' id='word_1_517' title='bbox 2631 2883 2829 2953; x_wconf 89' lang='lat' dir='ltr'><strong>apertis</strong></span> <span class='ocrx_word' id='word_1_518' title='bbox 2857 2882 3122 2937; x_wconf 86' lang='lat' dir='ltr'><strong>manibus.</strong></span> <span class='ocrx_word' id='word_1_519' title='bbox 3145 2880 3202 2938; x_wconf 91' lang='lat' dir='ltr'><strong>Si</strong></span> <span class='ocrx_word' id='word_1_520' title='bbox 3230 2882 3358 2953; x_wconf 90' lang='lat' dir='ltr'><strong>quid</strong></span> <span class='ocrx_word' id='word_1_521' title='bbox 3379 2883 3528 2940; x_wconf 89' lang='lat' dir='ltr'><strong>triste</strong></span> <span class='ocrx_word' id='word_1_522' title='bbox 3553 2895 3766 2955; x_wconf 83' lang='lat' dir='ltr'><strong>gestum</strong></span> 
     </span>
    </p>
   </div>
   <div class='ocr_carea' id='block_1_68' title="bbox 2183 2975 3768 3047">
    <p class='ocr_par' dir='ltr' id='par_1_68' title="bbox 2183 2975 3768 3047">
     <span class='ocr_line' id='line_1_68' title="bbox 2183 2975 3768 3047; baseline -0.001 -14"><span class='ocrx_word' id='word_1_523' title='bbox 2183 2985 2287 3044; x_wconf 91' lang='lat' dir='ltr'><strong>est,</strong></span> <span class='ocrx_word' id='word_1_524' title='bbox 2308 2977 2534 3033; x_wconf 90' lang='lat' dir='ltr'><strong>omittite</strong></span> <span class='ocrx_word' id='word_1_525' title='bbox 2558 2992 2574 3043; x_wconf 89' lang='lat'><strong>;</strong></span> <span class='ocrx_word' id='word_1_526' title='bbox 2600 2976 2722 3047; x_wconf 88' lang='lat' dir='ltr'><strong>quia</strong></span> <span class='ocrx_word' id='word_1_527' title='bbox 2755 2975 2847 3031; x_wconf 89' lang='lat' dir='ltr'><strong>ubi</strong></span> <span class='ocrx_word' id='word_1_528' title='bbox 2886 2983 3097 3044; x_wconf 88' lang='lat' dir='ltr'><strong>tempus</strong></span> <span class='ocrx_word' id='word_1_529' title='bbox 3126 2975 3293 3044; x_wconf 90' lang='lat' dir='ltr'><strong>pacis,</strong></span> <span class='ocrx_word' id='word_1_530' title='bbox 3321 2975 3624 3033; x_wconf 89' lang='lat' dir='ltr'><strong>recordatio</strong></span> <span class='ocrx_word' id='word_1_531' title='bbox 3651 2976 3768 3033; x_wconf 82' lang='lat' dir='ltr'><strong>dis-</strong></span> 
     </span>
    </p>
   </div>
   <div class='ocr_carea' id='block_1_69' title="bbox 2183 3064 3766 3137">
    <p class='ocr_par' dir='ltr' id='par_1_69' title="bbox 2183 3064 3766 3137">
     <span class='ocr_line' id='line_1_69' title="bbox 2183 3064 3766 3137; baseline 0.003 -16"><span class='ocrx_word' id='word_1_532' title='bbox 2183 3067 2449 3122; x_wconf 89' lang='lat' dir='ltr'><strong>sensionis</strong></span> <span class='ocrx_word' id='word_1_533' title='bbox 2489 3067 2630 3121; x_wconf 90' lang='lat' dir='ltr'><strong>nulla</strong></span> <span class='ocrx_word' id='word_1_534' title='bbox 2655 3073 2756 3133; x_wconf 89' lang='lat' dir='ltr'><strong>est,</strong></span> <span class='ocrx_word' id='word_1_535' title='bbox 2783 3075 2839 3120; x_wconf 91' lang='lat' dir='ltr'><strong>ut</strong></span> <span class='ocrx_word' id='word_1_536' title='bbox 2869 3067 2938 3120; x_wconf 91' lang='lat' dir='ltr'><strong>sit</strong></span> <span class='ocrx_word' id='word_1_537' title='bbox 2964 3064 3213 3136; x_wconf 89' lang='lat' dir='ltr'><strong>gaudium</strong></span> <span class='ocrx_word' id='word_1_538' title='bbox 3243 3067 3296 3124; x_wconf 84' lang='lat' dir='ltr'><strong>in</strong></span> <span class='ocrx_word' id='word_1_539' title='bbox 3325 3065 3479 3135; x_wconf 73' lang='lat' dir='ltr'><strong>cado,</strong></span> <span class='ocrx_word' id='word_1_540' title='bbox 3515 3067 3766 3137; x_wconf 87' lang='lat' dir='ltr'><strong>gaudium</strong></span> 
     </span>
    </p>
   </div>
   <div class='ocr_carea' id='block_1_70' title="bbox 2185 3157 3769 3228">
    <p class='ocr_par' dir='ltr' id='par_1_70' title="bbox 2185 3157 3769 3228">
     <span class='ocr_line' id='line_1_70' title="bbox 2185 3157 3769 3228; baseline 0.001 -14"><span class='ocrx_word' id='word_1_541' title='bbox 2185 3160 2240 3214; x_wconf 90' lang='lat' dir='ltr'><strong>in</strong></span> <span class='ocrx_word' id='word_1_542' title='bbox 2283 3169 2446 3228; x_wconf 90' lang='lat' dir='ltr'><strong>terra,</strong></span> <span class='ocrx_word' id='word_1_543' title='bbox 2492 3159 2671 3215; x_wconf 60' lang='lat' dir='ltr'><strong>laetitia</strong></span> <span class='ocrx_word' id='word_1_544' title='bbox 2710 3166 2766 3214; x_wconf 93' lang='lat' dir='ltr'><strong>et</strong></span> <span class='ocrx_word' id='word_1_545' title='bbox 2792 3157 3079 3214; x_wconf 82' lang='lat' dir='ltr'><strong>exsultatio</strong></span> <span class='ocrx_word' id='word_1_546' title='bbox 3128 3157 3419 3228; x_wconf 86' lang='lat' dir='ltr'><strong>spiritualis</strong></span> <span class='ocrx_word' id='word_1_547' title='bbox 3449 3159 3500 3214; x_wconf 91' lang='lat' dir='ltr'><strong>in</strong></span> <span class='ocrx_word' id='word_1_548' title='bbox 3528 3157 3769 3216; x_wconf 84' lang='lat' dir='ltr'><strong>Ecclesia</strong></span> 
     </span>
    </p>
   </div>
   <div class='ocr_carea' id='block_1_71' title="bbox 2184 3245 3764 3317">
    <p class='ocr_par' dir='ltr' id='par_1_71' title="bbox 2184 3245 3764 3317">
     <span class='ocr_line' id='line_1_71' title="bbox 2184 3245 3764 3317; baseline 0.002 -14"><span class='ocrx_word' id='word_1_549' title='bbox 2184 3248 2300 3303; x_wconf 88' lang='lat' dir='ltr'><strong>Dei.</strong></span> <span class='ocrx_word' id='word_1_550' title='bbox 2333 3249 2402 3302; x_wconf 88' lang='lat' dir='ltr'><strong>Et</strong></span> <span class='ocrx_word' id='word_1_551' title='bbox 2428 3262 2642 3303; x_wconf 89' lang='lat' dir='ltr'><strong>oremus</strong></span> <span class='ocrx_word' id='word_1_552' title='bbox 2672 3245 2740 3302; x_wconf 88' lang='lat' dir='ltr'><strong>de</strong></span> <span class='ocrx_word' id='word_1_553' title='bbox 2783 3246 3006 3317; x_wconf 91' lang='lat' dir='ltr'><strong>reliquo,</strong></span> <span class='ocrx_word' id='word_1_554' title='bbox 3041 3253 3098 3300; x_wconf 95' lang='lat' dir='ltr'><strong>ut</strong></span> <span class='ocrx_word' id='word_1_555' title='bbox 3121 3247 3393 3316; x_wconf 90' lang='lat' dir='ltr'><strong>pacilicam</strong></span> <span class='ocrx_word' id='word_1_556' title='bbox 3420 3247 3562 3305; x_wconf 88' lang='lat' dir='ltr'><strong>Deus</strong></span> <span class='ocrx_word' id='word_1_557' title='bbox 3580 3261 3764 3306; x_wconf 87' lang='lat' dir='ltr'><strong>custo-</strong></span> 
     </span>
    </p>
   </div>
   <div class='ocr_carea' id='block_1_72' title="bbox 2183 3336 3764 3410">
    <p class='ocr_par' dir='ltr' id='par_1_72' title="bbox 2183 3336 3764 3410">
     <span class='ocr_line' id='line_1_72' title="bbox 2183 3336 3764 3410; baseline 0.002 -16"><span class='ocrx_word' id='word_1_558' title='bbox 2183 3338 2298 3394; x_wconf 91' lang='lat' dir='ltr'><strong>dire</strong></span> <span class='ocrx_word' id='word_1_559' title='bbox 2324 3337 2569 3408; x_wconf 87' lang='lat' dir='ltr'><strong>dignetur</strong></span> <span class='ocrx_word' id='word_1_560' title='bbox 2593 3336 2908 3402; x_wconf 89' lang='lat' dir='ltr'><strong>Ecclesiam,</strong></span> <span class='ocrx_word' id='word_1_561' title='bbox 2939 3350 3126 3406; x_wconf 89' lang='lat' dir='ltr'><strong>pacem</strong></span> <span class='ocrx_word' id='word_1_562' title='bbox 3169 3336 3328 3392; x_wconf 81' lang='lat' dir='ltr'><strong>ﬁxam</strong></span> <span class='ocrx_word' id='word_1_563' title='bbox 3375 3345 3432 3394; x_wconf 90' lang='lat' dir='ltr'><strong>et</strong></span> <span class='ocrx_word' id='word_1_564' title='bbox 3453 3349 3764 3410; x_wconf 83' lang='lat' dir='ltr'><strong>perpetuam</strong></span> 
     </span>
    </p>
   </div>
   <div class='ocr_carea' id='block_1_73' title="bbox 2183 3426 3768 3502">
    <p class='ocr_par' dir='ltr' id='par_1_73' title="bbox 2183 3426 3768 3502">
     <span class='ocr_line' id='line_1_73' title="bbox 2183 3426 3768 3502; baseline -0.001 -16"><span class='ocrx_word' id='word_1_565' title='bbox 2183 3430 2332 3495; x_wconf 89' lang='lat' dir='ltr'><strong>dare,</strong></span> <span class='ocrx_word' id='word_1_566' title='bbox 2381 3431 2433 3484; x_wconf 90' lang='lat' dir='ltr'><strong>in</strong></span> <span class='ocrx_word' id='word_1_567' title='bbox 2471 3429 2682 3485; x_wconf 87' lang='lat' dir='ltr'><strong>Christo</strong></span> <span class='ocrx_word' id='word_1_568' title='bbox 2731 3426 2859 3483; x_wconf 84' lang='lat' dir='ltr'><strong>Jesu</strong></span> <span class='ocrx_word' id='word_1_569' title='bbox 2904 3427 3130 3482; x_wconf 92' lang='lat' dir='ltr'><strong>Domino</strong></span> <span class='ocrx_word' id='word_1_570' title='bbox 3169 3437 3379 3496; x_wconf 90' lang='lat' dir='ltr'><strong>nostro,</strong></span> <span class='ocrx_word' id='word_1_571' title='bbox 3410 3445 3533 3484; x_wconf 91' lang='lat' dir='ltr'><strong>cum</strong></span> <span class='ocrx_word' id='word_1_572' title='bbox 3555 3447 3660 3502; x_wconf 91' lang='lat' dir='ltr'><strong>quo</strong></span> <span class='ocrx_word' id='word_1_573' title='bbox 3686 3444 3768 3488; x_wconf 87' lang='lat' dir='ltr'><strong>est</strong></span> 
     </span>
    </p>
   </div>
   <div class='ocr_carea' id='block_1_74' title="bbox 2183 3516 3764 3592">
    <p class='ocr_par' dir='ltr' id='par_1_74' title="bbox 2183 3516 3764 3592">
     <span class='ocr_line' id='line_1_74' title="bbox 2183 3516 3764 3592; baseline 0.001 -17"><span class='ocrx_word' id='word_1_574' title='bbox 2183 3521 2350 3592; x_wconf 89' lang='lat' dir='ltr'><strong>gloria</strong></span> <span class='ocrx_word' id='word_1_575' title='bbox 2382 3520 2493 3576; x_wconf 90' lang='lat' dir='ltr'><strong>Deo</strong></span> <span class='ocrx_word' id='word_1_576' title='bbox 2511 3518 2683 3584; x_wconf 91' lang='lat' dir='ltr'><strong>Patri,</strong></span> <span class='ocrx_word' id='word_1_577' title='bbox 2721 3533 2825 3573; x_wconf 89' lang='lat' dir='ltr'><strong>una</strong></span> <span class='ocrx_word' id='word_1_578' title='bbox 2852 3533 2972 3573; x_wconf 91' lang='lat' dir='ltr'><strong>cum</strong></span> <span class='ocrx_word' id='word_1_579' title='bbox 3017 3516 3216 3587; x_wconf 91' lang='lat' dir='ltr'><strong>Spiritu</strong></span> <span class='ocrx_word' id='word_1_580' title='bbox 3247 3530 3450 3587; x_wconf 89' lang='lat' dir='ltr'><strong>sancto,</strong></span> <span class='ocrx_word' id='word_1_581' title='bbox 3485 3521 3538 3576; x_wconf 90' lang='lat' dir='ltr'><strong>in</strong></span> <span class='ocrx_word' id='word_1_582' title='bbox 3563 3525 3764 3580; x_wconf 79' lang='lat' dir='ltr'><strong>szecula</strong></span> 
     </span>
    </p>
   </div>
   <div class='ocr_carea' id='block_1_75' title="bbox 2184 3609 2741 3664">
    <p class='ocr_par' dir='ltr' id='par_1_75' title="bbox 2184 3609 2741 3664">
     <span class='ocr_line' id='line_1_75' title="bbox 2184 3609 2741 3664; baseline -0.009 0"><span class='ocrx_word' id='word_1_583' title='bbox 2184 3612 2519 3664; x_wconf 65' lang='lat' dir='ltr'><strong>smculorum.</strong></span> <span class='ocrx_word' id='word_1_584' title='bbox 2550 3609 2741 3662; x_wconf 83' lang='lat' dir='ltr'><strong>Amen.</strong></span> 
     </span>
    </p>
   </div>
   <div class='ocr_carea' id='block_1_76' title="bbox 1397 3813 2845 3887">
    <p class='ocr_par' dir='ltr' id='par_1_76' title="bbox 1397 3813 2845 3887">
     <span class='ocr_line' id='line_1_76' title="bbox 1397 3813 2845 3887; baseline -0.007 -3"><span class='ocrx_word' id='word_1_585' title='bbox 1397 3822 1663 3884; x_wconf 79' lang='lat' dir='ltr'><strong>SERMO</strong></span> <span class='ocrx_word' id='word_1_586' title='bbox 1707 3821 1950 3883; x_wconf 84' lang='lat' dir='ltr'><strong>IPSIUS</strong></span> <span class='ocrx_word' id='word_1_587' title='bbox 1992 3817 2420 3880; x_wconf 81' lang='lat' dir='ltr'><strong>SEVERIANI</strong></span> <span class='ocrx_word' id='word_1_588' title='bbox 2461 3815 2567 3876; x_wconf 89' lang='lat' dir='ltr'><strong>DE</strong></span> <span class='ocrx_word' id='word_1_589' title='bbox 2616 3813 2845 3887; x_wconf 87' lang='lat' dir='ltr'><strong>PACE,</strong></span> 
     </span>
    </p>
   </div>
   <div class='ocr_carea' id='block_1_77' title="bbox 857 3972 3383 4033">
    <p class='ocr_par' dir='ltr' id='par_1_77' title="bbox 857 3972 3383 4033">
     <span class='ocr_line' id='line_1_77' title="bbox 857 3972 3383 4033; baseline -0.004 -5"><span class='ocrx_word' id='word_1_590' title='bbox 857 3984 988 4028; x_wconf 68' lang='lat' dir='ltr'><strong>CUM</strong></span> <span class='ocrx_word' id='word_1_591' title='bbox 1017 3984 1358 4028; x_wconf 77' lang='lat' dir='ltr'><strong>SUSCEPTUS</strong></span> <span class='ocrx_word' id='word_1_592' title='bbox 1401 3983 1587 4027; x_wconf 84' lang='lat' dir='ltr'><strong>ESSET</strong></span> <span class='ocrx_word' id='word_1_593' title='bbox 1640 3984 1675 4024; x_wconf 82' lang='grc' dir='ltr'><strong>Δ</strong></span> <span class='ocrx_word' id='word_1_594' title='bbox 1720 3980 1925 4023; x_wconf 79' lang='grc' dir='ltr'><strong>ΒΕΔΤΟ</strong></span> <span class='ocrx_word' id='word_1_595' title='bbox 1967 3978 2232 4033; x_wconf 77' lang='lat' dir='ltr'><strong>JOANNE,</strong></span> <span class='ocrx_word' id='word_1_596' title='bbox 2279 3973 2570 4019; x_wconf 77' lang='lat' dir='ltr'><strong>EPISCOPO</strong></span> <span class='ocrx_word' id='word_1_597' title='bbox 2613 3972 3383 4017; x_wconf 75' lang='lat' dir='ltr'><strong>CONSTANTINOPOLITANO.</strong></span> 
     </span>
    </p>
   </div>
   <div class='ocr_carea' id='block_1_78' title="bbox 574 4101 2082 4171">
    <p class='ocr_par' dir='ltr' id='par_1_78' title="bbox 574 4101 2082 4171">
     <span class='ocr_line' id='line_1_78' title="bbox 574 4101 2082 4171; baseline -0.003 -11"><span class='ocrx_word' id='word_1_598' title='bbox 574 4106 629 4162; x_wconf 92' lang='lat' dir='ltr'><strong>ln</strong></span> <span class='ocrx_word' id='word_1_599' title='bbox 674 4105 905 4161; x_wconf 90' lang='lat' dir='ltr'><strong>adventu</strong></span> <span class='ocrx_word' id='word_1_600' title='bbox 943 4106 1151 4161; x_wconf 92' lang='lat' dir='ltr'><strong>Domini</strong></span> <span class='ocrx_word' id='word_1_601' title='bbox 1182 4115 1250 4161; x_wconf 80' lang='lat' dir='ltr'><strong>et</strong></span> <span class='ocrx_word' id='word_1_602' title='bbox 1281 4104 1572 4161; x_wconf 88' lang='lat' dir='ltr'><strong>Salvatoris</strong></span> <span class='ocrx_word' id='word_1_603' title='bbox 1615 4103 1786 4158; x_wconf 91' lang='lat' dir='ltr'><strong>nostri</strong></span> <span class='ocrx_word' id='word_1_604' title='bbox 1825 4111 1984 4171; x_wconf 90' lang='lat' dir='ltr'><strong>atque</strong></span> <span class='ocrx_word' id='word_1_605' title='bbox 2028 4101 2082 4155; x_wconf 92' lang='lat' dir='ltr'><strong>in</strong></span> 
     </span>
    </p>
   </div>
   <div class='ocr_carea' id='block_1_79' title="bbox 502 4192 2081 4270">
    <p class='ocr_par' dir='ltr' id='par_1_79' title="bbox 502 4192 2081 4270">
     <span class='ocr_line' id='line_1_79' title="bbox 502 4192 2081 4270; baseline -0.005 -16"><span class='ocrx_word' id='word_1_606' title='bbox 502 4199 784 4270; x_wconf 71' lang='lat' dir='ltr'><strong>prarsentia</strong></span> <span class='ocrx_word' id='word_1_607' title='bbox 830 4199 946 4269; x_wconf 90' lang='lat' dir='ltr'><strong>ejus</strong></span> <span class='ocrx_word' id='word_1_608' title='bbox 989 4199 1288 4268; x_wconf 90' lang='lat' dir='ltr'><strong>corporali,</strong></span> <span class='ocrx_word' id='word_1_609' title='bbox 1349 4195 1522 4266; x_wconf 90' lang='lat' dir='ltr'><strong>angeli</strong></span> <span class='ocrx_word' id='word_1_610' title='bbox 1577 4195 1832 4250; x_wconf 90' lang='lat' dir='ltr'><strong>ducentes</strong></span> <span class='ocrx_word' id='word_1_611' title='bbox 1885 4192 2081 4247; x_wconf 85' lang='lat' dir='ltr'><strong>choros</strong></span> 
     </span>
    </p>
   </div>
   <div class='ocr_carea' id='block_1_80' title="bbox 501 4283 2083 4359">
    <p class='ocr_par' dir='ltr' id='par_1_80' title="bbox 501 4283 2083 4359">
     <span class='ocr_line' id='line_1_80' title="bbox 501 4283 2083 4359; baseline -0.005 -15"><span class='ocrx_word' id='word_1_612' title='bbox 501 4290 744 4344; x_wconf 64' lang='lat' dir='ltr'><strong>caelestes</strong></span> <span class='ocrx_word' id='word_1_613' title='bbox 782 4289 1216 4359; x_wconf 84' lang='lat' dir='ltr'><strong>evangelizabant</strong></span> <span class='ocrx_word' id='word_1_614' title='bbox 1255 4287 1562 4357; x_wconf 87' lang='lat' dir='ltr'><strong>pastoribus</strong></span> <span class='ocrx_word' id='word_1_615' title='bbox 1591 4327 1606 4350; x_wconf 97' lang='lat'><strong>,</strong></span> <span class='ocrx_word' id='word_1_616' title='bbox 1648 4285 1887 4339; x_wconf 90' lang='lat' dir='ltr'><strong>dicentes</strong></span> <span class='ocrx_word' id='word_1_617' title='bbox 1921 4301 1934 4337; x_wconf 88' lang='lat'><strong>:</strong></span> <span class='ocrx_word' id='word_1_618' title='bbox 1977 4283 2083 4336; x_wconf 81' lang='lat' dir='ltr'><strong>An-</strong></span> 
     </span>
    </p>
   </div>
   <div class='ocr_carea' id='block_1_81' title="bbox 502 4374 2081 4449">
    <p class='ocr_par' dir='ltr' id='par_1_81' title="bbox 502 4374 2081 4449">
     <span class='ocr_line' id='line_1_81' title="bbox 502 4374 2081 4449; baseline -0.005 -15"><span class='ocrx_word' id='word_1_619' title='bbox 502 4381 789 4434; x_wconf 82' lang='lat' dir='ltr'><strong>rtuntiamus</strong></span> <span class='ocrx_word' id='word_1_620' title='bbox 813 4379 950 4433; x_wconf 82' lang='lat' dir='ltr'><strong>vobis</strong></span> <span class='ocrx_word' id='word_1_621' title='bbox 971 4379 1118 4432; x_wconf 80' lang='lat' dir='ltr'><strong>hodie</strong></span> <span class='ocrx_word' id='word_1_622' title='bbox 1145 4379 1386 4449; x_wconf 79' lang='lat' dir='ltr'><strong>gaudium</strong></span> <span class='ocrx_word' id='word_1_623' title='bbox 1407 4392 1644 4447; x_wconf 85' lang='lat' dir='ltr'><strong>magnum</strong></span> <span class='ocrx_word' id='word_1_624' title='bbox 1667 4374 1801 4446; x_wconf 88' lang='lat' dir='ltr'><strong>quod</strong></span> <span class='ocrx_word' id='word_1_625' title='bbox 1821 4375 1915 4428; x_wconf 88' lang='lat' dir='ltr'><strong>erit</strong></span> <span class='ocrx_word' id='word_1_626' title='bbox 1944 4375 2081 4426; x_wconf 87' lang='lat' dir='ltr'><strong>omni</strong></span> 
     </span>
    </p>
   </div>
   <div class='ocr_carea' id='block_1_82' title="bbox 504 4463 2082 4539">
    <p class='ocr_par' dir='ltr' id='par_1_82' title="bbox 504 4463 2082 4539">
     <span class='ocr_line' id='line_1_82' title="bbox 504 4463 2082 4539; baseline -0.003 -18"><span class='ocrx_word' id='word_1_627' title='bbox 504 4469 692 4538; x_wconf 79' lang='lat' dir='ltr'><strong>populo</strong></span> <span class='ocrx_word' id='word_1_628' title='bbox 727 4468 874 4539; x_wconf 88' lang='lat' dir='ltr'><strong>(Luc.</strong></span> <span class='ocrx_word' id='word_1_629' title='bbox 900 4467 956 4521; x_wconf 73' lang='lat'><strong>2.</strong></span> <span class='ocrx_word' id='word_1_630' title='bbox 989 4467 1056 4522; x_wconf 77' lang='grc'>10</span> <span class='ocrx_word' id='word_1_631' title='bbox 1081 4471 1121 4538; x_wconf 93' lang='grc'><strong>).</strong></span> <span class='ocrx_word' id='word_1_632' title='bbox 1164 4468 1244 4522; x_wconf 88' lang='lat' dir='ltr'><strong>Ab</strong></span> <span class='ocrx_word' id='word_1_633' title='bbox 1284 4467 1412 4538; x_wconf 88' lang='lat' dir='ltr'><strong>ipsis</strong></span> <span class='ocrx_word' id='word_1_634' title='bbox 1454 4467 1594 4520; x_wconf 88' lang='lat' dir='ltr'><strong>enim</strong></span> <span class='ocrx_word' id='word_1_635' title='bbox 1638 4465 1838 4518; x_wconf 87' lang='lat' dir='ltr'><strong>sanctis</strong></span> <span class='ocrx_word' id='word_1_636' title='bbox 1877 4463 2082 4532; x_wconf 91' lang='lat' dir='ltr'><strong>angelis</strong></span> 
     </span>
    </p>
   </div>
   <div class='ocr_carea' id='block_1_83' title="bbox 502 4553 2082 4624">
    <p class='ocr_par' dir='ltr' id='par_1_83' title="bbox 502 4553 2082 4624">
     <span class='ocr_line' id='line_1_83' title="bbox 502 4553 2082 4624; baseline -0.002 -12"><span class='ocrx_word' id='word_1_637' title='bbox 502 4560 663 4612; x_wconf 86' lang='lat' dir='ltr'><strong>etiam</strong></span> <span class='ocrx_word' id='word_1_638' title='bbox 690 4557 915 4612; x_wconf 89' lang='lat' dir='ltr'><strong>mutuati</strong></span> <span class='ocrx_word' id='word_1_639' title='bbox 945 4572 1041 4612; x_wconf 89' lang='lat' dir='ltr'><strong>nos</strong></span> <span class='ocrx_word' id='word_1_640' title='bbox 1069 4571 1254 4612; x_wconf 88' lang='lat' dir='ltr'><strong>vocem</strong></span> <span class='ocrx_word' id='word_1_641' title='bbox 1284 4599 1298 4624; x_wconf 87' lang='lat'><strong>,</strong></span> <span class='ocrx_word' id='word_1_642' title='bbox 1337 4556 1711 4610; x_wconf 89' lang='lat' dir='ltr'><strong>annuntiamus</strong></span> <span class='ocrx_word' id='word_1_643' title='bbox 1746 4554 1897 4608; x_wconf 81' lang='lat' dir='ltr'><strong>vobis</strong></span> <span class='ocrx_word' id='word_1_644' title='bbox 1925 4553 2082 4609; x_wconf 88' lang='lat' dir='ltr'><strong>hodie</strong></span> 
     </span>
    </p>
   </div>
   <div class='ocr_carea' id='block_1_84' title="bbox 503 4646 2081 4717">
    <p class='ocr_par' dir='ltr' id='par_1_84' title="bbox 503 4646 2081 4717">
     <span class='ocr_line' id='line_1_84' title="bbox 503 4646 2081 4717; baseline -0.001 -17"><span class='ocrx_word' id='word_1_645' title='bbox 503 4649 750 4717; x_wconf 83' lang='lat' dir='ltr'><strong>gaudium</strong></span> <span class='ocrx_word' id='word_1_646' title='bbox 778 4663 1048 4717; x_wconf 88' lang='lat' dir='ltr'><strong>magnum.</strong></span> <span class='ocrx_word' id='word_1_647' title='bbox 1090 4648 1258 4702; x_wconf 91' lang='lat' dir='ltr'><strong>llodic</strong></span> <span class='ocrx_word' id='word_1_648' title='bbox 1283 4648 1422 4700; x_wconf 89' lang='lat' dir='ltr'><strong>enim</strong></span> <span class='ocrx_word' id='word_1_649' title='bbox 1457 4647 1507 4699; x_wconf 92' lang='lat' dir='ltr'><strong>in</strong></span> <span class='ocrx_word' id='word_1_650' title='bbox 1541 4662 1668 4714; x_wconf 88' lang='lat' dir='ltr'><strong>pace</strong></span> <span class='ocrx_word' id='word_1_651' title='bbox 1700 4646 1935 4700; x_wconf 87' lang='lat' dir='ltr'><strong>Ecclesia</strong></span> <span class='ocrx_word' id='word_1_652' title='bbox 1964 4654 2081 4710; x_wconf 84' lang='grc' dir='ltr'>εει,</span> 
     </span>
    </p>
   </div>
   <div class='ocr_carea' id='block_1_85' title="bbox 512 4736 2083 4804">
    <p class='ocr_par' dir='ltr' id='par_1_85' title="bbox 512 4736 2083 4804">
     <span class='ocr_line' id='line_1_85' title="bbox 512 4736 2083 4804; baseline -0.003 -14"><span class='ocrx_word' id='word_1_653' title='bbox 512 4746 568 4790; x_wconf 91' lang='lat' dir='ltr'><strong>et</strong></span> <span class='ocrx_word' id='word_1_654' title='bbox 595 4736 830 4792; x_wconf 71' lang='lat' dir='ltr'><strong>hmrctici</strong></span> <span class='ocrx_word' id='word_1_655' title='bbox 853 4738 902 4791; x_wconf 92' lang='lat' dir='ltr'><strong>in</strong></span> <span class='ocrx_word' id='word_1_656' title='bbox 927 4738 1024 4791; x_wconf 89' lang='lat' dir='ltr'><strong>ira.</strong></span> <span class='ocrx_word' id='word_1_657' title='bbox 1060 4736 1228 4790; x_wconf 83' lang='lat' dir='ltr'><strong>Hodie</strong></span> <span class='ocrx_word' id='word_1_658' title='bbox 1257 4737 1508 4790; x_wconf 64' lang='lat' dir='ltr'><strong>Ecclesiae</strong></span> <span class='ocrx_word' id='word_1_659' title='bbox 1535 4738 1683 4789; x_wconf 80' lang='lat' dir='ltr'><strong>navis</strong></span> <span class='ocrx_word' id='word_1_660' title='bbox 1709 4737 1759 4789; x_wconf 88' lang='lat' dir='ltr'><strong>in</strong></span> <span class='ocrx_word' id='word_1_661' title='bbox 1792 4745 1942 4804; x_wconf 89' lang='lat' dir='ltr'><strong>portu</strong></span> <span class='ocrx_word' id='word_1_662' title='bbox 1967 4744 2083 4800; x_wconf 82' lang='grc' dir='ltr'>εει,</span> 
     </span>
    </p>
   </div>
   <div class='ocr_carea' id='block_1_86' title="bbox 507 4827 2085 4896">
    <p class='ocr_par' dir='ltr' id='par_1_86' title="bbox 507 4827 2085 4896">
     <span class='ocr_line' id='line_1_86' title="bbox 507 4827 2085 4896; baseline -0.002 -14"><span class='ocrx_word' id='word_1_663' title='bbox 507 4836 558 4882; x_wconf 90' lang='lat' dir='ltr'><strong>ct</strong></span> <span class='ocrx_word' id='word_1_664' title='bbox 581 4827 948 4882; x_wconf 75' lang='lat' dir='ltr'><strong>luereticorum</strong></span> <span class='ocrx_word' id='word_1_665' title='bbox 972 4827 1114 4882; x_wconf 86' lang='lat' dir='ltr'><strong>furor</strong></span> <span class='ocrx_word' id='word_1_666' title='bbox 1134 4828 1358 4896; x_wconf 74' lang='lat' dir='ltr'><strong>iactatur</strong></span> <span class='ocrx_word' id='word_1_667' title='bbox 1377 4829 1424 4879; x_wconf 88' lang='lat' dir='ltr'><strong>in</strong></span> <span class='ocrx_word' id='word_1_668' title='bbox 1445 4827 1701 4881; x_wconf 86' lang='lat' dir='ltr'><strong>fluctibus.</strong></span> <span class='ocrx_word' id='word_1_669' title='bbox 1719 4827 1884 4879; x_wconf 88' lang='lat' dir='ltr'><strong>Hodie</strong></span> <span class='ocrx_word' id='word_1_670' title='bbox 1907 4835 2085 4894; x_wconf 90' lang='lat' dir='ltr'><strong>pasto-</strong></span> 
     </span>
    </p>
   </div>
   <div class='ocr_carea' id='block_1_87' title="bbox 507 4917 2087 4988">
    <p class='ocr_par' dir='ltr' id='par_1_87' title="bbox 507 4917 2087 4988">
     <span class='ocr_line' id='line_1_87' title="bbox 507 4917 2087 4988; baseline -0.002 -15"><span class='ocrx_word' id='word_1_671' title='bbox 507 4935 593 4974; x_wconf 91' lang='lat' dir='ltr'><strong>res</strong></span> <span class='ocrx_word' id='word_1_672' title='bbox 623 4920 875 4974; x_wconf 73' lang='lat' dir='ltr'><strong>Ecclesiae</strong></span> <span class='ocrx_word' id='word_1_673' title='bbox 900 4920 953 4972; x_wconf 92' lang='lat' dir='ltr'><strong>in</strong></span> <span class='ocrx_word' id='word_1_674' title='bbox 976 4921 1259 4974; x_wconf 85' lang='lat' dir='ltr'><strong>securitate</strong></span> <span class='ocrx_word' id='word_1_675' title='bbox 1283 4959 1296 4981; x_wconf 90' lang='lat'><strong>,</strong></span> <span class='ocrx_word' id='word_1_676' title='bbox 1322 4928 1375 4973; x_wconf 92' lang='lat' dir='ltr'><strong>et</strong></span> <span class='ocrx_word' id='word_1_677' title='bbox 1397 4917 1631 4973; x_wconf 79' lang='lat' dir='ltr'><strong>haeretici</strong></span> <span class='ocrx_word' id='word_1_678' title='bbox 1662 4917 1710 4970; x_wconf 93' lang='lat' dir='ltr'><strong>in</strong></span> <span class='ocrx_word' id='word_1_679' title='bbox 1731 4917 2087 4988; x_wconf 85' lang='lat' dir='ltr'><strong>perturbatio-</strong></span> 
     </span>
    </p>
   </div>
   <div class='ocr_carea' id='block_1_88' title="bbox 508 5008 2085 5077">
    <p class='ocr_par' dir='ltr' id='par_1_88' title="bbox 508 5008 2085 5077">
     <span class='ocr_line' id='line_1_88' title="bbox 508 5008 2085 5077; baseline -0.002 -13"><span class='ocrx_word' id='word_1_680' title='bbox 508 5027 574 5064; x_wconf 89' lang='lat' dir='ltr'><strong>ne</strong></span> <span class='ocrx_word' id='word_1_681' title='bbox 604 5021 745 5064; x_wconf 92' lang='lat' dir='ltr'><strong>sunt.</strong></span> <span class='ocrx_word' id='word_1_682' title='bbox 774 5009 939 5064; x_wconf 89' lang='lat' dir='ltr'><strong>llodie</strong></span> <span class='ocrx_word' id='word_1_683' title='bbox 977 5024 1104 5064; x_wconf 91' lang='lat' dir='ltr'><strong>oves</strong></span> <span class='ocrx_word' id='word_1_684' title='bbox 1152 5010 1355 5063; x_wconf 91' lang='lat' dir='ltr'><strong>Domini</strong></span> <span class='ocrx_word' id='word_1_685' title='bbox 1400 5008 1452 5062; x_wconf 90' lang='lat' dir='ltr'><strong>in</strong></span> <span class='ocrx_word' id='word_1_686' title='bbox 1498 5017 1608 5062; x_wconf 89' lang='lat' dir='ltr'><strong>tuto</strong></span> <span class='ocrx_word' id='word_1_687' title='bbox 1633 5050 1647 5074; x_wconf 97' lang='lat'><strong>,</strong></span> <span class='ocrx_word' id='word_1_688' title='bbox 1693 5019 1746 5062; x_wconf 90' lang='lat' dir='ltr'><strong>et</strong></span> <span class='ocrx_word' id='word_1_689' title='bbox 1783 5008 1891 5077; x_wconf 91' lang='lat' dir='ltr'><strong>lupi</strong></span> <span class='ocrx_word' id='word_1_690' title='bbox 1939 5008 2085 5061; x_wconf 88' lang='lat' dir='ltr'><strong>insa-</strong></span> 
     </span>
    </p>
   </div>
   <div class='ocr_carea' id='block_1_89' title="bbox 508 5098 2082 5166">
    <p class='ocr_par' dir='ltr' id='par_1_89' title="bbox 508 5098 2082 5166">
     <span class='ocr_line' id='line_1_89' title="bbox 508 5098 2082 5166; baseline -0.001 -13"><span class='ocrx_word' id='word_1_691' title='bbox 508 5101 678 5153; x_wconf 90' lang='lat' dir='ltr'><strong>niunt.</strong></span> <span class='ocrx_word' id='word_1_692' title='bbox 710 5099 874 5153; x_wconf 88' lang='lat' dir='ltr'><strong>llodie</strong></span> <span class='ocrx_word' id='word_1_693' title='bbox 900 5100 1053 5153; x_wconf 88' lang='lat' dir='ltr'><strong>vinea</strong></span> <span class='ocrx_word' id='word_1_694' title='bbox 1076 5098 1284 5152; x_wconf 85' lang='lat' dir='ltr'><strong>Domini</strong></span> <span class='ocrx_word' id='word_1_695' title='bbox 1317 5100 1366 5150; x_wconf 90' lang='lat' dir='ltr'><strong>in</strong></span> <span class='ocrx_word' id='word_1_696' title='bbox 1389 5098 1708 5152; x_wconf 83' lang='lat' dir='ltr'><strong>abundantia</strong></span> <span class='ocrx_word' id='word_1_697' title='bbox 1733 5140 1744 5160; x_wconf 96' lang='lat'><strong>,</strong></span> <span class='ocrx_word' id='word_1_698' title='bbox 1774 5107 1827 5151; x_wconf 89' lang='lat' dir='ltr'><strong>et</strong></span> <span class='ocrx_word' id='word_1_699' title='bbox 1854 5099 2082 5166; x_wconf 87' lang='lat' dir='ltr'><strong>operarii</strong></span> 
     </span>
    </p>
   </div>
   <div class='ocr_carea' id='block_1_90' title="bbox 512 5188 2085 5258">
    <p class='ocr_par' dir='ltr' id='par_1_90' title="bbox 512 5188 2085 5258">
     <span class='ocr_line' id='line_1_90' title="bbox 512 5188 2085 5258; baseline -0.001 -14"><span class='ocrx_word' id='word_1_700' title='bbox 512 5191 801 5258; x_wconf 84' lang='lat' dir='ltr'><strong>iniquitatis</strong></span> <span class='ocrx_word' id='word_1_701' title='bbox 828 5190 877 5241; x_wconf 90' lang='lat' dir='ltr'><strong>in</strong></span> <span class='ocrx_word' id='word_1_702' title='bbox 907 5191 1132 5258; x_wconf 89' lang='lat' dir='ltr'><strong>egentia.</strong></span> <span class='ocrx_word' id='word_1_703' title='bbox 1163 5188 1330 5242; x_wconf 82' lang='lat' dir='ltr'><strong>Hodie</strong></span> <span class='ocrx_word' id='word_1_704' title='bbox 1357 5190 1581 5257; x_wconf 91' lang='lat' dir='ltr'><strong>populus</strong></span> <span class='ocrx_word' id='word_1_705' title='bbox 1611 5189 1803 5242; x_wconf 88' lang='lat' dir='ltr'><strong>Christi</strong></span> <span class='ocrx_word' id='word_1_706' title='bbox 1827 5189 2085 5242; x_wconf 84' lang='lat' dir='ltr'><strong>exaltatus</strong></span> 
     </span>
    </p>
   </div>
   <div class='ocr_carea' id='block_1_91' title="bbox 510 5280 2054 5357">
    <p class='ocr_par' dir='ltr' id='par_1_91' title="bbox 510 5280 2054 5357">
     <span class='ocr_line' id='line_1_91' title="bbox 510 5280 2054 5357; baseline -0.002 -22"><span class='ocrx_word' id='word_1_707' title='bbox 510 5289 591 5335; x_wconf 89' lang='lat' dir='ltr'><strong>est</strong></span> <span class='ocrx_word' id='word_1_708' title='bbox 615 5291 708 5357; x_wconf 68' lang='lat' dir='ltr'><strong>,et</strong></span> <span class='ocrx_word' id='word_1_709' title='bbox 737 5280 935 5334; x_wconf 90' lang='lat' dir='ltr'><strong>inimici</strong></span> <span class='ocrx_word' id='word_1_710' title='bbox 966 5281 1204 5334; x_wconf 88' lang='lat' dir='ltr'><strong>veritatis</strong></span> <span class='ocrx_word' id='word_1_711' title='bbox 1245 5280 1504 5334; x_wconf 87' lang='lat' dir='ltr'><strong>humiliati</strong></span> <span class='ocrx_word' id='word_1_712' title='bbox 1550 5290 1691 5334; x_wconf 89' lang='lat' dir='ltr'><strong>sunt.</strong></span> <span class='ocrx_word' id='word_1_713' title='bbox 1739 5280 1904 5334; x_wconf 90' lang='lat' dir='ltr'><strong>llodie</strong></span> <span class='ocrx_word' id='word_1_714' title='bbox 1929 5280 2054 5333; x_wconf 87' lang='lat' dir='ltr'><strong>Chri</strong></span> 
     </span>
    </p>
   </div>
   <div class='ocr_carea' id='block_1_92' title="bbox 513 5369 2086 5438">
    <p class='ocr_par' dir='ltr' id='par_1_92' title="bbox 513 5369 2086 5438">
     <span class='ocr_line' id='line_1_92' title="bbox 513 5369 2086 5438; baseline -0.002 -14"><span class='ocrx_word' id='word_1_715' title='bbox 513 5382 623 5425; x_wconf 88' lang='lat' dir='ltr'><strong>stus</strong></span> <span class='ocrx_word' id='word_1_716' title='bbox 654 5373 704 5424; x_wconf 90' lang='lat' dir='ltr'><strong>in</strong></span> <span class='ocrx_word' id='word_1_717' title='bbox 735 5371 914 5425; x_wconf 58' lang='lat' dir='ltr'><strong>laetitia</strong></span> <span class='ocrx_word' id='word_1_718' title='bbox 939 5411 954 5436; x_wconf 93' lang='lat'><strong>,</strong></span> <span class='ocrx_word' id='word_1_719' title='bbox 994 5379 1046 5425; x_wconf 92' lang='lat' dir='ltr'><strong>et</strong></span> <span class='ocrx_word' id='word_1_720' title='bbox 1083 5370 1325 5425; x_wconf 86' lang='lat' dir='ltr'><strong>diabolus</strong></span> <span class='ocrx_word' id='word_1_721' title='bbox 1363 5370 1416 5424; x_wconf 91' lang='lat' dir='ltr'><strong>in</strong></span> <span class='ocrx_word' id='word_1_722' title='bbox 1447 5370 1605 5424; x_wconf 91' lang='lat' dir='ltr'><strong>luctu.</strong></span> <span class='ocrx_word' id='word_1_723' title='bbox 1638 5369 1804 5424; x_wconf 88' lang='lat' dir='ltr'><strong>llodic</strong></span> <span class='ocrx_word' id='word_1_724' title='bbox 1834 5371 2002 5438; x_wconf 84' lang='lat' dir='ltr'><strong>angeli</strong></span> <span class='ocrx_word' id='word_1_725' title='bbox 2035 5370 2086 5422; x_wconf 89' lang='lat' dir='ltr'><strong>iu</strong></span> 
     </span>
    </p>
   </div>
   <div class='ocr_carea' id='block_1_93' title="bbox 513 5460 2087 5530">
    <p class='ocr_par' dir='ltr' id='par_1_93' title="bbox 513 5460 2087 5530">
     <span class='ocr_line' id='line_1_93' title="bbox 513 5460 2087 5530; baseline 0 -16"><span class='ocrx_word' id='word_1_726' title='bbox 513 5461 862 5516; x_wconf 82' lang='lat' dir='ltr'><strong>exsultatione</strong></span> <span class='ocrx_word' id='word_1_727' title='bbox 887 5503 900 5527; x_wconf 96' lang='lat'><strong>,</strong></span> <span class='ocrx_word' id='word_1_728' title='bbox 921 5471 975 5516; x_wconf 92' lang='lat' dir='ltr'><strong>et</strong></span> <span class='ocrx_word' id='word_1_729' title='bbox 999 5461 1266 5516; x_wconf 79' lang='lat' dir='ltr'><strong>daemones</strong></span> <span class='ocrx_word' id='word_1_730' title='bbox 1296 5462 1349 5516; x_wconf 92' lang='lat' dir='ltr'><strong>in</strong></span> <span class='ocrx_word' id='word_1_731' title='bbox 1367 5460 1696 5516; x_wconf 81' lang='lat' dir='ltr'><strong>confusione.</strong></span> <span class='ocrx_word' id='word_1_732' title='bbox 1721 5462 1787 5515; x_wconf 85' lang='lat' dir='ltr'><strong>Et</strong></span> <span class='ocrx_word' id='word_1_733' title='bbox 1806 5462 1928 5530; x_wconf 91' lang='lat' dir='ltr'><strong>quid</strong></span> <span class='ocrx_word' id='word_1_734' title='bbox 1955 5475 2087 5529; x_wconf 86' lang='lat' dir='ltr'><strong>opus</strong></span> 
     </span>
    </p>
   </div>
   <div class='ocr_carea' id='block_1_94' title="bbox 515 5551 2082 5620">
    <p class='ocr_par' dir='ltr' id='par_1_94' title="bbox 515 5551 2082 5620">
     <span class='ocr_line' id='line_1_94' title="bbox 515 5551 2082 5620; baseline 0.002 -18"><span class='ocrx_word' id='word_1_735' title='bbox 515 5558 595 5602; x_wconf 90' lang='lat' dir='ltr'><strong>est</strong></span> <span class='ocrx_word' id='word_1_736' title='bbox 620 5551 779 5603; x_wconf 90' lang='lat' dir='ltr'><strong>multa</strong></span> <span class='ocrx_word' id='word_1_737' title='bbox 809 5551 1029 5605; x_wconf 86' lang='lat' dir='ltr'><strong>dicere?</strong></span> <span class='ocrx_word' id='word_1_738' title='bbox 1057 5551 1221 5606; x_wconf 86' lang='lat' dir='ltr'><strong>Hodie</strong></span> <span class='ocrx_word' id='word_1_739' title='bbox 1249 5551 1508 5616; x_wconf 83' lang='lat' dir='ltr'><strong>Christus,</strong></span> <span class='ocrx_word' id='word_1_740' title='bbox 1533 5552 1620 5620; x_wconf 88' lang='lat' dir='ltr'><strong>qui</strong></span> <span class='ocrx_word' id='word_1_741' title='bbox 1653 5561 1731 5604; x_wconf 88' lang='lat' dir='ltr'><strong>est</strong></span> <span class='ocrx_word' id='word_1_742' title='bbox 1757 5551 1866 5604; x_wconf 79' lang='lat' dir='ltr'><strong>Rex</strong></span> <span class='ocrx_word' id='word_1_743' title='bbox 1897 5552 2042 5620; x_wconf 89' lang='lat' dir='ltr'><strong>pacis</strong></span> <span class='ocrx_word' id='word_1_744' title='bbox 2069 5596 2082 5617; x_wconf 86' lang='lat'><strong>,</strong></span> 
     </span>
    </p>
   </div>
   <div class='ocr_carea' id='block_1_95' title="bbox 516 5641 2084 5711">
    <p class='ocr_par' dir='ltr' id='par_1_95' title="bbox 516 5641 2084 5711">
     <span class='ocr_line' id='line_1_95' title="bbox 516 5641 2084 5711; baseline 0.003 -23"><span class='ocrx_word' id='word_1_745' title='bbox 516 5654 633 5690; x_wconf 74' lang='lat' dir='ltr'><strong>cum</strong></span> <span class='ocrx_word' id='word_1_746' title='bbox 664 5655 752 5692; x_wconf 80' lang='lat' dir='ltr'><strong>sua</strong></span> <span class='ocrx_word' id='word_1_747' title='bbox 783 5657 911 5711; x_wconf 85' lang='lat' dir='ltr'><strong>pace</strong></span> <span class='ocrx_word' id='word_1_748' title='bbox 950 5642 1242 5711; x_wconf 87' lang='lat' dir='ltr'><strong>procedens</strong></span> <span class='ocrx_word' id='word_1_749' title='bbox 1269 5684 1282 5704; x_wconf 88' lang='lat'><strong>,</strong></span> <span class='ocrx_word' id='word_1_750' title='bbox 1331 5643 1522 5710; x_wconf 82' lang='lat' dir='ltr'><strong>fugavit</strong></span> <span class='ocrx_word' id='word_1_751' title='bbox 1567 5657 1725 5695; x_wconf 90' lang='lat' dir='ltr'><strong>omne</strong></span> <span class='ocrx_word' id='word_1_752' title='bbox 1767 5641 2040 5695; x_wconf 87' lang='lat' dir='ltr'><strong>dissidiutn</strong></span> <span class='ocrx_word' id='word_1_753' title='bbox 2069 5681 2084 5705; x_wconf 90' lang='lat'><strong>,</strong></span> 
     </span>
    </p>
   </div>
   <div class='ocr_carea' id='block_1_96' title="bbox 519 5727 2085 5803">
    <p class='ocr_par' dir='ltr' id='par_1_96' title="bbox 519 5727 2085 5803">
     <span class='ocr_line' id='line_1_96' title="bbox 519 5727 2085 5803; baseline 0.003 -22"><span class='ocrx_word' id='word_1_754' title='bbox 519 5727 869 5788; x_wconf 80' lang='lat' dir='ltr'><strong>dissensiones</strong></span> <span class='ocrx_word' id='word_1_755' title='bbox 891 5732 1093 5803; x_wconf 86' lang='lat' dir='ltr'><strong>depulit</strong></span> <span class='ocrx_word' id='word_1_756' title='bbox 1117 5773 1129 5800; x_wconf 93' lang='lat'><strong>,</strong></span> <span class='ocrx_word' id='word_1_757' title='bbox 1155 5732 1468 5789; x_wconf 86' lang='lat' dir='ltr'><strong>discordiam</strong></span> <span class='ocrx_word' id='word_1_758' title='bbox 1495 5731 1835 5803; x_wconf 76' lang='lat' dir='ltr'><strong>perturbavit.</strong></span> <span class='ocrx_word' id='word_1_759' title='bbox 1864 5732 1930 5786; x_wconf 87' lang='lat' dir='ltr'><strong>Et</strong></span> <span class='ocrx_word' id='word_1_760' title='bbox 1949 5732 2085 5787; x_wconf 89' lang='lat' dir='ltr'><strong>sicut</strong></span> 
     </span>
    </p>
   </div>
   <div class='ocr_carea' id='block_1_97' title="bbox 2189 4093 3767 4168">
    <p class='ocr_par' dir='ltr' id='par_1_97' title="bbox 2189 4093 3767 4168">
     <span class='ocr_line' id='line_1_97' title="bbox 2189 4093 3767 4168; baseline 0.001 -17"><span class='ocrx_word' id='word_1_761' title='bbox 2189 4097 2382 4152; x_wconf 75' lang='lat' dir='ltr'><strong>etelum</strong></span> <span class='ocrx_word' id='word_1_762' title='bbox 2413 4093 2665 4165; x_wconf 90' lang='lat' dir='ltr'><strong>splendor</strong></span> <span class='ocrx_word' id='word_1_763' title='bbox 2693 4093 2825 4150; x_wconf 89' lang='lat' dir='ltr'><strong>solis</strong></span> <span class='ocrx_word' id='word_1_764' title='bbox 2850 4134 2865 4158; x_wconf 90' lang='lat'><strong>,</strong></span> <span class='ocrx_word' id='word_1_765' title='bbox 2898 4094 2970 4148; x_wconf 89' lang='lat' dir='ltr'><strong>ita</strong></span> <span class='ocrx_word' id='word_1_766' title='bbox 3002 4094 3299 4151; x_wconf 87' lang='lat' dir='ltr'><strong>Ecclesiam</strong></span> <span class='ocrx_word' id='word_1_767' title='bbox 3331 4094 3503 4168; x_wconf 81' lang='lat' dir='ltr'><strong>fulgor</strong></span> <span class='ocrx_word' id='word_1_768' title='bbox 3539 4098 3683 4167; x_wconf 85' lang='lat' dir='ltr'><strong>pacis</strong></span> <span class='ocrx_word' id='word_1_769' title='bbox 3702 4099 3767 4153; x_wconf 91' lang='lat' dir='ltr'><strong>il-</strong></span> 
     </span>
    </p>
   </div>
   <div class='ocr_carea' id='block_1_98' title="bbox 2185 4188 3768 4262">
    <p class='ocr_par' dir='ltr' id='par_1_98' title="bbox 2185 4188 3768 4262">
     <span class='ocr_line' id='line_1_98' title="bbox 2185 4188 3768 4262; baseline 0.001 -17"><span class='ocrx_word' id='word_1_770' title='bbox 2185 4193 2426 4245; x_wconf 88' lang='lat' dir='ltr'><strong>lutninat.</strong></span> <span class='ocrx_word' id='word_1_771' title='bbox 2468 4188 2512 4245; x_wconf 94' lang='grc' dir='ltr'>Ο</span> <span class='ocrx_word' id='word_1_772' title='bbox 2554 4203 2713 4259; x_wconf 89' lang='lat' dir='ltr'><strong>quam</strong></span> <span class='ocrx_word' id='word_1_773' title='bbox 2754 4188 3108 4244; x_wconf 89' lang='lat' dir='ltr'><strong>desiderabile</strong></span> <span class='ocrx_word' id='word_1_774' title='bbox 3152 4204 3349 4244; x_wconf 88' lang='lat' dir='ltr'><strong>nomen</strong></span> <span class='ocrx_word' id='word_1_775' title='bbox 3389 4191 3571 4260; x_wconf 91' lang='lat' dir='ltr'><strong>pacis,</strong></span> <span class='ocrx_word' id='word_1_776' title='bbox 3609 4207 3768 4262; x_wconf 86' lang='lat' dir='ltr'><strong>quam</strong></span> 
     </span>
    </p>
   </div>
   <div class='ocr_carea' id='block_1_99' title="bbox 2185 4279 3770 4353">
    <p class='ocr_par' dir='ltr' id='par_1_99' title="bbox 2185 4279 3770 4353">
     <span class='ocr_line' id='line_1_99' title="bbox 2185 4279 3770 4353; baseline 0.001 -17"><span class='ocrx_word' id='word_1_777' title='bbox 2185 4281 2458 4353; x_wconf 88' lang='lat' dir='ltr'><strong>religionis</strong></span> <span class='ocrx_word' id='word_1_778' title='bbox 2486 4280 2801 4335; x_wconf 67' lang='lat' dir='ltr'><strong>Christiana:</strong></span> <span class='ocrx_word' id='word_1_779' title='bbox 2826 4281 3014 4334; x_wconf 87' lang='lat' dir='ltr'><strong>stabile</strong></span> <span class='ocrx_word' id='word_1_780' title='bbox 3039 4279 3434 4336; x_wconf 90' lang='lat' dir='ltr'><strong>fundamentum</strong></span> <span class='ocrx_word' id='word_1_781' title='bbox 3461 4324 3475 4347; x_wconf 93' lang='lat'><strong>,</strong></span> <span class='ocrx_word' id='word_1_782' title='bbox 3506 4290 3561 4336; x_wconf 88' lang='lat' dir='ltr'><strong>et</strong></span> <span class='ocrx_word' id='word_1_783' title='bbox 3584 4283 3770 4338; x_wconf 89' lang='lat' dir='ltr'><strong>altaris</strong></span> 
     </span>
    </p>
   </div>
   <div class='ocr_carea' id='block_1_100' title="bbox 2188 4370 3772 4441">
    <p class='ocr_par' dir='ltr' id='par_1_100' title="bbox 2188 4370 3772 4441">
     <span class='ocr_line' id='line_1_100' title="bbox 2188 4370 3772 4441; baseline 0 -14"><span class='ocrx_word' id='word_1_784' title='bbox 2188 4371 2442 4427; x_wconf 90' lang='lat' dir='ltr'><strong>dominici</strong></span> <span class='ocrx_word' id='word_1_785' title='bbox 2479 4370 2713 4424; x_wconf 70' lang='lat' dir='ltr'><strong>caelestis</strong></span> <span class='ocrx_word' id='word_1_786' title='bbox 2747 4372 3052 4425; x_wconf 81' lang='lat' dir='ltr'><strong>armatura!</strong></span> <span class='ocrx_word' id='word_1_787' title='bbox 3099 4370 3167 4425; x_wconf 91' lang='lat' dir='ltr'><strong>Et</strong></span> <span class='ocrx_word' id='word_1_788' title='bbox 3224 4370 3351 4441; x_wconf 88' lang='lat' dir='ltr'><strong>quid</strong></span> <span class='ocrx_word' id='word_1_789' title='bbox 3380 4385 3665 4440; x_wconf 91' lang='lat' dir='ltr'><strong>possumus</strong></span> <span class='ocrx_word' id='word_1_790' title='bbox 3703 4375 3772 4428; x_wconf 91' lang='lat' dir='ltr'><strong>de</strong></span> 
     </span>
    </p>
   </div>
   <div class='ocr_carea' id='block_1_101' title="bbox 2186 4459 3774 4532">
    <p class='ocr_par' dir='ltr' id='par_1_101' title="bbox 2186 4459 3774 4532">
     <span class='ocr_line' id='line_1_101' title="bbox 2186 4459 3774 4532; baseline 0.001 -16"><span class='ocrx_word' id='word_1_791' title='bbox 2186 4477 2318 4532; x_wconf 89' lang='lat' dir='ltr'><strong>pace</strong></span> <span class='ocrx_word' id='word_1_792' title='bbox 2344 4459 2629 4530; x_wconf 84' lang='lat' dir='ltr'><strong>proloqui?</strong></span> <span class='ocrx_word' id='word_1_793' title='bbox 2659 4460 2765 4513; x_wconf 80' lang='lat' dir='ltr'><strong>Pax</strong></span> <span class='ocrx_word' id='word_1_794' title='bbox 2809 4475 3005 4515; x_wconf 91' lang='lat' dir='ltr'><strong>nomen</strong></span> <span class='ocrx_word' id='word_1_795' title='bbox 3045 4471 3126 4515; x_wconf 90' lang='lat' dir='ltr'><strong>est</strong></span> <span class='ocrx_word' id='word_1_796' title='bbox 3168 4460 3334 4531; x_wconf 84' lang='lat' dir='ltr'><strong>ipsius</strong></span> <span class='ocrx_word' id='word_1_797' title='bbox 3368 4461 3563 4518; x_wconf 87' lang='lat' dir='ltr'><strong>Christi</strong></span> <span class='ocrx_word' id='word_1_798' title='bbox 3587 4505 3603 4530; x_wconf 92' lang='lat'><strong>,</strong></span> <span class='ocrx_word' id='word_1_799' title='bbox 3633 4464 3774 4518; x_wconf 84' lang='lat' dir='ltr'><strong>sicut</strong></span> 
     </span>
    </p>
   </div>
   <div class='ocr_carea' id='block_1_102' title="bbox 2189 4550 3774 4622">
    <p class='ocr_par' dir='ltr' id='par_1_102' title="bbox 2189 4550 3774 4622">
     <span class='ocr_line' id='line_1_102' title="bbox 2189 4550 3774 4622; baseline 0.001 -16"><span class='ocrx_word' id='word_1_800' title='bbox 2189 4553 2317 4606; x_wconf 89' lang='lat' dir='ltr'><strong>dicit</strong></span> <span class='ocrx_word' id='word_1_801' title='bbox 2369 4559 2424 4606; x_wconf 89' lang='lat' dir='ltr'><strong>et</strong></span> <span class='ocrx_word' id='word_1_802' title='bbox 2466 4550 2739 4620; x_wconf 90' lang='lat' dir='ltr'><strong>apostolus</strong></span> <span class='ocrx_word' id='word_1_803' title='bbox 2774 4568 2786 4604; x_wconf 90' lang='lat'><strong>:</strong></span> <span class='ocrx_word' id='word_1_804' title='bbox 2841 4551 2975 4617; x_wconf 84' lang='lat' dir='ltr'><strong>Quia</strong></span> <span class='ocrx_word' id='word_1_805' title='bbox 3023 4552 3254 4607; x_wconf 76' lang='lat' dir='ltr'><strong>Christus</strong></span> <span class='ocrx_word' id='word_1_806' title='bbox 3299 4569 3402 4622; x_wconf 80' lang='lat' dir='ltr'><strong>paa:</strong></span> <span class='ocrx_word' id='word_1_807' title='bbox 3440 4564 3645 4617; x_wconf 82' lang='lat' dir='ltr'><strong>nostra,</strong></span> <span class='ocrx_word' id='word_1_808' title='bbox 3686 4557 3774 4621; x_wconf 83' lang='lat' dir='ltr'><strong>qui</strong></span> 
     </span>
    </p>
   </div>
   <div class='ocr_carea' id='block_1_103' title="bbox 2191 4639 3772 4714">
    <p class='ocr_par' dir='ltr' id='par_1_103' title="bbox 2191 4639 3772 4714">
     <span class='ocr_line' id='line_1_103' title="bbox 2191 4639 3772 4714; baseline 0.003 -19"><span class='ocrx_word' id='word_1_809' title='bbox 2191 4643 2310 4711; x_wconf 79' lang='lat' dir='ltr'><strong>fecit</strong></span> <span class='ocrx_word' id='word_1_810' title='bbox 2337 4650 2545 4708; x_wconf 84' lang='lat' dir='ltr'><strong>utraque</strong></span> <span class='ocrx_word' id='word_1_811' title='bbox 2572 4656 2724 4693; x_wconf 85' lang='lat' dir='ltr'><strong>unum</strong></span> <span class='ocrx_word' id='word_1_812' title='bbox 2758 4639 2985 4710; x_wconf 82' lang='lat' dir='ltr'><strong>(Ep/tes.</strong></span> <span class='ocrx_word' id='word_1_813' title='bbox 3015 4641 3069 4695; x_wconf 74' lang='lat'><strong>2.</strong></span> <span class='ocrx_word' id='word_1_814' title='bbox 3097 4643 3162 4697; x_wconf 69' lang='grc'><strong>16</strong></span> <span class='ocrx_word' id='word_1_815' title='bbox 3187 4643 3228 4712; x_wconf 86' lang='grc'><strong>),</strong></span> <span class='ocrx_word' id='word_1_816' title='bbox 3273 4659 3394 4710; x_wconf 76' lang='lat' dir='ltr'><strong>qua:</strong></span> <span class='ocrx_word' id='word_1_817' title='bbox 3437 4659 3772 4714; x_wconf 84' lang='lat' dir='ltr'><strong>nequaquam</strong></span> 
     </span>
    </p>
   </div>
   <div class='ocr_carea' id='block_1_104' title="bbox 2191 4730 3773 4797">
    <p class='ocr_par' dir='ltr' id='par_1_104' title="bbox 2191 4730 3773 4797">
     <span class='ocr_line' id='line_1_104' title="bbox 2191 4730 3773 4797; baseline 0.003 -12"><span class='ocrx_word' id='word_1_818' title='bbox 2191 4733 2296 4786; x_wconf 90' lang='lat' dir='ltr'><strong>ﬁde</strong></span> <span class='ocrx_word' id='word_1_819' title='bbox 2322 4773 2336 4797; x_wconf 96' lang='lat'><strong>,</strong></span> <span class='ocrx_word' id='word_1_820' title='bbox 2392 4731 2484 4785; x_wconf 90' lang='lat' dir='ltr'><strong>sed</strong></span> <span class='ocrx_word' id='word_1_821' title='bbox 2537 4730 2731 4784; x_wconf 88' lang='lat' dir='ltr'><strong>invidia</strong></span> <span class='ocrx_word' id='word_1_822' title='bbox 2778 4730 2975 4785; x_wconf 89' lang='lat' dir='ltr'><strong>diaboli</strong></span> <span class='ocrx_word' id='word_1_823' title='bbox 3017 4732 3364 4788; x_wconf 89' lang='lat' dir='ltr'><strong>dissidebant.</strong></span> <span class='ocrx_word' id='word_1_824' title='bbox 3398 4733 3594 4789; x_wconf 83' lang='lat' dir='ltr'><strong>Verum</strong></span> <span class='ocrx_word' id='word_1_825' title='bbox 3636 4737 3773 4790; x_wconf 88' lang='lat' dir='ltr'><strong>sicut</strong></span> 
     </span>
    </p>
   </div>
   <div class='ocr_carea' id='block_1_105' title="bbox 2191 4823 3772 4893">
    <p class='ocr_par' dir='ltr' id='par_1_105' title="bbox 2191 4823 3772 4893">
     <span class='ocr_line' id='line_1_105' title="bbox 2191 4823 3772 4893; baseline 0.003 -17"><span class='ocrx_word' id='word_1_826' title='bbox 2191 4823 2515 4893; x_wconf 89' lang='lat' dir='ltr'><strong>procedente</strong></span> <span class='ocrx_word' id='word_1_827' title='bbox 2542 4837 2667 4891; x_wconf 85' lang='lat' dir='ltr'><strong>rege</strong></span> <span class='ocrx_word' id='word_1_828' title='bbox 2691 4831 2744 4876; x_wconf 91' lang='lat' dir='ltr'><strong>et</strong></span> <span class='ocrx_word' id='word_1_829' title='bbox 2771 4824 2957 4891; x_wconf 60' lang='lat' dir='ltr'><strong>plateae</strong></span> <span class='ocrx_word' id='word_1_830' title='bbox 2984 4823 3304 4878; x_wconf 88' lang='lat' dir='ltr'><strong>mundantur</strong></span> <span class='ocrx_word' id='word_1_831' title='bbox 3329 4867 3344 4890; x_wconf 92' lang='lat'><strong>,</strong></span> <span class='ocrx_word' id='word_1_832' title='bbox 3371 4834 3424 4879; x_wconf 88' lang='lat' dir='ltr'><strong>et</strong></span> <span class='ocrx_word' id='word_1_833' title='bbox 3449 4834 3551 4880; x_wconf 90' lang='lat' dir='ltr'><strong>tota</strong></span> <span class='ocrx_word' id='word_1_834' title='bbox 3583 4827 3772 4880; x_wconf 70' lang='lat' dir='ltr'><strong>civitas</strong></span> 
     </span>
    </p>
   </div>
   <div class='ocr_carea' id='block_1_106' title="bbox 2189 4915 3773 4984">
    <p class='ocr_par' dir='ltr' id='par_1_106' title="bbox 2189 4915 3773 4984">
     <span class='ocr_line' id='line_1_106' title="bbox 2189 4915 3773 4984; baseline 0.002 -15"><span class='ocrx_word' id='word_1_835' title='bbox 2189 4915 2665 4970; x_wconf 74' lang='lat' dir='ltr'><strong>diversis‘llot‘ibtts</strong></span> <span class='ocrx_word' id='word_1_836' title='bbox 2696 4925 2748 4968; x_wconf 90' lang='lat' dir='ltr'><strong>et</strong></span> <span class='ocrx_word' id='word_1_837' title='bbox 2776 4917 3047 4969; x_wconf 87' lang='lat' dir='ltr'><strong>ornatibus</strong></span> <span class='ocrx_word' id='word_1_838' title='bbox 3077 4927 3394 4984; x_wconf 89' lang='lat' dir='ltr'><strong>coronatur,</strong></span> <span class='ocrx_word' id='word_1_839' title='bbox 3435 4926 3493 4971; x_wconf 92' lang='lat' dir='ltr'><strong>ut</strong></span> <span class='ocrx_word' id='word_1_840' title='bbox 3532 4918 3661 4972; x_wconf 90' lang='lat' dir='ltr'><strong>nihil</strong></span> <span class='ocrx_word' id='word_1_841' title='bbox 3705 4921 3773 4972; x_wconf 81' lang='lat' dir='ltr'><strong>sit</strong></span> 
     </span>
    </p>
   </div>
   <div class='ocr_carea' id='block_1_107' title="bbox 2191 5007 3774 5081">
    <p class='ocr_par' dir='ltr' id='par_1_107' title="bbox 2191 5007 3774 5081">
     <span class='ocr_line' id='line_1_107' title="bbox 2191 5007 3774 5081; baseline 0.003 -19"><span class='ocrx_word' id='word_1_842' title='bbox 2191 5009 2333 5078; x_wconf 91' lang='lat' dir='ltr'><strong>quod</strong></span> <span class='ocrx_word' id='word_1_843' title='bbox 2381 5009 2556 5061; x_wconf 88' lang='lat' dir='ltr'><strong>minus</strong></span> <span class='ocrx_word' id='word_1_844' title='bbox 2601 5007 2816 5077; x_wconf 83' lang='lat' dir='ltr'><strong>dignum</strong></span> <span class='ocrx_word' id='word_1_845' title='bbox 2861 5009 3025 5061; x_wconf 89' lang='lat' dir='ltr'><strong>vultui</strong></span> <span class='ocrx_word' id='word_1_846' title='bbox 3073 5010 3213 5079; x_wconf 88' lang='lat' dir='ltr'><strong>regis</strong></span> <span class='ocrx_word' id='word_1_847' title='bbox 3255 5019 3552 5081; x_wconf 87' lang='lat' dir='ltr'><strong>appareat:</strong></span> <span class='ocrx_word' id='word_1_848' title='bbox 3601 5011 3672 5065; x_wconf 88' lang='lat' dir='ltr'><strong>ita</strong></span> <span class='ocrx_word' id='word_1_849' title='bbox 3720 5024 3774 5066; x_wconf 86' lang='lat' dir='ltr'><strong>et</strong></span> 
     </span>
    </p>
   </div>
   <div class='ocr_carea' id='block_1_108' title="bbox 2191 5097 3772 5172">
    <p class='ocr_par' dir='ltr' id='par_1_108' title="bbox 2191 5097 3772 5172">
     <span class='ocr_line' id='line_1_108' title="bbox 2191 5097 3772 5172; baseline 0.003 -20"><span class='ocrx_word' id='word_1_850' title='bbox 2191 5115 2334 5153; x_wconf 90' lang='lat' dir='ltr'><strong>nunc</strong></span> <span class='ocrx_word' id='word_1_851' title='bbox 2365 5097 2682 5166; x_wconf 87' lang='lat' dir='ltr'><strong>procedente</strong></span> <span class='ocrx_word' id='word_1_852' title='bbox 2721 5098 2933 5152; x_wconf 87' lang='lat' dir='ltr'><strong>Christo</strong></span> <span class='ocrx_word' id='word_1_853' title='bbox 2957 5141 2971 5165; x_wconf 94' lang='lat'><strong>,</strong></span> <span class='ocrx_word' id='word_1_854' title='bbox 3021 5099 3164 5170; x_wconf 88' lang='lat' dir='ltr'><strong>Rege</strong></span> <span class='ocrx_word' id='word_1_855' title='bbox 3205 5103 3350 5168; x_wconf 88' lang='lat' dir='ltr'><strong>pacis</strong></span> <span class='ocrx_word' id='word_1_856' title='bbox 3374 5142 3389 5165; x_wconf 90' lang='lat'><strong>,</strong></span> <span class='ocrx_word' id='word_1_857' title='bbox 3431 5117 3587 5157; x_wconf 89' lang='lat' dir='ltr'><strong>omne</strong></span> <span class='ocrx_word' id='word_1_858' title='bbox 3631 5105 3772 5172; x_wconf 85' lang='lat' dir='ltr'><strong>quod</strong></span> 
     </span>
    </p>
   </div>
   <div class='ocr_carea' id='block_1_109' title="bbox 2190 5191 3772 5256">
    <p class='ocr_par' dir='ltr' id='par_1_109' title="bbox 2190 5191 3772 5256">
     <span class='ocr_line' id='line_1_109' title="bbox 2190 5191 3772 5256; baseline 0.003 -12"><span class='ocrx_word' id='word_1_859' title='bbox 2190 5193 2343 5245; x_wconf 83' lang='lat' dir='ltr'><strong>triste</strong></span> <span class='ocrx_word' id='word_1_860' title='bbox 2373 5201 2452 5246; x_wconf 90' lang='lat' dir='ltr'><strong>cst</strong></span> <span class='ocrx_word' id='word_1_861' title='bbox 2476 5233 2489 5254; x_wconf 89' lang='lat'><strong>,</strong></span> <span class='ocrx_word' id='word_1_862' title='bbox 2522 5191 2789 5245; x_wconf 86' lang='lat' dir='ltr'><strong>auferatur</strong></span> <span class='ocrx_word' id='word_1_863' title='bbox 2811 5207 2840 5244; x_wconf 92' lang='lat' dir='ltr'><strong>e</strong></span> <span class='ocrx_word' id='word_1_864' title='bbox 2871 5192 3044 5244; x_wconf 85' lang='lat' dir='ltr'><strong>medio</strong></span> <span class='ocrx_word' id='word_1_865' title='bbox 3065 5234 3079 5256; x_wconf 96' lang='lat'><strong>,</strong></span> <span class='ocrx_word' id='word_1_866' title='bbox 3107 5200 3160 5244; x_wconf 88' lang='lat' dir='ltr'><strong>et</strong></span> <span class='ocrx_word' id='word_1_867' title='bbox 3189 5192 3528 5247; x_wconf 89' lang='lat' dir='ltr'><strong>illucescente</strong></span> <span class='ocrx_word' id='word_1_868' title='bbox 3551 5195 3772 5248; x_wconf 83' lang='lat' dir='ltr'><strong>veritate</strong></span> 
     </span>
    </p>
   </div>
   <div class='ocr_carea' id='block_1_110' title="bbox 2189 5280 3770 5352">
    <p class='ocr_par' dir='ltr' id='par_1_110' title="bbox 2189 5280 3770 5352">
     <span class='ocr_line' id='line_1_110' title="bbox 2189 5280 3770 5352; baseline 0.004 -20"><span class='ocrx_word' id='word_1_869' title='bbox 2189 5281 2397 5349; x_wconf 88' lang='lat' dir='ltr'><strong>fugetur</strong></span> <span class='ocrx_word' id='word_1_870' title='bbox 2439 5280 2769 5333; x_wconf 84' lang='lat' dir='ltr'><strong>mendacium</strong></span> <span class='ocrx_word' id='word_1_871' title='bbox 2825 5299 2836 5333; x_wconf 87' lang='lat'><strong>:</strong></span> <span class='ocrx_word' id='word_1_872' title='bbox 2884 5281 3044 5348; x_wconf 86' lang='lat' dir='ltr'><strong>fugiat</strong></span> <span class='ocrx_word' id='word_1_873' title='bbox 3111 5281 3414 5348; x_wconf 88' lang='lat' dir='ltr'><strong>discordia,</strong></span> <span class='ocrx_word' id='word_1_874' title='bbox 3460 5285 3770 5352; x_wconf 84' lang='lat' dir='ltr'><strong>resplende-</strong></span> 
     </span>
    </p>
   </div>
   <div class='ocr_carea' id='block_1_111' title="bbox 2192 5370 3768 5440">
    <p class='ocr_par' dir='ltr' id='par_1_111' title="bbox 2192 5370 3768 5440">
     <span class='ocr_line' id='line_1_111' title="bbox 2192 5370 3768 5440; baseline 0.004 -17"><span class='ocrx_word' id='word_1_875' title='bbox 2192 5381 2375 5423; x_wconf 90' lang='lat' dir='ltr'><strong>scente</strong></span> <span class='ocrx_word' id='word_1_876' title='bbox 2402 5371 2704 5424; x_wconf 88' lang='lat' dir='ltr'><strong>concordia.</strong></span> <span class='ocrx_word' id='word_1_877' title='bbox 2738 5370 2806 5423; x_wconf 79' lang='lat' dir='ltr'><strong>Et</strong></span> <span class='ocrx_word' id='word_1_878' title='bbox 2851 5371 2985 5424; x_wconf 88' lang='lat' dir='ltr'><strong>sicut</strong></span> <span class='ocrx_word' id='word_1_879' title='bbox 3029 5371 3329 5440; x_wconf 88' lang='lat' dir='ltr'><strong>frequenter</strong></span> <span class='ocrx_word' id='word_1_880' title='bbox 3349 5372 3461 5427; x_wconf 89' lang='lat' dir='ltr'><strong>ﬁeri</strong></span> <span class='ocrx_word' id='word_1_881' title='bbox 3503 5375 3728 5429; x_wconf 88' lang='lat' dir='ltr'><strong>vidimus</strong></span> <span class='ocrx_word' id='word_1_882' title='bbox 3755 5417 3768 5436; x_wconf 83' lang='lat'><strong>,</strong></span> 
     </span>
    </p>
   </div>
   <div class='ocr_carea' id='block_1_112' title="bbox 2192 5461 3771 5532">
    <p class='ocr_par' dir='ltr' id='par_1_112' title="bbox 2192 5461 3771 5532">
     <span class='ocr_line' id='line_1_112' title="bbox 2192 5461 3771 5532; baseline 0.003 -18"><span class='ocrx_word' id='word_1_883' title='bbox 2192 5461 2278 5518; x_wconf 90' lang='lat' dir='ltr'><strong>ubi</strong></span> <span class='ocrx_word' id='word_1_884' title='bbox 2308 5476 2488 5530; x_wconf 88' lang='lat' dir='ltr'><strong>regum</strong></span> <span class='ocrx_word' id='word_1_885' title='bbox 2520 5462 2601 5514; x_wconf 86' lang='lat' dir='ltr'><strong>vel</strong></span> <span class='ocrx_word' id='word_1_886' title='bbox 2631 5461 2851 5514; x_wconf 84' lang='lat' dir='ltr'><strong>fratrum</strong></span> <span class='ocrx_word' id='word_1_887' title='bbox 2881 5462 3069 5515; x_wconf 70' lang='lat' dir='ltr'><strong>tabula:</strong></span> <span class='ocrx_word' id='word_1_888' title='bbox 3098 5465 3382 5532; x_wconf 88' lang='lat' dir='ltr'><strong>pinguntur</strong></span> <span class='ocrx_word' id='word_1_889' title='bbox 3409 5506 3421 5526; x_wconf 93' lang='lat'><strong>,</strong></span> <span class='ocrx_word' id='word_1_890' title='bbox 3457 5474 3511 5518; x_wconf 93' lang='lat' dir='ltr'><strong>ut</strong></span> <span class='ocrx_word' id='word_1_891' title='bbox 3537 5466 3587 5518; x_wconf 88' lang='lat' dir='ltr'><strong>in</strong></span> <span class='ocrx_word' id='word_1_892' title='bbox 3615 5469 3771 5519; x_wconf 86' lang='lat' dir='ltr'><strong>utris-</strong></span> 
     </span>
    </p>
   </div>
   <div class='ocr_carea' id='block_1_113' title="bbox 2192 5553 3772 5622">
    <p class='ocr_par' dir='ltr' id='par_1_113' title="bbox 2192 5553 3772 5622">
     <span class='ocr_line' id='line_1_113' title="bbox 2192 5553 3772 5622; baseline 0.001 -17"><span class='ocrx_word' id='word_1_893' title='bbox 2192 5568 2294 5621; x_wconf 89' lang='lat' dir='ltr'><strong>que</strong></span> <span class='ocrx_word' id='word_1_894' title='bbox 2323 5553 2686 5606; x_wconf 87' lang='lat' dir='ltr'><strong>unanimitatis</strong></span> <span class='ocrx_word' id='word_1_895' title='bbox 2729 5553 3060 5606; x_wconf 87' lang='lat' dir='ltr'><strong>declarentur</strong></span> <span class='ocrx_word' id='word_1_896' title='bbox 3093 5555 3312 5622; x_wconf 88' lang='lat' dir='ltr'><strong>insignia</strong></span> <span class='ocrx_word' id='word_1_897' title='bbox 3339 5597 3354 5620; x_wconf 96' lang='lat'><strong>,</strong></span> <span class='ocrx_word' id='word_1_898' title='bbox 3395 5556 3578 5609; x_wconf 79' lang='lat' dir='ltr'><strong>artifex</strong></span> <span class='ocrx_word' id='word_1_899' title='bbox 3631 5557 3772 5622; x_wconf 83' lang='lat' dir='ltr'><strong>picto</strong></span> 
     </span>
    </p>
   </div>
   <div class='ocr_carea' id='block_1_114' title="bbox 2193 5644 3768 5713">
    <p class='ocr_par' dir='ltr' id='par_1_114' title="bbox 2193 5644 3768 5713">
     <span class='ocr_line' id='line_1_114' title="bbox 2193 5644 3768 5713; baseline 0 -16"><span class='ocrx_word' id='word_1_900' title='bbox 2193 5645 2422 5698; x_wconf 83' lang='lat' dir='ltr'><strong>femineo</strong></span> <span class='ocrx_word' id='word_1_901' title='bbox 2453 5644 2633 5696; x_wconf 85' lang='lat' dir='ltr'><strong>habitu</strong></span> <span class='ocrx_word' id='word_1_902' title='bbox 2680 5653 2797 5711; x_wconf 89' lang='lat' dir='ltr'><strong>post</strong></span> <span class='ocrx_word' id='word_1_903' title='bbox 2839 5652 3040 5712; x_wconf 84' lang='lat' dir='ltr'><strong>tergum</strong></span> <span class='ocrx_word' id='word_1_904' title='bbox 3082 5646 3388 5713; x_wconf 89' lang='lat' dir='ltr'><strong>utriusque,</strong></span> <span class='ocrx_word' id='word_1_905' title='bbox 3432 5648 3768 5698; x_wconf 82' lang='lat' dir='ltr'><strong>concordiam</strong></span> 
     </span>
    </p>
   </div>
   <div class='ocr_carea' id='block_1_115' title="bbox 2191 5735 3770 5803">
    <p class='ocr_par' dir='ltr' id='par_1_115' title="bbox 2191 5735 3770 5803">
     <span class='ocr_line' id='line_1_115' title="bbox 2191 5735 3770 5803; baseline 0.001 -14"><span class='ocrx_word' id='word_1_906' title='bbox 2191 5735 2369 5789; x_wconf 85' lang='lat' dir='ltr'><strong>Statuit</strong></span> <span class='ocrx_word' id='word_1_907' title='bbox 2399 5777 2408 5797; x_wconf 91' lang='lat'><strong>,</strong></span> <span class='ocrx_word' id='word_1_908' title='bbox 2456 5735 2684 5786; x_wconf 80' lang='lat' dir='ltr'><strong>brat-hiis</strong></span> <span class='ocrx_word' id='word_1_909' title='bbox 2725 5735 2832 5789; x_wconf 78' lang='lat' dir='ltr'><strong>suis</strong></span> <span class='ocrx_word' id='word_1_910' title='bbox 2862 5745 3139 5803; x_wconf 83' lang='lat' dir='ltr'><strong>utrumque</strong></span> <span class='ocrx_word' id='word_1_911' title='bbox 3173 5740 3645 5794; x_wconf 49' lang='lat' dir='ltr'><strong>connllectcntt-m.</strong></span> <span class='ocrx_word' id='word_1_912' title='bbox 3688 5741 3770 5791; x_wconf 87' lang='lat' dir='ltr'><strong>in-</strong></span> 
     </span>
    </p>
   </div>
  </div>
