4046 6432
299 323 398 375 5-27

287 436 470 489 dicatis
498 432 639 503 quod
664 433 718 487 hi
739 434 827 504 qui
853 433 1099 488 videntur
1118 430 1433 501 corporibus
1459 428 1687 499 separati
1713 469 1728 495 ,
1754 442 1877 482 scn-

289 525 472 580 tentiis
496 535 550 578 et
576 525 848 580 voluntate
873 525 1194 580 conveniant
1224 540 1237 576 :
1269 522 1341 576 ita
1367 535 1511 576 nunc
1537 535 1635 590 pax
1668 520 1876 575 Domini

284 614 461 669 media
489 613 748 668 assistens
774 655 790 682 ,
825 623 880 669 et
907 624 1191 683 utrumque
1231 621 1474 666 nostrum
1511 611 1716 680 gremio
1758 610 1881 679 pal-

287 714 449 775 pante
474 714 799 760 connectens
826 747 842 772 ,
872 706 1100 760 discreta
1124 719 1347 774 corpora
1391 705 1444 758 in
1481 719 1646 757 unum
1681 716 1876 757 conve-

283 800 400 852 nire
427 798 664 851 animum
689 837 705 863 ,
737 797 876 853 ulnis
916 797 1260 867 iungentibus
1287 795 1464 850 docet.
1506 795 1562 848 ln
1607 808 1710 864 qua
1757 793 1875 848 sine

281 889 446 943 dubio
493 888 791 958 completur
831 904 1007 965 sermo
1057 887 1439 956 propheticus,
1486 885 1576 955 qui
1625 885 1696 938 ait
1738 902 1749 938 :
1807 883 1873 937 Et

276 982 372 1034 erit
401 981 668 1036 consilium
711 981 977 1049 paciﬁcum
1005 980 1137 1033 inter
1161 988 1395 1048 utrosque
1429 976 1622 1048 (Zach.
1653 975 1706 1031 6.
1739 977 1806 1030 15
1827 974 1869 1048 ).

281 1069 351 1125 Et
383 1073 632 1126 hesterno
653 1073 868 1142 quidem
895 1071 980 1125 die
1007 1078 1156 1139 pater
1185 1079 1366 1125 noster
1386 1067 1686 1124 communis
1709 1083 1872 1122 evan-

281 1163 454 1231 gelico
485 1177 667 1232 pacem
694 1177 942 1217 sermone
971 1162 1221 1230 prmfatus
1247 1169 1328 1216 est
1354 1177 1368 1214 :
1407 1159 1565 1215 hodie
1602 1174 1733 1214 vero
1773 1173 1872 1215 nos

282 1252 440 1306 verba
469 1251 614 1321 pacis
638 1266 986 1321 exponamus.
1015 1250 1134 1321 lpse
1170 1265 1268 1306 nos
1298 1249 1412 1305 heri
1451 1249 1714 1318 resupinis
1755 1263 1871 1303 ma-

281 1341 442 1396 nibus
473 1342 526 1396 in
554 1342 716 1396 verbo
741 1342 886 1411 pacis
915 1341 1167 1410 excepit,
1213 1349 1268 1396 et
1309 1356 1409 1395 nos
1451 1340 1612 1396 hodie
1653 1340 1873 1396 dilatato

279 1441 501 1502 pectore
524 1474 539 1497 ,
567 1432 814 1502 uinisque
841 1433 1144 1503 patentibus
1170 1431 1235 1486 ad
1269 1432 1551 1486 Dominum
1587 1445 1709 1486 cum
1749 1447 1871 1486 mu-

281 1522 503 1577 neribus
531 1523 679 1592 pacis
706 1537 1071 1578 occurramus.
1103 1522 1218 1577 Jam
1250 1522 1384 1576 bella
1411 1522 1680 1578 destructa
1707 1530 1826 1576 sunt
1854 1563 1870 1588 ,

257 1612 624 1684 pulchritudo
651 1614 796 1683 pacis
822 1613 1068 1669 obtinuit.
1113 1611 1265 1669 Nunc
1300 1612 1351 1667 in
1399 1613 1547 1669 luctu
1574 1611 1662 1668 est
1681 1612 1869 1668 diabo-

276 1705 385 1771 lus,
413 1705 536 1760 etin
563 1704 944 1761 lamentatione
969 1703 1143 1759 omnis
1168 1703 1468 1758 daemonum
1497 1715 1700 1772 turma;
1729 1718 1871 1759 nunc

285 1798 338 1851 in
369 1796 668 1852 ctelestibus
697 1795 877 1851 laetitia
902 1837 916 1863 ,
944 1806 998 1850 et
1022 1797 1073 1850 in
1096 1796 1302 1866 angelis
1322 1796 1609 1851 exsultatio
1631 1837 1646 1864 ,
1679 1796 1871 1866 quibus

285 1887 535 1956 specialis
564 1885 840 1940 familiaris
871 1901 990 1956 pax.
1025 1887 1136 1943 Hoc
1160 1887 1300 1942 enim
1328 1888 1487 1942 etiam
1508 1888 1751 1944 czclestcs
1778 1887 1871 1942 ad-

289 1979 548 2032 mirantur
573 1978 798 2032 virtutes
821 1992 954 2048 opus
976 2020 994 2046 ,
1022 1993 1153 2049 quas
1176 1977 1297 2034 fons
1327 1981 1444 2048 ejus
1488 1979 1648 2034 habet
1674 1995 1866 2050 perenc

288 2067 372 2121 nis
391 2109 404 2132 ,
435 2082 500 2122 ex
525 2082 631 2138 quo
654 2068 816 2123 etiam
844 2077 1053 2125 terrena
1093 2069 1210 2124 haec
1234 2078 1415 2125 nostra
1443 2071 1603 2140 guttis
1644 2072 1866 2142 quibus-

280 2159 405 2212 dam
469 2158 664 2214 exinde
695 2160 1016 2216 stillantibus
1055 2162 1368 2218 irrorantur.
1409 2163 1476 2219 Et
1514 2163 1634 2219 ideo
1662 2165 1867 2220 etiamsi

283 2249 336 2304 in
371 2251 530 2306 terris
559 2266 662 2323 pax
686 2292 702 2322 ,
732 2252 901 2308 laudis
928 2253 1044 2324 ejus
1082 2254 1334 2325 splendor
1360 2256 1624 2312 redundat
1666 2257 1716 2312 in
1759 2272 1867 2314 ccc-

885 331 970 386 DE
1009 328 1229 385 RECIP.
1270 327 1516 383 SEVER.
1562 325 1649 380 ΕΤ
1689 319 1920 378 SEIlMO
1959 320 2176 378 IPSIUS
2214 321 2585 378 SEVERIANI
2630 321 2718 375 DE
2761 319 2961 375 PACE.

3463 324 3565 379 ΗΒ

1989 428 2100 483 lum
2129 470 2144 495 ,
2171 426 2388 484 laudant
2413 443 2529 484 eam
2557 428 2800 484 czclestes
2825 428 2997 498 angeli
3025 469 3040 495 ,
3068 437 3123 484 et
3147 429 3330 485 dieunt
3358 448 3370 484 :
3403 431 3581 488 Gloria

1983 520 2038 573 in
2066 522 2275 575 excelsis
2301 520 2411 576 Dea
2437 563 2450 584 ,
2480 533 2525 575 et
2561 523 2613 575 in
2643 531 2776 575 terra
2803 538 2904 591 pax
2928 521 3211 577 hominibus
3238 523 3384 577 bona:
3402 526 3582 579 volun-

1986 612 2104 664 tatis
2135 613 2152 678 (
2178 610 2306 665 Luc.
2332 612 2386 666 ἓ.
2417 614 2479 666 Η
2524 614 2566 684 ).
2615 613 2775 667 Vides
2819 613 3087 682 quomodo
3125 613 3370 670 etclestes
3394 629 3582 670 omnes

1983 709 2038 754 et
2088 711 2371 757 terrestres
2410 703 2636 759 invicem
2683 703 2783 758 sibi
2828 719 3050 758 munera
3099 704 3246 774 pacis
3285 705 3584 760 emittunt?

1983 791 2237 847 leestes
2287 793 2458 863 angeli
2501 807 2689 864 pacem
2733 794 2892 849 terris
2931 794 3284 861 annuntiant,
3327 797 3496 849 sancti
3529 797 3581 848 in

1980 881 2139 935 terris
2165 881 2438 936 Christum
2463 924 2478 949 ,
2510 882 2600 953 qui
2626 891 2710 938 est
2751 898 2855 952 pax
2895 892 3078 938 nostra
3106 924 3122 950 ,
3170 883 3478 938 collaudant
3528 885 3580 939 in

1979 974 2286 1029 cmlestibus
2327 975 2597 1044 positum,
2641 984 2697 1030 et
2741 975 2980 1048 mysticis
3021 976 3202 1030 choris
3243 974 3582 1042 acciamant,

1984 1061 2205 1118 Osanna
2249 1066 2309 1118 in
2341 1064 2557 1118 excelsis
2589 1064 2809 1135 (Matth.
2842 1065 2932 1118 21.
2971 1066 3049 1135 9).
3085 1065 3341 1121 Dicamus
3365 1082 3496 1138 (διεδ
3528 1075 3583 1123 ct

1977 1168 2100 1219 nos,
2127 1152 2313 1209 Gloria
2342 1156 2398 1208 in
2422 1153 2700 1208 altissimis
2739 1153 2865 1218 Deo,
2904 1155 2997 1222 qui
3035 1153 3343 1211 ltttmiliavit
3383 1156 3577 1211 diabo-

1981 1244 2091 1298 lum
2118 1286 2133 1312 ,
2163 1253 2218 1300 et
2245 1245 2500 1300 cxaltavit
2529 1244 2800 1300 Christum
2825 1260 3000 1301 suum.
3033 1244 3210 1300 Gloria
3233 1245 3288 1298 in
3313 1244 3576 1299 altissimis

1980 1333 2088 1387 Deo
2113 1374 2128 1399 ,
2158 1335 2246 1403 qui
2278 1334 2605 1390 discordiam
2645 1335 2832 1406 fugat,
2877 1345 2932 1390 et
2975 1350 3161 1406 pacem
3201 1335 3408 1393 statuit.
3449 1335 3578 1390 Dico

1981 1425 2125 1478 enim
2154 1423 2306 1478 vobis
2329 1433 2498 1479 artem
2529 1423 2763 1492 diaboli,
2792 1423 2945 1496 cujus
2981 1439 3155 1495 neque
3186 1439 3282 1480 vos
3327 1425 3578 1480 astutiam

1979 1515 2256 1586 ignoratis.
2286 1514 2431 1573 Vidit
2453 1526 2669 1574 satanas
2702 1519 3008 1575 ﬁrmitatem
3039 1519 3160 1574 ﬁdei
3188 1560 3202 1586 ,
3234 1518 3579 1575 stabilitatem

1979 1607 2033 1663 in
2061 1621 2124 1661 ea
2159 1606 2356 1676 pietate
2383 1607 2688 1680 dogmatum
2716 1619 2922 1682 septam
2945 1652 2960 1676 ,
2992 1609 3125 1664 vidit
3144 1618 3197 1665 et
3221 1624 3448 1679 onerum
3476 1609 3578 1665 bo-

1977 1713 2169 1754 norum
2198 1698 2456 1757 fructibus
2481 1701 2837 1758 abundantem
2873 1720 2884 1755 :
2917 1711 2973 1757 et
3012 1701 3134 1756 ideo
3162 1715 3258 1771 pro
3289 1700 3374 1756 his
3402 1702 3580 1757 omni-

1977 1791 2078 1847 bus
2107 1791 2174 1847 ad
2207 1793 2466 1848 insaniam
2495 1794 2683 1857 venit,
2733 1802 2789 1848 et
2830 1791 2978 1848 rabie
3019 1793 3214 1848 furoris
3252 1793 3491 1858 exarsit,
3519 1801 3579 1847 ttt

1978 1885 2250 1940 scinderet
2287 1885 2576 1940 amicitiam
2622 1893 2676 1940 et
2717 1886 2969 1942 evelleret
3011 1886 3290 1940 caritatem
3317 1928 3332 1951 ,
3366 1895 3423 1941 ut
3462 1885 3576 1940 dis-

1978 1985 2251 2047 rumperet
2279 1991 2464 2046 pacem
2492 1996 2504 2031 :
2533 1977 2627 2032 sed
2657 1992 2757 2046 pax
2788 1976 2998 2031 Domini
3024 1991 3238 2047 semper
3279 1977 3350 2034 sit
3388 1975 3571 2031 nobis-

1976 2080 2096 2121 cum
2122 2106 2137 2132 ,
2191 2069 2243 2120 in
2275 2065 2486 2122 Christo
2515 2065 2641 2122 Jesu
2673 2065 2900 2120 Domino
2945 2076 3129 2121 nostro
3151 2107 3166 2134 ,
3208 2081 3329 2121 cum
3360 2080 3467 2135 quo
3494 2076 3573 2120 est

1976 2153 2089 2214 Deo
2118 2158 2261 2213 Patri
2285 2167 2337 2214 et
2359 2157 2577 2231 Spiritui
2608 2168 2799 2216 sancto
2828 2157 2995 2230 gloria
3030 2158 3084 2215 in
3120 2158 3314 2215 sarcula
3343 2159 3572 2216 swallo-

1979 2267 2123 2308 rum.
2151 2251 2347 2306 Amen.
