4046 6456
525 322 655 378 ΗἹ*

1213 318 1269 374 s.
1313 297 1596 374 JOANNiS
1629 309 2119 378 cunvsos'ront
2161 307 2478 365 meum.
2519 304 3067 363 cotvsTANTtNor.

3619 298 3766 357 528'

530 532 3739 584 ψ

1136 1049 1482 1113 MONlTUM
1522 1050 1604 1113 IN
1647 1049 2103 1124 SEQUENTEM
2145 1050 2183 1111 C

2226 1049 2672 1114 [RYSOSTOMI
2711 1048 3153 1111 ΟΒΛΤΙΟΝΕΜ

600 1431 656 1483 in
688 1437 961 1499 postrema
989 1426 1193 1483 Morelli
1219 1425 1466 1482 Editioue
1493 1425 1560 1480 ad
1586 1424 1786 1479 calcem
1818 1421 1973 1477 Tomi
2021 1421 2202 1490 quarti
2250 1422 2393 1477 edita
2438 1423 2540 1479 fuit
2589 1423 2781 1480 Oratio
2818 1421 3196 1495 Chrysostomi
3244 1432 3538 1495 antequam
3574 1424 3677 1481 iret
3711 1425 3767 1480 in

531 1564 805 1631 exsilium,
842 1567 907 1623 ad
938 1566 1193 1637 populum
1234 1566 1440 1632 habita,
1477 1581 1544 1621 ex
1578 1562 1698 1620 Vita
1741 1563 2118 1636 Chrysostomi
2158 1578 2252 1634 per
2292 1562 2586 1635 Georgium
2635 1564 3063 1620 Alexandrinum
3108 1573 3358 1635 excerpta
3380 1606 3397 1632 ,
3429 1581 3587 1637 qua,
3620 1566 3770 1638 quod

535 1706 744 1770 spectat
766 1700 834 1753 ad
867 1699 1141 1755 dimidiam
1172 1699 1409 1771 priorem
1435 1709 1640 1770 partem
1672 1700 1739 1754 ad
1769 1698 1883 1754 haec
1929 1714 2103 1769 usque
2131 1714 2183 1755 ve

2226 1699 2317 1767 ba,
2342 1698 2458 1753 ἀλλ’
2496 1702 2608 1772 ὁρῶ
2655 1703 2767 1767 τοῖς
2785 1702 3027 1771 ἐμαυτοῦ
3057 1702 3289 1774 δόγμασι
3318 1719 3496 1770 τινας,
3533 1719 3643 1760 non
3680 1704 3768 1759 in-

534 1835 694 1904 digna
733 1826 1125 1905 Cbrysostomo
1155 1831 1368 1888 videtur
1394 1847 1407 1884 :
1448 1840 1504 1886 et
1529 1830 1655 1887 talis
1686 1845 1717 1885 a
1743 1830 1875 1886 viris
1900 1830 2076 1887 doctis
2101 1829 2349 1897 habetur,
2381 1830 2729 1901 paucioribus
2761 1830 2885 1888 aliis
2911 1832 3356 1907 reclamantibus.
3391 1831 3449 1888 in
3485 1834 3588 1889 hac
3613 1842 3765 1890 certe

534 1971 711 2043 prima
742 1981 914 2043 parte,
948 1990 1069 2030 meo
1096 1975 1313 2045 quidem
1338 1974 1565 2045 judicio,
1593 1973 1834 2029 occurrit
1856 1972 1989 2027 nihil
2010 1970 2156 2042 quod
2177 1988 2241 2029 eo
2262 1972 2465 2047 adigat.
2501 1982 2561 2030 ut
2587 1975 2753 2030 altum
2778 1991 2941 2045 quam
2973 1975 3429 2047 Chrysostomum
3456 1990 3770 2047 quaeramus

539 2118 839 2166 auctorem.
874 2110 1231 2168 Posteriorem
1266 2125 1392 2167 vero
1414 2122 1642 2183 partem,
1674 2110 1906 2166 salebris
1934 2110 2170 2181 plenam,
2204 2110 2540 2178 intricatam,
2564 2126 2686 2182 quae
2714 2127 2857 2183 saepe
2888 2111 2998 2179 vix,
3026 2128 3090 2166 ac
3122 2126 3190 2167 ne
3220 2110 3307 2165 vis
3349 2110 3567 2180 quidem
3610 2108 3773 2165 intel-

542 2243 633 2313 ligi
656 2253 850 2315 potest,
876 2246 1064 2302 saltem
1099 2254 1160 2301 ut
1186 2256 1361 2302 exstat
1396 2246 1575 2313 hodie,
1599 2248 1988 2320 Chrysostomo
2014 2246 2431 2319 ahjudicandam
2483 2263 2796 2305 censemus.
2827 2247 2961 2304 Nam
2999 2249 3175 2317 stylus
3219 2247 3479 2304 abhorret
3522 2262 3553 2300 a
3599 2245 3772 2315 priori

543 2379 806 2436 orationis
831 2390 1003 2451 parte.
1034 2379 1090 2435 Si
1116 2382 1246 2448 quid
1275 2398 1404 2438 vero
1435 2384 1774 2451 enuntiatur,
1811 2382 1953 2454 quod
1994 2382 2060 2437 ad
2096 2397 2275 2439 veram
2314 2383 2432 2453 ejus
2471 2384 2648 2440 exsilit
2695 2383 2979 2439 historiam
3011 2382 3264 2454 quadret,
3302 2382 3355 2439 id
3388 2389 3533 2438 certe
3571 2381 3772 2436 itare-

1848 3330 2477 3448 EJUSDEM

1342 3725 1866 3823 HOMILIA
1951 3726 2260 3816 ANTE
2337 3724 2967 3817 EXSILIUM.

1950 4299 2440 4323 .——.o.———

625 4678 677 4733 1.
718 4676 861 4731 Multi
902 4674 1090 4731 ﬂuctus
1130 4677 1326 4729 instant
1362 4689 1653 4746 gravesque
1697 4675 1981 4745 procellas;
2024 4674 2120 4731 sed

551 4782 655 4822 non
676 4767 921 4821 timemus
946 4780 1014 4820 ne
1038 4765 1441 4836 submergamur
1480 4784 1493 4819 :
1543 4782 1663 4821 mm
1707 4768 1757 4821 in
1801 4780 1947 4837 petra
1985 4782 2116 4822 con-

549 4859 806 4913 sistimus.
850 4858 1042 4912 Szeviat
1076 4872 1223 4912 mare
1246 4898 1259 4922 ,
1307 4859 1853 4927 petramdissolvere
1889 4861 2071 4931 nequit
2101 4878 2115 4917 :

550 4956 824 5018 tnsurgant
848 4946 1038 5002 ﬂuetus
1061 4988 1077 5014 ,
1102 4946 1229 5002 Jesu
1250 4948 1512 5019 navigium
1537 4949 1845 5020 demergere
1868 4966 1970 5006 non
1998 4966 2119 5019 pos-

554 5047 697 5091 sunt.
753 5035 930 5102 Quid,
981 5051 1199 5105 qureso,
1246 5038 1565 5093 timeamus?
1607 5038 1937 5094 Mortemne?
1986 5039 2119 5092 Mihi

552 5129 712 5182 vivere
739 5126 968 5182 Christus
986 5136 1057 5181 est
1080 5166 1095 5191 ,
1117 5136 1161 5180 et
1185 5128 1313 5181 mori
1333 5128 1525 5182 lucrum
1544 5128 1799 5199 (Philipp.
1826 5131 1876 5184 1.
1898 5129 2011 5199 ’21).
2035 5135 2117 5185 An

549 5217 790 5272 exsilium
815 5258 830 5282 ,
860 5216 945 5271 die
966 5216 1138 5271 mihi?
1167 5216 1370 5271 Domini
1394 5228 1465 5272 est
1498 5227 1632 5272 terra
1657 5230 1701 5273 et
1729 5220 1987 5289 plenitudo
2008 5222 2116 5289 ejus

550 5306 571 5379 (
600 5307 741 5361 Psal.
770 5307 860 5363 εδ.
892 5307 915 5362 1
949 5306 991 5378 ).
1022 5309 1100 5362 An
1144 5307 1451 5365 facultatum
1493 5311 1896 5380 publicationem
1916 5312 1942 5365 ?
1973 5311 2121 5365 Nihil

553 5396 808 5451 intulimus
852 5398 904 5451 in
946 5398 1218 5463 mundum,
1264 5410 1546 5470 certumque
1586 5409 1658 5454 est
1701 5418 1789 5455 nos
1836 5401 1962 5455 nihil
2004 5401 2120 5457 hinc

551 5483 729 5551 επεν-τε
778 5502 922 5555 posse
972 5488 1059 5557 (1.
1100 5486 1235 5543 Tim.
1282 5489 1335 5543 6.
1380 5491 1458 5559 7)
1504 5508 1516 5543 :
1571 5491 1924 5562 terribiliaque
1966 5491 2121 5562 hujus

556 5577 737 5632 mundi
768 5579 895 5633 mihi
919 5578 1187 5649 despectui
1213 5590 1337 5636 sunt
1359 5623 1372 5648 ,
1411 5591 1465 5636 et
1501 5583 1636 5637 bona
1652 5583 1777 5653 ejus
1805 5584 1914 5637 risu
1940 5584 2114 5655 digna.

554 5666 670 5723 Non
711 5679 1069 5739 paupertatem
1111 5671 1312 5737 timeo,
1361 5689 1464 5727 non
1510 5673 1717 5728 divitias
1757 5676 2118 5744 concupisco:

549 5775 659 5816 non
680 5770 902 5818 mortem
943 5770 1158 5832 metuo,
1205 5777 1303 5819 nec
1350 5764 1527 5820 vivere
1579 5774 1741 5835 opto,
1775 5766 1872 5821 nisi
1900 5766 1964 5821 ad
1994 5782 2117 5835 pro-

2227 4674 2418 4729 fectum
2443 4681 2702 4729 vestrum.
2734 4671 2861 4728 ideo
2886 4670 3167 4742 prmsentia
3207 4682 3565 4724 commemoro
3587 4708 3602 4732 ,
3644 4680 3806 4736 rogo-

2225 4780 2329 4835 que
2365 4765 2635 4819 caritatem
2671 4773 2939 4829 vestram,
2983 4770 3044 4817 ut
3087 4760 3331 4815 ﬁduciam
3373 4758 3581 4813 habeat.
3619 4756 3807 4812 Nullus

2224 4857 2419 4928 quippe
2442 4871 2538 4911 nos
2566 4870 2812 4926 separare
2833 4854 3029 4925 poterit
3054 4868 3070 4916 ;
3093 4851 3235 4922 quod
3257 4852 3398 4906 enim
3426 4851 3567 4906 Deus
3591 4850 3808 4919 conjun-

2225 4949 2339 5014 xit,
2368 4947 2529 5001 homo
2554 4962 2800 5017 separare
2824 4946 3024 5016 nequit.
3046 4943 3178 4997 Nam
3208 4943 3255 4998 si
3278 4943 3345 4998 dc
3368 4943 3485 4997 viro
3509 4956 3574 4997 ac
3603 4939 3673 4996 de
3698 4956 3807 4994 mu-

2224 5039 2358 5094 liere
2384 5037 2513 5093 dicit
2537 5057 2549 5091 :
2579 5037 2799 5108 Propter
2820 5038 2914 5091 hoc
2938 5034 3185 5105 relinquet
3208 5035 3355 5088 homo
3380 5044 3570 5104 patrem
3594 5049 3742 5086 suum
3765 5042 3811 5085 et

2224 5138 2435 5183 matrem
2460 5146 2635 5195 suam,
2664 5139 2710 5183 et
2733 5127 3007 5183 adhwrebit
3030 5127 3177 5181 uxori
3202 5140 3338 5189 suae,
3370 5133 3415 5179 et
3444 5133 3587 5178 mmt
3614 5123 3715 5176 duo
3758 5123 3808 5175 in

2224 5235 2428 5273 carnem
2453 5236 2607 5272 unam
2635 5218 2796 5290 (Gen.
2822 5220 2875 5273 2.
2906 5216 3017 5287 24)
3048 5235 3061 5273 :
3091 5216 3227 5287 quod
3259 5231 3376 5285 ergo
3423 5213 3554 5267 Deus
3592 5213 3810 5281 conjun-

2223 5310 2299 5364 xit
2321 5351 2337 5377 ,
2369 5310 2516 5365 homo
2546 5327 2646 5364 non
2672 5322 2865 5381 separet
2891 5309 2910 5381 (
2940 5308 3127 5364 Matth.
3161 5307 3247 5362 19.
3276 5308 3329 5362 5.
3358 5307 3390 5361 6
3417 5305 3457 5377 ).
3496 5305 3552 5361 Si
3601 5307 3811 5375 nuptias

2231 5418 2336 5457 non
2382 5413 2533 5474 potes
2585 5404 2874 5468 dirimere,
2916 5411 3117 5472 quanto
3159 5402 3337 5455 minus
3376 5399 3671 5454 Ecclesiam
3716 5397 3809 5452 Dei

2228 5504 2381 5565 potes
2406 5495 2743 5550 dissolvere?
2769 5495 2875 5551 Sed
2899 5510 3016 5549 eam
3044 5507 3315 5564 oppugnas
3337 5532 3352 5556 ,
3382 5507 3503 5547 cum
3532 5489 3662 5545 nihil
3689 5502 3813 5558 pns-

2228 5586 2301 5641 sis
2345 5586 2541 5641 lmdere
2586 5601 2705 5641 eum
2752 5601 2909 5657 quem
2959 5584 3193 5654 impetis.
3244 5582 3439 5638 Verum
3486 5596 3573 5636 me
3620 5579 3812 5634 reddes

2228 5674 2643 5744 splendidiorem
2669 5715 2684 5742 ,
2715 5685 2963 5745 tuamque
2989 5675 3094 5727 vim
3124 5687 3333 5728 mecum
3365 5671 3645 5742 pugnando
3673 5669 3808 5736 deji-

2228 5766 2338 5823 cics
2364 5785 2376 5822 :
2408 5767 2604 5823 Durum
2634 5782 2862 5839 namque
2894 5767 2980 5821 tibi
3009 5776 3077 5821 cst
3110 5776 3283 5819 contra
3310 5763 3573 5834 stimulum
3599 5771 3808 5817 acutum
