4046 6438
535 295 647 355 4‘39

540 412 707 474 πόδας
738 412 1048 483 αίμάσσεις·
1084 416 1208 469 ἐπεὶ
1259 418 1354 470 καλ⁸
1385 417 1453 471 τά
1501 418 1719 489 κύματα
1752 419 1851 490 τὴν
1891 419 2100 489 πέτραν

532 494 594 545 οὐ
633 493 857 559 διαλύει,
894 496 1007 548 ἀλλ’
1045 497 1183 551 αὐτά
1219 500 1298 563 είς
1352 499 1524 568 ἀφρὸν
1562 501 1889 555 διαλύονται.
1934 499 2100 553 Οὐδὲν

545 574 868 645 Ἐκκλησίας
903 578 1286 651 δυνατώτερον,
1310 580 1583 655 ἄνθρωπε.
1618 582 1792 637 Λῦσον
1820 582 1909 637 τὸν
1943 581 2101 636 πόλε-

538 673 659 725 μον,
693 658 779 712 ῖνα
817 659 892 732 μὴ
932 660 1209 733 καταλύσῃ
1248 679 1343 715 σου
1382 663 1480 736 τὴν
1516 664 1767 734 δύναμιν·
1801 664 1877 735 μὴ
1910 664 2097 732 εῐσαγε

532 740 770 810 πόλεμον
796 744 875 806 είς
903 744 1149 813 οὐρανόν.
1168 745 1489 817 ’Ἄνθρωπον
1516 748 1612 799 ἐὰν
1638 746 1899 817 πολεμῇς,
1925 744 1957 816 ἢ
1984 745 2097 798 ἐνί-

530 837 726 891 κησας,
759 824 792 894 ἢ
819 826 1093 896 ἑνικήθης.
1152 828 1477 899 Ἐκκλησίαν
1516 829 1573 884 δὲ
1604 827 1699 881 ἐάν
1731 827 1993 899 πολεμῇς,
2017 844 2097 882 νι-

531 904 695 974 κῆσαί
718 923 778 958 σε
794 908 1094 978 ἀμήχανον·
1120 912 1148 963 ὀ
1175 911 1307 973 Θεὸς
1342 911 1450 981 γάρ
1480 911 1624 965 ἐστιν
1642 911 1671 963 ὀ
1706 909 1922 963 πάντων
1946 912 2096 980 ίσχυ-

524 987 768 1056 ’ρότερος.
808 988 903 1057 Μὴ
929 991 1383 1062 παραζηλοῦμεν
1410 991 1516 1046 τὸν
1534 993 1784 1060 Κύριον;
1799 990 1886 1060 μὴ
1921 994 2096 1059 ισχυ-

519 1068 755 1138 Ρότεροι
787 1073 972 1125 αὐτοῦ
1000 1074 1222 1142 ἐσμεν;
1243 1075 1303 1128 '0
1326 1074 1458 1137 Θεὸς
1492 1074 1682 1145 ἔπηξε,
1714 1074 1797 1137 τίς
1831 1074 2096 1142 ἐπιχειρεῖ

529 1150 813 1219 σαλεύεινς
841 1154 955 1205 Οὐκ
976 1149 1132 1207 οἶσθα
1163 1154 1329 1209 αὐτοῦ
1358 1156 1455 1229 τὴν
1481 1156 1731 1227 δύναμιν.
1758 1154 2096 1209 Ἔπιϐλέπει

523 1234 624 1287 ἐπὶ
648 1235 762 1302 τὴν
788 1237 923 1305 γῆν,
943 1239 1039 1291 καί
1064 1239 1221 1310 πολεῖ
1247 1238 1442 1309 αὐτὴν
1468 1238 1725 1310 τρέμειν·
1748 1238 1979 1301 κελεύει,
2003 1239 2095 1291 καὶ

524 1256 624 1287 esu
648 1256 762 1302 την
788 1256 923 1305 την,
943 1256 1039 1291 και
1064 1256 1143 1293 πο
1200 1258 1219 1293 ι
1247 1256 1442 1309 αυτην
1468 1256 1725 1310 τρεμειν·
1748 1256 1979 1301 κελευει,
2003 1256 2093 1291 και

524 1320 595 1373 τά
626 1320 879 1390 σειόμενα
908 1256 1197 1395 ήδράζειέ
1250 1322 1313 1377 Ei
1368 1323 1466 1395 τὴν
1526 1324 1679 1377 πόλιν
1731 1322 2093 1393 σαλευομένην

525 1401 741 1472 ἔστησε,
778 1403 955 1474 πολλῷ
1006 1404 1205 1475 μᾶλλον
1255 1408 1357 1478 τὴν
1409 1406 1731 1476 Ἐκκλησίαν
1769 1406 1961 1475 στῆσαι
1998 1404 2094 1458 δύ-

523 1503 701 1542 ναται.
734 1488 798 1541 Ἠ
824 1490 1118 1561 Ἐκκλησία
1140 1491 1370 1563 οὐρανοῦ
1403 1492 1741 1565 ίσχυροτέρα·
1768 1491 1821 1544 '0
1837 1491 2093 1560 οὐρανὸς

525 1568 624 1621 καί
653 1569 692 1635 ἠ
722 1568 797 1639 γῆ
823 1572 1321 1639 παρελεύσονται,
1356 1575 1411 1626 al
1449 1571 1517 1626 δὲ
1540 1576 1709 1642 λόγοι
1750 1589 1869 1641 μου
1896 1574 1968 1625 οὐ
2001 1570 2090 1640 μὴ

523 1650 887 1719 παρέλθωσι.
918 1654 1065 1707 Ποῖοι
1119 1653 1304 1723 λόγοις
1336 1655 1424 1710 Σὺ
1465 1652 1526 1710 εἷ
1565 1655 1809 1725 Πέτρος,
1840 1654 1939 1709 καὶ
1991 1654 2093 1709 ἐπὶ

522 1733 711 1801 ταύτῃ
738 1746 857 1801 μου
890 1732 964 1803 τῇ
998 1734 1183 1804 πέτρᾳ
1213 1735 1590 1807 οἰκοδομήσω
1640 1753 1761 1807 μου
1792 1735 1909 1804 τὴν
1963 1736 2092 1789 Ἐκ-

522 1817 807 1883 κλησίαν,
822 1817 919 1871 καί
932 1819 1117 1876 πύλαι
1133 1818 1280 1886 ᾅδου
1297 1822 1369 1875 οὐ
1386 1823 1867 1891 κατισχύσουσιν
1879 1818 2086 1888 αὐτῆς.

592 1923 658 1992 β’.
690 1924 751 1977 Εί
775 1925 1021 1989 ἀπιστεῖς
1032 1925 1110 1997 τῷ
1121 1927 1287 1999 λόγῳ,
1303 1929 1523 1983 πίστευε
1535 1932 1646 1993 τοῖς
1662 1929 1970 2001 πράγμασι.
1988 1927 2091 1981 [Ιὸ-

522 2022 604 2059 σοι
629 2005 878 2078 τύραννοι
899 2008 1167 2079 ἠθέλησαν
1197 2011 1577 2081 περιγενέσθαι
1598 2012 1698 2081 τῆς
1730 2011 2079 2082 Ἐκκλησίας;

520 2091 664 2144 πόσα
697 2092 940 2161 τήγανα;
970 2092 1124 2145 πόσοι
1185 2095 1427 2165 κάμινοι,
1469 2095 1672 2167 θηρίων
1700 2096 1931 2159 ὀδόντες,
1958 2094 2089 2168 ξίφη

520 2174 828 2244 ηγονημενα
853 2190 868 2239 ;
893 2176 985 2229 καὶ
1013 2175 1075 2228 οὐ
1105 2177 1500 2245 περιεγένοντο.
1524 2177 1634 2233 Ποῦ
1658 2180 1708 2231 οί
1746 2178 2089 2249 πολεμήσαν-

518 2272 643 2320 τες,
676 2256 993 2328 Σεσίγηνται
1041 2258 1137 2310 καὶ
1182 2258 1321 2331 λήθῃ
1362 2260 1768 2333 παραδέδονται.
1818 2262 1926 2313 Ποῦ
1964 2261 2020 2314 δὲ
2053 2263 2087 2334 ἡ

532 2337 859 2407 Ἐκκλησία;
903 2338 1072 2409 Ὑπὲρ
1098 2339 1189 2393 τὸν
1237 2342 1389 2411 ἣλιον
1448 2342 1671 2413 λάμπει.
1728 2343 1812 2397 Τά
1865 2344 2087 2398 ἐκείνων

518 2419 792 2485 ἔσϐεσται,
827 2419 896 2473 τά
929 2421 1132 2491 ταύτης
1161 2422 1425 2479 ἀθάνατα.
1481 2425 1545 2478 Εί
1573 2427 1662 2479 ὅτε
1705 2424 1875 2494 ὀλίγοι
1924 2422 2085 2497 ἦσαν,

515 2501 617 2555 οὐκ
636 2501 985 2573 ἐνικήθησαν,
1013 2504 1104 2557 ὅτε
1135 2507 1169 2575 ἡ
1194 2506 1486 2578 οίκουμένη
1520 2507 1765 2579 ἐπλήσθη
1781 2510 2085 2576 εὐσεϐείας,

516 2584 635 2649 πῶς
664 2586 885 2656 νικῆσαι
918 2586 1174 2654 δύνασαι;
1235 2592 1279 2642 0
1305 2590 1561 2657 οὐρανὸς
1599 2592 1699 2645 καί
1742 2593 1780 2659 ἠ
1822 2592 1898 2661 γῆ
1933 2592 2085 2665 [416]

512 2670 1009 2735 παρελεύσονται,
1026 2672 1079 2723 οἱ
1099 2669 1169 2723 δὲ
1194 2674 1364 2740 ,πότοι
1388 2689 1507 2743 μου
1523 2672 1687 2742 υὺμὴ
1717 2675 2079 2743 παρέλθωσι.

512 2751 624 2833 Καί
663 2751 810 2821 μάλα
839 2752 1085 2817 εἰκότως·
1118 2754 1466 2825 ποθεινοτέρα
1486 2756 1592 2827 γὰρ
1625 2758 1659 2828 η
1685 2757 1975 2829 Ἐκκλησία
2004 2759 2081 2833 τῷ

512 2830 632 2903 Θεῷ
677 2834 772 2887 τοῦ
830 2833 1081 2905 οὐρανοῦ.
1118 2836 1361 2906 Οὐρανοῦ
1422 2837 1581 2907 σῶμα
1632 2838 1731 2892 οὐκ
1790 2830 2081 2906 ἀνέλαϐεν,

523 2916 850 2987 Ἐκκλησίας
870 2918 926 2970 δέ
956 2918 1136 2990 σάρκα
1170 2918 1413 2973 ἀνέλαϐε·
1440 2919 1529 2973 διά
1554 2922 1653 2990 τὴν
1703 2923 2023 2993 Ἐκκλησίαν
2052 2926 2081 2977 ὀ

510 2999 758 3069 οὐρανὸς,
775 3002 836 3053 οὐ
861 3001 949 3055 διά
965 3001 1057 3055 τὸν
1083 3002 1311 3074 οὐρανὸν
1327 3005 1361 3074 η
1396 3004 1709 3074 Ἐκκλησία.
1734 3007 1912 3077 Μηδὲν
1939 3009 2081 3077 ὑμᾶς

513 3081 809 3154 θορυϐείτω
861 3084 969 3138 τῶν
1011 3086 1336 3155 γενομένων.
1389 3086 1558 3140 Τοῦτό
1613 3104 1702 3159 μοι
1761 3090 2080 3161 χαρίσασθε,

512 3168 696 3221 πίστιν
718 3167 1132 3240 ἀπερίτρεπτον.
1159 3167 1275 3225 Οὐκ
1303 3169 1470 3224 εῖδετε
1489 3171 1583 3223 τὸν
1614 3171 1819 3243 Πέτρον
1853 3189 2082 3245 περιπα-

509 3252 708 3306 τοῦντα
729 3254 821 3307 ἐπὶ
844 3253 952 3307 τῶν
983 3252 1211 3319 ὑδάτων,
1248 3254 1340 3309 καὶ
1387 3255 1566 3323 ὀλίγον
1598 3255 1948 3325 διστάσαντα,
1986 3260 2081 3312 καὶ

513 3334 774 3405 μέλλοντα
802 3333 1310 3401 καταποντίζεσθαι,
1349 3337 1409 3390 οὐ
1442 3338 1530 3391 διά
1574 3339 1672 3411 τὴν
1715 3342 1948 3395 ἄτακτον
1973 3342 2081 3395 τῶν

511 3418 718 3471 ὑδάτων
744 3420 938 3489 ὁρμὴν,
963 3418 1100 3473 ἀλλά
1120 3420 1207 3473 διά
1233 3419 1331 3491 τὴν
1360 3419 1645 3475 ἀσθένειαν
1684 3423 1783 3492 τῆς
1815 3424 2077 3490 πίστεωςς

509 3500 603 3571 Μὴ
628 3500 735 3572 7&9
765 3502 1131 3570 ἀνθρωπίναις
1175 3503 1375 3573 ψήφοις
1425 3502 1659 3558 ἐνταῦθα
1704 3505 1969 3577 ἠλθομεν;
2004 3507 2083 3579 μὴ

509 3586 618 3656 7&9
665 3585 947 3654 ἄνθρωπος
996 3585 1239 3655 ἤγαγεν,
1287 3588 1375 3641 ἶνα
1429 3587 1714 3659 ἄνθρωπος
1771 3591 2079 3664 καταλύσω

509 3668 697 3721 Ταῦτα
722 3668 865 3739 λέγω
890 3670 990 3723 οὐκ
1013 3671 1430 3742 ἀπονοούμενος,
1453 3672 1527 3743 μὴ
1548 3673 1776 3739 γένοιτο,
1797 3675 1917 3728 οὐδὲ
1946 3676 2082 3731 ἀλα-

510 3754 881 3824 ζονευόμενος,
910 3752 1047 3807 ἀλλά
1087 3754 1147 3806 τὸ
1189 3756 1343 3826 ὑμῶν
1396 3757 1794 3828 σεσαλευμένον
1830 3756 2081 3828 στηρίξαι

510 3839 853 3909 βουλόμενος.
881 3840 1098 3912 Ἐπειδὴ
1128 3840 1262 3915 ἐστη
1293 3844 1327 3913 ὴ
1355 3842 1529 3910 πόλις,
1563 3843 1888 3914 Ἐκκλησίαν
1908 3848 1936 3898 ὁ
1962 3845 2079 3899 διά-

510 3921 663 3985 ϐολος
692 3922 924 3993 ⁴ίλθέλησε
965 3923 1243 3978 σαλεῦσαι.
1288 3927 1467 3997 Μιαρέ
1513 3928 1606 3979 καὶ
1637 3928 1926 3997 παμμίαρε
1968 3930 2082 3982 διά-

509 4005 655 4070 ϐολε,
680 4006 872 4076 τοίχων
901 4008 961 4060 οὐ
988 4010 1329 4081 περιεγένου,
1375 4009 1469 4064 καὶ
1505 4011 1827 4082 Ἐκκλησίαν
1856 4014 2082 4084 προσδο-

506 4090 610 4161 κᾷς
644 4089 941 4156 σαλεῦσαι;
966 4092 1055 4160 Μὴ
1079 4090 1187 4162 γὰρ
1227 4094 1573 4164 ἐν.τοίχοιςή
1615 4094 1943 4164 Ἐκκλησία;
1991 4098 2081 4151 Ἐν

503 4172 583 4241 τῷ
612 4172 807 4243 πλήθει
853 4174 959 4226 τῶν
1000 4175 1207 4227 πιστῶν
1258 4178 1293 4247 η
1351 4175 1669 4249 Ἐκκλησία.
1732 4178 1862 4232 Ἰδοὺ
1923 4181 2077 4234 πόσοι

504 4253 688 4307 στῦλοι
737 4256 977 4329 ἑδραῖοι,
1020 4257 1081 4309 οὐ
1128 4257 1334 4329 σιδήρῳ
1371 4258 1662 4332 δεδεμένοι,
1708 4261 1845 4314 ἀλλά
1898 4263 2079 4319 πίστει

502 4340 845 4411 ἐσφιγμένοι.
905 4344 979 4395 Οὐ
1033 4340 1176 4410 λέγω
1211 4344 1293 4396 ὅτι
1341 4343 1593 4397 τοσοῦτον
1648 4345 1851 4415 πλῆθος
1907 4347 2078 4418 πυρὸς

504 4423 883 4494 σφοδρότερον·
917 4423 1031 4476 ἀλλ’
1060 4424 1206 4489 οὗτε,
1236 4428 1284 4479 εί
1338 4422 1420 4489 είς
1461 4423 1551 4497 ῆν,
1586 4429 1926 4501 περιεγένου.
1968 4430 2080 4484 Καὶ

502 4505 689 4571 οἶδας,
730 4504 820 4561 οἷά
877 4524 959 4560 σοι
1011 4510 1305 4580 τραύματα
1360 4511 1632 4581 παρέσχον
1677 4514 1726 4565 οί
1778 4512 2075 4581 μάρτυρες.

502 4589 739 4660 Είσῆλθε
773 4589 1035 4654 πολλάκις
1073 4592 1208 4662 κόρη
1239 4592 1423 4664 ἁπαλὴ
1470 4593 1867 4665 ἀπειρόγαμος·
1904 4592 2077 4665 κηροῦ

499 4669 571 4743 ῆν
594 4672 943 4745 ἁπαλωτέρα,
981 4674 1076 4727 καὶ
1108 4675 1315 4747 πέτρας
1345 4676 1559 4746 ἐγένετο
1586 4692 1675 4728 στε
1686 4680 1944 4750 ρεωτέρα.
1967 4677 2009 4729 Τ
2012 4679 2078 4743 ἀς

502 4758 743 4827 πλευράς
770 4759 940 4831 αὐτῆς
973 4759 1139 4826 ἔξεες,
1175 4762 1270 4813 καὶ
1301 4758 1400 4833 τὴν
1426 4759 1607 4815 πίστιν
1636 4759 1808 4830 αὐτῆς
1834 4762 1933 4814 οὐκ
1957 4762 2079 4816 ἐλα-

501 4845 615 4905 ϐες.
667 4844 925 4916 Ἠτόνησε
950 4846 1047 4916 τῆς
1081 4845 1281 4915 σαρκὸς
1333 4848 1367 4918 ἡ
1397 4846 1578 4919 φύσις,
1602 4848 1697 4901 καὶ
1739 4848 1839 4901 οὐκ
1868 4850 2077 4921 ἀπηγο-

504 4925 674 4998 ρεύθη
712 4927 809 4998 τῆς
830 4928 1064 4991 πίστεως
1096 4930 1130 4998 ἡ
1164 4928 1412 4999 δύναμις·
1454 4930 1761 4985 ἐδαπανᾶτο
1790 4933 1849 4985 τὸ
1884 4933 2073 5003 σῶμα,

501 5010 839 5064 ἐνεανιεύετο
863 5013 925 5064 τὸ
956 5013 1233 5085 φρόνημα·
1262 5014 1585 5086 ἀνηλίσκετο
1621 5015 1679 5069 δὲ
1708 5017 1743 5089 ἡ
1768 5015 1947 5081 οὐσία,
1978 5018 2074 5071 καὶ

502 5096 695 5165 ἔμενεν
722 5096 758 5167 ἡ
788 5095 1066 5149 εὐλάϐεια.
1098 5097 1358 5162 Γυναικός
1380 5101 1440 5152 οὐ
1464 5102 1779 5172 περιεγένου
1807 5104 1957 5173 μιᾶς,
1979 5104 2075 5156 καὶ

498 5180 752 5232 τοσούτου
775 5181 1157 5253 περιγενέσθαι
1174 5182 1345 5255 δήμου
1366 5186 1699 5259 προσδοκᾷςς
1721 5190 1832 5244 Οὐκ
1854 5191 2075 5256 ἀκούεις

499 5262 595 5317 τοῦ
623 5262 825 5334 Κυρίοφ
850 5264 1119 5334 λέγοντος,
1151 5267 1335 5321 Ὅπου
1364 5267 1481 5323 δύο·
1500 5271 1539 5340 ἣ
1571 5272 1729 5339 τρεῖς
1762 5276 1881 5327 εἱσι
1920 5292 2075 5329 συν.

498 5347 745 5415 ηγμένοι
802 5352 889 5415 είς
935 5351 1003 5404 τὸ
1052 5352 1241 5421 ὄνομα
1291 5371 1433 5423 μου,
1482 5355 1607 5409 ἐκεῖ
1648 5360 1767 5427 είμι
1798 5360 1867 5412 ὲν
1899 5360 2070 5429 μέσῳ

501 5429 736 5496 αὑτῶν;
777 5433 953 5486 Ὅπου
999 5434 1251 5498 τοσοῦτος
1288 5437 1461 5509 δῆμος
1496 5440 1681 5514 ἀγάπῃ
1723 5444 2069 5514 ἐσφιγμένος,

502 5520 566 5608 οὐ
592 5520 891 5608 πάρεστιν;
928 5522 1075 5592 ’Ἐχω
1104 5523 1269 5595 αὑτοῦ
1302 5526 1579 5599 ἐνέχυρον·
1632 5532 1707 5603 μὴ
1754 5532 1863 5606 γάρ
1900 5537 2075 5608 οίκεία

501 5604 729 5691 δυνάμει
755 5605 1370 5682 θαρρὦΓραμματεῖον
1410 5612 1574 5669 αὐτοῦ
1607 5604 1845 5691 κατέχω.
1867 5604 2075 5678 Ἐκεῖνό

508 5705 597 5761 μοι
625 5690 912 5766 βακτηρία,
938 5697 1113 5754 ἐκεῖνό
1152 5716 1242 5771 μοι
1272 5700 1562 5773 ἀσφάλεια,
1587 5690 1761 5763 ἐκεῖνό
1797 5725 1886 5780 μοι
1909 5710 2073 5783 λιμὴν

1124 310 1135 320 ·
1234 280 1292 336 S.
1327 279 1611 340 JOANNIS
1645 284 2128 344 CHRYSOSTOMI
2168 287 2486 344 ARCHIEP.
2527 288 3072 348 CONSTANTINOP.

3675 302 3795 361 430.

2213 421 2545 491 ἀκύμαντος.
2580 421 2701 476 Κάν
2726 422 2759 491 ἡ
2786 420 3079 490 οίκουμένη
3104 420 3459 490 ταράττηται,
3497 418 3559 472 τὸ
3589 435 3775 491 790:9.-

2209 506 2430 573 ματεῖον
2476 504 2722 573 κατέχω·
2778 501 2925 571 αὑτῷ
2955 501 3028 570 (f.
3059 501 3229 569 αὐτὸ)
3278 500 3635 570 ἀναγινώσκω
3655 518 3669 532 ·
3708 502 3778 554 τά

2208 584 2509 655 γράμματα
2537 586 2723 639 ἐκεῖνα
2758 586 2934 653 τεῖχος
2990 583 3112 652 ἐμοὶ
3164 583 3258 636 καὶ
3302 582 3591 650 ἀσφάλεια.
3640 584 3779 636 Ποῖα

2205 666 2410 731 ταύτας
2448 667 2595 736 Ἐγὼ
2636 666 2765 735 μεθ⁹
2809 664 2975 734 ὑμῶν
3014 668 3128 733 ειμι
3161 663 3362 731 πάσας
3406 665 3513 730 τὰς
3550 663 3779 732 ἡμέρας

2202 747 2315 815 ἕως
2345 748 2456 815 τῆς
2483 748 2839 813 συντελείας
2856 746 2961 801 τοῦ
2980 746 3213 812 αίῶνος.
3232 748 3462 818 Χριστὸς
3480 746 3597 817 μετ’
3614 746 3777 818 ἐμοῦ,

2204 830 2301 884 καὶ
2330 831 2451 884 τίνα
2477 830 2888 901 φοϐηθήσομαις
2930 828 3048 882 Κάν
3087 828 3306 898 κύματα
3348 831 3470 883 κατ’
3500 828 3636 898 ἀμοῦ
3667 830 3771 881 διε·

2205 913 2476 984 γείρηται,
2513 913 2617 967 κᾶν
2647 911 2881 981 πελάγη,
2934 910 3036 964 κᾶν
3090 911 3364 983 ἀρχόντων
3418 911 3601 982 θυμοί·
3652 914 3776 983 ἐμοὶ

2201 994 2377 1051 ταῦτα
2410 997 2586 1049 πάντα
2617 995 2859 1066 ἀράχνης
2912 994 3286 1065 εὐτελέστερα.
3335 996 3445 1047 Καὶ
3490 996 3540 1047 εί
3586 994 3663 1065 μὴ
3686 995 3778 1048 διὰ

2201 1078 2299 1147 τὴν
2327 1078 2600 1149 ὑμετέραν
2625 1080 2865 1145 ἀγάπην,
2882 1076 3003 1129 οὐδὲ
3025 1078 3262 1146 σήμερον
3286 1076 3350 1129 ἂν
3368 1077 3778 1148 παρῃτησάμην

2197 1160 2475 1214 ἀπελθεῖν.
2522 1162 2633 1213 Ἀεὶ
2681 1159 2789 1230 7&9
2820 1157 2979 1226 λέγω,
3023 1160 3219 1225 Κύριε,
3271 1158 3336 1212 τὸ
3386 1157 3502 1212 σὸν
3544 1157 3779 1228 θέλημα

2196 1242 2484 1310 γενέσθω·
2514 1242 2588 1313 μὴ
2620 1243 2648 1295 ὀ
2682 1259 2735 1295 τι
2759 1244 2789 1295 ὀ
2816 1241 2983 1306 δεῖνα,
3025 1242 3118 1293 καὶ
3147 1244 3176 1292 ὀ
3213 1241 3381 1303 δεῖνα,
3407 1240 3520 1293 ἀλλ’
3547 1240 3601 1294 ετ
3625 1258 3681 1294 τι
3708 1243 3775 1295 σύ

2200 1322 2398 1393 βούλει.
2421 1318 2597 1387 Οὗτος
2625 1325 2747 1393 ἐμοὶ
2773 1324 3001 1396 πύργος,
3032 1322 3191 1375 τοῦτο
3214 1322 3336 1392 ἐμοὶ
3364 1322 3540 1391 πέτρα
3574 1321 3775 1395 ἀκίνη-

2194 1421 2309 1469 τος·
2342 1406 2501 1460 τοῦτο
2534 1408 2657 1477 ἐμοὶ
2686 1406 2955 1477 βακτηρία
2979 1406 3397 1475 ἀπερίτρεπτος.
3432 1404 3495 1457 EE
3522 1403 3775 1474 βούλεται

2194 1488 2223 1541 ὀ
2252 1488 2385 1552 Θεὸς
2404 1488 2563 1542 τοῦτο
2585 1489 2858 1558 γενέσθαι,
2890 1487 3140 1557 γινέσθω.
3172 1487 3235 1539 Εί
3270 1486 3515 1556 βούλεται
3538 1485 3776 1543 ἐνταῦθα

2194 1567 2333 1627 εἷναί
2364 1589 2455 1641 με,
2487 1574 2648 1643 χάριν
2674 1571 2801 1642 ἔχω.
2829 1572 3003 1625 Ὅπου
3040 1569 3304 1641 βούλεται,
3333 1568 3664 1641 εὐχαριστῶ.

2263 1662 2334 1723 γ’.
2368 1655 2576 1724 Μηδεὶς
2597 1656 2739 1725 ὑμᾶς
2761 1652 3078 1723 θορυϐείτω·
3114 1655 3233 1717 ταῖς
3248 1653 3434 1723 εὐχαῖς
3453 1653 3771 1723 προσέχετε.

2194 1737 2381 1791 Ταῦτα
2402 1737 2655 1807 ἐποίησεν
2686 1738 2714 1788 ὀ
2752 1734 3018 1801 διάϐολος,
3052 1736 3140 1789 ἴνα
3171 1735 3378 1806 ἐκκόψῃ
3405 1736 3504 1806 τὴν
3530 1735 3773 1806 σπουδὴν

2191 1821 2289 1892 τὴν
2309 1822 2436 1892 περὶ
2463 1820 2561 1885 τὰς
2586 1819 2875 1883 λιτανείας.
2906 1819 3044 1873 Ἀλλ’
3061 1821 3123 1873 οὑ
3155 1822 3431 1891 προχωρεὶ
3451 1818 3619 1889 αὐτῷ·
3637 1818 3776 1873 ἀλλά

2193 1906 2636 1976 σπουδαιοτέρους
2654 1905 2797 1975 ὑμᾶς
2814 1906 2905 1957 καὶ
2923 1903 3282 1975 θερμοτέρους
3304 1905 3364 1955 εὐ
3376 1903 3643 1972 ρήκαμεν.
3662 1901 3772 1954 Αὑ-

2196 2008 2306 2059 ριον
2338 1986 2486 2062 [417]
2521 1990 2601 2051 εἰς
2645 1986 2907 2040 λιτανεῖον
2948 1986 3299 2053 ἐξελεύσομαι
3341 1986 3461 2055 μεθ’
3485 1983 3663 2054 ὑμῶν.
3700 1985 3775 2037 Ἦ

2190 2074 2323 2126 ὅπου
2361 2084 2388 2113 ι
2424 2070 2555 2139 ἐγὼ,
2592 2064 2686 2123 καὶ
2710 2071 2867 2139 ὑμεῖς
2887 2069 3035 2121 ἐκεῖ·
3069 2069 3203 2122 ὅπου
3236 2069 3413 2138 ὑμεῖς,
3444 2069 3559 2120 ἐκεῖ
3579 2066 3733 2136 κάγώ
3754 2083 3768 2096 ·

2190 2156 2248 2207 ἒν
2276 2156 2437 2226 σῶμά
2476 2157 2676 2225 ἐσμεν·
2709 2154 2769 2205 οὐ
2803 2152 2964 2222 σῶμα
3007 2151 3270 2220 κεφαλῆς,
3302 2152 3363 2205 οὐ
3398 2150 3613 2221 κεφαλὴ
3666 2150 3774 2203 σώ-

2192 2254 2359 2307 ματος
2405 2236 2717 2309 χωρίζεται.
2750 2232 3111 2305 Διειργόμεθα
3152 2232 3231 2302 τῷ
3262 2231 3435 2302 τόπῳ,
3467 2232 3583 2286 ἀλλ’
3632 2233 3773 2303 ἠνώ-

2194 2323 2332 2393 μεθα
2372 2324 2440 2391 τῇ
2486 2319 2708 2389 ἀγάπῃ·
2737 2318 2859 2371 οὐδέ
2897 2317 3127 2378 θάνατος
3170 2314 3425 2383 διακόψαι
3456 2314 3768 2385 δυνήσεται.

2188 2407 2308 2461 Κᾶν
2353 2406 2460 2475 γὰρ
2513 2403 2757 2473 ἀποθάνῃ
2795 2419 2896 2472 μου
2936 2400 2998 2453 τὸ
3046 2399 3229 2471 σῶμα,
3278 2398 3343 2469 ζῇ
3376 2400 3410 2467 ἡ
3453 2398 3635 2471 ψυχὴ,
3677 2398 3772 2452 καὶ

2192 2488 2462 2557 μέμνηται
2482 2484 2574 2537 τοῦ
2596 2484 2767 2555 δήμου
2788 2499 2801 2513 ·
2833 2481 2989 2551 ὑμεῖς
3021 2480 3145 2550 ἐμοὶ
3176 2479 3437 2553 πατέρες·
3470 2480 3588 2541 πῶς
3618 2482 3773 2550 ὑμῶν

2185 2571 2419 2640 δύναμαι
2470 2565 2848 2631 ἐπιλαθέσθαι;
2897 2565 3056 2633 ὑμεῖς
3106 2564 3230 2632 ἐμοὶ
3287 2563 3553 2634 πατέρες,
3612 2564 3771 2633 ὑμεῖς

2185 2654 2310 2723 ἐμοὶ
2347 2653 2482 2723 ζωὴ,
2510 2652 2667 2722 ὑμεῖς
2696 2649 2816 2718 ἐμοὶ
2861 2646 3232 2717 εὐδοκίμησις.
3269 2646 3395 2699 Ἐὰν
3434 2648 3593 2717 ὑμεῖς
3633 2664 3769 2717 προ-

2186 2736 2411 2806 κόψητε,
2451 2734 2562 2803 ἐγὼ
2595 2731 2886 2803 εὐδοκιμῶ·
2919 2731 3058 2784 ὥστε
3098 2731 3222 2799 ἐμοὶ
3271 2729 3385 2799 ζωὴ
3436 2728 3669 2795 πλοῦτος
3711 2733 3773 2787 ἑν

2183 2817 2263 2888 τῷ
2296 2816 2545 2888 ὑμετέρῳ
2598 2818 2770 2868 κεῖται
2815 2811 3092 2884 θησαυρῷ.
3130 2810 3271 2881 Ἐγὼ
3326 2812 3589 2883 μυριάκις
3621 2814 3771 2885 ὑπὲρ

2185 2900 2339 2971 ὑμῶν
2364 2899 2638 2969 σφαγῆναι
2663 2897 2875 2969 ἕτοιμος
2902 2895 3017 2963 (καὶ
3039 2894 3295 2965 οὐδεμίαν
3323 2895 3483 2966 χάριν
3516 2896 3767 2967 παρέχω,

2183 2983 2322 3040 ἀλλά
2357 2983 2452 3038 καὶ
2478 2981 2699 3052 ὀφειλὴν
2737 2979 3071 3049 ἀποδίδωμι·
3116 2978 3169 3030 '0
3202 2979 3310 3049 7&9
3349 2978 3575 3047 ποιμὴν
3603 2981 3637 3031 ό
3666 2995 3772 3031 κα-

2184 3067 2296 3133 λὸς
2325 3065 2443 3134 τὴν
2466 3066 2680 3133 ψυχὴν
2718 3061 2905 3116 αὑτοῦ
2937 3062 3177 3128 τίθησιν
3213 3060 3367 3128 ὑπὲρ
3400 3060 3519 3114 τῶν
3548 3060 3771 3129 προϐά-

2185 3147 2347 3217 τῶν),
2379 3148 2472 3203 καὶ
2513 3148 2787 3215 σφαγῆναι
2822 3144 3103 3215 μυριάκις,
3143 3145 3239 3199 καὶ
3274 3145 3475 3216 μυρίας
3522 3144 3770 3213 κεφαλάς

2185 3229 2589 3300 ἀποτμηθῆναι.
2628 3228 2781 3297 Ἐμοὶ
2812 3228 2841 3280 ὀ
2870 3225 3096 3288 θάνατος
3118 3218 3275 3289 οὗτος
3312 3227 3611 3291 ἀθανασίας
3644 3227 3772 3281 ὑπό-

2185 3313 2354 3376 θεσις,
2397 3311 2522 3381 ἐμοὶ
2563 3311 2618 3363 αί
2659 3307 2941 3362 ἐπιϐουλαῖ⁵
2973 3302 3133 3361 αὗται
3175 3308 3474 3377 ἀσφαλείας
3512 3310 3765 3380 ἀφορμή.

2185 3381 2277 3467 Μὴ
2314 3394 2421 3465 γὰρ
2448 3394 2537 3446 διά
2582 3394 2840 3463 χρήματα
2884 3389 3328 3462 ἐπιϐουλεύομαι,
3362 3392 3452 3445 ἵνα
3498 3391 3766 3463 λυπηθῶ;

2188 3479 2266 3550 μὴ
2288 3478 2395 3548 7&9
2421 3476 2488 3539 δι’
2512 3476 2733 3547 ἀμαρτή
2743 3491 2910 3545 ματα,
2939 3473 3029 3526 ῐνα
3053 3472 3311 3543 ἀλγήσω;
3336 3473 3436 3527 Διά
3466 3473 3559 3528 τὸν
3588 3474 3770 3547 ἔρωτα

2181 3560 2274 3613 τὸν
2309 3559 2435 3630 περὶ
2469 3558 2643 3627 ὑμᾶς·
2686 3556 2873 3627 ἐπειδὴ
2926 3555 3105 3614 πάντα
3156 3555 3314 3619 ποιῶ,
3346 3555 3486 3608 ὥστε
3520 3556 3667 3627 ὑμᾶς
3709 3558 3769 3609 ἐν

2184 3642 2459 3713 ἀσφαλείᾳ
2494 3643 2693 3712 μεῖναι,
2727 3638 2864 3693 ὥστε
2900 3637 3104 3709 μηδένα
3145 3638 3522 3707 παρεισελθεῖν
3550 3641 3616 3709 τῇ
3648 3655 3771 3695 ποι-

2192 3745 2322 3799 μνη,
2347 3726 2488 3779 ὥστε
2520 3729 2699 3796 μεῖναι
2735 3724 2992 3794 ἀκέραιον
3018 3723 3078 3777 τὸ
3108 3723 3375 3794 ποίμνιον.
3413 3725 3477 3776 Ἢ
3509 3724 3767 3781 ὑπόθεσις

2183 3810 2293 3863 τῶν
2324 3808 2548 3877 ἀγώνων
2586 3809 2747 3877 ἀρκεῖ
2787 3822 2877 3875 μοι
2906 3807 2984 3867 είς
3020 3805 3301 3873 στέφανον.
3330 3806 3395 3858 Τί
3427 3805 3537 3877 γάρ
3564 3805 3632 3860 ἂν
3662 3807 3768 3860 πά-

2188 3894 2335 3961 θοιμι
2365 3892 2503 3961 ὑπὲρ
2548 3892 2735 3961 ὑμῶν;
2777 3890 2965 3959 Ὑμεῖς
3010 3890 3132 3959 ἐμοὶ
3170 3889 3406 3954 πολῖται,
3440 3891 3601 3959 ὑμεῖς
3640 3890 3770 3960 ἐμοὶ

2186 3978 2440 4046 πατέρες,
2468 3976 2624 4043 ὑμεῖς
2648 3972 2770 4043 ἐμοὶ
2795 3972 3031 4040 ἀδελφοὶ,
3055 3972 3212 4042 ὑμεῖς
3240 3972 3364 4043 ἐμοὶ
3393 3973 3578 4039 τέκνα,
3603 3973 3768 4043 ὑμεῖς

2185 4060 2309 4128 ἐμοὶ⁴
2343 4057 2498 4127 μέλη,
2525 4057 2679 4126 ὑμεῖς
2705 4054 2829 4123 ἐμοὶ
2860 4053 3040 4125 σῶμα,
3068 4054 3225 4124 ὑμεῖς
3246 4055 3369 4125 ἐμοὶ
3394 4055 3530 4123 φῶς,
3566 4054 3769 4125 μᾶλλον

2182 4142 2241 4195 δὲ
2264 4142 2358 4193 καὶ
2383 4138 2477 4193 τοῦ
2503 4138 2679 4208 φωτὸς
2705 4135 2895 4191 τούτου
2920 4136 3263 4208 γλυκύτεροι.
3294 4138 3359 4190 Τί
3388 4136 3498 4209 γὰρ
3523 4136 3768 4190 τοιοῦτον

2183 4223 2411 4294 παρέχει
2452 4240 2540 4291 μοι
2569 4223 2602 4291 η
2650 4220 2894 4273 ἀκτῖναδ
2933 4214 3043 4271 οἷον
3077 4222 3110 4289 ἡ
3148 4219 3389 4289 ὑμετέρα
3438 4220 3661 4293 ἀγάπης
3703 4221 3767 4275 'll

2182 4308 2378 4360 ἀκτῖνα
2409 4307 2466 4356 ἐν
2492 4302 2571 4373 τῷ
2607 4302 2837 4371 παρόντι
2878 4318 2945 4371 με
2980 4301 3079 4371 βίῳ
3112 4300 3331 4368 ὠφελεῖ,
3362 4304 3394 4371 ή
3435 4302 3493 4354 δὲ
3523 4303 3770 4374 ὑμετέρα

2182 4388 2373 4456 ἀγάπη
2403 4385 2790 4453 στέφανόν-μοι
2829 4382 3018 4437 πλέκει
3062 4386 3120 4436 ἐν
3158 4381 3237 4453 τῷ
3282 4384 3545 4455 μέλλοντι.
3580 4383 3769 4438 Ταῦτα

2182 4469 2239 4523 δὲ
2269 4469 2411 4537 λέγω
2451 4469 2530 4530 είς
2560 4461 2674 4519 ὦτα
2720 4464 3057 4519 ἀκουόντων·
3094 4464 3146 4521 τί
3174 4464 3231 4518 δέ
3261 4456 3370 4518 τῶν
3404 4464 3556 4519 ὢτων
3610 4466 3767 4536 ὑμῶν

2184 4550 2681 4621 ἀκουστικώτερονς
2736 4548 3017 4611 Τοσαύτας
3074 4548 3285 4619 ἡμέρας
3343 4549 3767 4620 ἠγρυπνήσατε,

2188 4638 2283 4689 καὶ
2317 4635 2470 4689 οὐδὲν
2508 4634 2653 4703 ὑμᾶς
2710 4631 2974 4702 ἔκαμψεν,
3023 4631 3083 4684 οὐ
3132 4632 3327 4701 χρόνου
3367 4632 3542 4703 μῆκος
3593 4632 3767 4703 μαλα-

2184 4720 2458 4789 κωτέρους
2506 4719 2649 4789 ὑμᾶς
2699 4716 2973 4786 ἐποίησεν,
3019 4716 3081 4768 οὐ
3122 4714 3313 4784 φόϐοι,
3362 4717 3461 4769 οὐκ
3506 4718 3761 4771 ἀπειλαί·

2184 4804 2324 4874 πρὸς
2365 4802 2542 4854 πάντα
2570 4799 2821 4869 ἐγένεσθε
2865 4801 3122 4867 γενναῖοι.
3162 4799 3271 4852 Καὶ
3294 4800 3347 4853 τί
3382 4799 3543 4869 λέγω,
3584 4802 3768 4870 ἐγένε-

2185 4886 2309 4952 σθε;
2338 4885 2507 4937 Τοῦτο
2534 4884 2669 4955 ὅπερ
2695 4881 3002 4953 ἐπεθύμουν
3037 4882 3145 4943 ἀεὶ.
3180 4885 3627 4958 κατεφρονήσατε
3654 4885 3765 4939 τῶν

2182 4966 2450 5038 βιωτικῶν
2501 4966 2863 5037 πραγμάτων,
2898 4964 3240 5029 ἀπετάξασθε
3281 4968 3347 5037 τῇ
3390 4969 3498 5036 γῇ,
3542 4968 3623 5030 είς
3670 4968 3766 5023 τὸν

2178 5052 2731 5125 οὐρανὸν.μετέστητε
2750 5068 2762 5079 ·
2790 5048 3145 5122 ἀπηλλάγητε
3184 5049 3291 5103 τῶν
3324 5048 3637 5119 συνδέσμων
3662 5053 3761 5105 τοῦ

2181 5136 2468 5206 σώματος,
2523 5135 2660 5205 πρὸς
2714 5132 2811 5204 τὴν
2852 5134 3129 5205 μακαρίαν
3186 5133 3403 5205 ἐκείνην
3464 5134 3764 5204 ἀμιλλᾶσθε

2178 5220 2514 5293 φιλοσοφίαν.
2546 5220 2729 5273 Ταῦτα
2763 5220 2886 5289 ἐμοὶ
2921 5218 3204 5287 στέφανοι,
3253 5218 3427 5271 ταῦτα
3475 5220 3767 5291 παράκλη-

2178 5323 2281 5371 σις,
2325 5303 2497 5359 ταῦτα
2537 5302 2877 5375 παραμυθία,
2921 5301 3095 5358 ταῦτα
3134 5302 3258 5375 ἐμοὶ
3289 5301 3553 5372 ἄλειμμα,
3590 5301 3763 5357 ταῦτα

2179 5388 2316 5458 ζωὴ,
2340 5385 2514 5440 ταῦτα
2552 5384 2847 5448 ἀθανασίας
2882 5384 3159 5447 ὑπόθεσις.

2241 5532 2267 5561 ιι
2290 5528 2575 5592 Legendum
2611 5528 2807 5579 videtur
2829 5528 2911 5577 καὶ
2934 5527 3073 5587 ὅπου,
3100 5531 3248 5587 atque
3272 5526 3339 5574 ita
3359 5524 3487 5587 legit
3507 5530 3648 5575 vetus
3683 5524 3760 5573 lc-

2178 5598 2567 5705 “ipsiis'amm.
2592 5655 2671 5706 Sic
2690 5653 2740 5705 in
2763 5649 3063 5705 nominativo
3084 5652 3307 5703 dicerent
3330 5649 3487 5703 Graeci
3509 5648 3739 5699 hodierni

2176 5718 2306 5772 Enn.
