  <div class='ocr_page' id='page_1' title='image "/cluster/home/n/w/nwhite01/storage/ocr_20150623/52/ien.35556001660794/054.png"; bbox 0 0 4046 6428; ppageno 0'>
   <div class='ocr_carea' id='block_1_1' title="bbox 231 349 335 407">
    <p class='ocr_par' dir='ltr' id='par_1_1' title="bbox 231 349 335 407">
     <span class='ocr_line' id='line_1_1' title="bbox 231 349 335 407; baseline 0.019 -2"><span class='ocrx_word' id='word_1_1' title='bbox 231 349 335 407; x_wconf 67' lang='lat'><strong>(.29</strong></span> 
     </span>
    </p>
   </div>
   <div class='ocr_carea' id='block_1_2' title="bbox 230 429 1830 525">
    <p class='ocr_par' dir='ltr' id='par_1_2' title="bbox 230 429 1830 525">
     <span class='ocr_line' id='line_1_2' title="bbox 230 429 1830 525; baseline -0.019 -14"><span class='ocrx_word' id='word_1_2' title='bbox 230 459 499 512; x_wconf 82' lang='lat' dir='ltr'><strong>catcitrare</strong></span> <span class='ocrx_word' id='word_1_3' title='bbox 526 453 676 525; x_wconf 80' lang='lat' dir='ltr'><strong>(Act.</strong></span> <span class='ocrx_word' id='word_1_4' title='bbox 707 450 762 504; x_wconf 87' lang='lat'><strong>9.</strong></span> <span class='ocrx_word' id='word_1_5' title='bbox 787 450 820 505; x_wconf 79' lang='lat'><strong>5</strong></span> <span class='ocrx_word' id='word_1_6' title='bbox 841 450 884 518; x_wconf 93' lang='lat'><strong>).</strong></span> <span class='ocrx_word' id='word_1_7' title='bbox 934 445 1048 501; x_wconf 77' lang='lat' dir='ltr'><strong>Non</strong></span> <span class='ocrx_word' id='word_1_8' title='bbox 1094 440 1360 497; x_wconf 91' lang='lat' dir='ltr'><strong>obtundes</strong></span> <span class='ocrx_word' id='word_1_9' title='bbox 1401 433 1649 490; x_wconf 83' lang='lat' dir='ltr'><strong>stimulos</strong></span> <span class='ocrx_word' id='word_1_10' title='bbox 1673 472 1688 495; x_wconf 92' lang='lat'><strong>,</strong></span> <span class='ocrx_word' id='word_1_11' title='bbox 1722 429 1830 483; x_wconf 87' lang='lat' dir='ltr'><strong>imo</strong></span> 
     </span>
    </p>
   </div>
   <div class='ocr_carea' id='block_1_3' title="bbox 236 526 1828 617">
    <p class='ocr_par' dir='ltr' id='par_1_3' title="bbox 236 526 1828 617">
     <span class='ocr_line' id='line_1_3' title="bbox 236 526 1828 617; baseline -0.018 -16"><span class='ocrx_word' id='word_1_12' title='bbox 236 546 490 617; x_wconf 72' lang='lat' dir='ltr'><strong>sanguine</strong></span> <span class='ocrx_word' id='word_1_13' title='bbox 517 542 680 613; x_wconf 86' lang='lat' dir='ltr'><strong>pedes</strong></span> <span class='ocrx_word' id='word_1_14' title='bbox 706 539 912 596; x_wconf 87' lang='lat' dir='ltr'><strong>inﬁcies</strong></span> <span class='ocrx_word' id='word_1_15' title='bbox 952 554 966 588; x_wconf 92' lang='lat'><strong>:</strong></span> <span class='ocrx_word' id='word_1_16' title='bbox 1011 528 1446 603; x_wconf 85' lang='lat' dir='ltr'><strong>quandoquidem</strong></span> <span class='ocrx_word' id='word_1_17' title='bbox 1486 526 1828 617; x_wconf 48' lang='lat' dir='ltr'><strong>ﬂuctus-non</strong></span> 
     </span>
    </p>
   </div>
   <div class='ocr_carea' id='block_1_4' title="bbox 237 609 1832 707">
    <p class='ocr_par' dir='ltr' id='par_1_4' title="bbox 237 609 1832 707">
     <span class='ocr_line' id='line_1_4' title="bbox 237 609 1832 707; baseline -0.02 -14"><span class='ocrx_word' id='word_1_18' title='bbox 237 609 442 707; x_wconf 60' lang='lat' dir='ltr'><strong>petram</strong></span> <span class='ocrx_word' id='word_1_19' title='bbox 474 609 775 690; x_wconf 85' lang='lat' dir='ltr'><strong>dissolvunt</strong></span> <span class='ocrx_word' id='word_1_20' title='bbox 799 673 814 697; x_wconf 94' lang='lat'><strong>,</strong></span> <span class='ocrx_word' id='word_1_21' title='bbox 843 627 938 683; x_wconf 89' lang='lat' dir='ltr'><strong>sed</strong></span> <span class='ocrx_word' id='word_1_22' title='bbox 965 625 1064 697; x_wconf 86' lang='lat' dir='ltr'><strong>ipsi</strong></span> <span class='ocrx_word' id='word_1_23' title='bbox 1093 624 1144 678; x_wconf 89' lang='lat' dir='ltr'><strong>in</strong></span> <span class='ocrx_word' id='word_1_24' title='bbox 1173 633 1418 693; x_wconf 87' lang='lat' dir='ltr'><strong>spumam</strong></span> <span class='ocrx_word' id='word_1_25' title='bbox 1446 617 1664 672; x_wconf 76' lang='lat' dir='ltr'><strong>abeunt.</strong></span> <span class='ocrx_word' id='word_1_26' title='bbox 1687 609 1832 707; x_wconf 80' lang='lat' dir='ltr'><strong>Nihil</strong></span> 
     </span>
    </p>
   </div>
   <div class='ocr_carea' id='block_1_5' title="bbox 237 703 1833 798">
    <p class='ocr_par' dir='ltr' id='par_1_5' title="bbox 237 703 1833 798">
     <span class='ocr_line' id='line_1_5' title="bbox 237 703 1833 798; baseline -0.019 -13"><span class='ocrx_word' id='word_1_27' title='bbox 237 703 474 784; x_wconf 82' lang='lat' dir='ltr'><strong>Ecclesia</strong></span> <span class='ocrx_word' id='word_1_28' title='bbox 499 726 768 798; x_wconf 88' lang='lat' dir='ltr'><strong>potentius</strong></span> <span class='ocrx_word' id='word_1_29' title='bbox 792 763 806 788; x_wconf 92' lang='lat'><strong>,</strong></span> <span class='ocrx_word' id='word_1_30' title='bbox 835 736 870 776; x_wconf 93' lang='lat' dir='ltr'><strong>o</strong></span> <span class='ocrx_word' id='word_1_31' title='bbox 891 721 1071 774; x_wconf 88' lang='lat' dir='ltr'><strong>homo.</strong></span> <span class='ocrx_word' id='word_1_32' title='bbox 1104 716 1312 771; x_wconf 85' lang='lat' dir='ltr'><strong>Bellum</strong></span> <span class='ocrx_word' id='word_1_33' title='bbox 1341 711 1493 767; x_wconf 87' lang='lat' dir='ltr'><strong>solve</strong></span> <span class='ocrx_word' id='word_1_34' title='bbox 1522 749 1536 772; x_wconf 90' lang='lat'><strong>,</strong></span> <span class='ocrx_word' id='word_1_35' title='bbox 1564 721 1633 762; x_wconf 90' lang='lat' dir='ltr'><strong>ne</strong></span> <span class='ocrx_word' id='word_1_36' title='bbox 1669 703 1833 758; x_wconf 91' lang='lat' dir='ltr'><strong>robur</strong></span> 
     </span>
    </p>
   </div>
   <div class='ocr_carea' id='block_1_6' title="bbox 235 794 1832 880">
    <p class='ocr_par' dir='ltr' id='par_1_6' title="bbox 235 794 1832 880">
     <span class='ocr_line' id='line_1_6' title="bbox 235 794 1832 880; baseline -0.018 -6"><span class='ocrx_word' id='word_1_37' title='bbox 235 794 703 880; x_wconf 35' lang='lat' dir='ltr'><strong>dissolvas&#39;tuum;</strong></span> <span class='ocrx_word' id='word_1_38' title='bbox 735 828 801 868; x_wconf 90' lang='lat' dir='ltr'><strong>ne</strong></span> <span class='ocrx_word' id='word_1_39' title='bbox 841 810 1040 867; x_wconf 89' lang='lat' dir='ltr'><strong>inferas</strong></span> <span class='ocrx_word' id='word_1_40' title='bbox 1085 807 1218 863; x_wconf 66' lang='lat' dir='ltr'><strong>cmlo</strong></span> <span class='ocrx_word' id='word_1_41' title='bbox 1265 804 1483 859; x_wconf 85' lang='lat' dir='ltr'><strong>bellum.</strong></span> <span class='ocrx_word' id='word_1_42' title='bbox 1525 799 1582 854; x_wconf 93' lang='lat' dir='ltr'><strong>Si</strong></span> <span class='ocrx_word' id='word_1_43' title='bbox 1625 794 1832 850; x_wconf 83' lang='lat' dir='ltr'><strong>homini</strong></span> 
     </span>
    </p>
   </div>
   <div class='ocr_carea' id='block_1_7' title="bbox 235 885 1833 970">
    <p class='ocr_par' dir='ltr' id='par_1_7' title="bbox 235 885 1833 970">
     <span class='ocr_line' id='line_1_7' title="bbox 235 885 1833 970; baseline -0.016 -8"><span class='ocrx_word' id='word_1_44' title='bbox 235 908 432 962; x_wconf 83' lang='lat' dir='ltr'><strong>bellum</strong></span> <span class='ocrx_word' id='word_1_45' title='bbox 462 906 660 961; x_wconf 91' lang='lat' dir='ltr'><strong>inferas</strong></span> <span class='ocrx_word' id='word_1_46' title='bbox 685 946 700 970; x_wconf 92' lang='lat'><strong>,</strong></span> <span class='ocrx_word' id='word_1_47' title='bbox 728 910 821 957; x_wconf 91' lang='lat' dir='ltr'><strong>aut</strong></span> <span class='ocrx_word' id='word_1_48' title='bbox 848 903 1028 956; x_wconf 86' lang='lat' dir='ltr'><strong>vinces</strong></span> <span class='ocrx_word' id='word_1_49' title='bbox 1054 941 1069 965; x_wconf 91' lang='lat'><strong>,</strong></span> <span class='ocrx_word' id='word_1_50' title='bbox 1099 907 1191 950; x_wconf 90' lang='lat' dir='ltr'><strong>aut</strong></span> <span class='ocrx_word' id='word_1_51' title='bbox 1216 891 1557 965; x_wconf 82' lang='lat' dir='ltr'><strong>superaberis</strong></span> <span class='ocrx_word' id='word_1_52' title='bbox 1601 906 1615 942; x_wconf 95' lang='lat'><strong>:</strong></span> <span class='ocrx_word' id='word_1_53' title='bbox 1655 887 1702 941; x_wconf 87' lang='lat' dir='ltr'><strong>si</strong></span> <span class='ocrx_word' id='word_1_54' title='bbox 1728 885 1833 939; x_wconf 86' lang='lat' dir='ltr'><strong>Ec-</strong></span> 
     </span>
    </p>
   </div>
   <div class='ocr_carea' id='block_1_8' title="bbox 235 978 1833 1067">
    <p class='ocr_par' dir='ltr' id='par_1_8' title="bbox 235 978 1833 1067">
     <span class='ocr_line' id='line_1_8' title="bbox 235 978 1833 1067; baseline -0.014 -14"><span class='ocrx_word' id='word_1_55' title='bbox 235 999 454 1054; x_wconf 86' lang='lat' dir='ltr'><strong>clesiam</strong></span> <span class='ocrx_word' id='word_1_56' title='bbox 487 1012 762 1067; x_wconf 75' lang='lat' dir='ltr'><strong>oppugnes</strong></span> <span class='ocrx_word' id='word_1_57' title='bbox 786 1035 802 1061; x_wconf 91' lang='lat'><strong>,</strong></span> <span class='ocrx_word' id='word_1_58' title='bbox 831 996 1046 1049; x_wconf 81' lang='lat' dir='ltr'><strong>vincere</strong></span> <span class='ocrx_word' id='word_1_59' title='bbox 1069 989 1260 1058; x_wconf 87' lang='lat' dir='ltr'><strong>nequis</strong></span> <span class='ocrx_word' id='word_1_60' title='bbox 1349 983 1598 1040; x_wconf 89' lang='lat' dir='ltr'><strong>omnibus</strong></span> <span class='ocrx_word' id='word_1_61' title='bbox 1636 978 1833 1050; x_wconf 89' lang='lat' dir='ltr'><strong>quippe</strong></span> 
     </span>
    </p>
   </div>
   <div class='ocr_carea' id='block_1_9' title="bbox 237 1071 1835 1146">
    <p class='ocr_par' dir='ltr' id='par_1_9' title="bbox 237 1071 1835 1146">
     <span class='ocr_line' id='line_1_9' title="bbox 237 1071 1835 1146; baseline -0.016 0"><span class='ocrx_word' id='word_1_62' title='bbox 237 1091 430 1146; x_wconf 86' lang='lat' dir='ltr'><strong>fortior</strong></span> <span class='ocrx_word' id='word_1_63' title='bbox 447 1099 532 1145; x_wconf 88' lang='lat' dir='ltr'><strong>est</strong></span> <span class='ocrx_word' id='word_1_64' title='bbox 549 1090 706 1144; x_wconf 84' lang='lat' dir='ltr'><strong>Deus.</strong></span> <span class='ocrx_word' id='word_1_65' title='bbox 735 1089 814 1141; x_wconf 80' lang='lat' dir='ltr'><strong>An</strong></span> <span class='ocrx_word' id='word_1_66' title='bbox 836 1086 1140 1142; x_wconf 63' lang='lat' dir='ltr'><strong>animamur</strong></span> <span class='ocrx_word' id='word_1_67' title='bbox 1167 1078 1440 1136; x_wconf 69' lang='lat' dir='ltr'><strong>Dominum</strong></span> <span class='ocrx_word' id='word_1_68' title='bbox 1463 1075 1486 1130; x_wconf 71' lang='grc'>2</span> <span class='ocrx_word' id='word_1_69' title='bbox 1511 1091 1576 1127; x_wconf 86' lang='lat' dir='ltr'><strong>an</strong></span> <span class='ocrx_word' id='word_1_70' title='bbox 1600 1071 1835 1141; x_wconf 72' lang='lat' dir='ltr'><strong>fortiores</strong></span> 
     </span>
    </p>
   </div>
   <div class='ocr_carea' id='block_1_10' title="bbox 234 1160 1833 1250">
    <p class='ocr_par' dir='ltr' id='par_1_10' title="bbox 234 1160 1833 1250">
     <span class='ocr_line' id='line_1_10' title="bbox 234 1160 1833 1250; baseline -0.013 -16"><span class='ocrx_word' id='word_1_71' title='bbox 234 1181 328 1235; x_wconf 80' lang='lat' dir='ltr'><strong>illa</strong></span> <span class='ocrx_word' id='word_1_72' title='bbox 352 1197 525 1236; x_wconf 75' lang='lat' dir='ltr'><strong>sumus</strong></span> <span class='ocrx_word' id='word_1_73' title='bbox 551 1181 644 1250; x_wconf 87' lang='grc'><strong>(1.</strong></span> <span class='ocrx_word' id='word_1_74' title='bbox 676 1177 806 1232; x_wconf 84' lang='lat' dir='ltr'><strong>Cor.</strong></span> <span class='ocrx_word' id='word_1_75' title='bbox 835 1176 922 1231; x_wconf 91' lang='grc'><strong>10.</strong></span> <span class='ocrx_word' id='word_1_76' title='bbox 950 1175 1020 1228; x_wconf 73' lang='lat'><strong>29.</strong></span> <span class='ocrx_word' id='word_1_77' title='bbox 1042 1174 1085 1244; x_wconf 84' lang='lat'><strong>)?</strong></span> <span class='ocrx_word' id='word_1_78' title='bbox 1123 1173 1264 1227; x_wconf 89' lang='lat' dir='ltr'><strong>Deus</strong></span> <span class='ocrx_word' id='word_1_79' title='bbox 1306 1168 1420 1222; x_wconf 81' lang='lat' dir='ltr'><strong>ﬁxit</strong></span> <span class='ocrx_word' id='word_1_80' title='bbox 1466 1173 1520 1221; x_wconf 84' lang='lat' dir='ltr'><strong>et</strong></span> <span class='ocrx_word' id='word_1_81' title='bbox 1561 1160 1792 1217; x_wconf 82' lang='lat' dir='ltr'><strong>firmavit</strong></span> <span class='ocrx_word' id='word_1_82' title='bbox 1816 1199 1833 1225; x_wconf 90' lang='lat'><strong>,</strong></span> 
     </span>
    </p>
   </div>
   <div class='ocr_carea' id='block_1_11' title="bbox 237 1251 1828 1341">
    <p class='ocr_par' dir='ltr' id='par_1_11' title="bbox 237 1251 1828 1341">
     <span class='ocr_line' id='line_1_11' title="bbox 237 1251 1828 1341; baseline -0.015 -15"><span class='ocrx_word' id='word_1_83' title='bbox 237 1272 359 1341; x_wconf 85' lang='lat' dir='ltr'><strong>quis</strong></span> <span class='ocrx_word' id='word_1_84' title='bbox 387 1280 675 1326; x_wconf 86' lang='lat' dir='ltr'><strong>concutere</strong></span> <span class='ocrx_word' id='word_1_85' title='bbox 703 1265 1027 1323; x_wconf 88' lang='lat' dir='ltr'><strong>tentaverit?</strong></span> <span class='ocrx_word' id='word_1_86' title='bbox 1054 1263 1166 1318; x_wconf 86' lang='lat' dir='ltr'><strong>Non</strong></span> <span class='ocrx_word' id='word_1_87' title='bbox 1207 1261 1347 1316; x_wconf 86' lang='lat' dir='ltr'><strong>nosti</strong></span> <span class='ocrx_word' id='word_1_88' title='bbox 1385 1257 1638 1311; x_wconf 88' lang='lat' dir='ltr'><strong>virtutem</strong></span> <span class='ocrx_word' id='word_1_89' title='bbox 1687 1251 1828 1319; x_wconf 90' lang='lat' dir='ltr'><strong>ejus.</strong></span> 
     </span>
    </p>
   </div>
   <div class='ocr_carea' id='block_1_12' title="bbox 235 1339 1829 1432">
    <p class='ocr_par' dir='ltr' id='par_1_12' title="bbox 235 1339 1829 1432">
     <span class='ocr_line' id='line_1_12' title="bbox 235 1339 1829 1432; baseline -0.014 -15"><span class='ocrx_word' id='word_1_90' title='bbox 235 1339 465 1432; x_wconf 55' lang='lat' dir='ltr'><strong>Respicit</strong></span> <span class='ocrx_word' id='word_1_91' title='bbox 495 1370 677 1415; x_wconf 77' lang='lat' dir='ltr'><strong>terram</strong></span> <span class='ocrx_word' id='word_1_92' title='bbox 702 1400 717 1425; x_wconf 88' lang='lat'><strong>,</strong></span> <span class='ocrx_word' id='word_1_93' title='bbox 741 1367 787 1413; x_wconf 88' lang='lat' dir='ltr'><strong>et</strong></span> <span class='ocrx_word' id='word_1_94' title='bbox 809 1359 930 1428; x_wconf 73' lang='lat' dir='ltr'><strong>facit</strong></span> <span class='ocrx_word' id='word_1_95' title='bbox 951 1372 1062 1410; x_wconf 86' lang='lat' dir='ltr'><strong>eam</strong></span> <span class='ocrx_word' id='word_1_96' title='bbox 1088 1363 1295 1407; x_wconf 84' lang='lat' dir='ltr'><strong>tremere</strong></span> <span class='ocrx_word' id='word_1_97' title='bbox 1318 1349 1337 1421; x_wconf 95' lang='lat'>(</span> <span class='ocrx_word' id='word_1_98' title='bbox 1365 1347 1503 1402; x_wconf 83' lang='lat' dir='ltr'><strong>Psal.</strong></span> <span class='ocrx_word' id='word_1_99' title='bbox 1534 1344 1655 1399; x_wconf 78' lang='grc'><strong>105.</strong></span> <span class='ocrx_word' id='word_1_100' title='bbox 1679 1341 1750 1396; x_wconf 72' lang='grc'>52</span> 
     </span>
    </p>
   </div>
   <div class='ocr_carea' id='block_1_13' title="bbox 232 1429 1837 1522">
    <p class='ocr_par' dir='ltr' id='par_1_13' title="bbox 232 1429 1837 1522">
     <span class='ocr_line' id='line_1_13' title="bbox 232 1429 1837 1522; baseline -0.016 -14"><span class='ocrx_word' id='word_1_101' title='bbox 232 1429 427 1522; x_wconf 78' lang='lat' dir='ltr'><strong>jubet,</strong></span> <span class='ocrx_word' id='word_1_102' title='bbox 477 1461 533 1507; x_wconf 93' lang='lat' dir='ltr'><strong>et</strong></span> <span class='ocrx_word' id='word_1_103' title='bbox 581 1467 700 1520; x_wconf 79' lang='lat' dir='ltr'><strong>qua:</strong></span> <span class='ocrx_word' id='word_1_104' title='bbox 744 1445 1184 1503; x_wconf 79' lang='lat' dir='ltr'><strong>concutiebantur</strong></span> <span class='ocrx_word' id='word_1_105' title='bbox 1223 1443 1374 1495; x_wconf 85' lang='lat' dir='ltr'><strong>firma</strong></span> <span class='ocrx_word' id='word_1_106' title='bbox 1418 1437 1733 1493; x_wconf 88' lang='lat' dir='ltr'><strong>consistunt.</strong></span> <span class='ocrx_word' id='word_1_107' title='bbox 1780 1429 1837 1485; x_wconf 90' lang='lat' dir='ltr'><strong>Si</strong></span> 
     </span>
    </p>
   </div>
   <div class='ocr_carea' id='block_1_14' title="bbox 232 1527 1826 1610">
    <p class='ocr_par' dir='ltr' id='par_1_14' title="bbox 232 1527 1826 1610">
     <span class='ocr_line' id='line_1_14' title="bbox 232 1527 1826 1610; baseline -0.014 -10"><span class='ocrx_word' id='word_1_108' title='bbox 232 1563 553 1604; x_wconf 83' lang='lat' dir='ltr'><strong>concussam</strong></span> <span class='ocrx_word' id='word_1_109' title='bbox 585 1548 770 1602; x_wconf 85' lang='lat' dir='ltr'><strong>urbem</strong></span> <span class='ocrx_word' id='word_1_110' title='bbox 802 1543 1032 1598; x_wconf 87' lang='lat' dir='ltr'><strong>ﬁrmavit</strong></span> <span class='ocrx_word' id='word_1_111' title='bbox 1053 1583 1068 1607; x_wconf 97' lang='lat'><strong>,</strong></span> <span class='ocrx_word' id='word_1_112' title='bbox 1099 1549 1298 1610; x_wconf 86' lang='lat' dir='ltr'><strong>quanto</strong></span> <span class='ocrx_word' id='word_1_113' title='bbox 1332 1534 1500 1604; x_wconf 84' lang='lat' dir='ltr'><strong>magis</strong></span> <span class='ocrx_word' id='word_1_114' title='bbox 1535 1527 1826 1586; x_wconf 89' lang='lat' dir='ltr'><strong>Ecclesiam</strong></span> 
     </span>
    </p>
   </div>
   <div class='ocr_carea' id='block_1_15' title="bbox 229 1617 1839 1710">
    <p class='ocr_par' dir='ltr' id='par_1_15' title="bbox 229 1617 1839 1710">
     <span class='ocr_line' id='line_1_15' title="bbox 229 1617 1839 1710; baseline -0.014 -17"><span class='ocrx_word' id='word_1_115' title='bbox 229 1639 453 1695; x_wconf 82' lang='lat' dir='ltr'><strong>firmare</strong></span> <span class='ocrx_word' id='word_1_116' title='bbox 482 1638 719 1710; x_wconf 84' lang='lat' dir='ltr'><strong>poterit?</strong></span> <span class='ocrx_word' id='word_1_117' title='bbox 758 1635 997 1691; x_wconf 82' lang='lat' dir='ltr'><strong>Ecclesia</strong></span> <span class='ocrx_word' id='word_1_118' title='bbox 1033 1640 1118 1687; x_wconf 87' lang='lat' dir='ltr'><strong>est</strong></span> <span class='ocrx_word' id='word_1_119' title='bbox 1153 1633 1268 1700; x_wconf 92' lang='lat' dir='ltr'><strong>ipso</strong></span> <span class='ocrx_word' id='word_1_120' title='bbox 1307 1626 1439 1683; x_wconf 70' lang='lat' dir='ltr'><strong>czrlo</strong></span> <span class='ocrx_word' id='word_1_121' title='bbox 1480 1623 1664 1678; x_wconf 78' lang='lat' dir='ltr'><strong>fortior</strong></span> <span class='ocrx_word' id='word_1_122' title='bbox 1694 1635 1706 1672; x_wconf 88' lang='lat'><strong>:</strong></span> <span class='ocrx_word' id='word_1_123' title='bbox 1737 1617 1839 1671; x_wconf 75' lang='lat' dir='ltr'><strong>Ca:-</strong></span> 
     </span>
    </p>
   </div>
   <div class='ocr_carea' id='block_1_16' title="bbox 229 1719 1838 1792">
    <p class='ocr_par' dir='ltr' id='par_1_16' title="bbox 229 1719 1838 1792">
     <span class='ocr_line' id='line_1_16' title="bbox 229 1719 1838 1792; baseline -0.014 -7"><span class='ocrx_word' id='word_1_124' title='bbox 229 1731 336 1785; x_wconf 81' lang='lat' dir='ltr'><strong>lum</strong></span> <span class='ocrx_word' id='word_1_125' title='bbox 366 1740 414 1784; x_wconf 84' lang='lat' dir='ltr'><strong>et</strong></span> <span class='ocrx_word' id='word_1_126' title='bbox 439 1738 572 1784; x_wconf 84' lang='lat' dir='ltr'><strong>terra</strong></span> <span class='ocrx_word' id='word_1_127' title='bbox 603 1728 886 1782; x_wconf 80' lang='lat' dir='ltr'><strong>transibunt</strong></span> <span class='ocrx_word' id='word_1_128' title='bbox 912 1766 926 1792; x_wconf 91' lang='lat'><strong>,</strong></span> <span class='ocrx_word' id='word_1_129' title='bbox 958 1724 1106 1778; x_wconf 73' lang='lat' dir='ltr'><strong>verba</strong></span> <span class='ocrx_word' id='word_1_130' title='bbox 1147 1731 1313 1774; x_wconf 86' lang='lat' dir='ltr'><strong>autem</strong></span> <span class='ocrx_word' id='word_1_131' title='bbox 1357 1733 1470 1771; x_wconf 77' lang='lat' dir='ltr'><strong>utea</strong></span> <span class='ocrx_word' id='word_1_132' title='bbox 1508 1730 1610 1768; x_wconf 75' lang='lat' dir='ltr'><strong>non</strong></span> <span class='ocrx_word' id='word_1_133' title='bbox 1673 1719 1838 1763; x_wconf 80' lang='lat' dir='ltr'><strong>trans-</strong></span> 
     </span>
    </p>
   </div>
   <div class='ocr_carea' id='block_1_17' title="bbox 231 1802 1833 1893">
    <p class='ocr_par' dir='ltr' id='par_1_17' title="bbox 231 1802 1833 1893">
     <span class='ocr_line' id='line_1_17' title="bbox 231 1802 1833 1893; baseline -0.015 -17"><span class='ocrx_word' id='word_1_134' title='bbox 231 1823 379 1876; x_wconf 82' lang='lat' dir='ltr'><strong>ibunt</strong></span> <span class='ocrx_word' id='word_1_135' title='bbox 421 1823 440 1893; x_wconf 91' lang='lat'><strong>(</strong></span> <span class='ocrx_word' id='word_1_136' title='bbox 471 1820 660 1875; x_wconf 72' lang='lat' dir='ltr'><strong>Matth.</strong></span> <span class='ocrx_word' id='word_1_137' title='bbox 688 1819 781 1873; x_wconf 70' lang='grc'><strong>24.</strong></span> <span class='ocrx_word' id='word_1_138' title='bbox 812 1817 881 1872; x_wconf 76' lang='lat'><strong>55</strong></span> <span class='ocrx_word' id='word_1_139' title='bbox 909 1817 949 1887; x_wconf 94' lang='lat'><strong>).</strong></span> <span class='ocrx_word' id='word_1_140' title='bbox 981 1815 1111 1882; x_wconf 80' lang='lat' dir='ltr'><strong>Qua:</strong></span> <span class='ocrx_word' id='word_1_141' title='bbox 1141 1810 1345 1867; x_wconf 88' lang='lat' dir='ltr'><strong>verba?</strong></span> <span class='ocrx_word' id='word_1_142' title='bbox 1390 1807 1471 1862; x_wconf 83' lang='lat' dir='ltr'><strong>Tu</strong></span> <span class='ocrx_word' id='word_1_143' title='bbox 1516 1823 1569 1860; x_wconf 83' lang='lat' dir='ltr'><strong>es</strong></span> <span class='ocrx_word' id='word_1_144' title='bbox 1613 1802 1798 1856; x_wconf 79' lang='lat' dir='ltr'><strong>Petrus</strong></span> <span class='ocrx_word' id='word_1_145' title='bbox 1819 1841 1833 1866; x_wconf 91' lang='lat'><strong>,</strong></span> 
     </span>
    </p>
   </div>
   <div class='ocr_carea' id='block_1_18' title="bbox 227 1898 1834 1984">
    <p class='ocr_par' dir='ltr' id='par_1_18' title="bbox 227 1898 1834 1984">
     <span class='ocr_line' id='line_1_18' title="bbox 227 1898 1834 1984; baseline -0.016 -15"><span class='ocrx_word' id='word_1_146' title='bbox 227 1925 278 1969; x_wconf 88' lang='lat' dir='ltr'><strong>et</strong></span> <span class='ocrx_word' id='word_1_147' title='bbox 308 1931 456 1984; x_wconf 76' lang='lat' dir='ltr'><strong>super</strong></span> <span class='ocrx_word' id='word_1_148' title='bbox 483 1913 614 1966; x_wconf 87' lang='lat' dir='ltr'><strong>hanc</strong></span> <span class='ocrx_word' id='word_1_149' title='bbox 632 1927 796 1964; x_wconf 83' lang='lat' dir='ltr'><strong>meam</strong></span> <span class='ocrx_word' id='word_1_150' title='bbox 825 1918 1020 1978; x_wconf 82' lang='lat' dir='ltr'><strong>petram</strong></span> <span class='ocrx_word' id='word_1_151' title='bbox 1038 1905 1302 1974; x_wconf 64' lang='lat' dir='ltr'><strong>aediﬁcabo</strong></span> <span class='ocrx_word' id='word_1_152' title='bbox 1334 1898 1618 1954; x_wconf 78' lang='lat' dir='ltr'><strong>Ecclesium</strong></span> <span class='ocrx_word' id='word_1_153' title='bbox 1652 1909 1834 1972; x_wconf 84' lang='lat' dir='ltr'><strong>meam,</strong></span> 
     </span>
    </p>
   </div>
   <div class='ocr_carea' id='block_1_19' title="bbox 226 1983 1834 2075">
    <p class='ocr_par' dir='ltr' id='par_1_19' title="bbox 226 1983 1834 2075">
     <span class='ocr_line' id='line_1_19' title="bbox 226 1983 1834 2075; baseline -0.014 -17"><span class='ocrx_word' id='word_1_154' title='bbox 226 2016 276 2058; x_wconf 82' lang='lat' dir='ltr'><strong>et</strong></span> <span class='ocrx_word' id='word_1_155' title='bbox 293 1983 451 2075; x_wconf 73' lang='lat' dir='ltr'><strong>porta</strong></span> <span class='ocrx_word' id='word_1_156' title='bbox 466 2003 616 2074; x_wconf 76' lang='lat' dir='ltr'><strong>inferi</strong></span> <span class='ocrx_word' id='word_1_157' title='bbox 632 2018 732 2055; x_wconf 85' lang='lat' dir='ltr'><strong>non</strong></span> <span class='ocrx_word' id='word_1_158' title='bbox 744 1998 1083 2069; x_wconf 66' lang='lat' dir='ltr'><strong>pravatebunt</strong></span> <span class='ocrx_word' id='word_1_159' title='bbox 1104 1995 1343 2048; x_wconf 83' lang='lat' dir='ltr'><strong>adversus</strong></span> <span class='ocrx_word' id='word_1_160' title='bbox 1361 2007 1474 2046; x_wconf 86' lang='lat' dir='ltr'><strong>eam</strong></span> <span class='ocrx_word' id='word_1_161' title='bbox 1487 1987 1594 2060; x_wconf 83' lang='lat' dir='ltr'><strong>(Id.</strong></span> <span class='ocrx_word' id='word_1_162' title='bbox 1616 1985 1703 2062; x_wconf 65' lang='lat' dir='ltr'><strong>iii.</strong></span> <span class='ocrx_word' id='word_1_163' title='bbox 1723 1983 1834 2053; x_wconf 82' lang='grc'><strong>18).</strong></span> 
     </span>
    </p>
   </div>
   <div class='ocr_carea' id='block_1_20' title="bbox 302 2077 1835 2155">
    <p class='ocr_par' dir='ltr' id='par_1_20' title="bbox 302 2077 1835 2155">
     <span class='ocr_line' id='line_1_20' title="bbox 302 2077 1835 2155; baseline -0.013 -7"><span class='ocrx_word' id='word_1_164' title='bbox 302 2094 358 2149; x_wconf 76' lang='grc'><strong>2.</strong></span> <span class='ocrx_word' id='word_1_165' title='bbox 397 2093 456 2150; x_wconf 92' lang='lat' dir='ltr'><strong>Si</strong></span> <span class='ocrx_word' id='word_1_166' title='bbox 483 2109 587 2147; x_wconf 88' lang='lat' dir='ltr'><strong>non</strong></span> <span class='ocrx_word' id='word_1_167' title='bbox 619 2092 795 2150; x_wconf 87' lang='lat' dir='ltr'><strong>credis</strong></span> <span class='ocrx_word' id='word_1_168' title='bbox 823 2091 1012 2155; x_wconf 85' lang='lat' dir='ltr'><strong>verbo,</strong></span> <span class='ocrx_word' id='word_1_169' title='bbox 1042 2089 1202 2144; x_wconf 89' lang='lat' dir='ltr'><strong>rebus</strong></span> <span class='ocrx_word' id='word_1_170' title='bbox 1232 2085 1414 2140; x_wconf 87' lang='lat' dir='ltr'><strong>crede.</strong></span> <span class='ocrx_word' id='word_1_171' title='bbox 1456 2082 1596 2150; x_wconf 85' lang='lat' dir='ltr'><strong>Quot</strong></span> <span class='ocrx_word' id='word_1_172' title='bbox 1623 2077 1835 2149; x_wconf 82' lang='lat' dir='ltr'><strong>tyranni</strong></span> 
     </span>
    </p>
   </div>
   <div class='ocr_carea' id='block_1_21' title="bbox 230 2167 1832 2254">
    <p class='ocr_par' dir='ltr' id='par_1_21' title="bbox 230 2167 1832 2254">
     <span class='ocr_line' id='line_1_21' title="bbox 230 2167 1832 2254; baseline -0.014 -12"><span class='ocrx_word' id='word_1_173' title='bbox 230 2185 529 2241; x_wconf 84' lang='lat' dir='ltr'><strong>Ecclesiam</strong></span> <span class='ocrx_word' id='word_1_174' title='bbox 569 2183 875 2254; x_wconf 79' lang='lat' dir='ltr'><strong>Opprimere</strong></span> <span class='ocrx_word' id='word_1_175' title='bbox 915 2175 1296 2236; x_wconf 84' lang='lat' dir='ltr'><strong>tentaverunt&#39;!</strong></span> <span class='ocrx_word' id='word_1_176' title='bbox 1342 2184 1473 2245; x_wconf 92' lang='lat' dir='ltr'><strong>quot</strong></span> <span class='ocrx_word' id='word_1_177' title='bbox 1498 2167 1832 2240; x_wconf 73' lang='lat' dir='ltr'><strong>sartagines?</strong></span> 
     </span>
    </p>
   </div>
   <div class='ocr_carea' id='block_1_22' title="bbox 231 2263 1836 2348">
    <p class='ocr_par' dir='ltr' id='par_1_22' title="bbox 231 2263 1836 2348">
     <span class='ocr_line' id='line_1_22' title="bbox 231 2263 1836 2348; baseline -0.01 -17"><span class='ocrx_word' id='word_1_178' title='bbox 231 2287 365 2348; x_wconf 91' lang='lat' dir='ltr'><strong>quot</strong></span> <span class='ocrx_word' id='word_1_179' title='bbox 405 2277 674 2341; x_wconf 85' lang='lat' dir='ltr'><strong>fornaces,</strong></span> <span class='ocrx_word' id='word_1_180' title='bbox 699 2274 932 2330; x_wconf 89' lang='lat' dir='ltr'><strong>ferarum</strong></span> <span class='ocrx_word' id='word_1_181' title='bbox 961 2272 1169 2338; x_wconf 84' lang='lat' dir='ltr'><strong>dentes,</strong></span> <span class='ocrx_word' id='word_1_182' title='bbox 1195 2269 1360 2340; x_wconf 84' lang='lat' dir='ltr'><strong>gladii</strong></span> <span class='ocrx_word' id='word_1_183' title='bbox 1386 2267 1566 2322; x_wconf 88' lang='lat' dir='ltr'><strong>acuti?</strong></span> <span class='ocrx_word' id='word_1_184' title='bbox 1595 2263 1836 2333; x_wconf 84' lang='lat' dir='ltr'><strong>nihilque</strong></span> 
     </span>
    </p>
   </div>
   <div class='ocr_carea' id='block_1_23' title="bbox 230 2356 1832 2440">
    <p class='ocr_par' dir='ltr' id='par_1_23' title="bbox 230 2356 1832 2440">
     <span class='ocr_line' id='line_1_23' title="bbox 230 2356 1832 2440; baseline -0.01 -15"><span class='ocrx_word' id='word_1_185' title='bbox 230 2368 598 2440; x_wconf 88' lang='lat' dir='ltr'><strong>perfecerunt.</strong></span> <span class='ocrx_word' id='word_1_186' title='bbox 617 2367 850 2424; x_wconf 84' lang='lat' dir='ltr'><strong>Ubinam</strong></span> <span class='ocrx_word' id='word_1_187' title='bbox 873 2375 997 2422; x_wconf 90' lang='lat' dir='ltr'><strong>sunt</strong></span> <span class='ocrx_word' id='word_1_188' title='bbox 1017 2366 1198 2420; x_wconf 87' lang='lat' dir='ltr'><strong>hostes</strong></span> <span class='ocrx_word' id='word_1_189' title='bbox 1227 2363 1338 2418; x_wconf 84' lang='lat' dir='ltr'><strong>illi?</strong></span> <span class='ocrx_word' id='word_1_190' title='bbox 1364 2360 1588 2416; x_wconf 88' lang='lat' dir='ltr'><strong>Silentio</strong></span> <span class='ocrx_word' id='word_1_191' title='bbox 1614 2365 1669 2412; x_wconf 89' lang='lat' dir='ltr'><strong>et</strong></span> <span class='ocrx_word' id='word_1_192' title='bbox 1693 2356 1832 2412; x_wconf 87' lang='lat' dir='ltr'><strong>obli-</strong></span> 
     </span>
    </p>
   </div>
   <div class='ocr_carea' id='block_1_24' title="bbox 230 2444 1832 2519">
    <p class='ocr_par' dir='ltr' id='par_1_24' title="bbox 230 2444 1832 2519">
     <span class='ocr_line' id='line_1_24' title="bbox 230 2444 1832 2519; baseline -0.009 -6"><span class='ocrx_word' id='word_1_193' title='bbox 230 2461 376 2514; x_wconf 89' lang='lat' dir='ltr'><strong>vioni</strong></span> <span class='ocrx_word' id='word_1_194' title='bbox 405 2458 580 2514; x_wconf 87' lang='lat' dir='ltr'><strong>traditi</strong></span> <span class='ocrx_word' id='word_1_195' title='bbox 605 2467 748 2513; x_wconf 91' lang='lat' dir='ltr'><strong>sunt.</strong></span> <span class='ocrx_word' id='word_1_196' title='bbox 794 2457 1024 2513; x_wconf 86' lang='lat' dir='ltr'><strong>Ubinam</strong></span> <span class='ocrx_word' id='word_1_197' title='bbox 1072 2453 1352 2509; x_wconf 84' lang='lat' dir='ltr'><strong>Ecclesia?</strong></span> <span class='ocrx_word' id='word_1_198' title='bbox 1399 2452 1524 2506; x_wconf 86' lang='lat' dir='ltr'><strong>Plus</strong></span> <span class='ocrx_word' id='word_1_199' title='bbox 1552 2463 1712 2519; x_wconf 89' lang='lat' dir='ltr'><strong>quam</strong></span> <span class='ocrx_word' id='word_1_200' title='bbox 1752 2444 1832 2499; x_wconf 89' lang='lat' dir='ltr'><strong>sol</strong></span> 
     </span>
    </p>
   </div>
   <div class='ocr_carea' id='block_1_25' title="bbox 231 2544 1832 2618">
    <p class='ocr_par' dir='ltr' id='par_1_25' title="bbox 231 2544 1832 2618">
     <span class='ocr_line' id='line_1_25' title="bbox 231 2544 1832 2618; baseline -0.009 -14"><span class='ocrx_word' id='word_1_201' title='bbox 231 2548 580 2618; x_wconf 86' lang='lat' dir='ltr'><strong>splendescit.</strong></span> <span class='ocrx_word' id='word_1_202' title='bbox 626 2548 759 2615; x_wconf 65' lang='lat' dir='ltr'><strong>Quae</strong></span> <span class='ocrx_word' id='word_1_203' title='bbox 789 2546 1006 2601; x_wconf 87' lang='lat' dir='ltr'><strong>illorum</strong></span> <span class='ocrx_word' id='word_1_204' title='bbox 1047 2551 1202 2600; x_wconf 90' lang='lat' dir='ltr'><strong>erant</strong></span> <span class='ocrx_word' id='word_1_205' title='bbox 1231 2544 1495 2598; x_wconf 74' lang='lat' dir='ltr'><strong>exstincta</strong></span> <span class='ocrx_word' id='word_1_206' title='bbox 1538 2548 1682 2605; x_wconf 87' lang='lat' dir='ltr'><strong>sunt,</strong></span> <span class='ocrx_word' id='word_1_207' title='bbox 1709 2552 1832 2608; x_wconf 70' lang='lat' dir='ltr'><strong>quae</strong></span> 
     </span>
    </p>
   </div>
   <div class='ocr_carea' id='block_1_26' title="bbox 231 2630 1836 2709">
    <p class='ocr_par' dir='ltr' id='par_1_26' title="bbox 231 2630 1836 2709">
     <span class='ocr_line' id='line_1_26' title="bbox 231 2630 1836 2709; baseline -0.007 -15"><span class='ocrx_word' id='word_1_208' title='bbox 231 2641 300 2694; x_wconf 86' lang='lat' dir='ltr'><strong>ad</strong></span> <span class='ocrx_word' id='word_1_209' title='bbox 329 2640 474 2693; x_wconf 87' lang='lat' dir='ltr'><strong>illam</strong></span> <span class='ocrx_word' id='word_1_210' title='bbox 495 2647 739 2709; x_wconf 87' lang='lat' dir='ltr'><strong>spectant</strong></span> <span class='ocrx_word' id='word_1_211' title='bbox 764 2650 890 2692; x_wconf 90' lang='lat' dir='ltr'><strong>sunt</strong></span> <span class='ocrx_word' id='word_1_212' title='bbox 914 2636 1253 2691; x_wconf 88' lang='lat' dir='ltr'><strong>immortalia.</strong></span> <span class='ocrx_word' id='word_1_213' title='bbox 1275 2635 1330 2689; x_wconf 91' lang='lat' dir='ltr'><strong>Si</strong></span> <span class='ocrx_word' id='word_1_214' title='bbox 1352 2648 1474 2688; x_wconf 89' lang='lat' dir='ltr'><strong>cum</strong></span> <span class='ocrx_word' id='word_1_215' title='bbox 1499 2630 1654 2702; x_wconf 91' lang='lat' dir='ltr'><strong>pauci</strong></span> <span class='ocrx_word' id='word_1_216' title='bbox 1680 2636 1836 2684; x_wconf 85' lang='lat' dir='ltr'><strong>erant</strong></span> 
     </span>
    </p>
   </div>
   <div class='ocr_carea' id='block_1_27' title="bbox 233 2720 1833 2804">
    <p class='ocr_par' dir='ltr' id='par_1_27' title="bbox 233 2720 1833 2804">
     <span class='ocr_line' id='line_1_27' title="bbox 233 2720 1833 2804; baseline -0.006 -21"><span class='ocrx_word' id='word_1_217' title='bbox 233 2727 546 2792; x_wconf 87' lang='lat' dir='ltr'><strong>Christiani,</strong></span> <span class='ocrx_word' id='word_1_218' title='bbox 580 2743 687 2804; x_wconf 78' lang='lat' dir='ltr'><strong>non</strong></span> <span class='ocrx_word' id='word_1_219' title='bbox 712 2726 840 2783; x_wconf 89' lang='lat' dir='ltr'><strong>victi</strong></span> <span class='ocrx_word' id='word_1_220' title='bbox 867 2736 1010 2792; x_wconf 88' lang='lat' dir='ltr'><strong>sunt,</strong></span> <span class='ocrx_word' id='word_1_221' title='bbox 1047 2725 1261 2797; x_wconf 86' lang='lat' dir='ltr'><strong>quando</strong></span> <span class='ocrx_word' id='word_1_222' title='bbox 1291 2722 1438 2778; x_wconf 88' lang='lat' dir='ltr'><strong>orbis</strong></span> <span class='ocrx_word' id='word_1_223' title='bbox 1466 2730 1608 2776; x_wconf 91' lang='lat' dir='ltr'><strong>totus</strong></span> <span class='ocrx_word' id='word_1_224' title='bbox 1633 2720 1718 2790; x_wconf 90' lang='lat' dir='ltr'><strong>pia</strong></span> <span class='ocrx_word' id='word_1_225' title='bbox 1744 2734 1833 2774; x_wconf 79' lang='lat' dir='ltr'><strong>re-</strong></span> 
     </span>
    </p>
   </div>
   <div class='ocr_carea' id='block_1_28' title="bbox 235 2809 1834 2887">
    <p class='ocr_par' dir='ltr' id='par_1_28' title="bbox 235 2809 1834 2887">
     <span class='ocr_line' id='line_1_28' title="bbox 235 2809 1834 2887; baseline -0.005 -16"><span class='ocrx_word' id='word_1_226' title='bbox 235 2818 432 2887; x_wconf 81' lang='lat' dir='ltr'><strong>ligione</strong></span> <span class='ocrx_word' id='word_1_227' title='bbox 488 2818 677 2887; x_wconf 90' lang='lat' dir='ltr'><strong>plenus</strong></span> <span class='ocrx_word' id='word_1_228' title='bbox 724 2826 827 2882; x_wconf 87' lang='lat' dir='ltr'><strong>est,</strong></span> <span class='ocrx_word' id='word_1_229' title='bbox 870 2814 1142 2886; x_wconf 89' lang='lat' dir='ltr'><strong>quomodo</strong></span> <span class='ocrx_word' id='word_1_230' title='bbox 1190 2814 1310 2868; x_wconf 88' lang='lat' dir='ltr'><strong>illos</strong></span> <span class='ocrx_word' id='word_1_231' title='bbox 1354 2813 1570 2867; x_wconf 89' lang='lat' dir='ltr'><strong>vincere</strong></span> <span class='ocrx_word' id='word_1_232' title='bbox 1620 2809 1834 2880; x_wconf 84' lang='lat' dir='ltr'><strong>possis?</strong></span> 
     </span>
    </p>
   </div>
   <div class='ocr_carea' id='block_1_29' title="bbox 234 2905 1836 2973">
    <p class='ocr_par' dir='ltr' id='par_1_29' title="bbox 234 2905 1836 2973">
     <span class='ocr_line' id='line_1_29' title="bbox 234 2905 1836 2973; baseline -0.004 -11"><span class='ocrx_word' id='word_1_233' title='bbox 234 2910 430 2962; x_wconf 71' lang='lat' dir='ltr'><strong>Catum</strong></span> <span class='ocrx_word' id='word_1_234' title='bbox 461 2917 507 2962; x_wconf 90' lang='lat' dir='ltr'><strong>et</strong></span> <span class='ocrx_word' id='word_1_235' title='bbox 535 2918 672 2962; x_wconf 86' lang='lat' dir='ltr'><strong>terra</strong></span> <span class='ocrx_word' id='word_1_236' title='bbox 695 2907 1000 2973; x_wconf 78' lang='lat' dir='ltr'><strong>transibunt,</strong></span> <span class='ocrx_word' id='word_1_237' title='bbox 1030 2905 1179 2961; x_wconf 77' lang='lat' dir='ltr'><strong>verba</strong></span> <span class='ocrx_word' id='word_1_238' title='bbox 1212 2916 1380 2960; x_wconf 85' lang='lat' dir='ltr'><strong>autem</strong></span> <span class='ocrx_word' id='word_1_239' title='bbox 1406 2920 1518 2959; x_wconf 79' lang='lat' dir='ltr'><strong>utea</strong></span> <span class='ocrx_word' id='word_1_240' title='bbox 1537 2919 1638 2956; x_wconf 86' lang='lat' dir='ltr'><strong>non</strong></span> <span class='ocrx_word' id='word_1_241' title='bbox 1669 2911 1836 2956; x_wconf 76' lang='lat' dir='ltr'><strong>trans-</strong></span> 
     </span>
    </p>
   </div>
   <div class='ocr_carea' id='block_1_30' title="bbox 233 2994 1835 3071">
    <p class='ocr_par' dir='ltr' id='par_1_30' title="bbox 233 2994 1835 3071">
     <span class='ocr_line' id='line_1_30' title="bbox 233 2994 1835 3071; baseline -0.004 -18"><span class='ocrx_word' id='word_1_242' title='bbox 233 3001 376 3053; x_wconf 81' lang='lat' dir='ltr'><strong>ibunt</strong></span> <span class='ocrx_word' id='word_1_243' title='bbox 420 2998 555 3069; x_wconf 84' lang='lat' dir='ltr'><strong>(Id.</strong></span> <span class='ocrx_word' id='word_1_244' title='bbox 605 3000 695 3054; x_wconf 70' lang='grc'><strong>24.</strong></span> <span class='ocrx_word' id='word_1_245' title='bbox 743 2999 812 3055; x_wconf 75' lang='grc'>55</span> <span class='ocrx_word' id='word_1_246' title='bbox 840 2997 882 3071; x_wconf 92' lang='grc'><strong>).</strong></span> <span class='ocrx_word' id='word_1_247' title='bbox 934 2999 1001 3055; x_wconf 86' lang='lat' dir='ltr'><strong>Et</strong></span> <span class='ocrx_word' id='word_1_248' title='bbox 1041 3000 1166 3068; x_wconf 86' lang='lat' dir='ltr'><strong>jure</strong></span> <span class='ocrx_word' id='word_1_249' title='bbox 1211 2997 1426 3067; x_wconf 86' lang='lat' dir='ltr'><strong>quidem</strong></span> <span class='ocrx_word' id='word_1_250' title='bbox 1484 3012 1497 3048; x_wconf 90' lang='lat'><strong>:</strong></span> <span class='ocrx_word' id='word_1_251' title='bbox 1553 2994 1835 3049; x_wconf 86' lang='lat' dir='ltr'><strong>amabilior</strong></span> 
     </span>
    </p>
   </div>
   <div class='ocr_carea' id='block_1_31' title="bbox 233 3085 1834 3160">
    <p class='ocr_par' dir='ltr' id='par_1_31' title="bbox 233 3085 1834 3160">
     <span class='ocr_line' id='line_1_31' title="bbox 233 3085 1834 3160; baseline -0.004 -15"><span class='ocrx_word' id='word_1_252' title='bbox 233 3093 379 3145; x_wconf 86' lang='lat' dir='ltr'><strong>enim</strong></span> <span class='ocrx_word' id='word_1_253' title='bbox 430 3100 514 3146; x_wconf 88' lang='lat' dir='ltr'><strong>est</strong></span> <span class='ocrx_word' id='word_1_254' title='bbox 557 3090 798 3146; x_wconf 87' lang='lat' dir='ltr'><strong>Ecclesia</strong></span> <span class='ocrx_word' id='word_1_255' title='bbox 847 3090 981 3158; x_wconf 88' lang='lat' dir='ltr'><strong>Deo,</strong></span> <span class='ocrx_word' id='word_1_256' title='bbox 1023 3105 1183 3160; x_wconf 90' lang='lat' dir='ltr'><strong>quam</strong></span> <span class='ocrx_word' id='word_1_257' title='bbox 1227 3089 1416 3143; x_wconf 67' lang='lat' dir='ltr'><strong>caelum</strong></span> <span class='ocrx_word' id='word_1_258' title='bbox 1466 3087 1660 3155; x_wconf 92' lang='lat' dir='ltr'><strong>ipsum.</strong></span> <span class='ocrx_word' id='word_1_259' title='bbox 1705 3085 1834 3140; x_wconf 67' lang='grc' dir='ltr'><strong>(Ζωιί</strong></span> 
     </span>
    </p>
   </div>
   <div class='ocr_carea' id='block_1_32' title="bbox 234 3175 1832 3253">
    <p class='ocr_par' dir='ltr' id='par_1_32' title="bbox 234 3175 1832 3253">
     <span class='ocr_line' id='line_1_32' title="bbox 234 3175 1832 3253; baseline -0.004 -18"><span class='ocrx_word' id='word_1_260' title='bbox 234 3198 431 3253; x_wconf 89' lang='lat' dir='ltr'><strong>corpus</strong></span> <span class='ocrx_word' id='word_1_261' title='bbox 478 3198 584 3236; x_wconf 91' lang='lat' dir='ltr'><strong>non</strong></span> <span class='ocrx_word' id='word_1_262' title='bbox 627 3181 865 3252; x_wconf 88' lang='lat' dir='ltr'><strong>accepit,</strong></span> <span class='ocrx_word' id='word_1_263' title='bbox 910 3180 1004 3238; x_wconf 84' lang='lat' dir='ltr'><strong>sed</strong></span> <span class='ocrx_word' id='word_1_264' title='bbox 1043 3180 1300 3238; x_wconf 53' lang='lat' dir='ltr'><strong>Ecclesia:</strong></span> <span class='ocrx_word' id='word_1_265' title='bbox 1335 3193 1553 3232; x_wconf 90' lang='lat' dir='ltr'><strong>carnem</strong></span> <span class='ocrx_word' id='word_1_266' title='bbox 1597 3175 1832 3244; x_wconf 86' lang='lat' dir='ltr'><strong>accepit;</strong></span> 
     </span>
    </p>
   </div>
   <div class='ocr_carea' id='block_1_33' title="bbox 234 3265 1836 3344">
    <p class='ocr_par' dir='ltr' id='par_1_33' title="bbox 234 3265 1836 3344">
     <span class='ocr_line' id='line_1_33' title="bbox 234 3265 1836 3344; baseline -0.005 -18"><span class='ocrx_word' id='word_1_267' title='bbox 234 3281 457 3344; x_wconf 83' lang='lat' dir='ltr'><strong>propter</strong></span> <span class='ocrx_word' id='word_1_268' title='bbox 487 3273 776 3328; x_wconf 87' lang='lat' dir='ltr'><strong>Ecclesiam</strong></span> <span class='ocrx_word' id='word_1_269' title='bbox 808 3273 1019 3337; x_wconf 67' lang='lat' dir='ltr'><strong>cadum,</strong></span> <span class='ocrx_word' id='word_1_270' title='bbox 1049 3286 1155 3326; x_wconf 83' lang='lat' dir='ltr'><strong>non</strong></span> <span class='ocrx_word' id='word_1_271' title='bbox 1188 3277 1405 3339; x_wconf 82' lang='lat' dir='ltr'><strong>propter</strong></span> <span class='ocrx_word' id='word_1_272' title='bbox 1430 3268 1620 3322; x_wconf 85' lang='lat' dir='ltr'><strong>caelum</strong></span> <span class='ocrx_word' id='word_1_273' title='bbox 1646 3265 1836 3320; x_wconf 88' lang='lat' dir='ltr'><strong>Eccle-</strong></span> 
     </span>
    </p>
   </div>
   <div class='ocr_carea' id='block_1_34' title="bbox 235 3347 1835 3432">
    <p class='ocr_par' dir='ltr' id='par_1_34' title="bbox 235 3347 1835 3432">
     <span class='ocr_line' id='line_1_34' title="bbox 235 3347 1835 3432; baseline -0.006 -14"><span class='ocrx_word' id='word_1_274' title='bbox 235 3366 334 3418; x_wconf 86' lang='lat' dir='ltr'><strong>sia.</strong></span> <span class='ocrx_word' id='word_1_275' title='bbox 367 3363 446 3418; x_wconf 86' lang='lat' dir='ltr'><strong>Ne</strong></span> <span class='ocrx_word' id='word_1_276' title='bbox 473 3378 566 3418; x_wconf 90' lang='lat' dir='ltr'><strong>vos</strong></span> <span class='ocrx_word' id='word_1_277' title='bbox 591 3363 912 3417; x_wconf 85' lang='lat' dir='ltr'><strong>conturbent</strong></span> <span class='ocrx_word' id='word_1_278' title='bbox 931 3377 1018 3429; x_wconf 90' lang='lat' dir='ltr'><strong>ea,</strong></span> <span class='ocrx_word' id='word_1_279' title='bbox 1040 3347 1158 3432; x_wconf 77' lang='lat' dir='ltr'><strong>quae</strong></span> <span class='ocrx_word' id='word_1_280' title='bbox 1181 3359 1510 3416; x_wconf 87' lang='lat' dir='ltr'><strong>acciderunt.</strong></span> <span class='ocrx_word' id='word_1_281' title='bbox 1532 3357 1679 3412; x_wconf 85' lang='lat' dir='ltr'><strong>Hanc</strong></span> <span class='ocrx_word' id='word_1_282' title='bbox 1703 3356 1835 3410; x_wconf 88' lang='lat' dir='ltr'><strong>mihi</strong></span> 
     </span>
    </p>
   </div>
   <div class='ocr_carea' id='block_1_35' title="bbox 235 3447 1836 3525">
    <p class='ocr_par' dir='ltr' id='par_1_35' title="bbox 235 3447 1836 3525">
     <span class='ocr_line' id='line_1_35' title="bbox 235 3447 1836 3525; baseline -0.002 -18"><span class='ocrx_word' id='word_1_283' title='bbox 235 3456 460 3525; x_wconf 75' lang='lat' dir='ltr'><strong>gratiam</strong></span> <span class='ocrx_word' id='word_1_284' title='bbox 491 3454 798 3523; x_wconf 74' lang='lat' dir='ltr'><strong>przebeatis,</strong></span> <span class='ocrx_word' id='word_1_285' title='bbox 825 3453 1155 3509; x_wconf 87' lang='lat' dir='ltr'><strong>immobilem</strong></span> <span class='ocrx_word' id='word_1_286' title='bbox 1187 3451 1369 3506; x_wconf 87' lang='lat' dir='ltr'><strong>ﬁdem.</strong></span> <span class='ocrx_word' id='word_1_287' title='bbox 1402 3452 1599 3505; x_wconf 84' lang='lat' dir='ltr'><strong>Annon</strong></span> <span class='ocrx_word' id='word_1_288' title='bbox 1624 3447 1836 3504; x_wconf 84' lang='lat' dir='ltr'><strong>vidistis</strong></span> 
     </span>
    </p>
   </div>
   <div class='ocr_carea' id='block_1_36' title="bbox 237 3538 1838 3612">
    <p class='ocr_par' dir='ltr' id='par_1_36' title="bbox 237 3538 1838 3612">
     <span class='ocr_line' id='line_1_36' title="bbox 237 3538 1838 3612; baseline -0.006 -12"><span class='ocrx_word' id='word_1_289' title='bbox 237 3546 460 3601; x_wconf 84' lang='lat' dir='ltr'><strong>Petrum</strong></span> <span class='ocrx_word' id='word_1_290' title='bbox 493 3545 856 3599; x_wconf 84' lang='lat' dir='ltr'><strong>ambulantem</strong></span> <span class='ocrx_word' id='word_1_291' title='bbox 885 3558 1047 3612; x_wconf 87' lang='lat' dir='ltr'><strong>super</strong></span> <span class='ocrx_word' id='word_1_292' title='bbox 1065 3557 1250 3612; x_wconf 87' lang='lat' dir='ltr'><strong>aquas,</strong></span> <span class='ocrx_word' id='word_1_293' title='bbox 1285 3539 1559 3610; x_wconf 89' lang='lat' dir='ltr'><strong>paululum</strong></span> <span class='ocrx_word' id='word_1_294' title='bbox 1588 3538 1838 3594; x_wconf 89' lang='lat' dir='ltr'><strong>dubitan-</strong></span> 
     </span>
    </p>
   </div>
   <div class='ocr_carea' id='block_1_37' title="bbox 238 3633 1838 3707">
    <p class='ocr_par' dir='ltr' id='par_1_37' title="bbox 238 3633 1838 3707">
     <span class='ocr_line' id='line_1_37' title="bbox 238 3633 1838 3707; baseline -0.004 -15"><span class='ocrx_word' id='word_1_295' title='bbox 238 3647 367 3703; x_wconf 85' lang='lat' dir='ltr'><strong>tem,</strong></span> <span class='ocrx_word' id='word_1_296' title='bbox 389 3638 442 3691; x_wconf 94' lang='lat' dir='ltr'><strong>in</strong></span> <span class='ocrx_word' id='word_1_297' title='bbox 467 3637 762 3707; x_wconf 90' lang='lat' dir='ltr'><strong>periculum</strong></span> <span class='ocrx_word' id='word_1_298' title='bbox 788 3635 1175 3692; x_wconf 89' lang='lat' dir='ltr'><strong>submersionis</strong></span> <span class='ocrx_word' id='word_1_299' title='bbox 1203 3635 1434 3700; x_wconf 86' lang='lat' dir='ltr'><strong>venisse,</strong></span> <span class='ocrx_word' id='word_1_300' title='bbox 1453 3648 1558 3687; x_wconf 90' lang='lat' dir='ltr'><strong>non</strong></span> <span class='ocrx_word' id='word_1_301' title='bbox 1587 3633 1654 3687; x_wconf 89' lang='lat' dir='ltr'><strong>ob</strong></span> <span class='ocrx_word' id='word_1_302' title='bbox 1673 3645 1838 3702; x_wconf 83' lang='lat' dir='ltr'><strong>aqua-</strong></span> 
     </span>
    </p>
   </div>
   <div class='ocr_carea' id='block_1_38' title="bbox 238 3726 1840 3799">
    <p class='ocr_par' dir='ltr' id='par_1_38' title="bbox 238 3726 1840 3799">
     <span class='ocr_line' id='line_1_38' title="bbox 238 3726 1840 3799; baseline -0.001 -15"><span class='ocrx_word' id='word_1_303' title='bbox 238 3746 354 3784; x_wconf 90' lang='lat' dir='ltr'><strong>rum</strong></span> <span class='ocrx_word' id='word_1_304' title='bbox 394 3731 673 3799; x_wconf 88' lang='lat' dir='ltr'><strong>impetum,</strong></span> <span class='ocrx_word' id='word_1_305' title='bbox 706 3729 801 3784; x_wconf 88' lang='lat' dir='ltr'><strong>sed</strong></span> <span class='ocrx_word' id='word_1_306' title='bbox 831 3729 902 3785; x_wconf 88' lang='lat' dir='ltr'><strong>ob</strong></span> <span class='ocrx_word' id='word_1_307' title='bbox 949 3729 1074 3784; x_wconf 88' lang='lat' dir='ltr'><strong>ﬁdei</strong></span> <span class='ocrx_word' id='word_1_308' title='bbox 1125 3729 1528 3784; x_wconf 86' lang='lat' dir='ltr'><strong>inﬁrmitatem?</strong></span> <span class='ocrx_word' id='word_1_309' title='bbox 1572 3726 1706 3781; x_wconf 78' lang='lat' dir='ltr'><strong>Num</strong></span> <span class='ocrx_word' id='word_1_310' title='bbox 1738 3726 1840 3782; x_wconf 88' lang='lat' dir='ltr'><strong>hu-</strong></span> 
     </span>
    </p>
   </div>
   <div class='ocr_carea' id='block_1_39' title="bbox 237 3817 1836 3876">
    <p class='ocr_par' dir='ltr' id='par_1_39' title="bbox 237 3817 1836 3876">
     <span class='ocr_line' id='line_1_39' title="bbox 237 3817 1836 3876; baseline -0.001 0"><span class='ocrx_word' id='word_1_311' title='bbox 237 3822 410 3876; x_wconf 83' lang='lat' dir='ltr'><strong>manis</strong></span> <span class='ocrx_word' id='word_1_312' title='bbox 439 3822 658 3876; x_wconf 86' lang='lat' dir='ltr'><strong>calculis</strong></span> <span class='ocrx_word' id='word_1_313' title='bbox 703 3820 806 3875; x_wconf 91' lang='lat' dir='ltr'><strong>huc</strong></span> <span class='ocrx_word' id='word_1_314' title='bbox 834 3821 1198 3876; x_wconf 79' lang='lat' dir='ltr'><strong>accessimus?</strong></span> <span class='ocrx_word' id='word_1_315' title='bbox 1243 3837 1369 3874; x_wconf 88' lang='lat' dir='ltr'><strong>num</strong></span> <span class='ocrx_word' id='word_1_316' title='bbox 1413 3819 1575 3874; x_wconf 89' lang='lat' dir='ltr'><strong>homo</strong></span> <span class='ocrx_word' id='word_1_317' title='bbox 1611 3833 1709 3873; x_wconf 91' lang='lat' dir='ltr'><strong>nos</strong></span> <span class='ocrx_word' id='word_1_318' title='bbox 1737 3817 1836 3874; x_wconf 56' lang='lat' dir='ltr'><strong>ad-</strong></span> 
     </span>
    </p>
   </div>
   <div class='ocr_carea' id='block_1_40' title="bbox 237 3909 1836 3982">
    <p class='ocr_par' dir='ltr' id='par_1_40' title="bbox 237 3909 1836 3982">
     <span class='ocr_line' id='line_1_40' title="bbox 237 3909 1836 3982; baseline -0.001 -18"><span class='ocrx_word' id='word_1_319' title='bbox 237 3912 410 3976; x_wconf 79' lang='lat' dir='ltr'><strong>duxit,</strong></span> <span class='ocrx_word' id='word_1_320' title='bbox 445 3921 503 3966; x_wconf 92' lang='lat' dir='ltr'><strong>ut</strong></span> <span class='ocrx_word' id='word_1_321' title='bbox 533 3911 694 3967; x_wconf 91' lang='lat' dir='ltr'><strong>homo</strong></span> <span class='ocrx_word' id='word_1_322' title='bbox 724 3911 976 3982; x_wconf 88' lang='lat' dir='ltr'><strong>dejiciat?</strong></span> <span class='ocrx_word' id='word_1_323' title='bbox 1006 3911 1132 3968; x_wconf 62' lang='lat' dir='ltr'><strong>Haec</strong></span> <span class='ocrx_word' id='word_1_324' title='bbox 1175 3927 1281 3966; x_wconf 91' lang='lat' dir='ltr'><strong>non</strong></span> <span class='ocrx_word' id='word_1_325' title='bbox 1325 3910 1725 3980; x_wconf 67' lang='lat' dir='ltr'><strong>ear-arrogantia</strong></span> <span class='ocrx_word' id='word_1_326' title='bbox 1750 3909 1836 3964; x_wconf 88' lang='lat' dir='ltr'><strong>vel</strong></span> 
     </span>
    </p>
   </div>
   <div class='ocr_carea' id='block_1_41' title="bbox 235 4001 1839 4072">
    <p class='ocr_par' dir='ltr' id='par_1_41' title="bbox 235 4001 1839 4072">
     <span class='ocr_line' id='line_1_41' title="bbox 235 4001 1839 4072; baseline 0.001 -18"><span class='ocrx_word' id='word_1_327' title='bbox 235 4002 491 4072; x_wconf 86' lang='lat' dir='ltr'><strong>jactantia</strong></span> <span class='ocrx_word' id='word_1_328' title='bbox 536 4002 678 4068; x_wconf 89' lang='lat' dir='ltr'><strong>dico,</strong></span> <span class='ocrx_word' id='word_1_329' title='bbox 711 4002 870 4068; x_wconf 89' lang='lat' dir='ltr'><strong>absit,</strong></span> <span class='ocrx_word' id='word_1_330' title='bbox 900 4002 992 4058; x_wconf 91' lang='lat' dir='ltr'><strong>sed</strong></span> <span class='ocrx_word' id='word_1_331' title='bbox 1041 4011 1098 4058; x_wconf 88' lang='lat' dir='ltr'><strong>ut</strong></span> <span class='ocrx_word' id='word_1_332' title='bbox 1126 4003 1268 4072; x_wconf 91' lang='lat' dir='ltr'><strong>quod</strong></span> <span class='ocrx_word' id='word_1_333' title='bbox 1318 4003 1370 4056; x_wconf 92' lang='lat' dir='ltr'><strong>in</strong></span> <span class='ocrx_word' id='word_1_334' title='bbox 1417 4002 1570 4057; x_wconf 86' lang='lat' dir='ltr'><strong>vobis</strong></span> <span class='ocrx_word' id='word_1_335' title='bbox 1616 4001 1839 4056; x_wconf 83' lang='lat' dir='ltr'><strong>ﬂuctuat</strong></span> 
     </span>
    </p>
   </div>
   <div class='ocr_carea' id='block_1_42' title="bbox 237 4092 1836 4159">
    <p class='ocr_par' dir='ltr' id='par_1_42' title="bbox 237 4092 1836 4159">
     <span class='ocr_line' id='line_1_42' title="bbox 237 4092 1836 4159; baseline -0.003 -10"><span class='ocrx_word' id='word_1_336' title='bbox 237 4093 629 4149; x_wconf 89' lang='lat' dir='ltr'><strong>constabiliam.</strong></span> <span class='ocrx_word' id='word_1_337' title='bbox 659 4094 922 4159; x_wconf 80' lang='lat' dir='ltr'><strong>Quoniam</strong></span> <span class='ocrx_word' id='word_1_338' title='bbox 945 4093 1128 4148; x_wconf 87' lang='lat' dir='ltr'><strong>sedata</strong></span> <span class='ocrx_word' id='word_1_339' title='bbox 1151 4103 1266 4148; x_wconf 89' lang='lat' dir='ltr'><strong>erat</strong></span> <span class='ocrx_word' id='word_1_340' title='bbox 1295 4094 1507 4158; x_wconf 87' lang='lat' dir='ltr'><strong>civitas,</strong></span> <span class='ocrx_word' id='word_1_341' title='bbox 1539 4092 1836 4146; x_wconf 87' lang='lat' dir='ltr'><strong>Ecclesiam</strong></span> 
     </span>
    </p>
   </div>
   <div class='ocr_carea' id='block_1_43' title="bbox 240 4182 1834 4252">
    <p class='ocr_par' dir='ltr' id='par_1_43' title="bbox 240 4182 1834 4252">
     <span class='ocr_line' id='line_1_43' title="bbox 240 4182 1834 4252; baseline -0.002 -13"><span class='ocrx_word' id='word_1_342' title='bbox 240 4184 484 4240; x_wconf 83' lang='lat' dir='ltr'><strong>diabolus</strong></span> <span class='ocrx_word' id='word_1_343' title='bbox 533 4194 822 4239; x_wconf 89' lang='lat' dir='ltr'><strong>concutere</strong></span> <span class='ocrx_word' id='word_1_344' title='bbox 851 4184 1035 4238; x_wconf 88' lang='lat' dir='ltr'><strong>voluit.</strong></span> <span class='ocrx_word' id='word_1_345' title='bbox 1067 4183 1111 4239; x_wconf 90' lang='grc' dir='ltr'><strong>Ο</strong></span> <span class='ocrx_word' id='word_1_346' title='bbox 1155 4185 1382 4238; x_wconf 81' lang='lat' dir='ltr'><strong>sceleste</strong></span> <span class='ocrx_word' id='word_1_347' title='bbox 1429 4192 1483 4238; x_wconf 92' lang='lat' dir='ltr'><strong>et</strong></span> <span class='ocrx_word' id='word_1_348' title='bbox 1529 4182 1834 4252; x_wconf 84' lang='lat' dir='ltr'><strong>ﬂagitiosis-</strong></span> 
     </span>
    </p>
   </div>
   <div class='ocr_carea' id='block_1_44' title="bbox 240 4275 1839 4346">
    <p class='ocr_par' dir='ltr' id='par_1_44' title="bbox 240 4275 1839 4346">
     <span class='ocr_line' id='line_1_44' title="bbox 240 4275 1839 4346; baseline -0.001 -16"><span class='ocrx_word' id='word_1_349' title='bbox 240 4277 409 4331; x_wconf 88' lang='lat' dir='ltr'><strong>sime!</strong></span> <span class='ocrx_word' id='word_1_350' title='bbox 443 4291 622 4329; x_wconf 88' lang='lat' dir='ltr'><strong>muros</strong></span> <span class='ocrx_word' id='word_1_351' title='bbox 649 4292 754 4330; x_wconf 92' lang='lat' dir='ltr'><strong>non</strong></span> <span class='ocrx_word' id='word_1_352' title='bbox 775 4277 1110 4346; x_wconf 82' lang='lat' dir='ltr'><strong>expugnasti,</strong></span> <span class='ocrx_word' id='word_1_353' title='bbox 1140 4285 1192 4331; x_wconf 89' lang='lat' dir='ltr'><strong>ct</strong></span> <span class='ocrx_word' id='word_1_354' title='bbox 1220 4275 1512 4330; x_wconf 85' lang='lat' dir='ltr'><strong>Ecclesiam</strong></span> <span class='ocrx_word' id='word_1_355' title='bbox 1541 4285 1594 4330; x_wconf 90' lang='lat' dir='ltr'><strong>te</strong></span> <span class='ocrx_word' id='word_1_356' title='bbox 1619 4288 1839 4330; x_wconf 88' lang='lat' dir='ltr'><strong>succus-</strong></span> 
     </span>
    </p>
   </div>
   <div class='ocr_carea' id='block_1_45' title="bbox 241 4365 1840 4433">
    <p class='ocr_par' dir='ltr' id='par_1_45' title="bbox 241 4365 1840 4433">
     <span class='ocr_line' id='line_1_45' title="bbox 241 4365 1840 4433; baseline -0.001 -13"><span class='ocrx_word' id='word_1_357' title='bbox 241 4381 423 4420; x_wconf 87' lang='lat' dir='ltr'><strong>surum</strong></span> <span class='ocrx_word' id='word_1_358' title='bbox 450 4367 678 4433; x_wconf 83' lang='lat' dir='ltr'><strong>speras?</strong></span> <span class='ocrx_word' id='word_1_359' title='bbox 710 4369 792 4420; x_wconf 85' lang='lat' dir='ltr'><strong>An</strong></span> <span class='ocrx_word' id='word_1_360' title='bbox 819 4367 988 4421; x_wconf 91' lang='lat' dir='ltr'><strong>muris</strong></span> <span class='ocrx_word' id='word_1_361' title='bbox 1016 4367 1256 4421; x_wconf 87' lang='lat' dir='ltr'><strong>Ecclesia</strong></span> <span class='ocrx_word' id='word_1_362' title='bbox 1285 4366 1532 4421; x_wconf 86' lang='lat' dir='ltr'><strong>constat?</strong></span> <span class='ocrx_word' id='word_1_363' title='bbox 1563 4366 1619 4419; x_wconf 94' lang='lat' dir='ltr'><strong>ln</strong></span> <span class='ocrx_word' id='word_1_364' title='bbox 1657 4365 1840 4419; x_wconf 83' lang='lat' dir='ltr'><strong>multi-</strong></span> 
     </span>
    </p>
   </div>
   <div class='ocr_carea' id='block_1_46' title="bbox 245 4457 1838 4527">
    <p class='ocr_par' dir='ltr' id='par_1_46' title="bbox 245 4457 1838 4527">
     <span class='ocr_line' id='line_1_46' title="bbox 245 4457 1838 4527; baseline 0.001 -18"><span class='ocrx_word' id='word_1_365' title='bbox 245 4457 429 4512; x_wconf 89' lang='lat' dir='ltr'><strong>tudine</strong></span> <span class='ocrx_word' id='word_1_366' title='bbox 475 4457 709 4511; x_wconf 84' lang='lat' dir='ltr'><strong>ﬂdelium</strong></span> <span class='ocrx_word' id='word_1_367' title='bbox 762 4458 1007 4514; x_wconf 87' lang='lat' dir='ltr'><strong>Ecclesia</strong></span> <span class='ocrx_word' id='word_1_368' title='bbox 1046 4459 1309 4513; x_wconf 83' lang='lat' dir='ltr'><strong>consistit.</strong></span> <span class='ocrx_word' id='word_1_369' title='bbox 1368 4459 1444 4512; x_wconf 92' lang='lat' dir='ltr'><strong>En</strong></span> <span class='ocrx_word' id='word_1_370' title='bbox 1476 4473 1634 4527; x_wconf 86' lang='lat' dir='ltr'><strong>quam</strong></span> <span class='ocrx_word' id='word_1_371' title='bbox 1667 4457 1838 4512; x_wconf 66' lang='lat' dir='ltr'><strong>ﬁrmae</strong></span> 
     </span>
    </p>
   </div>
   <div class='ocr_carea' id='block_1_47' title="bbox 241 4548 1838 4620">
    <p class='ocr_par' dir='ltr' id='par_1_47' title="bbox 241 4548 1838 4620">
     <span class='ocr_line' id='line_1_47' title="bbox 241 4548 1838 4620; baseline 0 -18"><span class='ocrx_word' id='word_1_372' title='bbox 241 4549 527 4612; x_wconf 67' lang='lat' dir='ltr'><strong>columnae,</strong></span> <span class='ocrx_word' id='word_1_373' title='bbox 563 4563 665 4602; x_wconf 89' lang='lat' dir='ltr'><strong>non</strong></span> <span class='ocrx_word' id='word_1_374' title='bbox 708 4550 852 4604; x_wconf 86' lang='lat' dir='ltr'><strong>ferro</strong></span> <span class='ocrx_word' id='word_1_375' title='bbox 881 4549 1075 4620; x_wconf 78' lang='lat' dir='ltr'><strong>ligatae,</strong></span> <span class='ocrx_word' id='word_1_376' title='bbox 1105 4551 1200 4605; x_wconf 89' lang='lat' dir='ltr'><strong>sed</strong></span> <span class='ocrx_word' id='word_1_377' title='bbox 1227 4550 1328 4605; x_wconf 91' lang='lat' dir='ltr'><strong>ﬁde</strong></span> <span class='ocrx_word' id='word_1_378' title='bbox 1368 4550 1691 4605; x_wconf 62' lang='lat' dir='ltr'><strong>constrictas.</strong></span> <span class='ocrx_word' id='word_1_379' title='bbox 1721 4548 1838 4603; x_wconf 90' lang='lat' dir='ltr'><strong>Non</strong></span> 
     </span>
    </p>
   </div>
   <div class='ocr_carea' id='block_1_48' title="bbox 243 4639 1836 4711">
    <p class='ocr_par' dir='ltr' id='par_1_48' title="bbox 243 4639 1836 4711">
     <span class='ocr_line' id='line_1_48' title="bbox 243 4639 1836 4711; baseline 0.003 -19"><span class='ocrx_word' id='word_1_380' title='bbox 243 4639 365 4692; x_wconf 92' lang='lat' dir='ltr'><strong>dico</strong></span> <span class='ocrx_word' id='word_1_381' title='bbox 392 4647 591 4692; x_wconf 89' lang='lat' dir='ltr'><strong>tantam</strong></span> <span class='ocrx_word' id='word_1_382' title='bbox 634 4639 1024 4696; x_wconf 88' lang='lat' dir='ltr'><strong>nmltitudinem</strong></span> <span class='ocrx_word' id='word_1_383' title='bbox 1053 4643 1173 4711; x_wconf 82' lang='lat' dir='ltr'><strong>igne</strong></span> <span class='ocrx_word' id='word_1_384' title='bbox 1203 4643 1654 4696; x_wconf 81' lang='lat' dir='ltr'><strong>vehementiorem</strong></span> <span class='ocrx_word' id='word_1_385' title='bbox 1683 4655 1836 4697; x_wconf 83' lang='lat' dir='ltr'><strong>csse:</strong></span> 
     </span>
    </p>
   </div>
   <div class='ocr_carea' id='block_1_49' title="bbox 243 4729 1840 4799">
    <p class='ocr_par' dir='ltr' id='par_1_49' title="bbox 243 4729 1840 4799">
     <span class='ocr_line' id='line_1_49' title="bbox 243 4729 1840 4799; baseline 0.002 -16"><span class='ocrx_word' id='word_1_386' title='bbox 243 4730 339 4783; x_wconf 83' lang='lat' dir='ltr'><strong>sed</strong></span> <span class='ocrx_word' id='word_1_387' title='bbox 391 4744 520 4793; x_wconf 91' lang='lat' dir='ltr'><strong>nec,</strong></span> <span class='ocrx_word' id='word_1_388' title='bbox 566 4729 609 4783; x_wconf 89' lang='lat' dir='ltr'><strong>si</strong></span> <span class='ocrx_word' id='word_1_389' title='bbox 661 4745 799 4786; x_wconf 88' lang='lat' dir='ltr'><strong>unus</strong></span> <span class='ocrx_word' id='word_1_390' title='bbox 848 4739 1050 4784; x_wconf 89' lang='lat' dir='ltr'><strong>tantum</strong></span> <span class='ocrx_word' id='word_1_391' title='bbox 1099 4741 1260 4794; x_wconf 87' lang='lat' dir='ltr'><strong>esset,</strong></span> <span class='ocrx_word' id='word_1_392' title='bbox 1311 4747 1639 4799; x_wconf 87' lang='lat' dir='ltr'><strong>superasses.</strong></span> <span class='ocrx_word' id='word_1_393' title='bbox 1689 4731 1840 4786; x_wconf 86' lang='lat' dir='ltr'><strong>Nosti</strong></span> 
     </span>
    </p>
   </div>
   <div class='ocr_carea' id='block_1_50' title="bbox 249 4820 1839 4893">
    <p class='ocr_par' dir='ltr' id='par_1_50' title="bbox 249 4820 1839 4893">
     <span class='ocr_line' id='line_1_50' title="bbox 249 4820 1839 4893; baseline 0.003 -21"><span class='ocrx_word' id='word_1_394' title='bbox 249 4829 478 4887; x_wconf 89' lang='lat' dir='ltr'><strong>quantas</strong></span> <span class='ocrx_word' id='word_1_395' title='bbox 529 4820 620 4873; x_wconf 92' lang='lat' dir='ltr'><strong>tibi</strong></span> <span class='ocrx_word' id='word_1_396' title='bbox 671 4821 854 4890; x_wconf 79' lang='lat' dir='ltr'><strong>plagas</strong></span> <span class='ocrx_word' id='word_1_397' title='bbox 912 4821 1201 4876; x_wconf 85' lang='lat' dir='ltr'><strong>inﬂixerint</strong></span> <span class='ocrx_word' id='word_1_398' title='bbox 1252 4833 1537 4893; x_wconf 81' lang='lat' dir='ltr'><strong>martyres.</strong></span> <span class='ocrx_word' id='word_1_399' title='bbox 1597 4821 1839 4892; x_wconf 87' lang='lat' dir='ltr'><strong>lngressa</strong></span> 
     </span>
    </p>
   </div>
   <div class='ocr_carea' id='block_1_51' title="bbox 248 4910 1836 4982">
    <p class='ocr_par' dir='ltr' id='par_1_51' title="bbox 248 4910 1836 4982">
     <span class='ocr_line' id='line_1_51' title="bbox 248 4910 1836 4982; baseline 0.001 -17"><span class='ocrx_word' id='word_1_400' title='bbox 248 4926 393 4979; x_wconf 69' lang='lat' dir='ltr'><strong>smpe</strong></span> <span class='ocrx_word' id='word_1_401' title='bbox 435 4920 516 4964; x_wconf 88' lang='lat' dir='ltr'><strong>est</strong></span> <span class='ocrx_word' id='word_1_402' title='bbox 553 4910 725 4980; x_wconf 88' lang='lat' dir='ltr'><strong>puella</strong></span> <span class='ocrx_word' id='word_1_403' title='bbox 755 4923 939 4966; x_wconf 88' lang='lat' dir='ltr'><strong>tenera</strong></span> <span class='ocrx_word' id='word_1_404' title='bbox 983 4912 1203 4982; x_wconf 90' lang='lat' dir='ltr'><strong>innupta</strong></span> <span class='ocrx_word' id='word_1_405' title='bbox 1235 4931 1245 4964; x_wconf 94' lang='lat'><strong>:</strong></span> <span class='ocrx_word' id='word_1_406' title='bbox 1278 4928 1401 4966; x_wconf 89' lang='lat' dir='ltr'><strong>cera</strong></span> <span class='ocrx_word' id='word_1_407' title='bbox 1455 4913 1667 4967; x_wconf 91' lang='lat' dir='ltr'><strong>mollior</strong></span> <span class='ocrx_word' id='word_1_408' title='bbox 1701 4921 1836 4979; x_wconf 89' lang='lat' dir='ltr'><strong>erat,</strong></span> 
     </span>
    </p>
   </div>
   <div class='ocr_carea' id='block_1_52' title="bbox 246 5003 1842 5074">
    <p class='ocr_par' dir='ltr' id='par_1_52' title="bbox 246 5003 1842 5074">
     <span class='ocr_line' id='line_1_52' title="bbox 246 5003 1842 5074; baseline 0.002 -18"><span class='ocrx_word' id='word_1_409' title='bbox 246 5003 340 5056; x_wconf 85' lang='lat' dir='ltr'><strong>sed</strong></span> <span class='ocrx_word' id='word_1_410' title='bbox 374 5012 520 5071; x_wconf 89' lang='lat' dir='ltr'><strong>petra</strong></span> <span class='ocrx_word' id='word_1_411' title='bbox 550 5003 768 5058; x_wconf 86' lang='lat' dir='ltr'><strong>solidior</strong></span> <span class='ocrx_word' id='word_1_412' title='bbox 793 5005 1015 5059; x_wconf 81' lang='lat' dir='ltr'><strong>exstitit.</strong></span> <span class='ocrx_word' id='word_1_413' title='bbox 1046 5007 1172 5074; x_wconf 89' lang='lat' dir='ltr'><strong>Ejus</strong></span> <span class='ocrx_word' id='word_1_414' title='bbox 1213 5005 1382 5060; x_wconf 88' lang='lat' dir='ltr'><strong>latera</strong></span> <span class='ocrx_word' id='word_1_415' title='bbox 1432 5005 1761 5070; x_wconf 88' lang='lat' dir='ltr'><strong>lancinabas,</strong></span> <span class='ocrx_word' id='word_1_416' title='bbox 1788 5014 1842 5059; x_wconf 88' lang='lat' dir='ltr'><strong>et</strong></span> 
     </span>
    </p>
   </div>
   <div class='ocr_carea' id='block_1_53' title="bbox 248 5093 1843 5164">
    <p class='ocr_par' dir='ltr' id='par_1_53' title="bbox 248 5093 1843 5164">
     <span class='ocr_line' id='line_1_53' title="bbox 248 5093 1843 5164; baseline 0.002 -17"><span class='ocrx_word' id='word_1_417' title='bbox 248 5093 408 5148; x_wconf 86' lang='lat' dir='ltr'><strong>ﬁdem</strong></span> <span class='ocrx_word' id='word_1_418' title='bbox 462 5109 570 5148; x_wconf 89' lang='lat' dir='ltr'><strong>non</strong></span> <span class='ocrx_word' id='word_1_419' title='bbox 613 5095 910 5151; x_wconf 89' lang='lat' dir='ltr'><strong>auferebas.</strong></span> <span class='ocrx_word' id='word_1_420' title='bbox 958 5094 1134 5152; x_wconf 86' lang='lat' dir='ltr'><strong>Cessit</strong></span> <span class='ocrx_word' id='word_1_421' title='bbox 1181 5098 1358 5151; x_wconf 90' lang='lat' dir='ltr'><strong>carnis</strong></span> <span class='ocrx_word' id='word_1_422' title='bbox 1405 5107 1614 5161; x_wconf 90' lang='lat' dir='ltr'><strong>natura,</strong></span> <span class='ocrx_word' id='word_1_423' title='bbox 1668 5110 1843 5164; x_wconf 86' lang='lat' dir='ltr'><strong>neque</strong></span> 
     </span>
    </p>
   </div>
   <div class='ocr_carea' id='block_1_54' title="bbox 247 5183 1846 5256">
    <p class='ocr_par' dir='ltr' id='par_1_54' title="bbox 247 5183 1846 5256">
     <span class='ocr_line' id='line_1_54' title="bbox 247 5183 1846 5256; baseline 0.003 -20"><span class='ocrx_word' id='word_1_424' title='bbox 247 5183 484 5239; x_wconf 88' lang='lat' dir='ltr'><strong>concidit</strong></span> <span class='ocrx_word' id='word_1_425' title='bbox 509 5184 632 5239; x_wconf 92' lang='lat' dir='ltr'><strong>ﬁdei</strong></span> <span class='ocrx_word' id='word_1_426' title='bbox 660 5187 862 5250; x_wconf 92' lang='lat' dir='ltr'><strong>virtus;</strong></span> <span class='ocrx_word' id='word_1_427' title='bbox 903 5188 1318 5242; x_wconf 90' lang='lat' dir='ltr'><strong>consumebatur</strong></span> <span class='ocrx_word' id='word_1_428' title='bbox 1343 5201 1558 5256; x_wconf 84' lang='lat' dir='ltr'><strong>corpus.</strong></span> <span class='ocrx_word' id='word_1_429' title='bbox 1595 5196 1650 5242; x_wconf 93' lang='lat' dir='ltr'><strong>et</strong></span> <span class='ocrx_word' id='word_1_430' title='bbox 1677 5186 1846 5242; x_wconf 82' lang='lat' dir='ltr'><strong>virili-</strong></span> 
     </span>
    </p>
   </div>
   <div class='ocr_carea' id='block_1_55' title="bbox 252 5276 1842 5344">
    <p class='ocr_par' dir='ltr' id='par_1_55' title="bbox 252 5276 1842 5344">
     <span class='ocr_line' id='line_1_55' title="bbox 252 5276 1842 5344; baseline 0.003 -16"><span class='ocrx_word' id='word_1_431' title='bbox 252 5286 333 5330; x_wconf 90' lang='lat' dir='ltr'><strong>ter</strong></span> <span class='ocrx_word' id='word_1_432' title='bbox 363 5276 553 5344; x_wconf 79' lang='lat' dir='ltr'><strong>agebat</strong></span> <span class='ocrx_word' id='word_1_433' title='bbox 575 5278 818 5343; x_wconf 89' lang='lat' dir='ltr'><strong>animus;</strong></span> <span class='ocrx_word' id='word_1_434' title='bbox 872 5279 1252 5333; x_wconf 89' lang='lat' dir='ltr'><strong>absumebatur</strong></span> <span class='ocrx_word' id='word_1_435' title='bbox 1287 5280 1604 5344; x_wconf 89' lang='lat' dir='ltr'><strong>substantia,</strong></span> <span class='ocrx_word' id='word_1_436' title='bbox 1628 5290 1684 5335; x_wconf 93' lang='lat' dir='ltr'><strong>et</strong></span> <span class='ocrx_word' id='word_1_437' title='bbox 1725 5294 1842 5332; x_wconf 87' lang='lat' dir='ltr'><strong>ma-</strong></span> 
     </span>
    </p>
   </div>
   <div class='ocr_carea' id='block_1_56' title="bbox 249 5367 1840 5438">
    <p class='ocr_par' dir='ltr' id='par_1_56' title="bbox 249 5367 1840 5438">
     <span class='ocr_line' id='line_1_56' title="bbox 249 5367 1840 5438; baseline 0.001 -17"><span class='ocrx_word' id='word_1_438' title='bbox 249 5367 412 5421; x_wconf 86' lang='lat' dir='ltr'><strong>nehat</strong></span> <span class='ocrx_word' id='word_1_439' title='bbox 443 5369 632 5435; x_wconf 86' lang='lat' dir='ltr'><strong>pietas.</strong></span> <span class='ocrx_word' id='word_1_440' title='bbox 662 5369 741 5424; x_wconf 86' lang='lat' dir='ltr'><strong>Ne</strong></span> <span class='ocrx_word' id='word_1_441' title='bbox 784 5384 943 5423; x_wconf 90' lang='lat' dir='ltr'><strong>unam</strong></span> <span class='ocrx_word' id='word_1_442' title='bbox 985 5371 1200 5438; x_wconf 91' lang='lat' dir='ltr'><strong>quidem</strong></span> <span class='ocrx_word' id='word_1_443' title='bbox 1233 5371 1511 5424; x_wconf 90' lang='lat' dir='ltr'><strong>mulierem</strong></span> <span class='ocrx_word' id='word_1_444' title='bbox 1557 5373 1840 5438; x_wconf 75' lang='lat' dir='ltr'><strong>superasti,</strong></span> 
     </span>
    </p>
   </div>
   <div class='ocr_carea' id='block_1_57' title="bbox 250 5464 1842 5532">
    <p class='ocr_par' dir='ltr' id='par_1_57' title="bbox 250 5464 1842 5532">
     <span class='ocr_line' id='line_1_57' title="bbox 250 5464 1842 5532; baseline 0.001 -16"><span class='ocrx_word' id='word_1_445' title='bbox 250 5469 306 5516; x_wconf 90' lang='lat' dir='ltr'><strong>et</strong></span> <span class='ocrx_word' id='word_1_446' title='bbox 337 5470 538 5514; x_wconf 86' lang='lat' dir='ltr'><strong>tantum</strong></span> <span class='ocrx_word' id='word_1_447' title='bbox 587 5464 843 5531; x_wconf 82' lang='lat' dir='ltr'><strong>populum</strong></span> <span class='ocrx_word' id='word_1_448' title='bbox 885 5473 937 5518; x_wconf 88' lang='lat' dir='ltr'><strong>te</strong></span> <span class='ocrx_word' id='word_1_449' title='bbox 984 5474 1356 5532; x_wconf 88' lang='lat' dir='ltr'><strong>superaturum</strong></span> <span class='ocrx_word' id='word_1_450' title='bbox 1409 5464 1672 5519; x_wconf 87' lang='lat' dir='ltr'><strong>conﬁdis?</strong></span> <span class='ocrx_word' id='word_1_451' title='bbox 1727 5464 1842 5517; x_wconf 85' lang='lat' dir='ltr'><strong>Non</strong></span> 
     </span>
    </p>
   </div>
   <div class='ocr_carea' id='block_1_58' title="bbox 251 5551 1845 5626">
    <p class='ocr_par' dir='ltr' id='par_1_58' title="bbox 251 5551 1845 5626">
     <span class='ocr_line' id='line_1_58' title="bbox 251 5551 1845 5626; baseline 0.003 -22"><span class='ocrx_word' id='word_1_452' title='bbox 251 5551 404 5604; x_wconf 85' lang='lat' dir='ltr'><strong>audis</strong></span> <span class='ocrx_word' id='word_1_453' title='bbox 433 5551 710 5606; x_wconf 88' lang='lat' dir='ltr'><strong>Dominum</strong></span> <span class='ocrx_word' id='word_1_454' title='bbox 741 5553 1008 5608; x_wconf 88' lang='lat' dir='ltr'><strong>dicentem</strong></span> <span class='ocrx_word' id='word_1_455' title='bbox 1034 5573 1046 5608; x_wconf 88' lang='lat'><strong>:</strong></span> <span class='ocrx_word' id='word_1_456' title='bbox 1085 5554 1182 5608; x_wconf 87' lang='lat' dir='ltr'><strong>Ubi</strong></span> <span class='ocrx_word' id='word_1_457' title='bbox 1205 5556 1306 5608; x_wconf 83' lang='lat' dir='ltr'><strong>duo</strong></span> <span class='ocrx_word' id='word_1_458' title='bbox 1333 5557 1408 5608; x_wconf 80' lang='lat' dir='ltr'><strong>vel</strong></span> <span class='ocrx_word' id='word_1_459' title='bbox 1439 5565 1537 5609; x_wconf 82' lang='lat' dir='ltr'><strong>tres</strong></span> <span class='ocrx_word' id='word_1_460' title='bbox 1558 5558 1845 5626; x_wconf 83' lang='lat' dir='ltr'><strong>congregati</strong></span> 
     </span>
    </p>
   </div>
   <div class='ocr_carea' id='block_1_59' title="bbox 245 5643 1842 5718">
    <p class='ocr_par' dir='ltr' id='par_1_59' title="bbox 245 5643 1842 5718">
     <span class='ocr_line' id='line_1_59' title="bbox 245 5643 1842 5718; baseline 0.003 -23"><span class='ocrx_word' id='word_1_461' title='bbox 245 5651 370 5695; x_wconf 78' lang='lat' dir='ltr'><strong>sunt</strong></span> <span class='ocrx_word' id='word_1_462' title='bbox 391 5643 444 5695; x_wconf 84' lang='lat' dir='ltr'><strong>in</strong></span> <span class='ocrx_word' id='word_1_463' title='bbox 474 5659 675 5697; x_wconf 72' lang='lat' dir='ltr'><strong>nonnae</strong></span> <span class='ocrx_word' id='word_1_464' title='bbox 709 5660 838 5709; x_wconf 86' lang='lat' dir='ltr'><strong>meo,</strong></span> <span class='ocrx_word' id='word_1_465' title='bbox 869 5645 975 5700; x_wconf 78' lang='lat' dir='ltr'><strong>illic</strong></span> <span class='ocrx_word' id='word_1_466' title='bbox 1012 5663 1124 5700; x_wconf 84' lang='lat' dir='ltr'><strong>sum</strong></span> <span class='ocrx_word' id='word_1_467' title='bbox 1153 5648 1207 5700; x_wconf 85' lang='lat' dir='ltr'><strong>in</strong></span> <span class='ocrx_word' id='word_1_468' title='bbox 1245 5649 1409 5701; x_wconf 85' lang='lat' dir='ltr'><strong>medio</strong></span> <span class='ocrx_word' id='word_1_469' title='bbox 1430 5664 1600 5700; x_wconf 84' lang='lat' dir='ltr'><strong>eorum</strong></span> <span class='ocrx_word' id='word_1_470' title='bbox 1627 5646 1842 5718; x_wconf 83' lang='lat' dir='ltr'><strong>(Matth.</strong></span> 
     </span>
    </p>
   </div>
   <div class='ocr_carea' id='block_1_60' title="bbox 259 5732 1842 5813">
    <p class='ocr_par' dir='ltr' id='par_1_60' title="bbox 259 5732 1842 5813">
     <span class='ocr_line' id='line_1_60' title="bbox 259 5732 1842 5813; baseline 0.002 -21"><span class='ocrx_word' id='word_1_471' title='bbox 259 5732 348 5792; x_wconf 69' lang='lat'><strong>£8.</strong></span> <span class='ocrx_word' id='word_1_472' title='bbox 394 5733 524 5802; x_wconf 67' lang='lat'><strong>20&#39;)?</strong></span> <span class='ocrx_word' id='word_1_473' title='bbox 570 5736 638 5793; x_wconf 83' lang='lat' dir='ltr'><strong>Et</strong></span> <span class='ocrx_word' id='word_1_474' title='bbox 686 5735 775 5794; x_wconf 91' lang='lat' dir='ltr'><strong>ubi</strong></span> <span class='ocrx_word' id='word_1_475' title='bbox 825 5746 933 5795; x_wconf 86' lang='lat' dir='ltr'><strong>tam</strong></span> <span class='ocrx_word' id='word_1_476' title='bbox 979 5753 1298 5796; x_wconf 89' lang='lat' dir='ltr'><strong>numerosus</strong></span> <span class='ocrx_word' id='word_1_477' title='bbox 1332 5741 1566 5813; x_wconf 87' lang='lat' dir='ltr'><strong>populus</strong></span> <span class='ocrx_word' id='word_1_478' title='bbox 1607 5740 1842 5796; x_wconf 84' lang='lat' dir='ltr'><strong>caritatis</strong></span> 
     </span>
    </p>
   </div>
   <div class='ocr_carea' id='block_1_61' title="bbox 1192 310 2524 390">
    <p class='ocr_par' dir='ltr' id='par_1_61' title="bbox 1192 310 2524 390">
     <span class='ocr_line' id='line_1_61' title="bbox 1192 310 2524 390; baseline -0.017 -4"><span class='ocrx_word' id='word_1_479' title='bbox 1192 326 1421 389; x_wconf 74' lang='lat' dir='ltr'><strong>SERMO</strong></span> <span class='ocrx_word' id='word_1_480' title='bbox 1460 317 1839 390; x_wconf 78' lang='lat' dir='ltr'><strong>ANTEQUAM</strong></span> <span class='ocrx_word' id='word_1_481' title='bbox 1880 315 2040 370; x_wconf 77' lang='lat' dir='ltr'><strong>IRET</strong></span> <span class='ocrx_word' id='word_1_482' title='bbox 2082 313 2146 367; x_wconf 75' lang='lat' dir='ltr'><strong>IN</strong></span> <span class='ocrx_word' id='word_1_483' title='bbox 2178 310 2524 367; x_wconf 75' lang='lat' dir='ltr'><strong>EXSILIUM.</strong></span> 
     </span>
    </p>
   </div>
   <div class='ocr_carea' id='block_1_62' title="bbox 3428 300 3534 357">
    <p class='ocr_par' dir='ltr' id='par_1_62' title="bbox 3428 300 3534 357">
     <span class='ocr_line' id='line_1_62' title="bbox 3428 300 3534 357; baseline -0.019 0"><span class='ocrx_word' id='word_1_484' title='bbox 3428 300 3534 357; x_wconf 67' lang='lat'><strong>430</strong></span> 
     </span>
    </p>
   </div>
   <div class='ocr_carea' id='block_1_63' title="bbox 1941 410 3533 482">
    <p class='ocr_par' dir='ltr' id='par_1_63' title="bbox 1941 410 3533 482">
     <span class='ocr_line' id='line_1_63' title="bbox 1941 410 3533 482; baseline -0.006 -5"><span class='ocrx_word' id='word_1_485' title='bbox 1941 422 2168 477; x_wconf 89' lang='lat' dir='ltr'><strong>vinculis</strong></span> <span class='ocrx_word' id='word_1_486' title='bbox 2197 421 2537 482; x_wconf 86' lang='lat' dir='ltr'><strong>constrictus,</strong></span> <span class='ocrx_word' id='word_1_487' title='bbox 2570 432 2676 473; x_wconf 92' lang='lat' dir='ltr'><strong>non</strong></span> <span class='ocrx_word' id='word_1_488' title='bbox 2707 415 2921 471; x_wconf 88' lang='lat' dir='ltr'><strong>aderit?</strong></span> <span class='ocrx_word' id='word_1_489' title='bbox 2951 413 3079 482; x_wconf 79' lang='lat' dir='ltr'><strong>Ejus</strong></span> <span class='ocrx_word' id='word_1_490' title='bbox 3110 412 3298 481; x_wconf 87' lang='lat' dir='ltr'><strong>pignus</strong></span> <span class='ocrx_word' id='word_1_491' title='bbox 3329 410 3533 467; x_wconf 79' lang='lat' dir='ltr'><strong>habeo:</strong></span> 
     </span>
    </p>
   </div>
   <div class='ocr_carea' id='block_1_64' title="bbox 1937 501 3517 582">
    <p class='ocr_par' dir='ltr' id='par_1_64' title="bbox 1937 501 3517 582">
     <span class='ocr_line' id='line_1_64' title="bbox 1937 501 3517 582; baseline -0.008 -14"><span class='ocrx_word' id='word_1_492' title='bbox 1937 528 2064 568; x_wconf 93' lang='lat' dir='ltr'><strong>num</strong></span> <span class='ocrx_word' id='word_1_493' title='bbox 2085 511 2317 582; x_wconf 89' lang='lat' dir='ltr'><strong>propriis</strong></span> <span class='ocrx_word' id='word_1_494' title='bbox 2337 524 2457 565; x_wconf 91' lang='lat' dir='ltr'><strong>sum</strong></span> <span class='ocrx_word' id='word_1_495' title='bbox 2481 509 2686 564; x_wconf 90' lang='lat' dir='ltr'><strong>viribus</strong></span> <span class='ocrx_word' id='word_1_496' title='bbox 2708 506 2912 561; x_wconf 85' lang='lat' dir='ltr'><strong>fretus?</strong></span> <span class='ocrx_word' id='word_1_497' title='bbox 2933 503 3199 572; x_wconf 88' lang='lat' dir='ltr'><strong>Scriptum</strong></span> <span class='ocrx_word' id='word_1_498' title='bbox 3217 501 3334 570; x_wconf 88' lang='lat' dir='ltr'><strong>ejus</strong></span> <span class='ocrx_word' id='word_1_499' title='bbox 3357 509 3517 556; x_wconf 87' lang='lat' dir='ltr'><strong>teneo</strong></span> 
     </span>
    </p>
   </div>
   <div class='ocr_carea' id='block_1_65' title="bbox 1938 589 3538 659">
    <p class='ocr_par' dir='ltr' id='par_1_65' title="bbox 1938 589 3538 659">
     <span class='ocr_line' id='line_1_65' title="bbox 1938 589 3538 659; baseline -0.009 -2"><span class='ocrx_word' id='word_1_500' title='bbox 1938 603 2034 657; x_wconf 81' lang='lat' dir='ltr'><strong>llic</strong></span> <span class='ocrx_word' id='word_1_501' title='bbox 2064 601 2194 656; x_wconf 89' lang='lat' dir='ltr'><strong>mihi</strong></span> <span class='ocrx_word' id='word_1_502' title='bbox 2224 601 2484 656; x_wconf 88' lang='lat' dir='ltr'><strong>baculus:</strong></span> <span class='ocrx_word' id='word_1_503' title='bbox 2513 598 2631 655; x_wconf 64' lang='lat' dir='ltr'><strong>haec</strong></span> <span class='ocrx_word' id='word_1_504' title='bbox 2660 597 2789 654; x_wconf 90' lang='lat' dir='ltr'><strong>mihi</strong></span> <span class='ocrx_word' id='word_1_505' title='bbox 2816 593 3113 650; x_wconf 89' lang='lat' dir='ltr'><strong>securitas:</strong></span> <span class='ocrx_word' id='word_1_506' title='bbox 3135 591 3223 646; x_wconf 89' lang='lat' dir='ltr'><strong>hic</strong></span> <span class='ocrx_word' id='word_1_507' title='bbox 3253 589 3381 646; x_wconf 91' lang='lat' dir='ltr'><strong>mihi</strong></span> <span class='ocrx_word' id='word_1_508' title='bbox 3412 603 3538 659; x_wconf 67' lang='lat' dir='ltr'><strong>puro</strong></span> 
     </span>
    </p>
   </div>
   <div class='ocr_carea' id='block_1_66' title="bbox 1938 680 3542 765">
    <p class='ocr_par' dir='ltr' id='par_1_66' title="bbox 1938 680 3542 765">
     <span class='ocr_line' id='line_1_66' title="bbox 1938 680 3542 765; baseline -0.011 -14"><span class='ocrx_word' id='word_1_509' title='bbox 1938 706 2025 751; x_wconf 85' lang='lat' dir='ltr'><strong>tus</strong></span> <span class='ocrx_word' id='word_1_510' title='bbox 2055 695 2392 765; x_wconf 90' lang='lat' dir='ltr'><strong>tranquillus.</strong></span> <span class='ocrx_word' id='word_1_511' title='bbox 2440 693 2557 748; x_wconf 89' lang='lat' dir='ltr'><strong>Etsi</strong></span> <span class='ocrx_word' id='word_1_512' title='bbox 2588 692 2939 748; x_wconf 88' lang='lat' dir='ltr'><strong>conturbetur</strong></span> <span class='ocrx_word' id='word_1_513' title='bbox 2973 687 3120 740; x_wconf 88' lang='lat' dir='ltr'><strong>orbis</strong></span> <span class='ocrx_word' id='word_1_514' title='bbox 3147 693 3310 750; x_wconf 90' lang='lat' dir='ltr'><strong>totus,</strong></span> <span class='ocrx_word' id='word_1_515' title='bbox 3341 680 3542 738; x_wconf 85' lang='lat' dir='ltr'><strong>rescri-</strong></span> 
     </span>
    </p>
   </div>
   <div class='ocr_carea' id='block_1_67' title="bbox 1940 772 3540 856">
    <p class='ocr_par' dir='ltr' id='par_1_67' title="bbox 1940 772 3540 856">
     <span class='ocr_line' id='line_1_67' title="bbox 1940 772 3540 856; baseline -0.006 -17"><span class='ocrx_word' id='word_1_516' title='bbox 1940 796 2088 856; x_wconf 89' lang='lat' dir='ltr'><strong>ptum</strong></span> <span class='ocrx_word' id='word_1_517' title='bbox 2120 795 2314 841; x_wconf 89' lang='lat' dir='ltr'><strong>teneo:</strong></span> <span class='ocrx_word' id='word_1_518' title='bbox 2344 785 2460 852; x_wconf 88' lang='lat' dir='ltr'><strong>ejus</strong></span> <span class='ocrx_word' id='word_1_519' title='bbox 2499 784 2682 838; x_wconf 88' lang='lat' dir='ltr'><strong>literas</strong></span> <span class='ocrx_word' id='word_1_520' title='bbox 2715 782 2837 851; x_wconf 87' lang='lat' dir='ltr'><strong>lego</strong></span> <span class='ocrx_word' id='word_1_521' title='bbox 2866 798 2879 833; x_wconf 90' lang='lat'><strong>:</strong></span> <span class='ocrx_word' id='word_1_522' title='bbox 2913 779 3000 835; x_wconf 89' lang='lat' dir='ltr'><strong>hic</strong></span> <span class='ocrx_word' id='word_1_523' title='bbox 3040 777 3171 832; x_wconf 89' lang='lat' dir='ltr'><strong>mihi</strong></span> <span class='ocrx_word' id='word_1_524' title='bbox 3199 790 3404 838; x_wconf 86' lang='lat' dir='ltr'><strong>murus,</strong></span> <span class='ocrx_word' id='word_1_525' title='bbox 3438 772 3540 829; x_wconf 79' lang='lat' dir='ltr'><strong>hoc</strong></span> 
     </span>
    </p>
   </div>
   <div class='ocr_carea' id='block_1_68' title="bbox 1938 863 3539 948">
    <p class='ocr_par' dir='ltr' id='par_1_68' title="bbox 1938 863 3539 948">
     <span class='ocr_line' id='line_1_68' title="bbox 1938 863 3539 948; baseline -0.009 -16"><span class='ocrx_word' id='word_1_526' title='bbox 1938 877 2268 948; x_wconf 66' lang='lat' dir='ltr'><strong>praesidium.</strong></span> <span class='ocrx_word' id='word_1_527' title='bbox 2298 877 2444 944; x_wconf 85' lang='lat' dir='ltr'><strong>Quas</strong></span> <span class='ocrx_word' id='word_1_528' title='bbox 2483 874 2703 930; x_wconf 88' lang='lat' dir='ltr'><strong>literas?</strong></span> <span class='ocrx_word' id='word_1_529' title='bbox 2732 873 2844 944; x_wconf 78' lang='lat' dir='ltr'><strong>Ego</strong></span> <span class='ocrx_word' id='word_1_530' title='bbox 2870 871 3125 925; x_wconf 70' lang='lat' dir='ltr'><strong>vobiscum</strong></span> <span class='ocrx_word' id='word_1_531' title='bbox 3146 870 3271 921; x_wconf 83' lang='lat' dir='ltr'><strong>&#39;sum</strong></span> <span class='ocrx_word' id='word_1_532' title='bbox 3309 863 3539 920; x_wconf 76' lang='lat' dir='ltr'><strong>omnibus</strong></span> 
     </span>
    </p>
   </div>
   <div class='ocr_carea' id='block_1_69' title="bbox 1939 954 3536 1038">
    <p class='ocr_par' dir='ltr' id='par_1_69' title="bbox 1939 954 3536 1038">
     <span class='ocr_line' id='line_1_69' title="bbox 1939 954 3536 1038; baseline -0.008 -17"><span class='ocrx_word' id='word_1_533' title='bbox 1939 967 2114 1021; x_wconf 77' lang='lat' dir='ltr'><strong>diebus</strong></span> <span class='ocrx_word' id='word_1_534' title='bbox 2144 984 2299 1038; x_wconf 70' lang='lat' dir='ltr'><strong>usque</strong></span> <span class='ocrx_word' id='word_1_535' title='bbox 2324 967 2392 1020; x_wconf 77' lang='lat' dir='ltr'><strong>ad</strong></span> <span class='ocrx_word' id='word_1_536' title='bbox 2441 966 2927 1022; x_wconf 70' lang='lat' dir='ltr'><strong>consummationem</strong></span> <span class='ocrx_word' id='word_1_537' title='bbox 2972 961 3146 1015; x_wconf 65' lang='lat' dir='ltr'><strong>siccati</strong></span> <span class='ocrx_word' id='word_1_538' title='bbox 3197 957 3411 1028; x_wconf 71' lang='lat' dir='ltr'><strong>(Matth.</strong></span> <span class='ocrx_word' id='word_1_539' title='bbox 3443 954 3536 1010; x_wconf 69' lang='lat'><strong>28.</strong></span> 
     </span>
    </p>
   </div>
   <div class='ocr_carea' id='block_1_70' title="bbox 1937 1048 3540 1131">
    <p class='ocr_par' dir='ltr' id='par_1_70' title="bbox 1937 1048 3540 1131">
     <span class='ocr_line' id='line_1_70' title="bbox 1937 1048 3540 1131; baseline -0.007 -17"><span class='ocrx_word' id='word_1_540' title='bbox 1937 1059 2054 1131; x_wconf 72' lang='grc'><strong>20).</strong></span> <span class='ocrx_word' id='word_1_541' title='bbox 2084 1057 2331 1115; x_wconf 87' lang='lat' dir='ltr'><strong>Christus</strong></span> <span class='ocrx_word' id='word_1_542' title='bbox 2357 1073 2590 1123; x_wconf 89' lang='lat' dir='ltr'><strong>mecum,</strong></span> <span class='ocrx_word' id='word_1_543' title='bbox 2618 1072 2778 1127; x_wconf 87' lang='lat' dir='ltr'><strong>quem</strong></span> <span class='ocrx_word' id='word_1_544' title='bbox 2806 1054 3045 1111; x_wconf 83' lang='lat' dir='ltr'><strong>timebo?</strong></span> <span class='ocrx_word' id='word_1_545' title='bbox 3089 1051 3201 1108; x_wconf 84' lang='lat' dir='ltr'><strong>Etsi</strong></span> <span class='ocrx_word' id='word_1_546' title='bbox 3225 1049 3419 1106; x_wconf 82' lang='lat' dir='ltr'><strong>ﬂuctus</strong></span> <span class='ocrx_word' id='word_1_547' title='bbox 3446 1048 3540 1103; x_wconf 86' lang='lat' dir='ltr'><strong>ad-</strong></span> 
     </span>
    </p>
   </div>
   <div class='ocr_carea' id='block_1_71' title="bbox 1937 1141 3528 1215">
    <p class='ocr_par' dir='ltr' id='par_1_71' title="bbox 1937 1141 3528 1215">
     <span class='ocr_line' id='line_1_71' title="bbox 1937 1141 3528 1215; baseline -0.011 -7"><span class='ocrx_word' id='word_1_548' title='bbox 1937 1166 2152 1208; x_wconf 89' lang='lat' dir='ltr'><strong>versum</strong></span> <span class='ocrx_word' id='word_1_549' title='bbox 2184 1166 2271 1206; x_wconf 92' lang='lat' dir='ltr'><strong>me</strong></span> <span class='ocrx_word' id='word_1_550' title='bbox 2310 1151 2666 1215; x_wconf 88' lang='lat' dir='ltr'><strong>concitentur,</strong></span> <span class='ocrx_word' id='word_1_551' title='bbox 2716 1148 2820 1204; x_wconf 85' lang='lat' dir='ltr'><strong>etsi</strong></span> <span class='ocrx_word' id='word_1_552' title='bbox 2863 1146 3046 1210; x_wconf 86' lang='lat' dir='ltr'><strong>maria,</strong></span> <span class='ocrx_word' id='word_1_553' title='bbox 3093 1143 3193 1198; x_wconf 88' lang='lat' dir='ltr'><strong>etsi</strong></span> <span class='ocrx_word' id='word_1_554' title='bbox 3242 1141 3528 1210; x_wconf 86' lang='lat' dir='ltr'><strong>principun.</strong></span> 
     </span>
    </p>
   </div>
   <div class='ocr_carea' id='block_1_72' title="bbox 1941 1227 3542 1298">
    <p class='ocr_par' dir='ltr' id='par_1_72' title="bbox 1941 1227 3542 1298">
     <span class='ocr_line' id='line_1_72' title="bbox 1941 1227 3542 1298; baseline -0.009 -1"><span class='ocrx_word' id='word_1_555' title='bbox 1941 1243 2090 1298; x_wconf 90' lang='lat' dir='ltr'><strong>furor</strong></span> <span class='ocrx_word' id='word_1_556' title='bbox 2121 1261 2135 1298; x_wconf 91' lang='lat'><strong>:</strong></span> <span class='ocrx_word' id='word_1_557' title='bbox 2183 1242 2316 1297; x_wconf 89' lang='lat' dir='ltr'><strong>mihi</strong></span> <span class='ocrx_word' id='word_1_558' title='bbox 2347 1244 2462 1297; x_wconf 77' lang='lat' dir='ltr'><strong>hzec</strong></span> <span class='ocrx_word' id='word_1_559' title='bbox 2489 1241 2672 1295; x_wconf 85' lang='lat' dir='ltr'><strong>omnia</strong></span> <span class='ocrx_word' id='word_1_560' title='bbox 2698 1253 2894 1294; x_wconf 67' lang='lat' dir='ltr'><strong>ararum</strong></span> <span class='ocrx_word' id='word_1_561' title='bbox 2922 1245 3051 1292; x_wconf 90' lang='lat' dir='ltr'><strong>sunt.</strong></span> <span class='ocrx_word' id='word_1_562' title='bbox 3090 1234 3300 1288; x_wconf 87' lang='lat' dir='ltr'><strong>viliora.</strong></span> <span class='ocrx_word' id='word_1_563' title='bbox 3335 1232 3410 1287; x_wconf 79' lang='lat' dir='ltr'><strong>Ac</strong></span> <span class='ocrx_word' id='word_1_564' title='bbox 3438 1227 3542 1284; x_wconf 85' lang='lat' dir='ltr'><strong>nisi</strong></span> 
     </span>
    </p>
   </div>
   <div class='ocr_carea' id='block_1_73' title="bbox 1940 1323 3530 1398">
    <p class='ocr_par' dir='ltr' id='par_1_73' title="bbox 1940 1323 3530 1398">
     <span class='ocr_line' id='line_1_73' title="bbox 1940 1323 3530 1398; baseline -0.008 -8"><span class='ocrx_word' id='word_1_565' title='bbox 1940 1335 2136 1392; x_wconf 90' lang='lat' dir='ltr'><strong>caritas</strong></span> <span class='ocrx_word' id='word_1_566' title='bbox 2180 1351 2266 1392; x_wconf 92' lang='lat' dir='ltr'><strong>me</strong></span> <span class='ocrx_word' id='word_1_567' title='bbox 2295 1345 2475 1392; x_wconf 92' lang='lat' dir='ltr'><strong>vestra</strong></span> <span class='ocrx_word' id='word_1_568' title='bbox 2515 1334 2873 1398; x_wconf 84' lang='lat' dir='ltr'><strong>detinuisset,</strong></span> <span class='ocrx_word' id='word_1_569' title='bbox 2899 1347 2967 1386; x_wconf 90' lang='lat' dir='ltr'><strong>ne</strong></span> <span class='ocrx_word' id='word_1_570' title='bbox 3012 1329 3170 1386; x_wconf 88' lang='lat' dir='ltr'><strong>hodie</strong></span> <span class='ocrx_word' id='word_1_571' title='bbox 3199 1325 3413 1397; x_wconf 90' lang='lat' dir='ltr'><strong>quidem</strong></span> <span class='ocrx_word' id='word_1_572' title='bbox 3442 1323 3530 1379; x_wconf 67' lang='grc' dir='ltr'><strong>εὶ)-</strong></span> 
     </span>
    </p>
   </div>
   <div class='ocr_carea' id='block_1_74' title="bbox 1942 1416 3537 1497">
    <p class='ocr_par' dir='ltr' id='par_1_74' title="bbox 1942 1416 3537 1497">
     <span class='ocr_line' id='line_1_74' title="bbox 1942 1416 3537 1497; baseline -0.009 -14"><span class='ocrx_word' id='word_1_573' title='bbox 1942 1430 2179 1484; x_wconf 86' lang='lat' dir='ltr'><strong>nuissem</strong></span> <span class='ocrx_word' id='word_1_574' title='bbox 2207 1428 2316 1483; x_wconf 91' lang='lat' dir='ltr'><strong>alio</strong></span> <span class='ocrx_word' id='word_1_575' title='bbox 2353 1425 2643 1497; x_wconf 83' lang='lat' dir='ltr'><strong>proﬁclsci.</strong></span> <span class='ocrx_word' id='word_1_576' title='bbox 2685 1425 2910 1495; x_wconf 89' lang='lat' dir='ltr'><strong>Semper</strong></span> <span class='ocrx_word' id='word_1_577' title='bbox 2947 1422 3090 1478; x_wconf 90' lang='lat' dir='ltr'><strong>enim</strong></span> <span class='ocrx_word' id='word_1_578' title='bbox 3129 1420 3273 1485; x_wconf 86' lang='lat' dir='ltr'><strong>dico,</strong></span> <span class='ocrx_word' id='word_1_579' title='bbox 3307 1416 3537 1481; x_wconf 84' lang='lat' dir='ltr'><strong>Domine,</strong></span> 
     </span>
    </p>
   </div>
   <div class='ocr_carea' id='block_1_75' title="bbox 1943 1507 3545 1590">
    <p class='ocr_par' dir='ltr' id='par_1_75' title="bbox 1943 1507 3545 1590">
     <span class='ocr_line' id='line_1_75' title="bbox 1943 1507 3545 1590; baseline -0.007 -17"><span class='ocrx_word' id='word_1_580' title='bbox 1943 1521 2036 1590; x_wconf 80' lang='lat' dir='ltr'><strong>ﬁat</strong></span> <span class='ocrx_word' id='word_1_581' title='bbox 2078 1521 2312 1574; x_wconf 76' lang='lat' dir='ltr'><strong>voluntas</strong></span> <span class='ocrx_word' id='word_1_582' title='bbox 2360 1528 2449 1574; x_wconf 87' lang='lat' dir='ltr'><strong>tua</strong></span> <span class='ocrx_word' id='word_1_583' title='bbox 2508 1515 2648 1588; x_wconf 81' lang='lat' dir='ltr'><strong>(1d.</strong></span> <span class='ocrx_word' id='word_1_584' title='bbox 2696 1515 2749 1572; x_wconf 87' lang='lat'><strong>6.</strong></span> <span class='ocrx_word' id='word_1_585' title='bbox 2795 1515 2864 1570; x_wconf 90' lang='grc'><strong>10</strong></span> <span class='ocrx_word' id='word_1_586' title='bbox 2894 1511 2954 1586; x_wconf 92' lang='lat'><strong>):</strong></span> <span class='ocrx_word' id='word_1_587' title='bbox 2995 1527 3100 1568; x_wconf 91' lang='lat' dir='ltr'><strong>non</strong></span> <span class='ocrx_word' id='word_1_588' title='bbox 3141 1508 3285 1580; x_wconf 91' lang='lat' dir='ltr'><strong>quod</strong></span> <span class='ocrx_word' id='word_1_589' title='bbox 3330 1507 3451 1562; x_wconf 89' lang='lat' dir='ltr'><strong>talis</strong></span> <span class='ocrx_word' id='word_1_590' title='bbox 3489 1515 3545 1562; x_wconf 85' lang='lat' dir='ltr'><strong>et</strong></span> 
     </span>
    </p>
   </div>
   <div class='ocr_carea' id='block_1_76' title="bbox 1945 1598 3539 1682">
    <p class='ocr_par' dir='ltr' id='par_1_76' title="bbox 1945 1598 3539 1682">
     <span class='ocr_line' id='line_1_76' title="bbox 1945 1598 3539 1682; baseline -0.009 -16"><span class='ocrx_word' id='word_1_591' title='bbox 1945 1612 2082 1677; x_wconf 90' lang='lat' dir='ltr'><strong>talis,</strong></span> <span class='ocrx_word' id='word_1_592' title='bbox 2115 1611 2211 1666; x_wconf 90' lang='lat' dir='ltr'><strong>sed</strong></span> <span class='ocrx_word' id='word_1_593' title='bbox 2256 1611 2399 1681; x_wconf 88' lang='lat' dir='ltr'><strong>quod</strong></span> <span class='ocrx_word' id='word_1_594' title='bbox 2453 1619 2507 1664; x_wconf 74' lang='lat' dir='ltr'><strong>tu</strong></span> <span class='ocrx_word' id='word_1_595' title='bbox 2558 1609 2638 1664; x_wconf 90' lang='lat' dir='ltr'><strong>vis</strong></span> <span class='ocrx_word' id='word_1_596' title='bbox 2686 1603 2973 1682; x_wconf 83' lang='lat' dir='ltr'><strong>[factam].</strong></span> <span class='ocrx_word' id='word_1_597' title='bbox 3013 1604 3138 1658; x_wconf 83' lang='lat' dir='ltr'><strong>llaec</strong></span> <span class='ocrx_word' id='word_1_598' title='bbox 3181 1600 3311 1657; x_wconf 89' lang='lat' dir='ltr'><strong>mihi</strong></span> <span class='ocrx_word' id='word_1_599' title='bbox 3353 1598 3539 1663; x_wconf 91' lang='lat' dir='ltr'><strong>turris,</strong></span> 
     </span>
    </p>
   </div>
   <div class='ocr_carea' id='block_1_77' title="bbox 1923 1691 3540 1772">
    <p class='ocr_par' dir='ltr' id='par_1_77' title="bbox 1923 1691 3540 1772">
     <span class='ocr_line' id='line_1_77' title="bbox 1923 1691 3540 1772; baseline -0.007 -15"><span class='ocrx_word' id='word_1_600' title='bbox 1923 1702 2058 1757; x_wconf 76' lang='lat' dir='ltr'><strong>haec</strong></span> <span class='ocrx_word' id='word_1_601' title='bbox 2089 1703 2218 1757; x_wconf 91' lang='lat' dir='ltr'><strong>mihi</strong></span> <span class='ocrx_word' id='word_1_602' title='bbox 2275 1711 2426 1772; x_wconf 86' lang='lat' dir='ltr'><strong>petra</strong></span> <span class='ocrx_word' id='word_1_603' title='bbox 2475 1699 2816 1756; x_wconf 88' lang='lat' dir='ltr'><strong>immobilis:</strong></span> <span class='ocrx_word' id='word_1_604' title='bbox 2861 1697 2949 1753; x_wconf 89' lang='lat' dir='ltr'><strong>hic</strong></span> <span class='ocrx_word' id='word_1_605' title='bbox 2991 1695 3124 1750; x_wconf 90' lang='lat' dir='ltr'><strong>mihi</strong></span> <span class='ocrx_word' id='word_1_606' title='bbox 3168 1691 3392 1748; x_wconf 88' lang='lat' dir='ltr'><strong>baculus</strong></span> <span class='ocrx_word' id='word_1_607' title='bbox 3435 1705 3540 1746; x_wconf 89' lang='lat' dir='ltr'><strong>non</strong></span> 
     </span>
    </p>
   </div>
   <div class='ocr_carea' id='block_1_78' title="bbox 1941 1773 3539 1860">
    <p class='ocr_par' dir='ltr' id='par_1_78' title="bbox 1941 1773 3539 1860">
     <span class='ocr_line' id='line_1_78' title="bbox 1941 1773 3539 1860; baseline -0.009 -8"><span class='ocrx_word' id='word_1_608' title='bbox 1941 1798 2218 1852; x_wconf 87' lang='lat' dir='ltr'><strong>vacillans.</strong></span> <span class='ocrx_word' id='word_1_609' title='bbox 2251 1797 2306 1852; x_wconf 91' lang='lat' dir='ltr'><strong>Si</strong></span> <span class='ocrx_word' id='word_1_610' title='bbox 2353 1796 2407 1852; x_wconf 88' lang='lat' dir='ltr'><strong>id</strong></span> <span class='ocrx_word' id='word_1_611' title='bbox 2451 1796 2594 1852; x_wconf 88' lang='lat' dir='ltr'><strong>Deus</strong></span> <span class='ocrx_word' id='word_1_612' title='bbox 2622 1794 2772 1860; x_wconf 89' lang='lat' dir='ltr'><strong>velit,</strong></span> <span class='ocrx_word' id='word_1_613' title='bbox 2807 1791 2918 1846; x_wconf 88' lang='lat' dir='ltr'><strong>ﬁat.</strong></span> <span class='ocrx_word' id='word_1_614' title='bbox 2945 1791 3003 1847; x_wconf 90' lang='lat' dir='ltr'><strong>Si</strong></span> <span class='ocrx_word' id='word_1_615' title='bbox 3033 1789 3277 1845; x_wconf 87' lang='lat' dir='ltr'><strong>velitme</strong></span> <span class='ocrx_word' id='word_1_616' title='bbox 3312 1785 3397 1840; x_wconf 91' lang='lat' dir='ltr'><strong>hic</strong></span> <span class='ocrx_word' id='word_1_617' title='bbox 3428 1773 3539 1839; x_wconf 86' lang='lat' dir='ltr'><strong>ma-</strong></span> 
     </span>
    </p>
   </div>
   <div class='ocr_carea' id='block_1_79' title="bbox 1941 1877 3536 1960">
    <p class='ocr_par' dir='ltr' id='par_1_79' title="bbox 1941 1877 3536 1960">
     <span class='ocr_line' id='line_1_79' title="bbox 1941 1877 3536 1960; baseline -0.01 -16"><span class='ocrx_word' id='word_1_618' title='bbox 1941 1905 2090 1955; x_wconf 88' lang='lat' dir='ltr'><strong>nere,</strong></span> <span class='ocrx_word' id='word_1_619' title='bbox 2103 1889 2300 1960; x_wconf 79' lang='lat' dir='ltr'><strong>gratias</strong></span> <span class='ocrx_word' id='word_1_620' title='bbox 2315 1886 2848 1956; x_wconf 89' lang='lat' dir='ltr'><strong>habeo.Ubicumque</strong></span> <span class='ocrx_word' id='word_1_621' title='bbox 2862 1883 3111 1948; x_wconf 89' lang='lat' dir='ltr'><strong>voluerit,</strong></span> <span class='ocrx_word' id='word_1_622' title='bbox 3124 1879 3322 1951; x_wconf 85' lang='lat' dir='ltr'><strong>gratias</strong></span> <span class='ocrx_word' id='word_1_623' title='bbox 3341 1877 3536 1933; x_wconf 90' lang='lat' dir='ltr'><strong>refero.</strong></span> 
     </span>
    </p>
   </div>
   <div class='ocr_carea' id='block_1_80' title="bbox 2012 1966 3543 2045">
    <p class='ocr_par' dir='ltr' id='par_1_80' title="bbox 2012 1966 3543 2045">
     <span class='ocr_line' id='line_1_80' title="bbox 2012 1966 3543 2045; baseline -0.008 -11"><span class='ocrx_word' id='word_1_624' title='bbox 2012 1981 2067 2034; x_wconf 74' lang='grc' dir='ltr'><strong>ὅ.</strong></span> <span class='ocrx_word' id='word_1_625' title='bbox 2109 1980 2280 2036; x_wconf 87' lang='lat' dir='ltr'><strong>Nemo</strong></span> <span class='ocrx_word' id='word_1_626' title='bbox 2325 1994 2423 2034; x_wconf 92' lang='lat' dir='ltr'><strong>vos</strong></span> <span class='ocrx_word' id='word_1_627' title='bbox 2476 1977 2764 2034; x_wconf 88' lang='lat' dir='ltr'><strong>conturbet</strong></span> <span class='ocrx_word' id='word_1_628' title='bbox 2804 1994 2817 2029; x_wconf 90' lang='lat'><strong>:</strong></span> <span class='ocrx_word' id='word_1_629' title='bbox 2877 1974 3128 2045; x_wconf 87' lang='lat' dir='ltr'><strong>precibus</strong></span> <span class='ocrx_word' id='word_1_630' title='bbox 3169 1980 3378 2025; x_wconf 89' lang='lat' dir='ltr'><strong>vacate.</strong></span> <span class='ocrx_word' id='word_1_631' title='bbox 3427 1966 3543 2021; x_wconf 89' lang='lat' dir='ltr'><strong>lloc</strong></span> 
     </span>
    </p>
   </div>
   <div class='ocr_carea' id='block_1_81' title="bbox 1940 2063 3539 2137">
    <p class='ocr_par' dir='ltr' id='par_1_81' title="bbox 1940 2063 3539 2137">
     <span class='ocr_line' id='line_1_81' title="bbox 1940 2063 3539 2137; baseline -0.008 -10"><span class='ocrx_word' id='word_1_632' title='bbox 1940 2071 2114 2127; x_wconf 77' lang='lat' dir='ltr'><strong>etfecit</strong></span> <span class='ocrx_word' id='word_1_633' title='bbox 2143 2072 2410 2137; x_wconf 91' lang='lat' dir='ltr'><strong>diabolus,</strong></span> <span class='ocrx_word' id='word_1_634' title='bbox 2442 2082 2502 2126; x_wconf 90' lang='lat' dir='ltr'><strong>ut</strong></span> <span class='ocrx_word' id='word_1_635' title='bbox 2527 2078 2763 2126; x_wconf 86' lang='lat' dir='ltr'><strong>vestrum</strong></span> <span class='ocrx_word' id='word_1_636' title='bbox 2796 2070 2938 2125; x_wconf 90' lang='lat' dir='ltr'><strong>circa</strong></span> <span class='ocrx_word' id='word_1_637' title='bbox 2979 2063 3399 2136; x_wconf 81' lang='lat' dir='ltr'><strong>supplicationes</strong></span> <span class='ocrx_word' id='word_1_638' title='bbox 3424 2067 3539 2115; x_wconf 89' lang='lat' dir='ltr'><strong>stu-</strong></span> 
     </span>
    </p>
   </div>
   <div class='ocr_carea' id='block_1_82' title="bbox 1940 2151 3542 2234">
    <p class='ocr_par' dir='ltr' id='par_1_82' title="bbox 1940 2151 3542 2234">
     <span class='ocr_line' id='line_1_82' title="bbox 1940 2151 3542 2234; baseline -0.009 -14"><span class='ocrx_word' id='word_1_639' title='bbox 1940 2165 2086 2220; x_wconf 89' lang='lat' dir='ltr'><strong>dium</strong></span> <span class='ocrx_word' id='word_1_640' title='bbox 2122 2163 2491 2234; x_wconf 88' lang='lat' dir='ltr'><strong>interciperet.</strong></span> <span class='ocrx_word' id='word_1_641' title='bbox 2525 2162 2632 2219; x_wconf 90' lang='lat' dir='ltr'><strong>Sed</strong></span> <span class='ocrx_word' id='word_1_642' title='bbox 2663 2161 2798 2216; x_wconf 86' lang='lat' dir='ltr'><strong>nihil</strong></span> <span class='ocrx_word' id='word_1_643' title='bbox 2826 2158 3091 2231; x_wconf 81' lang='lat' dir='ltr'><strong>profecit:</strong></span> <span class='ocrx_word' id='word_1_644' title='bbox 3125 2158 3234 2212; x_wconf 92' lang='lat' dir='ltr'><strong>imo</strong></span> <span class='ocrx_word' id='word_1_645' title='bbox 3279 2169 3378 2210; x_wconf 86' lang='lat' dir='ltr'><strong>vos</strong></span> <span class='ocrx_word' id='word_1_646' title='bbox 3419 2151 3542 2207; x_wconf 90' lang='lat' dir='ltr'><strong>dili-</strong></span> 
     </span>
    </p>
   </div>
   <div class='ocr_carea' id='block_1_83' title="bbox 1937 2245 3545 2327">
    <p class='ocr_par' dir='ltr' id='par_1_83' title="bbox 1937 2245 3545 2327">
     <span class='ocr_line' id='line_1_83' title="bbox 1937 2245 3545 2327; baseline -0.009 -15"><span class='ocrx_word' id='word_1_647' title='bbox 1937 2257 2208 2327; x_wconf 88' lang='lat' dir='ltr'><strong>gentiores</strong></span> <span class='ocrx_word' id='word_1_648' title='bbox 2235 2256 2634 2325; x_wconf 88' lang='lat' dir='ltr'><strong>alacrioresque</strong></span> <span class='ocrx_word' id='word_1_649' title='bbox 2660 2253 2979 2307; x_wconf 89' lang='lat' dir='ltr'><strong>invenimus.</strong></span> <span class='ocrx_word' id='word_1_650' title='bbox 3007 2248 3143 2305; x_wconf 82' lang='lat' dir='ltr'><strong>Cras</strong></span> <span class='ocrx_word' id='word_1_651' title='bbox 3176 2246 3243 2303; x_wconf 88' lang='lat' dir='ltr'><strong>ad</strong></span> <span class='ocrx_word' id='word_1_652' title='bbox 3273 2245 3545 2316; x_wconf 89' lang='lat' dir='ltr'><strong>supplica-</strong></span> 
     </span>
    </p>
   </div>
   <div class='ocr_carea' id='block_1_84' title="bbox 1941 2335 3545 2417">
    <p class='ocr_par' dir='ltr' id='par_1_84' title="bbox 1941 2335 3545 2417">
     <span class='ocr_line' id='line_1_84' title="bbox 1941 2335 3545 2417; baseline -0.008 -14"><span class='ocrx_word' id='word_1_653' title='bbox 1941 2350 2142 2404; x_wconf 86' lang='lat' dir='ltr'><strong>tionem</strong></span> <span class='ocrx_word' id='word_1_654' title='bbox 2183 2348 2458 2403; x_wconf 88' lang='lat' dir='ltr'><strong>vobiscum</strong></span> <span class='ocrx_word' id='word_1_655' title='bbox 2496 2361 2738 2417; x_wconf 88' lang='lat' dir='ltr'><strong>pergam.</strong></span> <span class='ocrx_word' id='word_1_656' title='bbox 2767 2347 2943 2414; x_wconf 81' lang='lat' dir='ltr'><strong>Atque</strong></span> <span class='ocrx_word' id='word_1_657' title='bbox 2973 2342 3064 2397; x_wconf 91' lang='lat' dir='ltr'><strong>ubi</strong></span> <span class='ocrx_word' id='word_1_658' title='bbox 3108 2355 3227 2396; x_wconf 84' lang='lat' dir='ltr'><strong>sum</strong></span> <span class='ocrx_word' id='word_1_659' title='bbox 3257 2353 3380 2409; x_wconf 86' lang='lat' dir='ltr'><strong>ego,</strong></span> <span class='ocrx_word' id='word_1_660' title='bbox 3432 2335 3545 2390; x_wconf 90' lang='lat' dir='ltr'><strong>illic</strong></span> 
     </span>
    </p>
   </div>
   <div class='ocr_carea' id='block_1_85' title="bbox 1938 2433 3542 2505">
    <p class='ocr_par' dir='ltr' id='par_1_85' title="bbox 1938 2433 3542 2505">
     <span class='ocr_line' id='line_1_85' title="bbox 1938 2433 3542 2505; baseline -0.008 -11"><span class='ocrx_word' id='word_1_661' title='bbox 1938 2448 1992 2494; x_wconf 88' lang='lat' dir='ltr'><strong>et</strong></span> <span class='ocrx_word' id='word_1_662' title='bbox 2039 2454 2138 2493; x_wconf 90' lang='lat' dir='ltr'><strong>vos</strong></span> <span class='ocrx_word' id='word_1_663' title='bbox 2191 2438 2357 2505; x_wconf 88' lang='lat' dir='ltr'><strong>estis;</strong></span> <span class='ocrx_word' id='word_1_664' title='bbox 2403 2439 2495 2494; x_wconf 91' lang='lat' dir='ltr'><strong>ubi</strong></span> <span class='ocrx_word' id='word_1_665' title='bbox 2539 2452 2639 2493; x_wconf 92' lang='lat' dir='ltr'><strong>vos</strong></span> <span class='ocrx_word' id='word_1_666' title='bbox 2690 2437 2860 2501; x_wconf 90' lang='lat' dir='ltr'><strong>estis,</strong></span> <span class='ocrx_word' id='word_1_667' title='bbox 2902 2433 3012 2490; x_wconf 86' lang='lat' dir='ltr'><strong>illic</strong></span> <span class='ocrx_word' id='word_1_668' title='bbox 3053 2440 3113 2488; x_wconf 88' lang='lat' dir='ltr'><strong>et</strong></span> <span class='ocrx_word' id='word_1_669' title='bbox 3157 2446 3258 2501; x_wconf 86' lang='lat' dir='ltr'><strong>ego</strong></span> <span class='ocrx_word' id='word_1_670' title='bbox 3313 2447 3328 2485; x_wconf 94' lang='lat'><strong>:</strong></span> <span class='ocrx_word' id='word_1_671' title='bbox 3376 2443 3542 2484; x_wconf 89' lang='lat' dir='ltr'><strong>unum</strong></span> 
     </span>
    </p>
   </div>
   <div class='ocr_carea' id='block_1_86' title="bbox 1938 2526 3543 2601">
    <p class='ocr_par' dir='ltr' id='par_1_86' title="bbox 1938 2526 3543 2601">
     <span class='ocr_line' id='line_1_86' title="bbox 1938 2526 3543 2601; baseline -0.006 -17"><span class='ocrx_word' id='word_1_672' title='bbox 1938 2545 2134 2600; x_wconf 89' lang='lat' dir='ltr'><strong>corpus</strong></span> <span class='ocrx_word' id='word_1_673' title='bbox 2159 2544 2368 2595; x_wconf 89' lang='lat' dir='ltr'><strong>sumus,</strong></span> <span class='ocrx_word' id='word_1_674' title='bbox 2399 2545 2577 2601; x_wconf 91' lang='lat' dir='ltr'><strong>neque</strong></span> <span class='ocrx_word' id='word_1_675' title='bbox 2611 2543 2810 2599; x_wconf 91' lang='lat' dir='ltr'><strong>corpus</strong></span> <span class='ocrx_word' id='word_1_676' title='bbox 2835 2543 2864 2580; x_wconf 89' lang='lat' dir='ltr'><strong>a</strong></span> <span class='ocrx_word' id='word_1_677' title='bbox 2891 2526 3088 2596; x_wconf 88' lang='lat' dir='ltr'><strong>capite,</strong></span> <span class='ocrx_word' id='word_1_678' title='bbox 3126 2537 3300 2594; x_wconf 83' lang='lat' dir='ltr'><strong>neque</strong></span> <span class='ocrx_word' id='word_1_679' title='bbox 3327 2529 3488 2592; x_wconf 91' lang='lat' dir='ltr'><strong>caput</strong></span> <span class='ocrx_word' id='word_1_680' title='bbox 3511 2536 3543 2575; x_wconf 88' lang='lat' dir='ltr'><strong>a</strong></span> 
     </span>
    </p>
   </div>
   <div class='ocr_carea' id='block_1_87' title="bbox 1939 2615 3544 2694">
    <p class='ocr_par' dir='ltr' id='par_1_87' title="bbox 1939 2615 3544 2694">
     <span class='ocr_line' id='line_1_87' title="bbox 1939 2615 3544 2694; baseline -0.006 -15"><span class='ocrx_word' id='word_1_681' title='bbox 1939 2639 2168 2694; x_wconf 89' lang='lat' dir='ltr'><strong>corpore</strong></span> <span class='ocrx_word' id='word_1_682' title='bbox 2209 2631 2513 2694; x_wconf 89' lang='lat' dir='ltr'><strong>separatur.</strong></span> <span class='ocrx_word' id='word_1_683' title='bbox 2564 2622 2708 2678; x_wconf 90' lang='lat' dir='ltr'><strong>Loco</strong></span> <span class='ocrx_word' id='word_1_684' title='bbox 2737 2620 2911 2676; x_wconf 85' lang='lat' dir='ltr'><strong>dissiti</strong></span> <span class='ocrx_word' id='word_1_685' title='bbox 2951 2633 3158 2685; x_wconf 88' lang='lat' dir='ltr'><strong>sumus,</strong></span> <span class='ocrx_word' id='word_1_686' title='bbox 3187 2615 3282 2671; x_wconf 90' lang='lat' dir='ltr'><strong>sed</strong></span> <span class='ocrx_word' id='word_1_687' title='bbox 3322 2615 3544 2670; x_wconf 83' lang='lat' dir='ltr'><strong>caritate</strong></span> 
     </span>
    </p>
   </div>
   <div class='ocr_carea' id='block_1_88' title="bbox 1933 2707 3538 2788">
    <p class='ocr_par' dir='ltr' id='par_1_88' title="bbox 1933 2707 3538 2788">
     <span class='ocr_line' id='line_1_88' title="bbox 1933 2707 3538 2788; baseline -0.006 -17"><span class='ocrx_word' id='word_1_688' title='bbox 1933 2716 2227 2788; x_wconf 76' lang='lat' dir='ltr'><strong>iungimur,</strong></span> <span class='ocrx_word' id='word_1_689' title='bbox 2257 2731 2432 2785; x_wconf 89' lang='lat' dir='ltr'><strong>neque</strong></span> <span class='ocrx_word' id='word_1_690' title='bbox 2475 2731 2622 2769; x_wconf 90' lang='lat' dir='ltr'><strong>mors</strong></span> <span class='ocrx_word' id='word_1_691' title='bbox 2659 2717 2775 2785; x_wconf 86' lang='lat' dir='ltr'><strong>ipsa</strong></span> <span class='ocrx_word' id='word_1_692' title='bbox 2818 2712 3015 2783; x_wconf 90' lang='lat' dir='ltr'><strong>poterit</strong></span> <span class='ocrx_word' id='word_1_693' title='bbox 3057 2707 3392 2764; x_wconf 90' lang='lat' dir='ltr'><strong>abscindere.</strong></span> <span class='ocrx_word' id='word_1_694' title='bbox 3425 2707 3538 2762; x_wconf 85' lang='lat' dir='ltr'><strong>Etsi</strong></span> 
     </span>
    </p>
   </div>
   <div class='ocr_carea' id='block_1_89' title="bbox 1937 2803 3542 2880">
    <p class='ocr_par' dir='ltr' id='par_1_89' title="bbox 1937 2803 3542 2880">
     <span class='ocr_line' id='line_1_89' title="bbox 1937 2803 3542 2880; baseline -0.007 -14"><span class='ocrx_word' id='word_1_695' title='bbox 1937 2812 2083 2866; x_wconf 90' lang='lat' dir='ltr'><strong>enim</strong></span> <span class='ocrx_word' id='word_1_696' title='bbox 2100 2825 2295 2880; x_wconf 91' lang='lat' dir='ltr'><strong>corpus</strong></span> <span class='ocrx_word' id='word_1_697' title='bbox 2311 2824 2491 2864; x_wconf 90' lang='lat' dir='ltr'><strong>meum</strong></span> <span class='ocrx_word' id='word_1_698' title='bbox 2523 2807 2803 2872; x_wconf 89' lang='lat' dir='ltr'><strong>moriatur,</strong></span> <span class='ocrx_word' id='word_1_699' title='bbox 2823 2807 2969 2861; x_wconf 87' lang='lat' dir='ltr'><strong>vivet</strong></span> <span class='ocrx_word' id='word_1_700' title='bbox 2996 2813 3174 2858; x_wconf 90' lang='lat' dir='ltr'><strong>tamen</strong></span> <span class='ocrx_word' id='word_1_701' title='bbox 3198 2803 3398 2867; x_wconf 83' lang='lat' dir='ltr'><strong>anima,</strong></span> <span class='ocrx_word' id='word_1_702' title='bbox 3421 2814 3542 2870; x_wconf 75' lang='lat' dir='ltr'><strong>quae</strong></span> 
     </span>
    </p>
   </div>
   <div class='ocr_carea' id='block_1_90' title="bbox 1938 2891 3539 2972">
    <p class='ocr_par' dir='ltr' id='par_1_90' title="bbox 1938 2891 3539 2972">
     <span class='ocr_line' id='line_1_90' title="bbox 1938 2891 3539 2972; baseline -0.007 -16"><span class='ocrx_word' id='word_1_703' title='bbox 1938 2902 2119 2972; x_wconf 87' lang='lat' dir='ltr'><strong>populi</strong></span> <span class='ocrx_word' id='word_1_704' title='bbox 2142 2900 2534 2956; x_wconf 87' lang='lat' dir='ltr'><strong>recordabitur.</strong></span> <span class='ocrx_word' id='word_1_705' title='bbox 2549 2898 2662 2953; x_wconf 74' lang='lat' dir='ltr'><strong>Vos</strong></span> <span class='ocrx_word' id='word_1_706' title='bbox 2676 2896 2809 2952; x_wconf 89' lang='lat' dir='ltr'><strong>mihi</strong></span> <span class='ocrx_word' id='word_1_707' title='bbox 2839 2903 3020 2966; x_wconf 89' lang='lat' dir='ltr'><strong>patres</strong></span> <span class='ocrx_word' id='word_1_708' title='bbox 3035 2895 3166 2949; x_wconf 77' lang='lat' dir='ltr'><strong>esus</strong></span> <span class='ocrx_word' id='word_1_709' title='bbox 3181 2911 3196 2958; x_wconf 88' lang='lat'><strong>;</strong></span> <span class='ocrx_word' id='word_1_710' title='bbox 3220 2893 3311 2962; x_wconf 90' lang='lat' dir='ltr'><strong>qui</strong></span> <span class='ocrx_word' id='word_1_711' title='bbox 3339 2891 3539 2962; x_wconf 89' lang='lat' dir='ltr'><strong>possim</strong></span> 
     </span>
    </p>
   </div>
   <div class='ocr_carea' id='block_1_91' title="bbox 1937 2984 3541 3057">
    <p class='ocr_par' dir='ltr' id='par_1_91' title="bbox 1937 2984 3541 3057">
     <span class='ocr_line' id='line_1_91' title="bbox 1937 2984 3541 3057; baseline -0.008 -9"><span class='ocrx_word' id='word_1_712' title='bbox 1937 3002 2175 3048; x_wconf 88' lang='lat' dir='ltr'><strong>vestrum</strong></span> <span class='ocrx_word' id='word_1_713' title='bbox 2198 2992 2485 3047; x_wconf 90' lang='lat' dir='ltr'><strong>oblivisci?</strong></span> <span class='ocrx_word' id='word_1_714' title='bbox 2511 3005 2606 3044; x_wconf 92' lang='lat' dir='ltr'><strong>vos</strong></span> <span class='ocrx_word' id='word_1_715' title='bbox 2638 2989 2768 3043; x_wconf 92' lang='lat' dir='ltr'><strong>mihi</strong></span> <span class='ocrx_word' id='word_1_716' title='bbox 2800 2995 2996 3057; x_wconf 88' lang='lat' dir='ltr'><strong>patres,</strong></span> <span class='ocrx_word' id='word_1_717' title='bbox 3024 3000 3121 3041; x_wconf 89' lang='lat' dir='ltr'><strong>vos</strong></span> <span class='ocrx_word' id='word_1_718' title='bbox 3143 2984 3271 3039; x_wconf 90' lang='lat' dir='ltr'><strong>mihi</strong></span> <span class='ocrx_word' id='word_1_719' title='bbox 3297 2984 3424 3048; x_wconf 87' lang='lat' dir='ltr'><strong>vita,</strong></span> <span class='ocrx_word' id='word_1_720' title='bbox 3444 2995 3541 3036; x_wconf 89' lang='lat' dir='ltr'><strong>vos</strong></span> 
     </span>
    </p>
   </div>
   <div class='ocr_carea' id='block_1_92' title="bbox 1942 3072 3542 3152">
    <p class='ocr_par' dir='ltr' id='par_1_92' title="bbox 1942 3072 3542 3152">
     <span class='ocr_line' id='line_1_92' title="bbox 1942 3072 3542 3152; baseline -0.008 -15"><span class='ocrx_word' id='word_1_721' title='bbox 1942 3083 2074 3137; x_wconf 71' lang='lat' dir='ltr'><strong>mihi</strong></span> <span class='ocrx_word' id='word_1_722' title='bbox 2113 3083 2305 3152; x_wconf 90' lang='lat' dir='ltr'><strong>gloria.</strong></span> <span class='ocrx_word' id='word_1_723' title='bbox 2348 3080 2404 3137; x_wconf 86' lang='lat' dir='ltr'><strong>Si</strong></span> <span class='ocrx_word' id='word_1_724' title='bbox 2437 3095 2532 3134; x_wconf 91' lang='lat' dir='ltr'><strong>vos</strong></span> <span class='ocrx_word' id='word_1_725' title='bbox 2574 3078 2893 3150; x_wconf 89' lang='lat' dir='ltr'><strong>proﬁciatis,</strong></span> <span class='ocrx_word' id='word_1_726' title='bbox 2943 3076 2997 3131; x_wconf 89' lang='lat' dir='ltr'><strong>id</strong></span> <span class='ocrx_word' id='word_1_727' title='bbox 3045 3075 3176 3130; x_wconf 90' lang='lat' dir='ltr'><strong>mihi</strong></span> <span class='ocrx_word' id='word_1_728' title='bbox 3214 3075 3270 3128; x_wconf 91' lang='lat' dir='ltr'><strong>in</strong></span> <span class='ocrx_word' id='word_1_729' title='bbox 3317 3072 3542 3143; x_wconf 86' lang='lat' dir='ltr'><strong>gloriam</strong></span> 
     </span>
    </p>
   </div>
   <div class='ocr_carea' id='block_1_93' title="bbox 1939 3164 3535 3238">
    <p class='ocr_par' dir='ltr' id='par_1_93' title="bbox 1939 3164 3535 3238">
     <span class='ocr_line' id='line_1_93' title="bbox 1939 3164 3535 3238; baseline -0.006 -10"><span class='ocrx_word' id='word_1_730' title='bbox 1939 3174 2204 3238; x_wconf 87' lang='lat' dir='ltr'><strong>vertitur;</strong></span> <span class='ocrx_word' id='word_1_731' title='bbox 2239 3174 2310 3227; x_wconf 90' lang='lat' dir='ltr'><strong>ita</strong></span> <span class='ocrx_word' id='word_1_732' title='bbox 2339 3181 2395 3227; x_wconf 89' lang='lat' dir='ltr'><strong>ut</strong></span> <span class='ocrx_word' id='word_1_733' title='bbox 2433 3172 2539 3225; x_wconf 90' lang='lat' dir='ltr'><strong>vita</strong></span> <span class='ocrx_word' id='word_1_734' title='bbox 2575 3185 2694 3224; x_wconf 91' lang='lat' dir='ltr'><strong>mea</strong></span> <span class='ocrx_word' id='word_1_735' title='bbox 2732 3184 2833 3224; x_wconf 90' lang='lat' dir='ltr'><strong>ceu</strong></span> <span class='ocrx_word' id='word_1_736' title='bbox 2858 3167 3063 3223; x_wconf 80' lang='lat' dir='ltr'><strong>divitiae</strong></span> <span class='ocrx_word' id='word_1_737' title='bbox 3091 3165 3337 3238; x_wconf 68' lang='lat' dir='ltr'><strong>quaedam</strong></span> <span class='ocrx_word' id='word_1_738' title='bbox 3376 3164 3429 3219; x_wconf 90' lang='lat' dir='ltr'><strong>in</strong></span> <span class='ocrx_word' id='word_1_739' title='bbox 3455 3177 3535 3218; x_wconf 87' lang='lat' dir='ltr'><strong>ve-</strong></span> 
     </span>
    </p>
   </div>
   <div class='ocr_carea' id='block_1_94' title="bbox 1941 3257 3546 3334">
    <p class='ocr_par' dir='ltr' id='par_1_94' title="bbox 1941 3257 3546 3334">
     <span class='ocr_line' id='line_1_94' title="bbox 1941 3257 3546 3334; baseline -0.006 -15"><span class='ocrx_word' id='word_1_740' title='bbox 1941 3274 2056 3320; x_wconf 87' lang='lat' dir='ltr'><strong>stro</strong></span> <span class='ocrx_word' id='word_1_741' title='bbox 2078 3265 2312 3334; x_wconf 89' lang='lat' dir='ltr'><strong>reposita</strong></span> <span class='ocrx_word' id='word_1_742' title='bbox 2340 3263 2413 3317; x_wconf 92' lang='lat' dir='ltr'><strong>sit</strong></span> <span class='ocrx_word' id='word_1_743' title='bbox 2442 3263 2716 3318; x_wconf 90' lang='lat' dir='ltr'><strong>thesauro.</strong></span> <span class='ocrx_word' id='word_1_744' title='bbox 2741 3261 2968 3315; x_wconf 87' lang='lat' dir='ltr'><strong>Paratus</strong></span> <span class='ocrx_word' id='word_1_745' title='bbox 2993 3273 3114 3313; x_wconf 90' lang='lat' dir='ltr'><strong>sum</strong></span> <span class='ocrx_word' id='word_1_746' title='bbox 3139 3257 3206 3312; x_wconf 89' lang='lat' dir='ltr'><strong>ad</strong></span> <span class='ocrx_word' id='word_1_747' title='bbox 3232 3257 3394 3311; x_wconf 89' lang='lat' dir='ltr'><strong>vitam</strong></span> <span class='ocrx_word' id='word_1_748' title='bbox 3423 3270 3546 3310; x_wconf 84' lang='lat' dir='ltr'><strong>sex-</strong></span> 
     </span>
    </p>
   </div>
   <div class='ocr_carea' id='block_1_95' title="bbox 1941 3346 3541 3425">
    <p class='ocr_par' dir='ltr' id='par_1_95' title="bbox 1941 3346 3541 3425">
     <span class='ocr_line' id='line_1_95' title="bbox 1941 3346 3541 3425; baseline -0.008 -13"><span class='ocrx_word' id='word_1_749' title='bbox 1941 3358 2146 3412; x_wconf 90' lang='lat' dir='ltr'><strong>centies</strong></span> <span class='ocrx_word' id='word_1_750' title='bbox 2173 3371 2269 3425; x_wconf 93' lang='lat' dir='ltr'><strong>pro</strong></span> <span class='ocrx_word' id='word_1_751' title='bbox 2297 3355 2450 3410; x_wconf 86' lang='lat' dir='ltr'><strong>vobis</strong></span> <span class='ocrx_word' id='word_1_752' title='bbox 2477 3352 2878 3414; x_wconf 81' lang='lat' dir='ltr'><strong>eﬂ‘undendam,</strong></span> <span class='ocrx_word' id='word_1_753' title='bbox 2911 3366 3009 3406; x_wconf 92' lang='lat' dir='ltr'><strong>ncc</strong></span> <span class='ocrx_word' id='word_1_754' title='bbox 3033 3349 3257 3421; x_wconf 85' lang='lat' dir='ltr'><strong>gratiam</strong></span> <span class='ocrx_word' id='word_1_755' title='bbox 3291 3346 3541 3412; x_wconf 79' lang='lat' dir='ltr'><strong>exhibeo,</strong></span> 
     </span>
    </p>
   </div>
   <div class='ocr_carea' id='block_1_96' title="bbox 1941 3441 3543 3512">
    <p class='ocr_par' dir='ltr' id='par_1_96' title="bbox 1941 3441 3543 3512">
     <span class='ocr_line' id='line_1_96' title="bbox 1941 3441 3543 3512; baseline -0.009 -7"><span class='ocrx_word' id='word_1_756' title='bbox 1941 3449 2038 3505; x_wconf 88' lang='lat' dir='ltr'><strong>sed</strong></span> <span class='ocrx_word' id='word_1_757' title='bbox 2061 3448 2300 3505; x_wconf 86' lang='lat' dir='ltr'><strong>debitum</strong></span> <span class='ocrx_word' id='word_1_758' title='bbox 2334 3447 2505 3502; x_wconf 87' lang='lat' dir='ltr'><strong>solvo.</strong></span> <span class='ocrx_word' id='word_1_759' title='bbox 2550 3445 2685 3502; x_wconf 80' lang='lat' dir='ltr'><strong>Nam</strong></span> <span class='ocrx_word' id='word_1_760' title='bbox 2719 3443 2896 3498; x_wconf 82' lang='lat' dir='ltr'><strong>Bonus</strong></span> <span class='ocrx_word' id='word_1_761' title='bbox 2925 3452 3099 3512; x_wconf 82' lang='lat' dir='ltr'><strong>pastor</strong></span> <span class='ocrx_word' id='word_1_762' title='bbox 3126 3441 3353 3493; x_wconf 77' lang='lat' dir='ltr'><strong>animam</strong></span> <span class='ocrx_word' id='word_1_763' title='bbox 3395 3453 3543 3492; x_wconf 77' lang='lat' dir='ltr'><strong>suam</strong></span> 
     </span>
    </p>
   </div>
   <div class='ocr_carea' id='block_1_97' title="bbox 1942 3529 3544 3611">
    <p class='ocr_par' dir='ltr' id='par_1_97' title="bbox 1942 3529 3544 3611">
     <span class='ocr_line' id='line_1_97' title="bbox 1942 3529 3544 3611; baseline -0.009 -16"><span class='ocrx_word' id='word_1_764' title='bbox 1942 3541 2030 3595; x_wconf 86' lang='lat' dir='ltr'><strong>dat</strong></span> <span class='ocrx_word' id='word_1_765' title='bbox 2054 3555 2148 3611; x_wconf 82' lang='lat' dir='ltr'><strong>pro</strong></span> <span class='ocrx_word' id='word_1_766' title='bbox 2176 3539 2348 3593; x_wconf 83' lang='lat' dir='ltr'><strong>ovibus</strong></span> <span class='ocrx_word' id='word_1_767' title='bbox 2375 3536 2558 3609; x_wconf 82' lang='lat' dir='ltr'><strong>(Joan.</strong></span> <span class='ocrx_word' id='word_1_768' title='bbox 2594 3535 2824 3605; x_wconf 89' lang='grc'><strong>10.11).</strong></span> <span class='ocrx_word' id='word_1_769' title='bbox 2856 3533 3045 3588; x_wconf 82' lang='lat' dir='ltr'><strong>Millies</strong></span> <span class='ocrx_word' id='word_1_770' title='bbox 3081 3531 3345 3602; x_wconf 85' lang='lat' dir='ltr'><strong>jugulent,</strong></span> <span class='ocrx_word' id='word_1_771' title='bbox 3386 3529 3544 3582; x_wconf 88' lang='lat' dir='ltr'><strong>toties</strong></span> 
     </span>
    </p>
   </div>
   <div class='ocr_carea' id='block_1_98' title="bbox 1940 3622 3545 3702">
    <p class='ocr_par' dir='ltr' id='par_1_98' title="bbox 1940 3622 3545 3702">
     <span class='ocr_line' id='line_1_98' title="bbox 1940 3622 3545 3702; baseline -0.007 -14"><span class='ocrx_word' id='word_1_772' title='bbox 1940 3641 2100 3702; x_wconf 89' lang='lat' dir='ltr'><strong>caput</strong></span> <span class='ocrx_word' id='word_1_773' title='bbox 2126 3630 2461 3686; x_wconf 84' lang='lat' dir='ltr'><strong>abscindant.</strong></span> <span class='ocrx_word' id='word_1_774' title='bbox 2489 3629 2633 3684; x_wconf 85' lang='lat' dir='ltr'><strong>Mors</strong></span> <span class='ocrx_word' id='word_1_775' title='bbox 2659 3628 2802 3683; x_wconf 85' lang='lat' dir='ltr'><strong>enim</strong></span> <span class='ocrx_word' id='word_1_776' title='bbox 2831 3626 2951 3680; x_wconf 90' lang='lat' dir='ltr'><strong>talis</strong></span> <span class='ocrx_word' id='word_1_777' title='bbox 2979 3625 3107 3680; x_wconf 91' lang='lat' dir='ltr'><strong>mihi</strong></span> <span class='ocrx_word' id='word_1_778' title='bbox 3131 3622 3545 3678; x_wconf 84' lang='lat' dir='ltr'><strong>immortalitatis</strong></span> 
     </span>
    </p>
   </div>
   <div class='ocr_carea' id='block_1_99' title="bbox 1940 3712 3548 3793">
    <p class='ocr_par' dir='ltr' id='par_1_99' title="bbox 1940 3712 3548 3793">
     <span class='ocr_line' id='line_1_99' title="bbox 1940 3712 3548 3793; baseline -0.009 -14"><span class='ocrx_word' id='word_1_779' title='bbox 1940 3732 2026 3780; x_wconf 87' lang='lat' dir='ltr'><strong>est</strong></span> <span class='ocrx_word' id='word_1_780' title='bbox 2071 3730 2483 3793; x_wconf 87' lang='lat' dir='ltr'><strong>argumentum:</strong></span> <span class='ocrx_word' id='word_1_781' title='bbox 2518 3719 2600 3774; x_wconf 81' lang='lat' dir='ltr'><strong>ha:</strong></span> <span class='ocrx_word' id='word_1_782' title='bbox 2647 3717 2782 3773; x_wconf 89' lang='lat' dir='ltr'><strong>mihi</strong></span> <span class='ocrx_word' id='word_1_783' title='bbox 2830 3715 3039 3770; x_wconf 66' lang='lat' dir='ltr'><strong>insidiae</strong></span> <span class='ocrx_word' id='word_1_784' title='bbox 3072 3712 3378 3769; x_wconf 85' lang='lat' dir='ltr'><strong>securitatis</strong></span> <span class='ocrx_word' id='word_1_785' title='bbox 3421 3720 3548 3766; x_wconf 86' lang='lat' dir='ltr'><strong>sunt</strong></span> 
     </span>
    </p>
   </div>
   <div class='ocr_carea' id='block_1_100' title="bbox 1941 3804 3546 3874">
    <p class='ocr_par' dir='ltr' id='par_1_100' title="bbox 1941 3804 3546 3874">
     <span class='ocr_line' id='line_1_100' title="bbox 1941 3804 3546 3874; baseline -0.009 -3"><span class='ocrx_word' id='word_1_786' title='bbox 1941 3815 2177 3871; x_wconf 90' lang='lat' dir='ltr'><strong>occasio.</strong></span> <span class='ocrx_word' id='word_1_787' title='bbox 2210 3811 2348 3868; x_wconf 87' lang='lat' dir='ltr'><strong>Num</strong></span> <span class='ocrx_word' id='word_1_788' title='bbox 2393 3811 2465 3867; x_wconf 91' lang='lat' dir='ltr'><strong>ob</strong></span> <span class='ocrx_word' id='word_1_789' title='bbox 2514 3809 2728 3865; x_wconf 86' lang='lat' dir='ltr'><strong>divitias</strong></span> <span class='ocrx_word' id='word_1_790' title='bbox 2772 3807 2978 3863; x_wconf 89' lang='lat' dir='ltr'><strong>insidiis</strong></span> <span class='ocrx_word' id='word_1_791' title='bbox 3024 3804 3267 3874; x_wconf 90' lang='lat' dir='ltr'><strong>objectus</strong></span> <span class='ocrx_word' id='word_1_792' title='bbox 3302 3818 3442 3868; x_wconf 78' lang='lat' dir='ltr'><strong>sum,</strong></span> <span class='ocrx_word' id='word_1_793' title='bbox 3487 3811 3546 3857; x_wconf 91' lang='lat' dir='ltr'><strong>ut</strong></span> 
     </span>
    </p>
   </div>
   <div class='ocr_carea' id='block_1_101' title="bbox 1942 3896 3547 3974">
    <p class='ocr_par' dir='ltr' id='par_1_101' title="bbox 1942 3896 3547 3974">
     <span class='ocr_line' id='line_1_101' title="bbox 1942 3896 3547 3974; baseline -0.009 -11"><span class='ocrx_word' id='word_1_794' title='bbox 1942 3907 2202 3964; x_wconf 83' lang='lat' dir='ltr'><strong>doleam?</strong></span> <span class='ocrx_word' id='word_1_795' title='bbox 2232 3921 2360 3962; x_wconf 89' lang='lat' dir='ltr'><strong>num</strong></span> <span class='ocrx_word' id='word_1_796' title='bbox 2388 3905 2458 3959; x_wconf 88' lang='lat' dir='ltr'><strong>ob</strong></span> <span class='ocrx_word' id='word_1_797' title='bbox 2490 3911 2730 3974; x_wconf 88' lang='lat' dir='ltr'><strong>peccata,</strong></span> <span class='ocrx_word' id='word_1_798' title='bbox 2779 3909 2838 3959; x_wconf 85' lang='lat' dir='ltr'><strong>ut</strong></span> <span class='ocrx_word' id='word_1_799' title='bbox 2883 3897 3133 3970; x_wconf 87' lang='lat' dir='ltr'><strong>lugeam?</strong></span> <span class='ocrx_word' id='word_1_800' title='bbox 3158 3897 3216 3954; x_wconf 92' lang='lat' dir='ltr'><strong>ld</strong></span> <span class='ocrx_word' id='word_1_801' title='bbox 3264 3896 3440 3964; x_wconf 85' lang='lat' dir='ltr'><strong>patior</strong></span> <span class='ocrx_word' id='word_1_802' title='bbox 3475 3898 3547 3950; x_wconf 89' lang='lat' dir='ltr'><strong>ob</strong></span> 
     </span>
    </p>
   </div>
   <div class='ocr_carea' id='block_1_102' title="bbox 1943 3989 3547 4067">
    <p class='ocr_par' dir='ltr' id='par_1_102' title="bbox 1943 3989 3547 4067">
     <span class='ocr_line' id='line_1_102' title="bbox 1943 3989 3547 4067; baseline -0.009 -11"><span class='ocrx_word' id='word_1_803' title='bbox 1943 4009 2181 4057; x_wconf 89' lang='lat' dir='ltr'><strong>vestrum</strong></span> <span class='ocrx_word' id='word_1_804' title='bbox 2212 4013 2486 4062; x_wconf 88' lang='lat' dir='ltr'><strong>amorem;</strong></span> <span class='ocrx_word' id='word_1_805' title='bbox 2519 3998 2641 4067; x_wconf 88' lang='lat' dir='ltr'><strong>quia</strong></span> <span class='ocrx_word' id='word_1_806' title='bbox 2669 3995 2804 4051; x_wconf 86' lang='lat' dir='ltr'><strong>nihil</strong></span> <span class='ocrx_word' id='word_1_807' title='bbox 2833 4009 2941 4049; x_wconf 88' lang='lat' dir='ltr'><strong>non</strong></span> <span class='ocrx_word' id='word_1_808' title='bbox 2983 4008 3105 4063; x_wconf 87' lang='lat' dir='ltr'><strong>ago,</strong></span> <span class='ocrx_word' id='word_1_809' title='bbox 3133 3999 3190 4047; x_wconf 90' lang='lat' dir='ltr'><strong>ut</strong></span> <span class='ocrx_word' id='word_1_810' title='bbox 3213 4005 3312 4045; x_wconf 90' lang='lat' dir='ltr'><strong>vos</strong></span> <span class='ocrx_word' id='word_1_811' title='bbox 3343 3989 3399 4045; x_wconf 87' lang='lat' dir='ltr'><strong>in</strong></span> <span class='ocrx_word' id='word_1_812' title='bbox 3433 3997 3547 4043; x_wconf 91' lang='lat' dir='ltr'><strong>tuto</strong></span> 
     </span>
    </p>
   </div>
   <div class='ocr_carea' id='block_1_103' title="bbox 1943 4081 3550 4159">
    <p class='ocr_par' dir='ltr' id='par_1_103' title="bbox 1943 4081 3550 4159">
     <span class='ocr_line' id='line_1_103' title="bbox 1943 4081 3550 4159; baseline -0.011 -10"><span class='ocrx_word' id='word_1_813' title='bbox 1943 4092 2318 4159; x_wconf 90' lang='lat' dir='ltr'><strong>collocemini;</strong></span> <span class='ocrx_word' id='word_1_814' title='bbox 2349 4099 2408 4146; x_wconf 91' lang='lat' dir='ltr'><strong>ut</strong></span> <span class='ocrx_word' id='word_1_815' title='bbox 2438 4104 2599 4144; x_wconf 90' lang='lat' dir='ltr'><strong>nemo</strong></span> <span class='ocrx_word' id='word_1_816' title='bbox 2642 4087 2849 4142; x_wconf 90' lang='lat' dir='ltr'><strong>alienus</strong></span> <span class='ocrx_word' id='word_1_817' title='bbox 2886 4100 2945 4140; x_wconf 90' lang='lat' dir='ltr'><strong>se</strong></span> <span class='ocrx_word' id='word_1_818' title='bbox 2974 4083 3026 4138; x_wconf 90' lang='lat' dir='ltr'><strong>in</strong></span> <span class='ocrx_word' id='word_1_819' title='bbox 3055 4081 3200 4137; x_wconf 83' lang='lat' dir='ltr'><strong>Ovile</strong></span> <span class='ocrx_word' id='word_1_820' title='bbox 3226 4081 3460 4150; x_wconf 77' lang='lat' dir='ltr'><strong>ingerat;</strong></span> <span class='ocrx_word' id='word_1_821' title='bbox 3492 4087 3550 4132; x_wconf 90' lang='lat' dir='ltr'><strong>ut</strong></span> 
     </span>
    </p>
   </div>
   <div class='ocr_carea' id='block_1_104' title="bbox 1945 4167 3546 4252">
    <p class='ocr_par' dir='ltr' id='par_1_104' title="bbox 1945 4167 3546 4252">
     <span class='ocr_line' id='line_1_104' title="bbox 1945 4167 3546 4252; baseline -0.009 -15"><span class='ocrx_word' id='word_1_822' title='bbox 1945 4183 2150 4237; x_wconf 71' lang='lat' dir='ltr'><strong>illzesus</strong></span> <span class='ocrx_word' id='word_1_823' title='bbox 2185 4196 2317 4252; x_wconf 84' lang='lat' dir='ltr'><strong>grex</strong></span> <span class='ocrx_word' id='word_1_824' title='bbox 2347 4187 2580 4234; x_wconf 88' lang='lat' dir='ltr'><strong>maneat.</strong></span> <span class='ocrx_word' id='word_1_825' title='bbox 2630 4175 2952 4234; x_wconf 85' lang='lat' dir='ltr'><strong>Ccrtaminis</strong></span> <span class='ocrx_word' id='word_1_826' title='bbox 2996 4179 3372 4242; x_wconf 87' lang='lat' dir='ltr'><strong>argumentum</strong></span> <span class='ocrx_word' id='word_1_827' title='bbox 3415 4167 3546 4222; x_wconf 91' lang='lat' dir='ltr'><strong>mihi</strong></span> 
     </span>
    </p>
   </div>
   <div class='ocr_carea' id='block_1_105' title="bbox 1943 4257 3547 4336">
    <p class='ocr_par' dir='ltr' id='par_1_105' title="bbox 1943 4257 3547 4336">
     <span class='ocr_line' id='line_1_105' title="bbox 1943 4257 3547 4336; baseline -0.011 -9"><span class='ocrx_word' id='word_1_828' title='bbox 1943 4272 2143 4327; x_wconf 86' lang='lat' dir='ltr'><strong>sufﬁcit</strong></span> <span class='ocrx_word' id='word_1_829' title='bbox 2167 4272 2234 4326; x_wconf 93' lang='lat' dir='ltr'><strong>ad</strong></span> <span class='ocrx_word' id='word_1_830' title='bbox 2256 4284 2534 4326; x_wconf 87' lang='lat' dir='ltr'><strong>coronam.</strong></span> <span class='ocrx_word' id='word_1_831' title='bbox 2562 4267 2700 4336; x_wconf 84' lang='lat' dir='ltr'><strong>Quid</strong></span> <span class='ocrx_word' id='word_1_832' title='bbox 2726 4266 2868 4320; x_wconf 91' lang='lat' dir='ltr'><strong>enim</strong></span> <span class='ocrx_word' id='word_1_833' title='bbox 2897 4263 3068 4335; x_wconf 88' lang='lat' dir='ltr'><strong>patiar</strong></span> <span class='ocrx_word' id='word_1_834' title='bbox 3093 4277 3190 4331; x_wconf 91' lang='lat' dir='ltr'><strong>pro</strong></span> <span class='ocrx_word' id='word_1_835' title='bbox 3218 4259 3409 4313; x_wconf 86' lang='lat' dir='ltr'><strong>vobis?</strong></span> <span class='ocrx_word' id='word_1_836' title='bbox 3440 4257 3547 4312; x_wconf 82' lang='lat' dir='ltr'><strong>Vos</strong></span> 
     </span>
    </p>
   </div>
   <div class='ocr_carea' id='block_1_106' title="bbox 1945 4351 3549 4429">
    <p class='ocr_par' dir='ltr' id='par_1_106' title="bbox 1945 4351 3549 4429">
     <span class='ocr_line' id='line_1_106' title="bbox 1945 4351 3549 4429; baseline -0.011 -11"><span class='ocrx_word' id='word_1_837' title='bbox 1945 4363 2079 4418; x_wconf 89' lang='lat' dir='ltr'><strong>mihi</strong></span> <span class='ocrx_word' id='word_1_838' title='bbox 2125 4364 2292 4429; x_wconf 90' lang='lat' dir='ltr'><strong>cives,</strong></span> <span class='ocrx_word' id='word_1_839' title='bbox 2335 4375 2434 4416; x_wconf 90' lang='lat' dir='ltr'><strong>vos</strong></span> <span class='ocrx_word' id='word_1_840' title='bbox 2463 4359 2593 4415; x_wconf 89' lang='lat' dir='ltr'><strong>mihi</strong></span> <span class='ocrx_word' id='word_1_841' title='bbox 2635 4369 2836 4428; x_wconf 90' lang='lat' dir='ltr'><strong>patres,</strong></span> <span class='ocrx_word' id='word_1_842' title='bbox 2866 4369 2964 4409; x_wconf 89' lang='lat' dir='ltr'><strong>vos</strong></span> <span class='ocrx_word' id='word_1_843' title='bbox 3009 4353 3141 4409; x_wconf 90' lang='lat' dir='ltr'><strong>mihi</strong></span> <span class='ocrx_word' id='word_1_844' title='bbox 3193 4351 3408 4413; x_wconf 89' lang='lat' dir='ltr'><strong>fratres,</strong></span> <span class='ocrx_word' id='word_1_845' title='bbox 3452 4362 3549 4402; x_wconf 90' lang='lat' dir='ltr'><strong>vos</strong></span> 
     </span>
    </p>
   </div>
   <div class='ocr_carea' id='block_1_107' title="bbox 1945 4440 3546 4522">
    <p class='ocr_par' dir='ltr' id='par_1_107' title="bbox 1945 4440 3546 4522">
     <span class='ocr_line' id='line_1_107' title="bbox 1945 4440 3546 4522; baseline -0.011 -13"><span class='ocrx_word' id='word_1_846' title='bbox 1945 4455 2061 4522; x_wconf 84' lang='lat' dir='ltr'><strong>ﬁlii,</strong></span> <span class='ocrx_word' id='word_1_847' title='bbox 2091 4470 2187 4509; x_wconf 92' lang='lat' dir='ltr'><strong>vos</strong></span> <span class='ocrx_word' id='word_1_848' title='bbox 2213 4453 2476 4518; x_wconf 89' lang='lat' dir='ltr'><strong>membra,</strong></span> <span class='ocrx_word' id='word_1_849' title='bbox 2509 4466 2606 4505; x_wconf 90' lang='lat' dir='ltr'><strong>vos</strong></span> <span class='ocrx_word' id='word_1_850' title='bbox 2637 4465 2854 4518; x_wconf 89' lang='lat' dir='ltr'><strong>corpus,</strong></span> <span class='ocrx_word' id='word_1_851' title='bbox 2888 4462 2980 4500; x_wconf 90' lang='lat' dir='ltr'><strong>vos</strong></span> <span class='ocrx_word' id='word_1_852' title='bbox 3014 4445 3144 4499; x_wconf 91' lang='lat' dir='ltr'><strong>mihi</strong></span> <span class='ocrx_word' id='word_1_853' title='bbox 3167 4445 3276 4507; x_wconf 79' lang='lat' dir='ltr'><strong>lux,</strong></span> <span class='ocrx_word' id='word_1_854' title='bbox 3310 4442 3419 4495; x_wconf 92' lang='lat' dir='ltr'><strong>imo</strong></span> <span class='ocrx_word' id='word_1_855' title='bbox 3446 4440 3546 4493; x_wconf 88' lang='lat' dir='ltr'><strong>hac</strong></span> 
     </span>
    </p>
   </div>
   <div class='ocr_carea' id='block_1_108' title="bbox 1945 4532 3544 4611">
    <p class='ocr_par' dir='ltr' id='par_1_108' title="bbox 1945 4532 3544 4611">
     <span class='ocr_line' id='line_1_108' title="bbox 1945 4532 3544 4611; baseline -0.011 -9"><span class='ocrx_word' id='word_1_856' title='bbox 1945 4548 2065 4603; x_wconf 88' lang='lat' dir='ltr'><strong>luce</strong></span> <span class='ocrx_word' id='word_1_857' title='bbox 2095 4547 2393 4602; x_wconf 88' lang='lat' dir='ltr'><strong>suaviores.</strong></span> <span class='ocrx_word' id='word_1_858' title='bbox 2428 4542 2567 4611; x_wconf 85' lang='lat' dir='ltr'><strong>Quid</strong></span> <span class='ocrx_word' id='word_1_859' title='bbox 2596 4543 2741 4598; x_wconf 87' lang='lat' dir='ltr'><strong>enim</strong></span> <span class='ocrx_word' id='word_1_860' title='bbox 2785 4541 2890 4595; x_wconf 90' lang='lat' dir='ltr'><strong>tale</strong></span> <span class='ocrx_word' id='word_1_861' title='bbox 2933 4538 3064 4593; x_wconf 89' lang='lat' dir='ltr'><strong>mihi</strong></span> <span class='ocrx_word' id='word_1_862' title='bbox 3091 4534 3304 4592; x_wconf 87' lang='lat' dir='ltr'><strong>confert</strong></span> <span class='ocrx_word' id='word_1_863' title='bbox 3343 4532 3544 4596; x_wconf 88' lang='lat' dir='ltr'><strong>radius,</strong></span> 
     </span>
    </p>
   </div>
   <div class='ocr_carea' id='block_1_109' title="bbox 1945 4623 3546 4709">
    <p class='ocr_par' dir='ltr' id='par_1_109' title="bbox 1945 4623 3546 4709">
     <span class='ocr_line' id='line_1_109' title="bbox 1945 4623 3546 4709; baseline -0.011 -16"><span class='ocrx_word' id='word_1_864' title='bbox 1945 4640 2102 4709; x_wconf 86' lang='lat' dir='ltr'><strong>quale</strong></span> <span class='ocrx_word' id='word_1_865' title='bbox 2144 4648 2323 4692; x_wconf 91' lang='lat' dir='ltr'><strong>vestra</strong></span> <span class='ocrx_word' id='word_1_866' title='bbox 2365 4633 2600 4690; x_wconf 82' lang='lat' dir='ltr'><strong>caritas?</strong></span> <span class='ocrx_word' id='word_1_867' title='bbox 2649 4631 2847 4686; x_wconf 83' lang='lat' dir='ltr'><strong>Radius</strong></span> <span class='ocrx_word' id='word_1_868' title='bbox 2894 4630 3021 4684; x_wconf 91' lang='lat' dir='ltr'><strong>mihi</strong></span> <span class='ocrx_word' id='word_1_869' title='bbox 3055 4629 3107 4682; x_wconf 93' lang='lat' dir='ltr'><strong>in</strong></span> <span class='ocrx_word' id='word_1_870' title='bbox 3162 4625 3413 4696; x_wconf 62' lang='lat' dir='ltr'><strong>praesenti</strong></span> <span class='ocrx_word' id='word_1_871' title='bbox 3441 4623 3546 4676; x_wconf 88' lang='lat' dir='ltr'><strong>vita</strong></span> 
     </span>
    </p>
   </div>
   <div class='ocr_carea' id='block_1_110' title="bbox 1947 4713 3548 4793">
    <p class='ocr_par' dir='ltr' id='par_1_110' title="bbox 1947 4713 3548 4793">
     <span class='ocr_line' id='line_1_110' title="bbox 1947 4713 3548 4793; baseline -0.011 -8"><span class='ocrx_word' id='word_1_872' title='bbox 1947 4731 2094 4785; x_wconf 86' lang='lat' dir='ltr'><strong>utilis</strong></span> <span class='ocrx_word' id='word_1_873' title='bbox 2122 4739 2226 4793; x_wconf 87' lang='lat' dir='ltr'><strong>est,</strong></span> <span class='ocrx_word' id='word_1_874' title='bbox 2255 4737 2432 4782; x_wconf 91' lang='lat' dir='ltr'><strong>vestra</strong></span> <span class='ocrx_word' id='word_1_875' title='bbox 2471 4736 2651 4780; x_wconf 89' lang='lat' dir='ltr'><strong>autem</strong></span> <span class='ocrx_word' id='word_1_876' title='bbox 2684 4723 2880 4778; x_wconf 87' lang='lat' dir='ltr'><strong>caritas</strong></span> <span class='ocrx_word' id='word_1_877' title='bbox 2907 4733 3163 4776; x_wconf 89' lang='lat' dir='ltr'><strong>coronam</strong></span> <span class='ocrx_word' id='word_1_878' title='bbox 3205 4715 3335 4771; x_wconf 86' lang='lat' dir='ltr'><strong>mihi</strong></span> <span class='ocrx_word' id='word_1_879' title='bbox 3380 4713 3548 4770; x_wconf 91' lang='lat' dir='ltr'><strong>nectit</strong></span> 
     </span>
    </p>
   </div>
   <div class='ocr_carea' id='block_1_111' title="bbox 1948 4806 3546 4888">
    <p class='ocr_par' dir='ltr' id='par_1_111' title="bbox 1948 4806 3546 4888">
     <span class='ocr_line' id='line_1_111' title="bbox 1948 4806 3546 4888; baseline -0.011 -13"><span class='ocrx_word' id='word_1_880' title='bbox 1948 4821 2000 4875; x_wconf 88' lang='lat' dir='ltr'><strong>in</strong></span> <span class='ocrx_word' id='word_1_881' title='bbox 2030 4819 2233 4875; x_wconf 86' lang='lat' dir='ltr'><strong>futuro.</strong></span> <span class='ocrx_word' id='word_1_882' title='bbox 2258 4819 2388 4874; x_wconf 67' lang='lat' dir='ltr'><strong>Haec</strong></span> <span class='ocrx_word' id='word_1_883' title='bbox 2418 4831 2580 4888; x_wconf 91' lang='lat' dir='ltr'><strong>porro</strong></span> <span class='ocrx_word' id='word_1_884' title='bbox 2607 4815 2728 4871; x_wconf 89' lang='lat' dir='ltr'><strong>dico</strong></span> <span class='ocrx_word' id='word_1_885' title='bbox 2753 4815 2809 4868; x_wconf 89' lang='lat' dir='ltr'><strong>in</strong></span> <span class='ocrx_word' id='word_1_886' title='bbox 2838 4827 2996 4867; x_wconf 90' lang='lat' dir='ltr'><strong>aures</strong></span> <span class='ocrx_word' id='word_1_887' title='bbox 3022 4819 3227 4866; x_wconf 87' lang='lat' dir='ltr'><strong>vestras</strong></span> <span class='ocrx_word' id='word_1_888' title='bbox 3251 4829 3264 4863; x_wconf 94' lang='lat'><strong>:</strong></span> <span class='ocrx_word' id='word_1_889' title='bbox 3296 4806 3423 4878; x_wconf 91' lang='lat' dir='ltr'><strong>quid</strong></span> <span class='ocrx_word' id='word_1_890' title='bbox 3451 4821 3546 4859; x_wconf 88' lang='lat' dir='ltr'><strong>au-</strong></span> 
     </span>
    </p>
   </div>
   <div class='ocr_carea' id='block_1_112' title="bbox 1947 4898 3547 4976">
    <p class='ocr_par' dir='ltr' id='par_1_112' title="bbox 1947 4898 3547 4976">
     <span class='ocr_line' id='line_1_112' title="bbox 1947 4898 3547 4976; baseline -0.01 -10"><span class='ocrx_word' id='word_1_891' title='bbox 1947 4922 2055 4966; x_wconf 85' lang='lat' dir='ltr'><strong>tem</strong></span> <span class='ocrx_word' id='word_1_892' title='bbox 2101 4920 2187 4966; x_wconf 91' lang='lat' dir='ltr'><strong>est</strong></span> <span class='ocrx_word' id='word_1_893' title='bbox 2230 4910 2297 4965; x_wconf 90' lang='lat' dir='ltr'><strong>ad</strong></span> <span class='ocrx_word' id='word_1_894' title='bbox 2345 4907 2672 4964; x_wconf 90' lang='lat' dir='ltr'><strong>audiendum</strong></span> <span class='ocrx_word' id='word_1_895' title='bbox 2704 4904 3004 4976; x_wconf 83' lang='lat' dir='ltr'><strong>promptius</strong></span> <span class='ocrx_word' id='word_1_896' title='bbox 3046 4901 3265 4956; x_wconf 86' lang='lat' dir='ltr'><strong>auribus</strong></span> <span class='ocrx_word' id='word_1_897' title='bbox 3312 4898 3547 4953; x_wconf 86' lang='lat' dir='ltr'><strong>vestris?</strong></span> 
     </span>
    </p>
   </div>
   <div class='ocr_carea' id='block_1_113' title="bbox 1947 4989 3543 5070">
    <p class='ocr_par' dir='ltr' id='par_1_113' title="bbox 1947 4989 3543 5070">
     <span class='ocr_line' id='line_1_113' title="bbox 1947 4989 3543 5070; baseline -0.009 -14"><span class='ocrx_word' id='word_1_898' title='bbox 1947 5002 2052 5056; x_wconf 88' lang='lat' dir='ltr'><strong>Tot</strong></span> <span class='ocrx_word' id='word_1_899' title='bbox 2096 5002 2283 5056; x_wconf 90' lang='lat' dir='ltr'><strong>diebus</strong></span> <span class='ocrx_word' id='word_1_900' title='bbox 2313 5000 2591 5070; x_wconf 88' lang='lat' dir='ltr'><strong>vigilastis,</strong></span> <span class='ocrx_word' id='word_1_901' title='bbox 2620 4997 2860 5066; x_wconf 89' lang='lat' dir='ltr'><strong>nihilque</strong></span> <span class='ocrx_word' id='word_1_902' title='bbox 2890 5009 2987 5049; x_wconf 91' lang='lat' dir='ltr'><strong>vos</strong></span> <span class='ocrx_word' id='word_1_903' title='bbox 3033 4993 3308 5048; x_wconf 81' lang='lat' dir='ltr'><strong>inﬂectere</strong></span> <span class='ocrx_word' id='word_1_904' title='bbox 3351 4989 3543 5061; x_wconf 90' lang='lat' dir='ltr'><strong>potuit,</strong></span> 
     </span>
    </p>
   </div>
   <div class='ocr_carea' id='block_1_114' title="bbox 1949 5084 3544 5162">
    <p class='ocr_par' dir='ltr' id='par_1_114' title="bbox 1949 5084 3544 5162">
     <span class='ocr_line' id='line_1_114' title="bbox 1949 5084 3544 5162; baseline -0.009 -15"><span class='ocrx_word' id='word_1_905' title='bbox 1949 5108 2056 5147; x_wconf 89' lang='lat' dir='ltr'><strong>non</strong></span> <span class='ocrx_word' id='word_1_906' title='bbox 2089 5093 2344 5162; x_wconf 89' lang='lat' dir='ltr'><strong>temporis</strong></span> <span class='ocrx_word' id='word_1_907' title='bbox 2367 5088 2690 5145; x_wconf 87' lang='lat' dir='ltr'><strong>diuturnitas</strong></span> <span class='ocrx_word' id='word_1_908' title='bbox 2716 5086 2994 5150; x_wconf 91' lang='lat' dir='ltr'><strong>emollivit,</strong></span> <span class='ocrx_word' id='word_1_909' title='bbox 3025 5100 3131 5138; x_wconf 89' lang='lat' dir='ltr'><strong>non</strong></span> <span class='ocrx_word' id='word_1_910' title='bbox 3163 5084 3407 5150; x_wconf 86' lang='lat' dir='ltr'><strong>timores,</strong></span> <span class='ocrx_word' id='word_1_911' title='bbox 3439 5096 3544 5134; x_wconf 91' lang='lat' dir='ltr'><strong>non</strong></span> 
     </span>
    </p>
   </div>
   <div class='ocr_carea' id='block_1_115' title="bbox 1948 5171 3542 5240">
    <p class='ocr_par' dir='ltr' id='par_1_115' title="bbox 1948 5171 3542 5240">
     <span class='ocr_line' id='line_1_115' title="bbox 1948 5171 3542 5240; baseline -0.008 -4"><span class='ocrx_word' id='word_1_912' title='bbox 1948 5183 2144 5237; x_wconf 65' lang='lat' dir='ltr'><strong>minae:</strong></span> <span class='ocrx_word' id='word_1_913' title='bbox 2176 5181 2242 5234; x_wconf 91' lang='lat' dir='ltr'><strong>ad</strong></span> <span class='ocrx_word' id='word_1_914' title='bbox 2288 5181 2466 5234; x_wconf 70' lang='lat' dir='ltr'><strong>&quot;mnia</strong></span> <span class='ocrx_word' id='word_1_915' title='bbox 2497 5191 2744 5233; x_wconf 90' lang='lat' dir='ltr'><strong>strenuos</strong></span> <span class='ocrx_word' id='word_1_916' title='bbox 2781 5190 2877 5229; x_wconf 90' lang='lat' dir='ltr'><strong>vos</strong></span> <span class='ocrx_word' id='word_1_917' title='bbox 2918 5173 3256 5229; x_wconf 80' lang='lat' dir='ltr'><strong>exhibuistis.</strong></span> <span class='ocrx_word' id='word_1_918' title='bbox 3309 5171 3375 5225; x_wconf 89' lang='lat' dir='ltr'><strong>Et</strong></span> <span class='ocrx_word' id='word_1_919' title='bbox 3417 5171 3542 5240; x_wconf 88' lang='lat' dir='ltr'><strong>quid</strong></span> 
     </span>
    </p>
   </div>
   <div class='ocr_carea' id='block_1_116' title="bbox 1949 5266 3540 5334">
    <p class='ocr_par' dir='ltr' id='par_1_116' title="bbox 1949 5266 3540 5334">
     <span class='ocr_line' id='line_1_116' title="bbox 1949 5266 3540 5334; baseline -0.009 -6"><span class='ocrx_word' id='word_1_920' title='bbox 1949 5273 2090 5334; x_wconf 86' lang='lat' dir='ltr'><strong>dico,</strong></span> <span class='ocrx_word' id='word_1_921' title='bbox 2114 5287 2212 5326; x_wconf 91' lang='lat' dir='ltr'><strong>vos</strong></span> <span class='ocrx_word' id='word_1_922' title='bbox 2240 5269 2598 5326; x_wconf 78' lang='lat' dir='ltr'><strong>exhibuistis?</strong></span> <span class='ocrx_word' id='word_1_923' title='bbox 2645 5266 2798 5334; x_wconf 89' lang='lat' dir='ltr'><strong>Quod</strong></span> <span class='ocrx_word' id='word_1_924' title='bbox 2836 5279 3051 5333; x_wconf 89' lang='lat' dir='ltr'><strong>semper</strong></span> <span class='ocrx_word' id='word_1_925' title='bbox 3075 5271 3406 5331; x_wconf 89' lang='lat' dir='ltr'><strong>optaveram,</strong></span> <span class='ocrx_word' id='word_1_926' title='bbox 3435 5275 3540 5314; x_wconf 68' lang='lat' dir='ltr'><strong>sae-</strong></span> 
     </span>
    </p>
   </div>
   <div class='ocr_carea' id='block_1_117' title="bbox 1951 5353 3548 5434">
    <p class='ocr_par' dir='ltr' id='par_1_117' title="bbox 1951 5353 3548 5434">
     <span class='ocr_line' id='line_1_117' title="bbox 1951 5353 3548 5434; baseline -0.009 -13"><span class='ocrx_word' id='word_1_927' title='bbox 1951 5367 2157 5422; x_wconf 87' lang='lat' dir='ltr'><strong>cularia</strong></span> <span class='ocrx_word' id='word_1_928' title='bbox 2205 5364 2544 5434; x_wconf 82' lang='lat' dir='ltr'><strong>despexistis,</strong></span> <span class='ocrx_word' id='word_1_929' title='bbox 2576 5371 2735 5416; x_wconf 83' lang='lat' dir='ltr'><strong>terrae</strong></span> <span class='ocrx_word' id='word_1_930' title='bbox 2774 5358 2893 5413; x_wconf 87' lang='lat' dir='ltr'><strong>vale</strong></span> <span class='ocrx_word' id='word_1_931' title='bbox 2936 5355 3186 5415; x_wconf 82' lang='lat' dir='ltr'><strong>dixistis;</strong></span> <span class='ocrx_word' id='word_1_932' title='bbox 3243 5369 3273 5407; x_wconf 89' lang='lat' dir='ltr'><strong>a</strong></span> <span class='ocrx_word' id='word_1_933' title='bbox 3323 5353 3548 5407; x_wconf 84' lang='lat' dir='ltr'><strong>vinculis</strong></span> 
     </span>
    </p>
   </div>
   <div class='ocr_carea' id='block_1_118' title="bbox 1950 5443 3546 5527">
    <p class='ocr_par' dir='ltr' id='par_1_118' title="bbox 1950 5443 3546 5527">
     <span class='ocr_line' id='line_1_118' title="bbox 1950 5443 3546 5527; baseline -0.011 -14"><span class='ocrx_word' id='word_1_934' title='bbox 1950 5458 2195 5527; x_wconf 91' lang='lat' dir='ltr'><strong>corporis</strong></span> <span class='ocrx_word' id='word_1_935' title='bbox 2223 5470 2319 5511; x_wconf 92' lang='lat' dir='ltr'><strong>vos</strong></span> <span class='ocrx_word' id='word_1_936' title='bbox 2361 5453 2728 5525; x_wconf 85' lang='lat' dir='ltr'><strong>expedivistis,</strong></span> <span class='ocrx_word' id='word_1_937' title='bbox 2757 5450 2823 5505; x_wconf 87' lang='lat' dir='ltr'><strong>ad</strong></span> <span class='ocrx_word' id='word_1_938' title='bbox 2855 5447 3065 5503; x_wconf 89' lang='lat' dir='ltr'><strong>beatam</strong></span> <span class='ocrx_word' id='word_1_939' title='bbox 3117 5446 3260 5500; x_wconf 90' lang='lat' dir='ltr'><strong>illam</strong></span> <span class='ocrx_word' id='word_1_940' title='bbox 3305 5443 3546 5514; x_wconf 87' lang='lat' dir='ltr'><strong>philoso-</strong></span> 
     </span>
    </p>
   </div>
   <div class='ocr_carea' id='block_1_119' title="bbox 1953 5539 3544 5622">
    <p class='ocr_par' dir='ltr' id='par_1_119' title="bbox 1953 5539 3544 5622">
     <span class='ocr_line' id='line_1_119' title="bbox 1953 5539 3544 5622; baseline -0.009 -18"><span class='ocrx_word' id='word_1_941' title='bbox 1953 5552 2133 5622; x_wconf 90' lang='lat' dir='ltr'><strong>phiam</strong></span> <span class='ocrx_word' id='word_1_942' title='bbox 2165 5548 2412 5604; x_wconf 89' lang='lat' dir='ltr'><strong>certatim</strong></span> <span class='ocrx_word' id='word_1_943' title='bbox 2457 5545 2804 5618; x_wconf 89' lang='lat' dir='ltr'><strong>properastis.</strong></span> <span class='ocrx_word' id='word_1_944' title='bbox 2838 5543 2966 5598; x_wconf 76' lang='lat' dir='ltr'><strong>Hcce</strong></span> <span class='ocrx_word' id='word_1_945' title='bbox 2994 5539 3124 5595; x_wconf 89' lang='lat' dir='ltr'><strong>mihi</strong></span> <span class='ocrx_word' id='word_1_946' title='bbox 3171 5553 3372 5595; x_wconf 89' lang='lat' dir='ltr'><strong>corona</strong></span> <span class='ocrx_word' id='word_1_947' title='bbox 3399 5545 3544 5601; x_wconf 89' lang='lat' dir='ltr'><strong>sunt,</strong></span> 
     </span>
    </p>
   </div>
   <div class='ocr_carea' id='block_1_120' title="bbox 1954 5628 3543 5708">
    <p class='ocr_par' dir='ltr' id='par_1_120' title="bbox 1954 5628 3543 5708">
     <span class='ocr_line' id='line_1_120' title="bbox 1954 5628 3543 5708; baseline -0.009 -11"><span class='ocrx_word' id='word_1_948' title='bbox 1954 5645 2071 5698; x_wconf 70' lang='lat' dir='ltr'><strong>lucc</strong></span> <span class='ocrx_word' id='word_1_949' title='bbox 2095 5643 2413 5708; x_wconf 89' lang='lat' dir='ltr'><strong>consolatio,</strong></span> <span class='ocrx_word' id='word_1_950' title='bbox 2441 5641 2557 5696; x_wconf 81' lang='lat' dir='ltr'><strong>haec</strong></span> <span class='ocrx_word' id='word_1_951' title='bbox 2577 5639 2779 5706; x_wconf 89' lang='lat' dir='ltr'><strong>unctio,</strong></span> <span class='ocrx_word' id='word_1_952' title='bbox 2811 5637 2927 5692; x_wconf 66' lang='lat' dir='ltr'><strong>haec</strong></span> <span class='ocrx_word' id='word_1_953' title='bbox 2957 5634 3085 5701; x_wconf 90' lang='lat' dir='ltr'><strong>vita,</strong></span> <span class='ocrx_word' id='word_1_954' title='bbox 3114 5631 3232 5688; x_wconf 58' lang='lat' dir='ltr'><strong>haec</strong></span> <span class='ocrx_word' id='word_1_955' title='bbox 3259 5628 3543 5684; x_wconf 87' lang='lat' dir='ltr'><strong>immorta-</strong></span> 
     </span>
    </p>
   </div>
   <div class='ocr_carea' id='block_1_121' title="bbox 1955 5736 2530 5808">
    <p class='ocr_par' dir='ltr' id='par_1_121' title="bbox 1955 5736 2530 5808">
     <span class='ocr_line' id='line_1_121' title="bbox 1955 5736 2530 5808; baseline -0.007 -14"><span class='ocrx_word' id='word_1_956' title='bbox 1955 5736 2117 5794; x_wconf 89' lang='lat' dir='ltr'><strong>litatis</strong></span> <span class='ocrx_word' id='word_1_957' title='bbox 2137 5743 2530 5808; x_wconf 84' lang='lat' dir='ltr'><strong>argumentum.</strong></span> 
     </span>
    </p>
   </div>
  </div>
