4046 6454
542 312 638 369 431

617 424 670 477 ι.
710 419 914 495 (0)3ed
937 419 1093 476 video
1125 417 1384 490 quosdam
1415 419 1504 488 qui
1532 417 1662 472 mihi
1701 427 1942 472 auctores
1969 426 2110 483 sunt,

548 520 607 566 ut
634 513 688 566 in
714 509 1048 582 dogmatibus
1075 509 1208 564 meis
1234 508 1496 564 insistam.
1527 508 1784 578 Pleraque
1818 507 1960 561 enim
1998 521 2118 574 pro-

546 615 704 670 spera
733 602 786 656 in
809 600 1132 656 contrarium
1157 599 1370 666 cedunt,
1399 600 1653 669 quoniam
1680 599 1738 665 il,
1758 597 1951 668 quibus
1975 595 2118 650 vide-

546 691 646 746 bar
685 691 801 746 zelo
826 690 1012 760 plenus
1051 703 1191 756 esse,
1232 689 1286 744 id
1328 689 1661 759 improbitate
1687 702 1781 742 sua
1811 693 2036 757 egerunt
2063 694 2121 741 ut

544 783 880 840 concidenem
909 799 924 836 :
953 781 1042 852 qui
1072 781 1139 837 ad
1166 780 1371 836 libitum
1417 795 1570 836 suum
1609 794 1696 834 me
1735 779 2114 849 deposuerunt,

551 886 648 942 per
665 873 868 928 varium
897 888 1074 928 rerum
1101 874 1299 930 exitum
1345 889 1434 929 me
1455 874 1510 930 in
1555 873 1657 928 hoc
1680 873 1972 930 certamine
1999 872 2118 926 vin-

546 969 713 1018 cunt:
747 977 853 1017 non
904 963 1257 1030 minabantur,
1289 963 1383 1019 sed
1426 964 1711 1021 instabant.
1751 961 1868 1019 iam
1912 971 2120 1032 tempus

548 1061 716 1108 estea
744 1067 1012 1120 enarrare,
1045 1069 1161 1123 quae
1185 1053 1252 1110 ad
1282 1068 1455 1110 meam
1483 1055 1834 1110 calamitatem
1858 1064 2117 1126 spectant.

547 1140 661 1198 Lex
707 1153 808 1209 est,
837 1143 939 1198 sed
976 1143 1246 1214 legislator
1283 1145 1530 1200 vincitur.
1578 1145 1720 1214 Filii,
1751 1161 1846 1214 per
1889 1157 2118 1201 vestram

547 1234 840 1300 caritatem,
859 1233 1012 1289 video
1026 1235 1447 1306 conjurationem
1470 1236 1539 1292 ad
1559 1221 1758 1293 bellum
1783 1235 2118 1294 inferendum

548 1332 817 1392 paratam,
841 1324 1108 1396 Deumque
1132 1327 1468 1383 contumeliis
1515 1326 1761 1384 affectum
1786 1346 1801 1384 :
1831 1328 1986 1383 video
2023 1327 2120 1383 de-

545 1411 751 1481 lapsum
793 1427 1043 1484 agonem,
1075 1425 1129 1470 et
1165 1417 1539 1488 agonothetam
1587 1426 1936 1476 mterentem:
1965 1418 2121 1474 video

545 1505 784 1560 veritatis
828 1507 1223 1576 persuasionem
1255 1525 1647 1579 emarcescere,
1675 1520 1729 1567 et
1768 1511 2120 1581 conspiratio-

546 1610 670 1650 nem
714 1611 984 1667 superare.
1014 1598 1139 1655 Mihi
1181 1601 1255 1656 illi
1284 1603 1580 1672 objiciunt:
1605 1603 1892 1660 Comedisti
1929 1614 1984 1660 et
2029 1604 2123 1659 ha-

549 1685 863 1756 ptizasti.Si
892 1687 990 1742 hoc
1017 1686 1140 1756 feci,
1169 1693 1450 1746 anathema
1475 1692 1544 1747 sit
1568 1693 1729 1759 mihi;
1763 1709 1832 1750 ne
1870 1709 2123 1750 numerer

549 1778 690 1830 inter
722 1776 1034 1848 episcopos;
1066 1794 1135 1836 ne
1176 1781 1278 1836 sim
1307 1797 1428 1838 cum
1470 1785 1707 1855 angelis;
1757 1799 1825 1841 ne
1866 1787 1968 1841 sim
2013 1785 2124 1842 Deo

547 1873 815 1935 acceptus.
839 1866 895 1922 Si
921 1883 1048 1924 vero
1073 1871 1282 1927 comedi
1317 1882 1370 1927 et
1395 1873 1680 1943 baptizari,
1711 1876 1841 1931 nihil
1870 1878 2121 1948 inoppor-

550 1962 677 2011 tune
705 1955 803 2012 feci
824 1957 926 2030 (ὸ).
973 1959 1200 2018 Attende
1227 1961 1510 2034 diligenter
1543 1967 1607 2021 iis
1639 1982 1755 2038 qua:
1779 1967 1920 2036 dico,
1953 1984 2124 2040 neque

550 2042 710 2100 finem
737 2047 948 2104 dicendi
988 2048 1195 2106 faciam.
1235 2052 1350 2108 Non
1394 2069 1480 2111 me
1506 2055 1648 2126 piget
1672 2057 1836 2128 loqui,
1866 2059 2123 2129 vobisque

551 2143 718 2191 tntum
765 2146 849 2193 est
894 2140 941 2194 si
986 2140 1191 2210 loquar.
1218 2143 1323 2199 Sed
1350 2144 1418 2200 ad
1448 2148 1773 2216 propositum
1817 2149 2121 2206 redeamus.

554 2223 747 2280 Dicunt
789 2241 876 2282 me
918 2230 1212 2286 comedisse
1236 2241 1291 2288 et
1319 2233 1635 2304 baptizasse.
1680 2237 1957 2307 Deponant
1998 2256 2124 2310 ergo

550 2314 793 2384 Paulum,
816 2320 960 2390 quod
986 2330 1106 2390 post
1131 2337 1340 2378 cenam
1369 2325 1576 2382 custodi
1604 2330 1836 2385 carceris
1864 2331 2122 2401 baptisma

550 2407 834 2463 contulerit
883 2409 1016 2483 (Act.
1070 2412 1158 2468 l6.
1213 2414 1331 2484 33).
1378 2416 1565 2471 Ausim
1611 2418 1810 2486 dicere,
1858 2420 2126 2490 deponant

553 2497 728 2567 ipsum
762 2499 1052 2570 Christum,
1082 2503 1223 2574 quod
1270 2514 1391 2576 post
1417 2522 1627 2564 ccenam
1675 2509 1947 2580 discipulis
1974 2525 2125 2566 com-

552 2589 856 2645 munionem
900 2592 1122 2663 largitus
1166 2595 1254 2650 sit.
1284 2595 1391 2652 Sed
1429 2596 1544 2652 hazc
1583 2599 1738 2656 nobis
1782 2603 2123 2673 congruentia

549 2691 844 2750 magnaque
870 2692 994 2737 sunt
1023 2700 1038 2737 :
1071 2683 1188 2740 haec
1227 2685 1349 2741 laeta
1378 2689 1521 2758 pacis
1548 2688 1699 2760 signa
1727 2707 1742 2744 :
1781 2690 1899 2746 hazc
1943 2692 2123 2762 populi

548 2771 812 2826 encomia.
837 2773 962 2828 Mihi
989 2789 1208 2843 corona,
1239 2779 1391 2834 vobis
1418 2779 1638 2837 fructus.
1666 2782 1772 2839 Sed
1813 2785 1979 2854 scitis,
2013 2785 2122 2840 fra-

551 2865 681 2928 tres,
711 2876 815 2930 qua
846 2862 915 2918 de
945 2879 1104 2921 causa
1145 2867 1310 2922 velint
1336 2883 1423 2924 me
1448 2869 1734 2940 deponere.
1766 2873 1896 2940 Quia
1925 2885 2127 2946 tapetes

552 2962 660 3002 non
701 2952 948 3021 expandi,
976 2969 1076 3011 nec
1118 2956 1291 3012 serica
1334 2959 1648 3016 vestimenta
1692 2962 1859 3030 indui,
1903 2975 1959 3021 et
2003 2968 2126 3037 quia

552 3037 790 3106 ipsorum
827 3042 1112 3112 ingluviem
1141 3061 1246 3100 non
1276 3045 1404 3102 fovi.
1433 3048 1690 3107 Floruerc
1727 3053 1926 3123 aspidis
1960 3053 2124 3124 fetus,

550 3130 726 3187 adhuc
769 3133 1008 3191 relictum
1047 3146 1137 3205 est
1163 3138 1424 3196 Jezahelis
1472 3154 1653 3198 semen
1684 3162 1698 3198 :
1726 3161 1909 3201 verum
1953 3146 2127 3204 adhuc

551 3219 712 3277 etiam
736 3225 901 3294 gratia
940 3241 1059 3282 cum
1088 3228 1239 3284 Helia
1285 3240 1579 3288 concertat.
1611 3235 1722 3307 Age
1758 3236 1890 3292 mihi
1913 3237 1964 3293 in
2007 3254 2124 3296 me-

555 3312 701 3369 dium
747 3317 1038 3374 mirabilem
1092 3321 1239 3377 illum
1269 3322 1593 3395 divitemque
1637 3328 1758 3382 vitae
1803 3344 2123 3399 praeconem,

554 3404 811 3462 Joannem
848 3408 968 3465 dico
1011 3426 1320 3482 pauperem,
1347 3416 1436 3484 qui
1485 3431 1553 3472 ne
1595 3416 1864 3474 lucernam
1911 3420 2123 3490 quidem

557 3495 894 3565 possidebat;
945 3501 1040 3556 sed
1063 3502 1576 3562 habebatChristum
1608 3508 1903 3578 lampadem
1931 3528 1944 3565 :
1976 3513 2126 3582 cujus

554 3594 713 3656 caput
753 3589 1006 3658 expetivit
1050 3593 1172 3648 Eva;
1218 3597 1583 3653 comministra
1614 3615 1628 3653 :
1664 3613 1785 3668 quze
1831 3609 1886 3654 et
1931 3603 2127 3657 sanctis

553 3677 932 3748 impedimento
956 3683 1072 3749 fuit,
1099 3700 1215 3755 qua:
1239 3688 1527 3757 prophetas
1551 3688 1868 3760 persequuta
1890 3702 1990 3757 est,
2009 3709 2128 3762 quae

555 3771 740 3828 dolose
769 3772 1024 3842 jejunium
1053 3777 1387 3846 prtedicavit,
1417 3795 1535 3850 qua:
1565 3796 1746 3851 parem
1786 3798 1906 3838 cum
1950 3784 2129 3854 vipera

559 3863 1011 3919 nomenclaturam
1060 3867 1320 3934 obtinuit,
1368 3885 1560 3941 nempe
1603 3873 1962 3941 saltationem,
2011 3891 2130 3946 qua:

562 3953 785 4020 prandio
813 3957 1043 4012 nondum
1073 3958 1314 4016 absoluto
1332 3961 1655 4035 saltavit(c).
1677 3965 1792 4020 Non
1819 3967 1980 4021 vitam
2003 3982 2131 4023 con-

557 4043 776 4113 cupivit,
807 4060 912 4100 non
932 4063 1089 4118 opum
1115 4051 1333 4119 molem,
1360 4068 1469 4109 non
1497 4057 1642 4126 regni
1665 4056 1994 4127 dignitatem,
2024 4075 2128 4114 non

557 4135 717 4189 aliam
743 4139 1040 4208 quampiam
1082 4140 1418 4210 facultatem;
1468 4146 1561 4200 sed
1607 4146 1694 4202 dic
1740 4147 1891 4213 mihi,
1922 4165 2125 4220 quaeso,

554 4225 682 4291 quid
723 4225 1078 4284 desideravit?
1106 4231 1274 4302 Caput
1300 4233 1548 4290 hominis.
1579 4237 1715 4305 Quid
1753 4248 1931 4296 autem
1972 4242 2127 4298 dico?

557 4314 675 4371 Non
700 4318 870 4372 solum
901 4318 1151 4391 hominis,
1179 4323 1273 4380 sed
1300 4325 1457 4381 etiam
1488 4329 1845 4400 evangelista.
1876 4332 2124 4388 Attamen

615 4488 825 4568 (mgna:
843 4494 892 4568 in
907 4505 1069 4568 graeco
1079 4500 1350 4568 sequuntur
1364 4500 1729 4568 adjectitia‘sunt
1746 4509 1799 4553 et
1814 4505 2128 4568 Chrysostomi

554 4563 787 4629 essenon
804 4554 1035 4629 videntur
1053 4594 1066 4614 ,
1092 4554 1390 4629 uto'dix-imus
1421 4554 1478 4629 in
1499 4565 1673 4629 attonito
1697 4579 1709 4612 ε
1737 4572 1797 4629 et.
1827 4554 2130 4629 usquead;

558 4618 914 4688 intricatagsunt
937 4625 990 4665 ut
1013 4619 1199 4667 nonnisi
1221 4621 1478 4688 divinando
1500 4624 1685 4688 possint
1707 4628 1871 4676 Latine
1895 4618 2050 4678 reddi.

819 4675 912 4724 sibi
955 4690 1150 4739 prorsus
1183 4669 1523 4733 contradicerer
1540 4669 2131 4755 videt-5m

613 4792 688 4856 (ε)
720 4801 830 4847 Haec
851 4799 1024 4848 mirum
1046 4808 1278 4864 quantum
1300 4804 1384 4856 vel
1403 4807 1588 4869 inepta,
1616 4809 1695 4859 vel
1716 4812 1900 4863 vitiata.

1243 306 1300 364 8.
1336 305 1613 364 JOANNIS
1649 303 2127 372 CHRYSOSTOMI’
2159 302 2474 361 ARCHIEP.
2515 303 3044 362 CONSTANTINOP.

3709 308 3809 364 438

2226 432 2334 472 non
2375 417 2502 472 vicit
2530 429 2705 488 caput,
2734 417 2864 473 licet
2905 415 3190 488 acceperit.
3232 417 3467 473 Abscidit
3509 429 3670 490 caput
3715 437 3805 490 pe-

2225 507 2421 576 tendo,
2475 509 2713 579 iniquum
2764 507 3089 564 desiderium
3139 523 3234 578 per
3290 508 3496 563 discum
3548 511 3800 580 implevit.

2229 597 2380 664 Vide,
2407 605 2462 653 et
2508 599 2705 654 mirare
2753 597 2848 654 Dei
2893 598 3162 653 virtutem.
3210 597 3464 670 Coargnit
3511 600 3806 670 inculpatus

2227 686 2408 753 homo,
2436 688 2608 755 capite
2638 695 2910 743 truncatus
2933 695 3052 752 est;
3099 687 3195 744 sed
3216 689 3306 758 qui
3331 688 3504 760 capite
3529 703 3722 752 caesus,
3753 689 3803 742 in

2226 775 2443 832 dextera
2469 777 2677 834 Christi.
2695 786 2798 846 est,
2831 778 2975 832 illam
3012 791 3144 833 vero
3174 778 3569 848 indeprecabile
3609 778 3806 848 suppli—

2227 869 2366 923 cium
2398 869 2614 938 excipit.
2649 867 2856 924 Rursus
2883 869 3000 938 ejus
3026 881 3233 934 semen,
3265 869 3538 938 Spinosum
3567 882 3803 940 germen,

2227 961 2419 1031 quaerit
2442 968 2497 1016 et
2520 958 2754 1016 festinat.
2776 959 2884 1016 Sed
2922 959 3180 1015 llerodias
3217 959 3437 1015 Joannis
3465 967 3626 1031 caput
3650 973 3809 1028 expe-

2227 1052 2309 1116 tit,
2339 1065 2525 1106 rursus
2549 1050 2889 1105 saltationem
2915 1050 3112 1105 inimus
3137 1063 3242 1104 non
3271 1048 3514 1118 pedibus,
3549 1046 3648 1104 sed
3677 1063 3806 1118 qua-

2226 1142 2330 1198 lem
2360 1143 2533 1197 Mariae
2551 1142 2680 1197 olim
2719 1142 2927 1196 firmam
2965 1149 3022 1196 et
3059 1141 3353 1195 immotam.
3380 1137 3588 1194 Rursus
3619 1139 3812 1194 clamat

2224 1231 2457 1286 Joannes
2484 1246 2548 1287 ac
2575 1232 2704 1287 dicit
2733 1250 2746 1285 :
2776 1229 2902 1286 Non
2930 1231 3046 1285 licet
3085 1230 3178 1284 tibi
3197 1245 3406 1284 tutorem
3432 1229 3617 1284 habere
3639 1228 3812 1300 fratris

2227 1323 2303 1377 tui
2330 1322 2520 1394 (Marc.
2553 1323 2606 1378 6.
2641 1321 2751 1392 18).

2296 1415 2352 1470 5.
2391 1414 2497 1470 Sed
2520 1413 2645 1486 quid
2671 1415 2881 1470 dicam?
2909 1414 3284 1486 Lacrymarum
3311 1419 3395 1468 est
3417 1421 3815 1483 praesenstem-

2225 1520 2361 1576 pus:
2392 1506 2570 1561 omnia
2595 1507 2790 1577 quippe
2811 1505 2878 1561 ad
2906 1505 3248 1577 ignominiam
3271 1511 3512 1574 vergunt,
3547 1511 3603 1559 et
3635 1501 3815 1558 omnia

2228 1607 2437 1668 tempus
2459 1597 2682 1668 judicat.
2726 1600 2929 1654 Aurum
2961 1598 3248 1653 universim
3275 1596 3497 1666 gloriam
3523 1596 3686 1666 parit.
3707 1593 3812 1650 Sed

2225 1703 2323 1760 age
2362 1689 2419 1745 in
2453 1690 2689 1745 medium
2727 1689 2893 1746 David
2929 1689 3198 1746 dicentem
3242 1700 3400 1759 atque
3445 1688 3811 1743 clamantem:

2225 1778 2420 1833 Aurum
2461 1781 2506 1835 si
2528 1781 2720 1852 aﬂuat,
2761 1778 2923 1835 nolite
2959 1796 3048 1834 cor
3082 1795 3336 1850 apponere
3376 1777 3548 1849 (Psal.
3579 1778 3672 1834 61.
3699 1777 3814 1847 ﬂ).

2225 1874 2298 1927 At
2323 1871 2410 1928 dic
2432 1871 2586 1940 mihi,
2613 1872 2745 1939 Quis
2773 1871 2862 1926 ille
2890 1880 3026 1940 erat,
3049 1871 3140 1941 qui
3155 1871 3316 1926 talem
3342 1883 3529 1925 vocem
3560 1868 3817 1940 protulit!

2227 1965 2420 2020 Annon
2445 1963 2595 2035 regni
2623 1963 2887 2034 fastigium
2918 1961 3246 2032 occupabat?
3273 1973 3450 2016 nonne
3475 1959 3528 2014 in
3555 1959 3703 2030 regia
3720 1973 3819 2030 po»-

2228 2061 2419 2112 testate
2443 2055 2814 2127 imperabat‘?
2840 2053 2946 2112 Sed
2974 2070 3081 2110 non
3101 2053 3170 2109 ad
3197 2054 3437 2124 rapinam
3475 2051 3814 2122 respiciebat,

2179 2162 2184 2166 ·
2228 2161 2334 2201 non
2361 2146 2428 2202 ad
2452 2147 2661 2217 pietatis
2679 2145 3119 2212 destructionem,
3146 2159 3252 2200 non
3271 2143 3495 2199 curabat
3515 2141 3815 2208 thesauros,

2227 2239 2324 2295 sed
2357 2239 2643 2296 militarem
2685 2239 2989 2304 delectum;
3030 2253 3137 2293 non
3165 2237 3347 2291 uxoris
3375 2248 3700 2290 consensum
3725 2247 3820 2288 re-

2229 2332 2492 2402 quirebat.
2539 2331 2727 2402 Fugite
2767 2345 2917 2402 ergo,
2948 2329 3222 2394 mulieres,
3260 2327 3466 2383 alienos
3500 2333 3673 2381 cretus
3703 2342 3717 2381 :
3750 2339 3823 2379 ne

2229 2424 2508 2479 consilium
2533 2437 2753 2492 pravum
2783 2420 2914 2476 viris
2937 2419 3195 2476 dederitis
3220 2436 3233 2472 :
3268 2417 3363 2472 sed
3388 2431 3455 2472 ex
3485 2415 3633 2470 hisce
3659 2413 3823 2470 dictis

2230 2529 2330 2570 vos
2349 2514 2684 2571 confirmate.
2712 2513 2853 2570 Num
2876 2511 3236 2569 exstinximus
3260 2509 3530 2567 flammam
3558 2505 3822 2562 vestram?

2233 2621 2359 2662 num
2388 2606 2682 2662 emollitum
2726 2614 2809 2660 est
2850 2618 2944 2659 cor
2971 2602 3243 2659 vestrum?
3270 2599 3377 2656 Sed
3405 2599 3518 2655 scio
3553 2613 3670 2665 vos,
3701 2611 3824 2668 qua:

2229 2697 2410 2752 Mariae
2449 2697 2574 2752 filiae
2617 2697 2769 2763 estis,
2813 2695 3096 2751 utilitatem
3134 2700 3465 2763 accepturas.
3513 2690 3649 2746 Alite
3689 2705 3822 2745 vero

2228 2790 2431 2859 absque
2451 2788 2578 2842 vino
2604 2788 2810 2843 satiata
2835 2793 2983 2854 sunt,
3013 2792 3069 2840 et
3093 2784 3256 2841 ebria
3275 2783 3520 2848 avaritia,
3548 2790 3606 2836 ut
3632 2782 3826 2838 beatus

2233 2879 2430 2934 Paulus
2454 2879 2649 2933 clamat
2675 2885 2731 2933 et
2756 2876 3008 2949 praedicat
3034 2875 3118 2932 bis
3143 2874 3325 2931 verbis
3354 2891 3369 2927 :
3395 2873 3569 2929 Radix
3596 2873 3824 2926 omnium

2229 2969 2700 3024 malorumavaritia
2721 2967 3024 3040 (l.Tim.6.l
3036 2966 3114 3040 0).
3137 2966 3228 3023 Sic
3243 2965 3553 3034 insipientes
3571 2963 3825 3019 mulieres

2229 3075 2389 3116 aures
2434 3075 2559 3116 suas
2603 3060 2875 3128 obturant,
2911 3069 2966 3116 et
2991 3073 3088 3130 pro
3115 3058 3260 3115 bono
3288 3058 3492 3113 semine
3515 3057 3696 3128 spinas
3725 3072 3823 3126 pa-

2230 3153 2395 3207 riunt.
2439 3151 2528 3217 At,
2574 3152 2822 3218 obsecro,
2873 3166 2944 3208 ne
2983 3165 3172 3207 semen
3199 3159 3444 3204 nostrum
3473 3147 3624 3218 quasi
3661 3162 3823 3217 supra

2229 3249 2436 3311 petram
2478 3241 2759 3312 iaciamus.
2802 3240 3003 3296 Christi
3044 3253 3230 3295 sumus
3273 3237 3616 3308 agricultura,
3659 3251 3691 3292 a
3718 3252 3826 3307 quo

2229 3333 2530 3401 audiamus,
2566 3334 2732 3404 Euge,
2761 3347 2917 3389 serve
2940 3331 3107 3399 bone,
3138 3331 3275 3386 intra
3308 3330 3361 3384 in
3389 3328 3607 3384 domum
3647 3341 3822 3382 meam

2232 3425 2445 3495 (Matth.
2497 3425 2588 3482 25.
2636 3425 2754 3493 25),
2805 3440 2874 3481 ne
2915 3423 3050 3479 forte
3088 3421 3228 3478 illius
3256 3419 3402 3475 vocis
3430 3419 3551 3475 loco
3591 3417 3822 3484 dicatur,

2234 3516 2389 3572 Serve
2417 3532 2630 3586 nequam
2652 3515 2760 3588 (Ib.
2790 3532 2837 3570 υ.
2867 3513 2982 3584 26).
3031 3512 3161 3579 Sed,
3190 3512 3439 3578 obsecro,
3469 3509 3644 3565 luceat
3667 3508 3825 3565 insti-

2233 3617 2403 3664 tutum
2429 3618 2665 3665 vestrum
2703 3623 2885 3665 coram
2928 3605 3254 3672 hominibus,
3289 3618 3356 3659 ne
3387 3603 3708 3658 infatuemus
3743 3602 3825 3657 sal

2233 3711 2496 3756 nostrum.
2547 3701 2655 3758 Sed
2694 3701 3072 3772 gloriﬁcamus,
3111 3697 3312 3769 gratias
3359 3710 3599 3766 agamus,
3632 3694 3826 3751 divites

2232 3791 2403 3859 diviti,
2444 3806 2706 3862 pauperes
2731 3793 2960 3863 benigno
2980 3800 3032 3847 et
3058 3803 3347 3860 pauperum
3367 3789 3568 3843 amanti
3585 3786 3822 3854 Christo,

2233 3891 2480 3954 potentes
2507 3883 2740 3938 robustae
2767 3883 2911 3938 illius
2932 3881 3134 3936 manui.
3160 3881 3228 3936 Et
3251 3879 3367 3935 haec
3392 3878 3606 3949 quidem
3636 3877 3704 3934 de
3726 3892 3827 3932 νοο

2233 3973 2339 4028 bis.
2367 3973 2563 4029 Verum
2609 3974 2837 4029 fortasse
2877 3973 3020 4028 Deus
3063 3986 3125 4027 ea
3168 3985 3257 4027 me
3298 3969 3406 4040 pati
3430 3969 3681 4024 concedit
3703 3984 3826 4038 quae

2234 4064 2309 4118 illi
2351 4063 2636 4120 adversum
2680 4079 2768 4120 me
2808 4063 3205 4125 machinantur,
3253 4072 3312 4116 ut
3351 4062 3403 4114 in
3431 4060 3825 4117 calamitatibus

2231 4172 2320 4211 me
2348 4157 2557 4227 probet,
2596 4158 2720 4226 quia
2759 4158 2812 4210 in
2844 4155 3118 4211 laboribus
3143 4153 3363 4209 victoria
3394 4151 3614 4208 omnino
3639 4152 3823 4208 consi-

2231 4249 2345 4310 stit,
2375 4257 2429 4303 et
2461 4263 2556 4318 per
2582 4249 2873 4304 certamina
2900 4254 3228 4316 praeparatur
3251 4258 3468 4299 corona.
3501 4242 3714 4298 Etenim
3739 4243 3824 4298 di-

2229 4340 2387 4395 vinus
2416 4339 2612 4393 Paulus
2637 4337 2795 4392 dixit:
2816 4337 3028 4392 Cursum
3047 4335 3407 4400 consummavi,
3426 4333 3578 4403 ﬁdem
3602 4332 3822 4387 servavi:

2230 4431 2284 4486 in
2313 4432 2505 4500 reliquo
2541 4431 2762 4500 reposita
2797 4437 2868 4483 est
2894 4427 3016 4481 mihi
3042 4443 3228 4481 corona
3250 4426 3463 4496 justititz
3491 4423 3566 4495 (2.
3597 4421 3733 4476 Tim.
3765 4427 3819 4478 4.

2233 4520 2311 4592 7);
2340 4537 2444 4592 qua
2469 4535 2668 4576 corona
2699 4535 2798 4575 nos
2834 4519 3136 4590 dignabitur
3166 4519 3536 4572 universorum
3564 4516 3824 4573 Dominus

2234 4614 2287 4669 in
2316 4614 2530 4671 saecula.
2563 4615 2756 4668 Amen.

2297 4815 2313 4846 ί
2351 4815 2488 4862 Putat
2509 4807 2709 4861 Savilius
2730 4807 3014 4872 legendum,
3037 4804 3334 4864 spimtdcbat.

1733 5360 1896 5422 CUM
1942 5361 2039 5421 DE
2097 5361 2602 5424 EXPULSIONE

625 5559 772 5614 Multi
803 5563 1021 5630 quidem
1053 5565 1270 5631 fluctus,
1291 5576 1343 5622 et
1372 5571 1530 5623 undae
1559 5569 1854 5636 immanes;
1877 5571 1970 5627 sed
2001 5572 2126 5627 sub-

557 5653 726 5720 mergi
759 5668 862 5707 non
895 5669 1121 5711 vereor:
1157 5659 1284 5726 quia
1311 5676 1474 5730 supra
1511 5673 1715 5730 petram
1748 5670 1853 5717 sto.
1887 5663 2126 5719 lnsaniat

2227 5576 2628 5646 quantumlibet
2659 5575 2891 5639 fluctus,
2925 5574 3079 5629 navis
3108 5572 3235 5629 Jesu
3267 5569 3421 5625 obrui
3454 5585 3561 5624 non
3594 5576 3793 5638 potest.

2226 5665 2329 5720 Sed
2379 5666 2508 5735 quid
2551 5665 2794 5737 putant?
2838 5664 2916 5720 Ne
2958 5673 3185 5720 mortem
3229 5677 3452 5725 verear,
3495 5660 3584 5714 cui
3616 5661 3797 5715 vivere

557 5740 846 5804 licetmare
886 5754 1094 5818 petram
1117 5768 1223 5806 non
1244 5763 1419 5824 potest
1437 5770 1776 5814 commovere
1799 5775 1811 5812 :
1838 5757 2126 5828 insurgunt
2225 5756 2477 5816 Christus
2507 5766 2620 5827 cst,
2652 5767 2705 5817 et
2735 5759 2869 5818 mori
2918 5758 3132 5815 lucrum
3177 5753 3446 5827 (Philipp.
3479 5753 3528 5808 l.
3562 5751 3692 5824 9i)?
3719 5748 3798 5806 Nc
