4046 6428
231 317 332 372 [BI

274 455 278 457 ν
303 436 368 488 δ’.
430 434 557 488 AD?
584 431 699 504 δρῶ
721 433 836 495 τοῖς
857 432 1096 503 ἐμαυτοῦ
1117 433 1352 505 δόγμασί
1384 450 1536 497 τινας
1560 435 1826 504 ἐγκαρτε-

234 528 352 596 ρεῖν
388 543 456 596 με
491 526 807 579 πειθόντων.
835 523 994 595 Φέρει
1025 524 1133 596 γὰρ
1172 524 1342 578 πολλὰ
1371 524 1480 579 τῶν
1513 524 1827 596 εὐτυχημά-

229 629 344 668 των
381 618 462 679 είς
494 615 840 670 τούναντίον·
872 615 957 668 ὃτι
1001 609 1083 678 οἷς
1116 615 1337 669 ἐδόκουν
1375 615 1620 687 ζηλωτὴς
1660 610 1824 682 εἶναι,

230 707 636 775 περιπέπτωκα
667 709 735 777 τῇ
775 705 1077 779 μοχθηρίᾳ·
1109 708 1158 760 οί
1191 707 1292 778 μὲν
1325 705 1466 760 κατά
1495 707 1586 760 τὸν
1625 706 1828 777 τρόπον

229 797 628 870 καθαιροῦντες
652 799 843 850 νικῶσι
865 799 958 852 τὸν
982 798 1170 868 ἀγῶνα
1198 801 1265 869 τῇ
1286 799 1520 869 ’διαφορᾷ
1549 797 1658 852 τῶν
1687 814 1828 868 πρα-

231 890 461 960 τμάτων
481 907 494 921 ·
525 891 625 945 οὑκ
656 891 938 960 ἠπείλουν,
973 889 1111 944 ἀλλά
1145 889 1501 960 παρίσταντο.
1530 890 1686 942 Ἔστι
1717 887 1828 958 γάρ

227 981 428 1052 καιρὸς
451 981 548 1035 νῦν
572 983 748 1035 εἰπεῖν
762 982 842 1044 ,τά
880 981 1010 1054 περὶ
1047 980 1147 1051 τῆς
1189 982 1328 1051 ἐμῆς
1357 978 1611 1049 θλίψεως.
1645 980 1830 1049 Νόμος

225 1072 406 1138 ἐστὶν,
432 1073 546 1126 ἀλλ’
576 1076 605 1128 ό
635 1073 930 1145 νομοθέτης
953 1074 1194 1127 νικᾶται.
1220 1073 1420 1136 Τέκνα,
1455 1072 1531 1142 μὰ
1561 1071 1660 1142 τὴν
1694 1071 1831 1140 ὑμε-

226 1159 400 1230 τέραν
460 1162 698 1234 ἀγάπην,
749 1162 929 1232 βλέπω
987 1160 1260 1232 συσκευὴν
1315 1161 1679 1231 πολεμοῦσαν,
1730 1158 1828 1212 καὶ

232 1250 332 1303 τὸν
397 1252 534 1306 Θεὸν
591 1252 984 1326 ὑϐριζόμενον·
1055 1253 1238 1324 βλέπω
1299 1252 1391 1307 τὸν
1462 1252 1652 1322 ἀγῶνα
1733 1252 1829 1304 πί-

231 1356 466 1408 πτοντα,
509 1343 602 1397 καὶ
632 1345 726 1401 τὸν
757 1345 1102 1418 ἀγωνοθέτην
1145 1344 1487 1415 λυπούμενον
1507 1361 1520 1375 ·
1556 1343 1736 1415 βλέπω
1769 1343 1830 1396 16

227 1432 468 1488 ⁴πιθανὸν
516 1435 616 1506 τῆς
665 1437 928 1507 ἀληθείας
987 1437 1408 1510 μαραινόμενον,
1457 1438 1550 1490 καὶ
1601 1436 1701 1506 τὴν
1737 1452 1831 1488 συ-

231 1524 444 1595 σκιυὴν
487 1525 777 1580 ἀνθοῦσαν.
804 1525 1038 1595 Λέγουσι
1067 1543 1178 1599 μοι,
1205 1527 1288 1581 ὅτι
1307 1528 1552 1600 Ἐφαγες
1576 1527 1670 1583 καὶ
1699 1526 1829 1581 ἐϐά-

231 1612 463 1678 πτίσας.
492 1615 559 1669 El
589 1617 824 1688 ἐποίησα
855 1616 1034 1680 τοῦτο,
1062 1616 1310 1687 ἀνάθεμα
1338 1616 1551 1686 ἔσομαι·
1579 1617 1654 1687 μὴ
1677 1618 1833 1690 ἀριθ-

235 1703 476 1778 μηθείην
492 1707 572 1770 είς
601 1707 914 1760 ἐπισκόπων
938 1705 1088 1778 μεθ]
1114 1707 1272 1776 ῥίζαν
1292 1722 1305 1736 ·
1341 1707 1417 1777 μὴ
1441 1706 1686 1777 γένωμαι
1715 1708 1832 1779 μετ’

236 1796 529 1865 ἀγγέλων·
596 1797 672 1868 μὴ
715 1798 902 1870 ἀρέσω
944 1797 1098 1869 Θεῷ·
1164 1801 1214 1852 εί
1255 1799 1313 1852 δέ
1349 1798 1447 1852 καὶ
1491 1798 1694 1868 ἔφαγον
1740 1799 1836 1853 καὶ

237 1886 547 1953 ἐϐάπτισα,
590 1888 744 1942 οὐδὲν
792 1888 1022 1960 ἄκαιρον
1050 1887 1160 1942 τῶν
1193 1889 1538 1961 πραγμάτων
1580 1890 1834 1960 ἐποίησα.

238 1977 494 2049 Πρόσχες
537 1996 628 2050 μοι
669 1978 809 2048 μετὰ
847 1980 1136 2050 ἀκριϐείας
1166 1980 1195 2032 δ
1222 1980 1383 2048 λέγω,
1424 1981 1520 2034 καὶ
1551 1980 1726 2049 λέγων
1767 1980 1828 2033 06

234 2063 548 2135 παύσομαι.
586 2066 739 2136 Ἐμοὶ
783 2067 880 2135 μέν
899 2066 960 2119 16
979 2066 1158 2135 λέγειν
1183 2068 1283 2120 οὐκ
1305 2067 1557 2139 ὀκνηρὸν,
1600 2067 1730 2137 ὑμῖν
1772 2067 1832 2120 δὲ

236 2154 508 2225 ἀσφαλές.
565 2155 704 2209 Ἀλλ’
755 2156 1143 2228 ἐπανέλθωμεν
1191 2158 1286 2211 ἐπὶ
1326 2157 1388 2211 16
1445 2157 1827 2228 προκείμενον.

237 2248 507 2316 Λέγουσιν
530 2249 613 2302 ὅτι
641 2248 841 2317 ἔφαγον
867 2250 962 2303 καὶ
993 2249 1285 2305 ἐϐάπτισα.
1313 2249 1712 2304 Καθελέτωσαν
1739 2242 1836 2302 οῦν

240 2339 479 2405 Παῦλον,
506 2341 588 2394 ὄτι
621 2339 757 2410 μετά
784 2340 847 2393 τὸ
876 2341 1166 2412 δειπνῆσαι
1201 2341 1493 2412 ἐχαρίσατο
1523 2341 1601 2412 τῷ
1634 2342 1837 2412 δεσμο-

239 2427 446 2497 φύλακι
481 2430 542 2482 16
592 2430 894 2500 βάπτισμα.
948 2431 1146 2501 Τολμῶ
1197 2430 1399 2499 λέγειν,
1451 2429 1835 2484 καθελέτωσαν

241 2516 341 2574 καὶ
368 2522 532 2575 αὑτὸν
560 2521 651 2576 τὸν
681 2522 939 2590 Χριστὸν,
967 2523 1049 2576 ὃτι
1085 2521 1225 2593 μετά
1252 2524 1313 2575 τὸ
1345 2523 1560 2578 δεῖπνον
1582 2525 1696 2586 τοῖς
1735 2539 1841 2594 μα-

243 2611 438 2682 θηταῖς
465 2611 564 2683 τὴν
590 2613 872 2669 κοινωνίαν
896 2613 1206 2685 ἐχαρίσατο.
1237 2613 1380 2666 Ἀλλ’
1398 2614 1586 2668 εἰκότα
1618 2613 1715 2668 καὶ
1751 2631 1842 2684 με·

242 2703 388 2773 γάλα
415 2705 548 2775 ἡμῖν
576 2704 748 2758 ταῦτα
768 2721 781 2734 '
811 2705 984 2759 ταῦτα
1013 2705 1214 2776 φαιδρὰ
1239 2707 1340 2777 τῆς
1377 2707 1630 2777 εἰρήνης·
1663 2705 1840 2759 ταῦτα

243 2795 343 2848 τοῦ
375 2794 507 2849 λαοῦ
552 2796 623 2849 τά
680 2797 954 2866 ἐγκώμια.
1021 2792 1188 2867 Ἐμοῦ
1223 2800 1251 2851 6
1291 2798 1580 2867 στέφανος,
1614 2798 1772 2868 ὑμῶν
1812 2800 1842 2852 6

245 2887 483 2958 καρπός.
521 2885 659 2940 Ἀλλ’
700 2888 902 2953 οἴδατε,
933 2889 1237 2960 ἀγαπητοὶ,
1280 2889 1368 2944 διὰ
1399 2891 1453 2942 τί
1509 2907 1576 2960 με
1623 2889 1840 2942 θέλουσι

247 2975 520 3031 καθελεῖν.
548 2979 669 3032 Ὅτι
713 2979 967 3049 τάπητας
1022 2979 1124 3048 οὐχ
1172 2978 1427 3048 ἧπλωσα,
1475 2978 1602 3033 οὔτε
1636 2979 1844 3050 σηρικά

249 3067 445 3137 ίμάτια
466 3067 567 3120 οὐκ
601 3068 962 3139 ἐνεδυσάμην,
999 3068 1096 3121 καὶ
1141 3068 1222 3120 ὅτι
1255 3067 1352 3138 τὴν
1393 3069 1844 3140 γαστριμαργίαν

245 3157 430 3211 αὐτῶν
460 3158 522 3211 06
556 3157 1059 3230 παρεμυθησάμην.
1091 3157 1374 3228 Ἠνθησαν
1405 3158 1516 3230 γὰρ
1549 3158 1616 3212 τά
1645 3159 1843 3227 ἔγγονα

246 3248 349 3319 τῆς
382 3248 628 3314 ἀσπίδος,
672 3248 752 3301 ἔτι
788 3248 1198 3320 περιλέλειπται
1233 3249 1333 3319 τῆς
1369 3249 1610 3314 Ἰεζάϐελ
1641 3251 1670 3303 6
1709 3250 1846 3303 σπό-

253 3351 382 3409 ρος·
417 3335 496 3390 ἔτι
548 3338 606 3390 δὲ
640 3338 737 3391 καὶ
779 3339 813 3408 ἠ
859 3337 1020 3410 χάρις
1058 3337 1140 3409 τῷ
1177 3337 1336 3408 Ἠλία
1391 3338 1842 3408 συναγωνίζεται.

247 3429 388 3497 Φέρε
428 3429 487 3482 δέ
531 3445 622 3499 μοι
652 3430 734 3492 είς
770 3429 937 3499 μέσον
970 3429 1062 3483 τὸν
1111 3428 1427 3500 θαυμαστὸν
1461 3431 1557 3484 καὶ
1591 3429 1848 3485 πλούσιον

246 3518 350 3587 τῆς
398 3518 545 3588 ζωῆς
596 3518 834 3590 κήρυκα,
873 3519 1129 3590 Ἰωάννην
1161 3519 1326 3588 λέγω,
1359 3521 1451 3574 τὸν
1484 3519 1712 3591 πένητα,
1754 3523 1848 3575 καὶ

249 3609 359 3672 ἓως
385 3608 584 3679 λύχνου
619 3609 695 3679 μὴ
736 3611 1081 3682 κτησάμενον
1102 3628 1115 3642 ·
1147 3609 1262 3683 εῐχε
1304 3613 1414 3684 γάρ
1452 3614 1553 3684 τὴν
1586 3613 1848 3685 λαμπάδα

249 3696 347 3752 τοῦ
373 3697 613 3769 Χριστοῦ
634 3715 646 3730 ·
677 3692 737 3752 οῦ
764 3698 866 3770 τὴν
895 3698 1138 3772 κεφαλὴν
1165 3700 1512 3771 ἐπεθύμησεν
1529 3702 1563 3771 ἡ
1585 3701 1685 3771 τῆς
1703 3700 1849 3765 Εὔας

253 3789 695 3861 συλλειτουργὸς,
738 3791 772 3856 ἡ
821 3789 928 3842 τῶν
965 3791 1136 3859 ἁγίων
1184 3792 1443 3862 ἐμπόδιον
1488 3792 1780 3862 γενομένη,
1812 3793 1848 3863 ἡ

253 3881 382 3945 τοὺς
410 3882 697 3954 προφήτας
726 3881 986 3948 διώξασα,
1014 3884 1048 3953 ὴ
1076 3881 1175 3953 τὴν
1201 3885 1261 3936 ἐν
1288 3883 1425 3954 δόλῳ
1453 3884 1709 3953 νηστείαν
1749 3901 1852 3954 κη-

257 3972 491 4046 ρύξασα,
516 3974 550 4044 ἡ
581 3974 840 4044 ὁμότιμον
892 3973 987 4026 τοῦ
1036 3973 1302 4045 ὀνόματος
1341 3975 1445 4044 τῆς
1472 3973 1690 4044 ἐχίδνης
1719 3975 1841 4027 ἑπι-

258 4065 504 4136 σταμένη
549 4065 650 4136 τὴν
679 4065 926 4136 ὄρχησιν,
958 4066 1016 4119 ἐν
1049 4065 1127 4135 τῷ
1158 4065 1366 4138 ἀρίστῳ
1406 4065 1486 4137 τῷ
1523 4065 1706 4118 ἀτελεῖ
1753 4065 1851 4136 ὀρ·

256 4158 566 4228 χησαμένη.
624 4157 741 4212 Οὐκ
792 4156 1106 4229 ἐπεθύμησε
1170 4157 1336 4230 ζωὴν,
1378 4158 1478 4211 οὑκ
1534 4158 1852 4229 ἐπεθύμησε

259 4248 561 4318 χρημάτων
607 4247 791 4316 ὄγκον,
835 4250 896 4301 06
934 4248 1207 4317 βασιλείας
1252 4248 1501 4320 ἀξίωμα,
1541 4250 1643 4302 οὐκ
1686 4250 1854 4320 ἄλλης

260 4341 407 4404 τινὸς
445 4340 784 4410 περιουσίας.
825 4340 962 4394 Ἀλλ’
998 4341 1118 4394 είπέ
1162 4358 1285 4412 μοι,
1322 4342 1599 4412 ἄνθρωπε,
1638 4341 1690 4394 τί
1722 4344 1854 4394 ἐπε-

261 4431 509 4502 θύμησε;
541 4430 797 4503 Κεφαλήν
840 4431 1151 4502 ἀνθρώπου.
1178 4431 1242 4485 Τί
1275 4432 1329 4485 δὲ
1372 4431 1549 4502 λέγω;
1583 4433 1657 4486 Οὐ
1694 4434 1855 4504 μόνον

261 4521 576 4592 ἀνθρώπου,
629 4522 743 4576 ἀλλ’
794 4524 1204 4592 εὐαγγελιστοῦ.
1264 4523 1407 4576 Ἀλλ’
1462 4524 1565 4577 οὑκ
1632 4525 1854 4596 ἐνίκησε

261 4611 506 4666 λαϐοῦσα
572 4612 671 4684 τὴν
732 4613 997 4683 κεφαλήν.
1041 4615 1244 4686 Ἐτεμε
1302 4613 1410 4684 γὰρ
1460 4613 1560 4685 τὴν
1613 4614 1854 4686 κεφαλὴν

263 4707 633 4780 αἰτησαμένη,
681 4708 784 4778 τὴν
835 4708 1035 4780 ἄνομον
1067 4708 1365 4779 ἐπιθυμίαν
1415 4708 1722 4772 σπουδαίως
1766 4709 1856 4763 διὰ

265 4799 494 4862 πίνακος
544 4800 834 4870 δεξαμένη.
864 4799 1060 4863 Βλέπε,
1110 4797 1204 4851 καὶ
1247 4797 1527 4868 θαύμασον
1573 4796 1667 4850 τοῦ
1716 4797 1852 4850 Θεοῦ

265 4891 366 4962 τὴν
403 4891 654 4962 δύναμιν.
679 4891 974 4962 Διήλεγχεν
1013 4893 1040 4943 6
1076 4889 1340 4956 ἀναίτιος,
1383 4888 1708 4961 ἀπετμήθη·
1739 4889 1854 4943 ἀλλ’

1209 321 1440 377 SEBMO
1476 319 1867 387 ANTEQUAM
1908 318 2072 374 IRET
2111 318 2176 373 IN
2212 317 2564 374 EXSlLlUM.
3421 299 3525 356 [3‘3

1927 437 1955 488 6
1989 433 2328 506 ἀποτμηθεὶς
2366 434 2425 486 ἐν
2471 430 2621 502 δεξιᾷ
2641 427 2740 482 τοῦ
2767 423 3030 498 Χριστοῦ,
3059 423 3093 494 ἡ
3125 422 3183 476 δέ
3213 421 3528 491 ἀπαραίτηο

1925 544 2018 581 τον
2047 526 2266 580 κόλασιν
2306 523 2608 594 ἐκδέχεται.
2656 521 2826 574 Πάλιν
2858 517 3076 587 ἐκείνης
3115 514 3178 568 16
3219 513 3464 585 σπέρμα,
3500 513 3530 565 6

1931 617 2131 689 σπόρος
2178 617 2207 670 6
2257 613 2578 684 ἀκανθώδης
2633 610 2887 680 ἐπιζητεῖ
2948 607 3047 660 καὶ
3101 603 3343 660 σπεύδει.
3387 599 3528 654 Ἀλλ’

1940 707 2211 780 Ἡρωδιὰς
2251 707 2500 761 Ἰωάννου
2531 704 2630 775 τὴν
2671 699 2916 770 κεφαλὴν
2959 695 3203 768 ζητοῦσα
3242 693 3408 748 πάλιν
3439 690 3532 762 δρ-

1927 817 2111 873 χησιν,
2138 801 2240 869 οὐχ
2265 799 2331 867 ῆν
2359 799 2472 860 τοῖς
2501 797 2639 848 ποσὶ
2671 791 2960 862 παίζομεν,
2987 789 3129 843 ἀλλά
3153 785 3253 858 τὴν
3283 784 3384 854 τῆς
3412 783 3532 838 Μα-

1935 888 2057 958 ρίας
2097 885 2542 956 ἐπερειδομένην.
2574 881 2744 936 Πάλιν
2778 880 2877 951 βοᾷ
2907 880 3003 934 καὶ
3038 878 3188 946 λέγει
3229 875 3487 944 Ἰωάννης
3513 889 3526 902 ·

1935 981 2059 1033 Οὐκ
2101 977 2308 1042 ἔξεστί
2338 992 2439 1030 σοι
2473 975 2589 1043 τὴν
2618 971 2877 1044 γυναῖκα
2914 970 3081 1040 ἔχειν
3117 968 3226 1022 τοῦ
3263 962 3533 1034 ἀδελφοῦ

1935 1087 2076 1126 σου.

2002 1166 2064 1214 ε’.
2105 1157 2276 1214 Ἀλλὰ,
2293 1157 2348 1210 τί
2377 1156 2517 1210 είπω
2539 1171 2553 1221 ;
2572 1152 2836 1225 Δακρύων
2865 1153 2892 1204 6
2915 1147 3108 1220 παρὼν
3125 1147 3334 1219 καιρός·
3356 1145 3536 1199 πάντα

1932 1252 2044 1323 γὰρ
2071 1253 2150 1314 είς
2179 1249 2394 1314 ἀδοξίαν
2427 1247 2712 1318 ἐκτρέχει,
2750 1244 2848 1299 καὶ
2878 1243 3060 1296 πάντα
3109 1240 3303 1311 χρόνος
3335 1237 3534 1308 κρίνει.

1933 1345 2149 1416 Χρυσὸς
2185 1341 2249 1395 τὸ
2293 1341 2414 1395 ὅλον
2449 1339 2684 1403 δοξάζει.
2727 1336 2889 1390 Ἀλλά
2929 1334 3064 1406 φέρε
3114 1349 3204 1404 μοι
3246 1330 3339 1383 τὸν
3379 1330 3537 1397 ἆγιον

1933 1438 2098 1492 Δαυῒδ
2141 1437 2234 1490 τὸν
2275 1436 2505 1504 λέγοντα
2542 1433 2638 1486 καὶ
2687 1431 2930 1502 βοῶντα·
2980 1425 3224 1497 Χρυσὸς
3261 1424 3369 1478 ἐὰν
3399 1421 3535 1491 ῥέῃ,

1929 1527 2016 1599 μὴ
2052 1527 2452 1595 προστίθεσθε
2509 1523 2783 1594 καρδίαν.
2825 1521 2968 1574 Ἀλλ’
2997 1519 3120 1571 είπέ
3172 1535 3284 1588 μοι,
3335 1516 3420 1578 τίς
3469 1509 3538 1584 ἦν

1934 1612 2089 1683 οὗτος
2121 1619 2150 1670 6
2173 1617 2380 1689 ταύτην
2406 1616 2505 1687 τὴν
2533 1613 2717 1686 φωνὴν
2746 1611 3009 1680 ἐπαφείςς
3045 1609 3184 1678 Οὐχὶ
3220 1606 3284 1660 16
3308 1607 3406 1677 τῆς
3442 1605 3540 1676 βα·-

1939 1708 2148 1773 σιλείας
2188 1708 2280 1760 ἐπὶ
2311 1708 2413 1776 τῆς
2445 1706 2696 1777 κορυφῆς
2725 1701 3089 1771 συγκείμενον
3124 1694 3305 1768 εῖχεν;
3350 1698 3452 1750 οὐκ
3479 1698 3540 1749 ἐν

1937 1803 2004 1870 τῇ
2045 1799 2297 1869 βασιλικῇ
2337 1797 2559 1867 ἐξουσίᾳ
2599 1796 2873 1850 διέταττεν
2900 1805 2960 1859 ι;
3001 1791 3142 1844 Ἀλλ’
3170 1789 3231 1842 06
3264 1788 3402 1859 πρὸς
3441 1787 3541 1858 ἀρ-

1940 1891 2125 1961 παγὴν
2178 1889 2429 1955 ἔϐλεπεν,
2484 1890 2587 1941 οὐκ
2634 1888 2716 1950 είς
2769 1884 3091 1954 καθαίρεσιν
3141 1879 3426 1944 εὐσεϐείας
3470 1875 3541 1950 ἦν

1938 1981 2090 2053 αὐτῷ
2117 1981 2177 2034 16
2203 1981 2482 2052 φρόνημα,
2508 1979 2627 2032 ούδέ
2664 1979 2904 2050 μέριμνα
2931 1975 3243 2046 θησαυρῶν,
3276 1972 3412 2027 ἀλλὰ
3441 1971 3542 2042 τῆς

1887 2097 1892 2104 ·
1941 2073 2325 2145 στρατοπέδων
2372 2071 2676 2140 συλλογῆς·
2708 2071 2769 2122 06
2804 2068 3065 2138 γυναικὸς
3113 2063 3538 2134 συγκατάθεσιν.

1939 2166 2175 2234 Φεύγετε
2211 2159 2328 2226 οῦν,
2354 2165 2634 2231 γυναῖκες,
2661 2160 2761 2224 τάς
2789 2158 3081 2229 ἀλλοτρίας
3123 2157 3420 2225 συλλογάς·
3460 2155 3537 2227 μὴ

1944 2255 2343 2329 συμϐουλεύετε
2379 2256 2496 2318 τοῖς
2538 2254 2767 2325 ἀνδράσι
2808 2250 3145 2323 συμϐουλίαν
3179 2251 3392 2320 κακήν·
3423 2247 3542 2303 ἀλλ’

1936 2349 2314 2420 ἀσφαλίσθητε
2351 2351 2466 2412 τοῖς
2510 2346 2804 2416 λεχθεῖσιν.
2835 2340 2987 2416 *Αρα
3033 2342 3344 2413 ἐσϐέσαμεν
3385 2338 3544 2410 ὑμῶν

1936 2441 2037 2513 τὴν
2066 2440 2216 2514 [H9]
2240 2438 2444 2510 φλόγα;
2474 2435 2584 2512 ἆρα
2607 2436 2890 2509 ἐμαλάχθη
2910 2437 3097 2508 ὑμῖνὴ
3130 2434 3365 2506 καρδίας
3401 2429 3543 2486 Ἀλλ’

1938 2533 2057 2590 οἶδα
2086 2536 2169 2588 ὅτι
2202 2531 2626 2604 ὠφεληθήσεσθε
2680 2530 2780 2602 μὲν
2813 2530 2872 2583 al.
2909 2529 3011 2598 τῆς
3044 2527 3268 2599 Μαρίας
3309 2522 3544 2593 θυγατέ-

1943 2644 2069 2700 ρες·
2107 2626 2268 2681 ἄλλαι
2303 2625 2361 2678 δὲ
2392 2624 2522 2678 ἄνευ
2561 2622 2707 2677 οῐνου
2743 2619 3148 2692 κεκορεσμέναι
3184 2617 3280 2671 καὶ
3315 2615 3547 2688 μεθύου-

1942 2732 2034 2768 σαι
2069 2717 2134 2784 τῇ
2176 2712 2536 2783 φιλαργυρίᾳ,
2582 2711 2659 2775 ὡς
2691 2711 2720 2762 6
2756 2707 3032 2780 μακάριος
3066 2705 3280 2769 Παῦλος
3320 2704 3421 2774 βοᾷ
3447 2704 3546 2757 καὶ

1941 2804 2205 2876 κηρύττει
2233 2805 2437 2872 λέγων·
2478 2799 2629 2860 Ῥίζα
2669 2799 2919 2853 πάντων
2949 2797 3070 2851 τῶν
3103 2794 3306 2851 κακῶν
3332 2795 3373 2865 ἠ
3403 2797 3540 2865 φελ-

1939 2898 2218 2966 αργυρια.
2252 2896 2410 2950 Οὕτω
2452 2897 2549 2948 καὶ
2578 2896 2631 2946 αἱ
2662 2893 2914 2946 ἀσύνετοι
2947 2894 3211 2960 γυναῖκες
3259 2889 3547 2960 ἀποφράτο

1941 3007 2129 3044 τουσιν
2178 2989 2388 3043 ἑαυτῶν
2423 2987 2496 3040 τὰ
2543 2980 2691 3050 ὦτα,
2739 2986 2837 3039 καὶ
2892 2984 3016 3037 ἀντὶ
3072 2982 3276 3052 σπόρου
3336 2979 3547 3049 ἀγαθοῦ

1943 3081 2190 3145 ἀκάνθας
2221 3081 2517 3134 τίκτουσιν.
2558 3077 2743 3141 Ἀλλὰ,
2789 3073 3118 3146 παρακαλῶ,
3153 3073 3228 3145 μὴ
3259 3072 3422 3145 ήμῶν
3454 3071 3548 3125 τὸν

1947 3170 2151 3242 σπόρον
2174 3169 2251 3232 ώς
2275 3167 2367 3222 ἐπὶ
2391 3167 2600 3238 πέτραν
2627 3163 3083 3232 καταϐάλλωμεν.
3108 3158 3349 3233 Χριστοῦ
3379 3160 3549 3230 ἐσμεν

1948 3259 2238 3330 γεώργιον,
2268 3256 2400 3329 παρ’
2424 3249 2486 3311 οῦ
2513 3254 2868 3325 ἀκούσωμεν·
2891 3248 2991 3317 Εὖ,
3020 3250 3177 3305 δοῦλε
3208 3248 3403 3319 ἀγαθὲ,
3436 3249 3550 3302 εῐσ-

1949 3354 2073 3407 ελθε
2099 3353 2180 3416 είς
2215 3350 2307 3404 τὸν
2343 3345 2495 3403 οἶκόν
2526 3365 2630 3419 μου
2650 3365 2665 3378 ·
2712 3347 2789 3419 μὴ
2825 3347 2950 3400 ἀντὶ
2993 3345 3093 3415 τῆς
3123 3344 3310 3414 φωνῆς
3341 3341 3549 3410 ταύτης

1948 3442 2137 3513 λεχθῇ,
2166 3435 2263 3507 Εὖ,
2305 3440 2460 3494 δοῦλε
2493 3438 2657 3493 κακέ.
2697 3436 2879 3502 Ἀλλὰ,
2911 3435 3242 3508 παρακαλῶ,
3276 3433 3550 3505 λαμψάτω

1955 3533 2108 3604 ὑμῶν
2135 3534 2168 3603 ἡ
2202 3530 2448 3585 πολιτεία
2480 3527 2790 3600 ἔμπροσθεν
2812 3526 2924 3580 τῶν
2959 3523 3289 3596 ἀνθρώπων,
3324 3523 3399 3594 μὴ
3437 3539 3552 3594 μω-

1956 3623 2210 3694 ράνωμεν
2257 3619 2417 3691 ἡμῶν
2460 3620 2523 3672 16
2569 3617 2724 3685 ἃλας,
2757 3617 2898 3672 ἀλλὰ
2941 3613 3280 3686 δοξάσωμεν,
3327 3613 3554 3684 εὐχαρι-

1953 3714 2267 3784 στήσωμεν,
2299 3713 2349 3765 οἱ
2385 3709 2636 3765 πλούσιοι
2679 3708 2758 3780 τῷ
2792 3708 3058 3781 πλουσίῳ,
3089 3705 3139 3758 οἱ
3192 3703 3424 3772 πένητες
3473 3701 3553 3775 τῷ

1953 3802 2345 3875 φιλανθρώπῳ,
2375 3803 2470 3856 καὶ
2505 3799 2836 3871 φιλοπτώχῳ
2866 3795 3110 3870 Χριστῷ.
3147 3796 3198 3848 οἱ
3224 3793 3442 3848 δυνατοὶ
3483 3796 3550 3866 τῇ

1952 3895 2193 3966 κραταιᾷ
2247 3893 2395 3964 χειρὶ
2425 3890 2616 3945 αὑτοῦ.
2670 3890 2784 3944 Καὶ
2828 3887 3004 3942 ταῦτα
3053 3885 3154 3957 μὲν
3199 3883 3330 3955 περὶ
3373 3882 3549 3952 ὑμῶν.

1957 3987 2120 4048 Ἴσως
2150 3985 2208 4038 δὲ
2258 3985 2537 4055 συγχωρεῖ
2570 3984 2598 4036 6
2641 3980 2776 4044 Θεὸς
2805 3978 2983 4033 ταῦτά
3025 3994 3094 4049 με
3128 3975 3364 4047 πάσχειν
3407 3975 3554 4047 άπερ

1957 4076 2304 4148 βουλεύονται
2335 4077 2459 4129 κατ’
2496 4074 2654 4145 ἐμοῦ,
2696 4074 2785 4126 ἴνα
2829 4072 2889 4124 ἐν
2936 4071 3246 4141 συμφοραῖς
3277 4067 3553 4138 δοκιμάσῃ

1953 4169 2024 4222 τά
2065 4170 2184 4223 κατ’
2228 4166 2360 4238 ἐμέ·
2412 4167 2494 4220 ὅτι
2547 4167 2606 4219 ἐν
2641 4166 2756 4224 τοῖς
2803 4163 2986 4226 πόνοις
3022 4161 3374 4216 ἐναπόκειται
3425 4157 3548 4228 νίκη

1955 4261 2196 4326 πάντως,
2214 4261 2306 4313 καὶ
2336 4260 2395 4313 ἐν
2411 4260 2524 4323 τοῖς
2541 4257 2750 4326 ἀγῶσιν
2769 4255 3100 4326 ἡτοίμασται
3126 4255 3409 4321 στέφανος.
3435 4250 3553 4303 ’Καὶ

1955 4339 2065 4424 γάρ
2107 4355 2136 4406 ό
2169 4351 2454 4415 θεσπέσιος
2499 4350 2715 4414 Παῦλος
2754 4347 2940 4417 ἔλεγε·
2979 4347 3093 4400 Τὸν
3129 4345 3353 4414 δρόμον
3393 4342 3552 4396 τετέ-

1954 4450 2135 4513 λεκα,
2169 4443 2286 4512 τὴν
2331 4444 2543 4498 πίστιν
2592 4440 2923 4510 τετήρηκα·
2974 4438 3198 4493 λοιπὸν
3241 4435 3554 4492 ἀπόκειταί

1949 4554 2053 4608 μοι
2099 4539 2133 4590 ὀ
2168 4534 2280 4604 τῆς
2329 4535 2726 4603 δικαιοσύνης
2777 4533 3113 4602 στέφανος·
3163 4521 3224 4584 οῦ
3283 4529 3550 4598 στεφάνου

1956 4627 2285 4695 καταξιώσει
2338 4627 2485 4697 ὑμᾶς
2536 4629 2565 4682 6
2609 4627 2720 4681 τῶν
2770 4627 2908 4681 ὅλων
2975 4624 3257 4695 Δεσπότης
3289 4624 3371 4688 είς
3420 4622 3548 4687 τοὺς

1957 4718 2181 4782 αἰῶνας.
2219 4719 2411 4788 ’Λμήν.

2023 4900 2048 4928 ⁸
2071 4897 2284 4948 Savillus
2310 4894 2686 4945 rescribendum
2717 4889 2914 4954 conjicll
2935 4889 3206 4951 διέλαμπεν.

271 5152 3554 5188 ____________________________________._______.._____.__.

1168 5399 1415 5461 IPSIUS
1475 5395 1758 5459 SANCTI
1805 5393 2141 5456 JOANNIS
2183 5390 2641 5454 AGERETUR.

280 5620 535 5676 exsilium
582 5616 1004 5688 pertimescam,
1053 5609 1145 5680 qui
1195 5609 1439 5662 noverim
1485 5604 1699 5660 Domini
1745 5621 1866 5660 cssc
1973 5600 2251 5656 intulerim
2287 5600 2342 5655 in
2365 5600 2513 5656 hunc
2548 5598 2832 5662 immdum,
2858 5598 2951 5653 sed
2984 5613 3163 5668 neque
3185 5595 3404 5654 auferre
3433 5598 3564 5668 quid

282 5726 505 5778 lorram,
537 5718 592 5766 et
621 5705 1015 5779 plenitudinem
1041 5704 1164 5774 ejus
1194 5699 1370 5769 (Ρεαί.
1396 5701 1490 5754 ‘23.
1517 5699 1596 5766 l).
1632 5698 1737 5752 Sed
1770 5699 1868 5751 b0-

1975 5699 2188 5769 possim
2223 5697 2273 5766 (l
2289 5739 2302 5754 .
2329 5697 2466 5751 Tim.
2485 5697 2536 5750 6.
2558 5695 2608 5767 7)
2625 5697 2648 5745 ’ἶ
2667 5692 2948 5762 Quidquid
2970 5694 3198 5748 terroris
3221 5693 3384 5748 habet
3401 5709 3558 5747 mun-

285 5818 478 5862 norum
499 5797 959 5874 proscriptionem
977 5801 1239 5862 metuam,
1262 5793 1354 5865 qui
1378 5791 1712 5861 sciamquod
1734 5791 1867 5848 nihil
1978 5794 2105 5858 dus,
2138 5801 2438 5848 contemno
2474 5811 2484 5845 :
2521 5788 2785 5860 quidquid
2816 5785 3140 5843 delectabile
3171 5786 3358 5852 habet,
3391 5786 3565 5841 rideo.
