4046 6464
518 327 624 380 433

519 437 734 492 Divitias
761 450 864 490 non
891 435 1066 504 cupio,
1099 444 1458 503 paupertatem
1490 448 1593 487 non
1635 432 1909 497 horresco,
1948 447 2092 484 inor-

517 538 621 582 tem
646 543 751 581 non
784 528 964 580 timeo.
996 526 1107 579 Vita
1139 526 1278 580 enim
1303 524 1431 578 mihi
1451 525 1516 578 ad
1541 534 1772 580 vestrum
1804 522 2094 592 profectum

517 615 884 671 tantummodo
911 616 1152 682 ducitur;
1194 615 1286 670 sed
1314 616 1589 670 caritatem
1620 623 1850 669 vestram
1882 627 2092 683 precor,

514 717 571 760 ut
614 723 768 777 aequo
813 708 991 761 animo
1015 707 1151 761 silis.
1178 707 1348 762 Nemo
1378 709 1519 762 enim
1560 722 1656 761 nos
1680 722 1709 759 a
1732 705 1883 759 vobis
1905 706 2099 773 poterit

510 797 785 852 divellere.
816 797 958 862 Quos
1001 797 1146 851 enim
1188 797 1436 852 Christus
1478 796 1770 865 conjunxit,
1806 796 1966 848 homo
1991 811 2095 848 non

511 891 794 958 separabit.
826 890 976 958 Quod
1004 891 1048 944 si
1073 890 1140 945 de
1161 891 1384 944 muliere
1413 899 1467 943 et
1491 890 1603 942 viro
1623 874 1817 942 dicitur
1840 904 1852 940 :
1881 885 2100 955 Propter

512 981 605 1032 hoc
645 982 888 1050 relinquet
926 983 1074 1036 homo
1114 994 1306 1052 patrem
1339 998 1487 1035 suum
1516 991 1560 1034 et
1589 991 1821 1044 matrem,
1855 980 2095 1033 clad/ta:-

510 1071 637 1124 rebit
665 1073 809 1124 uxori
836 1088 959 1134 suat,
989 1084 1033 1126 et
1063 1082 1203 1125 erunt
1229 1073 1326 1126 duo
1344 1074 1394 1124 in
1422 1087 1573 1124 carne
1600 1087 1700 1124 una
1726 1069 1880 1138 (Gen.
1897 1069 2055 1139 2.24)
2081 1085 2094 1121 :

513 1169 569 1215 et
595 1161 638 1215 si
671 1161 971 1229 hujusmodi
1002 1163 1302 1232 nuptiarum
1333 1161 1637 1230 eonjunctio
1661 1161 1727 1215 ab
1755 1160 1970 1214 homine
1991 1175 2095 1212 non

511 1260 685 1319 potest
721 1253 982 1320 separari,
1026 1253 1195 1308 multo
1236 1253 1405 1323 magis
1449 1253 1686 1307 Ecclesia
1728 1267 1832 1306 non
1871 1259 2096 1320 potesta

510 1349 724 1408 pastore
749 1341 947 1397 divelli.
975 1342 1079 1398 Sed
1111 1344 1388 1413 impugnas
1415 1359 1519 1398 me.
1553 1342 1689 1409 Quid
1717 1340 1845 1395 mihi
1888 1342 2099 1396 nocebit

509 1432 836 1502 impugnatio
878 1441 983 1500 tua,
1028 1434 1131 1487 nisi
1176 1435 1298 1503 quia
1326 1449 1413 1488 me
1433 1434 1645 1504 quidem
1673 1433 1951 1487 clariorem
1991 1433 2094 1485 im-

511 1524 922 1592 pugnationibus
965 1525 1065 1579 tuis
1092 1524 1312 1592 reddes,
1341 1533 1460 1579 tuas
1484 1540 1610 1579 vero
1639 1533 1884 1580 conteras
1913 1524 2097 1577 vires?

512 1615 712 1671 Durum
737 1617 879 1672 enim
908 1616 998 1671 tibi
1043 1617 1144 1671 erit
1166 1616 1451 1671 adversum
1476 1616 1748 1670 stimulum
1779 1615 2056 1670 calcitrare
2080 1632 2096 1670 :

512 1709 632 1774 quia
677 1725 781 1763 non
833 1710 1104 1765 stimulum
1148 1709 1419 1776 retundes,
1470 1709 1564 1764 sed
1614 1707 1775 1778 pedes
1819 1707 2099 1761 caleitrans

513 1797 814 1852 vulnerabis
861 1801 995 1870 (Act.
1047 1801 1100 1855 9.
1127 1798 1220 1874 5):
1253 1816 1427 1871 neque
1454 1799 1665 1864 fluctus,
1711 1798 1798 1868 qui
1838 1812 1970 1851 saxo
1997 1795 2098 1849 illi-

513 1886 732 1953 duntur,
783 1891 1007 1956 amplius
1051 1890 1250 1960 aliquid
1295 1891 1595 1960 proficient,
1624 1904 1782 1959 quam
1815 1895 1872 1941 ut
1897 1894 2096 1941 semet-

511 1980 656 2049 ipsOs
685 1981 832 2036 fracti
851 1982 1160 2049 dissolvant,
1194 1992 1248 2038 et
1276 1984 1328 2038 in
1355 1997 1571 2052 spumas
1598 1980 1865 2037 extenuati
1896 1979 2096 2047 deper-

512 2079 654 2125 eant.
702 2071 896 2127 Christi
955 2074 1191 2128 Ecclesia
1238 2073 1371 2128 nihil
1426 2070 1615 2135 fortius
1663 2089 1677 2124 :
1715 2070 1761 2125 si
1813 2069 1934 2140 quis
1978 2083 2096 2123 eam

513 2164 826 2232 impugnare
868 2165 1133 2235 proponit,
1182 2165 1325 2220 vires
1363 2173 1556 2218 atterat
1595 2177 1813 2217 necesse
1841 2171 1960 2216 est:
1995 2160 2098 2215 tale

515 2264 599 2309 est
641 2255 804 2318 enim,
856 2257 999 2310 velut
1054 2256 1100 2311 si
1140 2257 1272 2310 catlo
1321 2255 1517 2310 bellum
1546 2255 1831 2309 meditetur
1875 2252 2092 2308 inferre.

515 2342 727 2399 [lumini
770 2345 816 2400 si
869 2345 1064 2400 bellum
1107 2345 1330 2414 inferas,
1361 2345 1583 2402 fortasse
1612 2345 1811 2411 vinces,
1843 2355 1936 2399 aut
1964 2343 2101 2399 forte

517 2437 745 2492 vinceris
774 2455 792 2491 :
820 2439 1108 2492 Ecclesiam
1129 2439 1345 2494 vincere
1370 2439 1511 2494 nulla
1534 2439 1614 2492 vis
1640 2438 1850 2508 poterit.
1882 2437 1979 2492 Dei
2019 2447 2100 2492 est

516 2527 776 2591 Ecclesia,
806 2529 894 2598 qui
921 2538 1001 2582 est
1025 2529 1273 2584 omnibus
1295 2530 1499 2584 fortior.
1534 2531 1636 2584 Aut
1661 2531 1960 2585 azmutamur
1988 2531 2098 2584 Do-

515 2619 705 2671 minum
724 2621 750 2673 ἱ)
777 2618 1041 2689 Numquid
1066 2620 1298 2688 fortiores
1325 2620 1414 2674 illo
1435 2637 1606 2674 sumus
1627 2622 1703 2691 (1.
1725 2619 1845 2675 Cor.
1873 2621 1959 2676 l0.
1982 2620 2101 2691 22)?

519 2709 656 2763 Deus
703 2708 947 2765 fundavit
997 2712 1120 2778 hoc,
1175 2709 1317 2780 quod
1366 2709 1689 2766 labefactare
1731 2713 1961 2766 conaris.
1993 2713 2100 2766 Aut

516 2801 745 2868 experiri
794 2802 874 2855 vis
922 2802 1209 2871 potentiam
1240 2801 1488 2856 Domini?
1515 2802 1630 2871 Ipse
1653 2811 1734 2857 est
1772 2802 1872 2869 Qui
1899 2805 2100 2871 respicit

516 2907 667 2960 super
693 2902 899 2956 terram,
927 2903 973 2946 et
1000 2893 1122 2964 facit
1151 2909 1263 2946 eam
1289 2901 1500 2947 tremere
1527 2892 1696 2964 (Psal.
1739 2894 1862 2948 105.
1892 2894 2016 2964 5Ξ);
2046 2901 2101 2948 et

519 2983 710 3036 iterum
751 2986 839 3052 qui
880 2984 1052 3053 jubet,
1084 2993 1139 3040 et
1169 2995 1370 3040 tremor
1411 2985 1528 3055 ejus
1555 2985 1831 3040 solidatur.
1861 2988 1970 3040 Aut
1995 3002 2099 3040 non

518 3072 714 3137 vidisti,
749 3082 1066 3130 trementem
1086 3076 1356 3131 civitatem
1381 3085 1524 3132 tuam
1544 3077 1758 3147 quoties
1778 3087 1922 3132 stare
1950 3077 2100 3133 fecit?

517 3165 682 3220 Multo
712 3168 879 3237 magis
906 3168 1198 3224 Eeclesiam
1224 3184 1375 3224 suam
1415 3179 1728 3225 trementem
1756 3170 1948 3240 poterit
1968 3185 2102 3226 con-

521 3259 773 3315 firmare:
809 3261 998 3317 fortior
1043 3264 1184 3318 enim
1221 3263 1459 3318 Ecclesia
1505 3265 1673 3320 multo
1714 3279 1872 3334 quam
1923 3273 2097 3333 terra,

520 3352 628 3404 imo
681 3361 732 3406 et
783 3351 968 3407 fortior
1015 3354 1169 3409 caelo.
1225 3353 1417 3409 Cretum
1487 3365 1533 3408 et
1592 3364 1724 3409 terra
1779 3357 2099 3423 transibunt,

517 3444 666 3497 rerba
703 3453 870 3499 autem
917 3462 1026 3499 mea
1073 3463 1174 3500 non
1227 3447 1507 3501 transibunt
1583 3446 1796 3519 (Matth.
1849 3448 1940 3503 24.
1985 3448 2100 3519 55).

519 3538 649 3601 Quze
717 3536 916 3591 verba?
965 3535 1040 3590 Tu
1091 3554 1144 3591 es
1186 3537 1400 3603 Petrus,
1453 3547 1501 3592 et
1541 3555 1690 3609 super
1730 3540 1860 3592 hanc
1911 3549 2104 3609 petram

518 3625 778 3693 aediﬁcabo
817 3625 1099 3680 Ecclesium
1141 3645 1324 3695 meam,
1349 3637 1396 3682 et
1439 3639 1599 3699 portat
1646 3629 1798 3699 inferi
1840 3645 1942 3683 non
1969 3645 2102 3698 prte-

519 3716 752 3770 valebunt
788 3719 841 3771 in
879 3735 992 3771 eam
1033 3718 1051 3789 (
1089 3718 1171 3772 Ib.
1206 3720 1292 3774 16.
1323 3719 1389 3774 18
1415 3719 1458 3792 ).
1491 3719 1645 3787 Quod
1695 3720 1740 3774 si
1796 3735 1901 3774 non
1929 3721 2104 3774 credis

520 3807 704 3874 \erbo,
731 3808 891 3862 rebus
920 3809 1046 3879 ipsis
1076 3819 1132 3864 et
1159 3810 1410 3880 Operibus
1453 3809 1634 3866 crede.
1666 3809 1860 3876 Quanti
1897 3811 2106 3880 tyranni

520 3901 758 3970 aggressi
783 3913 906 3955 sunt
937 3903 1247 3973 impugnare
1291 3904 1584 3959 Ecclesiam
1615 3902 1747 3958 Dei?
1774 3910 1966 3972 quanta
1996 3913 2107 3957 tor-

523 4001 722 4057 menta,
751 3999 972 4060 quantas
1000 4007 1185 4049 cruces
1218 3992 1593 4060 adhibuerunt,
1633 3993 1802 4064 ignes,
1841 3993 2105 4059 fornaces,

522 4080 679 4145 feras,
713 4080 930 4149 bestias,
957 4083 1162 4152 gladios
1188 4084 1540 4149 intendentes,
1572 4093 1629 4140 et
1655 4084 1783 4139 nihil
1813 4099 1970 4154 agere
2007 4100 2107 4155 po-

523 4170 780 4223 tuerunt?
810 4170 910 4226 Ubi
939 4186 1080 4226 nunc
1120 4182 1244 4227 sunt
1273 4173 1347 4227 illi
1383 4175 1470 4244 qui
1504 4175 1619 4230 haec
1654 4176 1912 4241 fecerunt,
1942 4185 1995 4230 et
2019 4177 2106 4230 ubi

524 4259 599 4313 illi
621 4262 711 4329 qui
737 4260 852 4316 haac
880 4260 1086 4318 fortiter
1115 4265 1484 4332 pertulerunt?
1507 4265 1660 4320 Nunc
1690 4265 1724 4320 ii
1750 4266 1965 4322 aeternis
1991 4282 2106 4337 poe-

525 4353 608 4407 nis
657 4363 987 4422 premuntur,
1039 4365 1094 4412 et
1137 4357 1225 4412 isti
1276 4359 1490 4412 aeternis
1537 4360 1745 4428 gaudiis
1788 4361 2105 4431 eriguntur:

526 4444 690 4514 fulget
728 4446 868 4499 enim
899 4447 1134 4501 Ecclesia
1163 4462 1324 4517 super
1351 4449 1686 4518 splendorem
1716 4452 1876 4516 solis,
1911 4462 1965 4507 et
1992 4467 2110 4521 per-

526 4542 840 4602 sequutores
879 4535 993 4604 ejus
1036 4538 1302 4606 perpetuis
1339 4539 1576 4593 tenebris
1596 4548 1968 4609 conteguntur.
1993 4542 2108 4596 Non

528 4627 659 4694 legis
684 4627 961 4696 scriptum,
993 4629 1114 4698 quia
1142 4629 1384 4684 undecim
1416 4631 1514 4684 soli
1546 4640 1718 4697 erant,
1747 4642 1798 4688 et
1830 4634 1965 4688 vinci
2005 4650 2110 4689 non

531 4719 853 4784 potuerunt?
899 4720 1068 4784 Nunc,
1119 4723 1206 4774 ubi
1256 4721 1403 4775 orbis
1453 4731 1712 4777 terrarum
1762 4725 1996 4793 repletus
2031 4736 2113 4779 est

528 4809 734 4876 piorum
763 4809 1118 4875 multitudine,
1151 4813 1418 4881 quomodo
1446 4823 1695 4882 poterunt
1723 4816 1899 4870 vinci?
1920 4816 2112 4869 Caelum

525 4910 570 4950 et
616 4909 748 4951 terra
790 4900 1090 4966 transibunt,
1123 4902 1268 4956 verba
1305 4914 1468 4958 autem
1518 4921 1628 4958 mea
1659 4921 1759 4958 non
1805 4906 2106 4960 transibunt.

530 4991 596 5044 Et
623 4991 815 5046 merito
849 5009 860 5043 :
893 4995 1066 5046 carior
1114 4995 1254 5049 enim
1287 4996 1520 5051 Ecclesia
1551 4998 1665 5063 Dei,
1698 5013 1854 5068 quam
1896 5001 2107 5054 caalum.

528 5080 643 5134 Non
674 5082 814 5135 enim
848 5081 1082 5138 Ecclesia
1131 5095 1348 5155 propter
1391 5089 1598 5154 caelum,
1627 5089 1719 5144 sed
1751 5102 1968 5161 propter
2010 5092 2110 5146 Ec-

529 5172 744 5224 clesium
794 5171 1002 5225 czelum.
1049 5173 1185 5228 Nihil
1232 5177 1392 5242 enim,
1447 5195 1647 5247 qumso,
1699 5183 1975 5251 perturbet
2019 5198 2112 5237 vos

527 5277 712 5315 eorum
741 5278 859 5332 quae
885 5265 967 5333 agi
994 5265 1205 5319 videtis.
1239 5266 1503 5323 Ponamns
1529 5280 1650 5324 ante
1679 5273 1864 5327 oculos
1900 5284 2112 5330 nostros

529 5352 744 5408 Petrum
774 5370 946 5425 super
971 5371 1134 5426 aquas
1161 5358 1514 5426 incedentem,
1549 5372 1602 5416 et
1632 5379 1814 5431 parum
1843 5365 1965 5433 quid
2006 5367 2111 5419 ha:-

529 5446 800 5511 sitantem,
833 5456 992 5516 atque
1018 5447 1086 5501 ob
1117 5447 1218 5503 hoc
1253 5451 1524 5518 paululum
1564 5454 1971 5522 periclitantem,
2006 5474 2108 5511 non

532 5546 746 5604 propter
776 5539 1064 5606 potentiam
1088 5540 1362 5607 fluctuum,
1391 5543 1480 5596 sed
1512 5552 1725 5612 propter
1751 5546 2109 5602 infirmitatem

533 5626 674 5682 fidei.
721 5627 986 5698 Numquid
1031 5630 1256 5686 humana
1283 5632 1557 5690 voluntate
1584 5635 1686 5691 huc
1727 5639 1988 5704 venimus,
2022 5648 2114 5695 aut

534 5729 746 5788 propter
785 5719 1052 5778 hominem
1097 5723 1199 5779 huc
1238 5725 1479 5795 producti
1525 5732 1746 5786 sumus?
1775 5731 1841 5787 Et
1864 5730 1978 5788 haec
2006 5749 2111 5790 non

1233 331 1291 385 S.
1331 327 1613 385 JOANNIS
1652 324 2132 384 CHRYSOSTOMI
2170 324 2489 380 ARCHlEP.
2529 314 3069 377 CONSTANTINOP.

3691 312 3792 367 454

2214 437 2526 496 arroganter
2553 427 2758 495 loquor,
2792 441 2962 495 neque
2979 424 3231 494 jactantia
3272 423 3520 495 agitatus,
3551 423 3647 478 sed
3680 423 3796 475 ani.

2206 533 2324 573 mos
2354 529 2595 582 vestros,
2630 517 2720 586 qui
2756 516 2891 570 forte
2921 516 3219 579 turbantur,
3249 514 3407 583 cupio
3449 513 3793 567 confirmare.

2204 609 2483 665 Intuemini
2525 624 2651 680 ergo
2696 608 2963 680 quomodo
3017 608 3273 661 Commota
3315 615 3387 659 est
3432 615 3477 658 et
3498 604 3796 658 contremuit

2205 711 2339 756 terra
2391 701 2560 772 (Psal.
2607 702 2694 756 17.
2725 700 2818 772 8),
2867 708 2920 754 ct
2956 709 3131 753 tamen
3183 713 3288 752 non
3339 697 3541 751 corruit
3584 695 3792 750 civitas.

2205 793 2503 860 Quomodo,
2538 791 2896 861 impurissime
2923 789 3153 855 diabole,
3205 789 3499 842 Ecclesium
3540 794 3595 841 te
3643 795 3798 855 putas

2208 901 2364 956 posse
2405 885 2659 954 dejicere,
2702 885 2790 953 qui
2822 892 3112 937 trementes
3150 881 3379 950 parietes
3422 879 3660 948 dejicere
3700 878 3798 931 mi-

2206 979 2347 1032 nime
2374 966 2623 1030 valuisti?
2647 975 2762 1030 Non
2788 985 2869 1030 est
2894 976 2944 1028 in
2973 972 3262 1042 parietibus
3300 969 3568 1033 Ecclesia,
3607 967 3706 1023 sed
3747 968 3798 1021 in

2207 1069 2542 1123 multitudine
2573 1069 2802 1136 piorum.
2834 1067 2970 1120 Ecce
2997 1079 3154 1135 quam
3187 1061 3372 1126 fortes,
3401 1075 3561 1131 quam
3604 1059 3798 1113 immo-

2207 1161 2339 1216 biles
2383 1161 2554 1223 statis,
2603 1175 2710 1213 non
2753 1157 2917 1224 ferro,
2965 1156 3058 1211 sed
3106 1154 3211 1210 fide
3253 1156 3438 1209 vincti.
3483 1152 3550 1208 Et
3573 1150 3707 1222 quid
3737 1151 3804 1206 de

2206 1261 2350 1307 tanta
2377 1252 2714 1307 multitudine
2740 1250 2966 1320 loquor?
2989 1248 3160 1305 Unum
3188 1247 3398 1302 fidelem
3438 1248 3660 1302 vincere
3695 1260 3801 1300 non

2207 1353 2379 1412 potes.
2410 1343 2454 1398 Ο
2483 1342 2714 1407 diabole,
2761 1341 2935 1396 nescis
2963 1355 3082 1410 quae
3108 1339 3200 1394 tibi
3243 1337 3468 1392 fecerint
3493 1338 3803 1407 martyres?

2205 1435 2485 1502 Quomodo
2515 1433 2824 1505 frequenter
2849 1435 3085 1504 ingressa
3114 1439 3197 1487 est
3217 1432 3394 1502 puella
3414 1438 3571 1486 aetate
3591 1439 3802 1497 tenera,

2203 1530 2356 1582 annis
2388 1529 2694 1595 immatura,
2725 1537 2781 1582 et
2823 1527 3033 1581 inventa
3060 1534 3144 1580 est
3171 1523 3315 1579 ferro
3340 1523 3544 1585 fortior.
3575 1536 3702 1577 cum
3729 1522 3804 1575 la-

2203 1627 2317 1674 tera
2345 1619 2464 1688 ejns
2507 1619 2801 1682 seinderes,
2833 1617 2989 1672 fidem
3037 1625 3216 1670 tamen
3263 1613 3379 1684 ejus
3427 1626 3650 1668 movere
3693 1626 3802 1666 non

2203 1710 2432 1779 posses?
2482 1709 2682 1762 Defecit
2731 1707 3034 1777 frequenter
3086 1721 3212 1761 caro
3261 1706 3318 1758 in
3375 1705 3697 1771 tormentis,
3750 1712 3803 1758 et

2203 1800 2367 1855 robur
2412 1799 2534 1854 fidei
2577 1813 2683 1852 non
2726 1798 2953 1862 defecit;
2986 1807 3360 1868 consumptum
3390 1804 3472 1851 est
3499 1807 3717 1864 corpus,
3748 1800 3800 1848 et

2203 1904 2354 1943 mens
2410 1905 2517 1942 non
2575 1889 2744 1959 potuit
2788 1887 3061 1952 inclinari;
3115 1887 3317 1942 interiit
3363 1885 3682 1948 substantia,
3740 1891 3797 1937 et

2203 1981 2432 2050 perstitit
2481 1982 2753 2050 patientia.
2798 1980 2852 2035 Si
2897 1995 3025 2051 ergo
3054 1979 3360 2050 frequenter
3390 1980 3458 2032 ab
3485 1992 3588 2032 una
3625 1976 3803 2047 puella

2203 2071 2374 2125 victus
2395 2087 2472 2136 es,
2504 2071 2774 2144 quomodo
2802 2086 2987 2141 speras
3032 2080 3192 2126 tantae
3221 2071 3380 2139 hujus
3403 2079 3456 2125 et
3481 2078 3587 2124 tam
3628 2068 3806 2124 ﬁdelis

2205 2162 2563 2217 multitudinis
2593 2162 2752 2219 fidem
2784 2172 2835 2218 te
2861 2178 3020 2233 posse
3047 2163 3336 2218 evincere?
3365 2162 3480 2217 Non
3508 2161 3662 2218 audis
3689 2162 3803 2216 Do-

2203 2257 2334 2312 mini
2363 2272 2549 2312 vocem
2599 2256 2866 2312 dicentis:
2924 2256 3078 2324 Quia,
3123 2257 3211 2310 ubi
3255 2257 3358 2310 duo
3401 2265 3489 2309 aut
3539 2265 3642 2309 tres
3684 2263 3806 2307 81ml

2203 2350 2493 2418 congregati
2521 2349 2573 2402 in
2609 2349 2814 2402 nomine
2844 2364 2974 2414 meo,
3004 2347 3071 2401 ibi
3101 2364 3215 2401 sum
3239 2357 3285 2402 et
3306 2364 3396 2418 ego
3442 2350 3494 2400 in
3522 2346 3686 2401 medio
3715 2363 3804 2400 co-

2203 2458 2316 2495 rum
2345 2441 2555 2512 (Matth.
2581 2442 2668 2497 l8.
2699 2439 2834 2513 20)?
2857 2440 3015 2509 Quid,
3041 2440 3130 2495 ubi
3154 2449 3296 2495 tanta
3342 2437 3576 2495 fidelium
3620 2440 3805 2495 multi-

2205 2534 2334 2590 tudo
2362 2543 2445 2589 est
2484 2534 2724 2591 caritatis
2769 2534 2992 2590 nexibus
3022 2533 3228 2588 vincta?
3271 2533 3384 2587 Non
3432 2548 3532 2602 ego
3581 2532 3801 2602 pr0pria

2205 2627 2400 2683 virtute
2429 2627 2662 2694 confido,
2711 2626 2884 2683 habeo
2929 2627 3249 2695 scripturam
3277 2624 3483 2679 Domini
3513 2624 3638 2689 mei,
3681 2637 3803 2676 ma-

2206 2734 2332 2772 num
2373 2718 2539 2789 ipsius
2583 2725 2762 2781 teneo,
2805 2717 2895 2772 illa
2923 2715 3055 2795 mihi
3084 2716 3261 2771 cautio
3288 2715 3418 2770 satis
3443 2723 3550 2768 tuta
3578 2724 3679 2778 est,
3710 2713 3802 2767 illa

2206 2825 2294 2863 me
2347 2823 2594 2864 securum
2644 2807 2832 2862 reddet
2876 2816 2931 2862 et
2982 2805 3341 2876 intrepidum:
3395 2805 3606 2860 etiamsi
3652 2804 3805 2859 orbis

2208 2909 2363 2953 terra:
2379 2905 2795 2965 commoveatur,
2820 2911 2918 2967 ego
2938 2897 3237 2953 cautionem
3263 2897 3468 2952 Domini
3491 2897 3594 2952 mei
3619 2903 3802 2950 teneo.

2208 2989 2352 3056 Lego
2376 3003 2590 3043 manum
2619 2987 2768 3057 ejus;
2807 2992 2920 3058 ipsa
2959 2988 3089 3042 mihi
3119 3003 3302 3044 murus
3340 2996 3423 3042 est
3468 2988 3804 3058 inexpugna-

2208 3077 2348 3131 bilis.
2395 3076 2564 3131 Vultis
2606 3077 2758 3132 vobis
2793 3077 3010 3133 recitem
3042 3077 3253 3132 Domini
3278 3077 3620 3132 cautionem?
3650 3076 3801 3142 Ecce,

2209 3168 2396 3237 inquit,
2451 3167 2705 3221 uobiscum
2737 3183 2850 3221 sum
2887 3167 3116 3221 omnibus
3155 3169 3328 3222 diebus
3369 3184 3528 3236 usque
3569 3167 3640 3220 ad
3676 3182 3806 3220 con-

2205 3259 2586 3313 summationem
2628 3259 2802 3313 seaculi
2848 3258 2956 3328 (Id.
3012 3258 3102 3313 28.
3132 3256 3248 3328 90).
3299 3257 3543 3313 Christus
3588 3272 3805 3313 mecum

2208 3357 2312 3415 est,
2341 3363 2500 3419 quem
2533 3348 2768 3404 timebo?
2797 3349 3018 3403 Etiamsi
3053 3347 3245 3403 fluctus
3286 3349 3545 3417 insurgat,
3590 3347 3805 3403 etiamsi

2211 3449 2377 3494 totum
2431 3439 2650 3508 pelagus
2700 3439 2982 3494 adversum
3034 3454 3122 3494 me
3169 3439 3535 3503 conturbetur,
3591 3439 3802 3494 etiamsi

2212 3533 2508 3602 principum
2554 3531 2720 3598 furor,
2774 3534 2951 3588 omnia
2978 3532 3108 3587 mihi
3157 3533 3246 3588 illa
3287 3548 3500 3587 araneae
3530 3541 3710 3599 erunt,
3749 3543 3807 3587 et

2207 3627 2416 3682 araneis
2464 3626 2751 3695 fragiliora.
2801 3625 2866 3680 Et
2912 3626 3012 3680 nisi
3062 3634 3280 3695 propter
3322 3624 3660 3695 fragilitatem
3707 3640 3806 3679 ve-

2210 3725 2395 3782 stram,
2428 3716 2588 3771 hodie
2629 3731 2736 3770 non
2758 3715 3055 3771 dubitarem
3086 3717 3161 3770 ire
3187 3730 3292 3792 quo
3319 3715 3539 3770 vellent.
3576 3714 3807 3784 Semper

2210 3809 2350 3860 enim
2373 3807 2492 3862 dico
2524 3827 2537 3862 :
2568 3808 2800 3872 Domine,
2825 3809 3056 3861 voluntas
3086 3817 3173 3860 tua
3200 3808 3291 3875 ﬁat
3315 3805 3424 3876 (Id.
3456 3807 3509 3860 6.
3543 3806 3665 3877 l0):
3697 3821 3806 3862 non

2212 3897 2351 3966 quod
2376 3898 2462 3952 ille
2491 3899 2623 3963 vult,
2657 3898 2736 3952 vel
2768 3898 2875 3962 ille,
2909 3897 3003 3952 sed
3033 3896 3172 3966 quod
3204 3906 3258 3950 tu
3287 3897 3368 3950 vis
3395 3912 3405 3951 :
3443 3905 3530 3950 tua
3555 3897 3807 3952 voluntas

2213 3989 2341 4042 mihi
2391 3991 2550 4043 turris
2591 3989 2913 4056 fortissima,
2961 3998 3015 4043 et
3062 3997 3208 4058 petra
3249 3989 3472 4054 stabilis,
3500 3998 3556 4044 et
3580 3988 3806 4044 baculus

2215 4081 2368 4135 ﬁdus.
2396 4079 2450 4135 Si
2482 4090 2535 4134 tu
2559 4081 2636 4134 vis
2663 4095 2976 4150 permanere
2996 4094 3202 4134 mecum
3225 4078 3332 4145 hic,
3363 4078 3537 4134 habeo
3555 4080 3804 4150 gratiam:

2212 4172 2254 4223 si
2283 4186 2386 4225 non
2418 4173 2517 4236 vis,
2551 4173 2780 4227 similem
2822 4172 2997 4227 refero
3029 4157 3282 4241 (gratiam.
3328 4170 3498 4224 Nemo
3547 4186 3643 4226 vos
3671 4187 3804 4226 conn

2216 4263 2411 4328 turbet,
2455 4265 2666 4328 fratres,
2714 4275 2862 4317 orate
2906 4272 3108 4317 tantum
3154 4280 3165 4315 :
3215 4262 3328 4316 [nec
3366 4263 3508 4315 enim
3560 4261 3811 4318 diabolus

2214 4365 2411 4420 movet,
2446 4370 2551 4407 non
2573 4355 2730 4408 aliam
2761 4354 2830 4408 ob
2859 4369 3095 4420 causam,
3128 4370 3283 4422 quam
3326 4362 3385 4408 ut
3414 4353 3661 4424 religiosa
3690 4363 3805 4409 stu.

2213 4447 2296 4499 dia
2331 4455 2504 4499 vestra
2527 4445 2841 4513 disrumpat,
2873 4455 2927 4498 et
2957 4445 3212 4498 exercitia
3235 4455 3430 4511 vestra,
3456 4461 3578 4516 qua:
3605 4444 3660 4499 in
3687 4461 3802 4501 ora;

2218 4538 2446 4591 tionibus
2499 4547 2554 4591 et
2603 4535 2794 4606 vigiliis
2819 4535 3103 4605 gerebatis,
3156 4538 3476 4606 exstinguat.
3535 4535 3644 4592 Sed
3691 4552 3800 4593 non

2217 4628 2504 4694 obtinebit,
2539 4640 2642 4681 nec
2680 4627 2870 4697 eripiet
2907 4643 2937 4680 a
2969 4627 3119 4682 vobis
3159 4627 3329 4682 studia
3361 4628 3607 4699 religiosa
3649 4647 3663 4682 :
3709 4630 3807 4686 nisi

2216 4719 2338 4786 quia
2367 4718 2704 4773 sollicitiores
2730 4733 2824 4773 vos
2851 4719 3105 4784 inveniet,
3148 4728 3200 4773 ct
3242 4719 3557 4775 fervidiores
3586 4719 3804 4776 efficiet.

2216 4811 2457 4864 Crastina
2505 4812 2776 4866 vobiscum
2825 4811 2982 4866 exibo
3024 4811 3088 4866 ad
3133 4812 3440 4868 orationes:
3475 4825 3529 4868 et
3575 4813 3666 4869 ubi
3711 4828 3806 4883 ego

2216 4919 2353 4969 sum,
2384 4903 2452 4958 ibi
2480 4910 2536 4956 et
2555 4918 2648 4956 vos
2673 4903 2822 4956 eritis
2861 4919 2875 4958 :
2907 4911 2962 4958 et
2991 4903 3075 4957 ubi
3119 4918 3214 4958 vos
3241 4905 3391 4969 estis,
3412 4904 3480 4957 ibi
3512 4919 3607 4959 ero
3622 4912 3804 4975 etcgo.

2222 4996 2388 5050 Unum
2421 5011 2616 5064 corpus
2657 5010 2862 5062 sumus,
2910 5012 3080 5065 neque
3113 5006 3271 5064 caput
3299 5012 3328 5050 a
3359 5012 3604 5067 corpore,
3635 5013 3808 5068 neque

2216 5102 2409 5156 corpus
2436 5103 2464 5139 a
2493 5088 2666 5155 capite
2690 5087 3046 5155 separabitur,
3080 5087 3288 5142 etiamsi
3331 5089 3449 5142 loco
3484 5089 3805 5151 dividamur,

2215 5181 2308 5235 sed
2335 5180 2553 5234 caritate
2596 5179 2999 5250 conjungimur;
3026 5195 3123 5250 ego
3153 5195 3182 5233 a
3219 5180 3369 5235 vobis
3396 5195 3494 5235 nec
3520 5191 3691 5236 morte
3721 5182 3806 5236 di-

2216 5271 2399 5326 vellar.
2433 5269 2563 5324 Nam
2593 5271 2691 5325 etsi
2723 5285 2916 5339 corpus
2958 5285 3132 5325 meum
3173 5271 3450 5337 moriatur,
3483 5271 3656 5325 anima
3689 5287 3804 5325 mea

2219 5363 2367 5430 vivit,
2401 5371 2454 5417 et
2480 5363 2790 5416 memoriam
2821 5363 2982 5416 vestri
3014 5361 3230 5416 tenebit.
3262 5361 3368 5416 Vos
3399 5363 3524 5416 estis
3555 5362 3682 5416 mihi
3714 5378 3805 5428 pa-

2221 5464 2350 5517 tres,
2383 5468 2480 5508 vos
2507 5451 2635 5506 mihi
2662 5461 2854 5518 mater,
2885 5467 2979 5506 vos
3009 5453 3135 5506 mihi
3163 5453 3290 5518 vita,
3326 5467 3424 5506 vos
3454 5451 3580 5506 mihi
3604 5455 3805 5522 gratia:

2218 5547 2260 5599 si
2290 5560 2384 5599 vos
2410 5544 2685 5614 prolicitis,
2714 5545 2842 5599 mihi
2871 5545 3120 5615 placebit.
3155 5547 3258 5599 Vos
3289 5546 3418 5600 estis
3445 5561 3640 5599 corona
3664 5561 3806 5610 mea,

2217 5650 2272 5695 et
2293 5641 2489 5696 divitiae
2515 5656 2680 5705 metu;
2709 5655 2804 5694 vos
2830 5639 2957 5695 estis
2984 5639 3263 5694 thesaurus
3286 5655 3454 5692 meus.
3482 5638 3593 5707 Ego
3616 5640 3808 5692 millies

2223 5749 2318 5805 pro
2345 5734 2494 5791 vobis
2539 5733 2799 5791 immolari
2832 5741 3043 5805 paratus
3087 5747 3202 5788 sum
3230 5750 3240 5788 :
3270 5739 3323 5788 et
3350 5746 3444 5788 nec
3476 5734 3648 5804 gratia
3679 5731 3816 5789 mihi
