4046 6446
286 353 302 381 ,.

220 352 315 404 εἲὶ
1134 351 1274 410 CUM
1318 353 1404 407 DE
1445 351 1881 408 EXPIlLSlONE
1922 351 2134 408 IPSIUS
2165 344 2568 403 AGERETUR.

217 469 268 522 in
315 468 417 523 hoc
462 477 564 531 cst,
614 470 710 527 sed
747 470 986 526 debitum
1031 470 1218 526 reddo.
1245 471 1423 525 Bonus
1449 471 1592 526 enim
1623 472 1818 538 'pastor

215 557 375 613 debet
421 561 655 616 animam
698 577 850 618 suam
895 577 992 633 pro
1036 563 1226 618 ovibus
1274 565 1386 618 suis
1411 577 1610 632 ponere
1633 561 1813 632 (Joan.

218 647 309 702 10.
338 648 427 721 Η)
459 651 796 722 :liujusmodi
824 655 970 708 enim
999 670 1145 710 mors
1171 655 1624 710 immortalitatem
1655 655 1814 725 parit.

215 739 334 795 Non
383 744 524 798 enim
571 755 790 815 propter
848 745 1059 801 divitias
1104 748 1288 801 mundi
1335 746 1555 801 insidias
1602 747 1815 815 patior:

215 835 359 904 quod
403 837 446 890 si
492 847 656 906 esset,
704 839 884 908 utique
908 841 1213 895 contristari
1239 840 1491 894 deberem
1519 857 1530 891 :
1563 854 1662 894 nec
1688 854 1817 908 pro-

215 933 338 994 pter
375 927 587 997 aliquod
626 921 921 997 peccatum,
955 931 1048 985 sed
1088 938 1306 1000 propter
1331 931 1629 994 caritatem,
1657 944 1818 999 quam

215 1032 346 1087 erga
377 1033 474 1074 vos
517 1019 726 1076 habeo:
757 1022 880 1091 quia
906 1024 1083 1076 omnia
1111 1038 1230 1093 ago,
1278 1033 1336 1077 ut
1363 1039 1460 1077 vos
1487 1022 1815 1092 proficiatis:

216 1117 274 1162 et
303 1124 370 1162 ne
397 1110 726 1165 subintroeat
753 1113 1074 1168 conturbare
1098 1129 1315 1183 gregem
1338 1114 1474 1168 bene
1495 1115 1817 1181 institutum,

215 1198 317 1254 sed
336 1208 394 1254 ut
423 1203 781 1269 permaneatis
798 1202 849 1257 in
872 1205 1211 1274 simplicitate
1233 1204 1377 1259 fidei.
1408 1205 1533 1260 Haec
1558 1214 1640 1259 est
1660 1220 1820 1260 causa

216 1289 576 1358 periculorum
609 1307 878 1359 meorum,
908 1305 962 1350 et
990 1296 1106 1349 haec
1136 1294 1406 1350 sufficiant
1427 1295 1555 1349 mihi
1578 1296 1645 1350 ad
1667 1312 1821 1353 coro-

215 1397 367 1436 nam.
398 1383 536 1450 Quid
580 1385 724 1440 enim
755 1401 861 1441 non
909 1387 1082 1456 patior
1103 1403 1202 1457 pro
1227 1387 1414 1442 vobis?
1448 1388 1557 1443 Vos
1583 1388 1713 1443 mihi
1738 1390 1821 1444 ci-

213 1487 334 1537 ves,
358 1487 454 1527 vos
480 1474 610 1528 mihi
638 1475 852 1545 fratres,
872 1493 968 1533 vos
991 1477 1124 1533 mihi
1146 1478 1260 1545 lilii,
1286 1495 1380 1535 vos
1403 1480 1534 1534 mihi
1558 1481 1820 1548 membra,

211 1576 317 1617 vos
362 1561 492 1618 mihi
519 1579 734 1636 corpus,
775 1583 873 1623 vos
902 1569 1032 1622 mihi
1060 1570 1170 1636 lux,
1205 1570 1313 1625 imo
1340 1580 1391 1627 et
1425 1572 1524 1626 ista
1557 1571 1675 1626 luce
1697 1571 1822 1626 dul-

212 1654 418 1710 ciores.
445 1653 582 1722 Quid
607 1657 752 1714 enim
792 1659 923 1714 mihi
955 1668 1162 1715 tantum
1196 1671 1452 1732 praestant
1493 1663 1632 1718 radii
1672 1663 1822 1732 solis,

212 1752 479 1814 quantum
507 1748 743 1804 caritatis
771 1759 965 1807 vestrae
992 1752 1246 1824 Splendor
1266 1756 1529 1826 acquirit?
1560 1755 1698 1810 Ecce
1727 1770 1826 1827 pro

215 1837 448 1894 caritate
472 1849 648 1897 vestra
678 1856 874 1899 corona
895 1845 1027 1901 mihi
1057 1857 1274 1917 paratur
1303 1848 1355 1903 in
1385 1849 1564 1905 futuro
1591 1852 1822 1918 saeculo;

219 1926 329 1984 hoc
342 1929 474 1985 mihi
487 1932 616 1990 solis
634 1934 792 2007 hujus
803 1935 1060 2010 splendor
1075 1949 1329 2007 prmstarc
1343 1955 1446 1996 non
1466 1943 1679 2010 poterit.
1701 1941 1827 1997 Hmc

3425 349 3532 406 456
3590 407 3598 415 ,

1925 477 2102 524 autem
2115 469 2237 524 dico
2252 471 2305 524 in
2318 470 2538 526 auribus
2553 469 2908 527 audientium.
2921 469 2990 526 Et
3005 469 3130 542 quid
3149 469 3218 524 ita
3236 469 3301 524 ad
3319 468 3537 524 audien-

1925 561 2051 616 dum
2079 561 2366 616 sollicitum
2396 573 2451 617 et
2473 573 2738 633 paratum,
2762 577 2922 633 quam
2946 578 3109 617 aures
3135 562 3370 617 vestrm?
3397 562 3537 617 Ecce

1924 660 2056 720 quot
2071 651 2186 705 dies
2217 660 2344 705 sunt
2374 651 2516 722 quod
2544 651 2793 723 vigilatis,
2821 661 2875 707 et
2904 652 3111 708 nullum
3132 663 3368 708 vestrum
3391 666 3540 706 som-

1926 743 2073 797 nium
2101 733 2396 810 inclinavit,
2429 758 2529 799 nec
2551 745 2806 814 temporis
2831 745 3062 814 Spatium
3088 743 3312 814 frangit;
3331 742 3535 796 nullum

1929 835 2109 900 timor,
2141 836 2343 889 nullum
2377 837 2538 889 minae
2557 835 2854 902 deterrent,
2878 835 2974 890 sed
3002 844 3175 890 terror
3201 849 3392 889 eorum
3423 833 3536 889 for-

1926 929 2093 983 tiores
2117 944 2212 984 vos
2242 928 2450 984 reddet.
2481 927 2649 983 Video
2680 929 2734 983 in
2761 926 2914 982 vobis
2934 927 3077 996 quod
3100 941 3317 996 semper
3333 926 3536 994 optavi,

1927 1021 2049 1078 ideo
2075 1022 2217 1092 quod
2260 1021 2661 1091 contempsistis
2703 1019 2890 1075 mtmdi
2920 1020 3154 1090 negotia,
3190 1017 3539 1073 renuntiastis

1925 1115 2178 1173 omnibus
2206 1133 2219 1168 :
2250 1115 2379 1169 nihil
2401 1115 2511 1183 jam
2544 1113 2612 1168 de
2642 1121 2806 1178 terra,
2835 1127 3012 1182 neque
3048 1111 3118 1166 de
3145 1110 3376 1165 terrenis
3403 1108 3539 1163 acti-

1927 1206 2029 1262 bus
2058 1208 2325 1278 cogitatis.
2367 1206 2450 1262 Ad
2491 1207 2724 1262 caelestia
2769 1221 2866 1260 vos
2895 1205 3160 1275 migrasse
3197 1203 3308 1272 jam
3337 1216 3536 1266 cerno,

1927 1298 2159 1355 absoluti
2204 1299 2338 1354 estis
2383 1298 2613 1354 vinculis
2656 1297 2921 1368 corporis,
2963 1295 3030 1351 ad
3060 1295 3271 1350 beatam
3309 1293 3458 1348 illam
3487 1301 3545 1346 ct

1925 1393 2199 1447 cmlestem
2230 1391 2557 1447 contenditis
2585 1388 3001 1460 philosoliltiam.
3041 1387 3156 1443 Hoc
3183 1386 3314 1442 mihi
3341 1385 3544 1441 sufficit

1929 1483 2129 1539 vidisse
2177 1483 2245 1538 de
2283 1482 2473 1548 vobis;
2524 1482 2641 1537 hare
2689 1496 2810 1536 mea
2849 1480 3181 1548 consolatio;
3230 1480 3335 1534 ista
3362 1493 3449 1533 me
3491 1478 3543 1531 in

1928 1575 2191 1646 agonibus
2231 1573 2367 1629 meis
2393 1572 2542 1629 velut
2569 1580 2839 1642 unguenta
2873 1570 3120 1643 quaedam
3162 1569 3541 1635 corroborant,

1930 1675 1986 1722 et
2027 1665 2305 1721 fortiorem
2347 1679 2436 1720 me
2464 1662 2726 1733 agonibus
2758 1661 3012 1727 reddunt,
3042 1669 3097 1718 et
3124 1659 3192 1716 ad
3222 1659 3415 1732 gaudia
3443 1658 3545 1713 im-

1928 1757 2177 1812 mortalia
2220 1765 2382 1828 atque
2434 1765 2636 1811 aeterna
2684 1755 3104 1809 transmittunt:
3139 1767 3237 1823 pro
3286 1751 3370 1806 his
3419 1764 3545 1821 gra-

1930 1851 2037 1905 tias
2073 1864 2296 1921 agamus
2340 1850 2473 1917 Deo,
2513 1848 2600 1904 cui
2637 1847 2811 1920 gloria
2850 1847 2906 1903 in
2945 1845 3140 1904 saecula
3193 1844 3543 1900 saeculorum.

1936 1943 2131 1997 Amen.
