4046 6484
548 368 676 424 ιδδ·

1235 366 1294 422 s.
1329 351 1615 424 JoANNts
1650 356 2139 420 CHRYSOSTOMI
2191 353 2510 411 ARCllIEP.
2551 347 3091 412 consummes.

1994 1172 2351 1235 MONITUM

616 1513 792 1568 Aliam
820 1511 1033 1566 edimus
1076 1509 1499 1573 oratiunculam,
1527 1507 1920 1578 Chrysostomo
1955 1504 2285 1575 ascriptam,
2317 1519 2483 1574 quam
2529 1517 2594 1559 ex
2656 1499 2920 1560 Vaticano
2978 1505 3212 1575 quodam
3261 1504 3463 1561 Codice
3527 1504 3800 1583 eruimus,

545 1656 600 1703 et
638 1647 692 1703 in
729 1663 838 1719 qua
867 1655 1063 1718 praeter
1089 1634 1328 1714 initium,
1355 1647 1446 1702 ubi
1474 1648 1723 1718 quaedam
1758 1655 2076 1717 comparent
2114 1645 2305 1702 eadem
2339 1660 2462 1717 quae
2501 1646 2556 1701 in
2596 1646 2766 1718 priori
2805 1647 3074 1712 oratione,
3111 1655 3307 1701 caetera
3348 1646 3626 1716 perplexa,
3667 1644 3797 1699 inti-

547 1815 758 1873 mque
784 1811 928 1858 notae
953 1801 1206 1858 videnlur
1235 1817 1380 1867 esse,
1409 1802 1656 1872 quaedam
1710 1803 1838 1856 item
1888 1817 1955 1857 ex
1997 1801 2302 1872 posteriore
2339 1801 2530 1872 primae
2577 1800 2844 1857 orationis
2885 1809 3042 1870 parte
3079 1810 3353 1871 excerpta.
3398 1797 3578 1854 Unum
3613 1807 3800 1854 tamen

545 1951 645 2008 est,
675 1942 820 2014 quod
850 1941 1014 2013 hujus
1035 1943 1283 2014 opusculi
1310 1942 1646 2013 γηνσιότητα
1675 1958 2024 2013 propugnare
2050 1942 2317 1997 videatur.
2351 1940 2622 1995 Nimirum
2671 1940 3125 2011 Chrysostomus,
3159 1937 3421 1995 Oratione
3465 1937 3642 2008 prima
3671 1948 3800 2008 post

543 2083 779 2141 reditum
809 2086 878 2141 ab
902 2085 1116 2154 exsilio,
1147 2100 1312 2156 quam
1335 2100 1459 2140 cum
1483 2085 1716 2141 eruditis
1745 2101 1884 2156 pene
1916 2085 2170 2141 omnibus
2211 2092 2524 2153 germanam
2557 2097 2867 2149 censemus,
2908 2084 3021 2140 haec
3053 2085 3128 2138 ait
3159 2103 3174 2139 :
3217 2083 3538 2138 Meministis
3583 2099 3665 2137 me
3691 2081 3802 2136 Jo-

545 2226 666 2281 ἕκτη
699 2227 752 2282 in
780 2228 1010 2282 medium
1031 2226 1311 2289 adducere,
1345 2241 1409 2278 ac
1435 2225 1648 2278 dicere:
1682 2221 1762 2277 Sit
1797 2236 1983 2276 nomen
2016 2219 2230 2274 Domini
2266 2218 2593 2274 benedictum
2637 2221 2691 2272 in
2731 2218 2949 2274 sarcula.
2995 2218 3123 2273 Ηωο
3169 2221 3310 2274 vobis
3348 2220 3572 2286 pignora
3611 2221 3799 2275 exiens

1412 3184 1650 3274 CUM
1729 3185 2012 3274 [RET
2087 3185 2210 3275 IN
2284 3183 2919 3275 EXSILIUM.

625 4028 672 4080 l.
716 4028 854 4083 Lazta
885 4030 1038 4085 nobis
1057 4034 1228 4089 oratio
1248 4075 1263 4100 ,
1291 4033 1481 4090 fratres
1505 4075 1520 4103 ,
1547 4035 1962 4108 splendidusquc
1992 4055 2126 4096 con-

545 4129 756 4184 ventus,
788 4131 841 4175 et
867 4122 1026 4177 latnm
1052 4125 1447 4196 spatiosumque
1466 4141 1612 4181 mare
1640 4130 1869 4196 plenum,
1899 4130 1991 4185 sed
2017 4147 2123 4187 non

547 4220 822 4267 ventorum
865 4215 1062 4286 impetu
1083 4218 1357 4288 agitatum.
1390 4219 1544 4274 Venit
1575 4222 1717 4275 enim
1751 4235 1919 4278 mater
1945 4226 2084 4292 pacis
2104 4267 2119 4293 ,
2149 4247 2157 4257 ι

545 4319 665 4372 qua:
692 4316 967 4364 ventorum
999 4310 1251 4380 impetum
1285 4314 1590 4384 exstinguit.
1625 4315 1790 4369 Mater
1820 4316 1946 4372 Sion
1972 4319 2121 4388 dicet,

550 4397 699 4451 homo
718 4410 762 4453 et
785 4401 931 4456 homo
948 4413 1093 4458 natus
1105 4415 1180 4460 est
1203 4408 1254 4460 in
1281 4423 1361 4473 ea,
1380 4417 1426 4460 et
1446 4409 1552 4475 ipse
1573 4410 1800 4478 {undavit
1821 4428 1929 4464 eam
1952 4411 2122 4482 (Psal.

548 4488 638 4543 86.
669 4489 745 4560 5).
775 4491 947 4549 Filioli
994 4496 1135 4562 mei,
1179 4513 1263 4554 tne
1307 4499 1632 4554 interfecturi
1678 4503 1840 4556 sunt?
1885 4503 1951 4557 Et
1999 4505 2125 4573 quid

549 4589 775 4636 mortem
807 4583 1016 4639 timeam
1038 4586 1061 4638 ’ἒ
1092 4586 1224 4640 Mihi
1249 4590 1408 4643 vivere
1432 4589 1660 4644 Christus
1685 4603 1757 4646 cst
1779 4633 1792 4654 ,
1822 4603 1867 4646 et
1889 4595 2016 4646 mori
2042 4598 2124 4649 lu-

545 4689 689 4725 crum
718 4674 973 4747 (Philipp.
1004 4679 1055 4733 1.
1080 4678 1144 4736 2|
1171 4678 1212 4748 ).
1243 4679 1347 4735 Sed
1370 4682 1421 4734 in
1451 4683 1692 4737 exsilium
1739 4685 1989 4739 mittent?
2015 4687 2125 4740 Do-

550 4763 674 4816 mini
702 4775 775 4818 est
801 4774 954 4833 terra,
983 4777 1033 4823 et
1058 4768 1330 4837 plenitudo
1346 4773 1452 4840 ejus
1483 4771 1652 4837 (Psnl.
1686 4773 1772 4828 ‘23.
1801 4776 1876 4842 1).
1913 4774 2014 4829 Sed
2048 4775 2126 4829 fa-

544 4855 772 4910 cultates
801 4872 933 4912 mea:
961 4859 1408 4926 publicabuntur?
1444 4861 1590 4915 Nihil
1614 4865 1874 4919 intulimus
1908 4867 1961 4918 in
1996 4865 2127 4920 hunc

549 4948 813 5014 mundum,
846 4959 1128 5018 certumque
1155 4961 1226 5004 est
1255 4953 1390 5021 quod
1418 4953 1546 5006 nihil
1575 4955 1691 5008 hinc
1728 4958 2003 5026 poterimus
2028 4974 2124 5011 au-

549 5040 682 5106 ferre
703 5037 781 5106 (l.
814 5037 942 5092 Tim.
968 5041 1022 5095 6.
1049 5040 1126 5111 7).
1153 5042 1257 5097 Sed
1284 5043 1431 5098 scitis
1451 5059 1550 5113 qua
1577 5044 1642 5099 de
1662 5061 1816 5100 causa
1846 5063 1931 5102 me
1961 5049 2124 5117 depo-

549 5126 703 5181 sitnri
733 5127 856 5182 sint.
886 5129 1018 5196 Quia
1046 5141 1248 5200 tapetes
1278 5147 1383 5187 non
1408 5134 1654 5202 expaudi,
1681 5145 1734 5191 et
1759 5139 1944 5193 sericis
1962 5141 2124 5195 vesti-

550 5217 651 5272 bus
689 5231 795 5272 non
840 5234 956 5275 sum
988 5235 1114 5275 usus
1134 5263 1148 5289 ,
1179 5224 1297 5291 quia
1327 5239 1510 5278 eorum
1539 5226 1818 5294 ingluviem
1846 5245 1951 5284 non
1987 5231 2121 5299 fovi,

551 5325 650 5365 nec
690 5325 876 5367 aurum
920 5313 1005 5369 vel
1045 5325 1319 5385 argentum
1369 5317 1498 5386 ipsis
1531 5319 1714 5374 obtuli.
1746 5322 1935 5377 Dicunt
1965 5337 2124 5392 porro

550 5403 679 5458 mihi
704 5421 717 5458 :
745 5403 1033 5462 Comedisti
1071 5417 1124 5462 et
1148 5408 1340 5474 bibisti,
1374 5417 1428 5464 et
1457 5409 1750 5480 baptizasti.
1781 5412 1838 5467 Si
1873 5413 1973 5468 hoc
2000 5413 2121 5478 feci,

549 5497 827 5551 anathema
859 5498 986 5552 mibi
1011 5539 1028 5565 ,
1056 5515 1122 5555 ne
1161 5515 1413 5557 numerer
1445 5517 1564 5556 cum
1593 5504 1854 5573 episc0pis
1877 5545 1891 5567 ,
1925 5519 1992 5558 ne
2023 5504 2122 5558 sim

551 5602 671 5640 cum
706 5589 928 5659 angelis,
958 5605 1025 5645 ne
1052 5589 1158 5645 Deo
1184 5593 1442 5661 placeam.
1475 5593 1690 5647 Etiamsi
1721 5609 1848 5648 vero
1873 5594 2124 5648 comede-

552 5678 652 5732 rim
679 5689 734 5734 et
775 5680 1177 5750 baptizaverim,
1222 5685 1348 5738 nihil
1386 5700 1570 5739 corum
1611 5688 1960 5755 inopportuno
2004 5689 2120 5742 ieci.

552 5767 832 5839 Dcponant
872 5782 927 5830 et
966 5773 1191 5830 Paulum
1220 5775 1551 5846 apostolum,
1586 5777 1723 5848 quod
1767 5787 1886 5847 post
1916 5792 2122 5834 coenant

2231 4037 2435 4095 custodi
2463 4036 2690 4092 carceris
2704 4034 2968 4104 baptisma
2995 4032 3277 4089 contulerit
3302 4032 3431 4104 (Act.
3462 4030 3549 4088 16.
3573 4031 3667 4101 53)
3690 4031 3814 4087 :dc-

2229 4141 2428 4201 ponant
2461 4130 2633 4200 ipsum
2661 4129 2944 4183 Dominum
2967 4170 2982 4193 ,
3013 4126 3155 4196 quod
3186 4136 3305 4197 post
3333 4139 3540 4180 coenam
3569 4140 3816 4179 commu-

2229 4224 2445 4278 nionem
2477 4220 2748 4290 discipulis
2773 4218 3000 4274 dederit.
3031 4218 3224 4273 Multos
3251 4217 3406 4272 video
3442 4216 3633 4271 ﬂuctus
3651 4257 3666 4282 ,
3695 4231 3821 4286 gra-

2227 4319 2456 4383 vemque
2478 4311 2788 4381 procellam,
2810 4320 3124 4380 paratasque
3154 4308 3335 4363 hastas
3364 4325 3376 4360 :
3410 4317 3462 4362 at
3488 4323 3589 4378 ego
3615 4307 3815 4377 guber—

2229 4413 2385 4460 nator
2415 4417 2606 4472 magna
2642 4403 2918 4473 ingruente
2943 4409 3277 4470 tempestate,
3309 4398 3360 4452 in
3391 4398 3596 4453 duabus
3620 4397 3818 4468 navigii

2230 4496 2496 4566 puppibus
2540 4495 2737 4562 sedeo,
2773 4494 3010 4558 scilicet,
3042 4494 3096 4548 in
3125 4493 3305 4549 Veteri
3346 4502 3401 4548 et
3435 4491 3586 4547 Novo
3627 4490 3816 4545 Testa-

2231 4599 2435 4656 mento,
2459 4597 2618 4658 atque
2642 4588 2805 4643 remis
2836 4595 3203 4655 tempestatem
3229 4584 3439 4655 depello
3473 4601 3486 4637 :
3517 4597 3624 4637 non
3655 4581 3819 4636 remis

2231 4680 2440 4750 ligneis,
2470 4679 2564 4736 scd
2589 4679 2887 4734 veneranda
2923 4691 3082 4733 cruce
3112 4675 3322 4731 Domini
3363 4678 3734 4743 tempestatem
3763 4673 3815 4726 in

2235 4787 2417 4842 pacem
2437 4780 2709 4827 converto.
2729 4769 2988 4825 Dominus
3006 4769 3177 4838 jubet,
3196 4777 3250 4822 et
3273 4775 3557 4823 coronatur
3582 4777 3776 4820 servus
3799 4779 3814 4815 :

2236 4863 2460 4933 ideoque
2491 4878 2596 4917 non
2640 4877 2762 4917 eum
2791 4861 2843 4915 in
2869 4859 3066 4914 diaboli
3108 4871 3296 4912 manus
3337 4854 3516 4910 tradit.
3545 4855 3626 4909 An
3669 4853 3818 4924 igno-

2232 4962 2351 5007 rant
2371 4953 2632 5018 homines,
2648 4966 2741 5005 vas
2769 4951 3113 5021 purissimum
3143 4946 3398 5002 immundi
3419 4945 3818 5015 comparatione

2232 5045 2575 5114 conspicuum
2621 5042 2775 5098 ﬁeri?
2834 5041 3077 5108 Fratres,
3133 5039 3455 5111 bypotlieses
3501 5037 3653 5091 vobis
3708 5047 3818 5091 tres

2232 5150 2374 5205 pono
2396 5177 2410 5201 ,
2445 5135 2600 5190 (idem
2627 5175 2642 5199 ,
2671 5132 3018 5188 tentationem
3044 5173 3059 5198 ,
3105 5129 3506 5186 continentiam.
3534 5126 3589 5182 Si
3629 5127 3817 5181 dicatis

2232 5227 2391 5282 ﬁdem
2420 5241 2515 5282 vos
2545 5228 2831 5293 sustinere,
2861 5225 3140 5280 imitamini
3166 5223 3379 5278 beatum
3410 5219 3702 5286 Abraham,
3730 5222 3816 5290 qui

2231 5321 2297 5376 ad
2336 5331 2664 5377 senectutem
2692 5321 2967 5391 pervenit,
2996 5329 3050 5374 et
3089 5329 3326 5373 maturos
3352 5315 3558 5385 accepit
3590 5314 3817 5371 fructus.

2231 5413 2286 5468 Si
2316 5414 2503 5469 dicatis
2525 5431 2618 5470 vos
2668 5415 3014 5470 tentationem
3043 5413 3324 5473 sustinere,
3368 5409 3648 5463 imitamini
3695 5409 3819 5463 bea-

2234 5515 2343 5559 tum
2375 5506 2494 5561 Job.
2524 5507 2651 5576 Ejus
2691 5519 2870 5559 mores
2899 5504 3088 5567 nostis,
3119 5512 3174 5556 et
3209 5500 3515 5570 patientiam
3554 5498 3779 5552 audistis
3803 5539 3818 5564 ,

2231 5613 2328 5652 nec
2351 5599 2600 5667 ignoratis
2617 5597 2826 5666 qualem
2844 5596 3064 5650 sortitus
3084 5595 3152 5648 sit
3178 5592 3357 5646 linem.
3379 5591 3473 5645 Sin
3493 5589 3665 5644 velitis
3685 5604 3820 5642 con-

2233 5689 2505 5744 tinentiam
2537 5690 2837 5751 sustinere,
2869 5686 3144 5740 imitamini
3193 5683 3405 5737 beatum
3448 5680 3680 5746 Josepii,
3729 5679 3817 5746 qui

2230 5780 2473 5836 venditus
2494 5790 2574 5834 cst
2601 5782 2653 5835 in
2674 5777 2957 5849 .IE-cvyptum
2977 5773 3250 5831 ducendus
3267 5816 3283 5844 ,
3298 5783 3351 5828 et
3377 5771 3512 5826 fame
3541 5770 3816 5824 tabescen-
