4046 6432
545 451 823 525 πραθέντα
847 450 924 512 εἰς
954 444 1248 515 Αἴγυπτον,
1297 444 1390 496 καί
1433 442 1577 514 λιμῷ
1603 441 1912 512 τηκομένην
1951 441 2114 509 Myu-

546 561 678 598 πτον
707 537 1161 610 ἐλευθερώσαντα.
1186 535 1486 608 Προσετίθη
1510 533 1621 606 γὰρ
1645 533 1794 604 αὐτῷ
1817 533 2117 606 πειρασμὸς

545 636 612 689 ἐκ
643 634 846 703 πόρνης
883 628 1181 698 Αἰγυπτίας
1209 626 1288 699 τῷ
1325 626 1487 698 ἔρωτι
1529 626 1950 698 δεδουλωμένης,
1995 625 2118 694 ἥτις

546 722 697 794 αύτῷ
730 720 1100 793 παρεκάθητο,
1145 717 1475 789 Κοιμήθητι,
1506 716 1762 786 λέγουσα,
1802 717 1918 787 μετ’
1959 711 2113 784 ἐμοῦ.

559 814 836 870 Ἐϐούλετο
871 811 979 883 γάρ
1002 812 1103 881 τῆς
1135 809 1484 882 σωφροσύνης
1526 809 1687 863 αὑτὸν
1724 805 2117 878 ἁπογυμνῶσαι

549 907 608 957 ἐν
633 907 699 974 τῇ
727 901 984 971 Αἰγύπτῳ
1010 902 1045 972 ἡ
1068 900 1338 968 Αἰγυπτία
1357 917 1370 930 ·
1404 899 1637 953 ἐνταῦθα
1660 899 1716 952 δὲ
1745 900 1776 951 ό
1797 898 2114 966 Αἰγύπτιος.

559 994 695 1048 Ἀλλ’
739 993 860 1046 οὔτε
892 992 1070 1062 ἐκείνη
1113 992 1205 1045 τὸν
1257 989 1410 1060 ἅγιον
1461 990 1753 1056 ἐσκέλισεν,
1798 987 1919 1042 οὔτε
1961 980 2116 1051 οὗτος

546 1085 760 1139 τοῦτον·
809 1083 921 1137 ἀλλ’
960 1082 1131 1151 ἐφάνη
1163 1081 1298 1152 ὁμοῦ
1332 1081 1430 1150 τῆς
1474 1079 1788 1150 ἐλευθερίας
1834 1081 1867 1150 ή
1903 1095 2115 1149 σωφρο-

547 1177 704 1246 σύνη,
737 1175 829 1229 καὶ
859 1173 966 1227 τῶν
993 1173 1196 1227 τέκνων
1221 1174 1254 1242 ή
1295 1171 1566 1240 εὐγένεια,
1594 1169 1685 1224 καὶ
1712 1170 1811 1241 τῆς
1840 1168 2114 1241 βαρϐάρου

547 1269 580 1336 ἡ
609 1265 891 1320 ἀκολασία.

619 1352 680 1422 β’.
723 1349 983 1419 Ἀδελφοί,
1010 1350 1040 1402 ό
1067 1349 1303 1419 κλέπτης
1330 1349 1429 1403 οὐκ
1456 1348 1674 1421 ἔρχεται
1704 1349 1837 1402 ὅπου
1872 1348 2110 1420 καλάμη,

546 1443 640 1495 καὶ
677 1441 889 1513 χόρτος,
927 1440 1020 1494 καὶ
1053 1437 1236 1504 ξύλον·
1285 1438 1398 1492 ἀλλ’
1439 1438 1574 1490 ὅπου
1617 1441 1792 1491 κεῖται
1826 1436 2046 1509 χρυσὸς,
2079 1436 2112 1506 ἢ

545 1533 802 1604 ἄργυρος,
840 1532 873 1603 ἢ
921 1530 1292 1602 μαργαρίτης’
1328 1527 1500 1593 οὕτως
1525 1531 1553 1582 ό
1585 1527 1828 1589 διάϐολος
1869 1527 1967 1580 οὐκ
2005 1529 2115 1580 εἰσ-

546 1622 764 1692 έρχεται
796 1623 928 1675 ὅπου
958 1620 1176 1692 πόρνος,
1215 1619 1248 1690 ἢ
1283 1617 1526 1688 βέϐηλος,
1565 1619 1600 1689 ἢ
1655 1617 1858 1690 ἅρπαξ,
1887 1619 1921 1689 ἢ
1957 1618 2115 1671 πλεο-

547 1713 778 1783 νέκτης⁹
821 1711 931 1764 ἀλλ’
986 1711 1118 1763 ὅπου
1167 1709 1216 1762 οἰ
1263 1708 1353 1762 τὸν
1411 1707 1613 1780 ἔρημον
1665 1709 1778 1780 βίον
1820 1709 2114 1778 διάγοντες.

560 1802 821 1872 ’Λδελφοί,
866 1800 1160 1872 βουλόμεθα
1191 1798 1509 1868 ἐφαπλῶσαι
1553 1799 1653 1870 τὴν
1701 1799 1944 1870 γλῶτταν
1979 1800 2117 1870 πρὸς

547 1894 644 1965 τὴν
677 1893 948 1965 βασιλίδα;
984 1891 1144 1945 Ἀλλὰ
1172 1892 1224 1945 τί
1272 1892 1440 1957 etum;
1498 1891 1731 1954 Ἰεζάϐελ
1780 1889 2114 1963 θορυϐεῖται,

549 1987 643 2040 καὶ
675 1986 860 2048 Ἠλίας
882 1983 1071 2053 φεύγει
1089 2001 1103 2015 ο
1134 1984 1398 2056 Ἡρωδιὰς
1425 1983 1792 2055 εὐφραίνεται,
1818 1985 1912 2037 καὶ
1947 1984 2120 2038 Ἰωάν-

551 2094 646 2149 νης
678 2076 1023 2148 δεσμεύεται·
1075 2076 1109 2147 ή
1148 2075 1420 2144 Αἰγυπτία
1462 2074 1750 2145 ψεύδεται,
1795 2076 1890 2129 καὶ
1923 2075 2119 2147 Ἰωσὴφ

548 2164 918 2235 φυλακίζεται.
955 2162 1080 2218 Ἐὰν
1107 2158 1199 2217 οῦν
1231 2163 1512 2236 ὲξορίσωσί
1549 2180 1635 2234 με,
1677 2163 1770 2218 τὸν
1803 2164 1989 2220 Ἠλίαν
2030 2183 2120 2236 μι-

551 2255 792 2327 μοῦμαι·
835 2255 928 2309 ἐὰν
966 2256 1046 2318 εἰς
1096 2253 1354 2326 βόρϐορον
1402 2254 1630 2324 βάλωσι,
1678 2254 1770 2308 τὸν
1814 2254 2113 2327 Ἰερεμίαν·

549 2347 645 2400 ἐὰν
672 2348 748 2410 εἰς
779 2347 1069 2408 θάλατταν,
1099 2345 1189 2398 τὸν
1218 2347 1501 2416 προφήτην
1535 2346 1718 2398 Ἰωνᾶν
1738 2361 1752 2375 ’
1785 2341 1880 2398 ἐᾶν
1920 2347 2013 2399 καὶ
2040 2347 2118 2410 είς

550 2437 767 2501 λάκκον,
799 2435 890 2487 τὸν
939 2433 1167 2504 Δανιήλ·
1214 2435 1311 2487 ἐὰν
1355 2433 1614 2488 λιθάσωσί
1665 2452 1767 2505 με,
1815 2433 2116 2504 Στέφανονο

552 2526 648 2580 ἐὰν
696 2525 1169 2594 ἀποκεφαλίσωσι,
1207 2524 1458 2595 Ἰωάννην
1504 2526 1594 2578 τὸν
1645 2526 1979 2598 πρόδρομον*
2026 2526 2122 2580 ἐὰν

552 2617 864 2690 ῥαϐδίσωσι,
894 2616 1130 2670 Παῦλον⁶
1161 2617 1255 2670 ἐὰν
1290 2617 1555 2687 πρίσωσι,
1586 2616 1678 2671 τὸν
1715 2617 1959 2672 Ἡσαΐαν.
1996 2617 2120 2670 Εῖθε

555 2705 744 2775 ξυλίνῳ
774 2707 974 2777 πρίονι,
1004 2707 1089 2759 ἵνα
1109 2705 1204 2758 τοῦ
1241 2705 1475 2774 σταυροῦ
1496 2704 1589 2757 τοῦ
1616 2703 1782 2758 πόθου
1805 2704 2117 2760 ἀπολαύσω.

556 2795 628 2846 Ἥ
677 2793 1116 2865 σεσωματωμένη
1163 2793 1395 2864 πολεμεῖ
1435 2791 1524 2845 τὸν
1568 2791 1951 2864 ἀσώματονοή
2000 2792 2123 2845 λου-

549 2885 698 2957 τροῖς
727 2886 821 2938 καὶ
851 2884 1152 2954 μυρίσμασι
1185 2883 1281 2936 καὶ
1310 2884 1425 2957 μετ’
1447 2883 1638 2954 ἀνδρὸς
1662 2883 2119 2954 περιπλεκομένη,

552 2975 778 3045 πολεμεῖ
800 2973 896 3045 τήν
926 2973 1169 3044 καθαρὰν
1199 2973 1294 3026 καὶ⁸
1321 2973 1546 3028 ἄσπιλον
1581 2973 1921 3045 Ἐκκλησίαν.
1962 2974 2124 3028 Ἀλλά

552 3081 616 3134 γε
645 3064 739 3118 καὶ
767 3065 906 3135 αὑτὴ
940 3063 1149 3118 καθίσει
1186 3065 1352 3136 χήρα,
1394 3063 1474 3116 ἔτι
1519 3064 1719 3129 ζῶντος
1760 3064 1857 3118 τοῦ
1899 3066 2120 3136 ἀνδρός·

551 3157 634 3210 ὅτι
683 3155 820 3225 γυνὴ
863 3152 933 3220 εἴ,
978 3157 1073 3209 καὶ
1116 3154 1381 3226 χηρεῦσαι
1431 3153 1600 3218 θέλεις
1643 3155 1745 3225 τήν
1780 3155 2119 3225 Ἐκκλησίαν.

562 3246 834 3318 Ἐσπέρας
882 3245 1071 3307 ἐκάλει,
1108 3263 1174 3316 με
1207 3244 1649 3316 τρισκαιδέκατον
1681 3244 1994 3309 ἀπόστολον,
2030 3248 2124 3299 καί

1238 331 1296 388 S.
1335 329 1617 388 IOANNIS
1649 327 2145 386 CHRYSOSTOMI
2172 325 2492 383 ARCHIEP.
2527 324 3082 385 CONSTANTINOP.

3701 332 3809 390 ιεε

2229 440 2374 493 Ἔδει
2401 439 2490 493 τὸν
2527 440 2678 510 ἥλιον
2717 440 2848 510 παρ’
2876 441 3007 512 ημῖν
3041 438 3352 511 σϐεσθῆναι,
3385 441 3477 495 καὶ
3507 442 3607 514 τὴν
3644 445 3816 515 σελή-

2222 546 2322 600 νην
2372 529 2446 601 μὴ
2493 530 2751 601 φανῆναι,
2792 530 2888 584 καὶ
2928 529 3087 599 μόνον
3119 531 3211 585 τοῦ
3261 535 3506 604 ῥήματος
3557 532 3680 587 Ἰὼϐ
3731 536 3812 605 μὴ

2224 617 2593 673 ἐπιλαθέσθαι.
2624 620 2734 672 Καὶ
2771 619 2879 691 γὰρ
2915 613 3055 685 Ἰὼϐ,
3086 621 3116 674 ὁ
3151 622 3482 694 τηλικαύτην
3509 623 3814 694 ὑπομείναις

2223 707 2458 780 πληγὴν,
2489 709 2617 762 ἄλλο
2653 709 2804 763 οὐδὲν
2837 710 2966 762 ἐϐόα
3000 711 3034 780 ἢ
3081 712 3192 778 ὅτι,
3222 715 3331 780 Εῖη
3361 713 3429 766 τὸ
3460 714 3649 783 ὄνομα
3690 717 3814 768 Κυ-

2214 797 2355 864 ρίου
2401 798 2816 868 εὐλογημένον
2860 801 2948 866 εἰς
2987 798 3131 867 τοὺς
3171 800 3408 868 αἰῶνας.
3436 801 3564 855 Ὅτε
3611 802 3723 874 γὰρ
3772 804 3806 871 ή

2219 885 2412 940 τούτου
2456 888 2593 958 γυνὴ
2641 887 2769 939 ἐϐόα
2814 887 3078 955 λέγουσα·
3125 889 3316 942 Εὶπὸν
3351 905 3407 941 τι
3432 888 3603 959 ῥῆμα
3653 889 3810 956 πρὸς

2220 978 2461 1046 Κύριον,
2488 976 2588 1031 καί
2620 978 2887 1042 τελεύτα,
2913 977 3241 1050 ἐπετίμησεν
3275 980 3411 1049 αὐτῇ
3439 979 3614 1048 λέγων
3636 994 3652 1008 ·
3683 980 3810 1032 Ἵνα

2220 1069 2280 1122 τί
2322 1069 2403 1135 ὡς
2449 1071 2560 1139 μία
2615 1070 2736 1124 τῶν
2778 1072 3056 1140 ἀφρόνων
3097 1073 3403 1141 γυναικῶν
3453 1072 3809 1139 adiuvere;

2224 1159 2288 1211 Ὢ
2331 1159 2571 1231 ἀχαροῦς
2607 1161 2894 1228 γυναικόςί
2947 1157 2992 1212 ὣ
3041 1161 3302 1232 μάλαγμα
3349 1161 3589 1214 όδυνῶνί
3635 1155 3808 1230 'Apa,

2219 1247 2402 1317 γύναι,
2432 1250 2524 1302 σοῦ
2555 1267 2684 1304 ποτε
2711 1251 3099 1323 ἀρρωστούσης
3126 1250 3353 1307 τοιαῦτά
3381 1269 3466 1304 σοι
3501 1249 3812 1318 ἐφθέγξατο

2233 1339 2387 1407 Ἰώϐ;
2425 1341 2518 1393 καὶ
2544 1342 2665 1412 οὐχὶ
2695 1342 2880 1412 εὐχαῖς
2901 1344 2995 1396 καὶ
3020 1343 3288 1406 εύποιίαις
3322 1340 3683 1413 άπεσμήξατὸ
3713 1357 3811 1393 σου

2220 1429 2317 1502 τὴν
2345 1430 2531 1498 νόσον;
2565 1432 2695 1485 "Ore
2724 1434 2782 1486 ἐν
2827 1431 2976 1504 [425]
3017 1433 3321 1504 βασιλικαῖς
3360 1433 3554 1498 αὐλαῖς
3593 1433 3809 1503 διῆγεν,

2219 1519 2307 1573 ὅτε
2332 1521 2400 1574 τὰ
2440 1523 2701 1592 χρήματα
2733 1519 2896 1594 εἶχεν,
2935 1524 3023 1577 ὅτε
3052 1525 3152 1596 τὴν
3184 1525 3479 1596 θεραπείαν
3507 1525 3608 1596 τὴν
3651 1525 3809 1596 βασι-

2219 1607 2396 1679 λικὴν,
2438 1610 2592 1662 οὐδὲν
2642 1611 2894 1665 τοσοῦτον
2930 1611 3147 1680 ἔλεγες,
3199 1613 3291 1666 καὶ
3340 1611 3435 1668 νῦν
3481 1611 3669 1685 ὁρῶσα
3716 1613 3813 1667 ἐπὶ

2224 1699 2454 1770 κοπρίας
2487 1700 2817 1771 καθήμενον,
2862 1703 2957 1756 καὶ
2987 1703 3092 1756 ὑπὸ
3122 1703 3419 1775 σκωλήκων
3467 1704 3812 1758 συνειλισσό-

2226 1807 2404 1860 μενον,
2443 1790 2600 1845 τοῦτο
2637 1791 2836 1861 λέγεις,
2863 1795 3054 1847 Εἰπόν
3088 1811 3142 1848 τι
3176 1793 3343 1864 ῥῆμα
3371 1795 3522 1863 πρὸς
3553 1797 3811 1864 Κύριον,

2222 1878 2322 1932 καὶ
2347 1881 2615 1935 τελεύτα.
2646 1881 2760 1934 Οὐκ
2787 1881 2943 1952 ήρκει
2969 1881 3116 1952 αύτῷ
3145 1885 3178 1952 ἡ
3206 1884 3538 1959 πρόσκαιρος
3566 1884 3812 1950 παιδεία,

2221 1970 2357 2026 ἀλλὰ
2385 1973 2480 2026 καί
2504 1972 2592 2027 διὰ
2625 1971 2719 2026 τοῦ
2747 1975 2988 2044 ῥήματος
3019 1975 3244 2028 αἰωνίαν
3275 1976 3422 2045 αύτῷ
3446 1973 3548 2046 τὴν
3580 1976 3812 2030 κόλασιν

2222 2064 2533 2135 προξενεῖς;
2567 2063 2727 2117 Ἀλλὰ
2747 2063 2800 2116 τί
2822 2065 2851 2118 ὁ
2892 2065 3161 2135 μακαρίος
3195 2065 3348 2132 Ἰὼ6;
3374 2067 3501 2122 Ἵνα
3523 2067 3583 2120 τί
3601 2067 3815 2136 ὥσπερ

2216 2157 2326 2226 μία
2375 2154 2818 2224 τῶνάφρόνων
2862 2155 3164 2225 γυναικῶν
3218 2156 3562 2226 ἐλάλησαςς
3612 2161 3686 2212 Εἰ
3737 2159 3814 2213 τὰ

2218 2248 2410 2320 ἀγαθὰ
2438 2245 2771 2316 ’ἐδεξάμεθα
2799 2247 2867 2300 ἐκ
2897 2247 3094 2316 χειρὸς
3123 2247 3368 2318 Κυρίου,
3412 2250 3485 2304 τὰ
3513 2251 3668 2304 κακὰ
3691 2253 3812 2319 οὐχ

2217 2340 2596 2408 ὑποίσωμεν;
2630 2337 2697 2391 Τί
2742 2337 2799 2391 δὲ
2841 2338 2931 2392 καὶ
2978 2341 3011 2408 ή
3062 2340 3377 2411 παράνομος
3408 2339 3502 2396 καὶ
3541 2342 3810 2413 στυγερὰ,

2219 2427 2359 2499 αῦτη
2397 2428 2430 2499 ἠ
2463 2429 2577 2492 νέα,
2616 2429 2778 2499 φημὶ,
2815 2428 3051 2492 Ἰεζάϐελ
3088 2432 3149 2484 ού
3182 2430 3279 2502 βοᾷ
3309 2433 3402 2485 καὶ
3443 2432 3590 2502 λέγει
3621 2435 3716 2487 ἐκ.
3743 2471 3762 2488 .
3787 2472 3812 2492 .

2221 2518 2312 2571 καὶ
2339 2517 2922 2589 διαπερα....ἀποδρ...
2947 2517 3084 2573 ἀλλὰ
3105 2521 3421 2576 ἀποστέλλει
3446 2540 3540 2593 μοι
3566 2522 3812 2587 ὑπάτους

2221 2610 2318 2665 καὶ
2352 2608 2686 2680 τριϐούνους,
2719 2611 2812 2662 καὶ
2848 2609 3006 2679 μόνον
3056 2612 3291 2667 ἀπειλεῖ.
3315 2613 3424 2666 Καὶ
3451 2612 3506 2666 τί
3549 2631 3638 2685 μοι
3673 2614 3813 2684 ἀνῆ-

2221 2716 2344 2764 κεν;
2381 2699 2640 2770 ’Δράχναι
2685 2699 2792 2751 ὑπὸ
2823 2700 3064 2769 ἀράχνης
3100 2700 3577 2773 ἀποστελλόμεναι.
3622 2703 3809 2757 ’Δδελ-

2221 2791 2312 2860 φοὶ
2351 2791 2570 2854 πάντες,
2611 2789 2694 2843 ὅτι
2723 2789 2818 2842 καί
2865 2789 2924 2841 ἐν
2962 2789 3144 2852 πόνοις
3182 2791 3468 2844 ἀπόκειται
3516 2790 3664 2862 νίκη,
3711 2793 3812 2846 καὶ

2222 2885 2280 2936 ἐν
2303 2884 2417 2945 τοῖς
2447 2879 2652 2950 ἀγῶσιν
2678 2879 2962 2934 ἀπόκειται
2987 2880 3275 2948 στέφανος,
3325 2880 3402 2946 ὡς
3453 2883 3484 2934 ό
3520 2880 3810 2947 θεσπέσιος

2222 2971 2432 3034 Παῦλος
2469 2969 2671 3040 ἀρτίως
2717 2967 2892 3036 ἔλεγε,
2942 2967 3054 3022 Τὸν
3101 2970 3294 3025 καλὸν
3341 2969 3542 3040 ἀγῶνα
3587 2970 3810 3040 ἠγώνι-

2223 3077 2390 3132 σμαι,
2412 3061 2519 3115 τὸν
2544 3059 2765 3129 δρόμον
2787 3059 3088 3123 τετέλεκα,
3112 3061 3228 3128 τὴν
3253 3061 3460 3117 πίστιν
3480 3062 3808 3131 τετήρηκα,

2224 3154 2326 3209 καί
2352 3151 2570 3208 λοιπὸν
2598 3151 2904 3206 ἀπόκειται
2943 3153 2977 3205 ὀ
3017 3149 3126 3220 τῆς
3165 3150 3554 3221 δικαιοσύνης
3581 3153 3811 3223 στέφα-

2222 3265 2350 3313 νος,
2379 3245 2449 3299 ὃν
2485 3243 2783 3299 ἀποδώσει
2807 3260 2907 3313 μοι
2943 3245 3156 3312 Κύριος
3182 3244 3252 3298 ἐν
3278 3245 3480 3313 ἐκείνη
3515 3243 3592 3313 τῇ
3612 3245 3810 3316 ᾑμέρᾳ

554 3335 791 3404 σήμερον
825 3335 992 3389 Ἰούδα
1025 3338 1307 3407 προσεῖπε.
1337 3335 1479 3400 Χθές
1513 3338 1628 3407 μετ’
1658 3335 1968 3407 ἐλευθερίας
2001 3354 2123 3390 συν.

553 3426 788 3495 εκάθητό
823 3443 934 3496 μοι,
960 3427 1055 3480 καὶ
1082 3427 1319 3497 σήμερον
1343 3427 1416 3490 ὡς
1450 3427 1637 3500 θηρίον
1669 3443 1759 3498 μοι
1791 3427 2120 3499 ἐπεπήδησε.

2224 3343 2258 3393 ό
2285 3338 2513 3400 δίκαιος
2537 3333 2741 3404 κριτής
2759 3351 2771 3365 ·
2806 3336 2890 3388 ὃτι
2914 3335 3064 3405 αύτῷ
3090 3337 3122 3406 ή
3149 3336 3276 3403 δόξα
3304 3336 3472 3391 καὶτὸ
3494 3337 3695 3409 κράτος
3725 3339 3808 3402 εἰς

2225 3428 2353 3492 τοὺς
2383 3427 2586 3491 αἰῶνας
2615 3426 2723 3480 τῶν
2746 3427 2973 3481 αἰώνων.
3009 3427 3201 3497 ’Λμήν.

1996 3907 2347 3971 MONITUM

649 4169 935 4240 Postquam
961 4166 1405 4236 Cbrysostomus,
1436 4170 1661 4218 curante
1693 4158 1994 4229 Theophilo
2026 4157 2412 4224 Alexandrino,
2444 4158 2498 4212 in
2527 4157 2939 4228 pseudosynodo
2982 4158 3034 4210 in
3082 4173 3272 4226 quercu
3303 4155 3444 4210 dicta
3487 4155 3784 4210 damnatus

570 4263 948 4332 depositusque
978 4259 1169 4321 fuerat,
1198 4254 1559 4312 tumultuante
1596 4252 1810 4322 populo,
1842 4260 1896 4306 et
1931 4251 2125 4306 abduci
2158 4252 2451 4306 antistitem
2483 4249 2869 4319 doctoremque
2905 4264 3062 4303 suum
3105 4263 3210 4302 non
3248 4249 3478 4310 sinente,
3515 4248 3654 4301 clam
3688 4248 3788 4300 illo

569 4357 990 4426 Chrysostomus
1021 4365 1081 4406 se
1112 4350 1166 4404 in
1195 4347 1471 4411 exsilium,
1509 4355 1631 4414 post
1667 4344 1901 4399 triduum
1934 4357 2096 4412 quam
2144 4342 2432 4398 damnatus
2465 4340 2660 4403 fuerat,
2693 4341 3064 4395 adducendum
3109 4339 3372 4408 przebuit,
3409 4345 3463 4391 et
3494 4337 3787 4405 Prenetum

569 4449 623 4502 in
651 4445 954 4518 Bithyniam
982 4445 1293 4514 deportatus
1330 4450 1434 4498 est.
1482 4439 1795 4508 Exindeque
1843 4439 2041 4508 popqu
2083 4437 2258 4507 magis
2302 4435 2582 4506 magisque
2628 4436 2682 4489 in
2727 4433 2860 4487 iram
2911 4433 3210 4496 concitato,
3244 4428 3573 4484 vociferante
3618 4437 3672 4483 et
3708 4429 3780 4484 ad

567 4541 945 4612 lmperatorias
970 4537 1112 4594 aedes
1143 4535 1379 4606 episc0pi
1408 4533 1491 4589 sui
1521 4532 1751 4588 reditum
1782 4531 2118 4601 postulante,
2149 4530 2478 4598 interimque
2523 4537 2679 4584 terra:
2720 4536 2869 4583 motu
2918 4526 3174 4596 palatium
3221 4525 3520 4594 urbemque
3569 4539 3779 4580 concu-

570 4637 755 4699 tiente,
788 4630 1032 4687 Eudoxia
1060 4629 1297 4700 Augusta
1331 4627 1612 4697 perterrita
1646 4632 1888 4680 sanctum
1915 4625 2092 4680 virum
2126 4623 2494 4679 reducendum
2539 4622 3040 4689 restituendumque
3083 4619 3323 4684 curavit;
3353 4619 3495 4687 quod
3535 4633 3643 4689 qua
3694 4634 3788 4673 ra-

570 4731 735 4792 tione,
769 4733 1078 4796 quantaque
1107 4722 1340 4779 civitatis
1376 4721 1556 4776 laetitia
1595 4717 1796 4774 factum
1840 4717 2031 4781 fuerit,
2065 4717 2309 4787 pluribus
2339 4717 2646 4772 narrabitur
2683 4717 2736 4770 in
2773 4715 2892 4768 Vita
2942 4713 3337 4783 Chrysostomi.
3376 4711 3431 4764 ιιι
3483 4712 3773 4766 ecclesiam

564 4821 848 4883 deductus,
867 4817 1287 4886 extemporalem,
1324 4817 1497 4887 inquit
1521 4815 1875 4880 Sozomenus,
1901 4813 1953 4878 8,
1991 4813 2090 4875 18,
2134 4812 2315 4866 habuit
2346 4815 2632 4865 orationem
2663 4826 2681 4864 :
2725 4820 3029 4878 sumptoque
3062 4815 3367 4876 argumento
3397 4823 3462 4860 ex
3502 4807 3790 4875 elegantis-

565 4916 699 4967 sima
727 4911 1089 4975 similitudine,
1120 4909 1468 4964 subindicatn't
1508 4907 1843 4977 Theophilum
1877 4905 2130 4960 Ecclesia:
2157 4921 2266 4959 sua:
2294 4905 2393 4959 vim
2422 4904 2613 4972 inferre
2649 4904 2944 4963 tentavisse,
2993 4901 3202 4968 perinde
3239 4908 3392 4966 atque
3437 4897 3563 4950 olim
3607 4912 3782 4966 regem

568 5005 872 5075 ﬁgyptium
903 5007 1054 5058 uxori
1082 5005 1394 5073 patriarcha
1423 5003 1729 5057 Abrahami.
1771 5001 1865 5056 His
1891 5009 2076 5070 aperte
2099 5000 2300 5054 indicat
2335 4998 2668 5053 Sozomenus
2701 4997 2988 5050 secundam
3019 5000 3140 5062 post
3187 4992 3413 5046 reditum
3445 4991 3769 5055 orationem,

573 5110 692 5165 qua:
724 5096 790 5149 ab
813 5096 1121 5164 huiusmodi
1151 5097 1502 5151 similitudine
1529 5096 1738 5150 orditur
1761 5134 1774 5158 ,
1802 5109 2030 5163 quaeque
2069 5094 2120 5147 in
2167 5093 2272 5147 fine
2306 5089 2441 5146 Vitae
2471 5089 2842 5163 Chrysostomi
2884 5104 2977 5158 per
3024 5088 3312 5159 Georgium
3354 5087 3781 5142 Alexandrinum

575 5186 786 5258 legitur.
818 5187 920 5244 Sed
949 5190 1076 5244 illud
1116 5205 1236 5244 cum
1260 5189 1642 5261 Chrysostomo
1683 5206 1786 5245 non
1818 5204 2120 5245 consonare
2148 5188 2377 5251 videtur,
2403 5189 2496 5258 qui
2527 5187 2787 5258 postridie
2809 5186 3094 5240 adventum
3130 5199 3288 5240 suum
3317 5183 3457 5237 hanc
3485 5183 3781 5237 secundam

571 5285 865 5339 orationem
890 5285 1141 5340 habuisse
1164 5295 1383 5354 putatur
1406 5329 1418 5351 ,
1457 5296 1515 5340 ut
1544 5303 1605 5341 ex
1639 5287 1722 5340 his
1751 5286 1927 5341 verbis
1963 5292 2196 5356 arguunt
2231 5303 2242 5338 :
2280 5283 2407 5337 Heri
2437 5285 2632 5350 vesperi
2664 5283 2772 5335 Ιιιεο
2826 5281 2975 5334 verba
3015 5281 3083 5332 ad
3124 5296 3203 5332 me
3246 5279 3385 5331 misit
3421 5273 3786 5348 [Eudoxio];

571 5389 720 5444 ergo,
753 5375 1026 5440 inquiunt,
1061 5375 1199 5430 hanc
1233 5376 1523 5431 secundam
1555 5378 1803 5432 habuerit
1834 5378 2113 5447 postridie,
2158 5377 2380 5445 primam
2430 5389 2558 5428 vero
2614 5374 2733 5443 ipso
2780 5374 3042 5426 adventus
3092 5373 3196 5425 die.
3237 5369 3434 5426 Verum
3483 5373 3628 5427 circa
3677 5373 3794 5426 haec

577 5464 943 5536 Chrysostomi
974 5467 1131 5521 verba
1159 5483 1261 5521 non
1289 5469 1431 5523 leves
1456 5479 1754 5539 exsurgunt
1783 5468 2145 5530 difﬁcultates,
2175 5484 2309 5538 quas
2338 5468 2390 5522 in
2417 5468 2535 5536 ejus
2565 5466 2684 5520 Vita
2720 5466 2961 5535 pluribus
2995 5464 3382 5532 expendemus.
3426 5467 3493 5524 Ut
3524 5480 3579 5522 ιιι
3610 5478 3794 5527 autem

569 5568 670 5626 est,
710 5563 956 5618 existimo
987 5571 1040 5618 et
1063 5578 1182 5633 ego,
1212 5565 1441 5633 primam
1475 5579 1592 5619 esse
1621 5581 1740 5620 eam
1770 5565 2184 5630 oratiunculam,
2220 5580 2339 5635 quae
2383 5565 2462 5618 sic
2509 5563 2734 5631 incipit:
2771 5561 2909 5626 Quid
2939 5559 3112 5620 dicam
3151 5579 3238 5619 aut
3281 5568 3403 5635 quid
3436 5568 3663 5636 loquar?
3694 5565 3795 5619 Be-

572 5654 800 5707 nedictus
837 5653 989 5720 Deus,
1020 5666 1120 5709 etc.
1153 5655 1302 5710 Illam
1335 5656 1534 5727 quippe
1557 5673 1620 5711 ex
1646 5665 1906 5727 tempore,
1945 5659 2106 5726 inque
2155 5657 2273 5726 ipso
2319 5659 2549 5711 adventu
2585 5656 2781 5709 dictam
2829 5653 2996 5713 fuisse
3043 5660 3229 5713 suadet
3269 5659 3490 5714 omnino
3539 5659 3616 5712 vel
3675 5658 3791 5726 ipse

569 5741 809 5798 ordiendi
837 5747 1026 5802 modus
1057 5765 1067 5800 :
1099 5761 1270 5816 neque
1297 5757 1426 5817 puto
1456 5749 1622 5805 ullum
1655 5766 1776 5807 esse
1804 5752 1896 5820 qui
1934 5765 2041 5806 non
2071 5749 2299 5807 fateatur
2330 5765 2448 5806 eam
2486 5759 2536 5804 et
2568 5749 2619 5804 in
2651 5748 2769 5818 ipso
2802 5752 3033 5806 adventu
3071 5751 3303 5807 habitant
3352 5760 3402 5803 et
3435 5760 3781 5818 extempora-
