4046 6432
205 424 312 482 457

204 546 312 591 tem
356 535 648 609 Egyptqu
705 537 969 591 liberavit.
1010 535 1088 589 Illi
1132 532 1331 603 quippe
1373 529 1598 586 tentatio
1631 528 1807 583 oblata

202 638 288 684 est
338 643 432 698 per
463 628 801 682 meretricem
833 625 1142 698 Egyptiam
1186 637 1374 678 amore
1406 622 1525 692 ejus
1552 629 1763 690 captam
1790 658 1805 682 ,

197 736 322 789 (ματη
352 721 451 791 ipsi
476 719 772 786 assidebat,
799 718 940 773 Cuba
964 734 1161 772 mecum
1182 714 1340 787 (Gen.
1369 714 1463 770 59.
1485 716 1564 785 7),
1596 712 1802 767 dicens.

200 814 431 871 Volebat
474 816 616 869 enim
662 828 786 867 eum
826 827 857 867 a
904 811 1151 866 castitate
1189 810 1459 864 abducere
1488 808 1542 862 in
1572 805 1806 890 Egypt};

195 906 450 977 dﬂgyptia
485 924 498 960 :
542 905 628 958 hic
676 920 805 958 vero
841 903 1127 974 Egyptius
1177 902 1351 957 adest.
1387 900 1584 956 Verum
1629 910 1805 966 neque

191 1000 285 1053 illa
331 1009 574 1053 sanctum
615 997 977 1066 supplantarit
1003 1039 1017 1062 ,
1048 1010 1223 1066 neque
1262 994 1404 1048 hunc
1433 991 1544 1047 ille.
1575 989 1681 1045 Sed
1711 1003 1803 1057 ap-

193 1090 376 1158 paruit
402 1089 560 1143 simul
583 1088 845 1142 libertatis
874 1072 1243 1157 teinperantia,
1276 1085 1505 1140 filiorum
1529 1082 1798 1144 nobilitas,

189 1190 246 1232 et
278 1179 518 1234 barbara:
542 1179 783 1234 mulieris
805 1177 1211 1233 incontinentia.

264 1271 321 1326 2.
361 1271 609 1340 Fratres,
640 1270 724 1327 fur
764 1287 870 1326 non
902 1271 1200 1342 ingreditur
1237 1283 1334 1336 eo,
1361 1267 1450 1322 ubi
1484 1266 1635 1336 palea
1657 1307 1672 1332 ,
1701 1264 1797 1320 fm-

189 1379 322 1418 num
347 1405 364 1432 ,
399 1373 454 1419 et
488 1363 688 1434 lignum
715 1364 948 1427 adsunt;
978 1363 1073 1419 sed
1105 1362 1192 1418 ubi
1221 1376 1408 1416 aurum
1433 1401 1450 1429 ,
1478 1370 1758 1430 argentum
1781 1399 1797 1423 ,

187 1468 284 1511 ant
313 1461 599 1527 margarita
629 1475 642 1511 :
666 1461 744 1513 sic
771 1466 825 1513 et
847 1457 1094 1514 diabolus
1123 1472 1231 1512 non
1261 1472 1328 1512 eo
1355 1453 1674 1525 ingreditur,
1708 1451 1796 1506 ubi

190 1559 483 1617 scortator,
531 1559 624 1605 aut
672 1550 965 1620 profanus,
1019 1559 1111 1606 aut
1161 1564 1361 1619 rapax,
1418 1556 1512 1603 aut
1562 1562 1791 1612 avarus;

184 1642 286 1695 sed
320 1642 407 1697 ubi
446 1643 541 1709 illi,
569 1643 660 1712 qui
691 1642 984 1697 solitariam
1015 1651 1179 1711 agunt
1209 1641 1395 1695 vitam.
1429 1640 1668 1704 Fratres,
1700 1654 1797 1694 vo-

187 1733 438 1788 lntnusne
467 1734 698 1803 linguam
723 1750 917 1790 acuere
936 1734 1194 1790 adversus
1221 1732 1659 1804 lmperatricem?
1688 1731 1796 1788 Sed

184 1825 317 1893 quid
345 1823 560 1879 dicam?
588 1825 799 1880 Jezabel
831 1826 1115 1880 tumultum
1141 1826 1285 1896 agit,
1318 1833 1371 1879 et
1407 1825 1587 1880 Helias
1616 1822 1751 1895 fugit
1779 1840 1791 1876 :

187 1915 453 1969 llerodias
500 1916 742 1982 laetatur,
795 1927 850 1971 et
900 1916 1137 1972 Joannes
1187 1917 1415 1971 vinculis
1465 1916 1793 1986 stringitur:

187 2007 445 2079 A-Igyptia
493 2009 781 2072 mentitur,
809 2017 864 2062 et
889 2007 1091 2078 Josepli
1148 2010 1201 2063 in
1237 2023 1512 2063 carcerem
1542 2009 1791 2063 truditur.

183 2098 241 2152 Si
290 2100 468 2169 itaque
502 2115 587 2153 me
615 2100 675 2152 in-
693 2101 938 2154 exsilium
967 2100 1231 2164 miserint,
1266 2099 1472 2154 lleliam
1505 2100 1792 2164 imitabor;

182 2192 228 2242 si
266 2192 318 2243 in
348 2205 560 2246 caenum
594 2193 938 2258 proieceritit,
967 2192 1290 2256 JCl‘t‘l‘IIialII;
1321 2191 1366 2245 si
1397 2194 1448 2245 in
1481 2209 1628 2246 mare
1659 2210 1795 2262 prm—

182 2283 561 2350 cipitaverint.
592 2284 781 2338 Jonam
815 2286 1167 2355 prophetam;
1200 2286 1244 2341 si
1278 2286 1328 2340 in
1371 2285 1567 2343 lacum.
1606 2287 1782 2341 llanie

182 2374 293 2426 lem
319 2389 334 2438 ;
364 2373 407 2428 si
433 2373 807 2444 lapitlaverint,
840 2378 1180 2449 Stephanum
1209 2393 1224 2442 ;
1269 2377 1316 2432 si
1362 2376 1540 2446 capite
1575 2387 1798 2434 trunca-

183 2467 393 2531 verint,
437 2465 700 2523 Joannem
759 2467 1192 2537 Pmcursorem;
1253 2470 1299 2526 si
1351 2470 1789 2536 verberaverint,

184 2555 446 2623 Paulum;
476 2559 521 2613 si
573 2574 722 2614 serra
768 2563 1065 2627 secuerint,
1134 2562 1344 2618 Isaiam.
1390 2561 1608 2619 Utinam
1659 2577 1790 2618 vero

183 2662 336 2703 serra
368 2647 564 2720 lignea.
597 2660 654 2705 ut
691 2667 878 2708 amore
904 2655 1081 2709 erucis
1120 2653 1288 2709 fruar.
1312 2654 1582 2724 Corporca
1611 2653 1791 2709 incor—

183 2753 407 2808 poreum
436 2752 706 2812 oppugnat
735 2761 750 2798 :
777 2760 898 2814 qua:
926 2745 1130 2802 balneis
1159 2755 1213 2801 et
1240 2748 1525 2816 unguentis
1573 2746 1789 2815 fruitur,

179 2848 306 2901 quae
334 2848 455 2888 cum
497 2836 613 2889 viro
640 2839 1097 2907 circumplicatur,
1122 2840 1319 2895 bellum
1353 2841 1493 2911 gerit
1533 2839 1792 2898 adversus

185 2937 372 2989 puram
403 2933 457 2978 et
486 2923 880 2982 immaculatam
915 2928 1232 2984 Ecclesiam.
1266 2931 1336 2984 At
1377 2931 1521 2986 enim
1553 2931 1640 2986 illa
1677 2933 1788 3000 jam

181 3012 340 3067 vidua
387 3015 637 3080 sedebit,
691 3019 853 3073 etiam
899 3021 1016 3074 viro
1059 3023 1350 3090 superstite
1383 3041 1395 3076 :
1427 3024 1551 3093 quia
1597 3038 1789 3092 nempe

179 3107 379 3159 mulier
404 3122 464 3161 es
484 3148 499 3173 ,
528 3104 691 3164 et'vis
723 3111 1017 3166 Ecclesiam
1048 3113 1263 3168 viduam
1309 3115 1506 3171 facere.
1539 3116 1662 3170 IIeri
1693 3132 1786 3170 ve-

179 3198 327 3266 speri
356 3214 442 3252 me
470 3202 682 3254 tertium
710 3203 979 3259 decimum
1009 3207 1310 3275 apostolum
1337 3209 1580 3272 vocabat,
1609 3219 1663 3263 et
1695 3209 1789 3261 lio-

176 3290 270 3343 tlie
311 3289 504 3346 Iudam
532 3296 782 3363 appellat.
819 3297 942 3353 Ileri
971 3313 1097 3354 cum
1133 3300 1381 3356 libertate
1415 3316 1624 3356 mecum
1652 3318 1787 3356 cou-

734 416 1138 479 ORATIONES
1178 411 1356 474 POST
1397 411 1719 470 REDITUM
1759 411 1794 464 Λ

1908 406 2169 465 εχδιιιο
2213 391 2463 464 meras.
2505 433 2573 445 .-
2617 397 2961 457 ΜοΝιτυΜ.

3409 398 3517 454 433

1921 527 2172 592 sidebat,
2205 536 2262 583 et
2313 527 2472 583 liodie
2521 540 2621 582 ceu
2666 523 2784 582 fera
2834 525 2889 580 in
2937 540 3024 580 me
3068 525 3244 582 irruit.
3296 524 3544 597 Oportnit

1920 620 2089 674 solem
2117 619 2259 689 apud
2287 634 2385 674 nos
2409 618 2706 691 exstingui,
2734 628 2793 676 et
2817 619 2999 674 lunam
3025 634 3132 674 non
3161 633 3428 690 apparere
3454 633 3542 690 po-

1919 713 2046 780 tius,
2091 726 2254 782 qnam
2305 713 2452 767 verbi
2502 712 2606 768 .Iob
2643 713 3112 769 oblivisceremur.
3144 713 3357 769 Etenim
3399 713 3540 780 Job,

1917 803 2009 872 qui
2035 811 2238 857 tantam
2271 819 2561 874 perpessus
2594 813 2679 860 est
2706 803 2919 875 plagam
2941 847 2955 868 ,
2985 805 3116 859 nihil
3163 805 3309 860 aliud
3334 806 3542 860 clama-

1918 894 2038 959 bat,
2074 909 2234 962 quam
2257 934 2272 958 ,
2305 894 2388 949 Sit
2428 911 2612 949 nomen
2655 895 2863 950 Domini
2894 897 3218 950 benedictum
3257 898 3310 950 in
3351 897 3544 950 secula

1918 986 2039 1055 (Job
2075 987 2125 1040 Ι.
2154 986 2273 1056 2|).
2299 985 2432 1042 Cum
2461 989 2606 1044 enim
2656 1005 2792 1044 uxor
2819 990 2937 1058 ejus
2963 991 3272 1045 occlamans
3299 991 3539 1045 diceret:

1919 1077 2014 1131 Dic
2060 1081 2265 1133 verbum
2292 1090 2469 1133 contra
2508 1075 2791 1134 Dominum
2822 1123 2836 1147 ,
2869 1096 2914 1135 et
2946 1099 3141 1137 morere
3186 1081 3317 1153 (Id.
3347 1082 3403 1135 2.
3433 1081 3489 1152 9)
3523 1097 3539 1146 ;

1913 1175 2082 1241 ipsam
2110 1172 2409 1242 increpavit
2437 1174 2623 1230 dicens
2654 1192 2668 1226 :
2702 1175 2808 1230 Cur
2835 1175 2984 1244 quasi
3021 1192 3123 1228 una
3148 1191 3213 1230 ea:
3240 1167 3546 1248 insipientiQ'

1911 1266 2004 1316 bus
2042 1263 2339 1318 mulieribus
2382 1267 2591 1336 quuuta
2616 1283 2669 1319 es
2721 1265 2898 1338 (Ibid.
2931 1283 2979 1320 υ.
3016 1266 3162 1339 10)?
3192 1266 3238 1322 Ο
3274 1267 3538 1337 ingratam

1910 1356 2224 1411 mulierem!
2256 1372 2290 1411 ο
2315 1361 2667 1428 emplastrum
2695 1359 2983 1414 dolorum!
3016 1360 3288 1429 Numquid
3310 1402 3326 1427 ,
3356 1376 3389 1416 ο
3419 1377 3539 1415 mu-

1910 1449 2041 1517 lier,
2088 1459 2141 1505 te
2191 1452 2384 1507 morbo
2430 1453 2744 1518 laborante,
2789 1455 2911 1508 talia
2954 1464 3130 1509 tecum
3171 1455 3426 1524 loquutus
3455 1464 3539 1509 est

1906 1540 2050 1596 Job?
2078 1558 2256 1597 nonne
2284 1544 2532 1612 precibus
2553 1554 2607 1599 et
2627 1545 2821 1600 officiis
2853 1555 2998 1599 tuam
3025 1546 3280 1600 abstersit
3307 1545 3527 1616 :egrittt-

1911 1623 2132 1692 dinem?
2155 1635 2292 1692 Cum
2325 1640 2379 1691 in
2409 1638 2572 1708 regiis
2599 1639 2750 1693 atriis
2781 1638 3028 1706 degeret,
3057 1653 3180 1694 cum
3209 1638 3402 1708 opibus
3429 1639 3530 1693 llo-

1909 1737 2074 1795 reret,
2105 1743 2227 1783 cum
2259 1729 2408 1799 regio
2438 1729 2584 1784 cultu
2607 1772 2621 1796 ,
2653 1730 2787 1784 nilnt
2819 1731 2996 1786 simile
3023 1718 3240 1786 dicebas
3261 1773 3276 1794 ,
3303 1741 3358 1785 et
3390 1746 3534 1785 nunc

1906 1822 1995 1876 ubi
2026 1823 2177 1878 vides
2206 1823 2354 1878 illum
2396 1823 2447 1878 in
2479 1823 2607 1878 limo
2645 1822 2949 1892 sedentem,
2979 1833 3035 1879 et
3061 1840 3090 1877 a
3118 1824 3392 1880 vermibus
3419 1825 3528 1878 eir-

1906 1913 2304 1979 cumvolutum,
2351 1912 2456 1967 hoc
2512 1914 2750 1985 loqueris
2783 1934 2796 1969 :
2833 1913 2928 1968 Dic
2955 1915 3159 1969 verbum
3203 1925 3383 1969 contra
3419 1914 3530 1968 Do-

1904 2009 2121 2073 minum,
2159 2018 2207 2062 et
2234 2024 2450 2062 morere.
2478 2006 2598 2064 Non
2627 2007 2757 2064 satis
2784 2016 2902 2062 erat
2944 2009 3018 2062 illi
3059 2018 3408 2078 temporanea
3434 2023 3529 2062 ca-

1901 2101 2134 2171 stigatio.
2164 2103 2259 2156 sed
2291 2103 2339 2157 ei
2372 2117 2468 2171 per
2493 2103 2597 2156 hoc
2628 2103 2877 2166 verbum,
2910 2111 3172 2156 internum
3195 2101 3520 2171 supplicium

1904 2194 2206 2263 procuras?
2252 2194 2357 2249 Sed
2401 2195 2531 2265 quid
2577 2196 2764 2249 beatus
2803 2195 2947 2250 Job?
2992 2193 3097 2249 Cur
3135 2194 3283 2263 quasi
3323 2211 3426 2247 una
3467 2210 3531 2248 ea:

1902 2288 2254 2359 insipientibus
2285 2290 2580 2342 mulieribus
2612 2289 2820 2355 loquuta
2843 2289 2936 2342 es?
2961 2287 3023 2343 Si
3052 2288 3182 2340 bona
3213 2287 3529 2356 suscepimus

1903 2380 1966 2434 de
1995 2396 2150 2432 manu
2190 2379 2422 2446 Domini,
2449 2382 2586 2434 mala
2616 2397 2718 2433 non
2744 2379 3142 2434 sustinebimus?
3171 2379 3310 2446 Quid
3344 2388 3524 2434 autent

1903 2471 2019 2526 llaec
2039 2473 2217 2541 iniqua
2240 2472 2494 2527 etodiosa
2519 2489 2533 2538 ;
2560 2473 2696 2539 bzec,
2719 2473 2956 2541 inquam,
2977 2488 3114 2526 nova
3135 2472 3374 2527 Jezabel.
3408 2512 3422 2526 .
3459 2511 3472 2524 .
3506 2511 3520 2525 .

1903 2565 2012 2620 Sed
2047 2567 2211 2620 mittit
2240 2567 2370 2620 mihi
2397 2566 2651 2622 consules
2681 2575 2736 2620 et
2762 2568 3006 2621 tribunos
3027 2607 3040 2626 ,
3073 2574 3387 2635 tantumque
3421 2566 3524 2619 mi-

1901 2657 2123 2713 nitatur.
2170 2659 2239 2713 Et
2277 2658 2404 2729 quid
2453 2658 2522 2714 ad
2573 2673 2659 2714 me
2700 2657 2934 2714 attinet?
2965 2660 3190 2713 Aranea:
3223 2658 3292 2712 ab
3329 2671 3526 2712 aranea

1902 2752 2102 2806 missae.
2138 2751 2375 2816 Fratres,
2405 2751 2660 2822 quoniam
2695 2751 2970 2806 laboribus
2995 2751 3241 2815 victoria,
3269 2752 3523 2806 certamio

1903 2844 2058 2898 nibus
2085 2858 2286 2898 corona
2319 2854 2541 2914 paratur
2563 2885 2578 2910 ,
2610 2851 2669 2897 ut
2699 2843 2913 2897 divinus
2945 2843 3141 2898 Paulus
3179 2841 3341 2897 modo
3373 2841 3522 2896 dice-

1901 2936 2023 2995 bat.
2066 2935 2270 2989 Bonum
2323 2944 2578 2990 certamen
2621 2938 2812 2990 certavi
2834 2977 2849 3000 ,
2878 2951 3088 2989 cursum
3134 2934 3481 2989 consummavi
3505 2974 3519 2994 ,

1900 3027 2054 3095 ﬁdem
2079 3028 2272 3082 servavi
2304 3045 2323 3079 :
2351 3029 2405 3081 in
2435 3028 2631 3097 reliquo
2673 3029 2898 3098 reposita
2942 3037 3016 3082 est
3053 3027 3179 3081 milii
3221 3042 3410 3081 corona
3431 3028 3524 3098 ju-

1900 3121 2072 3185 stitiaz,
2101 3136 2255 3189 quam
2287 3121 2466 3175 reddet
2488 3121 2613 3173 mihi
2647 3119 2899 3174 Dominus
2925 3121 2976 3174 in
3004 3121 3099 3174 illa
3129 3120 3211 3173 die
3229 3121 3407 3190 justus
3429 3121 3525 3190 ju-

1899 3211 1998 3264 dea:
2028 3211 2113 3282 (2.
2146 3211 2277 3266 Tim.
2308 3214 2361 3267 4.
2399 3214 2477 3282 '7).
2508 3213 2773 3280 Quoniam
2807 3213 2905 3284 ipsi
2938 3213 3107 3282 gloria
3143 3222 3199 3268 et
3239 3213 3522 3280 imperium

1902 3305 1952 3357 in
1995 3307 2193 3361 saecula
2221 3308 2563 3361 saeculorum.
2601 3309 2794 3362 Amen.

641 4144 721 4206 IN
766 4144 961 4206 DUAS
996 4146 1440 4219 SEQUENTES
1482 4149 1670 4210 POST
1717 4151 2068 4215 REDITUM
2112 4158 2209 4216 AB
2255 4159 2556 4222 EXSILIO
2598 4162 3054 4238 ORATIONES.

197 4393 312 4448 lem
346 4407 490 4458 esse,
521 4393 752 4464 ideoque
781 4394 1197 4463 brevissimam;
1235 4398 1476 4453 secunda
1504 4409 1688 4455 autem
1723 4401 1939 4472 longior
1965 4403 2285 4476 insequente
2311 4412 2399 4463 die
2423 4412 2568 4468 dicta
2601 4413 2768 4471 fuerit
2798 4434 2812 4473 :
2842 4417 3031 4488 lapsus
3065 4436 3195 4494 ergo
3228 4424 3498 4478 Sozome-

199 4502 306 4587 nus
334 4496 420 4542 est
444 4488 538 4558 qui
561 4490 1008 4558 extemporalem,
1043 4492 1278 4562 σχέδιον,
1312 4491 1460 4547 illam
1491 4494 1798 4550 orationem
1819 4539 1834 4564 ,
1866 4513 2029 4568 quam
2077 4516 2336 4558 reversus
2383 4503 2820 4577 Clirysostomus
2852 4517 2922 4572 ad
2971 4488 3234 4587 populum
3278 4517 3496 4583 habuit,

193 4580 329 4635 dicit
358 4595 480 4636 eam
507 4597 627 4638 esse
649 4598 773 4654 quae
796 4584 1096 4640 Abrahami
1131 4595 1186 4641 et
1216 4585 1368 4644 Sara
1400 4589 2094 4662 similitudinem'adhibet,
2126 4598 2197 4652 ab
2231 4599 2440 4670 illaque
2471 4604 2705 4660 orditur.

271 4672 409 4728 lluic
431 4676 667 4731 orationi
699 4676 923 4744 Graeca,
952 4694 1118 4748 quam
1146 4679 1336 4736 Latine
1368 4685 1761 4750 convertimus,
1796 4695 2036 4744 veterem
2067 4691 2598 4762 interpretationem,
2637 4716 2761 4770 qua:
2803 4704 2857 4758 in
2903 4706 3057 4775 prius
3086 4706 3253 4763 editis
3282 4707 3478 4776 fertur,

193 4767 621 4877 subjungimus;
659 4774 918 4842 quoniam
955 4775 1082 4830 hinc
1107 4776 1314 4831 et'inde
1357 4779 1620 4834 nonnulla
1652 4782 1923 4837 habentur
1951 4785 2158 4843 Graecis
2189 4789 2457 4857 auctiora,
2492 4767 2741 4863 quaedam
2772 4767 2936 4855 etiam
2973 4820 3134 4862 secus
3171 4807 3372 4877 posita.

269 4860 578 4970 Secundam
610 4867 777 4922 etiam
807 4877 866 4922 ut
893 4884 1080 4924 verum
1114 4870 1493 4942 Cbrysostomi
1522 4873 1691 4930 fetum
1728 4892 1920 4934 omnes
1952 4881 2248 4939 admittunt
2276 4903 2288 4938 :
2322 4860 2554 4959 eiusque
2585 4896 2918 4966 γνησιότητα
2952 4860 3487 4975 δοῑοιῆέηιιεῖιίὲὂι

191 4961 394 5014 ψεδνὴ
419 4959 472 5026 in
501 4961 622 5015 loco
653 4978 818 5034 supra
854 4965 1038 5020 allato.
1082 4965 1266 5021 Unum
1298 4969 1556 5036 estquod
1596 4984 1702 5024 non
1740 4986 1935 5040 parum
1979 4977 2181 5046 negotii
2226 4977 2482 5038 facessat.
2515 4959 2764 5042 Primum
2797 4959 3182 5062 C'lirysostomi
3233 4959 3495 5054 exsilium

189 5063 250 5109 et.
286 5054 358 5109 ab
392 5055 500 5162 .irllo
556 5057 753 5111 exsilio
804 5059 1011 5114 reditus
1049 5060 1100 5114 in
1155 5077 1361 5116 annum
1419 5063 1623 5119 cadunt
1674 5065 1816 5133 403;
1872 5071 2199 5135 secundum,
2237 5090 2270 5129 a
2322 5091 2433 5144 quo
2480 5096 2761 5152 nunquam
2814 5054 2978 5142 rediit
3031 5089 3489 5162 Chrysostomus,

200 5165 349 5204 anno
379 5150 485 5255 tos
519 5153 768 5255 contigit.
802 5154 940 5210 Cum
966 5158 1209 5213 secundo
1238 5158 1448 5227 eiectus
1476 5159 1575 5214 fuit
1607 5161 2058 5233 Clirysostomus,
2090 5167 2321 5239 irruptio
2347 5171 2400 5224 in
2429 5150 2719 5233 ecclesiam
2770 5180 2912 5237 facta
2963 5193 3066 5248 est,
3104 5150 3489 5255 baptisterium

199 5245 468 5314 sanguine
498 5247 762 5317 repletum
801 5249 941 5316 fuit;
967 5252 1080 5306 haec
1117 5267 1266 5317 vero,
1295 5268 1418 5323 quae
1445 5269 1590 5310 anno
1616 5257 1720 5311 404
1748 5269 1901 5329 gesta
1943 5272 2095 5328 sunt,
2136 5264 2190 5318 in
2235 5266 2339 5322 bac
2380 5269 2629 5337 ltomilia,
2663 5288 2810 5329 anno
2862 5277 2970 5332 403
3013 5245 3220 5345 habita,
3249 5299 3493 5341 comme-

191 5349 502 5406 morantur,
529 5342 590 5394 τὸ
617 5346 983 5416 φωτιστήριον
1018 5349 1249 5418 αἵματος
1290 5349 1697 5422 ἐμπέπλησται.
1739 5353 1794 5420 ρι

1908 5355 2027 5412 iodo
2076 5362 2256 5429 potuit
2303 5361 2734 5435 Chrysoslomus
2783 5385 2846 5425 ea
2898 5389 3045 5428 anno
3077 5342 3289 5433 403-ut
3337 5391 3488 5451 gesta

191 5433 419 5532 referre,
450 5451 570 5536 quae
597 5452 742 5492 anno
775 5439 951 5493 solum
981 5444 1231 5514 sequenti
1254 5455 1406 5516 gesta
1432 5448 1601 5501 sunt?
1633 5447 1758 5505 llaec
1799 5451 1990 5522 objicit
2043 5453 2301 5525 Savilius,
2351 5433 2552 5530 quibus
2587 5467 2888 5536 respondet
2922 5469 3308 5531 Tilletnoutius

190 5529 368 5636 ipsum
394 5538 448 5581 et
480 5529 657 5584 hocet
685 5535 932 5601 sequenti
963 5552 1107 5590 anno
1156 5542 1472 5612 contingere
1507 5547 1771 5613 potuisse.
1825 5549 1978 5605 Alius
2034 5552 2269 5610 fortasse
2314 5529 2488 5624 dicet,
2537 5563 2655 5616 haec
2680 5529 2985 5633 -adjectitia
3017 5585 3159 5636 esse,
3191 5580 3244 5627 et
3288 5529 3356 5629 ex
3386 5529 3494 5630 alio

189 5620 1062 5736 forte.Opusculovc‘brysostomi,
1095 5637 1241 5704 quod
1281 5640 1522 5707 perierit,
1550 5643 1656 5698 liuc
1687 5647 1948 5700 translata
1985 5648 2172 5706 fuisse.
2209 5653 2370 5709 Certe
2411 5671 2500 5713 res
2536 5659 2648 5715 haec
2693 5620 3014 5721 diliicultate
3056 5620 3167 5722 non
3210 5680 3388 5736 vacat,
3427 5682 3480 5728 et

190 5711 247 5765 in
279 5711 657 5785 Chrysoslomi
695 5717 815 5774 Vita
847 5723 1094 5790 pluribus
1122 5729 1478 5796 expendetur.

260 5804 542 5912 Godet‘ridi
570 5809 868 5884 Tilmanni,
903 5818 998 5886 qui
1031 5806 1422 5893 paraphraSten
1455 5828 1632 5885 ootius
1664 5845 1826 5900 Quam
1860 5830 2213 5904 interpretem
2256 5840 2396 5910 egit,
2439 5845 2750 5905 versionem
2789 5850 3086 5920 rejecimus
3109 5897 3124 5917 ,
3170 5870 3481 5926 novamque

193 5901 528 5966 paravimus.

509 5998 774 6058 PATRUL.
820 6003 936 6062 Gtt.
989 6005 1114 6067 LII.

3090 6041 3124 6097 [ι
