4046 6446
569 416 676 473 439

1265 406 1322 462 S.
1362 401 1644 462 JOANNIS
1679 399 2164 460 CHRYSOSTOIII
2202 399 2522 458 ARCHIEP.
2565 397 3112 459 CONSTANTINOP.

3705 404 3820 460 ηο

589 641 3800 676 ___________________________________________

1660 1155 1998 1251 POST
2092 1158 2704 1248 REDITUM

1848 1485 1893 1541 Α
1931 1484 2185 1543 PRIORE
2225 1483 2514 1542 EXSILIO.

633 2361 687 2415 1.
717 2361 854 2430 Quid
879 2362 1073 2431 dicam,
1105 2372 1194 2418 aut
1222 2363 1350 2434 quid
1377 2364 1607 2436 loquar?
1638 2365 1958 2425 Benedictus
1983 2367 2142 2424 Dens.

565 2453 674 2511 lloc
704 2469 951 2525 egressus
975 2455 1105 2522 dixi,
1141 2456 1239 2511 hoc
1262 2457 1455 2513 iterum
1497 2458 1730 2528 profero,
1766 2460 1873 2515 imo
1899 2460 2004 2515 illic
2030 2477 2149 2516 cum

564 2559 739 2602 essem
769 2562 874 2601 non
903 2548 1160 2604 intermisi
1191 2549 1388 2606 dicere.
1422 2549 1735 2606 Meministis
1763 2566 1848 2606 me
1875 2551 2066 2608 Johuin
2099 2554 2151 2607 in

563 2636 800 2693 medium
829 2637 1094 2694 adducere
1117 2679 1131 2703 ,
1174 2654 1236 2694 ac
1261 2639 1445 2696 dicere
1475 2657 1488 2694 :
1524 2640 1606 2696 Sit
1636 2657 1814 2697 nomen
1841 2641 2046 2696 Domini
2073 2644 2154 2698 be-

569 2730 817 2784 nedictum
842 2732 893 2785 in
922 2731 1110 2786 siccata
1157 2731 1291 2802 (Job
1336 2735 1389 2788 l.
1430 2734 1494 2790 2i
1524 2735 1565 2804 ).
1598 2734 1725 2790 Haec
1753 2736 1906 2792 vobis
1934 2738 2151 2807 pignora

563 2823 748 2879 exiens
777 2824 989 2894 reliqui,
1019 2825 1114 2880 has
1133 2828 1422 2896 gratiarum
1443 2829 1683 2884 actiones
1709 2839 1932 2900 repeto:
1961 2830 2045 2886 Sit
2065 2848 2154 2886 no-

566 2933 679 2971 men
728 2915 933 2973 Domini
973 2919 1284 2973 benedictum
1326 2921 1379 2973 in
1407 2918 1610 2975 sarcula.
1659 2919 1891 2976 Diversae
1921 2936 2026 2983 res.
2059 2923 2152 2977 sed

566 3023 670 3064 una
695 3008 1029 3078 gloriﬁcatio.
1065 3010 1253 3066 Pulsus
1273 3012 1474 3080 gratias
1493 3011 1735 3082 agebam,
1766 3027 2014 3068 reversus
2033 3029 2155 3083 gra-

567 3100 667 3155 tias
692 3113 812 3170 ago.
838 3101 1069 3157 Diversa:
1109 3117 1215 3165 res,
1248 3102 1341 3158 sed
1373 3102 1499 3158 linis
1530 3118 1667 3159 unus
1696 3104 1887 3159 hiemis
1918 3112 1972 3159 ct
1997 3112 2155 3159 resta-

567 3192 672 3256 tis;
704 3206 842 3248 unus
881 3191 1022 3259 ﬁnis,
1068 3195 1180 3264 agri
1221 3193 1463 3249 felicitas.
1496 3193 1815 3251 Benedictus
1859 3193 2033 3260 Deus,
2066 3193 2156 3263 qui

566 3283 813 3353 permisit
853 3284 1031 3354 egredi
1058 3300 1073 3344 :
1106 3284 1420 3341 benedictus
1446 3285 1674 3352 iterum,
1704 3286 1791 3356 qui
1820 3286 1885 3339 ad
1926 3285 2155 3340 reditum

567 3378 842 3440 evocavit;
890 3372 1201 3431 benedictus
1230 3376 1406 3443 Deus,
1435 3375 1525 3446 qui
1557 3384 1925 3445 tempestatem
1958 3375 2158 3446 permi-

569 3465 639 3520 sit
663 3482 678 3530 ;
707 3465 1017 3522 benedictus
1042 3466 1204 3535 Deus,
1229 3467 1323 3537 qui
1343 3475 1714 3537 tempestatem
1732 3466 1911 3532 solvit,
1940 3475 1993 3521 et
2013 3475 2161 3521 tran-

569 3559 890 3630 quillitatem
920 3560 1142 3631 paravit.
1186 3559 1311 3616 llaec
1336 3559 1479 3627 dico,
1517 3568 1577 3615 ut
1605 3575 1700 3616 vos
1728 3560 1794 3615 ad
1835 3559 2161 3615 benedicen-

568 3653 698 3710 dum
737 3654 845 3710 Deo
871 3653 1163 3710 instituam.
1191 3653 1339 3709 Bona
1363 3654 1737 3724 contigerunt?
1767 3653 1999 3710 Benedic
2026 3653 2157 3719 Deo,

568 3754 623 3802 et
648 3747 787 3802 bona
823 3755 1058 3803 manent.
1095 3745 1228 3803 Mala
1257 3747 1606 3804 acciderunt?
1650 3746 1881 3803 Benedic
1929 3747 2061 3807 Deo.
2106 3756 2161 3802 et

570 3839 712 3894 mala
759 3838 1054 3894 solvuntur.
1096 3838 1368 3909 Siquidem
1397 3847 1453 3894 et
1478 3838 1579 3894 Job
1620 3837 1771 3893 dives
1815 3853 1937 3894 cum
1979 3847 2156 3902 esset,

568 3929 767 4000 gratias
785 3930 992 4000 agebat,
1016 3944 1216 4001 pauper
1239 3931 1397 3987 etiam
1418 3929 1639 3986 eﬂ‘ectus
1665 3929 1776 3986 Deo
1798 3929 2020 4000 gloriam
2038 3928 2162 3985 red-

571 4021 750 4076 debat.
780 4021 965 4093 Neque
994 4033 1120 4078 tunc
1149 4024 1342 4093 rapuit,
1383 4037 1556 4094 neque
1593 4031 1721 4077 tunc
1749 4021 2157 4093 blasphemavit.

574 4113 731 4169 Varia
780 4123 1019 4185 tempora
1041 4157 1055 4183 ,
1097 4124 1152 4171 et
1191 4131 1295 4171 una
1338 4130 1490 4172 mens
1528 4113 1628 4171 fuit
1659 4132 1672 4169 :
1703 4129 1768 4170 ac
1791 4114 2162 4185 gubernatoris

574 4207 824 4262 virtutem
850 4222 950 4264 nec
971 4208 1326 4280 tranquillitas
1354 4207 1596 4276 resolvit,
1627 4221 1727 4264 nec
1755 4215 2040 4277 tempestas
2070 4207 2164 4262 de-

575 4298 788 4367 mergit.
821 4298 1139 4356 Benedictus
1183 4299 1324 4356 Deus
1364 4309 1420 4356 et
1458 4315 1582 4356 cum
1622 4315 1654 4355 a
1687 4299 1842 4356 vobis
1885 4307 2161 4369 separatus

571 4403 715 4456 sum,
747 4399 949 4447 etcum
973 4406 1069 4448 vos
1097 4392 1428 4464 recuperavi.
1455 4391 1694 4465 Utraque
1714 4392 1954 4464 ejusdem
1983 4392 2163 4463 provi-

574 4481 769 4538 dentia:
799 4485 1027 4539 fuerunt.
1054 4485 1100 4540 A
1138 4484 1290 4541 vobis
1325 4493 1605 4555 separatus
1634 4499 1751 4541 sum
1787 4500 2033 4555 corpore,
2065 4484 2160 4541 sed

576 4589 909 4645 nequaquam
931 4586 1130 4633 mente.
1159 4575 1349 4633 Videte
1366 4587 1565 4648 quanta
1588 4578 1812 4633 fecerint
1826 4577 2163 4633 inimicorum

577 4665 807 4720 insidiae.
837 4667 1080 4723 Studium
1118 4668 1497 4735 intenderunt,
1543 4668 2167 4724 desiderium‘incende-

577 4764 723 4823 runt,
752 4763 806 4811 et
829 4767 1111 4814 sexcentos
1134 4758 1264 4814 mihi
1292 4768 1648 4830 procurarunt
1672 4767 1942 4815 amatores
1970 4777 1983 4812 :
2014 4767 2166 4814 ante-

571 4848 679 4902 hac
705 4864 792 4904 me
821 4850 925 4904 mei
964 4851 1250 4918 amabant,
1295 4867 1437 4908 nunc
1472 4850 1634 4908 etiam
1676 4851 1845 4908 Judaei
1875 4851 2163 4910 honorant.

578 4938 873 5010 Sperabam
897 4955 956 4997 se
981 4955 1010 4996 a
1040 4941 1175 4997 meis
1201 4957 1288 4998 me
1322 4952 1662 5014 separaturos
1682 4961 1802 5001 esse
1823 4987 1838 5012 ,
1882 4955 1937 5002 et
1961 4948 2169 5006 alienos

578 5032 937 5088 adsciverunt.
973 5032 1168 5089 Verum
1195 5025 1302 5089 non
1335 5034 1460 5102 illis,
1486 5034 1581 5091 sed
1615 5035 1709 5091 Dei
1755 5038 1955 5093 nomini
1981 5039 2168 5110 gratia:

579 5124 894 5193 referenda),
925 5125 1014 5194 qui
1042 5125 1254 5181 illorum
1284 5128 1516 5197 nequitia
1545 5128 1613 5183 ad
1635 5127 1893 5185 honorem
1922 5141 2165 5188 nostrum

578 5233 712 5274 usus
737 5227 856 5275 est:
883 5233 1003 5273 nam
1029 5227 1083 5274 et
1108 5218 1279 5275 Judaei
1308 5221 1588 5276 Dominum
1616 5231 1853 5278 nostrum
1880 5223 2168 5280 cruciﬁxe-

579 5319 725 5380 runt,
755 5320 810 5367 et
835 5319 1077 5368 servatus
1102 5321 1185 5368 est
1214 5312 1442 5369 mundus
1473 5333 1486 5369 :
1519 5329 1694 5384 neque
1716 5315 1941 5385 gratiam
1967 5316 2168 5373 Judmis

579 5403 775 5472 habeo,
818 5403 915 5460 sed
950 5403 1224 5460 erucilixo.
1273 5405 1499 5461 Videant
1523 5405 1790 5476 quomodo
1818 5406 1959 5462 Deus
1986 5418 2169 5464 noster

581 5495 725 5552 videt
751 5513 766 5551 :
797 5487 958 5566 qu'am
976 5511 1163 5567 pacem
1192 5511 1377 5553 eorum
1410 5497 1617 5552 insidia:
1641 5506 1980 5567 pepererunt,
2009 5514 2166 5568 quam

576 5589 802 5663 gloriam
843 5598 1185 5661 paraverunt.
1225 5590 1468 5646 Antehac
1497 5589 1723 5646 ecclesia
1759 5591 1873 5646 sola
1912 5591 2172 5661 impleba-

581 5695 703 5751 tur,
758 5699 900 5739 nunc
950 5683 1126 5740 forum
1179 5685 1484 5741 universum
1541 5683 1763 5739 ecclesia
1818 5683 2014 5740 factum
2066 5695 2168 5740 est.

580 5778 756 5835 Unum
794 5787 953 5850 caput
985 5777 1112 5834 inde
1148 5778 1250 5834 huc
1287 5794 1458 5850 usque
1502 5780 1676 5834 locum
1715 5787 1960 5850 occupat.
2003 5779 2172 5836 Nemo

581 5872 749 5930 choro
776 5879 956 5929 vestro
982 5870 1254 5929 silentium
1279 5871 1590 5942 imperavit,
1617 5878 1670 5928 et
1697 5879 1874 5928 tamen
1903 5885 2090 5929 omnes
2118 5871 2172 5927 in

2263 2371 2509 2437 silentio,
2551 2385 2738 2425 omnes
2786 2372 2837 2425 in
2875 2370 3287 2439 compunctione
3326 2369 3696 2426 versabantur.
3756 2367 3860 2423 Alii

2259 2461 2574 2530 psallebant,
2606 2461 2694 2516 alii
2717 2460 2905 2517 beatos
2929 2461 3288 2531 praedicabant
3310 2474 3405 2515 eos
3426 2460 3516 2529 qui
3541 2459 3857 2528 psallerent.

2259 2554 2428 2610 llodie
2455 2555 2725 2610 circenses
2751 2564 2908 2622 sunt,
2935 2563 2990 2609 et
3027 2569 3189 2609 nemo
3213 2553 3401 2617 adest;
3437 2552 3531 2608 sed
3581 2567 3776 2607 omnes
3806 2552 3859 2606 in

2258 2646 2538 2702 ecclesiam
2585 2661 2684 2701 ceu
2735 2654 3002 2701 torrentes
3043 2645 3418 2701 conﬂuxerunt
3445 2663 3458 2698 :
3487 2654 3703 2699 torrens
3727 2658 3862 2700 vero

2259 2746 2436 2793 vester
2471 2746 2679 2804 coetus,
2719 2746 2775 2793 et
2799 2736 3015 2792 ﬂumina
3045 2746 3170 2792 sunt
3199 2751 3359 2792 voces
3379 2778 3395 2802 ,
3437 2751 3556 2807 qua:
3582 2736 3633 2789 in
3663 2736 3861 2790 caelum

2259 2827 2587 2897 ascendunt,
2617 2844 2842 2901 quaeque
2880 2844 3120 2885 amorem
3160 2844 3284 2898 erga
3312 2837 3517 2899 patrem
3548 2827 3860 2897 perhibent.

2261 2921 2457 2976 Preces
2496 2930 2690 2977 vestrae
2726 2921 3028 2977 diademate
3081 2919 3474 2992 splendidiores
3515 2919 3654 2975 mihi
3707 2933 3861 2976 sunt.

2263 3012 2372 3066 Viri
2395 3012 2751 3082 mulieresque
2777 3011 2933 3067 simul
2968 3028 2982 3066 :
3013 3009 3082 3065 In
3109 3010 3311 3066 Christo
3339 3011 3483 3067 enim
3507 3009 3633 3065 λειω
3659 3026 3764 3064 non
3788 3021 3864 3066 est

2260 3106 2513 3160 masculus
2539 3123 2699 3177 neque
2725 3107 2913 3177 femina
2941 3104 3082 3176 (Gal.
3114 3105 3170 3161 ὅ.
3196 3105 3314 3177 28).
3343 3105 3626 3174 Quomodo
3670 3105 3864 3175 loquar

2261 3197 2527 3265 potentias
2574 3197 2818 3252 Domini?
2859 3197 3022 3254 Scitis
3059 3211 3221 3268 quam
3260 3198 3331 3252 sit
3369 3211 3554 3254 verum
3586 3196 3672 3263 id,
3715 3197 3864 3269 quod

2262 3287 2383 3344 dico
2412 3307 2427 3343 :
2456 3288 2512 3345 Si
2537 3288 2656 3360 quis
2681 3288 2893 3345 fortiter
2922 3290 3245 3347 tentationes
3271 3288 3432 3358 ferat,
3457 3305 3711 3363 magnum
3735 3292 3866 3349 inde

2264 3379 2492 3435 fructum
2522 3380 2778 3436 demetet.

2336 3471 2391 3527 2.
2427 3471 2603 3527 Oratio
2628 3472 2681 3525 in
2699 3471 2907 3526 ecclesia
2927 3473 3289 3544 Apostolorum
3307 3473 3500 3528 habita.
3523 3503 3596 3514 —
3616 3472 3744 3530 Ideo
3764 3489 3866 3530 vos

2264 3563 2329 3619 ad
2355 3564 2626 3633 apostolos
2669 3566 2981 3620 convocavi.
3025 3565 3283 3622 Venimus
3327 3565 3462 3635 pulsi
3503 3565 3568 3619 ad
3605 3581 3724 3631 eos.
3770 3567 3866 3638 qui

2266 3656 2401 3727 pulsi
2433 3665 2579 3711 sunt.
2603 3655 2712 3712 Nos
2729 3657 2935 3713 insidiis
2963 3672 3152 3713 sumus
3175 3656 3418 3726 appetiti,
3446 3656 3519 3711 illi
3545 3657 3686 3726 pulsi
3713 3669 3863 3712 sunt.

2268 3745 2523 3802 Venimus
2543 3748 2609 3802 ad
2630 3747 2993 3814 Timotheum,
3016 3763 3214 3803 novum
3248 3748 3492 3802 Paulum.
3515 3746 3776 3804 Venimus
3800 3749 3868 3804 ad

2264 3847 2446 3892 sancta
2497 3852 2724 3908 corpora
2749 3879 2763 3904 ,
2805 3854 2925 3909 quin
2957 3835 3154 3893 Christi
3203 3838 3449 3908 stigmata
3495 3848 3865 3910 gestavcrunt.

2267 3927 2564 3998 Numquam
2595 3928 2785 3984 timeas
2819 3930 3171 3984 tentationem
3193 3968 3209 3994 ,
3242 3929 3286 3982 si
3312 3930 3492 3985 animo
3521 3929 3629 3985 scis
3666 3930 3870 3985 instru-

2266 4026 2384 4072 ctus
2408 4033 2710 4089 generoso:
2739 4019 2911 4074 sancti
2940 4033 3130 4075 omnes
3155 4021 3233 4075 sic
3252 4020 3490 4074 coronati
3521 4030 3670 4076 sunt.
3697 4021 3868 4078 Multa

2267 4123 2556 4179 corporum
2585 4108 2835 4176 afﬂictio,
2864 4111 3037 4180 major
3080 4124 3205 4165 vero
3231 4110 3532 4166 animorum
3564 4112 3869 4183 tranquilli-

2267 4211 2370 4258 tas.
2413 4201 2627 4258 Utinam
2672 4217 2888 4273 semper
2928 4201 2981 4257 in
3018 4216 3256 4257 erumna
3284 4202 3421 4257 sitis.
3454 4201 3545 4258 Sic
3585 4211 3644 4258 et
3681 4214 3869 4274 pastor

2265 4295 2460 4367 gaudet
2485 4309 2606 4351 cum
2634 4295 2874 4351 laborem
2899 4303 3117 4365 prepter
3135 4308 3264 4348 oves
3289 4293 3454 4348 subit.
3483 4292 3624 4360 Quid
3652 4294 3870 4365 loquar?

2267 4389 2357 4444 ubi
2382 4388 2594 4445 seram?
2625 4387 2824 4443 Locum
2861 4387 3134 4442 desertum
3162 4400 3268 4441 non
3296 4384 3492 4440 habeo.
3521 4385 3625 4442 Ubi
3655 4385 3870 4442 labora-

2266 4481 2371 4538 bo?
2399 4480 2515 4536 Non
2539 4489 2624 4536 est
2652 4480 2780 4535 mihi
2811 4480 2966 4534 vinea
2990 4486 3196 4548 aperta.
3227 4475 3331 4534 Ubi
3353 4476 3667 4532 tedilicabo?
3691 4479 3871 4534 Abso-

2268 4573 2438 4628 lutum
2468 4581 2552 4628 est
2577 4572 2831 4642 templum
2856 4587 2872 4636 ;
2904 4571 3041 4625 retia
3067 4584 3186 4624 mea
3222 4579 3543 4639 rumpuntur
3573 4569 3646 4624 ob
3679 4569 3869 4624 multi-

2272 4665 2509 4721 tudinem
2561 4665 2805 4736 piscium.
2854 4663 2994 4732 Quid
3039 4661 3272 4718 faciam?
3300 4661 3602 4718 Laborandi
3655 4671 3871 4734 tempus

2272 4771 2378 4812 non
2400 4755 2650 4833 suppetit.
2677 4755 2799 4811 Ideo
2821 4754 3029 4820 hortor,
3055 4766 3161 4808 non
3183 4751 3325 4822 quod
3340 4752 3582 4807 doctrina
3598 4766 3696 4808 vos
3710 4767 3872 4824 egea-

2273 4851 2356 4914 tis,
2391 4847 2484 4905 sed
2512 4858 2570 4903 ut
2607 4848 2884 4903 ostendam
2917 4847 3201 4917 genuinam
3230 4859 3404 4899 meam
3435 4859 3559 4915 erga
3587 4859 3686 4900 vos
3723 4845 3869 4900 cari-

2275 4943 2457 4998 tatem.
2487 4940 2696 5010 Ubique
2724 4941 2885 5009 spica:
2914 4947 3161 4993 vernant.
3193 4936 3297 4993 Tot
3316 4946 3441 4992 sunt
3465 4951 3615 5001 oves,
3658 4944 3714 4992 et
3744 4951 3872 4992 nus-

2274 5052 2433 5107 quam
2493 5036 2650 5104 iupus
2674 5050 2689 5099 ;
2721 5042 2799 5089 tot
2821 5043 2945 5088 sunt
2973 5033 3156 5103 spicae,
3185 5040 3237 5087 et
3263 5047 3524 5101 nusquam
3551 5030 3723 5098 snina:
3748 5047 3765 5095 ;
3794 5040 3871 5084 tot

2274 5135 2400 5183 sunt
2434 5127 2590 5191 vites,
2613 5135 2669 5181 et
2695 5140 2955 5194 nusquam
2986 5125 3193 5195 vulpes.
3223 5122 3502 5177 Mordaces
3527 5119 3714 5176 bestiae
3745 5119 3874 5173 sub-

2275 5238 2468 5279 mersa:
2502 5230 2645 5288 sunt,
2675 5220 2782 5291 lupi
2810 5219 3076 5290 fugerunt.
3105 5219 3240 5284 Quis
3274 5217 3395 5272 illos
3415 5216 3731 5285 insequutus
3750 5212 3874 5268 est?

2273 5318 2388 5374 Non
2405 5331 2505 5388 ego
2525 5324 2723 5386 pastor,
2743 5314 2834 5369 sed
2857 5329 2950 5369 vos
2969 5326 3120 5368 oves.
3148 5311 3192 5366 Ο
3212 5309 3463 5364 nobilitas
3489 5307 3678 5363 ovium
3697 5306 3712 5360 ι
3733 5305 3874 5361 Abs-

2273 5418 2395 5464 ente
2429 5416 2664 5478 pastore,
2707 5405 2862 5475 lupos
2884 5402 3255 5475 proﬂigarunt.
3279 5400 3323 5455 Ο
3341 5397 3682 5470 pulchritudo
3705 5411 3873 5468 spon-

2275 5515 2350 5555 sm
2374 5540 2389 5564 ,
2419 5498 2526 5552 imo
2555 5497 2735 5566 potius
2763 5496 2980 5550 castitas
3006 5495 3021 5549 l
3065 5493 3289 5548 absente
3316 5492 3431 5545 viro
3458 5488 3731 5544 adulteros
3780 5486 3874 5541 ab-

2275 5595 2403 5663 egit.
2433 5590 2476 5646 Ο
2505 5588 2846 5660 pulchritudo
2872 5597 2926 5643 et
2952 5587 3171 5644 castitas
3194 5585 3439 5654 sponsae!
3490 5580 3728 5637 ostendit
3761 5578 3875 5651 pul-

2274 5683 2664 5748 chritudinem;
2694 5678 2929 5736 ostendit
2955 5686 3010 5733 et
3055 5675 3398 5750 probitatem.
3449 5670 3732 5740 Quomodo
3790 5668 3875 5723 ab-

2276 5778 2430 5848 egisti
2486 5772 2812 5830 adulteros?
2874 5769 3028 5838 Quod
3082 5769 3255 5824 virum
3295 5779 3525 5820 amares.
3593 5758 3873 5831 Quomodo

2278 5869 2499 5940 abegisti
2530 5865 2842 5924 adulteros?
2869 5861 3143 5920 Castitatis
3172 5856 3558 5930 magnitudine.
3594 5854 3714 5910 Non
3744 5849 3876 5908 arri-
