4046 6428
167 411 264 466 3M

169 526 256 594 pui
283 539 458 590 arma,
482 529 587 578 non
621 525 826 588 hastas,
861 538 968 579 non
1008 523 1214 593 clipeos
1247 540 1260 576 :
1290 522 1504 577 ostendi
1533 521 1639 576 illis
1663 519 1776 591 pul-

165 616 528 672 chritudinem
559 633 772 683 meam,
824 634 930 671 non
977 616 1217 672 tulerunt
1261 614 1630 687 splendorem.
1671 612 1775 669 Ubi

168 724 310 763 nunc
337 709 454 763 illi?
497 709 551 762 lu
594 708 940 778 turpitudine.
977 707 1077 765 Ubi
1121 706 1257 762 nos?
1308 707 1363 760 In
1393 705 1772 760 exsultatione.

167 801 525 872 Imperatores
559 793 875 864 nobiseum;
907 799 1177 870 principes
1223 799 1525 852 nobiscum.
1572 795 1776 866 Ecquid

162 895 382 950 dicam?
411 895 537 966 quid
564 895 791 964 loquar?
810 894 1034 963 Adjiciat
1057 892 1306 947 Dominus
1331 908 1485 961 super
1509 906 1594 943 vos
1615 898 1661 942 et
1681 904 1772 941 su-

1279 405 1512 466 SERMO
1550 400 1721 459 POST
1761 400 2071 460 REDITUM
2111 404 2202 460 ΔΒ
2243 400 2535 460 EXSILIO.
3394 403 3500 457 Nl

1882 537 1971 593 per
2010 521 2149 589 ﬁlios
2186 532 2375 576 vestros
2416 519 2592 592 (Prol.
2627 519 2750 574 ΗΞ).
2786 517 2912 590 M),
2945 519 3389 588 alacritatemque
3415 533 3501 571 ve-

1882 625 2051 670 stram
2097 614 2252 684 quasi
2300 628 2496 684 sageua
2524 613 2726 683 capiat.
2760 611 2861 668 Hic
2884 625 3016 666 vero
3057 610 3218 665 finem
3247 609 3500 679 loquendi

1884 706 2176 773 faciamus,
2218 707 2270 760 iu
2313 705 2567 761 omnibus
2607 703 2810 776 gratias
2837 711 3063 774 agentes
3101 701 3336 773 benigno
3367 703 3501 770 Deo,

1884 799 1971 855 cui
1998 782 2167 869 gloria
2196 798 2248 853 in
2281 798 2500 853 smcula.
2533 797 2729 852 Amen.

178 1033 3494 1066 ___________________________———————'—-—————-——————-————

1133 1143 1330 1206 POST
1377 1138 1740 1202 REDlTUM
1785 1137 1840 1198 A
1883 1137 2178 1200 PRIORE
2220 1138 2574 1201 EXSILIO.

239 1314 379 1384 Quid
407 1314 622 1369 dicam?
663 1315 788 1383 quid
817 1313 1048 1384 loquar?
1075 1310 1399 1367 Benedictus
1430 1308 1592 1362 Deus.
1623 1306 1777 1361 Hunc

163 1407 453 1476 egrediens
486 1405 595 1461 dixi
628 1420 966 1466 sermonem,
995 1405 1138 1457 hunc
1165 1401 1349 1456 iteravi
1382 1407 1692 1463 revertens,
1723 1404 1778 1452 et

167 1498 282 1551 illic
317 1498 648 1552 constitutus
676 1497 819 1550 hunc
849 1497 899 1549 in
930 1510 1025 1550 ore
1055 1493 1358 1547 volvebam.
1390 1492 1525 1546 Puto
1552 1504 1647 1544 vos
1669 1502 1778 1544 me~

166 1591 430 1655 minisse,
479 1607 602 1646 cum
649 1598 774 1644 ante
803 1589 905 1643 hoc
950 1589 1166 1643 beatum
1192 1585 1294 1640 Job
1334 1583 1681 1638 adduxissem
1723 1579 1778 1634 in

166 1684 352 1739 medio
389 1684 655 1739 dicentem
683 1701 696 1737 :
730 1682 813 1738 Sit
839 1697 1018 1735 nomen
1047 1678 1254 1734 Domini
1275 1678 1603 1738 benedictum
1633 1676 1650 1746 (
1674 1672 1777 1728 Job

168 1778 226 1830 1.
258 1774 372 1847 21).
424 1775 572 1830 Hane
599 1777 752 1830 vobis
800 1773 1078 1828 historiam
1126 1770 1417 1839 dereliqui,
1466 1769 1560 1821 bas
1589 1765 1779 1837 gratia.

169 1883 292 1922 rum
318 1868 559 1923 actiones
583 1868 789 1922 iterabo
818 1880 1116 1935 regressus.
1147 1862 1229 1919 Si:
1256 1879 1437 1918 nomen
1467 1860 1673 1913 Domini
1693 1858 1778 1913 be-

168 1962 427 2015 nedictum
474 1963 527 2015 in
566 1961 774 2015 saecula.
826 1960 1060 2014 Diversae
1097 1973 1274 2012 rerum
1319 1970 1518 2016 cansm,
1547 1952 1641 2008 sed
1673 1966 1778 2007 una

165 2054 504 2121 glorificatio.
539 2053 604 2106 Et
635 2067 758 2106 cum
785 2051 1118 2122 espellcbar,
1169 2046 1576 2112 benediceham,
1609 2054 1665 2099 et
1694 2059 1780 2099 re-

168 2162 360 2201 versus
392 2148 584 2201 iterum
613 2148 893 2202 benedieo.
941 2145 1008 2200 Et
1042 2145 1087 2200 si
1131 2145 1293 2198 variae
1320 2142 1536 2214 quidem
1564 2155 1775 2206 cauete,

165 2240 266 2294 sed
299 2255 398 2294 una
428 2239 689 2294 definitio.
722 2240 896 2310 Super
921 2239 1152 2292 hiemem
1180 2245 1235 2292 et
1260 2243 1503 2290 aestatem
1534 2249 1674 2289 unus
1694 2241 1781 2290 est

169 2334 298 2386 finis
326 2350 340 2386 :
369 2334 614 2399 culturae,
651 2331 898 2386 fertilitas
933 2331 1268 2401 subsequens
1312 2329 1509 2398 campi.
1559 2327 1779 2384 Benedi-

164 2433 292 2476 ctus
323 2424 481 2488 Deus,
514 2425 603 2495 qui
635 2425 903 2479 concessit
929 2423 1113 2488 exire;
1155 2422 1470 2478 benedictus
1494 2422 1658 2488 Deus,
1685 2423 1778 2493 qui

165 2519 350 2575 redire
379 2521 662 2589 prmeepit;
693 2518 1011 2576 benedictus
1040 2520 1214 2584 Deus,
1248 2518 1341 2588 qui
1373 2517 1621 2588 permisit
1659 2517 1777 2573 hie-

168 2627 344 2676 mem;
372 2612 686 2668 benedictus
712 2614 872 2681 Deus,
900 2614 990 2683 qui
1013 2613 1261 2668 dissolvit
1285 2613 1540 2679 hiemem,
1571 2621 1625 2668 et
1653 2612 1779 2668 fecit

168 2704 634 2773 tranquilliuttem.
667 2704 795 2759 Haec
823 2705 944 2760 dico
974 2705 1273 2761 admonens
1301 2720 1418 2771 vos,
1470 2713 1529 2759 ut
1561 2721 1778 2775 semper

167 2795 520 2850 benedicatis.
553 2795 608 2852 Si
635 2799 918 2852 evenerint
948 2798 1109 2864 mala,
1141 2798 1463 2863 benedicite,
1493 2808 1548 2852 et
1581 2797 1776 2853 dissol-

166 2896 366 2941 ventur
388 2888 544 2942 mala.
575 2888 631 2943 Si
657 2904 912 2959 prospera
943 2889 1210 2955 venerint,
1233 2889 1554 2953 benedicite,
1581 2898 1635 2944 et
1656 2905 1779 2959 per-

163 2980 494 3035 severabunt
527 2995 801 3050 prospera.
834 2981 1110 3051 Siquidem
1133 2980 1236 3037 Job
1263 2996 1386 3036 cum
1421 2982 1472 3036 in
1504 2982 1778 3053 prosperis

163 3078 335 3134 esset,
395 3069 788 3125 benedicebat:
820 3082 1024 3126 etcum
1087 3086 1291 3141 pauper
1337 3080 1481 3127 esset
1526 3070 1773 3135 effectus,

163 3161 517 3229 glorificabat.
570 3163 756 3234 Neque
785 3175 912 3219 tunc
951 3165 1191 3234 ingratus
1218 3163 1336 3232 fuit,
1391 3179 1566 3234 neque
1591 3173 1776 3235 postea

167 3255 579 3324 blasplietnavit.
618 3256 836 3312 Diversa
867 3256 1082 3328 quidem
1117 3265 1380 3326 tempora,
1425 3258 1522 3313 sed
1553 3273 1656 3312 una
1682 3274 1778 3312 vo-

164 3346 346 3401 luntas
373 3364 386 3400 :
417 3347 768 3417 gubernantis
793 3358 972 3403 actum
1000 3363 1102 3403 nec
1129 3348 1485 3419 tranquillitas
1527 3349 1773 3415 resolvit,

165 3455 268 3494 nec
302 3449 590 3510 tempestas
632 3441 825 3497 hiemis
865 3443 1149 3513 demergit.
1178 3442 1502 3499 Benedictus
1533 3445 1696 3511 Deus,
1723 3456 1777 3499 et

165 3551 290 3590 cum
313 3552 342 3590 a
364 3537 512 3592 vobis
531 3553 647 3592 sum
670 3548 1003 3610 segregatus,
1029 3549 1083 3594 et
1098 3554 1222 3595 cum
1244 3541 1435 3594 iterum
1462 3541 1639 3610 recepi
1660 3557 1773 3595 vos.

168 3627 224 3680 ltt
256 3637 483 3698 utroque
517 3630 606 3684 Dei
632 3631 966 3699 providentia
991 3641 1095 3686 est.
1121 3631 1410 3701 Separatus
1431 3647 1460 3685 a
1485 3632 1638 3687 vobis
1658 3648 1779 3688 cor-

166 3737 321 3789 pore,
352 3724 445 3777 sed
473 3726 652 3778 anima
671 3740 774 3779 non
800 3740 918 3780 sum
943 3741 973 3780 a
1003 3725 1156 3780 vobis
1176 3725 1399 3781 divisus.
1419 3725 1487 3780 Et
1513 3742 1577 3781 ex
1597 3737 1777 3782 vestro

165 3814 363 3870 affectu
389 3831 566 3872 meum
597 3819 859 3874 metimini
882 3821 1141 3874 animum.
1175 3820 1241 3875 Et
1262 3820 1387 3892 quid
1415 3821 1630 3876 dicam?
1657 3821 1776 3877 Non

163 3922 286 3960 smn
315 3918 590 3974 separatus
611 3925 639 3963 a
669 3910 843 3977 vobis,
875 3911 968 3966 sed
995 3912 1166 3982 magis
1192 3926 1456 3967 accensus
1485 3927 1604 3967 sum
1634 3912 1779 3970 desi-

164 3999 318 4054 derio
349 4001 533 4066 vestri,
555 4002 698 4071 quod
719 4004 880 4057 etiam
908 4005 975 4059 de
1004 4004 1159 4059 Vobis
1187 4005 1420 4061 confido.
1455 4006 1593 4062 Nihil
1623 4009 1777 4064 nobis

167 4104 401 4145 nocuere
418 4091 643 4159 insidia},
669 4094 798 4148 nihil
821 4094 960 4149 lazsit
979 4096 1198 4162 invidia,
1218 4097 1311 4152 sed
1331 4099 1500 4168 magis
1521 4115 1779 4171 augmen-

168 4188 281 4233 tum
321 4183 567 4249 prmstitit
599 4185 843 4248 caritati,
885 4195 941 4240 et
986 4187 1356 4257 multiplicavit
1389 4189 1774 4260 discipulorum

166 4289 452 4328 numerum
480 4293 493 4328 :
517 4285 643 4333 ante
670 4277 773 4333 hoc
793 4281 934 4334 enim
962 4280 1220 4351 diligebar
1240 4298 1270 4336 a
1298 4284 1452 4352 meis,
1484 4301 1626 4342 nunc
1647 4303 1778 4345 vero

169 4367 570 4422 lionorilicabor
590 4384 618 4422 a
647 4369 866 4425 Judzeis.
896 4372 1199 4442 Sperabam
1222 4390 1309 4429 mc
1329 4391 1358 4429 a
1382 4377 1517 4432 meis
1545 4379 1668 4436 ﬁliis
1689 4395 1775 4436 se-

167 4473 379 4527 parare,
425 4460 522 4514 sed
565 4462 732 4531 magis
763 4463 891 4518 mihi
923 4475 1210 4521 extraneos
1239 4467 1614 4537 adjnnxerunt.
1659 4471 1776 4527 Non

167 4551 278 4606 illis
304 4567 456 4622 agam
481 4555 680 4624 gratias
708 4572 722 4607 :
755 4555 851 4610 sed
881 4556 972 4612 Dei
1012 4559 1395 4616 misericordia:
1432 4560 1657 4630 gloriam
1687 4564 1780 4620 re-

168 4646 364 4712 feram,
391 4646 478 4716 qui
497 4657 723 4702 couatus
745 4648 960 4704 illorum
991 4651 1161 4705 malos
1183 4652 1234 4705 in
1261 4652 1453 4707 melius
1479 4665 1777 4709 commuta-

164 4737 244 4790 vit
277 4755 292 4792 :
324 4753 446 4793 nam
477 4747 527 4793 et
557 4738 728 4793 Judaei
767 4743 1150 4799 crucilixerunt
1189 4744 1460 4800 Christum
1483 4788 1497 4808 ,
1540 4757 1593 4802 et
1636 4749 1778 4803 illius

164 4840 342 4885 morte
372 4831 659 4889 lnnnanum
683 4836 945 4890 salvatum
969 4845 1051 4889 est
1071 4851 1274 4907 genus;
1307 4853 1412 4891 non
1438 4838 1540 4892 illis
1564 4840 1771 4910 gratim,

163 4923 261 4977 sed
306 4925 584 4979 crncilixo.
636 4927 990 4982 Considerent
1029 4928 1156 4998 quid
1201 4929 1327 4983 boni
1372 4944 1545 5000 pugna
1588 4945 1773 4985 eorum

164 5017 447 5084 pratstitit,
492 5018 701 5074 insidia:
726 5035 912 5076 eorum
939 5022 1151 5090 qualem
1183 5021 1338 5076 nobis
1369 5023 1606 5077 la-titiam
1638 5040 1776 5094 prm-

165 5120 513 5176 paraverunt.
562 5111 704 5165 Ante
751 5110 854 5164 hoc
897 5111 1110 5181 quidem
1155 5099 1382 5167 ecclesia
1444 5115 1770 5182 rapiebatur,

160 5197 260 5252 sed
291 5214 431 5254 nunc
469 5211 522 5254 et
551 5200 604 5254 in
637 5202 826 5271 plateis
857 5205 1102 5258 ecclesiae
1131 5204 1284 5258 facta:
1310 5214 1455 5259 sunt.
1493 5206 1558 5260 Et
1579 5208 1772 5261 unani-

162 5305 302 5355 mes,
334 5300 391 5348 et
419 5294 694 5361 conjuncti
740 5295 1069 5363 psallentes,
1109 5295 1202 5349 Dei
1236 5296 1288 5349 in
1331 5311 1428 5350 vos
1470 5300 1772 5366 provocatis

159 5394 438 5454 aspectum
470 5404 482 5440 :
521 5401 685 5443 voces
715 5398 907 5444 vestra;
936 5389 1051 5443 cmli
1084 5399 1290 5446 secreta
1317 5403 1686 5460 penetrarunt,
1717 5403 1776 5448 ut

159 5479 339 5532 omnis
391 5487 523 5534 aetas
565 5492 774 5535 vestras
828 5483 1152 5550 psalmodias
1210 5485 1496 5538 miraretur
1544 5496 1771 5541 attenta.

160 5572 362 5626 Cursus
387 5588 649 5642 equorum
681 5574 840 5630 hodie
860 5617 875 5642 ,
908 5585 961 5630 et
989 5579 1137 5646 pauci
1180 5579 1305 5633 illuc
1325 5621 1339 5645 ,
1374 5579 1482 5633 imo
1511 5583 1689 5636 cuncti
1719 5584 1770 5637 in

158 5663 385 5718 ecclesia
422 5683 435 5718 :
466 5667 617 5735 quasi
642 5675 861 5723 torrens
889 5670 1102 5738 quidam
1129 5685 1194 5725 ac
1219 5671 1412 5725 ﬂuvius
1434 5685 1610 5727 veSIra
1634 5673 1769 5728 facta

161 5762 248 5809 est
264 5757 568 5814 multitudo.
591 5759 763 5816 Voces
783 5771 976 5817 vestra:
1001 5762 1278 5818 elevantur
1294 5763 1361 5819 ad
1379 5765 1591 5832 cmlum,
1620 5782 1769 5822 amo-

170 5861 288 5903 rem
313 5850 409 5923 qui
437 5850 502 5906 ad
534 5863 741 5922 patrem
765 5864 849 5911 cst
864 5855 1228 5912 ostendentes.
1255 5854 1542 5914 Orationes
1572 5871 1768 5918 vestrae

1886 1323 2069 1364 meum
2099 1317 2702 1377 coronaveruntcaput.
2731 1306 2916 1364 Oratio
2944 1306 3092 1363 omni
3130 1307 3317 1363 manili
3351 1322 3496 1379 pra:-

1883 1403 2082 1458 clarior
2112 1401 2215 1456 viri
2246 1411 2302 1457 et
2330 1401 2591 1457 mulieris.
2622 1399 2691 1455 In
2721 1400 2924 1457 Christo
2955 1403 3090 1456 enim
3113 1400 3241 1456 lem
3261 1417 3362 1456 non
3389 1417 3502 1456 ma-

1891 1495 2094 1562 sculus,
2121 1509 2284 1564 neque
2325 1492 2522 1562 femina
2559 1487 2705 1559 (Gal.
2746 1489 2800 1543 3.
2833 1487 2926 1558 ‘28)
2958 1485 3209 1553 Qualiter
3238 1497 3492 1537 enarrem

1892 1588 2163 1659 potentias
2195 1585 2431 1651 Domini,
2463 1594 2558 1638 aut
2580 1579 2850 1636 mirabilia
2874 1578 2998 1648 ejus
3019 1576 3379 1632 recenseam?
3405 1571 3494 1626 Vi-

1893 1679 2170 1750 detisquia
2185 1678 2330 1748 quod
2345 1676 2472 1731 dico
2488 1689 2676 1731 verum
2697 1681 2781 1728 est
2798 1689 2810 1724 :
2826 1669 3100 1738 Quoniam
3118 1668 3162 1721 si
3182 1667 3308 1738 quis
3320 1675 3498 1721 tenta-

1893 1772 2097 1828 tionem
2131 1769 2360 1824 viriliter
2387 1768 2592 1832 tulerit,
2631 1779 2887 1835 magnum
2924 1777 2991 1817 ex
3041 1762 3158 1831 ipsa
3194 1759 3501 1814 vindemiat

1893 1862 2159 1920 fructum.
2185 1858 2311 1918 Ideo
2327 1874 2425 1914 vos
2442 1859 2508 1913 ad
2525 1857 2808 1928 apostolos
2837 1853 3086 1918 invitavi,
3105 1861 3167 1907 ut
3184 1852 3248 1904 ad
3268 1867 3386 1914 eos,
3405 1850 3500 1920 qui

1894 1955 2190 2027 aliquando
2207 1962 2457 2023 perseeut
2481 1965 2641 2006 onem
2660 1949 2806 2020 passi
2827 1948 3062 2012 fuerant,
3089 1946 3418 2001 veniremus.
3443 1942 3508 1996 Et

1894 2065 1998 2105 nos
2031 2046 2251 2120 quidem
2289 2045 2517 2102 insidias
2547 2045 2718 2114 passi,
2761 2042 2837 2096 illi
2868 2056 2996 2096 vero
3039 2038 3363 2110 impngnati.
3399 2038 3504 2090 Sed

1895 2139 2102 2197 inimici
2149 2139 2256 2194 illis
2294 2138 2429 2194 nihil
2467 2143 2821 2193 nocuerunt:
2859 2133 2990 2204 quia
3028 2133 3118 2188 isti
3149 2133 3339 2187 orbem
3395 2141 3504 2184 ter-

1896 2250 2085 2291 rarum
2104 2229 2789 2288 lucraverunt.Veniamus
2809 2227 2879 2284 ad
2899 2237 3089 2283 sancta
3120 2241 3506 2297 eoi-perantia:

1896 2327 2104 2386 Christi
2134 2328 2392 2399 stigmata
2440 2331 2837 2396 portaverant.
2878 2321 3178 2376 Veniamus
3219 2319 3284 2372 ad
3314 2317 3505 2371 Timo-

1897 2421 2086 2475 theum
2105 2434 2307 2475 novum
2329 2419 2580 2486 Paulum,
2598 2427 2650 2473 et
2667 2417 2946 2470 Andream
2993 2415 3225 2468 alterum
3256 2411 3501 2466 Petrum.

1898 2517 2193 2573 Credimus
2227 2496 2532 2585 juva'rinos
2553 2513 2774 2566 illorum
2797 2509 3027 2566 meritis.
3048 2507 3105 2561 Si
3141 2507 3358 2562 virilem
3390 2505 3507 2559 ani-

1899 2625 2051 2666 mum
2067 2609 2233 2681 geris,
2251 2621 2362 2662 non
2388 2607 2582 2662 timeas
2603 2603 2952 2659 tentatioues.
2981 2599 3186 2656 Omnes
3204 2598 3378 2654 sancti
3409 2612 3506 2666 per

1901 2703 2004 2758 ista
2024 2699 2556 2755 transierttttl.Mttlla
2579 2696 2863 2752 tribulatio
2881 2691 3305 2761 corporum,scd
3325 2689 3506 2760 majus

1900 2793 2252 2865 refrigerium
2268 2794 2599 2847 animarum.
2621 2788 2849 2843 Praestet
2866 2801 2964 2841 vos
2994 2784 3259 2839 Dominus
3290 2797 3508 2852 semper

1900 2887 2113 2958 augeri,
2127 2895 2184 2940 et
2207 2884 2449 2940 celebres
2465 2891 2774 2938 conventus
2797 2895 2978 2949 agere.
2997 2878 3181 2932 Gloria
3196 2877 3397 2946 quippe
3410 2891 3504 2944 pa-

1901 2979 2070 3035 storis
2092 2985 2179 3033 est
2191 2977 2375 3031 ovium
2395 2973 2706 3030 multitudo.
2721 2971 2860 3040 Quid
2878 2970 3073 3025 faciam
3087 2968 3250 3039 ?quid
3275 2967 3506 3038 loquar?

1903 3072 2175 3130 incultum
2197 3071 2288 3125 ubi
2311 3069 2576 3125 seminam
2597 3067 2895 3122 nonbabeo
2912 3079 3126 3138 agrum.
3154 3062 3392 3118 Extensa
3417 3068 3502 3116 est

1904 3181 2148 3238 propago
2158 3166 2373 3231 vitium,
2392 3162 2692 3234 perfectum
2718 3159 3100 3229 esttemplmn,
3119 3167 3172 3212 et
3187 3172 3296 3226 pra:
3313 3155 3492 3210 multi-

1903 3261 2096 3317 tudine
2112 3260 2344 3332 piscium
2357 3265 2689 3327 rumpuntttr
2707 3254 2840 3309 retia
2857 3250 3143 3317 mea.Quid
3162 3247 3386 3304 faciam?
3402 3245 3505 3302 La-

1884 3356 2110 3412 borandi
2148 3356 2327 3410 locum
2366 3367 2474 3408 non
2508 3349 2716 3414 habeo,
2743 3347 3011 3420 gaudendi
3043 3346 3217 3402 habeo
3265 3355 3497 3413 tempus.

1884 3447 2008 3504 Ideo
2061 3448 2300 3518 loquor:
2343 3458 2452 3500 non
2502 3444 2628 3514 quia
2677 3442 2928 3513 indigetis
2969 3438 3254 3503 doctrina,
3302 3435 3397 3492 sed
3444 3444 3502 3490 ut

1883 3555 2059 3596 meam
2091 3538 2426 3593 voluntatem
2458 3534 2612 3591 vobis
2634 3532 2938 3590 ostendam.
2971 3530 3183 3601 Ubique
3215 3529 3379 3598 spicae
3400 3541 3497 3581 co-

1884 3642 2052 3689 mant.
2080 3632 2268 3688 Tanta:
2297 3644 2428 3686 oves
2448 3671 2463 3696 ,
2506 3637 2562 3683 et
2587 3641 2853 3696 nusquam
2882 3624 3042 3695 lupus
3067 3641 3081 3690 ;
3124 3631 3205 3677 tot
3229 3622 3416 3691 spicm,
3446 3628 3500 3674 et

1884 3743 2148 3799 nusquam
2193 3726 2413 3788 lolium;
2463 3732 2626 3777 tanta:
2665 3720 2874 3786 vineae,
2905 3727 2961 3773 et
2990 3730 3257 3786 nusquam
3288 3712 3498 3783 vulpes.

1883 3823 1987 3881 Ubi
2028 3835 2172 3878 nunc
2210 3819 2378 3874 latent
2420 3816 2564 3886 lupi?
2592 3829 2699 3884 quo
2725 3813 2974 3868 abierunt
3009 3810 3220 3880 vulpes,
3245 3823 3366 3878 qua:
3404 3821 3499 3862 eos

1884 3921 2226 3987 persequuti:
2251 3909 2416 3967 sunt?
2445 3907 2491 3963 O
2515 3922 2628 3962 rem
2663 3905 2990 3960 inauditam!
3020 3913 3202 3972 pastor
3233 3899 3464 3970 quiescit
3483 3940 3501 3964 ,

1883 4019 1938 4064 et
1967 4022 2095 4062 oves
2135 4005 2386 4075 luporum
2426 4000 2630 4072 rapiem
2657 3998 2973 4068 abegcrunt,
3009 3995 3231 4049 insidias
3259 3993 3499 4062 vulpium

1883 4105 2290 4171 Oppresserunt.
2321 4095 2367 4152 Ο
2391 4095 2572 4148 ovium
2599 4092 2858 4163 sapientia
2882 4092 2895 4146 !
2921 4107 2954 4144 ο
2980 4090 3208 4143 filiorum
3237 4086 3459 4142 affectus
3483 4086 3496 4139 l

1885 4210 1918 4249 ο
1957 4190 2342 4263 discipulorum
2379 4186 2613 4242 caritas!
2658 4201 2691 4240 ο
2724 4179 3068 4253 pulchritudo
3097 4179 3344 4250 Sponsaal
3376 4179 3499 4232 abs-
3531 4239 3540 4249 _

1885 4297 2011 4344 ente
2044 4286 2162 4340 viro
2206 4281 2386 4352 abegit
2426 4279 2736 4341 adulteros;
2768 4283 3001 4330 ostensa}
3045 4281 3172 4326 sunt
3215 4270 3331 4340 ejus
3358 4268 3499 4324 divi-

1892 4381 2000 4444 litn,
2029 4375 2277 4448 apparuit
2307 4372 2668 4444 pulchritudo.
2699 4369 2964 4424 Latrones
2986 4365 3197 4422 confusi
3228 4364 3425 4428 ierunt,
3452 4371 3502 4418 ct

1885 4471 2226 4542 aufugerunt.
2277 4469 2444 4523 Dicite
2491 4465 2658 4530 mihi,
2706 4462 2981 4534 quomodo
3017 4458 3328 4530 persequuti
3372 4457 3497 4511 estis

1885 4565 2082 4636 lupos?
2111 4562 2385 4634 quomodo
2417 4561 2696 4630 pepulistis
2739 4556 3017 4612 latrones?
3058 4551 3385 4624 Frequenti,
3423 4551 3474 4604 in

1883 4671 1998 4731 quit
2019 4701 2034 4724 ,
2068 4658 2314 4713 oratione
2340 4654 2406 4709 ad
2439 4654 2627 4708 Deum.
2662 4649 2946 4718 Quomodo
2976 4647 3303 4718 tlespexistis
3347 4643 3492 4698 adul-

1885 4751 2070 4807 teros?
2095 4747 2401 4814 Continuis,
2430 4745 2621 4815 inquit,
2647 4743 2902 4815 lacrytnis
2922 4783 2937 4805 ,
2979 4758 3043 4796 ex
3075 4739 3349 4795 desiderio
3377 4737 3492 4791 viri.

1885 4842 2000 4896 Non
2022 4841 2204 4910 accepi
2227 4854 2399 4903 arma,
2418 4853 2523 4892 non
2541 4835 2746 4904 sumpsi
2770 4835 3007 4896 lanceas,
3027 4847 3135 4885 non
3155 4829 3355 4900 arripui
3380 4844 3502 4884 scu-

1885 4942 1996 4987 tum
2023 4949 2034 4985 :
2065 4931 2407 4986 solummodo
2437 4927 2647 4983 ostendi
2683 4925 2763 4981 eis
2803 4924 3256 4993 pulchritudinem
3285 4935 3493 4975 nteant-

1881 5042 1985 5097 qua
2023 5033 2303 5095 persticcta
2330 5020 2593 5076 vulnerati
2628 5021 2896 5088 fugerunt.
2929 5017 3027 5072 Ubi
3060 5030 3202 5068 nunc
3232 5013 3348 5067 illi?
3370 5013 3476 5067 Pro

1881 5119 1967 5174 cnl
1989 5117 2155 5173 dubio
2185 5117 2236 5170 in
2261 5113 2600 5170 confusione.
2630 5112 2730 5168 Ubi
2759 5109 2891 5164 nos?
2920 5110 2974 5164 lu
3000 5108 3204 5162 la-titia.
3234 5105 3334 5162 Ubi
3360 5120 3503 5160 nunc

1883 5211 2006 5268 illi?
2031 5209 2389 5266 Conscientia:
2410 5223 2520 5261 sua:
2549 5205 2692 5259 malo
2732 5204 3032 5258 tabcscunt.
3067 5201 3168 5257 Ubi
3195 5214 3327 5254 vero
3357 5201 3502 5253 nos?

1883 5304 1940 5359 ln
1985 5319 2177 5374 magna
2210 5301 2572 5357 exsultatione
2606 5297 2971 5368 glorificamus
3014 5296 3204 5356 Deum.
3253 5291 3394 5358 Quid
3425 5292 3500 5345 di-

1880 5413 1998 5453 cam
2022 5398 2044 5449 ἶ)
2076 5395 2202 5467 quid
2229 5392 2455 5463 loquar?
2478 5391 2703 5463 Adjiciat
2732 5389 2984 5442 Dominus
3013 5403 3164 5457 super
3189 5402 3299 5447 vos,
3346 5393 3392 5438 et
3418 5401 3493 5438 su-

1881 5507 1970 5560 per
1991 5490 2127 5556 filios
2157 5498 2346 5543 vestros
2385 5485 2556 5556 (Psaf.
2594 5484 2716 5538 H3.
2751 5483 2841 5549 Η)
2874 5500 2887 5534 :
2918 5489 2972 5535 et
3004 5479 3204 5534 allevet
3243 5478 3504 5532 Dominus

1881 5584 2090 5636 vultum
2117 5597 2276 5636 suum
2299 5621 2314 5645 ,
2346 5589 2397 5634 et
2427 5579 2746 5633 misereatur
2793 5574 2990 5633 vestri.
3031 5574 3084 5626 in
3113 5570 3336 5628 Christo
3375 5568 3504 5624 Jesu

1882 5676 2110 5729 Domino
2141 5683 2358 5737 nostro,
2393 5687 2516 5725 cum
2556 5686 2661 5740 quo
2703 5678 2786 5723 est
2815 5668 2925 5724 Deo
2965 5666 3132 5732 Patri,
3174 5674 3230 5718 et
3273 5662 3498 5732 Spiritui

1878 5775 2066 5824 sancto
2088 5765 2281 5830 honor,
2311 5763 2502 5836 gloria,
2546 5771 2602 5818 et
2627 5769 2867 5831 potestas
2893 5774 2988 5830 per
3030 5756 3371 5815 immortalia
3398 5769 3496 5808 sre-

1877 5861 2017 5916 cnla.
2046 5863 2234 5914 Amen.
