4046 6444
1336 404 1392 459 S.
1433 400 1711 460 JUANNIS
1737 398 2209 459 CHRYSUSTOMI
2251 399 2564 455 AltCllll-‘J'.
2608 397 3143 455 (IDNS'I‘ANTINOP.
3762 397 3858 450 4η

3425 518 3815 532 ησ--υσ--σ-οο--

1531 610 1645 677 HJ
1661 608 1779 679 US
1790 608 1851 674 Ι)
1864 607 2012 677 ΕΜ
2081 601 2342 675 POST
2394 603 2467 672 η
2478 604 2541 672 Ε
2556 605 2729 674 Dl'l‘
2743 606 2797 674 υ
2808 607 2889 674 Μ

1740 783 1768 820 Α
1817 775 2047 819 PRIORE
2080 773 2330 816 EXSHJO
2378 775 2675 820 NOMINA.
2759 805 2763 808 ν

1955 922 2172 934 ...ο-

638 1040 688 1094 4.
729 1038 859 1100 Cum
888 1044 1072 1095 Suram
1103 1042 1169 1097 ab
1199 1044 1497 1096 Abrahamo
1529 1042 1747 1096 abstulit
1778 1041 2004 1105 Pharao,
2034 1037 2155 1107 pul-

558 1134 754 1186 chram
801 1130 1193 1201 formosamque
1237 1134 1514 1189 nntlierem
1553 1133 1826 1202 improbus
1866 1132 2152 1185 barbarus-

572 1234 676 1287 que
709 1219 991 1292 Egyptins
1017 1264 1029 1285 ,
1063 1232 1116 1277 ct
1161 1223 1353 1293 iniquis
1393 1224 1563 1278 oculis
1602 1224 1720 1293 ejus
1761 1221 2153 1293 pulchritudine

573 1322 890 1380 ronSpecta,
934 1314 1248 1369 adulterium
1296 1327 1600 1385 perpetrare
1638 1316 1843 1373 vellet:
1880 1324 2006 1371 tunc
2049 1330 2153 1368 non

571 1402 622 1454 in
644 1401 762 1471 ipso
794 1402 970 1457 statim
1008 1405 1157 1458 initio
1192 1420 1400 1475 poenam
1424 1406 1641 1461 immisit
1662 1408 1817 1471 Deus,
1840 1404 2035 1474 utjusti
2060 1403 2156 1458 viri

568 1496 757 1559 virtus,
777 1497 1015 1551 mulieris
1045 1499 1496 1563 eastitasJIarliari
1526 1499 2157 1570 intemperantia.Deique

578 1587 877 1657 benignitas
898 1588 1197 1644 eminerent
1224 1605 1239 1643 :
1269 1591 1365 1643 viri
1388 1591 1514 1659 justi
1539 1586 1731 1658 virtus,
1758 1593 1875 1660 quia
1903 1606 2013 1645 rem
2034 1604 2155 1644 cum

573 1680 860 1744 gratiarum
883 1683 1091 1737 actione
1113 1683 1227 1737 tulit
1251 1699 1265 1745 ;
1296 1684 1532 1738 mulieris
1553 1676 1787 1750 castitas,
1812 1685 1933 1753 quia
1960 1685 2011 1738 in
2035 1684 2160 1738 bar-

575 1772 823 1825 liarorum
857 1788 1043 1827 manus
1073 1774 1285 1843 delapsa
1319 1776 1621 1845 pudicitiam
1651 1778 1913 1840 servavit;
1949 1776 2154 1830 barbari

578 1864 1007 1932 intemperantia,
1030 1866 1153 1936 quia
1179 1867 1408 1922 alienum
1437 1876 1609 1923 torum
1634 1870 1821 1923 invasit
1844 1885 1859 1929 ;
1891 1868 1982 1922 Dei
2004 1867 2157 1923 beni-

578 1954 767 2023 gnitas,
792 1957 1041 2026 quoniam
1063 1974 1182 2013 cum
1209 1974 1296 2014 res
1323 1958 1624 2015 hominibus
1647 1961 1940 2030 desperata:
1956 1968 2155 2025 essent,

577 2058 698 2099 tunc
736 2062 988 2103 coronam
1014 2050 1158 2118 justo
1206 2051 1449 2106 contulit.
1497 2054 1619 2108 llaec
1661 2064 1783 2108 tunc
1826 2056 1877 2108 in
1925 2052 2162 2107 Abraha-

582 2152 723 2191 mtun
745 2148 894 2207 gesta
916 2151 1072 2197 sunt:
1091 2153 1236 2213 gesta
1264 2143 1389 2199 item
1412 2143 1569 2200 hodie
1587 2146 1639 2199 in
1665 2128 1975 2201 Ecclesiam.
2000 2146 2163 2219 [Egy-

576 2228 715 2297 ptius
754 2228 841 2285 hic
877 2232 987 2303 (a),
1021 2242 1081 2288 ut
1116 2234 1203 2291 ille
1243 2234 1527 2308 Egyptius
1565 2246 1682 2293 erat
1726 2257 1740 2292 :
1786 2239 1871 2293 hic
1906 2240 2163 2297 satellites

579 2318 801 2386 habuit,
828 2323 917 2377 ille
962 2333 1291 2393 protectores
1324 2344 1337 2380 :
1371 2327 1462 2381 ille
1500 2329 1686 2383 Saram
1707 2371 1723 2395 ,
1753 2329 1838 2385 hic
1867 2330 2159 2387 Ecclesiam

580 2412 752 2480 rapuit
784 2429 798 2465 :
831 2429 934 2468 una
964 2425 1118 2472 nocte
1149 2418 1237 2473 ille
1276 2418 1538 2487 detinuit,
1573 2421 1659 2476 hic
1697 2438 1791 2493 per
1835 2436 1996 2479 unum
2020 2425 2161 2480 diem

579 2506 895 2577 orcnpavit;
924 2524 987 2563 ac
1027 2524 1093 2564 ne
1135 2511 1348 2581 quidem
1394 2528 1486 2583 per
1526 2531 1688 2569 unum
1720 2515 1859 2570 diem
1903 2530 2164 2587 occupare

582 2599 871 2661 permissus
895 2609 1007 2664 est;
1036 2600 1131 2655 sed
1160 2602 1333 2657 solum
1366 2613 1422 2658 ut
1447 2619 1661 2674 sponsze
1687 2606 1903 2661 castitas
1930 2616 2055 2663 nota
2079 2623 2165 2664 es-

579 2695 702 2753 set,
744 2689 865 2757 quia
902 2690 991 2743 illo
1031 2692 1155 2748 licet
1192 2693 1521 2764 ingrediente
1560 2695 1675 2767 ejus
1704 2698 1964 2753 castitatis
2006 2699 2167 2757 decor

580 2789 862 2849 corruptus
892 2798 996 2835 non
1024 2791 1122 2837 est
1151 2800 1163 2836 :
1195 2787 1404 2841 tametsi
1452 2788 1719 2843 machum
1765 2800 2081 2860 paraverat,
2113 2802 2167 2849 et

580 2870 789 2924 tabella:
813 2870 1086 2928 adornata:
1105 2887 1276 2939 erant,
1307 2885 1361 2932 et
1399 2878 1548 2934 multi
1584 2894 1614 2934 e
1643 2878 1803 2936 domo
1827 2882 2163 2952 subscripse-

578 2971 715 3016 rant.
749 2964 1018 3020 Atlornata
1045 2976 1127 3022 est
1156 2968 1399 3025 machina
1423 3011 1440 3040 ,
1477 2972 1569 3027 sed
1596 2973 1796 3029 exitum
1825 2990 1929 3031 non
1961 2975 2163 3032 habuit.

583 3055 760 3111 illuxit
788 3058 945 3113 simul
971 3060 1085 3130 ejus
1125 3062 1443 3131 nequitia,et
1479 3064 1573 3120 Dei
1597 3065 1919 3137 benignitas.
1948 3072 2017 3123 At
2041 3068 2165 3123 bar-

585 3147 741 3202 barus
769 3158 891 3206 tunc
921 3152 1008 3207 ille
1031 3193 1047 3220 ,
1081 3164 1295 3223 peccato
1333 3157 1514 3225 agnito
1536 3198 1551 3222 ,
1594 3157 1847 3214 delictum
1889 3160 2167 3215 confessus

584 3250 668 3295 est
698 3258 712 3295 :
746 3243 877 3299 dixit
908 3246 1050 3300 enim
1081 3247 1346 3304 Abraham
1382 3266 1394 3303 :
1426 3249 1529 3306 Cur
1558 3252 1652 3306 hoc
1677 3253 1888 3323 fecisti?
1914 3269 2006 3307 cur
2034 3254 2169 3307 dixi-

582 3336 647 3388 sti
670 3375 687 3399 ,
717 3337 878 3391 Soror
910 3356 1019 3393 mea
1050 3340 1161 3394 est?
1183 3350 1230 3396 et
1274 3358 1452 3413 parum
1482 3345 1678 3417 abfuit,
1709 3347 1831 3417 quin
1861 3347 2168 3416 peccauerim

584 3429 737 3494 (Gen.
762 3431 852 3486 12.
886 3434 973 3489 18.
1010 3435 1099 3506 i9)
1129 3452 1141 3489 :
1172 3435 1259 3491 hic
1280 3452 1408 3492 vero
1430 3439 1591 3492 etiam
1619 3446 1740 3508 post
1764 3438 1940 3513 scelus
1964 3439 2018 3493 in
2044 3454 2167 3495 cer-

584 3523 780 3578 tamine
808 3527 1055 3593 perstitit.
1087 3526 1131 3582 O
1160 3529 1322 3582 miser
1350 3537 1403 3583 et
1428 3527 1613 3585 infelix
1638 3531 1651 3585 ι
1683 3529 1915 3585 Peccain
1932 3573 1948 3597 ,
1974 3532 2169 3601 quiesce

582 3617 597 3673 ί
614 3613 743 3670 ibid.
772 3617 805 3670 .5
854 3618 1017 3687 7),ne
1040 3620 1256 3689 adiicias
1282 3630 1553 3690 peccatum
1582 3631 1821 3691 peccato.
1850 3621 1918 3677 Et
1940 3622 2025 3676 illa
2046 3624 2167 3694 qui-

582 3708 700 3762 dem
734 3709 891 3764 rediit
917 3712 1106 3780 opibus
1136 3713 1391 3768 instructa
1437 3712 1771 3786 [Egyptiacis
1802 3731 1815 3768 :
1848 3725 1902 3770 et
1929 3715 2166 3771 Ecclesia

584 3816 795 3870 quoque
825 3802 1014 3868 rediit,
1047 3805 1240 3860 mentis
1266 3804 1464 3860 divitiis
1494 3806 1777 3888 instructa,
1807 3816 1863 3861 et
1890 3808 2168 3862 continen-

585 3891 686 3944 tior
708 3891 914 3947 effecta.
937 3895 1067 3950 Vide
1088 3896 1297 3951 barbari
1320 3897 1602 3954 insaniam.
1626 3898 1845 3968 Ejecisti
1869 3910 2166 3969 pastorem:

588 3998 682 4037 cur
705 3999 916 4054 gregem
944 3988 1247 4057 dissipasti?
1290 3990 1547 4043 Amavisti
1591 3991 2002 4059 gubernatorem
2032 4010 2045 4045 :
2075 4006 2171 4046 cur

588 4076 941 4144 gubernacula
965 4081 1308 4150 confregisti?
1335 4080 1633 4136 Vinitoretn
1660 4081 1896 4151 eiecisti;
1922 4098 2019 4138 cur
2035 4082 2172 4139 vites

587 4162 861 4226 avulsisti?
878 4184 978 4225 cur
1000 4172 1327 4227 monasteria
1351 4170 2169 4240 pessumdedisti'iBarbarorum

591 4257 918 4314 inv‘asioncm
947 4259 1180 4317 imitatus
1205 4278 1283 4317 es.

659 4349 711 4401 2.
756 4349 879 4405 llaec
904 4352 1080 4406 omnia
1108 4352 1232 4409 fecit
1254 4354 1363 4420 ille,
1386 4364 1442 4408 ut
1466 4356 1634 4409 virtus
1658 4363 1936 4425 appareret
1959 4368 2167 4422 vestra;

590 4440 764 4494 omnia
794 4440 936 4508 fecit,
965 4453 1021 4495 ut
1045 4443 1310 4499 edisceret
1337 4444 1423 4499 hic
1449 4446 1637 4501 adesse
1658 4462 1873 4517 gregem
1901 4462 1928 4499 a
1958 4448 2170 4503 Christo

588 4542 800 4601 pastore
828 4534 1064 4589 ductum.
1104 4537 1339 4594 Absentc
1377 4552 1590 4608 pastore
1628 4556 1759 4610 grex
1802 4541 1958 4595 simul
1993 4561 2174 4597 mane-

592 4626 676 4678 bat
697 4666 712 4691 ,
744 4635 796 4679 et
823 4629 1146 4695 apostolicus
1190 4643 1368 4684 sermo
1407 4632 1725 4699 implehatur
1752 4651 1765 4686 :
1798 4631 1920 4686 Non
1954 4634 2006 4687 in
2039 4651 2170 4701 pra:-

594 4717 748 4768 scntin
771 4717 869 4768 mei
894 4729 1083 4770 tantum
1111 4762 1122 4779 .
1153 4722 1239 4773 sed
1265 4722 1412 4772 etiam
1441 4722 1495 4775 in
1518 4723 1737 4775 absentia
1759 4762 1775 4788 ,
1799 4740 1913 4777 cum
1933 4726 2109 4777 timore
2129 4736 2173 4779 et

593 4819 802 4863 tremore
832 4810 1043 4862 salutent
1073 4822 1284 4865 vestram
1314 4814 1507 4879 operati
1537 4814 1651 4867 estis
1680 4813 1936 4885 (Philipp.
1968 4815 2023 4869 2.
2060 4816 2171 4887 12).

596 4898 717 4952 ll.rc
740 4901 1077 4955 minabantur
1100 4903 1342 4957 timentes
1371 4904 1614 4959 virtutem
1648 4915 1877 4960 vestram
1897 4948 1913 4973 ,
1940 4908 2175 4963 caritatis

596 4996 719 5056 vim,
738 5008 1082 5063 amoremque
1100 4995 1219 5050 mei.
1239 4994 1377 5049 Nihil
1399 4997 1674 5063 audemus,
1690 4997 1924 5062 aiebant,
1945 4998 1996 5052 in
2015 4999 2172 5054 urbe:

591 5102 710 5138 eum
744 5087 896 5140 nobis
923 5087 1049 5143 date
1074 5088 1219 5144 foris.
1246 5087 1432 5158 Capite
1462 5105 1545 5144 me
1567 5090 1693 5146 foris
1719 5133 1732 5157 ,
1761 5101 1817 5147 ut
1841 5092 2058 5149 discatis
2079 5094 2176 5149 Ec-

594 5180 767 5230 ilesire
794 5194 1031 5233 amorem
1056 5219 1070 5244 ,
1100 5182 1397 5251 agnoscatis
1428 5182 1653 5238 filiorum
1680 5198 1917 5239 meorum
1947 5200 2175 5255 genero-

595 5283 705 5319 sam
740 5268 967 5322 indolem
993 5310 1009 5336 ,
1039 5271 1260 5325 militum
1293 5274 1541 5327 virtutem
1563 5314 1577 5340 ,
1609 5284 1933 5330 armatorum
1974 5276 2138 5331 robur
2160 5321 2174 5342 ,

589 5359 952 5414 tliadematum
980 5360 1337 5429 splendorem,
1358 5363 1658 5419 divitiarum
1680 5363 2005 5433 facultatem,
2029 5382 2178 5421 amo-

593 5450 670 5504 ris
716 5451 1158 5519 magnitudinem,
1191 5462 1522 5509 constantem
1568 5458 1892 5526 patientiam,
1923 5457 2178 5513 libertatis

590 5542 800 5609 :lorcm,
830 5546 1061 5599 victoria:
1091 5547 1332 5615 gloriam,
1363 5547 1529 5602 cladis
1556 5558 1659 5603 tute
1684 5548 1989 5605 ludibrium.
2021 5549 2065 5604 Ο
2095 5565 2179 5604 res

598 5654 762 5694 novas
775 5648 828 5693 et
853 5638 1227 5695 admirandas!
1264 5652 1442 5711 pastor
1472 5642 1639 5705 abest,
1670 5650 1727 5698 et
1753 5657 1879 5712 grex
1909 5642 2176 5708 exsultat,

591 5733 693 5785 dux
740 5731 946 5797 procul,
980 5741 1033 5786 et
1058 5733 1256 5788 milites
1282 5743 1571 5788 armantur.
1604 5734 1718 5788 Non
1751 5734 1921 5788 solum
1953 5734 2179 5790 ecclesia

659 5844 731 5899 te.)
764 5844 1081 5903 'iit“ul‘vitiittllt
1106 5848 1485 5897 Alexandriutun
1512 5854 1657 5895 uolat.

2173 899 2279 953 ETZ-l

2283 922 2491 936 ο*-

2269 1039 2560 1093 exercitum
2609 1040 2811 1101 lialiuit,
2839 1043 2932 1095 sed
2964 1052 3069 1094 tota
3101 1042 3284 1096 civitas
3311 1043 3537 1097 ecclesia
3569 1040 3693 1096 fuit.
3734 1043 3864 1107 Vici,

2268 1125 2402 1193 fora,
2435 1144 2527 1183 aer
2555 1130 3026 1185 sant-.tilieabantur
3056 1151 3070 1186 :
3099 1132 3332 1186 haeretici
3369 1132 3830 1187 converte-bantur
3850 1175 3864 1199 ,

2264 1219 2432 1275 Judaei
2461 1224 2712 1277 meliores
2748 1224 3138 1285 efficiebantur,
3183 1224 3489 1279 sacerdotes
3533 1223 3868 1278 damnaban-

2268 1321 2375 1377 tur,
2407 1323 2460 1367 ct
2484 1313 2651 1367 Judiri
2685 1314 2848 1367 Deum
2880 1314 3185 1381 laudabant,
3215 1322 3373 1384 atque
3392 1314 3457 1368 ad
3489 1328 3589 1368 nos
3618 1328 3869 1368 accurre-

2264 1403 2409 1457 bant.
2446 1403 2520 1457 Ita
2560 1403 2756 1458 Christi
2788 1413 3027 1472 tempore
3070 1404 3263 1459 factum
3309 1414 3410 1458 est.
3443 1402 3683 1475 Caiphas
3723 1404 3867 1457 cruri

2262 1497 2451 1559 aflixit,
2497 1507 2552 1551 et
2595 1497 2733 1551 latro
2775 1498 3052 1553 confessus
3077 1508 3178 1553 est.
3210 1498 3253 1552 Ο
3298 1511 3462 1553 navas
3491 1512 3581 1552 res
3609 1506 3667 1553 et
3694 1497 3866 1551 admi-

2261 1590 2457 1643 randas
2482 1590 2494 1643 !
2528 1590 2835 1645 sacerdotes
2862 1591 3192 1651 occiderunt,
3222 1600 3276 1645 et
3306 1591 3443 1659 magi
3479 1589 3867 1644 atloravernnt.

2266 1679 2391 1735 llaec
2422 1696 2489 1733 ne
2517 1681 2800 1736 ecclesiam
2832 1682 3163 1751 perturbent.
3196 1682 3305 1737 Nisi
3337 1682 3452 1737 lucc
3475 1685 3865 1752 contigissent,

2262 1772 2461 1828 divitia:
2488 1782 2708 1837 nostmz,
2754 1789 2875 1843 qua:
2903 1789 3029 1830 vere
3067 1775 3309 1839 aderant,
3342 1789 3447 1828 non
3474 1786 3716 1829 ostensa:
3745 1774 3871 1828 fuis-

2264 1872 2402 1917 sent.
2436 1862 2588 1918 Sicut
2611 1865 2751 1918 enim
2778 1864 2899 1930 Job,
2921 1865 3023 1921 etsi
3044 1864 3221 1933 justus
3246 1876 3412 1931 esset,
3443 1880 3550 1919 non
3574 1865 3701 1919 talis
3726 1865 3873 1919 visus

2266 1953 2473 2022 fuisset,
2505 1956 2607 2010 nisi
2656 1958 2877 2012 vulnera
2923 1967 2979 2012 et
3005 1972 3219 2013 vermes
3259 1958 3667 2029 apparuissent;
3700 1958 3777 2011 ita
3822 1966 3871 2009 et

2268 2057 2456 2103 vestne
2483 2049 2681 2105 divitia:
2725 2065 3011 2121 numquam
3062 2059 3202 2107 nota:
3248 2050 3475 2107 fuissent
3522 2050 3625 2105 nisi
3670 2048 3872 2118 paratis

2269 2140 2494 2197 insidiis.
2530 2142 2668 2196 Deus
2712 2159 2842 2198 sane
2882 2144 3032 2213 quasi
3064 2159 3184 2198 sese
3220 2158 3482 2198 excusans
3512 2142 3651 2197 Juho
3694 2141 3869 2194 dicit:

2272 2232 2496 2289 Putasne
2534 2251 2610 2288 me
2637 2235 2785 2289 aliter
2810 2235 2896 2289 tibi
2936 2236 3272 2304 respondisse,
3304 2251 3455 2303 quant
3484 2246 3538 2287 ut
3572 2235 3751 2305 justus
3781 2250 3873 2299 αρν

2268 2335 2470 2388 pareres
2514 2317 2636 2387 (Job
2678 2320 2766 2374 40.
2810 2319 2912 2391 8)?
2952 2319 3188 2375 Insidiali
3232 2328 3356 2373 sunt
3398 2319 3493 2382 illi,
3527 2318 3727 2372 bellum
3759 2332 3876 2371 mo-

2267 2422 2477 2476 verunt,
2509 2421 2564 2465 et
2608 2412 2731 2466 victi
2781 2422 2924 2466 sunt.
2974 2412 3256 2478 Quomodo
3304 2411 3501 2466 bellum
3542 2411 3875 2481 gesserunt?

2268 2504 2540 2559 Fletibus.
2589 2504 2869 2571 Quomodo
2905 2507 3024 2561 victi
3057 2504 3224 2559 sunt?
3268 2504 3545 2559 Precibus.
3576 2504 3640 2557 Si
3682 2504 3801 2572 quis
3830 2514 3875 2555 te

2270 2599 2567 2670 percusserit
2605 2599 2657 2651 in
2697 2599 2957 2652 dexteram
3000 2598 3284 2663 maxillam,
3326 2606 3458 2650 verte
3495 2594 3575 2648 illi
3617 2604 3667 2647 et
3713 2594 3875 2647 aliam

2271 2690 2485 2760 (Matth.
2527 2691 2582 2746 5.
2618 2690 2732 2761 39).
2765 2690 2843 2744 Tu
2873 2689 3040 2745 fustes
3084 2691 3135 2743 in
3174 2690 3455 2745 ecclesiam
3486 2688 3650 2742 infers
3671 2695 3727 2742 et
3750 2702 3872 2742 eam

2270 2798 2582 2852 oppugnas;
2616 2782 2703 2835 ubi
2735 2798 2832 2851 pax
2874 2791 2957 2836 est
2984 2781 3251 2845 omnibus,
3296 2780 3490 2835 bellum
3521 2792 3746 2833 moves:
3776 2793 3874 2833 nec

2271 2874 2444 2928 locum
2475 2874 2759 2939 revereris,
2792 2874 2955 2927 miser
2994 2882 3048 2927 et
3074 2872 3278 2936 infelix,
3311 2886 3417 2925 non
3458 2869 3746 2924 sacerdotii
3794 2870 3872 2923 di-

2268 2966 2543 3037 gnitatem,
2564 2983 2668 3021 non
2691 2967 3018 3037 principatus
3037 2963 3462 3035 amplitudinem.
3490 2962 3872 3032 Baptistcrinm

2269 3059 2529 3130 sanguine
2558 3043 2818 3129 repletum
2849 3071 2969 3124 est;
3004 3058 3091 3112 ubi
3121 3068 3461 3129 peccatorum
3496 3056 3769 3121 remissio,
3804 3056 3873 3108 ibi

2271 3154 2545 3224 sanguinis
2573 3154 2782 3208 ell'usio.
2836 3154 2889 3208 In
2932 3169 3160 3224 quanam
3205 3153 3321 3208 acie
3365 3153 3478 3207 lucc
3525 3152 3657 3206 facta
3703 3148 3875 3205 sunt?

2273 3245 2568 3316 Imperator
2610 3248 2770 3302 intrat
2811 3257 2864 3301 et
2897 3247 3105 3317 projicit
3141 3247 3369 3314 clipeum
3399 3254 3453 3300 et
3498 3244 3783 3307 diadema;
3820 3255 3875 3298 ιιι

2274 3342 2505 3408 intrasti,
2556 3350 2610 3397 et
2654 3341 2834 3397 clavas
2872 3340 3165 3409 arripuisti.
3222 3340 3312 3394 llle
3374 3340 3580 3407 Imperii
3626 3339 3874 3409 symlmla

2275 3436 2415 3489 foras
2435 3433 2719 3504 relinquit;
2745 3443 2797 3489 tu
2815 3433 2936 3487 belli
2959 3432 3198 3503 symbola
3231 3432 3559 3485 intromittis.
3579 3431 3687 3485 Sed
3703 3447 3873 3499 spon-

2272 3546 2385 3585 sam
2414 3543 2584 3583 meam
2614 3526 2763 3581 nnllo
2803 3526 2962 3580 modo
2992 3524 3195 3590 laesisti,
3226 3535 3280 3579 at
3307 3533 3487 3578 manet
3518 3523 3607 3577 illa
3639 3523 3874 3593 pulchri.

2275 3623 2508 3677 tudinem
2533 3636 2686 3676 suam
2716 3619 2995 3676 exhibens.

2345 3715 2397 3768 5.
2428 3712 2548 3768 Suis
2578 3715 2638 3765 de
2658 3713 2820 3783 gloria
2846 3712 2958 3779 ipso
3004 3709 3205 3763 absente
3236 3716 3530 3776 comparata
3558 3707 3873 3778 gratulatur.

2278 3803 2476 3857 La‘titia
2501 3805 2551 3857 in
2581 3806 2741 3857 reditu
2782 3800 3145 3872 Chrysostomi.
3175 3829 3245 3840 —-
3274 3798 3476 3853 Idcirco
3503 3797 3735 3869 gaudeo,
3766 3812 3875 3852 non

2275 3897 2450 3950 solum
2477 3896 2598 3965 quia
2638 3894 2860 3959 vicistis,
2906 3892 2999 3948 sed
3038 3892 3161 3963 quia
3200 3907 3286 3947 me
3314 3891 3535 3946 absente
3562 3890 3792 3945 vicistis.
3820 3891 3876 3945 Si

2277 3988 2588 4054 adfuissem,
2640 3988 2690 4040 in
2736 3995 2945 4056 partem
2976 3984 3214 4038 victoria:
3243 3982 3517 4038 vobiscum
3559 3980 3872 4037 venissem:

2276 4081 2400 4149 quia
2432 4094 2560 4135 vero
2589 4080 2807 4141 secessi,
2834 4076 3032 4131 nudum
3060 4075 3210 4130 vobis
3235 4084 3493 4144 tropaeum
3519 4072 3638 4128 fuit.
3672 4072 3875 4129 Verum

2277 4184 2329 4225 et
2360 4171 2485 4226 illud
2515 4186 2631 4225 mea
2663 4171 2776 4223 laus
2800 4179 2881 4223 est
2914 4186 2927 4221 :
2959 4176 3118 4237 atque
3144 4182 3354 4221 rursum
3384 4166 3435 4219 in
3471 4174 3677 4235 partem
3704 4164 3880 4219 victo-

2274 4265 2370 4319 riae
2412 4264 2685 4318 vobiscum
2715 4263 2890 4325 venio,
2920 4261 3040 4331 quia
3082 4261 3157 4314 sic
3198 4274 3291 4313 vos
3333 4258 3577 4324 educavi,
3610 4267 3669 4312 ut
3711 4257 3878 4313 etiam

2276 4355 2498 4409 absente
2516 4363 2666 4423 patre
2684 4360 2911 4407 vestram
2933 4351 3260 4405 nobilitatem
3281 4348 3656 4405 ostenderetis.
3677 4348 3881 4415 Quem-

2277 4445 2564 4499 admodum
2592 4444 2733 4499 enim
2762 4444 2965 4499 strenui
2994 4441 3209 4496 athleta:
3250 4443 3409 4496 etiam
3441 4442 3662 4495 absente
3688 4439 3879 4510 βενε-1οο

2280 4540 2410 4593 Iriba
2441 4538 2604 4592 robur
2629 4550 2783 4590 suum
2811 4537 3063 4591 exhibent
3094 4552 3107 4587 :
3138 4536 3215 4589 sic
3244 4546 3295 4590 et
3341 4535 3460 4590 fidei
3492 4545 3681 4589 vestrae
3707 4550 3879 4604 gene-

2280 4631 2491 4694 rositas,
2535 4629 2693 4683 etiam
2722 4627 2943 4683 absente
2970 4628 3207 4693 doctore,
3241 4627 3431 4681 bonam
3462 4641 3611 4680 suam
3640 4628 3878 4682 indolem

2279 4721 2534 4775 exhibuit.
2569 4721 2704 4787 Quid
2750 4736 2884 4789 Opus
2930 4720 3146 4775 verbis?
3177 4719 3405 4789 Lapides
3449 4720 3702 4784 clamant,
3739 4723 3878 4773 nutri

2283 4830 2464 4870 vocem
2510 4814 2781 4867 emittunt.
2831 4813 2931 4866 Adi
2984 4814 3350 4879 imperatorias
3395 4811 3565 4877 aulas,
3610 4819 3665 4865 et
3694 4812 3881 4866 statim

2280 4907 2431 4963 audis
2464 4926 2476 4960 :
2510 4905 2697 4975 P0puli
2728 4904 3320 4975 ConStantinupolitani.
3352 4905 3433 4958 Ad
3477 4920 3626 4960 mare
3654 4914 3708 4960 te
3752 4919 3883 4960 con-

2282 5003 2376 5067 fer,
2407 5001 2681 5055 desertum
2728 5008 2871 5069 pete,
2914 5007 3145 5061 montes.
3190 4998 3379 5052 deinos
3409 5016 3423 5051 :
3451 4997 3759 5053 encomium
3791 5014 3882 5054 ve-

2280 5104 2449 5147 strum
2480 5092 2676 5161 ubique
2718 5090 3043 5159 descriptum
3090 5099 3193 5145 est.
3239 5090 3443 5155 Quibus
3473 5090 3593 5144 telis
3633 5090 3884 5146 vicistis?

2282 5185 2396 5241 Non
2442 5184 2652 5254 opibus,
2702 5183 2795 5239 sed
2841 5183 2962 5239 fide.
2996 5181 3042 5237 Ο
3084 5182 3276 5253 popule
3318 5182 3553 5237 doctoris
3596 5185 3821 5237 amans!
3852 5199 3887 5238 ο

2283 5281 2475 5352 popule
2519 5287 2725 5349 patrem
2774 5277 3038 5347 diligens!
3090 5277 3243 5331 beata
3293 5274 3458 5341 urbs,
3509 5290 3615 5329 non
3664 5284 3887 5345 propter

2284 5375 2562 5427 columnas
2590 5381 2643 5426 et
2689 5370 2955 5440 laquearia
2993 5385 3177 5435 aurea,
3225 5368 3319 5423 sed
3365 5378 3583 5439 propter
3632 5368 3882 5422 virtutem

2282 5475 2516 5519 vestram
2538 5465 2551 5517 l
2575 5464 2676 5518 Tot
2698 5472 2965 5531 tantaeque
2983 5470 3140 5517 erant
3160 5461 3384 5528 insidiae,
3402 5469 3456 5514 et
3483 5474 3672 5530 preces
3692 5468 3884 5515 vestra:

2283 5561 2527 5613 vicerunt
2561 5575 2572 5611 :
2607 5556 2764 5626 idque
2802 5555 2923 5624 iure
2952 5556 3144 5609 merito
3174 5572 3186 5609 :
3220 5569 3339 5606 nam
3380 5566 3567 5621 preces
3611 5562 3767 5607 erant
3801 5566 3885 5606 as-

2285 5652 2473 5716 siduas,
2507 5660 2561 5706 ct
2598 5651 2952 5720 lacrymarnm
3001 5647 3177 5702 fontes
3219 5646 3532 5701 efflucbant.
3562 5643 3640 5700 llli
3676 5645 3779 5701 tela
3803 5646 3881 5697 vi~

2288 5744 2530 5808 brabant,
2579 5755 2676 5795 vos
2720 5743 2979 5811 Iacrymas
3013 5757 3024 5791 :
3059 5740 3133 5794 illi
3184 5738 3416 5793 furorem
3444 5736 3756 5807 spirabant,
3781 5750 3876 5790 vos

2288 5834 2766 5892 mansuetudinem.
2817 5833 2968 5899 Quod
3014 5834 3092 5888 vis
3158 5830 3317 5887 facito
3361 5849 3373 5884 :
3420 5844 3519 5885 vos
3567 5830 3758 5883 oratis.
3801 5827 3877 5881 llli
