4046 6434
635 376 742 433 MS

627 498 803 558 είσιν;
846 491 1027 546 Ὅπλα
1069 491 1433 564 ἐκινήσαμεν;
1475 494 1550 566 μὴ
1596 495 1728 562 τόξα
1773 495 2089 566 ἐτείναμεν;
2128 489 2203 562 μὴ

626 575 778 649 ίηθ]
808 575 936 648 βέλη
976 578 1305 648 ἀφήκαμενς
1349 577 1654 650 Εὑχόμεθα,
1695 579 1936 632 κάκεῖνοι
1971 576 2204 645 ἔφυγον·

624 659 700 722 ὡς
729 660 839 731 γὰρ
881 659 1091 732 ἀράχνη
1119 659 1541 732 διεσπάσθησαν,
1587 663 1684 715 καὶ
1719 663 1874 732 ὑμεῖς
1917 661 1994 723 ὠς
2025 660 2203 730 πέτρα

623 742 912 812 ἑστήκατε.
949 744 1235 814 Μακάριος
1277 743 1390 813 ἐγὼ
1433 744 1500 797 δι’
1543 744 1710 815 ὐμᾶς.
1733 743 1927 816 ’ᾜδειν
1962 741 2063 812 μὲν
2108 741 2203 793 καὶ

619 826 730 898 πρὸ
777 827 969 881 τούτου
1001 828 1189 900 ήλίκον
1230 829 1340 900 ἐχω
1379 828 1634 892 πλοῦτον,
1667 827 1957 898 ἐθαύμασα
1995 826 2055 881 δὲ
2105 825 2204 879 καὶ

617 908 733 962 νῦν.
767 911 964 983 Πόρῤω
1009 912 1193 982 ήμην,
1242 911 1336 965 καὶ
1369 910 1526 975 πόλις
1579 909 1932 982 μετῳκίζετο.
1987 911 2066 962 Δι’
2102 908 2198 962 ἐνα

611 992 904 1064 ἄνθρωπον
946 994 1010 1048 τὸ
1055 996 1288 1063 πέλαγος
1323 995 1474 1059 πόλις
1520 995 1750 1062 ἐγίνετο.
1791 995 2073 1058 Γυναῖκες,
2105 992 2200 1046 ἀν-

610 1076 759 1148 δρες.
777 1075 965 1132 παιδία
995 1076 1147 1151 ἄωρα
1173 1079 1271 1149 τήν
1294 1078 1798 1148 ήλικίαν,γυναῖκες
1827 1077 2193 1148 βαστάζουσαι

611 1158 820 1223 παιδία,
853 1160 1202 1229 κατετόλμων
1237 1159 1537 1229 πελάγους,
1570 1160 1985 1234 κατεφρόνησαν
2010 1160 2191 1231 κυμά-

607 1259 735 1294 των.
771 1242 847 1294 Οὐ
876 1241 1059 1305 δοῦλος
1089 1242 1342 1297 ἐδεδοίκει
1380 1244 1669 1315 δεσπότην,
1704 1245 1765 1298 οὐ
1796 1245 1934 1316 γυνὴ
1963 1244 2063 1315 τῆς
2086 1255 2199 1312 φυο’

608 1329 769 1399 σικῆς
801 1329 1088 1392 ἀσθενείας
1126 1331 1425 1402 ἐμέμνητο.
1451 1332 1682 1402 Γέγονεν
1711 1334 1745 1404 ἡ
1771 1332 1951 1406 ἀγορά
1987 1329 2188 1402 ἐκκλη-

608 1417 718 1481 σία,
753 1417 823 1471 τὰ
851 1417 1138 1489 πανταχοῦ
1175 1419 1245 1472 δι’
1281 1421 1449 1490 ἡμᾶς.
1473 1418 1611 1474 Τίνα
1649 1419 1759 1492 7&9
1790 1421 1892 1474 οὐκ
1935 1418 2187 1473 ἐπαιδεύ-

604 1522 770 1573 σατε;
800 1504 1054 1560 Βασιλίδα
1081 1508 1522 1579 συγχορεύουσαν
1547 1508 1768 1564 ἐλάϐετε
1788 1525 1801 1539 ·
1819 1508 1882 1563 οὐ
1913 1507 2024 1581 7&9
2056 1508 2186 1562 ἀπο-

603 1593 882 1664 κρύψομαι
919 1593 1011 1648 τὸν
1054 1595 1216 1665 ζῆλον
1243 1597 1434 1668 αὐτῆς.
1479 1596 1556 1650 Οὐ
1591 1596 1836 1668 βασιλίδα
1869 1595 2183 1651 κολακεύων

602 1680 774 1732 ταῦτα
806 1681 968 1750 λέγω,
997 1682 1112 1736 ἀλλ’
1142 1681 1428 1736 εὐσέϐειαν
1453 1682 1772 1754 θεραπεύων
1791 1699 1804 1714 ·
1833 1683 1895 1737 οὐ
1921 1683 2033 1754 7&9
2052 1683 2184 1737 ἀποο

602 1768 881 1839 κρύψομαι
931 1769 1104 1841 αὐτῆς
1146 1770 1238 1824 τὸν
1284 1769 1464 1842 ζῆλον.
1507 1773 1585 1824 οὐ
1620 1770 1729 1842 7&9
1773 1771 1914 1825 ὅπλα
1954 1770 2177 1837 ἐλαϐεν,

599 1853 734 1908 ἀλλά
785 1855 1184 1928 κατορθώματα
1234 1857 1460 1928 ἀρετῆς.
1519 1858 1838 1930 Ἀπηγόμην
1876 1858 2032 1925 τότε,
2066 1860 2176 1913 ίστε

599 1940 737 2004 πῶς.
768 1944 861 1996 Δεῖ
905 1943 1015 2014 7&9
1060 1945 1156 1997 καὶ
1201 1943 1421 2016 λυπηρά
1465 1946 1672 2010 εἰπεῖν,
1723 1945 1809 1999 ῖνα
1861 1945 2070 2017 μάθητε
2108 1946 2178 2000 τά

597 2029 842 2100 χρηστά·
895 2029 1035 2084 ἀλλά
1086 2031 1297 2104 μάθητε
1348 2029 1466 2095 πῶς
1519 2032 1850 2104 ἀπηγόμην,
1909 2035 2004 2087 καὶ
2056 2033 2176 2098 πῶς

595 2114 918 2186 ἐπανῆλθον.
958 2120 1024 2172 οι
1055 2119 1412 2188 σπείροντες
1436 2118 1508 2173 ἐν
1537 2117 1856 2189 δάκρυσιν,
1892 2121 1964 2175 ἐν
1990 2121 2176 2192 ἀγαλ-

588 2203 791 2258 λιάσει
850 2206 1137 2274 θεριοῦσι.
1202 2210 1599 2278 Πορευόμενοι
1653 2208 2013 2278 ἐπορεύοντο
2071 2209 2171 2264 καί

587 2290 856 2358 ἔκλαιον,
890 2293 1239 2362 ,βάλλοντες
1280 2294 1356 2349 τὰ
1385 2294 1698 2365 σπέρματα
1722 2295 1921 2351 αὐτῶν
1939 2313 1954 2328 ·
1993 2297 2168 2368 ἐρχό-

582 2397 754 2449 μενοι
800 2381 870 2437 δὲ
923 2383 1186 2450 ἥξουσιν
1234 2385 1306 2438 ἐν
1352 2383 1746 2455 ἀγαλλιάσει,
1789 2387 2058 2456 αιροντες
2098 2387 2170 2442 τὰ

583 2469 892 2542 δράγματα
924 2474 1142 2530 αὐτῶν.
1181 2473 1369 2530 Ταῦτα
1412 2474 1484 2528 τά
1517 2477 1741 2549 ῥήματα
1780 2477 1998 2547 ἐγένετο
2023 2479 2166 2551 πρά-

585 2575 792 2630 γματα.
832 2560 968 2616 Μετ’
1001 2561 1354 2634 εὐχαριστίας
1381 2561 1714 2628 ὑπεδέξασθε
1739 2564 1798 2619 ὃν
1839 2564 2166 2637 ὀδυνώμενοι

585 2647 997 2719 προεπέμψατε.
1026 2649 1137 2704 Καὶ
1158 2649 1278 2703 οὐδὲ
1303 2650 1364 2704 ἐν
1400 2649 1597 2722 μακρῷ
1623 2653 1800 2722 χρόνῳ
1818 2669 1833 2682 ·
1866 2653 2004 2724 μετά
2034 2653 2165 2725 μίαν

584 2736 799 2808 ἡμέραν
844 2737 1024 2792 πάντα
1074 2737 1258 2810 ἐλύθη.
1299 2739 1410 2792 Καὶ
1440 2738 1550 2812 7&9
1583 2743 1618 2812 ἡ
1659 2741 1899 2814 ἀναϐολὴ
1943 2742 2166 2813 ἐγένετο

579 2826 647 2881 δι’
676 2828 840 2899 ὑμᾶς,
875 2827 998 2882 ἐπεὶ
1031 2831 1060 2884 ό
1089 2829 1222 2893 Θεὸς
1249 2829 1310 2894 ἐξ
1334 2831 1509 2901 ἀρχῆς
1536 2829 1714 2887 ἔλυσε.

651 2917 692 2970 δ’
700 2917 879 2986 ,Λέγω
899 2919 1030 2989 ὐμῖν
1055 2918 1118 2971 τὸ
1140 2919 1471 2990 ἀπόρρητον.
1518 2919 1891 2994 Ἐπεραιώθην
1913 2924 1975 2978 τὸ
1999 2924 2162 2979 πέλα-

580 3021 678 3074 γος
712 3005 871 3075 μόνος
903 3004 1004 3077 τὴν
1041 3005 1367 3076 Ἐκκλησίαν
1406 3005 1690 3076 βαστάζων
1711 3024 1723 3038 ·
1754 3010 1787 3080 ἠ
1819 3009 1929 3081 7&9
1970 3011 2160 3085 ἀγάπη

575 3093 640 3146 οὐ
671 3091 973 3148 πενοῦται.
995 3093 1111 3147 Οὐκ
1129 3094 1546 3165 ἐστενοχωρεῖτο
1576 3095 1636 3148 τὸ
1667 3094 1883 3150 πλοῖον·
1915 3099 1999 3152 Οὐ
2021 3114 2157 3154 στε-

573 3178 934 3248 νοχωρεῖσθε
962 3179 1071 3252 γὰρ
1095 3181 1166 3233 ἐν
1193 3179 1358 3250 ἡμῖν.
1398 3181 1618 3253 ’Δπῄειν
1638 3183 1706 3237 τὰ
1733 3184 1979 3257 ὑμέτερα
2003 3203 2160 3259 μερι-

577 3269 748 3340 μνῶν,
775 3268 1182 3340 κεχωρισμένος
1223 3268 1323 3339 μέν
1356 3268 1434 3339 τῷ
1464 3269 1696 3340 σώματι,
1725 3273 2073 3344 συνημμένος
2099 3276 2156 3330 δὲ

571 3358 640 3427 τῇ
673 3354 899 3427 γνώμῃ·
934 3354 1132 3426 ἀπῄειν
1162 3356 1254 3409 τὸν
1283 3355 1417 3410 θεὸν
1452 3357 1805 3428 παρακαλῶν,
1840 3361 1936 3414 καὶ
1975 3379 2155 3434 παρα·

573 3443 998 3514 κατατιθέμενος
1037 3443 1193 3514 ὐμῶν
1221 3442 1319 3514 τὴν
1359 3445 1612 3514 ἀγάπην·
1649 3445 1868 3516 ἀπῄειν,
1897 3449 2154 3515 ἐκαθεζό-

574 3547 684 3602 μην
716 3531 874 3601 μόνος
895 3530 962 3584 τά
1003 3532 1243 3602 ὐμέτερα
1285 3531 1583 3602 μεριμνῶν,
1615 3532 2000 3606 βουλευόμενος
2025 3542 2152 3610 περὶ

570 3619 882 3691 ἀποδημίας
928 3620 1104 3690 μόνος.
1144 3618 1363 3690 Ἀθρόον
1392 3620 1602 3688 ἀωρίας
1637 3623 1937 3694 γενομένης
1978 3627 2151 3696 γράμ.

573 3726 720 3779 ματα
771 3707 1013 3785 ἐπεμψεν
1059 3709 1092 3777 ἡ
1145 3705 1530 3779 θεοφιλεστάτη
1564 3708 1703 3780 αὕτη
1747 3712 1804 3782 ἐν
1841 3715 1906 3783 τῇ
1957 3715 2146 3790 πρώτῃ

566 3796 776 3866 ἡμέρᾳ,
813 3796 986 3849 ταῦτα
1032 3796 1266 3862 λέγουσα
1309 3797 1377 3850 τὰ
1416 3797 1642 3868 ῥήματα
1682 3797 1800 3865 (δεῖ
1829 3801 1938 3871 γὰρ
1974 3803 2149 3873 αὐτῆς

571 3886 666 3940 καὶ
705 3885 773 3939 τά
805 3887 1028 3957 ῥήματα
1063 3884 1298 3955 είπεῖν)·
1343 3884 1440 3953 Μὴ
1477 3887 1703 3955 νομίσῃ
1742 3905 1858 3942 σου
1900 3890 1938 3958 ἠ
1977 3891 2148 3961 ἀτιω.

565 3974 727 4041 σύνη
757 3973 846 4026 ὅτι
875 3971 1069 4043 ἔγνων
1107 3973 1178 4027 τὰ
1216 3973 1601 4042 γεγενημένα.
1634 3973 1842 4041 Ἇθῶος
1873 3977 1989 4046 ἐγὼ
2026 3980 2146 4034 ἀπὸ

565 4062 673 4116 τοῦ
723 4061 970 4130 αἵματός
1037 4075 1172 4115 σου.
1232 4063 1554 4128 Ἄνθρωποι
1618 4062 1868 4129 πονηροί
1919 4065 2016 4118 καί
2060 4066 2146 4120 διο

562 4149 921 4220 ορθαρμένοι
959 4149 1184 4215 ταύτην
1233 4147 1348 4214 τὴν
1383 4148 1672 4216 μηχανὴν
1698 4148 2137 4207 διεσκεύασαν.

563 4239 682 4293 τῶν
705 4238 774 4291 δὲ
817 4235 975 4304 ἐμῶν
1008 4235 1281 4304 δακρύων
1309 4234 1537 4302 μάρτυς
1565 4238 1598 4289 ό
1633 4236 1794 4302 Θεὸς,
1841 4231 1888 4303 ᾦ
1915 4243 2136 4309 ίερεύω.

563 4329 694 4380 θίαν
726 4324 959 4394 σπονδὴν
986 4324 1201 4393 ἐξέχεε;
1243 4322 1312 4374 τά
1343 4322 1451 4394 7&9
1479 4322 1692 4394 δάκρυα
1735 4325 1904 4396 αὐτῆς
1938 4329 2138 4401 σπονδὴ

563 4415 801 4482 ἐγένετο,
847 4407 921 4481 ⁷ῼ
972 4412 1192 4479 ίερεύω.
1236 4410 1301 4462 Ίί
1367 4409 1574 4480 ίέρεια,
1631 4411 2138 4487 αὐτοχειροτόνητος

561 4503 765 4557 θύουσα
801 4501 879 4570 τῷ
912 4499 1030 4568 Θεῷ
1057 4501 1150 4551 καὶ
1181 4498 1482 4551 σπένδουσα
1513 4499 1722 4570 δάκρυα
1756 4503 1850 4555 καὶ
1887 4503 2138 4574 ἐξομολόο

561 4608 722 4662 γησιν
761 4591 855 4644 καὶ
908 4589 1215 4659 μετάνοιαν,
1252 4587 1349 4656 οὐχ
1402 4587 1543 4656 ὑπὲρ
1577 4589 1796 4657 ἱερέως,
1838 4590 1954 4642 ἀλλ’
1998 4595 2137 4664 ὑπὲρ

573 4679 920 4747 Ἐκκλησίας,
953 4675 1093 4746 ὑπὲρ
1127 4675 1299 4745 δήμου
1341 4675 1764 4745 διεσπαρμένου.
1797 4677 2134 4748 Ἐμὲμνητο,

561 4768 854 4836 ἐμέμνητο
886 4766 981 4819 καί
1009 4763 1126 4818 τῶν
1154 4763 1407 4816 παιδίων
1432 4763 1527 4816 καί
1559 4763 1664 4817 τοῦ
1690 4765 2130 4836 βαπτίσματος.

559 4857 863 4925 Μέμνημαι
889 4855 968 4905 ὅτι
995 4852 1082 4904 διὰ
1113 4851 1220 4903 τῶν
1243 4851 1442 4921 χειρῶν
1475 4849 1583 4902 τῶν
1615 4851 1720 4902 σῶν
1749 4853 1816 4905 τά
1853 4857 2037 4910 παιδία
2069 4857 2136 4910 τὰ

559 4946 669 5014 ἐμὰ.
699 4942 1024 5011 ἐϐαπτίσθη.
1057 4942 1238 4993 Ταῦτα
1268 4943 1300 5009 ἠ
1325 4940 1639 5007 βασίλισσα·
1665 4943 1713 4994 οί
1735 4942 1790 4995 δὲ
1815 4945 1980 5014 ἱερεῖς
2007 4949 2134 5017 περὶ

561 5034 754 5099 φθόνου
778 5045 802 5070 ι
832 5032 1030 5091 πάντες
1059 5029 1286 5095 ἠγνόουν
1323 5029 1383 5080 τὸ
1419 5029 1638 5096 χωρίον,
1677 5029 1805 5082 ἔνθα
1851 5034 2128 5089 κατέλυον.

559 5123 669 5174 Καὶ
696 5121 756 5170 τὸ
806 5119 870 5188 δὴ
922 5117 1232 5186 θαυμαστὸν
1266 5117 1462 5175 εἰπεῖν,
1513 5117 1694 5186 ἐκείνη
1742 5121 1841 5186 μὲν
1868 5121 1942 5184 ὼς
1993 5123 2131 5195 ὑπὲρ

557 5212 746 5262 τέκνου
775 5207 1052 5275 τρέμουσα
1093 5202 1309 5273 περιῄει
1344 5204 1644 5272 πανταχοῦ,
1682 5207 1740 5257 οὐ
1770 5207 1847 5275 τῷ
1897 5209 2130 5281 σώματι,

557 5297 690 5351 αλλὰ
727 5299 792 5365 τῇ
827 5295 930 5363 ἰδίᾳ.
969 5295 1160 5361 πομπῇ
1188 5291 1297 5343 τῶν
1334 5292 1702 5361 στρατιωτῶν.
1736 5292 1882 5363 [450]
1918 5299 1992 5351 Οὐ
2024 5300 2130 5370 γὰρ

560 5385 851 5451 κατείληφε
883 5383 943 5433 τὸ
970 5381 1184 5451 χωρίον,
1217 5377 1342 5430 ἔνθα
1367 5378 1571 5446 διῆγον.
1607 5381 1889 5450 Πανταχοῦ
1918 5387 2128 5455 ἔπεμπε

559 5472 876 5541 μεριμνῶσα
913 5471 986 5538 μὴ
1032 5468 1386 5536 δολοφονηθῇ,
1432 5468 1504 5538 μὴ
1541 5471 1829 5540 ἀναιρεθῇ,
1875 5475 1964 5524 καὶ
1999 5478 2128 5528 ἀπο-

555 5564 800 5630 λέσωμεν
822 5564 879 5612 τὸ
910 5563 1152 5630 θήραμα.
1187 5562 1356 5613 Τοῦτο
1385 5561 1565 5629 μόνον,
1590 5565 1681 5613 καὶ
1712 5562 1776 5612 τὰ
1812 5567 1939 5632 παρ’
1968 5568 2124 5636 ἐμαυ

555 5652 652 5718 ’τί-,ς
688 5651 1050 5717 ἐπιδείκνυμι.
1083 5651 1235 5718 Ζητῶ
1265 5649 1441 5719 μόνον,
1491 5651 1581 5702 καὶ
1620 5651 1679 5702 οὐ
1733 5654 2095 5722 περιγίνονται

1725 5832 1841 5892 παρέ
1873 5846 1920 5880 In
1951 5835 2046 5882 μετ’

618 5825 637 5850 ⁸³
665 5826 811 5874 ί·”υ[ίε
841 5844 950 5888 nam
984 5833 1057 5891 ςιιη
1077 5847 1136 5875 cm
1189 5829 1361 5876 fanus
1387 5833 1588 5879 mutulo
1615 5828 1690 5877 to":

1391 383 1448 439 S.
1488 381 1781 440 JOANNIS.
1811 378 2160 440 CHRYSOS'I

2270 376 2307 432 ll
2347 377 2673 440 ARCHIEP.
2715 381 3268 442 CONSTANTINOP.

3795 383 3902 444 “5

2311 490 2374 542 οι
2430 491 2618 564 ἐχθροὶ
2663 495 2940 564 πανταχοῦ
2991 495 3288 566 περιῄεσαν
3333 493 3529 546 δίκτυα
3571 492 3902 560 ἀπλοῦντες,

2312 579 2401 632 ἴνα
2438 579 2644 634 λάϐωσι
2674 585 2768 637 καὶ
2800 583 3228 652 ἑπαναγάγωσιν
3269 582 3350 645 είς
3391 580 3492 644 τάς
3524 581 3761 636 ἐκείνων
3790 587 3904 654 χεῖ-

2315 685 2434 738 ρας.
2466 665 2599 723 Εῐτα
2644 671 2738 724 καὶ
2780 671 3101 742 παρεκάλει,
3146 670 3376 722 καὶτῶν
3414 670 3661 736 γονάτων
3693 672 3906 741 ἥπτετο

2307 755 2418 808 τῶν
2470 756 2796 826 βασιλικῶν,
2854 759 3111 812 κοινωνὸν
3163 757 3255 810 τὸν
3291 757 3462 827 ἄνδρα
3515 759 3755 811 ποιοῦσα
3807 759 3900 813 τοῦ

2311 842 2658 914 θηράματος·
2699 844 2999 916 καθάπερό
3035 845 3284 917 Ἁϐραάμ
3307 845 3409 916 τὴν
3447 845 3692 918 Σάρραν,
3723 846 3902 910 οὕτως

2308 931 2448 1002 αὐτὴ
2490 933 2580 986 τὸν
2629 933 2818 1002 ἄνδρα.
2877 933 3297 1004 Ἀπωλέσαμεν,
3346 934 3513 1004 φησὶ,
3559 933 3657 989 τὸν
3711 935 3896 1005 ἱερέα,

2307 1020 2425 1073 ἀλλ’
2457 1023 2917 1091 ἐπαναγάγωμεν.
2964 1025 3079 1076 Οὐκ
3109 1023 3256 1077 ἐστιν
3297 1023 3428 1093 ἡμῖν
3469 1023 3704 1094 οὐδεμία
3741 1023 3896 1086 ἐλπὶς

2303 1109 2400 1180 τῆς
2427 1108 2725 1178 βασιλείας,
2748 1109 2844 1163 ὲάν
2877 1110 2950 1181 μὴ
2986 1113 3193 1164 ἐκεῖνον
3224 1111 3691 1181 ἐπαναγάγωμεν.
3728 1113 3900 1182 Ἀμή-

2301 1214 2464 1267 χανον
2503 1197 2603 1268 ἐμὲ
2634 1197 2959 1268 κοινωνῆσαί
2983 1216 3088 1251 τινι
3119 1196 3226 1252 τῶν
3252 1196 3428 1252 ταῦτα
3451 1198 3895 1270 ἐργασαμένων·

2298 1285 2511 1357 δάκρυα
2543 1286 2853 1354 ἐξαφιεῖσα,
2890 1287 2980 1340 τὸν
3012 1287 3145 1340 Θεὸν
3177 1287 3518 1350 ἱκετεύουσα,
3556 1290 3751 1340 πᾶσαν
3789 1305 3894 1357 μη-

2298 1373 2468 1444 χανὴν
2526 1373 2966 1443 ἐπιδεικνυμένη.
3030 1375 3174 1426 Ἴστε
3223 1374 3318 1426 καὶ
3365 1373 3528 1444 ὑμεῖς
3583 1375 3708 1443 μεθ’
3765 1374 3895 1443 ὅσης

2296 1462 2511 1526 εὐνοίας
2537 1463 2684 1533 ἡμᾶς
2706 1460 3022 1525 ὑπεδέξατο,
3046 1462 3163 1525 πῶς
3188 1461 3586 1531 ἐνηγκαλίσατο
3612 1462 3691 1525 ὠς
3716 1463 3892 1514 οίκεῖα

2297 1550 2459 1622 μέλη,
2501 1549 2621 1614 πῶς
2661 1549 2783 1621 μεθ’
2829 1548 2983 1620 ὐμῶν
3024 1548 3174 1616 ἔλεγε
3219 1549 3313 1602 καὶ
3353 1548 3491 1620 αὐτή
3532 1550 3888 1612 σπουδάζειν.

2294 1638 2428 1691 Οὐδὲ
2461 1636 2570 1709 γὰρ
2600 1637 2774 1692 ταῦτα
2801 1637 2871 1689 τά
2896 1638 3118 1708 ῥήματα
3140 1635 3298 1690 ἔλαθε
3324 1636 3424 1707 τὴν
3452 1638 3889 1708 εὐγνωμοσύνην

2290 1727 2464 1794 ὐμῶν,
2491 1728 2573 1781 ὅτι
2604 1726 2937 1793 ἀπεδέξασθε
2971 1726 3070 1798 τὴν
3102 1727 3316 1798 μητέρα
3358 1725 3468 1780 τῶν
3509 1726 3884 1798 Ἑκκλησιῶν,

2287 1815 2386 1887 τὴν
2433 1817 2635 1887 τροφὸν
2696 1814 2805 1869 τῶν
2846 1814 3188 1886 μοναζόντων
3211 1855 3227 1880 ,
3287 1815 3380 1869 καὶ
3430 1817 3740 1886 προστάτιν
3777 1817 3886 1869 τῶν

2290 1905 2481 1971 ἁγίων,
2515 1904 2624 1958 τῶν
2656 1903 2890 1974 πτωχῶν
2915 1903 3014 1973 τήν
3040 1902 3363 1974 βακτηρίαν.
3399 1903 3458 1956 ’0
3487 1902 3719 1967 ἔπαινος
3739 1904 3883 1956 ἐκεί-

2285 2010 2384 2061 νης
2408 1993 2534 2058 δόξα
2558 1995 2639 2057 εἰς
2661 1991 2796 2046 Θεὸν
2824 1993 3056 2060 γίνεται,
3077 1992 3340 2059 στέφανος
3361 1991 3470 2044 τῶν
3510 1991 3879 2063 Ἐκκλησιῶν.

2283 2078 2440 2135 Είπω
2469 2080 2672 2153 θερμὸν
2698 2080 2869 2152 αὐτῆς
2889 2080 3086 2149 πόθον;
3116 2081 3256 2133 είπω
3285 2079 3599 2150 φιλοτιμίαν
3621 2081 3728 2152 τὴν
3752 2083 3883 2151 περὶ

2281 2169 2419 2240 ἐμέ;
2468 2171 2564 2226 Ἐν
2605 2169 2812 2241 ἑσπέρᾳ
2850 2169 3046 2240 βαθείᾳ
3088 2168 3216 2240 χθὲς
3255 2167 3546 2221 ἀπέστειλε
3578 2169 3763 2224 ταῦτα
3793 2169 3880 2224 λέο

2276 2274 2448 2326 γουσα
2491 2257 2560 2311 τά
2593 2258 2844 2329 ῥήματα·
2890 2255 3028 2311 Είπὲ
3079 2255 3214 2325 πρὸς
3262 2254 3463 2308 αὐτόν·
3507 2258 3541 2327 ὴ
3582 2256 3721 2326 εὐχή
3772 2275 3876 2328 μου

2278 2344 2662 2415 πεπλήρωται·
2693 2344 2951 2416 ἀπῄτησα
2983 2343 3045 2397 τὸ
3076 2341 3410 2413 κατόρθωμα
3433 2359 3447 2374 ο
3475 2344 3877 2416 ἐστεφανώθην

2283 2432 2482 2502 μᾶλλον
2528 2432 2625 2486 τοῦ
2688 2432 3047 2504 διαδήματος·
3079 2433 3352 2488 ἀπέλαϐον
3387 2433 3479 2487 τὸν
3524 2434 3710 2505 ῖερέα,
3767 2435 3876 2488 ἀπ-

2278 2520 2457 2575 έδωκα
2484 2522 2582 2592 τὴν
2623 2520 2865 2591 κεφαλὴν
2907 2518 2986 2590 τῷ
3016 2519 3251 2592 σώματι,
3293 2521 3385 2574 τὸν
3424 2521 3775 2592 κυϐερνήτην
3803 2525 3870 2594 τῇ

2275 2609 2387 2678 νηῒ,
2409 2609 2500 2662 τὸν
2532 2610 2767 2680 ποιμένα
2793 2611 2858 2680 τῇ
2886 2609 3112 2681 ποίμνῃ,
3135 2609 3224 2663 τὸν
3254 2610 3486 2680 νυμφίον
3511 2614 3577 2682 τῇ
3604 2611 3869 2666 παστάδι.

2349 2716 2411 2769 ε’.
2438 2716 2912 2790 Κατῃσχύνθησαν
2936 2718 2986 2772 οἱ
3016 2719 3213 2789 μοιχοί.
3259 2719 3384 2772 Ἐἀν
3408 2720 3581 2789 ζήσω,
3601 2720 3699 2773 ἐάν
3727 2720 3870 2773 ἀπο-

2280 2803 2458 2863 θάνω.
2501 2805 2686 2859 οὐκέτι
2735 2823 2825 2877 μοι
2884 2808 3058 2876 μέλει.
3082 2807 3248 2861 Ἴδετε
3281 2806 3376 2858 τοῦ
3425 2807 3742 2877 πειρασμοῦ
3798 2808 3870 2861 τά

2275 2892 2702 2964 κατορθώματα.
2749 2893 2815 2946 Τί
2847 2895 3088 2965 ποιήσω,
3139 2895 3225 2946 ἵνα
3281 2895 3411 2965 ὑμῖν
3458 2890 3616 2959 ἀξίαν
3673 2895 3869 2948 ἀποδῶ

2267 2981 2367 3051 τῆς
2424 2980 2650 3052 ἀγάπης
2682 2981 2780 3051 τὴν
2807 2981 3044 3052 ἀμοιϐήν
3071 3000 3088 3049 ;
3137 2981 3321 3048 ’Λείαν
3366 2983 3465 3052 μὲν
3489 2985 3552 3036 οὐ
3588 2983 3863 3055 δύναμαι,

2265 3071 2333 3140 ἢν
2376 3070 2432 3122 δὲ
2469 3069 2599 3140 ἔχω,
2646 3069 2862 3140 δίδωμι.
2914 3071 3141 3138 Ἀγαπῶ
3189 3071 3422 3140 ἑτοίμως
3469 3071 3531 3124 τὸ
3567 3067 3712 3141 αἷμά
3755 3091 3865 3142 μου

2264 3157 2479 3226 ἐκχέειν
2522 3157 2663 3228 ὑπὲρ
2700 3157 2800 3226 τῆς
2848 3157 3122 3228 ὑμετέρας
3163 3158 3460 3228 σωτηρίας.
3501 3159 3694 3222 Οὐδεὶς
3740 3162 3862 3231 ἔχει

2262 3242 2430 3296 τέκνα
2455 3242 2704 3304 τοιαῦτα,
2735 3243 2910 3307 οὐδεὶς
2940 3243 3142 3314 ἀγέλην
3169 3245 3448 3314 τοιαύτην,
3480 3245 3658 3310 οὐδεὶς
3683 3248 3860 3318 άρού-

2263 3347 2365 3401 ραν
2417 3330 2591 3395 οὕτως
2637 3330 2860 3401 εὐθαλῆ.
2903 3331 2978 3385 Οὐ
3030 3331 3191 3402 χρεία
3247 3350 3338 3401 μοι
3375 3334 3686 3404 γεωργίας·
3741 3339 3860 3405 ἐγὼ

2263 3417 2539 3481 καθεύδω,
2578 3420 2675 3471 καὶ
2728 3419 2778 3471 οί
2831 3419 3063 3489 στάχυες
3116 3420 3383 3488 κομῶσιν.
3427 3421 3501 3476 Οὐ
3541 3423 3703 3492 χρεία
3757 3444 3858 3495 μοι

2259 3508 2458 3560 πόνου·
2495 3506 2606 3576 ἐγὼ
2649 3507 2940 3579 ἡσυχάζω,
2980 3509 3075 3561 καὶ⁵
3124 3508 3192 3561 τά
3237 3509 3485 3580 πρόϐατα
3525 3511 3639 3565 τῶν
3667 3513 3856 3570 λύκων

2258 3595 2649 3667 περιγίνονται.
2675 3596 2739 3648 Τί
2761 3595 2906 3666 ὑμᾶς
2929 3595 3176 3662 καλέσω;
3210 3597 3456 3667 πρόϐατα
3501 3599 3850 3670 ἥποιμένας,

2255 3685 2288 3754 ἢ
2313 3683 2675 3754 κυϐερνήτας,
2697 3682 2731 3752 ἢ
2764 3682 3105 3753 στρατιώτας
3134 3685 3228 3737 καὶ
3251 3687 3591 3758 στρατηγούς
3613 3706 3627 3755 ;
3659 3691 3852 3746 Πάντα

2255 3772 2383 3841 ὑμῖν
2411 3769 2737 3841 ἐπαληθεύω
2759 3771 2828 3822 τά
2853 3771 3092 3840 ῥήματα.
3120 3771 3288 3825 Ὅταν
3314 3772 3409 3826 ῐδω
3433 3775 3532 3845 τὴν
3561 3776 3846 3843 εὐταξίαν,

2253 3860 2505 3930 πρόϐατα
2560 3857 2710 3911 καλῶ
2732 3875 2744 3888 ·
2775 3859 2901 3911 ὅταν
2952 3859 3047 3912 ίδω
3091 3860 3190 3931 τὴν
3248 3861 3522 3931 πρόνοιαν,
3577 3869 3849 3936 ποιμένας

2254 3945 2675 4019 προσαγορεύω·
2706 3947 2834 3999 ὅταν
2864 3945 2958 4000 τδω
2987 3947 3088 4019 τὴν
3127 3948 3340 4018 σοφίαν,
3365 3949 3707 4022 κυϐερνήτας
3730 3956 3846 4009 ὀνο-

2254 4036 2441 4107 μάζω·
2477 4037 2606 4089 ὅταν
2661 4033 2756 4087 ἴδω
2807 4033 2909 4104 τὴν
2953 4034 3204 4105 ἀνδρείαν
3243 4037 3337 4088 καὶ
3393 4037 3496 4104 τὴν
3550 4038 3842 4105 εὐτονίαν,

2251 4121 2592 4192 στρατιώτας
2621 4122 2716 4174 καὶ
2747 4122 3086 4191 στρατηγοὺς
3123 4124 3266 4193 ὑμᾶς
3297 4123 3545 4188 ἅπαντας
3583 4127 3729 4195 λέγω
3778 4131 3846 4184 Ὢ

2251 4214 2432 4275 πόνος,
2450 4211 2495 4265 ῶ
2519 4213 2746 4283 πρόνοια
2774 4209 2904 4264 λαοῦ
2925 4229 2938 4240 ·
2969 4211 3208 4279 ηλάσατε
3230 4213 3354 4276 τοὺς
3382 4215 3598 4278 λύκους,
3615 4221 3710 4272 καὶ
3737 4222 3845 4275 οὐκ

2245 4302 2676 4372 ἀμεριμνήσετε.
2730 4300 2794 4350 Ol
2830 4297 3020 4351 ναῦται
3055 4301 3105 4352 οἱ
3145 4299 3262 4369 μεθ’
3314 4301 3467 4370 ὑμῶν
3519 4306 3643 4358 καθ’
3681 4308 3842 4377 ὐμῶν

2246 4390 2556 4458 γεγόνασιν,
2587 4389 2782 4449 οἵτινες
2817 4386 2908 4438 τὸν
2945 4387 3179 4458 πόλεμον
3202 4389 3278 4458 τῷ
3305 4391 3473 4461 πλοίῳ
3501 4399 3840 4451 κατεσκεύαο

2247 4498 2367 4532 σαν.
2407 4480 2576 4530 Βοᾶτε
2628 4478 2732 4541 ἔξω
2763 4477 2856 4530 τὸν
2903 4477 3140 4547 κλῆρον,
3179 4477 3270 4530 καὶ
3322 4478 3478 4532 ἄλλον
3515 4483 3719 4554 κλῆρον
3765 4491 3835 4556 τῇ

2256 4567 2573 4636 Ἐκκλησία.
2606 4566 2700 4628 Τίς
2739 4565 2896 4635 χρεία
2949 4565 3112 4635 βοῆς;
3162 4565 3456 4636 Ἀπῆλθον,
3493 4573 3588 4624 καὶ
3625 4573 3836 4644 ἀπηλὼ

2243 4656 2438 4726 θησαν,
2477 4653 2704 4724 μηδενὸς
2747 4652 3035 4716 διώκοντος
3077 4654 3545 4724 ὲφυγαδεύθησαν.
3591 4662 3666 4712 Οὐ
3709 4680 3832 4716 κατι

2242 4746 2435 4814 ηγορεῖ
2463 4740 2641 4794 αὐτῶν
2672 4741 2976 4810 ἄνθρωπος,
3001 4742 3135 4794 ἀλλὰ
3157 4742 3216 4794 τὸ
3245 4745 3501 4808 συνειδός.
3525 4750 3594 4800 El
3615 4750 3834 4818 ἐχθρὸς

2241 4829 2512 4884 ὠνείδισέ
2525 4847 2620 4897 με,
2644 4829 2956 4895 ὑπήνεγκα
2981 4829 3076 4880 ἄν.
3093 4832 3154 4881 UE
3187 4830 3306 4900 μεθ’
3332 4833 3490 4902 ὴμῶν
3521 4835 3645 4888 καθ’
3671 4838 3832 4908 ἡμῶν

2242 4921 2561 4988 γεγόνασιν·
2592 4921 2640 4968 οἱ
2676 4917 2791 4986 μεθ’
2838 4916 2994 4986 ἡμῶν
3024 4918 3084 4970 τὸ
3115 4920 3297 4972 πλοῖον
3339 4922 3740 4992 κυϐερνῶντες,
3766 4929 3832 4980 τὸ

2241 5008 2423 5061 πλοῖον
2450 5004 2841 5056 καταποντίσαι
2870 5003 3160 5073 ἠθέλησαν.
3199 5006 3518 5078 Ἑοαύμασα
3545 5011 3702 5079 ὐμῶν
3730 5015 3830 5082 τὴν

2242 5095 2478 5148 σύνεσιν.
2534 5091 2721 5143 Ταῦτα
2771 5090 2919 5161 [45η
2956 5090 3115 5158 λέγω.
3163 5095 3263 5146 οὐκ
3307 5097 3386 5155 εἰς
3437 5097 3629 5148 στάσιν
3682 5101 3828 5168 ὑμᾶς

2238 5182 2494 5249 ἀλείφων.
2531 5179 2725 5240 Στάσις
2775 5178 2885 5246 γὰρ
2936 5179 3002 5230 τὰ
3054 5179 3309 5239 ἐκείνων,
3361 5181 3427 5233 τὰ
3462 5183 3518 5234 δὲ
3579 5185 3824 5256 ὑμέτερα

2238 5269 2418 5338 ζῆλος.
2453 5267 2527 5319 Οὐ
2569 5265 2675 5334 γὰρ
2709 5264 2980 5332 ἠξιώσατε
3027 5266 3222 5327 αὐτοὺς
3257 5268 3635 5337 ἀναιρεθῆναι,
3686 5274 3825 5326 ἀλλὰ

2239 5355 2552 5423 κωλυθῆναι
2585 5353 2742 5405 τοῦτο
2768 5354 2862 5405 καὶ
2900 5353 3041 5422 ὑπὲρ
3069 5352 3242 5421 ὑμῶν,
3275 5356 3368 5405 καὶ
3407 5356 3548 5424 ὑπὲρ
3575 5360 3675 5424 τῆς
3708 5361 3821 5411 Ἐκ,

2237 5443 2488 5512 κλησίας,
2515 5442 2600 5493 ἵνα
2640 5441 2712 5508 μὴ
2744 5440 2904 5492 πάλιν
2948 5438 3274 5508 ὑποϐρύχιος
3312 5443 3557 5511 γένηται.
3602 5446 3661 5497 Ἠ
3714 5448 3821 5516 γὰρ

2235 5533 2456 5601 ἀνδρεία
2489 5531 2640 5598 ὑμῶν
2671 5530 2769 5578 οὐκ
2793 5531 2972 5595 ἀφῆκε
3009 5529 3260 5593 γενέσθαι
3283 5531 3375 5580 τὸν
3412 5534 3676 5599 χειμῶνα,
3705 5538 3817 5586 ἀλλ’

2237 5626 2265 5690 ἡ
2301 5621 2491 5689 γ-.·‹ῖ›μη
2527 5619 2748 5670 ἐκείνων
2779 5618 2837 5668 τὸ
2889 5617 3174 5670 κλυδώνιον
3211 5620 3520 5688 εἰργάσατο.
3564 5623 3705 5687 Ἐγὼ
3737 5625 3813 5684 δὲ,

2243 5714 2292 5761 γ)
2343 5707 2418 5776 τῷ
2458 5708 2638 5766 τέλει,
2696 5705 2826 5756 ἀλλὰ
2883 5708 2945 5774 τῇ
2992 5706 3182 5775 γνώμη
3237 5707 3456 5757 ἐκείνων
3505 5707 3810 5775 λογίζομαι.

2265 5801 2302 5849 Α
2321 5800 2550 5857 linum;
2575 5797 2633 5845 θ’)
2653 5796 2940 5864 ῖιῖοτηρίοι·
2976 5814 3100 5864 πετρ-
3120 5815 3137 5846 3
3161 5795 3531 5868 :r‘w‘ngﬁﬁuou
3561 5795 3813 5851 τοσούτου
