4046 6428
181 395 289 452 645

181 527 340 582 vero,
363 510 456 584 qui
498 504 855 572 obsistebant,
885 498 1102 557 ubinam
1130 494 1303 552 sunt?
1326 494 1410 549 Au
1440 504 1591 547 arma
1620 487 1796 584 movi-

183 602 348 662 mus?
373 581 442 657 an
491 613 650 655 arcus
698 593 1026 652 intendimus
1042 590 1069 644 τ
1095 603 1165 644 an
1190 587 1295 643 tela
1321 581 1642 642 emisimus?
1665 581 1797 638 Pre-

182 697 466 758 cabamur,
493 691 648 747 etilli
690 686 966 759 fugiebant
997 700 1010 736 :
1041 695 1165 735 nam
1207 679 1358 749 quasi
1401 691 1594 731 aranea
1644 672 1802 729 dissi-

185 787 302 858 pati
351 791 499 848 sunt,
545 791 601 837 et
649 793 747 834 vos
791 774 944 847 quasi
990 781 1141 844 petra
1184 769 1431 826 stetistis.
1463 768 1658 822 Beatus
1703 778 1804 834 ego

183 881 416 948 propter
461 889 577 928 vos.
625 869 873 928 Sciebam
931 877 986 921 et
1042 871 1200 918 antea
1251 860 1467 932 quantis
1514 858 1807 914 instructus

184 985 374 1027 essem
418 966 635 1028 divitiis.
670 963 721 1019 id
770 970 950 1016 tamen
994 971 1136 1013 nunc
1174 956 1398 1011 miratus
1440 967 1581 1006 sum.
1613 948 1808 1005 Procul

187 1075 368 1127 eram,
415 1069 472 1116 et
513 1057 702 1114 civitas
745 1053 852 1108 alio
879 1047 1320 1106 transferebatur.
1368 1043 1610 1100 Hominis
1647 1040 1809 1095 unius

190 1167 362 1210 causa
409 1151 632 1223 pelagus
672 1149 725 1203 in
752 1145 1024 1202 civitatem
1070 1147 1333 1195 mutatum
1373 1146 1478 1194 est.
1518 1134 1807 1200 Mulieres,

192 1245 326 1313 viri,
360 1243 662 1299 immaturae
708 1237 884 1294 atatis
931 1232 1177 1304 parvuli,
1225 1229 1478 1286 mulieres
1520 1224 1813 1282 infantulos

193 1335 506 1409 gestabant,
529 1332 750 1404 pelagus
769 1329 918 1384 adire
941 1341 1049 1382 non
1070 1321 1410 1387 dubitabant,
1436 1318 1633 1377 ﬂuctus
1659 1332 1812 1388 sper-

195 1429 426 1485 nebant.
454 1425 572 1482 Non
600 1421 877 1479 metuebat
902 1419 1092 1474 herum
1118 1429 1330 1481 servus,
1361 1412 1554 1468 mulier
1580 1409 1810 1466 inlimi-

199 1522 332 1577 tatis
355 1533 470 1576 suae
491 1532 598 1573 non
617 1514 955 1570 meminerat.
988 1509 1190 1566 Forum
1215 1507 1269 1562 iu
1283 1504 1566 1562 ecclesiam
1596 1517 1812 1558 versum

197 1622 328 1678 est;
358 1612 537 1667 omnia
584 1607 783 1677 ubique
828 1613 1050 1676 propter
1087 1615 1189 1656 nos
1230 1597 1610 1654 movebantur.
1641 1594 1814 1664 Quem

199 1719 316 1760 non
345 1699 693 1760 erudivistis?
718 1694 1123 1770 lmperatricem
1153 1692 1431 1750 vobiscum
1473 1691 1671 1746 choros
1715 1687 1817 1743 du-

197 1804 418 1854 centem
454 1792 764 1866 accepistis,
791 1804 967 1861 neque
1013 1787 1158 1842 enim
1187 1786 1306 1858 ejus
1340 1783 1576 1842 studium
1604 1781 1812 1837 tacebo.

199 1890 327 1946 Non
351 1886 604 1944 adulandi
630 1897 794 1942 causa
820 1883 962 1948 dico,
994 1879 1091 1937 sed
1115 1879 1235 1951 ejus
1277 1878 1532 1950 pietatem
1557 1874 1774 1931 celebro
1797 1913 1814 1941 ,

204 1995 388 2051 neque
414 1993 559 2036 enim
585 1976 762 2033 celum
792 1973 914 2046 ejus
941 1971 1157 2028 silentio
1186 1969 1492 2042 praeteribo.
1523 1966 1643 2024 Non
1668 1981 1817 2022 arma

203 2072 352 2137 tulit,
392 2071 488 2129 sed
527 2067 737 2125 virtutis
780 2065 1037 2138 praeclara
1066 2071 1238 2135 gesta.
1271 2061 1423 2117 Tunc
1467 2057 1814 2116 abducebar:

201 2167 361 2225 scitis
385 2178 493 2237 quo
518 2170 696 2234 pacto.
726 2156 860 2216 Nam
887 2155 1180 2229 injucunda
1221 2155 1313 2212 illa
1341 2167 1648 2210 memorare
1689 2166 1820 2208 con-

208 2260 384 2326 venit,
416 2264 476 2314 ιιι
497 2253 735 2328 jucunda
758 2263 815 2311 et
837 2251 1012 2309 fausta
1039 2250 1313 2318 ediscatis,
1340 2257 1397 2305 et
1424 2247 1662 2304 noscatis
1685 2261 1820 2318 quo-

204 2350 374 2408 modo
397 2347 660 2407 abductus
687 2346 814 2413 sim,
835 2353 892 2401 et
914 2359 1022 2416 quo
1048 2350 1207 2414 pacto
1235 2340 1510 2398 redierim.
1543 2339 1643 2408 Qui
1662 2339 1819 2394 semi-

204 2452 333 2498 uant
372 2443 426 2497 in
455 2439 698 2514 lacrymis
721 2480 736 2506 ,
763 2438 818 2494 in
856 2435 1194 2493 exsultatione
1217 2443 1426 2490 nictent.
1454 2432 1653 2489 Euntes
1681 2433 1822 2488 ibant

201 2545 257 2590 et
280 2532 490 2604 ﬂebant,
509 2532 760 2586 mittentes
775 2529 968 2585 semina
995 2543 1089 2582 sua
1119 2544 1139 2583 :
1164 2527 1414 2582 venientes
1432 2535 1604 2580 autem
1625 2525 1822 2580 venient

202 2643 324 2681 cum
346 2625 702 2691 exsultatione,
735 2631 995 2694 portantes
1019 2621 1311 2693 manipulos
1334 2637 1453 2676 suos
1482 2619 1660 2691 (Psal.
1690 2619 1818 2676 125.

204 2721 265 2775 5.
317 2719 417 2789 6).
467 2717 594 2773 Haec
639 2717 800 2772 verba
848 2731 911 2772 re
958 2725 1107 2786 gesta
1158 2724 1300 2770 sunt.
1348 2715 1484 2769 Cum
1527 2715 1821 2784 gratiarum

204 2811 424 2865 actione
447 2809 763 2878 suscepistis
788 2823 932 2872 eum,
955 2823 1114 2876 quem
1142 2808 1320 2863 maesti
1345 2806 1712 2864 deduxeratis.
1744 2809 1823 2863 Ac

205 2917 320 2957 non
342 2900 511 2957 multo
533 2908 658 2972 post
679 2906 923 2970 tempore
947 2942 962 2966 ,
1000 2899 1094 2955 sed
1122 2910 1244 2970 post
1274 2913 1438 2953 unum
1466 2897 1611 2953 diem
1637 2900 1819 2954 omnia

204 2993 384 3051 soluta
405 3002 550 3049 sunt.
583 2992 792 3048 Etenim
819 3000 1039 3064 propter
1059 3007 1154 3047 vos
1182 2992 1280 3046 fuit
1307 2992 1423 3048 haec
1453 3007 1602 3048 mora
1631 3007 1646 3045 :
1680 2994 1821 3050 Deus

203 3088 410 3157 quippe
431 3086 541 3155 jam
570 3085 640 3141 ab
668 3083 822 3140 initio
845 3084 963 3140 haec
991 3084 1337 3140 dissolverat.

285 3178 339 3234 4.
382 3176 515 3233 Rem
553 3191 698 3233 nunc
733 3175 887 3232 vobis
932 3191 1183 3232 arcanam
1213 3176 1354 3233 dico.
1383 3176 1608 3249 Pelagus
1637 3179 1822 3251 trajeci

206 3270 361 3328 solus
392 3269 687 3327 Ecclesiam
723 3276 972 3341 gestans;
1015 3269 1229 3326 dilectio
1253 3270 1398 3326 enim
1441 3286 1548 3326 non
1580 3274 1633 3326 iu
1659 3287 1826 3343 angu-

208 3371 354 3418 stum
394 3362 673 3434 redigitur.
702 3361 820 3417 Non
862 3375 1088 3434 angusta
1120 3363 1272 3418 navis
1314 3373 1470 3429 erat;
1502 3379 1598 3419 vos
1625 3365 1825 3436 quippe

213 3453 341 3510 Non
377 3455 740 3527 angnstiamini
774 3455 831 3510 in
867 3455 1014 3510 nobis
1056 3455 1146 3528 (2.
1177 3455 1298 3512 Cor.
1329 3456 1382 3513 6.
1427 3456 1552 3530 12).
1591 3458 1824 3515 Discessi

211 3559 395 3604 vestra
421 3564 639 3618 curans,
669 3557 951 3620 separatus
975 3563 1225 3621 corpore,
1257 3559 1440 3607 mente
1465 3554 1820 3622 conjunetus;

209 3641 437 3698 discessi
467 3642 578 3699 Deo
597 3642 925 3713 supplicans.
953 3657 1016 3698 ac
1044 3653 1277 3700 vestram
1307 3645 1650 3702 dilectionem
1676 3662 1826 3702 com-

211 3731 513 3801 mendans;
549 3733 804 3790 sedebam
836 3733 1004 3800 solus,
1034 3734 1104 3790 de
1127 3735 1292 3792 rebus
1320 3737 1513 3792 vestris
1535 3737 1820 3806 sollicitus,

209 3823 382 3892 solus,
421 3825 490 3881 de
531 3823 777 3897 profectu
812 3825 1138 3882 deliberans.
1194 3827 1448 3889 Protinus
1504 3830 1824 3902 intempesta

211 3927 375 3975 nocte
402 3917 518 3974 haec
558 3919 957 3991 religiosissima
1004 3920 1230 3977 Domina
1274 3922 1355 3995 (a)
1385 3923 1504 3996 ipso
1533 3928 1708 3996 primo
1735 3927 1826 3984 die

211 4011 396 4068 literas
425 4012 592 4080 misit,
619 4028 845 4084 quarum
873 4012 991 4070 haec
1014 4024 1170 4071 erant
1195 4016 1394 4084 verba;
1427 4019 1629 4075 etenim
1657 4020 1825 4077 verba

213 4104 329 4172 ipsa
353 4113 479 4160 sunt
501 4104 780 4161 referenda
805 4124 818 4160 :
845 4105 930 4160 Ne
942 4108 1215 4163 arbitretur
1236 4109 1496 4167 Sanctitas
1522 4123 1611 4168 tua
1632 4131 1714 4169 me
1732 4115 1828 4170 illa

211 4195 412 4250 novisse
426 4211 539 4265 quis
551 4183 690 4277 gesta
709 4209 844 4252 sunt.
871 4196 1125 4254 Innocens
1145 4218 1236 4273 ego
1255 4219 1371 4257 sum
1396 4221 1428 4256 a
1443 4209 1693 4277 sanguine
1712 4219 1821 4264 tuo.

214 4285 447 4357 [mprobi
483 4295 532 4341 et
575 4288 761 4359 perditi
795 4290 1022 4346 homines
1066 4292 1199 4347 hanc
1235 4303 1466 4351 struxere
1508 4299 1820 4357 machinam.

218 4376 455 4431 Maurum
479 4394 597 4433 vero
625 4379 971 4451 lacrymarum
999 4385 1139 4439 testis
1175 4383 1334 4454 Deus,
1367 4388 1453 4442 cui
1480 4406 1628 4445 sacra
1663 4393 1821 4464 facio.

212 4469 387 4533 Quam
409 4468 717 4526 libationem
744 4471 972 4528 eﬂudit?
999 4474 1199 4531 etenim
1226 4476 1479 4549 laeryma:
1501 4481 1618 4552 ejus
1639 4483 1825 4540 libatio

211 4569 389 4618 erant.
417 4563 512 4617 Cui
551 4581 701 4620 sacra
733 4566 889 4637 facio.
935 4567 1203 4625 Sacerdos
1241 4572 1329 4626 illa
1378 4589 1572 4645 nempe
1614 4593 1710 4647 per
1738 4579 1826 4636 se-

215 4655 388 4722 ipsam
414 4654 682 4724 ordinata,
709 4673 830 4728 qua:
874 4659 985 4716 Deo
1014 4661 1276 4718 oderebat
1301 4663 1587 4737 lacryinas,
1609 4671 1825 4728 confes-

212 4747 424 4802 sionem
463 4754 520 4803 ct
549 4749 939 4820 pcenitentiam,
981 4769 1087 4808 non
1128 4769 1227 4825 pro
1256 4757 1556 4825 sacerdote,
1601 4763 1697 4819 sed
1729 4779 1827 4835 pro

215 4839 482 4908 Ecclesia,
531 4857 630 4912 pro
678 4845 876 4914 populo
919 4846 1184 4918 disperso.
1216 4850 1421 4908 Memor
1447 4864 1584 4923 erat,
1617 4874 1826 4915 memor

214 4941 369 4988 certe
406 4942 557 4998 erat,
590 4942 646 4989 et
692 4935 922 5025 ﬁliorum
961 4950 1016 4994 et
1046 4939 1403 5012 baptismatis.
1447 4946 1710 5004 Recordor
1737 4968 1827 5022 per

216 5041 402 5080 manus
426 5035 539 5081 tuas
567 5027 705 5096 ﬁlios
732 5045 869 5085 meos
908 5030 1067 5101 fuisse
1105 5035 1408 5105 baptizatos.
1441 5038 1568 5095 Herc
1595 5041 1828 5112 Impera-

213 5122 356 5185 trix;
388 5120 700 5177 sacerdotes
730 5137 890 5193 porro
918 5140 1108 5182 omnes
1139 5129 1333 5184 invidia
1362 5135 1615 5188 excaecati
1647 5135 1824 5192 locum

213 5209 558 5280 ignorabant,
588 5228 697 5283 quo
725 5213 1071 5272 diverteram.
1097 5219 1359 5292 Quodque
1397 5223 1642 5282 mirabile
1683 5229 1828 5284 dictu

211 5311 319 5366 est,
353 5301 464 5368 illa,
494 5318 559 5359 ae
577 5305 622 5360 si
665 5305 775 5360 filio
820 5309 1054 5375 timeret,
1087 5327 1523 5384 quoquoversum
1556 5319 1686 5388 ibat,
1721 5338 1828 5380 non

214 5409 467 5463 corpore,
496 5395 592 5452 sed
638 5398 887 5454 militaris
933 5417 1123 5458 manus
1148 5407 1426 5464 missione.
1461 5410 1644 5483 Neque
1683 5417 1827 5472 enim

217 5485 424 5542 sciebat
443 5486 644 5555 locum,
665 5489 755 5544 tibi
782 5490 1054 5561 degerem.
1084 5497 1530 5569 Quoquoversum
1561 5508 1826 5574 mittebat,

220 5593 291 5632 nc
313 5591 497 5645 pa5tor
524 5580 654 5634 dolo
677 5583 1076 5642 circumventus
1113 5591 1452 5648 occideretur
1493 5605 1549 5649 et
1579 5609 1827 5655 venatum

212 5678 511 5734 amitteret.
565 5677 679 5732 lloc
719 5686 947 5742 tantum,
987 5697 1107 5751 qua:
1153 5700 1394 5742 mearum
1442 5698 1568 5745 sunt
1598 5691 1826 5761 partium

288 5839 364 5900 (tl)
387 5842 455 5886 tte
474 5838 684 5886 tandem
711 5839 942 5901 loquitur.

1150 377 1386 438 SERMO
1423 375 1596 434 POST
1628 368 1935 430 REDITUM
1969 369 2063 426 AB
2102 367 2398 427 ElSlLlO.

3415 372 3534 432 440

1911 491 2130 552 praesto.
2162 483 2359 552 Quare
2385 481 2583 548 solum,
2616 489 2676 535 ut
2709 479 2787 535 illi
2811 491 2919 534 non
2948 474 3295 549 praivaleant.
3328 470 3530 527 llostes

1913 573 2150 643 undique
2176 571 2478 628 circuibant
2515 570 2886 641 expandeutes
2907 568 3064 632 retia,
3095 574 3156 621 ut
3181 570 3442 636 caperent
3468 570 3524 617 et

1913 666 1965 718 in
1995 664 2210 720 illorum
2240 678 2436 719 manus
2472 661 2823 718 adducerent.
2853 658 2993 715 Hinc
3034 657 3125 712 illa
3151 654 3392 727 rogabat,
3421 652 3523 706 lm-

1915 756 2286 828 peratorisque
2309 769 2486 826 genua
2517 753 2790 824 tangebat,
2822 760 2878 807 ιιι
2910 750 3084 806 virum
3115 747 3322 804 faceret
3359 757 3524 801 vena-

1917 848 2079 904 tionis
2126 855 2437 903 consortem
2467 862 2482 900 :
2508 841 2964 916 quemadmodum
3009 839 3285 896 Abraham
3312 838 3526 900 Sat-am,

1915 939 2109 1007 sicilia
2150 939 2346 993 virum.
2379 937 2738 1004 Perdidimus,
2783 934 2977 1007 inquit,
3021 931 3356 992 sacerdotem
3387 947 3401 984 :
3430 927 3525 984 sed

1915 1028 2257 1086 reducamus.
2304 1028 2463 1085 Nulla
2492 1028 2652 1086 nobis
2696 1027 2912 1099 imperii
2948 1041 3074 1098 spes
3117 1033 3384 1095 superest,
3427 1019 3528 1075 nisi

1918 1122 2071 1178 illum
2095 1120 2438 1178 reducamus.
2470 1119 2591 1178 Non
2630 1133 2853 1192 possum
2895 1134 3020 1182 cum
3043 1116 3296 1189 quopiam
3339 1128 3524 1170 eoruir

1918 1215 2346 1282 communicare,
2374 1214 2468 1285 qui
2495 1214 2614 1272 hac
2651 1220 3035 1286 perpetrarunt
3066 1227 3082 1266 :
3113 1209 3380 1281 lacrymas
3408 1207 3526 1262 fun-

1919 1306 2080 1374 dens,
2105 1305 2220 1363 Deo
2243 1305 2579 1377 supplicans,
2603 1304 2912 1377 nullamque
2937 1301 3242 1360 machinam
3269 1317 3378 1358 non
3409 1314 3529 1355 mo-

1920 1413 2074 1454 vens.
2105 1397 2272 1455 Scitis
2293 1411 2419 1454 cum
2442 1405 2646 1470 quanta
2676 1395 3060 1454 benevolentia
3087 1409 3188 1452 nos
3212 1391 3532 1464 susceperit,

1919 1490 2194 1562 quomodo
2219 1491 2363 1548 ulnis
2385 1493 2682 1561 exceperit,
2709 1505 2811 1548 ceu
2852 1491 3069 1562 propria
3110 1487 3352 1546 membra
3384 1505 3399 1542 :
3426 1501 3539 1558 quo

1925 1594 2085 1655 pacto
2123 1584 2329 1641 diceret
2375 1599 2436 1641 se
2481 1584 2764 1642 vobiscum
2826 1583 3110 1639 sollicitam
3155 1597 3297 1638 esse.
3353 1580 3541 1648 Neque

1922 1679 2067 1734 enim
2099 1677 2217 1734 bzec
2238 1678 2404 1735 verba
2429 1688 2670 1734 vestrum
2697 1675 2948 1733 allectum
2969 1675 3208 1732 latebant
3237 1692 3251 1729 :
3284 1673 3534 1745 quoniam

1922 1771 2240 1842 suscepistis
2269 1780 2497 1827 matrem
2540 1771 2927 1836 Ecclesiarum,
2956 1768 3199 1825 altricem
3245 1765 3538 1822 monacho-

1923 1879 2068 1929 rum,
2092 1871 2402 1919 sanctorum
2431 1871 2733 1934 patronam,
2767 1877 3067 1934 pauperum
3098 1860 3365 1916 baculum.
3399 1857 3541 1913 Laus

1924 1952 2045 2030 ejus
2073 1959 2128 2013 in
2177 1956 2275 2014 Dei
2295 1956 2522 2029 gloriam
2553 1956 2740 2025 vertit,
2771 1956 2828 2012 in
2867 1970 3124 2012 coronam
3150 1953 3537 2010 Ecclesiarum.

1925 2051 2185 2109 Dicamne
2235 2050 2518 2108 ardentem
2565 2049 2688 2122 ejus
2725 2047 3010 2105 amorem?
3037 2047 3213 2104 dicam
3256 2047 3373 2117 ejus
3415 2059 3543 2115 erga

1925 2160 2015 2202 me
2059 2143 2514 2202 sollicitudinem?
2544 2143 2672 2200 lleri
2711 2143 2933 2214 vesperi
2982 2140 3100 2198 haec
3141 2140 3209 2196 ad
3253 2155 3340 2196 uie
3383 2138 3544 2195 verba

1929 2235 2077 2291 misit
2106 2253 2120 2290 :
2154 2235 2332 2292 Dicito
2356 2236 2408 2292 ei
2438 2253 2453 2291 :
2481 2234 2672 2292 Oratio
2699 2250 2820 2292 mea
2847 2235 3070 2306 impleta
3105 2243 3212 2302 est,
3238 2250 3351 2289 rem
3377 2234 3542 2304 impe-

1927 2329 2065 2383 travi
2119 2345 2134 2384 :
2182 2327 2377 2383 melius
2401 2334 2658 2384 coronata
2700 2341 2861 2406 sum,
2890 2341 3053 2397 quam
3082 2340 3180 2397 per
3224 2325 3398 2396 ipsum
3429 2325 3540 2379 dia-

1928 2417 2112 2476 dema.
2160 2418 2362 2491 Recepi
2409 2416 2777 2485 sacerdotem,
2835 2425 2998 2490 caput
3039 2417 3252 2488 corpori
3295 2415 3544 2482 restitui,

1927 2511 2344 2582 gubernatorem
2389 2512 2537 2580 navi,
2585 2519 2856 2583 pastorem
2898 2512 3072 2584 gregi,
3104 2510 3342 2567 thalamo
3383 2525 3546 2582 spon-

1927 2618 2071 2660 sum.

2004 2734 2060 2792 5.
2100 2733 2314 2792 Pudore
2342 2735 2521 2793 allecti
2567 2743 2696 2794 sunt
2727 2735 2982 2794 adulteri.
3030 2734 3138 2794 Seu
3178 2735 3354 2792 vivam
3386 2777 3403 2804 ,
3448 2751 3543 2792 seu

1933 2831 2168 2899 moriar,
2212 2831 2344 2886 nihil
2374 2831 2506 2889 mihi
2537 2847 2685 2890 cura:
2710 2840 2816 2890 est.
2844 2830 3037 2889 Videte
3063 2832 3375 2889 tentationis
3405 2847 3548 2902 pra:-

1931 2921 2137 2978 claruin
2162 2923 2386 2979 exitum.
2412 2922 2552 2992 Quid
2574 2923 2790 2993 faciam,
2815 2931 2874 2980 ut
2898 2939 2996 2996 pro
3015 2923 3307 2981 dilectione
3330 2924 3550 2995 dignum

1933 3016 2086 3072 vobis
2111 3032 2308 3073 munus
2336 3017 2673 3090 rependam?
2699 3018 2928 3088 Dignum
2956 3033 3187 3091 nequeo,
3217 3019 3376 3091 quale
3401 3017 3554 3074 adest

1933 3111 2131 3168 tribuo.
2171 3111 2354 3183 Usque
2391 3112 2530 3169 adeo
2555 3112 2722 3184 diligo
2745 3155 2760 3180 ,
2793 3122 2854 3169 ut
2893 3124 3112 3184 paratus
3136 3113 3238 3170 sim
3268 3113 3336 3168 ad
3377 3111 3553 3169 eﬂ'an-

1931 3201 2169 3258 deadum
2220 3218 2322 3274 pro
2374 3205 2548 3260 salute
2593 3212 2772 3260 vestra
2817 3206 3159 3275 sanguinem.
3205 3203 3376 3261 Nemo
3419 3203 3554 3260 tales

1932 3293 2095 3352 habet
2134 3294 2273 3352 ﬁlios
2301 3335 2318 3359 ,
2351 3311 2514 3352 nemo
2539 3298 2700 3353 talem
2725 3311 2944 3368 gregem
2969 3314 3004 3363 .·
3023 3296 3207 3353 nullus
3247 3310 3436 3367 agrum
3482 3295 3554 3350 ita

1931 3385 2240 3443 ﬂorentem.
2269 3387 2387 3444 Non
2414 3403 2552 3459 opus
2578 3387 2712 3444 mihi
2738 3388 3061 3459 agricultura
3089 3406 3104 3455 ;
3135 3403 3224 3444 me
3247 3388 3554 3446 dormiente

1931 3491 2159 3536 vernant
2182 3481 2367 3552 spicm.
2397 3481 2556 3537 Nullo
2585 3480 2719 3538 mihi
2746 3496 2884 3552 opus
2909 3490 2994 3538 est
3021 3481 3207 3539 labore
3238 3499 3253 3534 :
3286 3498 3374 3538 me
3400 3482 3556 3554 quie-

1931 3582 2120 3629 scente
2161 3587 2292 3630 oves
2332 3573 2516 3643 lupum
2567 3583 2845 3645 superant.
2876 3573 2981 3644 Qui
3029 3587 3126 3631 vos
3171 3574 3557 3646 compellabo?

1931 3679 2079 3731 oves,
2110 3681 2177 3720 an
2208 3675 2457 3738 pastores
2481 3709 2496 3732 ,
2528 3682 2596 3721 an
2625 3666 3038 3738 gubernatores,
3068 3667 3338 3724 militesne
3362 3684 3431 3724 an
3455 3668 3555 3725 du-

1931 3758 2068 3812 ces?
2099 3759 2227 3814 llaec
2255 3760 2476 3814 nomina
2508 3775 2635 3816 vera
2655 3773 2778 3816 esse
2800 3758 2985 3817 dicere
3013 3775 3255 3831 possum.
3289 3762 3424 3818 Cum
3455 3763 3553 3820 bo—

1933 3864 2062 3904 num
2093 3848 2342 3906 ordinem
2364 3850 2526 3906 video
2545 3891 2560 3916 ,
2591 3864 2722 3908 oves
2747 3866 2885 3908 voco
2909 3868 2924 3920 ;
2953 3868 3078 3909 cum
3110 3854 3505 3924 providentiam
3532 3899 3548 3923 ,

1933 3952 2178 4015 pastores
2194 3961 2209 4010 ;
2227 3958 2349 3999 cum
2367 3945 2710 4016 sapientiam,
2725 3946 3115 4017 gubernatores
3128 3965 3144 4016 ;
3158 3963 3282 4004 cum
3298 3951 3555 4007 virtutem

1933 4046 1984 4091 et
2002 4039 2383 4105 constantiam,
2399 4047 2453 4094 et
2473 4039 2674 4096 milites
2687 4048 2741 4096 et
2758 4040 2925 4097 duces
2944 4056 3043 4096 vos
3059 4057 3248 4099 omnes
3261 4044 3404 4101 dico.
3417 4041 3463 4102 0
3479 4047 3557 4101 la-

1934 4130 2142 4188 berem!
2164 4147 2198 4188 ο
2215 4133 2603 4202 providentiam
2622 4134 2827 4206 populi!
2847 4136 3001 4208 lupos
3013 4137 3317 4208 expulistis,
3335 4148 3391 4196 et
3407 4142 3556 4197 solli-

1933 4223 2228 4279 citudinem
2257 4240 2364 4280 non
2393 4225 3355 4302 deposuistis.Natitaequivobiscum
3373 4243 3551 4300 erant,

1933 4324 2120 4370 contra
2139 4331 2237 4372 vos
2252 4318 2500 4373 conversi
2517 4326 2665 4384 sunt,
2683 4325 2741 4374 et
2754 4320 2875 4374 navi
2893 4320 3092 4376 bellum
3112 4322 3552 4381 intulerunt.Cla-

1934 4417 2098 4476 mate,
2118 4409 2578 4478 Facessatclcrus,
2593 4411 2868 4481 aliumque
2885 4415 3090 4471 clerum
3107 4415 3361 4475 Ecclesiae
3378 4429 3554 4490 postu-

1935 4499 2070 4556 late.
2127 4501 2270 4571 Quid
2332 4518 2476 4574 opus
2510 4505 3149 4575 clamore?Abieruut,et
3173 4510 3382 4582 depulsi
3403 4525 3550 4582 sunt,

1935 4592 2151 4648 nomine
2168 4593 2484 4666 insequente
2501 4597 2555 4652 in
2575 4596 2755 4668 fugam
2779 4601 2942 4657 versi.
2968 4602 3085 4659 Non
3108 4603 3270 4662 homo
3296 4607 3439 4677 illos,
3456 4611 3551 4667 sed

1931 4685 2259 4741 conscientia
2277 4697 2522 4744 accusat:
2541 4689 2603 4745 Si
2622 4693 2861 4748 inimicus
2873 4697 3226 4766 exprobrasset
3243 4702 3390 4773 mihi,
3407 4707 3553 4759 susti-

1934 4777 2157 4831 nuissem
2176 4779 2348 4846 utique
2365 4778 2536 4851 (Psal.
2557 4783 2628 4838 54
2642 4784 2784 4855 ⁸15).
2803 4786 2904 4854 Qui
2928 4789 3208 4846 nobiscum
3225 4804 3381 4850 erant
3394 4838 3410 4864 ,
3432 4811 3554 4854 con-

1936 4876 2017 4922 tra
2046 4885 2145 4924 nos
2171 4875 2423 4928 conversi
2453 4885 2576 4929 sunt
2603 4892 2616 4930 :
2645 4878 2738 4947 qui
2771 4879 3050 4934 nobiscum
3081 4885 3257 4940 navim
3287 4890 3555 4958 guberna-

1937 4958 2086 5028 bant,
2115 4963 2291 5017 navim
2322 4963 2642 5036 demergere
2661 4971 2840 5024 conati
2863 4982 3009 5027 sunt.
3039 4973 3262 5034 Miratus
3283 4996 3400 5037 sum
3423 4999 3555 5042 con-

1934 5055 2214 5111 scientiam
2249 5067 2504 5114 vestram.
2550 5058 2676 5118 Haec
2713 5064 2872 5132 dico,
2915 5080 3101 5124 nonut
3135 5073 3203 5128 ad
3233 5075 3552 5136 seditionem

1937 5159 2034 5200 vos
2057 5148 2306 5244 excitem.
2333 5148 2466 5204 Nam
2489 5167 2608 5221 quae
2629 5153 2705 5208 illi
2729 5141 3012 5227 paravere,
3041 5165 3237 5222 seditio
3259 5179 3404 5238 sunt,
3433 5189 3556 5244 qum

1937 5253 2034 5292 vos
2060 5237 2281 5306 fecistis,
2312 5243 2480 5298 zelus.
2511 5243 2627 5300 Non
2657 5249 2802 5303 enim
2834 5255 3062 5323 rogastis
3091 5257 3211 5314 illos
3238 5264 3430 5332 occidi,
3451 5237 3555 5324 sed

1937 5331 2186 5402 impediri
2214 5337 2502 5405 quominus
2551 5339 2677 5395 illud
2708 5345 2950 5401 eveniret
2993 5350 3076 5404 vel
3109 5352 3262 5408 vobis
3286 5397 3302 5423 ,
3340 5331 3427 5414 vel
3456 5361 3556 5416 Ec-

1935 5424 2136 5491 clesim,
2162 5443 2229 5482 ne
2254 5444 2439 5484 rursus
2466 5433 2926 5506 submergeretur.
2957 5441 3135 5498 Virtus
3156 5446 3352 5517 quippe
3376 5464 3554 5509 vestra

1938 5533 2042 5570 non
2071 5521 2195 5571 sivit
2221 5521 2471 5590 ingruere
2494 5533 2890 5596 tempestatem,
2923 5535 3015 5586 sed
3045 5535 3257 5593 illorum
3285 5550 3552 5602 sententia

1938 5609 2130 5665 lluclus
2156 5615 2465 5670 concitavit.
2498 5617 2611 5689 Ego
2637 5637 2766 5675 vero
2811 5639 2924 5678 rem
2975 5643 3078 5682 non
3121 5636 3416 5692 secundum
3444 5643 3551 5696 cxi-

1941 5709 2076 5770 tum,
2097 5704 2192 5759 scd
2222 5709 2516 5766 secundum
2541 5711 2756 5770 illorum
2783 5728 3017 5776 incntcin
3043 5727 3276 5784 iDSIiIIlO.
3293 5725 3370 5788 Tu
3394 5733 3559 5794 homo
