4046 6426
539 376 634 431 M7
1234 371 1290 426 S.
1334 370 1615 426 JOANNIS
1655 369 2131 426 CIIRYSOSTOMI
2175 368 2495 427 ARClllEl’.
2536 369 3074 426 CONSTANTINUP.
3718 373 3819 426 .HS

537 490 620 556 qui
649 489 799 544 altari
825 485 1024 551 adstas,
1046 485 1130 538 cui
1155 483 1284 537 tanti
1315 482 1489 552 pOpttli
1512 497 1638 536 cura
1668 481 1974 545 commissa,
1995 495 2114 536 cum

539 581 649 638 Ιιςυο
683 581 852 636 tristia
893 577 1246 646 comprimere
1283 574 1508 629 deberes
1535 615 1552 642 ,
1603 581 1971 643 tempestatem
2018 587 2113 626 an-

537 676 654 728 xisti
680 713 696 739 ,
750 679 935 726 contra
963 669 1190 737 teipsum
1220 666 1452 738 gladium
1500 666 1715 722 vibrasti
1747 705 1764 731 ,
1814 666 1948 719 tilias
1983 674 2115 719 tuos

532 761 937 831 consumpsisti,
984 760 1030 814 si
1079 775 1184 813 non
1229 759 1400 827 reipsa
1441 768 1495 811 et
1538 759 1922 827 experimento,
1969 765 2115 810 certe

547 857 730 910 mimo.
776 854 879 909 Sed
926 853 1066 906 Deus
1103 850 1390 920 prohibuit.
1442 850 1622 920 Itaque
1665 864 1758 902 vos
1791 848 2029 902 demiror
2061 855 2115 902 et

535 947 712 1014 laudo,
738 948 877 1019 quod
909 957 1029 1016 post
1056 945 1280 1010 bellum,
1314 960 1443 1015 pace
1467 944 1764 1007 conciliata,
1799 941 2029 997 caveatis
2059 949 2116 996 ut

536 1042 766 1110 perfecta
818 1057 918 1112 pax
968 1049 1199 1095 maneat.
1245 1039 1470 1108 Oportet
1511 1039 1652 1092 enim
1701 1036 2112 1106 gubernatorem

533 1149 651 1188 cum
675 1135 846 1188 nantis
873 1132 1120 1188 concordi
1164 1146 1281 1187 esse
1309 1131 1488 1185 animo
1519 1147 1532 1184 :
1563 1129 1605 1182 si
1631 1129 1771 1184 enim
1802 1125 2111 1193 dissideant,

533 1223 725 1292 scapha
752 1224 1097 1292 demergitur.
1132 1221 1239 1276 Vos
1268 1236 1448 1290 pacem
1478 1221 1614 1274 hanc
1650 1234 1744 1289 per
1769 1218 1862 1273 Dei
1887 1218 2109 1288 gratiam

531 1314 764 1368 stabilite
796 1331 808 1368 :
838 1329 934 1368 vos
961 1313 1262 1368 securitatis
1290 1325 1568 1368 consortes
1597 1310 1843 1366 elﬁciam.
1873 1308 2002 1366 Sine
2027 1324 2113 1364 vo-

532 1406 613 1459 bis
656 1403 785 1459 nihil
836 1405 1020 1460 l'aciam
1049 1448 1063 1470 ,
1112 1420 1212 1460 nec
1254 1406 1371 1460 sine
1415 1403 1810 1474 religiosissima
1856 1405 2111 1472 Augusta.

529 1494 766 1566 Namque
789 1505 842 1551 et
869 1497 955 1552 illa
983 1504 1172 1562 curat,
1199 1496 1423 1550 sollicita
1451 1505 1552 1560 est,
1583 1494 1823 1564 nihilque
1854 1509 1956 1548 non
1983 1496 2110 1564 agit,

529 1597 586 1640 ut
610 1586 749 1655 quod
778 1588 1066 1656 plantatum
1091 1595 1208 1652 est,
1256 1587 1464 1641 ﬁrmum
1495 1597 1746 1651 maneat,
1781 1593 1838 1639 ut
1877 1586 2110 1640 Ecclesia

531 1677 646 1732 sine
670 1678 913 1736 tluctihus
947 1680 1123 1750 degat.
1169 1678 1404 1735 Laudavi
1442 1679 1618 1749 itaque
1643 1687 1697 1734 et
1725 1685 1957 1734 vestram
1985 1692 2112 1732 eon-

2223 482 2500 538 seientiam
2527 523 2541 548 ,
2583 491 2637 537 et
2676 482 3059 550 lmperatornm
3089 480 3495 549 providentiam.
3530 480 3644 535 Non
3670 482 3818 537 enim

2225 573 2294 628 ita
2325 573 2393 628 de
2422 574 2560 628 bello
2589 574 2799 630 solliciti
2827 582 2952 628 sunt
2977 613 2991 638 ,
3021 582 3076 626 ut
3103 572 3171 625 de
3203 571 3438 627 Ecclesia
3466 613 3480 637 ,
3512 587 3616 626 non
3644 573 3716 626 ita
3745 573 3813 627 de

2224 666 2436 721 civitate
2460 708 2474 732 ,
2506 675 2562 719 ut
2587 666 2654 721 de
2682 665 2940 720 Ecclesia.
2971 665 3255 718 l‘reccmur
3282 663 3459 733 itaque
3487 664 3652 718 Deum
3681 707 3695 728 ,
3725 681 3815 719 ro-

2223 772 2410 829 gemus
2459 758 2599 811 illam
2633 759 2647 788 ¹
2691 759 2742 812 in
2793 756 3041 827 precibus
3090 770 3492 825 perseveremus
3524 797 3540 822 ,
3591 771 3766 825 neque
3800 799 3814 822 ,

2222 848 2472 918 quoniam
2498 848 2774 903 calamitas
2817 848 2990 902 soluta
3035 855 3116 902 est
3143 886 3158 911 ,
3201 847 3475 916 segniores
3499 847 3813 906 evadamus.

2223 941 2347 997 ldeo
2387 941 2453 994 ad
2502 940 2639 995 hanc
2684 954 2849 1011 uSque
2886 940 3028 994 diem
3069 953 3369 1008 precamur,
3407 948 3464 992 ut
3507 939 3595 994 illa
3646 941 3816 994 tristia

2223 1035 2515 1089 solvantur.
2549 1035 2759 1090 Gratias
2788 1035 2898 1089 Deo
2924 1049 3144 1103 agamus
3172 1050 3184 1086 :
3219 1043 3276 1088 nt
3303 1043 3426 1090 tunc
3466 1037 3670 1090 strenui
3718 1038 3816 1088 fni-

2223 1141 2373 1192 mus,
2404 1127 2480 1180 sic
2518 1127 2627 1196 jam
2669 1125 2892 1180 Studiosi
2931 1126 3118 1178 simus.
3167 1125 3272 1180 Pro
3299 1125 3383 1181 his
3408 1143 3536 1182 vero
3565 1127 3819 1182 omnibus

2221 1220 2418 1289 gratias
2460 1234 2679 1288 agamus
2720 1218 2831 1273 Deo
2855 1260 2869 1286 ,
2919 1216 3005 1272 cui
3044 1217 3212 1286 gloria
3260 1227 3316 1272 et
3356 1219 3643 1290 imperium
3687 1235 3814 1275 cum

2227 1309 2360 1365 Filio
2381 1317 2438 1365 et
2463 1319 2649 1364 sancto
2672 1307 2986 1378 viviﬁcoque
3009 1309 3232 1378 Spiritu,
3255 1325 3395 1364 nunc
3422 1321 3476 1366 et
3502 1325 3738 1381 semper,
3757 1320 3815 1367 ct

2221 1403 2277 1458 in
2297 1402 2491 1457 srecula
2511 1401 2847 1456 szeculorum.
2880 1402 3074 1456 Amen.

2287 1561 2302 1624 ξ
2339 1566 2496 1618 Forte,
2511 1557 2733 1624 illumrsi
2756 1567 2856 1610 stet
2869 1558 3032 1620 lectio,
3051 1559 3203 1616 illam,
3226 1563 3490 1624 etquidem
3514 1569 3644 1611 stare
3665 1575 3813 1624 posse

2223 1622 2432 1679 videtur,
2457 1621 2718 1671 referenda
2738 1630 2815 1672 est
2838 1623 2896 1671 ad
2922 1630 3269 1685 imperatorum
3293 1621 3644 1686 providentiam
3666 1621 3813 1687 paulo

2225 1691 2338 1734 ante
2362 1692 2692 1734 memoratam.
3497 1713 3503 1722 -

1423 2588 1770 2654 MONITUM
1816 2591 1893 2651 ΙΝ
1936 2592 2310 2652 ΠΟΜΙΙᾸΛΜ
2358 2593 2452 2653 DE
2495 2593 2918 2655 CHANAN/EA

612 2889 767 2948 Circa
801 2891 966 2962 hujus
997 2888 1232 2945 homilize
1253 2892 1584 2962 γνησιότητα
1617 2893 1949 2963 disputatum
1975 2891 2093 2947 fuit.
2133 2892 2370 2948 Savilius
2409 2892 2493 2947 vir
2526 2907 2690 2962 sagax
2713 2902 2767 2947 et
2799 2893 3047 2948 eruditus
3082 2907 3203 2947 eam
3251 2903 3309 2947 ut
3361 2892 3656 2963 genuinam
3689 2894 3792 2948 ha—

543 3032 704 3087 buit:
743 3033 858 3088 hmc
887 3036 1030 3087 enim
1075 3033 1149 3088 ait
1188 3033 1243 3088 in
1288 3031 1442 3088 Notis
1477 3049 1530 3104 p.
1572 3032 1714 3087 726:
1767 3033 2040 3090 Orationis
2074 3033 2229 3104 hujus
2276 3035 2630 3105 apographurn
2674 3049 2739 3088 ex
2792 3032 3123 3088 Bibliotheca
3168 3033 3427 3088 Palatina
3476 3034 3798 3103 descriptum

539 3165 926 3220 emendavimus
959 3182 1022 3219 ea:
1051 3165 1251 3219 duobus
1281 3164 1663 3236 Manuscriptis
1692 3167 1747 3221 in
1777 3165 2104 3221 Bibliotheca
2137 3165 2299 3221 Ducis
2330 3166 2592 3221 Bavaria’.
2628 3165 2804 3220 Multa
2833 3168 2985 3222 habet
3015 3170 3316 3222 comntunia
3347 3185 3467 3222 cum
3501 3167 3702 3224 Homil.
3731 3168 3800 3224 5?.

540 3305 595 3357 in
629 3301 943 3358 Mattha'um
967 3303 1112 3374 (qua:
1138 3312 1220 3359 est
1250 3303 1319 3359 55
1348 3303 1488 3375 apud
1519 3302 1846 3374 Morellum),
1878 3319 2040 3374 neque
2076 3305 2317 3375 agnoscit
2346 3303 2632 3376 Catalogus
2683 3303 3044 3379 Augustanus.
3091 3306 3232 3379 Puto
3279 3319 3450 3363 tamen
3491 3325 3799 3378 germanam

540 3465 670 3515 esse,
701 3452 938 3521 quamvis
966 3449 1389 3520 languidiuscule
1415 3449 1694 3518 scriptam,
1729 3459 1787 3503 ut
1817 3457 1940 3503 sunt
1970 3450 2154 3502 multa:
2188 3447 2343 3518 hujus
2375 3449 2543 3503 nostri
2572 3447 3200 3519 Constantinopolitanre.
3233 3449 3397 3506 Aliud
3425 3452 3628 3507 sentire
3651 3452 3801 3507 vidc-

543 3606 630 3650 tur
654 3594 861 3650 Fronto
892 3596 1140 3661 DUCZBUS,
1175 3597 1268 3667 qui
1297 3597 1351 3651 in
1383 3595 1538 3652 Notis
1561 3597 1626 3651 ad
1658 3597 1798 3652 hanc
1836 3597 2113 3652 homiliam
2147 3613 2201 3668 p.
2230 3597 2389 3664 1034,
2426 3608 2575 3654 tomo
2601 3598 2692 3667 Vl,
2716 3600 2788 3656 ita
2825 3600 3066 3671 loquitur
3095 3619 3108 3654 :
3159 3600 3337 3672 Hujus
3379 3601 3612 3657 humilia:
3650 3600 3800 3658 στω-

540 3757 657 3795 cum
689 3752 888 3797 textum
916 3759 979 3798 ea:
1010 3743 1275 3799 Palatinis
1304 3743 1583 3799 Codicibus
1610 3742 1836 3798 ascribi
1868 3742 2068 3797 curavit
2102 3741 2362 3806 Savilius,
2393 3754 2441 3798 et
2480 3761 2545 3799 ea:
2588 3743 2862 3800 Bauaricis
2904 3745 3216 3809 emendavit,
3262 3747 3354 3814 qui
3396 3754 3446 3800 et
3491 3762 3799 3816 germanum

540 3897 651 3936 esse
678 3892 830 3954 putat
859 3900 989 3952 opus
1021 3884 1173 3958 [452]
1201 3843 1584 3958 Chrysostomi,
1612 3887 1852 3957 quanwis
1875 3886 1938 3940 ab
1964 3886 2275 3957 Augustano
2301 3883 2557 3957 Catalogo
2587 3904 2688 3941 non
2715 3898 3054 3958 agnoscatur,
3075 3900 3126 3943 et
3146 3889 3573 3959 lartguidiuscule
3597 3887 3801 3956 scripta

546 4020 804 4074 uideatur.
837 4020 991 4087 Quod
1023 4040 1149 4078 sane
1177 4025 1395 4089 mirum,
1427 4042 1546 4080 cum
1573 4024 1764 4080 Sixtus
1795 4025 2044 4081 Senensis
2076 4036 2198 4080 ante
2221 4028 2481 4081 monuerit
2512 4029 2748 4083 eamdem
2777 4029 2920 4097 apud
2941 4027 3218 4099 Origenem
3246 4041 3457 4083 exstare
3475 4027 3649 4082 Serm.
3684 4025 3717 4078 7
3746 4029 3803 4082 in

540 4153 770 4209 diversos
803 4155 966 4222 locos,
1000 4165 1050 4210 et
1079 4157 1213 4210 inter
1242 4158 1492 4211 homilias
1521 4173 1587 4213 ea:
1615 4159 1776 4212 uariis
1808 4159 1862 4211 in
1902 4158 2216 4214 Matthwum
2245 4160 2372 4214 locis
2405 4177 2516 4215 esse
2557 4161 2815 4216 decimam
2845 4164 3143 4230 septimam,
3175 4165 3272 4218 hoc
3300 4171 3378 4220 est
3409 4166 3463 4218 in
3490 4181 3553 4219 ea
3585 4163 3806 4219 Sermo-

541 4312 662 4350 num
695 4295 984 4365 farragine,
1013 4313 1171 4364 quant
1193 4297 1402 4365 judicat
1437 4313 1548 4352 esse
1591 4297 1837 4352 monachi
1877 4300 2050 4367 potius
2081 4295 2389 4368 cujusdam,
2434 4303 2526 4371 qui
2554 4300 2963 4373 Evangeliorum
2994 4303 3396 4372 explanationes
3436 4307 3596 4360 variis
3636 4309 3802 4361 inter-

541 4433 735 4486 mixtos
770 4434 1038 4504 allegoriis
1079 4435 1263 4491 edidit.
1302 4435 1470 4492 Porro
1506 4440 1646 4507 apud
1683 4439 1961 4510 Origenem
2001 4439 2164 4494 alium
2201 4443 2534 4512 interpretem
2571 4443 2747 4512 habet,
2783 4457 2831 4499 et
2875 4445 3078 4500 brevior
3120 4456 3219 4511 est,
3254 4463 3413 4518 quam
3450 4449 3500 4500 in
3552 4448 3693 4502 libro
3735 4466 3806 4502 ex

540 4572 699 4626 variis
729 4574 785 4625 in
821 4573 1134 4632 Matthwum
1171 4579 1295 4632 locis
1330 4595 1347 4632 :
1382 4581 1434 4632 in
1469 4590 1687 4650 utroque
1720 4591 1897 4635 tamen
1935 4584 2046 4638 loco
2076 4585 2256 4656 incipit
2285 4587 2350 4640 ab
2372 4586 2482 4641 illis
2517 4587 2703 4652 verbis,
2737 4587 2964 4645 Miratur
3007 4589 3338 4657 evangelista
3369 4611 3382 4647 :
3415 4608 3533 4658 qua:
3575 4595 3805 4661 reperies

538 4733 589 4778 ρ.
629 4715 734 4772 298
779 4716 821 4771 D
861 4720 1013 4790 [edin
1051 4720 1265 4792 λίπει]
1295 4722 1453 4791 hujus
1500 4725 1795 4779 editionis:
1835 4743 1952 4797 qua:
2002 4744 2118 4783 vero
2155 4733 2458 4800 prrecedunt
2508 4734 2574 4784 ab
2625 4733 2777 4787 initio
2812 4733 3046 4787 homilite
3090 4742 3231 4788 uetus
3275 4732 3493 4803 quidam
3542 4737 3807 4802 interpres

537 4854 727 4912 Latine
763 4861 913 4913 vertit
944 4877 962 4914 :
995 4869 1045 4916 et
1081 4860 1339 4916 habentur
1364 4863 1582 4917 homilia
1608 4863 1814 4918 decima
1845 4841 2037 4935 quarta
2059 4883 2124 4921 ex
2153 4870 2314 4922 variis
2347 4871 2403 4922 in
2434 4868 2742 4924 Matt/iamut
2771 4871 2898 4924 locis
2923 4888 2940 4924 .'
2972 4871 3152 4927 Multa:
3180 4879 3554 4939 tempestates,
3589 4873 3806 4943 inquie—

540 4992 669 5047 tndo
705 4994 847 5048 aeris
880 5011 892 5049 :
926 5003 976 5048 et
1023 4995 1187 5049 aliam
1239 5013 1423 5052 rursus
1473 5000 1954 5071 interpretationem
1994 5007 2047 5059 in
2079 5005 2430 5078 Lotharingia
2477 5011 2621 5062 nacti
2670 5027 2851 5068 sumus
2897 5028 2964 5065 ea;
3011 5010 3115 5067 Ms.
3160 4997 3354 5066 Codice
3381 5020 3611 5075 erutam,
3644 5025 3807 5074 quam

539 5147 661 5185 cum
691 5134 872 5187 eadem
911 5135 1128 5190 homilia
1165 5138 1228 5191 Π
1263 5141 1598 5209 conjunctam
1639 5148 2014 5214 recensuimus,
2046 5160 2095 5203 ct
2150 5151 2310 5204 variis
2345 5150 2656 5208 lectionibus
2699 5164 2854 5224 atque
2898 5155 3349 5210 cmendationibus
3402 5169 3468 5207 ea;
3514 5151 3802 5207 collatione

540 5287 657 5322 cum
690 5269 879 5328 Codice
913 5274 1096 5332 ϐητεο
1118 5278 1470 5335 illustrissimi
1501 5283 1805 5338 Cardinalis
1837 5286 2077 5340 l’erronii
2107 5289 2570 5359 antpliﬁcavimus.
2602 5289 2726 5347 "rec
2774 5291 2979 5347 Fronto
3029 5293 3277 5358 Duczeus,
3311 5295 3615 5350 secundum
3645 5291 3810 5362 cujus

542 5413 684 5466 haud
719 5413 883 5477 dubie
908 5419 1229 5472 sententiam
1265 5419 1378 5475 haec
1412 5421 1636 5476 homilia
1670 5423 1722 5476 in
1754 5424 1884 5479 cdit.
1923 5425 2112 5482 .‘llorel.
2144 5428 2320 5484 'l‘otno
2351 5427 2416 5483 Vl
2449 5430 2587 5485 inter
2629 5429 2826 5501 Spuria
2873 5449 3003 5488 cusa
3043 5433 3162 5488 fuit.
3204 5431 3309 5489 Sed
3347 5434 3478 5488 huic
3520 5436 3807 5490 sententia:

542 5550 800 5606 reclamat
835 5552 1208 5612 Tillcmontins
1235 5599 1248 5624 .
1281 5574 1511 5629 eantque
1545 5562 1686 5618 inter
1720 5579 1874 5618 veras
1907 5579 2305 5637 germanasque
2340 5582 2523 5624 censet
2567 5572 2928 5634 retinendam,
2961 5571 3106 5642 quod
3137 5573 3282 5626 nulla
3320 5584 3401 5628 sat
3447 5574 3637 5628 idonea
3681 5578 3800 5646 ejus

543 5688 846 5758 rejicicndzc
877 5698 1014 5751 ratio
1049 5697 1324 5754 aduratur.

612 5831 768 5886 Certe
802 5837 942 5903 quod
980 5848 1182 5907 ,πιιυςῑδι
1211 5839 1272 5893 .ul
1303 5855 1531 5910 prunam
1560 5857 1766 5914 partem
1802 5849 1867 5903 ad
1904 5863 2073 5918 usque
2101 5866 2112 5904 l

2228 5853 2252 5918 ἒ,
2285 5868 2434 5909 nunt.
2471 5854 2539 5909 Ii.
2580 5853 2805 5909 illitum:
2858 5856 3209 5925 etutt’ycliatu,
3261 5874 3372 5911 cur
3415 5859 3618 5923 mulier.
3667 5869 3798 5926 αις,
