4046 6446
263 423 363 475 il?
1393 414 1482 470 DE
1520 409 1950 470 CHANANASA.
1982 437 2054 449 —
2095 399 2441 461 MONITUM.

257 536 747 608 ἐγκεχειρισμένος
781 533 1061 604 πρόνοιαν,
1095 529 1328 602 ὀφείλων
1374 531 1760 585 καταστέλλειν
1786 531 1855 584 τὰ

258 621 502 692 λυπηρὰ,
530 619 772 691 ηὔξησας
806 617 897 670 τὸν
925 617 1193 689 χειμῶνα,
1224 620 1366 669 κατὰ
1387 614 1583 669 σαυτοῦ
1618 615 1678 669 τὺ
1701 614 1853 682 ξίφος

260 706 489 775 ἤλασας,
523 704 592 756 τὰ
611 702 777 773 τέκνα
807 702 875 754 τὰ
912 703 979 753 σὰ
1013 698 1299 762 ἀναλώσας
1330 701 1396 769 τῇ
1431 700 1648 770 γνώμῃ,
1678 699 1726 751 εἰ
1760 698 1854 750 καὶ

263 789 340 860 μὴ
361 789 428 858 τῇ
461 787 645 857 πείρᾳ.
686 785 826 838 Ἀλλ’
855 787 884 837 ὁ
907 784 1040 847 Θεὸς
1073 783 1366 837 ἐκώλυσεν.
1395 777 1557 835 ’Ὥστε
1587 780 1854 852 θαυμάζω

270 873 406 941 ὂμᾶς
439 869 532 923 καὶ
578 869 818 931 ἐπαινῶ.
861 870 945 922 ὅτι
993 866 1132 939 μετὰ
1186 867 1280 920 τὸν
1323 867 1561 936 πόλεμον
1605 868 1702 920 καὶ
1755 865 1856 934 τῆς

262 955 484 1024 εἰρήνης
512 951 813 1020 γενομένης
843 954 1121 1016 σκοπεῖτε,
1148 950 1297 1014 ὅπως
1323 949 1391 1003 ἂν
1413 949 1596 1002 τελεία
1625 948 1854 1017 γένηται

262 1037 472 1106 εἰρήνη.
510 1037 600 1086 Δεῖ
630 1033 741 1105 γὰρ
780 1033 872 1086 τὸν
918 1033 1262 1104 κυϐερνήτην
1309 1033 1449 1103 μετὰ
1485 1031 1596 1084 τῶν
1641 1031 1854 1086 ναυτῶν

257 1121 513 1187 ὁμόνοιαν
551 1117 728 1188 ἔχειν’
763 1117 860 1170 ἐὰν
899 1119 1008 1187 γὰρ
1047 1117 1495 1181 διαστασιάζωσι,
1524 1114 1854 1169 καταποντί-

259 1203 411 1266 ζεται
459 1202 520 1254 τὸ
560 1201 785 1270 σκάφος.
836 1201 1026 1271 Ὑμεῖς
1073 1199 1457 1271 κατορθώσατε
1490 1198 1589 1269 τὴν
1630 1199 1855 1270 εἰρήνην

262 1289 400 1354 μετὰ
431 1287 528 1356 τὴν
558 1285 653 1338 τοῦ
674 1284 812 1338 Θεοῦ
844 1285 1031 1354 χάριν·
1066 1285 1211 1354 ὑμᾶς
1236 1284 1528 1346 κοινωνοὺς
1555 1285 1854 1353 ποιήσομαι

260 1371 359 1438 τῆς
398 1370 720 1436 ἀσφαλείας.
753 1370 935 1439 Χωρὶς
970 1368 1126 1436 ὑμῶν
1167 1366 1322 1419 οὐδὲν
1353 1367 1696 1438 ἐργάσομαι,
1735 1365 1853 1421 εἶτα

260 1455 352 1505 καὶ
386 1455 483 1522 τῆς
515 1452 938 1522 θεοφιλεστάτης
969 1453 1306 1522 Λύγούστης.
1341 1452 1453 1505 Καὶ
1485 1452 1596 1523 γὰρ
1623 1453 1853 1522 κάκείνη

257 1539 534 1606 φροντίζει
565 1539 658 1590 καῖ¹
695 1539 939 1608 μεριμνᾷ
973 1538 1066 1589 καὶ
1094 1535 1391 1606 πάμπολλα
1426 1538 1590 1597 ποιεῖ,
1622 1535 1762 1589 ὥστε
1791 1537 1855 1591 τὸ

255 1620 522 1687 φυτευθὲν
553 1625 730 1691 μεῖναι
771 1621 1011 1692 βέϐαιον,
1040 1620 1182 1674 ὥστε
1209 1621 1310 1691 τὴν
1341 1621 1668 1691 Ἐκκλησίαν
1689 1621 1850 1674 indu-

253 1700 511 1758 ὀὼνιστον
547 1707 749 1775 μεῖναι.
809 1704 1081 1776 Ἐπῄνεσα
1118 1699 1211 1758 οὖν
1258 1703 1352 1759 καὶ
1396 1704 1552 1776 ὑμῶν
1580 1704 1681 1776 τὴν
1728 1705 1851 1760 σύν-

3449 404 3558 459 4-ίὸ

1958 545 2094 591 εσιν,
2120 529 2215 580 καὶ
2244 527 2351 579 τῶν
2386 524 2652 597 βασιλέων
2688 523 2788 594 τὴν
2821 521 3099 593 πρόνοιαν.
3134 520 3214 574 Οὐ
3245 522 3354 592 γὰρ
3386 522 3558 584 οὕτως

1960 613 2146 674 αὐτοῖς
2182 610 2332 679 μέλει
2365 609 2495 678 περὶ
2523 608 2787 678 πολέμου,
2811 606 2886 668 ὼς
2915 607 3045 675 περὶ
3083 605 3435 674 Ἐκκλησίας,
3457 605 3558 673 οὑχ

1957 695 2102 749 οὕτω
2131 694 2262 764 περὶ
2294 693 2524 760 πόλεως,
2559 692 2636 755 ὼς
2668 691 2798 760 περὶ
2838 687 3188 758 Ἐκκλησίας.
3233 687 3556 758 Παρακαλέο

1961 794 2146 848 σωμεν
2174 777 2266 829 τὸν
2296 776 2453 839 Θεὸν,
2482 773 2808 843 ἀξιώσωμεν
2831 774 3048 842 ἐκείνην
3062 781 3104 835 ⁸,
3126 771 3560 842 παραμείνωμεν

1957 866 2078 926 ταῖς
2111 863 2299 932 εὐχαῖς
2321 877 2333 889 °
2358 863 2455 914 καὶ
2483 862 2581 930 μὴ,
2613 858 2802 928 ἐπειδὴ
2839 857 3003 928 ἐλύθη
3049 855 3118 909 τὰ
3161 856 3332 917 δεινὰ,
3368 857 3558 926 χαυνό-

1957 965 2107 1015 τεροι
2129 944 2435 1016 γενώμεθα.
2459 944 2560 997 Διὰ
2587 943 2746 997 τοῦτο
2769 942 2874 1005 ἓως
2894 942 2995 1012 τῆς
3022 941 3263 1011 σήμερον
3287 939 3560 1011 εὐχόμεθα

1961 1031 2184 1100 λυθῆναι
2212 1028 2283 1082 τὰ
2327 1027 2499 1082 δεινά.
2542 1028 3046 1097 Εὑχαριστήσωμεν
3070 1022 3147 1093 τῷ
3194 1023 3336 1093 θεῷ,
3369 1023 3560 1088 ὥσπερ

1957 1115 2079 1169 τότε
2109 1113 2368 1184 ἀνδρεῖοι,
2397 1111 2541 1164 οὓτω
2571 1111 2667 1164 καὶ
2700 1111 2942 1181 σήμερον
2971 1107 3268 1160 σπουδαῖοι.
3304 1107 3475 1184 Ὑπὲρ
3504 1107 3559 1160 δὲ

1957 1196 2166 1250 τούτων
2196 1183 2456 1250 ἁπάντων
2491 1194 2983 1265 εὐχαριστήσωμεν
3015 1191 3094 1262 τῷ
3123 1191 3264 1261 Θεῷ,
3371 1193 3403 1261 ἡ
3433 1191 3559 1254 δόξα

1958 1283 2053 1334 καὶ
2086 1281 2148 1333 τὸ
2195 1280 2397 1352 κράτος
2423 1279 2540 1348 ἅμα
2565 1278 2644 1348 τῷ
2677 1277 2788 1348 Υἱῴ
2823 1278 2919 1330 σὺν
2948 1275 3026 1346 τῷ
3067 1275 3257 1346 ἀγαθῷ
3293 1277 3386 1327 καὶ
3422 1275 3558 1338 ζωο-

1958 1364 2099 1434 ποιῷ
2130 1363 2413 1432 ῐινεύματι
2441 1362 2538 1416 νῦν
2563 1362 2657 1415 καὶ
2685 1362 2795 1426 ἀεὶ,
2828 1361 2924 1416 καὶ
2952 1363 3033 1425 εἰς
3059 1361 3184 1423 τοὺς
3217 1359 3420 1422 αἰῶνας
3450 1358 3561 1412 τῶν

1957 1447 2194 1503 αἰώνων.
2234 1449 2294 1500 ’Δ
2302 1449 2430 1518 μήν.

2020 1595 2046 1624 ⁸
2085 1594 2392 1652 Ἀξιώσωμεν
2414 1592 2614 1646 ἐκείνην,
2644 1589 2767 1638 forte
2787 1590 2983 1637 ἐκεῖνον.
3026 1586 3078 1638 Si
3120 1595 3223 1637 stet
3249 1589 3400 1638 lectio
3435 1588 3558 1652 ἐκεί-

1954 1675 2057 1715 νην,
2089 1651 2368 1715 etquidem
2405 1660 2545 1715 stare
2565 1665 2711 1713 posse
2745 1653 2960 1710 tidetur,
2990 1652 3249 1700 referenda
3280 1651 3441 1701 estad
3465 1651 3559 1702 lm-

1957 1713 2242 1782 peratorum
2268 1713 2630 1779 providentiam
2666 1716 2814 1777 paulo
2838 1720 2954 1764 ante
2976 1719 3319 1763 memoratam.

2789 2235 3154 2242 ——...—.~..-——
3173 2234 3542 2247 -ιι-*ρσ-ι-,ο

813 2615 1002 2678 POST
1048 2615 1393 2678 REDITUM
1442 2616 1538 2675 AB
1585 2615 1884 2678 EXSILIO
1927 2618 1975 2678 A
2020 2614 2584 2679 CHRYSOSTOMO
2627 2616 2998 2678 HABITAM.

239 2916 305 2956 ea
334 2899 594 2956 omnibus
618 2900 976 2969 γνησιότητος
997 2898 1171 2968 signis
1205 2899 1279 2950 ita
1321 2895 1534 2950 munita
1561 2903 1664 2959 est,
1702 2905 1761 2950 ut
1786 2894 1853 2951 de
1884 2894 1974 2948 illa
2012 2894 2290 2950 nemiuem
2335 2896 2475 2950 bene
2522 2897 2842 2952 consultum
2881 2905 3069 2966 putem
3104 2912 3227 2954 esse
3281 2897 3566 2956 dubitatu-

241 3051 407 3092 rum:
449 3049 574 3089 uam
599 3047 774 3103 pauca
799 3031 894 3086 illa
922 3046 1046 3102 quae
1074 3030 1142 3084 de
1167 3029 1364 3086 exsilio
1390 3043 1490 3084 suo
1515 3028 1717 3098 primo,
1758 3026 1938 3098 deque
1976 3041 2231 3098 regressu
2283 3043 2388 3084 suo
2431 3029 2627 3100 tangit,
2673 3031 2747 3086 ita
2793 2998 3080 3088 accurate'
3107 3033 3286 3104 posita
3325 3044 3476 3102 sunt,
3509 3046 3569 3091 ut

239 3190 307 3233 ea
339 3175 593 3232 Grzeeulo
615 3173 881 3244 cuipiam,
905 3187 973 3228 ex
997 3185 1193 3226 eorum
1225 3182 1461 3224 numero
1494 3166 1589 3236 qui
1615 3165 1898 3222 orationes
1920 3174 1974 3222 et
2001 3166 2259 3224 homilias
2309 3183 2341 3223 a
2393 3183 2452 3225 se
2499 3167 2583 3225 vel
2612 3167 2787 3227 factas
2826 3169 2910 3225 vel
2956 3171 3085 3226 hinc
3126 3171 3255 3228 inde
3287 3171 3570 3230 consarci-

243 3326 404 3377 natas
435 3317 837 3389 Chrysostomo
859 3314 1098 3386 aliisque
1129 3310 1392 3367 Patribus
1435 3307 1830 3365 adscribebaut
1855 3349 1870 3374 ,
1899 3308 2069 3364 tribui
2112 3324 2223 3364 non
2261 3311 2456 3380 possit.
2488 3309 2611 3367 Non
2659 3312 2698 3367 ii
2749 3313 2954 3385 quippe
2995 3324 3177 3381 erant,
3211 3315 3307 3386 qui
3331 3315 3572 3386 [possent

244 3460 510 3515 historica
541 3466 661 3514 acta
693 3455 986 3526 diligenter
1015 3459 1072 3506 et
1100 3449 1402 3506 secundum
1437 3462 1626 3504 veram
1657 3427 1856 3502 seriem
1890 3445 2132 3515 referre;
2163 3464 2274 3504 non
2299 3458 2419 3504 erat
2451 3452 2680 3522 nugacis
2729 3453 2966 3510 Graeculi
3007 3457 3242 3527 carptim
3291 3457 3476 3515 dicere
3514 3457 3570 3515 in

243 3604 427 3675 priore
450 3601 650 3658 exsilio
676 3601 881 3658 multos
903 3618 967 3658 ex
998 3601 1087 3670 iis,
1115 3602 1211 3673 qui
1242 3602 1546 3660 adversarii
1574 3601 1961 3676 Chrysostomi
1990 3602 2237 3671 fuerant,
2265 3603 2648 3661 misericordia
2679 3616 2862 3661 motos
2896 3605 2964 3661 ad
3003 3605 3126 3676 ejus
3156 3615 3343 3676 partes
3389 3621 3574 3664 trans-

241 3746 397 3811 iisse,
443 3747 590 3817 quod
621 3747 809 3816 utique
832 3755 1047 3816 gestum
1073 3746 1196 3810 fuit,
1230 3754 1290 3801 ut
1315 3754 1370 3802 et
1406 3749 1461 3800 in
1499 3748 1604 3802 hac
1629 3745 1853 3802 homilia
1882 3745 2267 3817 signiﬁcatur;
2301 3762 2411 3802 non
2461 3756 2582 3802 erat
2613 3745 2850 3804 Graculi
2884 3763 3170 3813 enarrare,
3199 3749 3388 3805 statim
3436 3757 3564 3820 poSt

244 3903 560 3959 regressum
585 3887 1015 3961 \Chrysostomi,
1061 3901 1256 3944 omnes
1298 3887 1649 3944 adversarios
1697 3887 1817 3958 ejus
1867 3886 2053 3959 fugam
2094 3887 2315 3956 fecisse,
2358 3887 2434 3943 ita
2471 3898 2628 3946 utne
2657 3905 2806 3946 unus
2835 3889 3060 3961 quidem
3088 3900 3478 3961 compareret;
3518 3890 3572 3946 id

242 4028 393 4102 quod
431 4043 574 4084 vera:
609 4027 854 4083 historiae
876 4027 1128 4097 apprime
1157 4042 1468 4084 consonum
1500 4035 1605 4083 est.
1628 4025 1840 4083 Cetera
1872 4039 1996 4097 quae
2020 4034 2333 4096 sequuntur
2362 4027 2416 4081 in
2447 4027 2553 4084 hae
2599 4028 2827 4084 homilia
2876 4031 3138 4087 existimo
3183 4030 3349 4087 etiam
3392 4032 3573 4103 Chry-

242 4175 472 4231 sostomi
502 4188 650 4240 esse,
680 4175 810 4229 licet
842 4191 948 4229 non
982 4175 1160 4231 ausim
1192 4173 1467 4230 allii-mare
1512 4190 1577 4230 ea
1627 4189 1855 4243 prorsus
1898 4191 2024 4232 esse
2077 4174 2276 4230 alienis
2311 4173 2644 4243 quibusdam
2699 4176 3041 4231 assumentis
3093 4191 3302 4242 vacua;
3346 4187 3574 4247 possent

240 4319 391 4372 enim
416 4325 680 4372 extranea
711 4333 878 4372 manu
913 4325 1207 4374 retractata
1231 4317 1405 4373 fuisse
1429 4317 1641 4388 aliquot
1672 4317 1727 4372 in
1758 4318 1917 4375 locis.
1957 4316 2058 4374 llic
2083 4333 2194 4374 non
2223 4333 2401 4389 pauca
2436 4328 2588 4386 sunt,
2618 4335 2744 4391 quae
2786 4317 3022 4374 llomilia
3060 4319 3132 4375 53
3169 4320 3223 4374 in
3253 4319 3568 4375 Matthaaum

245 4462 438 4517 iisdem
465 4477 604 4533 pene
630 4462 811 4518 verbis
840 4463 1126 4530 feruntur;
1167 4475 1278 4518 tam
1311 4463 1580 4520 familiare
1603 4472 1788 4520 autem
1828 4465 1930 4518 fuit
1959 4439 2380 4534 Clirysostomo,
2405 4478 2469 4519 ea
2497 4478 2622 4533 qua:
2650 4455 2860 4532 pridem
2887 4463 3126 4529 dixerat,
3156 4463 3209 4516 in
3245 4463 3369 4518 aliis
3399 4463 3569 4518 homi-

236 4605 333 4662 Jiis
366 4601 598 4670 referre,
633 4613 692 4659 ut
718 4603 770 4660 id
803 4604 989 4674 potius
1024 4605 1094 4660 ad
1132 4615 1405 4669 nostram,
1433 4618 1601 4675 quam
1650 4604 1717 4659 ad
1757 4603 2094 4660 centrariam
2147 4601 2478 4659 sententiam
2523 4601 2788 4658 tuendam
2836 4601 3022 4657 aﬂ‘erri
3067 4617 3229 4673 posse
3286 4612 3567 4674 putemus.

245 4747 348 4803 Ubi
375 4749 541 4803 etiam
571 4747 966 4805 advertendum
1015 4750 1148 4805 illud
1179 4751 1234 4806 in
1267 4753 1373 4807 line
1400 4750 1565 4822 hujus
1619 4750 1853 4808 bomilim

1962 4753 2173 4821 )situm,
2223 4750 2374 4823 quod
2427 4750 2768 4822 μνημονικὸν
2819 4750 3202 4822 CbrySOstomi
3256 4751 3568 4822 ἁμάρτημα

243 4885 481 4943 fortasse
511 4887 712 4957 fuerit;
752 4903 952 4962 nempe
985 4889 1140 4944 Dixit
1176 4889 1342 4956 Deus,
1379 4888 1509 4943 Fiat
1537 4889 1750 4956 caelum,
1783 4901 1834 4945 et
1869 4888 2076 4957 factum
2104 4902 2184 4947 est
2220 4891 2434 4960 cretum,
2469 4892 2523 4948 in
2560 4890 2799 4949 llomilia
2839 4910 3067 4965 quoque
3093 4895 3182 4950 illa
3230 4895 3300 4951 53
3340 4895 3397 4950 in
3429 4893 3560 4950 Mat-

254 5033 459 5089 thaaum
488 5035 736 5105 reperiri.
773 5035 868 5092 Illa
897 5051 1030 5093 vero
1053 5037 1302 5093 clausula
1326 5037 1383 5091 in
1419 5035 1706 5107 Scriptura
1733 5051 1892 5094 saera
1922 5053 2031 5094 non
2076 5039 2369 5109 reperitur.
2410 5038 2609 5095 Verum
2658 5056 2766 5097 non
2802 5058 2930 5098 raro
2974 5043 3413 5115 Chrysostomus
3453 5062 3566 5101 mc-

243 5176 478 5232 moriter
505 5176 808 5250 Scriptura:
835 5183 1001 5235 verba
1031 5179 1238 5236 referre
1267 5179 1428 5246 solet,
1455 5188 1511 5236 et
1545 5180 1656 5238 alio
1695 5197 1863 5252 quam
1898 5181 2206 5237 habeantur
2255 5180 2422 5238 modo
2452 5197 2801 5253 expromere.

315 5313 393 5368 lia
419 5328 588 5385 porro
621 5314 883 5380 Homilia,
913 5330 1038 5385 quae
1067 5315 1210 5370 inter
1237 5315 1376 5371 alias
1411 5314 1576 5383 falso,
1630 5325 1693 5372 ut
1743 5317 2100 5374 consentiunt
2142 5333 2336 5374 omnes
2359 5358 2375 5383 ,
2421 5317 2644 5390 Origeui
2688 5321 2984 5393 ascriptas,
3032 5334 3376 5392 recensetur,
3410 5342 3571 5399 rupis

253 5453 507 5509 meminit
555 5468 724 5522 supra
776 5451 982 5509 Fronto
1020 5453 1270 5520 l)uc:eus,
1313 5453 1480 5524 hujus
1523 5465 1608 5510 est
1651 5469 1789 5526 pene
1829 5457 2240 5527 compendium.
2290 5455 2432 5512 lluic
2478 5457 2698 5526 similis,
2736 5459 2831 5514 sed
2867 5459 3041 5514 multo
3075 5461 3290 5530 longior
3319 5474 3402 5520 est
3436 5466 3568 5535 alia,

247 5611 369 5664 qua:
399 5595 541 5651 inter
564 5596 831 5653 llomilias
854 5612 918 5653 ex
951 5599 1119 5655 variis
1145 5599 1199 5654 in
1224 5597 1539 5654 Maltbmuin
1570 5599 1707 5657 locis
1737 5601 1948 5657 decima
1978 5602 2212 5672 septima
2245 5612 2593 5671 numeratur,
2628 5621 2863 5676 qumque
2904 5605 2958 5661 iu
3001 5605 3349 5664 Edilionibus
3391 5608 3558 5681 (21η)-⁵

245 5738 477 5797 ευδιοιιιὶ
507 5739 873 5796 Latiuis'ante
903 5740 1238 5798 Frontonem
1281 5745 1535 5797 Duarum
1565 5743 1862 5810 publicatis
1894 5763 2026 5800 tusa
2065 5746 2186 5801 fuit‘

322 5882 498 5956 llujus
534 5886 775 5943 humilia:
812 5889 1325 5961 interpretationem
1358 5909 1556 5949 novam
1586 5893 1836 5950 Latinam
1869 5898 2281 5955 adornavimus.
