4046 6440
511 376 616 434 ιω

1235 375 1294 431 S.
1333 370 1617 431 JOANNIS
1643 371 2138 430 CHRYSOSTOMI
2173 369 2495 446 ARCHIEP.
2536 371 3092 432 CONSTANTINOP.

3665 380 3773 436 ια)

1104 889 1279 980 ΕΙΣ
1341 894 1570 979 ΤΗΝ
1627 891 2157 979 ΕΠΙΛΥΣΙΝ
2221 893 2440 981 ΤΗΣ
2490 895 3122 988 ΧΑΝΑΝΑΙΑΣ

1189 1120 1438 1190 Ἐρῤήθη
1468 1120 1536 1174 δὲ
1590 1117 1742 1191 μετὰ
1788 1118 1852 1174 τὸ
1890 1119 2269 1190 ὑποστρέψαι
2313 1122 2502 1177 αὐτὸν
2536 1122 2606 1177 ἐκ
2641 1122 2753 1192 τῆς
2801 1124 3056 1193 ἐξορίας.

576 1630 647 1683 α’.
665 1623 836 1692 Πολὺς
860 1626 890 1680 6
909 1624 1140 1697 χειμὼν,
1171 1622 1309 1679 ἀλλά
1325 1624 1425 1696 τὴν
1447 1624 1756 1698 προθυμίαν
1779 1624 1888 1679 τῶν
1904 1642 2082 1695 παρα-

505 1716 813 1788 γενομένων
831 1717 895 1770 οὐ
932 1715 1258 1770 διεκώλυσε·
1289 1716 1475 1771 πολλοί⁸
1511 1719 1558 1771 οἰ
1593 1719 1913 1788 πειρασμοὶ,
1945 1716 2082 1772 ἀλλά

504 1806 596 1861 τὸν
621 1806 784 1862 πόθον
813 1806 969 1879 ὑμῶν
987 1807 1088 1860 οὐκ
1110 1805 1386 1871 ἐξέλυσαν.
1420 1807 1496 1862 Ού
1521 1807 1755 1861 παύεται
1781 1809 1816 1879 ή
1851 1807 2083 1880 Ἐκκλη-

507 1899 600 1954 σία
642 1899 1022 1972 πολεμουμένη
1066 1897 1160 1952 καὶ
1193 1898 1400 1954 νικῶσα
1419 1937 1435 1963 ,
1480 1898 1937 1972 ἐπιϐουλευομένη
1989 1901 2083 1955 καὶ

508 1989 916 2061 περιγινομένη.
963 1987 1129 2042 Ὅσον
1163 1989 1314 2044 ἄλλοι
1345 1989 1784 2056 ἐπιϐουλεύουσι,
1829 1988 2084 2045 τοσοῦτον

503 2081 642 2152 αὕτη
672 2079 895 2154 αὒξεται
914 2097 930 2113 ·
980 2081 1076 2135 καὶ
1105 2081 1178 2136 τά
1219 2080 1320 2152 μιν
1357 2081 1582 2153 κύματα
1619 2081 1928 2148 διαλύεται,
1962 2082 1998 2153 ἡ
2024 2082 2084 2136 δέ

503 2172 682 2244 πέτρα
722 2172 952 2243 ιστηκεν
982 2173 1261 2245 ἀκίνητος.
1299 2173 1387 2228 Ἐν
1421 2173 1604 2247 ἡμέρα
1652 2172 1990 2240 διδασκαλία,
2023 2174 2084 2229 ἐν

503 2263 660 2318 νυκτὶ
685 2263 1031 2335 παννυχίδες·
1057 2266 1092 2336 ἡ
1123 2265 1308 2341 ἡμέρα
1333 2265 1473 2336 πρὸς
1507 2265 1610 2338 τὴν
1649 2263 1820 2320 νύκτα
1848 2266 2083 2338 ἁμιλλᾶ-

501 2371 592 2410 ται
611 2373 625 2387 ·
651 2354 940 2428 [452433]
973 2355 1091 2410 ἐκεῖ
1118 2355 1388 2424 συνάξεις,
1419 2355 1518 2411 καὶ
1545 2355 1782 2411 ἐνταῦθα
1812 2356 2080 2423 συνάξεις.

514 2449 581 2502 Ἦ
604 2447 702 2514 νὺξ
740 2448 841 2517 τὴν
873 2447 1083 2520 ἀγοράν
1115 2446 1409 2518 ἐκκλησίαν
1438 2447 1762 2520 ἐργάζεται·
1798 2449 1835 2520 ή
1857 2449 1916 2504 δέ
1948 2467 2085 2523 προ-

503 2541 674 2611 θυμία
711 2539 884 2612 πυρὸς
925 2537 1258 2611 σφοδροτέρα
1282 2552 1333 2594 ι.
1366 2540 1440 2594 ού
1472 2539 1651 2594 δεῖσθε
1685 2541 2083 2612 παραινέσεως,

503 2633 599 2687 καὶ
622 2631 994 2686 ἐπιδείκνυσθε
1015 2632 1116 2702 τὴν
1137 2631 1398 2704 σπουδήν.
1416 2632 1512 2696 Τίς
1530 2632 1632 2686 οὐκ
1653 2631 1722 2687 ἂν
1750 2633 2082 2707 ἐκπλαγείη;

500 2723 586 2788 τίς
611 2723 712 2778 ούκ
733 2724 802 2778 ἂν
830 2722 1160 2794 θαυμάσειεν
1178 2724 1297 2790 ;ιού
1321 2723 1480 2794 μόνον
1503 2725 1552 2777 οἰ
1577 2723 1731 2789 ὄντες
1750 2727 1851 2780 οὐκ
1875 2727 2088 2781 ἀπελεί-

501 2816 738 2886 φθησαν,
767 2812 904 2868 ἀλλά
932 2813 1098 2868 καὶοί
1122 2816 1197 2886 μὴ
1222 2814 1374 2880 ϐντες
1399 2814 1812 2888 προσεγένοντο.
1830 2816 2083 2872 Τοιοῦτον

501 2903 610 2958 τῶν
650 2900 975 2974 πειρασμῶν
1016 2901 1077 2955 τὸ
1106 2902 1326 2974 κέρδος·
1366 2902 1618 2974 καθάπερ
1654 2901 1763 2974 γάρ
1802 2903 1958 2967 ὑετὸς
1999 2905 2082 2968 εἰς

500 2995 602 3068 τὴν
627 2995 731 3066 γῆν
761 2992 962 3049 κατιὼν
1003 2993 1258 3066 διεγείρει
1301 2993 1369 3048 τά
1420 2995 1713 3066 σπέρματα
1736 3033 1753 3060 ,
1799 2993 1944 3049 οὕτω
1989 2994 2084 3048 καὶ

500 3093 530 3145 6
556 3085 862 3162 πειρασμὸς
886 3087 967 3152 είς
991 3087 1093 3160 τὴν
1122 3087 1301 3159 ψυχὴν
1331 3085 1514 3142 εἰσιὼν
1537 3087 1794 3158 διεγείρει
1821 3086 1920 3157 τὴν
1951 3103 2085 3158 προ-

502 3179 722 3251 θυμίαν.
769 3177 943 3248 Λόγος
971 3177 1091 3232 ἐστὶ
1134 3176 1228 3232 τοῦ
1268 3177 1403 3232 Θεοῦ
1423 3194 1439 3210 ·
1477 3176 1733 3250 ἀκίνητος
1772 3177 1807 3248 ή
1849 3175 2083 3249 Ἐκκλη-

505 3272 599 3327 σία
613 3271 663 3313 δ·
711 3271 905 3326 Πύλαι
941 3269 1091 3339 ᾅδου
1129 3270 1202 3325 οὐ
1231 3270 1717 3340 κατισχύσουσιν
1759 3268 1970 3337 αὐτῆς.
2020 3269 2081 3324 '0

501 3362 754 3434 πολεμῶν
792 3362 983 3416 ἐαυτὸν
1012 3357 1293 3427 καταλύει,
1324 3361 1423 3432 τὴν
1469 3360 1527 3414 δέ
1566 3359 1890 3432 Ἐκκλησίαν
1928 3363 2079 3432 ἰσχυ-

505 3455 730 3528 ροτέραν
756 3454 1029 3509 δείκνυσιν
1047 3473 1059 3485 ·
1089 3457 1118 3509 6
1154 3453 1408 3524 πολεμῶν
1439 3453 1538 3525 τὴν
1570 3454 1723 3524 ἰσχὺν
1756 3451 1949 3507 ἐαυτοῦ
1977 3470 2080 3508 κα-

500 3546 757 3601 ταϐάλλει
779 3559 828 3611 ο,
857 3543 1016 3620 ήμῶν
1041 3545 1099 3600 δέ
1124 3544 1502 3617 λαμπρότερον
1534 3543 1826 3618 ἐργάζεται
1857 3545 1919 3598 τὸ
1954 3545 2078 3617 τρό-

502 3655 684 3695 παιον.
719 3639 779 3694 '0
824 3639 944 3694 Ἰὼϐ
992 3632 1062 3711 ἦν
1106 3637 1269 3701 καλὸς
1313 3637 1406 3692 καὶ
1433 3637 1538 3709 πρὸ
1573 3635 1800 3690 τούτου·
1841 3635 1981 3708 μετά
2019 3636 2077 3691 δὲ

499 3727 674 3782 ταῦτα
697 3724 704 3730 ’
725 3726 947 3798 βελτίων
1013 3726 1205 3797 ἐφάνη.
1270 3725 1380 3794 Οὐχ
1436 3724 1579 3778 οὕτω
1616 3723 1780 3787 καλὸς
1835 3719 1923 3796 ἦν,
1986 3724 2075 3778 ὅτε

499 3817 692 3889 ἀσινὴς
727 3811 795 3888 ἦν
827 3815 889 3868 τὸ
919 3814 1097 3886 σῶμα,
1132 3814 1207 3878 ὡς
1249 3814 1412 3876 καλὸς
1439 3808 1506 3885 ἦν
1531 3812 1620 3866 ὅτε
1651 3813 1730 3884 τῷ
1765 3812 1923 3883 ἰχῶρι
1966 3812 2076 3866 τῶν

499 3904 826 3976 τραυμάτων
846 3901 1302 3974 ἐστεφανοῦ[ν]το.
1318 3900 1602 3973 Μηδέποτε
1619 3899 1863 3972 φοϐηθῇς
1878 3917 1969 3953 πει
1975 3917 2077 3972 ρα-

502 3993 658 4064 σμὸν,
687 3992 782 4047 ἐάν
811 3991 988 4062 ψυχὴν
1018 3989 1540 4063 παρεσκευασμένην
1570 3989 1720 4060 ἔχῃς.
1746 3990 1820 4042 Οὐ
1852 3988 2076 4059 βλάπτει

500 4081 534 4148 ὴ
566 4077 772 4148 θλίψις,
818 4077 932 4132 ἀλλ’
968 4075 1246 4148 ὑπομονὴν
1273 4076 1688 4149 κατεργάζεται.
1724 4077 1933 4146 ’Ὠσπερ
1966 4075 2073 4150 γὰρ

497 4165 559 4220 τὸ
583 4166 813 4238 χρυσίον,
843 4165 904 4219 ού
955 4165 1244 4236 βλάπτειή
1281 4165 1545 4236 κάμινος,
1595 4162 1768 4226 οὕτως
1819 4163 1940 4216 οὐδὲ
1985 4163 2078 4217 τὸν

498 4256 743 4322 γενναῖοι·
761 4252 1063 4323 διαφθείρει
1091 4253 1125 4323 ή
1162 4250 1361 4321 θλίψις.
1390 4252 1456 4304 Τί
1490 4253 1636 4304 ποιεῖ
1666 4251 1699 4319 ή
1743 4249 1971 4321 κάμινος
1998 4250 2077 4321 τῷ

497 4341 738 4411 χρυσίῳ;
762 4341 1014 4412 Καθαρὸν
1049 4339 1371 4393 ἀποτελεῖἀ.
1405 4339 1469 4391 Τί
1509 4337 1802 4409 ἐργάζεται
1830 4341 1862 4409 ή
1899 4337 2076 4416 θλίψις

497 4427 576 4497 τῷ
603 4427 851 4499 φέροντις
880 4427 991 4499 Τὴν
1017 4427 1316 4500 ὑπομονήν.
1351 4427 1712 4498 ’Υψηλότερον
1737 4427 2077 4493 κατασκευά-

499 4514 602 4578 ζει,
641 4514 916 4586 ρᾳθυμίαν
950 4516 1293 4586 περικόπτει,
1325 4514 1545 4580 συνάγει
1587 4513 1685 4582 τὴν
1724 4513 1925 4583 ψυχὴν,
1967 4531 2076 4566 σω-

497 4601 853 4672 φρονέστερον
891 4604 1035 4654 ποιεῖ
1060 4603 1151 4654 τὸν
1192 4601 1470 4670 λογισμόν.
1519 4601 1828 4671 Ἐπήγαγον
1875 4617 2068 4670 πειρα-

500 4688 658 4757 σμὸν,
689 4687 777 4740 ἴνα
825 4687 892 4740 τὰ
925 4689 1170 4758 πρόϐατα
1210 4688 1543 4750 ἀπελάσωσι,
1584 4686 1676 4740 καὶ
1726 4687 1786 4739 τὸ
1831 4686 2071 4740 ἐναντίον

497 4775 679 4846 ἐξέϐη·
710 4776 970 4846 εἰσήγαγε
999 4775 1108 4845 γὰρ
1140 4775 1372 4844 ποιμένα
1391 4787 1436 4825 ε.

582 4863 668 4916 Ἐν
717 4861 824 4916 τίσι
849 4861 920 4915 τά
966 4863 1245 4933 ἡμέτερα;
1292 4864 1378 4916 Ἐν
1417 4863 1787 4933 εὐδοκιμήσει.
1843 4863 1930 4915 Ἐν
1963 4864 2069 4914 τίσι

558 5048 986 5117 Ἓνιδετιοπγρὲς
1015 5051 1312 5117 φαιέρρῖὲροες
1348 5061 1440 5117 "9"
1462 5048 1607 5117 913.“?-
1671 5110 1682 5117 .
1835 5108 1844 5117 .

556 5109 584 5145 ι)
607 5112 689 5159 Sic
709 5117 845 5158 recte
869 5109 1082 5161 (lblbei-t.
1097 5109 1154 5158 Ἦ
1171 5109 1430 5167 Ἐκκλησία
1446 5110 1812 5162 desiderabatur
1833 5109 1878 5159 in
1898 5111 2064 5158 editis.

558 5173 578 5197 ε
603 5172 814 5223 Colbert.
843 5171 1082 5219 καταλύει.

556 5229 579 5265 δ
604 5233 737 5282 Cnlb.
767 5234 970 5295 καθαρὸν
992 5232 1135 5281 ποιεῖ.
1175 5230 1299 5280 Ibid.
1325 5232 1370 5278 τί
1392 5232 1648 5292 ἐργάζεται,
1690 5237 1783 5295 εις,
1814 5235 1896 5282 Sic
1936 5235 2066 5281 nulla

492 5291 616 5339 tacta
643 5291 930 5348 mutationé,
956 5300 1139 5356 puncto
1186 5295 1345 5356 solum
1392 5291 1726 5352 interrogante
1768 5292 2068 5355 interposito

491 5361 604 5418 post
627 5356 825 5418 φέροντι,
855 5355 992 5404 locus
1012 5355 1143 5418 bene
1166 5355 1333 5412 habet,
1357 5360 1408 5402 et
1432 5355 1501 5418 ad?
1521 5356 1701 5418 εει-ἰείη
1725 5358 1924 5404 omnino
1945 5371 2066 5417 qua—

489 5415 723 5479 ctrat.Hic
745 5419 922 5479 corrigi
948 5418 1087 5477 jubet
1113 5417 1294 5466 Fronto
1321 5429 1381 5463 ex
1415 5417 1522 5462 cod.
1565 5416 1884 5476 Perroniauo,
1919 5415 2066 5473 ma-

491 5476 570 5542 ψις
596 5479 664 5542 τῷ
702 5476 910 5542 φέροντι-ς
953 5476 1040 5535 τὴν
1080 5481 1322 5542 ὑπομονὴν
1365 5479 1660 5542 ὑψηλοτέραν
1702 5483 2063 5534 κατασκευάζει,

489 5537 573 5602 γεξί
603 5541 686 5597 τὴν
710 5537 965 5601 Ὀπομονήν
1008 5537 1208 5602 ἐμποιεῖ,
1252 5537 1541 5602 ὑψηλότερον
1581 5537 1942 5594 κατασκευάζει·
1978 5543 2063 5588 ει)ιῖ

497 5599 616 5648 editi
660 5599 831 5650 nostri'
850 5604 998 5649 lectio
1021 5599 1212 5661 melior,
1236 5599 1346 5661 qua;
1370 5601 1679 5649 conﬁrmatur
1707 5604 1856 5648 etiam
1881 5616 1942 5647 ex
1971 5605 2056 5650 tio-

488 5667 598 5713 dlce
622 5663 924 5712 Colberlino.

560 5728 582 5754 ⁸
609 5725 744 5789 (ἶριί).
772 5727 973 5787 ἐπήγαγε
1000 5727 1338 5789 πειρασμὸν....
1381 5725 1583 5773 ἐντινιίον
1606 5731 1833 5788 παρέσχε,
1859 5729 1931 5773 καὶ
1962 5743 2060 5775 nm»

494 5798 606 5838 nava
630 5787 863 5846 εἰσήγαγε.

2182 1629 2253 1684 τά
2280 1629 2541 1698 ἐκείνωνς
2588 1631 2677 1686 Ἑν
2702 1632 2956 1709 αἰσχύνῃ.
2977 1632 3090 1689 Ποῦ
3120 1633 3229 1690 εἰσι
3258 1636 3327 1692 τά
3341 1637 3604 1704 ἐκείνων;
3630 1638 3775 1694 Ούδέ

2183 1715 2491 1784 φαίνονται.
2539 1716 2653 1788 Τὴν
2701 1719 2913 1790 ἀγοράν
2965 1720 3332 1792 περιέρχομαι
3357 1761 3372 1785 ,
3431 1721 3528 1778 καὶ
3574 1722 3778 1777 οὐδένα

2183 1796 2384 1867 βλέπω.
2409 1798 2588 1853 Φύλλα
2615 1796 2709 1871 ἦν,
2730 1803 2825 1855 καὶ
2850 1802 3058 1873 ἀνέμου
3093 1808 3441 1876 φυσήσαντος
3472 1806 3739 1872 ἐξέπεσεν
3757 1823 3774 1837 ·

2179 1882 2363 1953 ἄχυρα
2407 1879 2500 1956 ἦν,
2547 1885 2643 1939 καὶ
2691 1886 3098 1960 ἀνερῤιπίσθη,
3156 1889 3252 1943 καὶ
3301 1891 3332 1943 6
3389 1892 3538 1954 σῖτος
3592 1890 3777 1962 ἐφάνη

2169 1965 2419 2039 ὥριμος·
2476 1968 2741 2040 μόλυϐδος
2785 1966 2876 2042 ἦν,
2928 1974 3026 2027 καὶ
3074 1973 3268 2046 ἐτάκη,
3318 1975 3414 2028 καὶ
3447 1975 3507 2028 τὸ
3547 1977 3780 2048 χρυσίον

2181 2052 2417 2120 διέμεινε
2445 2054 2704 2127 καθαρόν.
2738 2056 2836 2122 Τίς
2877 2057 3076 2123 αὐτοὺς
3102 2057 3315 2113 ἐλαύνει
3338 2077 3352 2126 ;
3382 2057 3571 2125 Οὐδείς
3591 2076 3607 2092 ·
3633 2061 3781 2115 ἀλλά

2181 2137 2244 2192 τὸ
2277 2139 2517 2204 συνειδὸς
2563 2140 2824 2212 πολέμιον
2854 2140 3039 2213 έχουσι
3093 2144 3446 2198 πνοικοῶτα
3487 2144 3630 2216 μετά
3667 2146 3777 2214 τὴν

2183 2220 2482 2294 ἁμαρτίαν.
2541 2224 2722 2278 Ἶσασι
2770 2225 2826 2278 τί
2878 2225 3146 2298 ἔπραξαν,
3191 2227 3347 2281 Ἐπεὶ
3395 2227 3492 2281 καὶ
3542 2228 3573 2279 6
3627 2227 3778 2282 Κάῖν

2182 2305 2434 2362 ἐϐούλετο
2462 2307 2666 2378 σφάξαι
2697 2309 2791 2365 τὸν
2822 2310 3051 2381 ἀδελφὸν
3091 2312 3259 2375 αὐτοῦ
3283 2327 3300 2344 ·
3341 2313 3456 2366 ἀλλ’
3487 2315 3577 2367 ὅτε
3607 2314 3774 2367 ἐϐού-

2181 2391 2305 2446 λετο
2338 2391 2560 2464 σφάξαι,
2583 2395 2618 2464 ἡ
2645 2394 2912 2466 ἐπιθυμία
2936 2387 3090 2466 ήνθει
3116 2412 3130 2427 ·
3163 2398 3352 2469 ἐπειδὴ
3381 2398 3439 2452 δέ
3462 2397 3563 2470 τὴν
3585 2398 3776 2468 ἀμαρ-

2180 2475 2304 2530 τίαν
2345 2477 2664 2548 εἰργάσατο,
2711 2477 2915 2532 στένων
2958 2479 3052 2534 καὶ
3091 2480 3313 2553 τρέμων
3361 2482 3641 2553 πανταχοῦ
3670 2481 3777 2552 τῆς

2182 2559 2511 2632 οἰκουμένης
2543 2562 2894 2634 περιήρχετο.
2927 2557 3087 2618 Οὗτοι
3112 2564 3193 2632 δὲ,
3229 2565 3278 2618 εἰ
3304 2565 3400 2618 καὶ
3425 2565 3501 2636 μὴ
3527 2564 3778 2633 ἔσφαξαν

2182 2643 2250 2712 τῇ
2302 2641 2470 2714 πείρᾳ
2493 2684 2509 2708 ,
2561 2643 2701 2698 ἀλλά
2750 2644 2994 2714 ἔσφαξαν
3046 2649 3114 2718 τῇ
3166 2647 3381 2720 γνώμῃ.
3456 2648 3521 2701 Ἦ
3583 2648 3776 2720 σφαγὴ

2184 2726 2577 2799 προεχώρησεν
2605 2727 2730 2783 ὅσον
2754 2729 2896 2784 κατὰ
2913 2730 3015 2802 τὴν
3037 2730 3264 2787 ἐκείνων
3286 2731 3552 2802 πονηρίαν
3569 2746 3582 2759 ·
3625 2733 3660 2802 ή
3711 2731 3776 2785 δὲ

2183 2807 2300 2881 ζωὴ
2327 2811 2684 2884 συνεχωρήθη
2723 2812 2814 2867 διὰ
2861 2813 2960 2885 τὴν
2991 2813 3086 2868 τοῦ
3139 2814 3277 2869 Θεοῦ
3331 2814 3772 2888 φιλανθρωπίαν.

2184 2890 2370 2947 Ταῦτα
2397 2892 2575 2962 λέγω,
2625 2895 2726 2967 τὴν
2759 2897 3075 2968 προθυμίαν
3105 2898 3205 2968 τὴν
3238 2898 3514 2970 ὑμετέραν
3543 2899 3774 2955 ἐπαλεί-

2183 2992 2320 3044 φων,
2353 2977 2438 3030 ἵνα
2468 2977 2741 3049 μηδέποτε
2768 2980 3043 3051 φοϐηθῆτε
3094 2981 3422 3053 πειρασμόν.
3463 2982 3648 3055 Πέτρα
3684 2978 3773 3048 εἷς

2184 3060 2277 3131 Μὴ
2306 3060 2473 3130 φοϐοῦ
2516 3061 2587 3116 τά
2626 3062 2882 3136 κύματα·
2924 3066 3056 3121 Ἐπί
3091 3068 3204 3137 τὰρ
3234 3069 3421 3138 ταύτῃ
3460 3065 3536 3136 τῇ
3583 3066 3777 3137 πέτρᾳ

2186 3143 2562 3213 οἰκοδομήσω
2577 3163 2698 3215 μου
2719 3147 2835 3216 τὴν
2865 3148 3263 3218 Ἐκκλησίαν,
3291 3151 3392 3206 καί
3414 3153 3603 3206 πύλαι
3618 3148 3774 3218 ᾄὸου

2181 3229 2254 3281 οὺ
2300 3233 2789 3298 κατισχύσουσιν
2839 3231 3032 3301 αὐτῆς
3061 3275 3076 3301 ,
3134 3234 3289 3304 φησί.
3365 3236 3504 3290 Ποτέ
3568 3233 3775 3300 ἔξωθεν

2179 3311 2240 3448 ΖΞ
2267 3312 2395 3449 πόέε
2404 3329 2495 3382 μοι
2513 3351 2529 3377 ,
2570 3315 2702 3368 ποτέ
2727 3314 2938 3370 ἔνδοθεν
2965 3330 2979 3344 ⁸
3007 3316 3147 3371 ἀλλά
3172 3319 3350 3384 οὐδεὶς
3376 3319 3771 3385 καταποντίζει

2267 3411 2336 3448 σκ
2377 3413 2496 3449 φοε.

2267 3411 2496 3464 σκαφος.

2252 3476 2403 3551 [454]
2419 3478 2485 3549 β’.
2514 3480 2654 3534 Ἀλλ’
2670 3482 2756 3537 ἵνα
2773 3483 2850 3554 μὴ
2871 3484 2963 3539 τὸν
2984 3485 3202 3542 ἅπαντα
3225 3486 3417 3560 καιρὸν
3435 3489 3516 3552 εἰς
3533 3487 3605 3542 τά
3625 3486 3774 3541 ἐκεί-

2178 3579 2286 3616 νων
2302 3563 2625 3637 ἐγκλήματα
2641 3567 3031 3642 ἀναλώσωμεν,
3046 3572 3384 3645 παραδόντες
3398 3573 3631 3636 ἑαυτοὺς
3648 3571 3668 3611 τ
3687 3572 3773 3644 τῷ

2177 3651 2329 3722 φόϐῳ
2343 3652 2439 3707 τοῦ
2460 3656 2782 3725 συνειδότος,
2795 3659 2889 3712 καὶ
2899 3659 2991 3713 τὸν
3005 3661 3198 3733 δήμιον
3211 3661 3443 3731 ἀφέντες
3458 3661 3770 3727 ταλανίζειν

2175 3740 2358 3794 αὐτῶν
2381 3741 2486 3811 τὴν
2527 3743 2766 3800 διάνοιαν
2796 3746 2892 3801 καὶ
2928 3747 3021 3802 τὸν
3073 3748 3334 3822 λογισμὸν
3364 3751 3475 3806 τῶν
3515 3752 3768 3824 ἀκαίρων

2176 3830 2508 3901 ἐπιθυμιῶν,
2537 3833 2770 3902 ἀφέντες
2795 3831 2939 3891 εἶναι
2966 3838 3233 3908 φυγάδας,
3263 3839 3495 3911 μηδενὸς
3516 3839 3768 3896 ἐλαύνον-

2176 3933 2288 3982 τος,
2301 3917 2534 3986 ἀφέντες
2562 3918 2705 3976 εἶναι
2725 3923 2978 3996 ἀτίμους,
3003 3925 3231 3996 μηδενὸς
3253 3927 3442 3992 αὐτοῖς
3470 3929 3766 4002 πολεμοῦν-

2175 4021 2296 4069 τος·
2331 4009 2497 4078 ήμεῖς
2521 4009 2619 4080 τὴν
2640 4012 2843 4084 συνήθη
2868 4013 3278 4087 παραθήσωμεν
3299 4016 3601 4088 τράπεζαν.
3628 4020 3766 4074 Οὑδέ

2175 4099 2286 4171 γὰρ
2315 4099 2524 4155 δίκαιον
2565 4102 2657 4158 τὸν
2683 4105 2882 4177 καιρὸν
2915 4106 3195 4162 ἀναλῶσαι
3229 4109 3310 4174 εἰς
3343 4110 3411 4165 τά
3439 4112 3769 4184 ἐγκλήματα

2174 4191 2284 4246 τῶν
2317 4191 2548 4264 ἐχθρῶν,
2573 4195 2668 4249 καὶ
2690 4195 2760 4250 τά
2781 4198 2972 4254 παιδία
2998 4199 3144 4273 λιμῷ
3167 4203 3446 4274 τηκόμενα
3489 4205 3762 4276 παριδεῖν.

2175 4283 2318 4346 Χθές
2346 4285 2528 4339 τοίνυν
2553 4286 2582 4339 6
2603 4287 2815 4352 Παῦλος
2845 4289 2944 4360 τὴν
2969 4291 3252 4362 τράπεζαν
3291 4295 3425 4365 ἡμῖν
3452 4295 3762 4366 παρέθηκε,

2178 4374 2418 4445 σήμερον
2448 4378 2477 4429 6
2497 4377 2774 4444 Ματθαῖος
2799 4397 2814 4409 ·
2863 4381 2992 4452 χθὲς
3023 4384 3054 4437 6
3078 4385 3424 4455 σκηνοποιὸς,
3459 4387 3702 4461 σήμερον
3734 4391 3767 4444 6

2175 4462 2441 4534 τελώνης·
2468 4464 2595 4535 χθὲς
2614 4466 2642 4518 6
2669 4466 3013 4542 βλάσφημος,
3042 4473 3286 4544 σήμερον
3321 4475 3349 4528 6
3372 4475 3560 4548 ἅρπαξ
3579 4491 3590 4504 ·
3632 4477 3765 4548 χθὲς

2175 4557 2204 4607 6
2235 4553 2490 4626 διώκτης,
2525 4559 2764 4634 σήμερον
2793 4563 2822 4614 6
2859 4563 3210 4637 πλεονέκτης.
3257 4567 3397 4622 Ἀλλ’
3436 4571 3466 4622 6
3512 4566 3760 4642 βλάσφη-

2179 4663 2277 4714 μος
2295 4646 2395 4701 οὐκ
2420 4647 2968 4723 ἔμεινέβλάσφημος,
3009 4655 3125 4709 ἀλλ’
3156 4658 3375 4724 ἐγένετο
3422 4661 3724 4725 ἀπόστολος
3743 4679 3761 4694 ·

2176 4735 2309 4790 καὶὸ
2332 4737 2511 4807 ἅρπαξ
2539 4741 2640 4794 οὐκ
2669 4741 2887 4812 ἔμεινεν
2916 4745 3121 4818 ἅρπαξ,
3141 4750 3257 4802 ἀλλ’
3274 4750 3493 4820 ἐγένετο
3523 4754 3761 4823 εὐαγγεο-

2176 4830 2382 4902 λιστής,
2434 4833 2593 4902 Λέγω
2638 4836 2734 4888 καὶ
2783 4836 2886 4908 τὴν
2935 4843 3208 4912 προτέραν
3256 4842 3481 4909 κακίαν,
3518 4847 3612 4900 καὶ
3658 4845 3764 4917 τὴν

2177 4922 2314 4991 μετὰ
2351 4922 2524 4976 ταῦτα
2554 4925 2777 4997 ἀρετὴν,
2818 4928 2904 4982 ἵνα
2930 4931 3108 5004 μάθῃς
3131 4934 3231 5004 ὅση
3265 4936 3366 5006 τῆς
3403 4938 3692 5007 μετανοίας
3725 4942 3762 5010 ἡ

2173 5016 2410 5083 ὠφέλεια
2428 5019 2475 5081 ε,
2511 5018 2599 5070 ἵνα
2625 5019 2899 5089 μηδέποτέ
2923 5040 3018 5077 σου
3045 5026 3144 5096 τῆς
3177 5029 3452 5099 σωτηρίας
3473 5031 3754 5103 ἀπογνῷς.

2171 5107 2232 5157 Οί
2269 5105 2580 5160 διδάσκαλοι
2606 5109 2762 5181 ἡμῶν
2789 5113 2898 5167 ἀπὸ
2929 5116 3205 5188 ἁμαρτίας
3235 5119 3483 5190 ἔλαμπον
3501 5123 3608 5194 πρὸ
3631 5126 3758 5179 τού-

2169 5215 2285 5263 του,
2308 5197 2423 5251 ἀλλ’
2453 5198 2678 5271 ὕστερον
2708 5201 2955 5274 ἔλαμψαν
2981 5208 3091 5261 ἀπὸ
3112 5207 3478 5283 δικαιοσύνης,
3517 5215 3760 5287 τελώνης

2170 5291 2262 5342 καὶ
2291 5290 2631 5362 βλάσφημος,
2663 5293 2730 5347 τὰ
2757 5297 3046 5364 ἀκροθίνια
3083 5301 3182 5372 τῆς
3229 5306 3516 5376 πονηρίας.
3548 5307 3613 5360 Τί
3645 5309 3758 5381 γάρ

2168 5387 2283 5436 ἐστι
2307 5384 2590 5452 τελώνιον;
2624 5384 2873 5461 Ἀρπαγὴ
2889 5390 3130 5464 ἔννομος,
3149 5396 3240 5466 βία
3265 5402 3757 5474 πεπαρῤησιασμέ-

2168 5494 2253 5545 νη,
2291 5476 2473 5530 ἀδικία
2518 5479 2679 5548 νόμον
2718 5481 2922 5552 ἔχουσα
2972 5491 3302 5561 συνήγορον·
3352 5493 3566 5564 λῃστῶν
3593 5495 3755 5566 χαλε-

2170 5569 2413 5640 πώτερος
2434 5573 2462 5623 ό
2495 5573 2752 5644 τελώνης.
2788 5578 2852 5630 Τί
2883 5581 2998 5634 ἐστι
3035 5583 3318 5656 τελώνιον;
3353 5588 3452 5643 Βία
3481 5589 3645 5662 νόμον
3671 5591 3754 5656 εἰς

2235 5727 2248 5793 ς
2283 5729 2434 5793 ξονίι.
2457 5731 2655 5790 conjwit
2678 5735 2864 5793 αὐτούς.

2229 5792 2252 5828 ε
2275 5789 2411 5840 Colb.
2439 5799 2520 5850 τῆς
2541 5789 2800 5857 μεταϐολῆς
2872 5803 3122 5866 προθυμία.
