4046 6480
327 421 432 475 M9

1691 411 1779 467 DE
1835 407 2268 468 (ΣΙΙΑΝΑΝΛΕΛ.

3532 403 3642 459 450

359 605 3601 638 ________________________________________________________.

1055 956 1181 1044 ΙΝ
1259 948 2071 1042 DIMISSIONEM
2147 949 2915 1043 CHANANIEIE.

957 1206 1193 1254 murra
1247 1205 1464 1252 sum:
1519 1203 1636 1250 nsr
1693 1202 1852 1248 POST
1911 1201 2062 1248 EJUS
2117 1201 2400 1246 REDITUM
2451 1201 2533 1245 sn
2590 1200 2834 1246 nxsmo
2889 1182 2999 1266 (a).

383 1743 434 1798 Ι.
465 1741 781 1811 Tempestas
808 1738 995 1810 ingens
1022 1735 1180 1792 saevit
1204 1777 1221 1804 ,
1251 1735 1349 1793 sed
1378 1752 1566 1792 eorum
1591 1735 1683 1808 qui
1713 1751 1913 1792 conve-

310 1846 501 1892 nerunt
531 1834 862 1888 alacritatem
896 1846 1001 1886 non
1032 1829 1312 1893 cohibuit;
1346 1830 1529 1883 multa:
1563 1829 1911 1892 tentatioucs,

308 1927 404 1982 sed
435 1925 763 1981 desiderium
801 1931 1039 1977 vestrum
1079 1936 1187 1976 non
1231 1921 1527 1976 solverunt.
1575 1919 1695 1976 Non
1737 1929 1916 1975 cessat

309 2017 551 2074 Ecclesia
591 2015 887 2087 oppugnari
917 2056 934 2082 ,
961 2021 1017 2069 et
1054 2012 1311 2078 vincere;
1355 2011 1563 2067 insidiis
1609 2011 1792 2082 impeti
1815 2052 1829 2076 ,
1860 2020 1916 2066 et

307 2122 565 2178 superare
591 2105 833 2163 insidias.
856 2105 1068 2173 Quanto
1091 2105 1264 2175 magis
1283 2104 1373 2158 alii
1397 2103 1738 2168 insidiantur,
1765 2111 1915 2158 tanto

308 2199 477 2271 magis
508 2198 599 2254 illa
627 2206 851 2269 augetur
880 2214 895 2252 :
925 2196 1121 2253 ﬂuctus
1146 2196 1497 2267 dissipantur,
1530 2206 1585 2251 et
1624 2205 1776 2267 petra
1807 2204 1916 2252 stat

306 2289 618 2346 immobilis.
649 2289 887 2346 Interdiu
912 2288 1178 2354 doctrina,
1207 2297 1370 2343 noctu
1401 2287 1593 2358 vigilite
1612 2305 1626 2356 ;
1646 2288 1762 2344 dies
1789 2303 1913 2344 cum

305 2393 463 2440 nocte
488 2392 701 2439 certat:
735 2382 845 2438 illic
873 2381 1137 2450 collectae,
1164 2389 1218 2437 et
1254 2379 1343 2438 hic
1370 2380 1612 2436 collectae
1644 2397 1660 2436 :
1690 2395 1796 2436 nox
1827 2379 1914 2436 fo-

303 2491 422 2532 rum
468 2476 739 2532 convertit
783 2475 839 2531 in
879 2475 1205 2542 ecclesiam;
1236 2474 1490 2530 alacritas
1534 2474 1702 2529 animi
1745 2475 1911 2530 vestri

302 2572 423 2642 igne
450 2570 821 2626 vehementior
845 2577 951 2625 est.
981 2568 1369 2625 Cohortatione
1397 2583 1507 2623 non
1536 2567 1785 2640 indigetis
1809 2610 1824 2636 ,
1857 2578 1914 2624 et

300 2663 538 2718 studium
576 2661 844 2718 exhibctis
886 2670 1151 2717 vestrum.
1194 2662 1324 2729 Quis
1367 2675 1476 2717 non
1516 2659 1912 2730 Obstupescat?

299 2755 418 2825 quis
457 2770 580 2808 non
609 2753 885 2810 miretur?
914 2753 1030 2808 Non
1078 2752 1238 2808 modo
1261 2755 1352 2823 qui
1385 2754 1556 2808 nOStri
1602 2763 1762 2818 sunt,
1801 2767 1908 2807 non

298 2845 584 2902 abfuerunt
609 2886 625 2912 ,
666 2845 761 2902 sed
787 2845 950 2902 etiam
979 2845 1068 2915 qui
1114 2844 1285 2900 nostri
1316 2860 1422 2900 non
1462 2854 1627 2911 sunt,
1660 2859 1907 2900 acccssc~

298 2948 423 2993 runt
491 2936 508 2968 ⁸
545 2976 561 2992 .
606 2935 919 3007 llujusmodi
962 2946 1046 2992 est
1089 2935 1446 2992 tcntationum
1496 2937 1703 2990 lucrum
1735 2953 1750 2989 :
1781 2951 1905 2990 nam

295 3035 433 3088 sicut
460 3030 640 3103 pluvia
667 3030 925 3087 decidens
959 3031 1170 3087 semina
1194 3030 1429 3094 excitat,
1475 3030 1555 3086 sic
1591 3039 1646 3085 et
1672 3031 1906 3084 animam

296 3124 558 3180 invadens
602 3125 826 3180 tentatio
871 3125 1029 3195 erigit
1068 3124 1329 3179 animum.
1361 3122 1600 3178 Verbum
1650 3124 1743 3178 Dei
1775 3133 1858 3179 est
1889 3142 1903 3179 :

297 3217 615 3273 inconcussa
656 3224 740 3271 est
779 3215 1021 3271 Ecclesia
1051 3231 1067 3269 :
1097 3213 1274 3269 Parte
1308 3215 1461 3284 inferi
1507 3230 1614 3268 non
1657 3215 1904 3284 prazvale-

295 3310 417 3362 bunt
444 3307 689 3361 adversus
718 3323 831 3361 eam
865 3303 886 3379 (
911 3304 1090 3360 Matth
1129 3305 1216 3362 16.
1246 3305 1374 3375 18).
1405 3305 1506 3372 Qui
1534 3305 1809 3377 impugnat
1839 3306 1900 3359 il-

295 3400 424 3462 tam,
443 3412 502 3453 se
524 3399 697 3468 ipsum
723 3396 989 3467 proﬂigat,
1019 3397 1298 3466 ipsamque
1324 3394 1602 3451 fortiorem
1624 3397 1899 3452 ostendit:

295 3495 381 3561 qui
416 3474 696 3561 impugnat
740 3490 882 3545 illam
908 3531 922 3556 ,
951 3489 1096 3543 vires
1134 3503 1260 3542 suas
1286 3487 1471 3558 dejicit
1497 3528 1512 3553 ,
1553 3498 1903 3558 nostrumque

294 3597 552 3656 trOpzeum
578 3584 758 3640 reddit
783 3583 1065 3638 illustrius.
1093 3581 1419 3653 Splendidus
1445 3591 1562 3636 erat
1589 3592 1746 3638 antea
1773 3581 1900 3650 Job,

293 3688 475 3748 postea
521 3693 651 3732 vero
701 3673 1034 3746 splendidior
1076 3674 1345 3743 apparuit.
1392 3672 1619 3741 Quando
1667 3688 1901 3743 corpore

292 3784 454 3824 sanus
479 3777 616 3835 erat,
651 3783 757 3821 non
785 3767 857 3820 ita
886 3763 1200 3837 splendidus
1229 3761 1348 3831 fuit,
1381 3773 1440 3818 ut
1466 3777 1589 3817 cum
1618 3764 1898 3818 vulnerum

288 3861 442 3916 sanie
483 3858 866 3916 coronabatur.
907 3856 1027 3911 Noli
1061 3856 1414 3911 tentationem
1443 3869 1697 3925 umquam
1728 3853 1894 3909 refor-

291 3954 496 4009 midare
519 3994 535 4020 ,
580 3953 625 4008 si
665 3961 1017 4023 praeparatam
1068 3949 1267 4004 habeas
1305 3949 1564 4002 animam.
1596 3947 1897 4004 Tribulatio

291 4046 420 4100 nihil
449 4044 618 4100 officit
646 4085 662 4110 ,
706 4042 800 4098 sed
847 4042 1156 4112 patientiam
1187 4048 1445 4109 operatur
1473 4039 1492 4112 (
1523 4038 1680 4094 Rom.
1710 4041 1764 4096 5.
1793 4040 1828 4095 5
1849 4039 1888 4113 ).

289 4138 420 4193 Nam
453 4136 906 4208 quemadmodum
934 4135 1063 4189 nihil
1091 4135 1258 4189 ofticit
1283 4150 1416 4188 auro
1447 4133 1659 4198 fornax,
1690 4135 1768 4190 sic
1796 4151 1893 4190 nc-
1944 4180 1951 4188 .

225 4290 228 4292 ,
288 4246 391 4300 que
421 4231 696 4284 tribulatio
722 4243 987 4299 generoso
1007 4237 1188 4285 nocet.
1221 4228 1361 4296 Quid
1397 4227 1523 4282 facit
1555 4229 1745 4283 fornax
1773 4244 1895 4300 qua:

289 4340 477 4378 aurum
522 4320 765 4392 excipit?
812 4320 1011 4374 Porum
1057 4318 1183 4374 illud
1231 4319 1429 4373 reddit.
1471 4319 1610 4388 Quid
1640 4331 1896 4389 operatur

289 4415 560 4468 tribulatio
623 4411 926 4467 toleranti?
981 4411 1323 4467 Patientiam.
1381 4409 1763 4466 Sublimiorem
1830 4412 1892 4464 il-

289 4507 396 4561 lum
415 4505 598 4572 eflicit,
617 4505 878 4560 desidiam
903 4512 1129 4570 resecat,
1149 4505 1385 4559 animum
1411 4505 1636 4574 colligit,
1655 4513 1889 4559 mentem

287 4598 464 4654 reddit
513 4597 1008 4668 temperantiorem.
1038 4595 1365 4650 lnvexerunt
1401 4597 1752 4650 tentationem
1779 4637 1794 4660 ,
1835 4605 1892 4650 ut

286 4705 414 4744 oves
439 4690 738 4760 abigerent,
763 4698 819 4742 et
846 4690 1175 4744 contrarium
1204 4689 1382 4743 evenit
1415 4688 1430 4719 ‘
1455 4704 1470 4754 ;
1515 4687 1603 4742 illa
1631 4688 1772 4743 enim
1798 4703 1890 4758 pa-

285 4795 484 4838 storem
517 4783 834 4838 introduxit.

361 4875 540 4930 llentes
563 4875 909 4945 Chrysostomi
930 4874 1019 4927 illo
1049 4890 1246 4928 reverso
1267 4875 1530 4944 fugerunt.
1572 4873 1887 4930 Publirmms

280 4968 414 5035 quis.
436 4965 673 5018 Liberum
702 4965 990 5019 arbitn‘um.
1027 4963 1333 5019 Pamitentia
1360 4965 1534 5018 omnia
1562 4967 1686 5020 vitia
1711 4966 1884 5019 solvit.

333 5084 1423 5177 l“.’~.‘?21‘£”.‘21ﬂ9°23?.fli!”f."lll?f“3a

381 5146 598 5194 ιῖοιδθτι.
632 5146 778 5194 verba
804 5166 814 5193 :
842 5146 913 5194 Οὐ
941 5147 1082 5205 μόνον
1120 5150 1164 5193 οἱ
1203 5147 1331 5200 ὄντες
1370 5148 1458 5208 οὐκ
1494 5146 1866 5208 ἀπελείφθησαν,

270 5208 393 5259 ἀλλὰ
415 5209 495 5271 trgi
527 5209 589 5268 μὴ
619 5209 1129 5271 ὁντεςΑπρᾳσεγένογτο,
1159 5209 1198 5256 Ν
1207 5220 1268 5271 on
1293 5207 1438 5257 modo
1466 5206 1550 5271 qui
1580 5205 1738 5271 nostri
1762 5215 1870 5256 sunt

270 5284 367 5323 non
385 5265 656 5331 obfuerunt,
679 5268 766 5319 sed
794 5265 942 5319 etiam
967 5267 1049 5330 qui
1078 5268 1228 5318 nostri
1271 5283 1367 5318 non
1389 5265 1517 5325 sunt,
1549 5269 1868 5325 advenerunt,

270 5336 342 5383 sic
386 5332 608 5393 breviter
650 5333 905 5379 enuntiata
953 5333 1187 5390 explicari
1237 5337 1355 5393 puto
1382 5345 1473 5393 per
1507 5331 1615 5393 hzec
1650 5331 1871 5393 Socratis

271 5397 460 5446 verba:
503 5391 562 5439 Ὀ
606 5393 658 5440 δὲ
704 5393 816 5447 λαός
859 5392 1074 5453 ἀφορητὰ
1117 5391 1423 5447 ἐσταὰίαζεύο
1470 5393 1549 5440 οἷα
1586 5392 1637 5440 δὲ
1683 5393 1731 5440 ἐν
1774 5392 1872 5446 τοῖς

270 5459 514 5517 τοιούτοις
541 5453 664 5517 φιλεῖ
706 5454 949 5517 γίνεσθαιν
978 5454 1144 5500 πολλοὶ
1194 5456 1290 5500 τῶν
1332 5455 1554 5517 ἀπεχθῶς
1589 5455 1705 5516 πρὸς
1729 5453 1872 5500 αὐτὸν

271 5515 478 5578 ἐχόντων
502 5515 577 5565 ἐπὶ
603 5517 763 5564 οἶκτον
783 5516 1146 5576 μετεϐάλλοντο,
1165 5517 1246 5562 καὶ
1271 5515 1669 5578 σνκοφὰντεῖσθᾱι
1689 5517 1872 5574 ἔλεγον,

271 5577 319 5623 ἐν
344 5580 498 5640 μικρῷ
525 5579 1138 5640 ἔμπροσθενᾼχαθῃρημένον
1171 5577 1431 5640 ἐπξθύμουν
1452 5578 1745 5640 θεάσασθαι]
1781 5579 1870 5640 Ρο-

270 5637 416 5698 pnius
436 5637 768 5708 horrendaue
790 5638 839 5687 in
870 5639 1069 5707 modum
1099 5637 1480 5708 ttunnltuobotur
1507 5651 1522 5686 :
1545 5645 1688 5708 utque
1715 5637 1761 5685 in
1783 5639 1870 5706 Iut-

273 5701 486 5753 tnsmodi
509 5702 660 5762 retas
693 5702 814 5750 solet
848 5699 1065 5757 evenire,
1107 5699 1250 5748 multi
1289 5715 1459 5749 eorum
1489 5699 1573 5762 qui
1605 5699 1792 5760 infenso
1826 5699 1874 5747 in

271 5761 773 5820 illnmmtimoerant,
817 5762 1129 5813 miseratione
1171 5761 1508 5816 movebuntur.
1544 5775 1748 5823 emnth
1792 5776 1872 5808 (γι--

270 5824 471 5890 Iuntniis
514 5838 800 5885 oppressum
825 5824 1068 5885 dicebant,
1106 5838 1249 5887 quem
1271 5826 1420 5886 paulo
1455 5831 1566 5873 ante
1597 5825 1872 5884 depositum

276 5892 442 5936 rtilm'e
464 5894 762 5946 optaverant.

337 5955 352 5980 ¹
381 5951 516 6000 tlolb.
546 5949 744 6002 inruit.
786 5962 872 6011 pro
899 5948 1217 6006 inruerunt;
1245 5956 1489 6013 ριιινάιιιυ,
1520 5963 1624 6010 pro,
1648 5955 1818 5998 t’l'CIilf.

2020 1765 2092 1776 -—
2108 1735 2228 1804 Quo
2251 1737 2302 1792 in
2320 1745 2461 1791 statu
2477 1746 2605 1793 sunt
2620 1750 2707 1792 res
2727 1745 2926 1794 nostra:
2941 1737 2965 1792 ?
2979 1737 3255 1796 Laudibus
3269 1741 3628 1799 celebrantur.

2020 1829 2139 1898 Quo
2163 1831 2215 1885 in
2242 1838 2384 1886 statu
2410 1845 2500 1886 res
2527 1829 2779 1888 illorum?
2798 1831 3094 1904 Ignominia
3124 1835 3484 1891 cumulantur.
3516 1837 3634 1905 Qua

2018 1921 2328 1978 conditione
2339 1931 2466 1977 sunt
2482 1922 2699 1979 illorum
2717 1924 2930 1995 negotia
2950 1923 2972 1979 ἵ
3003 1924 3084 1980 Ne
3104 1936 3368 1996 apparent
3388 1928 3632 1996 quidem.

2019 2014 2219 2070 Forum
2249 2029 2528 2084 percurro,
2566 2026 2630 2080 et
2668 2017 2941 2073 neminem
2972 2018 3150 2074 video.
3181 2020 3427 2076 Frondes
3449 2031 3628 2088 erant,

2018 2114 2073 2161 et
2093 2106 2256 2162 flante
2277 2115 2439 2161 ven:o
2466 2106 2822 2175 ceciderunt;
2858 2109 3027 2179 palea:
3054 2118 3231 2176 erant,
3275 2120 3330 2167 et
3360 2111 3633 2183 dissipata:

2018 2206 2166 2265 Sunt,
2218 2196 2668 2270 frumentumque
2713 2208 2986 2256 maturum
3033 2203 3311 2273 apparuit;
3353 2204 3631 2275 plumbum

2017 2300 2153 2356 erat,
2199 2301 2258 2346 et
2285 2291 2628 2367 liquefactum
2670 2301 2776 2357 est,
2808 2303 2970 2365 atque
3001 2310 3202 2365 purum
3248 2298 3508 2352 remansit
3536 2312 3634 2352 an-

2017 2397 2157 2436 rum.
2190 2382 2322 2450 Quis
2343 2382 2547 2454 fugavit
2577 2384 2736 2440 illos?
2770 2384 2975 2452 Nemo;
3022 2387 3120 2442 sed
3150 2386 3509 2443 domesticum
3540 2389 3626 2443 ha-

2015 2472 2145 2526 bent
2193 2473 2407 2529 hostem
2456 2475 2841 2530 conscientiam
2892 2484 3016 2546 post
3067 2487 3370 2547 peccatum.
3432 2471 3624 2536 Sciunt

2014 2564 2142 2634 quid
2173 2563 2419 2621 fecerint.
2449 2566 2581 2622 Nam
2611 2577 2666 2622 et
2683 2566 2814 2623 Cain
2852 2568 3068 2625 volebat
3101 2570 3323 2625 fratrem
3352 2587 3508 2627 suum
3531 2589 3629 2629 oc-

2013 2657 2196 2712 cidere
2218 2654 2375 2727 (Gen.
2408 2658 2468 2728 4)
2498 2676 2513 2714 :
2539 2658 2635 2714 sed
2661 2672 2782 2713 cum
2816 2659 3035 2716 volebat
3062 2661 3335 2727 occidere,
3357 2655 3628 2733 cupiditas

2012 2748 2237 2806 ardebat
2266 2768 2280 2804 :
2315 2761 2598 2822 postquam
2630 2762 2811 2808 autem
2842 2765 3125 2823 peccatum
3149 2758 3498 2826 perpetravit,
3525 2773 3624 2829 ge-

2013 2857 2167 2897 mens
2192 2857 2256 2897 ac
2284 2852 2523 2898 tremens
2554 2842 2751 2913 ubique
2781 2853 3043 2899 terrarum
3067 2846 3382 2916 vagabatur.
3414 2847 3475 2902 Hi
3501 2864 3630 2904 vero

2012 2934 2139 2989 licet
2161 2934 2338 3003 reipsa
2361 2948 2467 2989 non
2495 2933 2816 3001 occiderint,
2861 2944 2917 2990 at
2956 2935 3235 2993 voluntate
3269 2945 3448 2993 tamen
3482 2940 3628 2993 occi-

2010 3025 2231 3081 derunt.
2281 3025 2596 3099 Perpetrata
2649 3035 2734 3082 est
2760 3025 2942 3082 caedes
2989 3036 3252 3098 quantum
3302 3030 3358 3084 in
3410 3031 3627 3087 illorum

2011 3116 2347 3187 malignitate
2372 3117 2536 3172 situm
2567 3117 2668 3173 fuit
2707 3117 2844 3184 ;sed
2875 3119 2983 3173 vita
3014 3134 3275 3175 concessa
3298 3131 3384 3176 est
3406 3121 3501 3178 Dei
3535 3123 3628 3181 be-

2009 3209 2292 3280 nignitate.
2322 3209 2450 3265 Haec
2471 3224 2503 3264 a
2537 3224 2624 3266 me
2649 3209 2922 3278 dicuntur,
2953 3219 3013 3267 ut
3032 3212 3370 3269 alacritatem
3387 3225 3626 3272 vestram

2009 3304 2265 3368 excitem,
2298 3309 2356 3357 ut
2400 3311 2698 3371 numquam
2722 3303 3074 3360 tentationem
3106 3305 3491 3362 reformidctis.
3525 3307 3627 3364 Pe-

2009 3395 2214 3450 traes?
2243 3394 2322 3451 Ne
2369 3394 2565 3451 fluctus
2591 3398 2805 3462 timeas,
2850 3412 2976 3451 nam
3033 3397 3202 3468 Super
3245 3399 3380 3453 hanc
3426 3413 3623 3471 petram

2007 3489 2272 3559 mdiﬁcabo
2295 3489 2580 3544 Ecclesium
2601 3505 2791 3551 meam.
2819 3499 2867 3544 et
2897 3500 3058 3561 porta.-
3077 3491 3229 3562 inferi
3250 3508 3351 3546 non
3378 3495 3624 3562 promote-

2007 3581 2132 3636 bunt
2156 3582 2397 3637 adversus
2417 3598 2530 3636 eam
2551 3580 2768 3648 (Matth.
2795 3584 2884 3638 16.
2915 3583 2981 3639 l8
2999 3584 3018 3655 )
3037 3625 3055 3647 ,
3100 3585 3290 3654 inquit.
3315 3587 3621 3657 Aliquando

2005 3683 2283 3739 extranea,
2333 3674 2603 3730 interdum
2651 3675 2903 3732 intestina
2933 3687 3060 3733 sunt
3099 3678 3399 3747 bella;sed
3455 3697 3616 3740 nemo

2007 3774 2184 3835 potest
2213 3766 2391 3820 navim
2418 3766 2788 3838 submergere.

2070 3901 2127 3958 2.
2159 3903 2357 3960 Verum
2383 3918 2454 3959 ne
2495 3912 2666 3960 totum
2705 3912 2922 3978 tempus
2963 3907 3018 3964 in
3051 3909 3350 3966 referendis
3402 3913 3615 3972 illorum

1997 3995 2317 4054 criminibus
2346 3997 2745 4068 impendamus,
2764 4001 3110 4057 conscientize
3139 4005 3329 4059 teneri
3357 4008 3610 4062 commit-

1997 4098 2178 4146 tamus
2205 4103 2321 4154 eos,
2370 4097 2424 4143 et
2451 4089 2696 4145 sinamus
2742 4100 2979 4145 mentem
3024 4092 3237 4148 illorum
3278 4109 3342 4150 ac
3392 4096 3611 4152 nefariae

1994 4183 2264 4253 cupidinis
2312 4184 2571 4254 impetum
2617 4198 2647 4237 a
2677 4181 2975 4239 domestico
3001 4185 3256 4241 carnifice
3309 4186 3554 4243 divexari
3591 4206 3605 4242 :

1994 4277 2237 4332 sinamus
2262 4291 2356 4332 eos
2385 4277 2571 4347 fugere
2607 4276 2828 4331 nemine
2853 4287 3242 4346 persequente;
3277 4278 3521 4334 sinamus
3549 4280 3604 4335 in

1992 4369 2285 4440 ignominia
2305 4411 2320 4435 ,
2353 4369 2569 4425 nemine
2605 4377 2950 4440 oppugnante
2993 4386 3005 4420 :
3034 4380 3242 4439 nosque
3291 4380 3602 4427 consuetam

1995 4476 2238 4516 mensam
2270 4463 2424 4517 vobis
2448 4477 2802 4532 apponamus.
2832 4461 2950 4516 Non
2973 4462 3118 4517 enim
3156 4479 3368 4533 tequum
3415 4474 3517 4530 est,
3552 4475 3608 4522 ut

1994 4562 2208 4623 tempus
2238 4563 2474 4608 teramus
2498 4553 3024 4627 referendisillorum
3046 4554 3364 4622 sceleribus,
3388 4565 3437 4610 et
3468 4555 3608 4612 ﬁlios

1989 4646 2234 4703 sinamus
2262 4644 2404 4700 fame
2448 4645 2700 4699 cruciari.
2753 4644 3024 4701 Hesterno
3073 4646 3234 4716 igitur
3280 4647 3367 4702 die
3412 4648 3607 4706 Paulus

1991 4738 2148 4793 nobis
2176 4752 2419 4792 mensam
2444 4737 2744 4806 apparavit,
2787 4735 2949 4792 hodie
2976 4737 3291 4801 blatthznus;
3341 4739 3456 4793 heri
3485 4747 3602 4794 ten-

1991 4830 2186 4885 torium
2229 4827 2428 4898 opifex,
2479 4828 2640 4883 hodie
2690 4829 3040 4898 publicauus;
3074 4831 3184 4884 heri
3235 4830 3604 4900 blasphemus,

1989 4921 2152 4977 hodie
2194 4932 2412 4992 raptor;
2460 4921 2577 4977 heri
2615 4930 2989 4992 persequutor,
3032 4922 3192 4976 hodie
3238 4940 3456 4979 avarus.
3499 4925 3604 4981 Sed

1988 5017 2337 5087 blasphemus
2362 5017 2471 5082 ille,
2504 5016 2853 5084 blasphemus
2880 5032 2984 5070 non
3020 5018 3238 5080 mansit,
3263 5018 3357 5072 sed
3386 5028 3604 5088 aposto-

1991 5110 2076 5166 lus
2125 5112 2297 5167 factus
2321 5120 2438 5176 est;
2470 5125 2570 5166 nec
2597 5119 2782 5179 raptor
2811 5110 2863 5163 in
2899 5110 3101 5179 rapinis
3133 5113 3451 5179 permansit,
3501 5113 3598 5168 sed

1990 5205 2162 5259 factus
2215 5211 2300 5258 est
2339 5202 2689 5271 evangelista.
2741 5198 3124 5255 Commemoro
3163 5202 3447 5271 pristinam
3504 5220 3602 5259 ne-

1989 5296 2237 5367 quitiam,
2269 5303 2323 5349 et
2349 5294 2769 5362 subsequentem
2797 5293 3073 5358 virtutem,
3105 5302 3162 5347 ut
3192 5293 3370 5348 discas
3399 5307 3601 5364 quanta

1987 5388 2408 5460 sitpoenitentize
2455 5387 2676 5452 utilitas,
2728 5401 2830 5440 nec
2861 5402 3114 5456 umquam
3158 5389 3226 5442 de
3279 5395 3367 5441 tua
3428 5391 3602 5445 salute

1985 5481 2262 5550 desperes.
2323 5480 2582 5534 Doctores
2640 5479 2807 5532 nostri
2879 5479 3029 5546 prius
3073 5479 3306 5547 nequitia
3368 5480 3602 5535 illustres

1948 5571 2172 5635 .fuere,
2228 5570 2321 5624 sed
2371 5569 2566 5623 deinde
2620 5585 2649 5623 a
2694 5568 2898 5638 justitia
2967 5569 3224 5623 celebrati
3288 5584 3442 5634 sunt,
3503 5589 3598 5639 pu-

1985 5666 2228 5720 hlicanus
2273 5675 2326 5719 et
2375 5663 2740 5731 blasphemus,
2794 5663 2902 5716 duo
2933 5664 3162 5716 vertices
3212 5664 3589 5734 improbitatis.

1982 5759 2120 5828 Quid
2149 5759 2292 5813 enim
2320 5768 2403 5813 est
2449 5758 2745 5812 telonium?
2768 5756 2974 5826 Rapina
3033 5757 3291 5827 legitima,
3343 5759 3598 5812 violentia

1983 5853 2192 5906 fiducia:
2227 5851 2406 5919 plena,
2434 5851 2685 5919 iniquitas
2715 5848 2846 5917 legis
2873 5849 3174 5917 patrocinio
3198 5850 3325 5903 fulta
3356 5869 3366 5903 :
3394 5851 3598 5902 furibus

1982 5946 2112 6016 ipsis
2140 5943 2326 5999 durior
2356 5951 2438 5998 cst
2470 5941 2809 6012 publicanus.
2843 5940 2979 6008 Quid
3010 5950 3092 5994 est
3145 5942 3400 5997 tclouium
3423 5944 3446 5994 't
3481 5941 3596 5994 Vio-
