4046 6426
467 375 558 431 151
1170 373 1227 429 S.
1267 369 1546 428 JOANNIS
1583 364 2065 425 CIIRYSOSTOMI
2105 360 2426 420 ARCIIIEP.
2469 360 3010 419 CONSTANTINOP.

463 489 622 544 lentia
654 504 772 560 qua:
819 489 1169 558 patrocinium
1217 488 1348 557 legis
1377 484 1638 552 obtendit,
1665 501 1796 553 qua:
1831 481 2042 537 carniﬁ-

461 599 579 636 cem
624 597 723 651 pro
774 582 982 636 medico
1027 580 1205 634 habet.
1260 579 1585 648 lntclligisne
1627 577 1753 647 quid
1791 572 2050 630 dixerim?

462 674 633 742 Leges
655 681 778 727 sunt
807 672 1019 736 medici,
1051 671 1242 726 deinde
1272 671 1405 724 liunt
1433 669 1711 724 carniﬁces
1736 685 1750 721 :
1785 683 1889 721 non
1910 665 2048 718 enim

463 764 612 818 ulcus
642 773 852 832 sanant,
883 765 977 820 sed
1004 774 1220 834 augent.
1249 763 1388 831 Quid
1418 772 1501 818 est
1523 761 1776 815 telonium
1798 760 1822 812 ?
1847 757 2044 811 Pecca-

464 869 574 912 tum
605 857 902 927 impudens,
924 856 1106 925 rapina
1139 857 1420 911 occasione
1455 854 1725 916 destituta,
1757 849 2036 904 latrocinio

462 951 715 1006 deterior.
742 949 901 1004 Latro
929 949 1054 1004 dum
1105 947 1328 1010 furatur,
1378 947 1566 1001 saltem
1615 944 1927 1007 erubescit;
1967 941 2051 995 hic

465 1055 593 1095 vero
632 1056 756 1096 cum
811 1039 1000 1094 ﬁducia
1051 1039 1340 1109 pra-datur.
1370 1037 1566 1090 Verum
1599 1036 1682 1088 hic
1737 1035 2052 1101 publicanus

464 1140 685 1200 repente
730 1130 1051 1199 evangelista
1099 1129 1270 1182 lactus
1307 1135 1410 1181 est.
1443 1123 1723 1191 Quomodo
1752 1131 1807 1178 et
1836 1139 1937 1192 qua
1963 1137 2050 1175 ra-

464 1223 647 1277 tione?
668 1221 961 1287 Transiens,
994 1221 1183 1290 inquit,
1212 1219 1249 1273 J
1254 1234 1365 1275 esus
1391 1218 1512 1273 vidit
1541 1217 1840 1271 Malthwum
1875 1215 2050 1269 seden-

464 1323 560 1365 tem
587 1314 640 1366 in
667 1313 853 1366 telonio
879 1353 892 1376 ,
932 1320 979 1365 et
1003 1310 1129 1365 dixit
1162 1311 1236 1374 ei,
1265 1310 1488 1380 Sequere
1536 1325 1614 1362 me
1639 1307 1848 1380 (Matth.
1879 1307 1930 1362 9.
1959 1304 2053 1376 9).

461 1403 507 1457 0
547 1403 716 1457 virtus
747 1403 1047 1458 sermonis!
1080 1401 1294 1458 intravit
1323 1400 1533 1466 bamus,
1560 1409 1615 1454 et
1651 1399 1916 1468 captivum
1949 1399 2052 1452 mi-

461 1495 607 1549 litem
629 1493 820 1562 efficit,
858 1495 1026 1550 lutum
1054 1495 1106 1549 in
1135 1509 1325 1549 aurum
1367 1493 1665 1555 convertit;
1698 1491 1913 1545 intravit
1961 1489 2054 1543 ha-

463 1603 604 1655 mus,
640 1587 708 1641 Et
739 1590 919 1642 statim
966 1604 1178 1659 surgens
1231 1597 1468 1657 sequutus
1497 1597 1568 1640 est
1621 1602 1756 1640 eum.
1790 1583 1845 1638 ln
1889 1583 2052 1637 fundo

461 1690 579 1735 erat
608 1682 920 1752 iniquitatis,
949 1691 1003 1736 et
1024 1681 1091 1736 ad
1120 1680 1338 1736 culmen
1361 1679 1572 1735 virtutis
1607 1677 1864 1733 ascendit.
1888 1677 2052 1731 Nemo

464 1770 662 1840 itaque,
685 1771 891 1837 dilecti,
920 1771 986 1826 de
1009 1786 1104 1826 sua
1151 1771 1324 1826 salute
1350 1771 1618 1840 desperet.
1641 1769 1756 1825 Non
1785 1769 1925 1823 enim
1950 1769 2052 1821 im-

465 1861 698 1930 probitas
720 1862 917 1916 malum
947 1873 1029 1917 est
1056 1877 1085 1915 a
1115 1870 1302 1915 natura
1345 1861 1564 1916 insitum
1591 1879 1604 1914 :
1634 1860 1805 1915 libero
1833 1860 2052 1914 arbitrio

462 1961 518 2007 ct
541 1953 785 2007 libertate
801 1952 1037 2007 decorati
1063 1966 1268 2008 sumus.
1291 1951 1612 2008 Publicanus
1638 1951 1730 2006 es?
1750 1951 1907 2005 Potes
1937 1949 2050 2004 ﬁeri

464 2045 813 2114 evangelista.
862 2044 1215 2116 Blasphemus
1255 2044 1360 2100 es?
1398 2043 1557 2100 Potes
1586 2042 1859 2112 apostolus
1911 2054 2047 2096 esse.

463 2134 621 2190 Latro
669 2135 768 2190 es?
818 2137 975 2192 Potes
1011 2135 1310 2207 deprzedari
1363 2135 1686 2206 paradisum.
1732 2132 1914 2203 Magus
1959 2133 2052 2185 es?

462 2227 620 2282 Potes
649 2227 875 2282 adorare
904 2227 1206 2282 Dominum.
1234 2227 1351 2282 Non
1373 2237 1456 2282 est
1481 2227 1668 2281 vitium
1689 2225 1875 2290 ullum,
1909 2225 2050 2292 quod

464 2334 568 2372 non
615 2319 922 2388 pmnitentia
969 2319 1227 2375 solvatur.
1281 2317 1485 2374 Idcirco
1508 2316 1752 2373 Christus
1801 2316 2052 2388 nequitiae

461 2411 694 2466 culmina
731 2411 946 2484 delegit,
983 2421 1040 2467 ut
1064 2412 1117 2466 in
1134 2411 1237 2466 ﬁne
1259 2409 1460 2466 nullum
1475 2410 1864 2480 subterfugium
1887 2409 2049 2463 relin.

462 2512 608 2572 quat.
1219 2548 1222 2550 γ

532 2600 586 2653 3.
613 2599 689 2653 Ne
716 2598 841 2652 mihi
872 2597 1039 2660 dicas,
1074 2596 1232 2658 Perii,
1278 2595 1406 2667 quid
1433 2596 1562 2651 mihi
1617 2594 1921 2651 faciendum
1963 2611 2050 2650 re-

461 2691 602 2744 SIat?
629 2707 692 2744 ne
721 2689 846 2744 mihi
873 2689 1054 2753 dicas,
1089 2687 1334 2753 Peccavi,
1368 2698 1420 2744 et
1465 2687 1595 2757 quid
1620 2688 1848 2742 faciam?
1880 2687 2052 2743 llabes

461 2783 722 2838 medicum
768 2782 956 2836 morbo
1004 2781 1398 2850 potentiorem,
1453 2780 1720 2836 medicum
1771 2779 1937 2835 habes
1962 2781 2050 2848 qui

462 2873 631 2928 morbi
679 2883 920 2927 naturam
969 2880 1206 2940 superat,
1263 2869 1527 2926 medicum
1572 2871 1738 2926 babes
1775 2872 1866 2940 qui
1923 2879 2051 2926 nutu

459 2967 576 3022 solo
604 2975 754 3021 curat
790 3006 804 3031 ,
834 2964 1099 3020 medicum
1145 2963 1310 3018 habes
1334 2963 1423 3032 qui
1475 2962 1749 3017 voluntate
1793 2963 2048 3032 corrigit,

460 3059 550 3126 qui
577 3064 748 3127 potest
771 3064 824 3110 et
843 3055 952 3109 vult
978 3068 1188 3110 sanare.
1214 3051 1348 3108 Cum
1373 3066 1478 3130 non
1499 3066 1670 3118 esses,
1691 3061 1742 3107 te
1761 3051 2012 3121 produxit
2035 3069 2049 3118 ;

462 3164 581 3203 eum
608 3148 715 3217 jam
745 3149 818 3202 sis
844 3155 898 3202 et
938 3159 1221 3216 perversus
1247 3144 1322 3200 sis
1342 3185 1356 3210 ,
1389 3143 1556 3198 multo
1583 3145 1750 3214 magis
1778 3144 1971 3213 poterit
2002 3155 2055 3198 te

461 3225 749 3309 corrigere.
803 3237 920 3293 Non
970 3237 1164 3293 audisti
1193 3235 1466 3308 quomodo
1508 3236 1636 3291 olim
1670 3237 1941 3305 pulverem
1985 3235 2052 3290 de

464 3343 602 3388 terra
629 3332 938 3402 sumpserit,
961 3341 1017 3386 et
1037 3331 1312 3386 hominem
1357 3329 1608 3385 tinxerit?
1632 3329 1910 3398 Quomodo
1941 3338 2049 3384 ter-

465 3441 576 3478 ram
605 3423 930 3478 converterit
961 3423 1011 3476 in
1062 3437 1279 3478 carnem
1301 3421 1326 3474 Ἰ
1350 3421 1620 3492 quomodo
1643 3436 1837 3476 nervos
1863 3421 2051 3475 condi-

463 3517 622 3578 derit,
653 3515 922 3584 quomodo
945 3530 1087 3581 ossa,
1117 3514 1387 3585 quomodo
1422 3513 1636 3584 pellem,
1666 3512 1934 3583 quomodo
1959 3528 2051 3568 vc-

465 3624 578 3670 nas,
602 3608 870 3678 quomodo
893 3623 1102 3672 nasum,
1126 3607 1396 3678 quomodo
1421 3607 1626 3674 oculos,
1644 3607 1912 3677 quomodo
1935 3608 2052 3677 pal-

467 3701 676 3769 pebras,
727 3699 996 3769 quomodo
1039 3699 1403 3770 supercilium,
1450 3697 1719 3769 quomodo
1774 3699 2049 3768 linguam,

463 3791 731 3864 quomodo
758 3801 962 3862 pectus,
1005 3790 1274 3861 quomodo
1313 3805 1520 3856 manus,
1568 3790 1838 3861 quomodo
1867 3790 2051 3861 pedes,

462 3884 732 3955 quomodo
773 3883 974 3952 reliqua
1018 3880 1429 3937 ornnia‘iTerra
1475 3897 1592 3936 era.
1637 3880 1898 3950 subjecta,
1951 3897 2053 3935 una

463 3975 758 4032 substantia
788 3991 803 4029 :
847 3983 904 4030 et
939 3974 1151 4028 intravit
1197 3989 1307 4040 ars,
1339 3986 1500 4045 atque
1534 3975 1739 4028 varium
1783 3974 2053 4043 opiﬁcium

465 4066 733 4135 produxit.
759 4065 1022 4136 Numquid
1043 4065 1260 4119 modum
1288 4073 1441 4134 potes
1457 4079 1748 4135 exponere,
1771 4079 1877 4134 quo
1901 4079 2054 4119 crea-

467 4171 548 4212 tus
575 4173 633 4212 es
652 4162 675 4210 2'
718 4157 806 4212 Sic
835 4173 1006 4227 neque
1034 4157 1250 4211 modum
1301 4166 1454 4225 potes
1504 4155 1676 4224 eﬁ'ari,
1705 4172 1812 4226 quo
1840 4167 2053 4226 peccata

465 4253 741 4306 tolluntur.
755 4251 810 4305 Si
823 4251 965 4305 enim
981 4249 1366 4319 iguisincidcns
1383 4248 1432 4300 in
1451 4247 1653 4317 spinas,
1674 4247 1791 4302 illas
1801 4247 2051 4314 absumit,

465 4346 632 4399 multo
663 4343 829 4414 magis
851 4342 1097 4397 voluntas
1127 4327 1306 4395 divina
1334 4340 1527 4395 delicta
1553 4349 1734 4395 nostra
1764 4343 2051 4408 consumit,

465 4436 718 4492 radicitus
743 4435 949 4500 evellit,
997 4441 1051 4488 et
1080 4443 1416 4504 peccatorem
1466 4432 1515 4489 ei
1542 4433 1633 4503 qui
1660 4450 1766 4490 non
1814 4436 2054 4504 peccavit

466 4529 692 4582 similem
715 4527 908 4582 reddit.
932 4526 1010 4580 Ne
1031 4541 1240 4596 qumras
1267 4525 1505 4594 modum,
1534 4542 1602 4582 ne
1619 4527 1905 4597 investiges
1926 4527 2053 4597 quid

469 4619 665 4673 factum
694 4618 798 4681 sit;
831 4616 924 4670 sed
945 4617 1201 4670 miraculo
1223 4616 1402 4671 crede.
1426 4616 1586 4671 Multa
1611 4633 1908 4687 magnaque
1937 4634 2058 4686 pec-

467 4709 605 4772 cavi,
633 4707 785 4761 dicis.
822 4706 1020 4776 Ecquis
1043 4721 1072 4758 a
1103 4717 1325 4775 peccato
1363 4707 1647 4762 immunis?
1682 4709 1751 4761 At
1784 4723 1902 4763 mea
1933 4723 2055 4777 gra~

468 4802 551 4854 via
583 4807 727 4864 sunt,
782 4806 836 4851 et
863 4796 1176 4866 quorumvis
1221 4795 1495 4850 hominum
1528 4806 1744 4866 peccata
1783 4808 2056 4867 superant.

469 4893 580 4948 lloc
608 4891 700 4945 tibi
725 4887 921 4944 sufﬁcit
948 4889 1014 4942 ad
1047 4889 1366 4944 sacriﬁcium
1397 4908 1409 4942 :
1445 4889 1537 4942 Dic
1560 4899 1612 4942 tu
1635 4890 1922 4960 iniquitates
1945 4903 2056 4946 tuas

471 4984 683 5053 primus,
709 4981 1069 5053 utjusti/iceris
1096 4981 1114 5049 (
1138 4978 1266 5034 Isai.
1296 4981 1386 5035 45.
1417 4981 1546 5052 26).
1580 4982 1824 5052 Agnosce
1854 4995 1905 5038 te
1938 5000 2057 5053 prc-

466 5090 640 5138 casse,
670 5082 725 5128 ct
753 5073 959 5126 initium
1003 5071 1095 5125 tibi
1135 5073 1487 5126 correctionis
1544 5074 1644 5127 hoc
1687 5074 1796 5130 flet.
1840 5077 2056 5132 Maestus

466 5179 606 5233 esto,
634 5165 896 5234 lacrymas
931 5162 1111 5218 funde.
1157 5162 1422 5234 Numquid
1466 5164 1608 5219 aliud
1636 5167 1902 5238 quidpiam
1939 5186 2053 5224 me-

469 5257 630 5313 retrix
672 5254 859 5310 effudit
895 5255 920 5306 ‘l
946 5250 1083 5308 Nihil
1112 5253 1275 5321 aliud,
1306 5270 1462 5325 quam
1509 5256 1776 5327 lacrymas
1801 5269 1857 5315 et
1884 5265 2053 5330 ptent-

469 5349 687 5404 tentiam
714 5364 730 5413 ;
756 5347 946 5401 ducem
963 5346 1252 5416 assumpsit
1278 5348 1662 5416 pmnitentiam,
1681 5359 1732 5405 et
1759 5350 1824 5406 ad
1855 5351 2052 5407 fontem

464 5443 713 5499 accessit.
729 5445 744 5462 ‘

539 5541 592 5594 ι.
620 5537 755 5604 Quid
783 5552 912 5591 vero
930 5536 1241 5606 publicanus
1259 5544 1313 5589 et
1329 5535 1652 5606 evangelista
1675 5536 1831 5598 dicat,
1872 5539 2054 5593 audia—

467 5646 604 5683 mus.
639 5629 704 5683 Et
729 5645 953 5701 egressus
974 5629 1090 5683 inde
1112 5628 1264 5682 Jesus
1285 5628 1416 5681 venit
1443 5629 1497 5680 in
1529 5638 1697 5696 partes
1725 5627 1846 5697 Tyri
1874 5639 1918 5682 et
1967 5630 2052 5684 Si-

465 5723 676 5776 donis'.‘
715 5733 760 5775 et
807 5737 917 5775 ecce
963 5721 1160 5774 mulier.
1211 5719 1430 5774 Miratur
1479 5721 1800 5790 evangelista
1861 5741 1872 5776 :
1924 5723 2054 5777 Eccc

466 5815 665 5882 mulier,
701 5822 902 5870 vetusta
923 5821 1188 5870 armatura
1215 5811 1430 5879 diaboli,
1457 5827 1572 5881 quae
1600 5828 1686 5868 mc
1710 5812 1776 5868 dc
1810 5816 2053 5882 paradiso

3640 370 3752 426 4ὺὲ

2157 477 2359 548 expulit
2380 518 2398 545 ,
2424 487 2596 534 mater
2620 478 2843 547 peccati,
2873 477 3119 546 princeps
3145 477 3591 546 praevaricationis
3615 496 3628 542 ;
3658 479 3749 535 illa

2129 571 2267 640 ,ipsa
2299 570 2492 625 mulier
2518 571 2708 637 venit,
2756 570 2869 639 ipsa
2921 579 3148 624 natura:
3181 585 3375 624 novum
3419 583 3482 624 ac
3524 578 3752 638 stupen-

2155 664 2282 719 dum
2304 664 2664 733 spectaculum
2699 661 2902 717 :Jud:ei
2949 663 3174 731 luginnt,
3203 672 3258 718 et
3283 662 3473 716 mulier
3489 661 3756 730 sequitur.

2158 756 2222 809 Et
2243 772 2354 810 ecce
2369 757 2548 808 mulier
2562 755 2625 807 de
2639 755 2821 820 ﬁnibus
2842 754 2942 807 illis
2963 770 3160 822 egressa
3181 753 3388 821 roqabat
3417 767 3531 805 cum
3555 753 3750 803 dicens.

2159 845 2392 907 Domine,
2431 847 2507 914 ﬁli
2537 845 2721 908 David,
2761 847 2994 898 miserere
3019 843 3349 921 ntei_(Matth.
3383 844 3469 899 15.
3503 844 3594 897 21.
3619 839 3752 905 2‘2)-

2157 940 2492 1010 Evangelista
2521 939 2580 993 ﬁt
2611 937 2826 1002 mulier,
2853 952 2917 991 ac
2943 938 3274 993 divinitatem
3303 938 3761 992 incarnatimiem-

2154 1046 2260 1100 que
2297 1030 2621 1095 conﬁtetur;
2679 1029 2913 1094 Domine,
2962 1027 3412 1089 dominationem;
3447 1028 3520 1096 fili
3560 1026 3763 1088 David,

2157 1121 2580 1177 incarnationem
2629 1121 2868 1177 denotat.
2914 1120 3156 1176 Miserere
3183 1122 3300 1175 mei.
3353 1121 3483 1176 Vide
3510 1120 3761 1190 philosi-

2157 1215 2367 1285 phiCam
2399 1215 2646 1269 animam.
2689 1213 2934 1269 Miserere
2965 1214 3061 1268 mei
3089 1230 3108 1267 :
3137 1229 3244 1268 non
3273 1213 3444 1268 habeo
3469 1213 3756 1268 COllSCiCl‘-

2158 1307 2284 1361 tiam
2313 1306 2574 1361 bonorum
2601 1306 2844 1376 operum,
2873 1320 2980 1360 non
3025 1314 3186 1361 recta:
3213 1304 3337 1359 vitae
3367 1303 3613 1359 ﬁduciam
3641 1320 3655 1367 ;
3689 1306 3757 1356 ad

2156 1397 2579 1452 misericordiam
2614 1395 2885 1467 confugio,
2917 1396 2986 1451 ad
3023 1410 3362 1451 communem
3413 1405 3758 1466 peccatorum

2159 1499 2368 1557 portum
2404 1505 2419 1544 :
2445 1487 2512 1542 ad
2534 1487 2954 1543 misericordiam
2983 1487 3254 1559 confugio,
3281 1488 3371 1543 ubi
3407 1489 3612 1544 nullum
3657 1489 3758 1542 tri-

2157 1579 2339 1646 bunal,
2371 1579 2457 1634 ubi
2520 1581 2636 1635 sine
2663 1580 2909 1635 examine
2937 1579 3084 1635 salus
3114 1598 3126 1634 :
3160 1581 3238 1634 sic
3265 1581 3536 1650 peccatrix
3573 1591 3628 1636 et
3666 1580 3761 1634 ini.

2156 1689 2260 1743 qua
2289 1674 2547 1730 accedere
2573 1688 2698 1729 ausa
2722 1683 2826 1729 est.
2858 1673 2988 1728 Vide
3019 1673 3147 1728 mihi
3196 1673 3587 1744 philosophiam
3638 1689 3758 1727 mu-

2158 1765 2343 1830 lieris;
2379 1781 2486 1819 non
2533 1774 2686 1835 rogat
2723 1764 3005 1832 Jacobum,
3061 1780 3168 1820 non
3225 1763 3487 1832 supplicat
3536 1763 3673 1818 Joan
3720 1765 3760 1829 i,

2157 1873 2261 1912 non
2292 1855 2502 1912 accedit
2531 1855 2597 1910 ad
2628 1856 2864 1924 Petrum,
2895 1871 2996 1912 nec
3024 1856 3202 1911 divisit
3226 1856 3587 1925 apostolorum
3619 1857 3756 1911 cho-

2156 1965 2294 2004 rum.
2319 1949 2436 2005 Non
2453 1964 2588 2021 egeo
2610 1949 2925 2016 mediatore,
2948 1949 3042 2006 sed
3072 1948 3446 2019 paenitentiam
3471 1963 3764 2006 assumens

2155 2043 2494 2110 advocatum,
2526 2043 2593 2098 ad
2625 2044 2798 2113 ipsum
2850 2043 3051 2099 fontem
3086 2059 3268 2114 pergo.
3303 2043 3428 2099 Ideo
3455 2043 3760 2111 descendit,

2159 2135 2279 2190 ideo
2306 2151 2524 2191 carnem
2556 2137 2848 2208 assumpsit
2873 2179 2889 2203 ,
2919 2145 2976 2190 ut
3006 2151 3106 2207 ego
3134 2136 3310 2206 ipsum
3339 2137 3602 2207 alloquar.
3626 2137 3762 2194 Sur-

2156 2242 2272 2302 sum
2301 2218 2593 2282 Cherubim
2625 2228 2795 2297 ipsmn
2837 2236 3094 2292 tremunt,
3124 2237 3176 2283 et
3209 2229 3460 2284 deorsum
3503 2234 3763 2286 meretrix

2155 2319 2304 2374 illum
2333 2319 2637 2390 alloquitur.
2670 2319 2915 2374 Miserere
2943 2321 3058 2374 mei.
3084 2319 3267 2375 Nudus
3296 2335 3474 2376 sermo
3503 2363 3518 2386 ,
3551 2322 3646 2376 sed
3675 2337 3763 2376 sa—

2157 2410 2284 2466 lutis
2321 2411 2641 2466 innnensum
2682 2412 2902 2483 pelagus
2929 2413 3150 2483 reperit.
3181 2413 3423 2467 Miserere
3475 2415 3610 2478 mei;
3640 2415 3765 2468 ideo

2157 2501 2374 2568 venisti,
2396 2501 2518 2557 ideo
2541 2516 2760 2558 carnem
2794 2504 3156 2576 assumpsisti,
3183 2503 3304 2558 ideo
3332 2506 3500 2559 iactus
3529 2521 3588 2560 es
3616 2507 3764 2574 quod

2158 2610 2257 2665 ego
2281 2609 2420 2650 sum.
2452 2594 2695 2664 Superne
2726 2604 2944 2661 tremor,
2975 2605 3030 2651 et
3050 2595 3301 2651 deorsum
3355 2595 3567 2650 ﬁducia.
3597 2595 3764 2650 Mise—

2158 2706 2267 2743 rere
2290 2690 2389 2744 mei
2413 2703 2432 2752 ,'
2459 2704 2564 2743 non
2583 2703 2714 2759 egeo
2736 2688 3052 2756 mediatore,
3089 2687 3334 2744 Miserere
3355 2690 3469 2743 mei.
3493 2689 3608 2758 Quo
3626 2706 3764 2760 opus

2157 2782 2362 2838 babes?
2407 2781 2828 2837 Miscricordiam
2883 2797 3087 2851 quaero.
3131 2782 3270 2850 Quid
3335 2783 3576 2852 pateris?
3622 2783 3764 2838 Filia

2157 2889 2268 2927 mea
2319 2873 2502 2926 malea
2529 2871 2780 2927 dtentonie
2802 2870 3218 2944 vexaturUbia’.)
3253 2890 3265 2925 :
3299 2881 3488 2927 natura
3538 2884 3728 2943 torque
3749 2905 3761 2915 -

2160 2974 2265 3028 tur,
2306 2964 2708 3018 commiseratio
2742 2973 3042 3020 exercetur.
3091 2964 3321 3035 Egressa
3367 2973 3452 3020 est
3503 2968 3759 3021 advocata

2159 3053 2281 3109 lilia:
2313 3073 2326 3108 :
2356 3069 2463 3108 non
2493 3052 2645 3109 aﬁ'ert
2678 3069 2900 3124 mgram,
2930 3055 3020 3112 sed
3055 3055 3214 3110 ﬁdem
3253 3055 3409 3111 atlert
3436 3076 3448 3110 :
3486 3056 3624 3112 Deus
3653 3069 3760 3124 est,

2158 3155 2212 3200 et
2235 3146 2414 3202 omnia
2457 3145 2625 3202 videt.
2683 3145 2821 3201 Filia
2859 3164 2971 3202 mea
2998 3149 3129 3202 male
3159 3165 3190 3200 α
3228 3149 3483 3204 ἀωηιοηὶο
3527 3161 3756 3205 vexatur.

2157 3237 2347 3294 Gravis
2373 3238 2549 3294 luctus
2583 3255 2595 3291 :
2642 3247 2847 3294 natura:
2895 3239 3140 3294 stimulus
3171 3249 3386 3296 uterum
3437 3242 3670 3306 discidit.
3709 3245 3761 3298 in

2159 3329 2452 3388 visceribus
2485 3340 2792 3400 tempestas.
2848 3331 2984 3397 Quid
3035 3332 3271 3387 faciam?
3299 3334 3454 3403 perii.
3497 3333 3605 3389 Cur
3651 3350 3760 3389 non

2156 3422 2311 3487 dicis,
2348 3421 2603 3477 Miserere
2659 3420 2781 3476 ﬁlia:
2827 3438 2980 3488 mem,
3038 3423 3154 3488 sed,
3200 3422 3441 3478 Miserere
3488 3426 3626 3479 mei?
3670 3426 3760 3480 Illa

2157 3513 2332 3568 morbi
2361 3528 2579 3570 sensum
2611 3529 2717 3570 non
2749 3513 2926 3580 habet,
2951 3515 3122 3568 nescit
3149 3515 3277 3585 quid
3323 3519 3571 3585 patiatur,
3609 3517 3761 3571 dolo-

2158 3623 2270 3662 rem
2301 3622 2407 3662 non
2435 3609 2634 3663 sentit:
2668 3607 2890 3674 doloris,
2938 3607 3046 3662 imo
3075 3617 3130 3663 et
3174 3624 3367 3664 sensus
3397 3611 3637 3665 vacuitas
3679 3621 3763 3666 est

2160 3699 2258 3767 ipsi
2292 3699 2468 3753 velum
2495 3698 2839 3752 calamitatis.
2891 3697 3132 3754 Miserere
3168 3702 3265 3754 mei
3295 3700 3611 3756 diurnorum
3641 3719 3758 3757 ma-

2161 3792 2335 3846 lorum
2364 3790 2736 3861 spcctatricis;
2765 3789 2908 3844 domi
2936 3791 3254 3846 calamitatis
3281 3794 3550 3848 theatrum
3578 3794 3755 3849 adest.

2158 3882 2275 3950 Quo
2304 3883 2558 3952 pergam?
2587 3883 2640 3936 In
2662 3882 2977 3937 desertum?
3006 3886 3071 3938 At
3100 3901 3204 3938 non
3227 3885 3398 3940 audeo
3423 3887 3564 3942 illam
3585 3889 3760 3944 Solum

2159 3974 2476 4042 relinquere.
2501 3973 2726 4029 Domine
2748 3972 3002 4028 sedeam?
3022 3973 3125 4030 Sed
3148 3975 3466 4032 intrinsecus
3489 3990 3572 4034 est
3594 3981 3766 4036 inimi-

2158 4081 2275 4134 cus,
2323 4075 2611 4136 tempestas
2647 4067 2699 4120 in
2757 4076 2934 4135 portu,
2993 4069 3356 4136 spectaculum
3407 4069 3757 4125 calamitatis.

2159 4160 2276 4228 Quo
2335 4159 2552 4212 nomine
2583 4157 2789 4213 vocabo
2819 4158 3005 4212 illam?
3042 4159 3404 4215 Mortnamne?
3433 4160 3538 4216 Sed
3579 4178 3760 4218 move-

2161 4259 2266 4303 tttr.
2305 4249 2618 4304 Vivenlcm?
2639 4252 2710 4304 At
2739 4250 2907 4305 nescit
2928 4248 3053 4318 quid
3087 4248 3260 4304 faciat.
3295 4250 3535 4306 Invenire
3561 4270 3762 4310 nomen

2161 4356 2369 4410 nequeo
2398 4354 2528 4410 ἰιυο
2576 4341 2821 4396 morbum
2874 4340 3163 4409 appellem.
3239 4341 3483 4397 Miserere
3527 4346 3644 4398 mei.
3704 4346 3760 4401 Si

2162 4441 2373 4485 mortua
2399 4440 2544 4487 esset
2574 4431 2683 4485 tilia
2723 4432 2862 4496 mea,
2895 4447 3001 4486 non
3029 4433 3153 4486 talia
3212 4445 3453 4504 paterer;
3483 4452 3678 4506 corpus
3706 4439 3758 4492 in

2163 4522 2461 4576 visceribus
2509 4532 2667 4577 terra:
2705 4523 3108 4593 deposuisscm,
3167 4537 3220 4580 et
3263 4526 3448 4596 elapso
3518 4538 3763 4598 tempore

2163 4612 2216 4666 itt
2247 4611 2570 4667 oblivionem
2613 4614 2875 4668 malorum
2913 4616 3202 4684 venissem,
3244 4627 3297 4670 et
3329 4617 3478 4672 ulcus
3504 4618 3762 4674 obduxis-

2163 4721 2276 4761 sem
2308 4725 2321 4760 :
2345 4722 2485 4763 nunc
2509 4716 2686 4762 autem
2713 4708 2939 4763 cadaver
2967 4708 3141 4762 habeo
3169 4709 3442 4763 assiduum
3476 4721 3760 4780 spectacu-

2166 4799 2297 4864 lum,
2319 4798 2464 4868 quod
2489 4797 2620 4852 mihi
2655 4799 2846 4854 vulnus
2876 4809 3156 4868 perennet,
3190 4809 3243 4854 et
3271 4800 3512 4856 dolorem
3543 4815 3760 4872 augeat.

2162 4890 2443 4956 Quomodo
2468 4904 2684 4945 cernam
2706 4893 2894 4946 oculos
2937 4901 3295 4958 transversos,
3329 4909 3516 4949 manus
3538 4908 3759 4953 contor-

2164 4993 2262 5048 tas,
2299 4997 2489 5052 passos
2516 4981 2716 5048 crines,
2743 4984 2995 5037 emissam
3035 4999 3302 5053 Spumant,
3334 4987 3642 5042 carniﬁcem
3675 4989 3757 5043 in.

2164 5088 2248 5132 tus
2276 5077 2508 5148 positum
2538 5085 2592 5130 et
2613 5091 2718 5131 non
2745 5087 3111 5147 apparentem,
3139 5077 3501 5147 ﬂagellantem
3529 5082 3618 5151 qui
3649 5098 3759 5137 non

2162 5169 2424 5234 videatur,
2460 5166 2584 5220 dum
2615 5166 2880 5238 ﬂagellant
2922 5169 3092 5237 ipsum
3121 5169 3370 5224 videtur?
3411 5168 3507 5227 Sto
3537 5183 3758 5242 speeta-

2164 5265 2265 5317 trix
2295 5262 2590 5315 alienorum
2617 5261 2880 5315 malorum
2910 5301 2924 5324 ,
2955 5272 3038 5315 sto
3064 5273 3252 5316 natura
3275 5264 3620 5332 stimulante;
3643 5265 3759 5331 Mi-

2162 5370 2326 5408 serere
2347 5352 2463 5405 mei.
2483 5351 2669 5406 Gravis
2698 5360 2985 5421 tempestas
3015 5354 3273 5422 asgritudo
3299 5364 3352 5408 et
3381 5356 3574 5421 timor;
3598 5357 3758 5426 :egri~

2164 5449 2294 5503 tudo
2321 5457 2547 5512 natura),
2572 5457 2625 5501 et
2673 5448 2832 5502 timor
2857 5446 3134 5502 dmntonis.
3176 5449 3449 5504 Accedere
3493 5465 3598 5505 non
3630 5465 3757 5520 pos-

2161 5555 2302 5606 sum,
2332 5552 2507 5607 neque
2548 5538 2876 5606 contingere.
2912 5539 3137 5608 Impellit
3167 5557 3252 5595 me
3276 5541 3497 5596 allectus
3530 5583 3546 5610 ,
3593 5542 3759 5614 abigit

2161 5631 2352 5696 timor;
2377 5631 2615 5685 Miserere
2642 5631 2755 5684 mei.

2233 5725 2286 5780 5.
2311 5723 2494 5791 Cogita
2525 5722 2758 5776 mulieris
2790 5722 3202 5792 philosiiphiam.
3259 5723 3374 5778 Non
3411 5723 3539 5777 adiit
3572 5741 3757 5796 magos

2164 5833 2268 5871 non
2303 5815 2512 5869 vocavit
2556 5813 2779 5884 divinos,
2819 5832 2924 5871 non
2957 5815 3210 5886 ligaturas
3240 5816 3471 5880 admisit,
3503 5829 3609 5866 non
3638 5830 3722 5867 ma
