4046 6430
266 422 363 477 "vi

264 545 600 603 συνηγοριαν
626 526 1063 599 προϐαλλομένη,
1085 524 1178 579 τὸν
1214 519 1397 593 ἰατρὸν
1424 519 1626 603 ἔχουσα
1646 516 1857 603 δήμιον.

264 600 545 687 Συνήκατε
574 614 604 667 δ
641 608 834 673 εἷπονς
865 614 928 665 Ol
959 612 1114 681 νόμοι
1143 606 1319 678 ἰατροί
1348 605 1514 667 εἰσιν,
1536 601 1748 687 ,ἔπειτα
1771 600 1862 652 καί

262 685 451 771 δήμιοι
480 698 745 767 γίνονται·
762 696 825 750 οὐ
848 694 958 764 γάρ
974 693 1161 746 λύουσι
1179 691 1241 745 τὸ
1261 690 1440 753 ἕλκος,
1463 686 1601 741 ἀλλά
1616 685 1864 771 αὔξουσι..

263 766 820 846 Τίὲστιτελιὶινιοκ
866 779 1249 848 Ἀναίσχυντος
1300 772 1579 845 ἁμαρτία,
1638 766 1867 840 ἁρπαγὴ

265 866 544 937 πρόφασιν
566 865 667 918 οὐκ
696 864 916 934 ἔχουσα,
945 861 1202 934 λῃστείας
1222 857 1625 931 χαλεπώτερον.
1675 852 1733 905 '0
1766 850 1866 937 λῃ-

266 935 397 1019 στὴς
426 950 533 1003 κᾶν
557 947 873 1017 αἰσχύνεται
905 945 1189 1000 κλέπτων·
1214 937 1373 1007 οὗτος
1402 943 1459 996 δὲ
1494 935 1871 1012 παρρησιάζε-

265 1031 659 1103 ταιάρπάζων.
704 1030 845 1083 Ἀλλ’
866 1022 1023 1093 οὗτος
1051 1032 1081 1085 ό
1110 1028 1353 1099 τελώνης
1383 1026 1583 1096 ἀθρόον
1630 1023 1867 1090 εὐαγγε-

268 1117 459 1188 λιστὴς
485 1116 723 1184 ἐγένετο.
755 1114 881 1177 Πῶς
914 1116 1009 1169 καὶ
1036 1113 1145 1167 τίνι
1176 1112 1397 1184 τρόπῳς
1429 1106 1745 1177 Παράγων,
1764 1122 1870 1175 φη·

272 1198 380 1264 σὶν,
395 1198 428 1252 ὁ
454 1197 719 1266 Ἰησοῦς,
748 1193 873 1251 εἶδε
890 1196 1200 1253 διατθαῖον
1222 1196 1323 1249 ἐπὶ
1340 1194 1407 1247 τὸ
1421 1190 1711 1246 τελώνιον
1738 1189 1873 1241 καθ-

272 1280 521 1351 ήμενον,
554 1282 655 1334 καί
684 1280 849 1351 λέγει
897 1278 1080 1346 αὐτῷ·
1112 1278 1462 1335 Ἀκολούθει
1477 1274 1682 1345 μοι.Ὢ
1708 1272 1872 1340 λόγου

271 1363 533 1435 δύναμις·
565 1364 785 1435 εἰσῆλθε
812 1365 875 1417 τὸ
901 1365 1224 1436 ἄγκιστρον,
1266 1361 1363 1416 καὶ
1399 1359 1494 1415 τὸν
1521 1356 1875 1428 αἰχμάλωτον

276 1447 618 1519 στρατιώτην
638 1448 886 1519 ἐποίησε,
904 1448 997 1501 τὸν
1016 1446 1190 1519 πηλὸν
1209 1445 1411 1517 χρυσὸν
1426 1443 1744 1516 είργάσατο·
1762 1440 1875 1492 εἱσ-

273 1532 406 1599 ἧλθε
426 1531 488 1583 τὺ
509 1531 828 1604 ἄγκιστρον,
852 1532 960 1586 Kal
989 1533 1214 1598 εὐθέως
1241 1529 1514 1595 ἀναστὰς
1538 1526 1877 1595 ἠκολούθη-

275 1630 390 1668 σεν
407 1614 589 1678 αὐτῷ.
622 1616 714 1677 Εἰς
742 1615 803 1668 τὸ
828 1615 993 1685 βάθος
1018 1611 1087 1687 ἦν
1110 1615 1210 1685 τῆς
1240 1613 1527 1685 πονηρίας,
1559 1611 1655 1664 καὶ
1677 1612 1756 1672 εἰς
1775 1606 1877 1679 τὴν

277 1698 443 1766 ἁψῖδα
472 1698 642 1767 ἀνέϐη
672 1698 773 1769 τῆς
808 1699 1034 1770 ἀρετῆς.
1077 1698 1287 1769 Μηδεὶς
1320 1699 1523 1761 τοίνυν,
1568 1694 1871 1765 ἀγαπητοὶ.

276 1783 706 1850 άπογινωσκέτω
719 1784 819 1853 τῆς
841 1782 1036 1838 ἑαυτοῦ
1066 1783 1365 1855 σωτηρίας.
1390 1783 1506 1835 Οὐκ
1529 1780 1645 1834 ἔστι
1660 1778 1880 1849 φύσεως

278 1865 349 1918 τὰ
377 1867 476 1936 τῆς
508 1866 774 1938 πονηρίας
795 1885 808 1898 ·
836 1865 1520 1939 προαιρέσειτετιμήμεθα
1542 1864 1640 1917 καὶ
1664 1861 1881 1915 ἐλευθε-

282 1950 398 2021 [δία.
430 1948 683 2021 Τελώνης
728 1948 813 2016 εἷς
868 1953 1106 2007 Δύνασαι
1153 1950 1410 2021 γενέσθαι
1458 1948 1879 2017 εὐαγγελιστής.

284 2035 613 2106 Βλάσφημος
647 2032 729 2099 εἷς
758 2036 995 2091 Δύνασαι
1022 2037 1279 2107 γενέσθαι
1311 2034 1631 2098 ἀπόστολος.
1661 2030 1883 2103 Λῃστὴς

281 2115 333 2173 εί
356 2138 371 2184 ;
393 2120 631 2174 Δύνασαι
661 2122 995 2193 παράδεισον
1024 2122 1277 2193 συλῆσαι.
1317 2121 1508 2188 Μάγος
1530 2114 1613 2185 εἰς
1642 2118 1884 2170 Δύνασαι

200 2200 212 2217 κ
283 2205 660 2276 προσκυνῆσαι
700 2205 789 2258 τὸν
822 2204 1120 2275 Δεσπότην.
1150 2206 1264 2258 Οὐκ
1284 2203 1436 2257 ἔστιν
1461 2202 1689 2272 οὐδεμία
1714 2199 1885 2253 κακία

288 2288 549 2359 μετανοίᾳ
604 2289 680 2360 μὴ
708 2289 967 2360 λυομένη.
997 2288 1096 2341 Διὰ
1146 2286 1310 2341 τοῦτο
1354 2286 1426 2340 τὰ
1457 2285 1750 2358 ἀκροθίνια
1786 2284 1887 2354 τῆς

285 2372 555 2445 πονηρίας
596 2370 882 2437 ἐξελέξατο
924 2373 953 2425 ό
1005 2370 1264 2442 Χριστὸς,
1299 2370 1388 2425 ἵνα
1427 2369 1620 2442 μηδεὶς
1658 2368 1798 2441 πρὸς
1826 2368 1889 2423 τὸ

284 2454 439 2519 τέλος
471 2456 773 2525 ἀποφυγεῖν
805 2454 940 2527 ἔχοι.

357 2562 429 2627 γ’.
448 2558 541 2630 Μή
571 2575 662 2629 μοι
675 2557 823 2627 λέγε,
867 2557 1221 2630 Ἀπωλόμην,
1252 2557 1349 2611 καὶ
1369 2556 1421 2609 τί
1455 2556 1676 2623 λοιπόν;
1700 2556 1773 2627 μή
1797 2572 1889 2627 μοι

288 2640 439 2709 λέγε,
476 2641 827 2714 Ἡμάρτηκα,
857 2644 954 2697 καὶ
976 2642 1029 2696 τί
1057 2644 1306 2715 ποιήσω;
1345 2643 1553 2714 ’ἰατρὸν
1573 2640 1717 2712 ἔχεις
1746 2640 1890 2693 ἀνώο

291 2742 449 2797 τερον
477 2726 577 2797 τῆς
613 2728 945 2800 ἀρρωστίας,
1000 2728 1185 2799 ἰατρὸν
1211 2727 1357 2799 ἔχεις
1400 2727 1639 2782 νικῶντα
1670 2725 1765 2778 τοῦ
1798 2743 1888 2778 νο-

296 2811 542 2880 σήματος
559 2810 658 2882 τὴν
676 2810 858 2881 φύσιν,
876 2811 1061 2883 ἰατρὸν
1078 2813 1223 2882 ἔχεις
1241 2812 1474 2884 νεύματι
1492 2810 1890 2883 θεραπεύοντα,

296 2894 481 2964 ιατρον
505 2894 649 2964 ἔχεις
691 2895 957 2965 θελήματι
985 2897 1368 2968 διορθούμενον
1392 2910 1443 2961 α,
1471 2897 1566 2950 καὶ
1594 2897 1895 2965 δυνάμενον

298 2976 393 3029 καὶ
415 2975 759 3047 βουλόμενον.
790 2979 1048 3033 Ούκδντα
1071 2997 1129 3032 σε
1155 2982 1483 3052 παρήγαγεν
1510 2997 1523 3010 ·
1556 2980 1685 3033 ὅντα
1718 2996 1777 3031 σε
1800 2978 1895 3032 καὶ

295 3060 701 3131 διαστραφέντα
758 3062 938 3134 πολλῷ
988 3065 1191 3135 μᾶλλον
1243 3065 1537 3136 διορθῶσαι
1578 3066 1890 3135 δυνήσεται.

299 3143 582 3217 [4551ούκ
605 3146 845 3217 ήκουσας
861 3148 936 3210 ώς
962 3149 1022 3201 τὸ
1038 3149 1306 3221 πρότερον
1335 3150 1495 3203 ἔλαϐε
1513 3149 1640 3220 χοῦν
1662 3150 1774 3203 ἀπὸ
1796 3148 1894 3219 τῆς

298 3228 423 3299 γῆς,
452 3230 545 3283 καὶ
569 3230 773 3285 ἔπλασε
819 3232 911 3285 τὸν
937 3233 1263 3304 άνθρωπον;
1296 3234 1417 3299 πῶς
1446 3234 1545 3305 τὴν
1579 3234 1683 3304 γῆν
1717 3234 1898 3303 σάρκα

301 3312 556 3383 ὲποίησες
593 3314 713 3377 πῶς
738 3313 946 3386 νεῦρα;
985 3315 1102 3381 πῶς
1131 3316 1330 3385 όστέα;
1372 3316 1491 3379 πῶς
1535 3316 1748 3390 δέρμας
1779 3315 1897 3379 πῶς

300 3395 545 3464 φλέϐας;
575 3397 693 3461 πῶς
725 3400 879 3469 ρῖνα;
911 3399 1030 3465 πῶς
1076 3400 1423 3473 όφθαλμούς;
1457 3400 1575 3464 πῶς
1608 3400 1897 3472 βλέφαρας

303 3479 423 3543 πῶς
445 3480 649 3550 ὀφρύη
673 3483 792 3547 πῶς
815 3484 1091 3553 γλῶτταν;
1112 3486 1233 3550 πῶς
1259 3485 1487 3556 θώρακα
1508 3501 1523 3549 ;
1544 3484 1663 3548 πῶς
1687 3487 1898 3555 χεῖρας;

303 3562 423 3627 πῶς
456 3564 656 3631 πόδας;
686 3566 804 3630 πῶς
834 3567 903 3621 τά
931 3568 1071 3622 ἄλλα
1106 3570 1324 3636 πάντας
1362 3570 1437 3640 Γῆ
1470 3565 1540 3641 ἦν
1564 3569 1628 3622 τὸ
1678 3568 1903 3623 ὑποκεί-

308 3648 490 3718 μενον,
516 3649 614 3720 μία
646 3651 834 3704 οὐσία·
861 3654 955 3706 καί
974 3653 1224 3725 εἰσῆλθεν
1247 3655 1280 3724 ή
1306 3654 1495 3725 τέχνη,
1534 3653 1629 3708 καὶ
1645 3653 1901 3725 ποικίλην

305 3731 604 3802 εἰργάσατο
626 3734 727 3805 τὴν
754 3735 1141 3807 δημιουργίαν.
1186 3737 1278 3809 Μὴ
1307 3737 1537 3791 δύνασαι
1570 3737 1664 3790 τὸν
1702 3738 1904 3808 τρόπον

305 3816 483 3869 εἰπεῖν
528 3818 649 3870 καθ’
689 3818 859 3890 ὅνπερ
906 3820 1386 3893 ὲδημιουργήθηςς
1422 3820 1611 3885 Οὕτως
1655 3821 1779 3875 οὐδὲ
1810 3822 1905 3874 τὸν

304 3899 507 3968 τρόπον
526 3900 748 3955 δύνασαι
788 3906 964 3956 εἰπεῖν
999 3904 1121 3958 καθ’
1168 3906 1227 3959 ὃν
1254 3906 1602 3979 καθαιρεῖται
1630 3904 1701 3960 τὰ
1720 3908 1906 3980 ἁμαρ·-

306 3984 550 4053 τήματα.
583 3987 644 4039 Εἰ
682 3988 794 4058 γὰρ
822 3988 884 4041 τὸ
917 3988 1031 4059 πύρ
1059 3990 1335 4061 ἐμπῖπτον
1368 3992 1448 4055 εἰς
1500 3989 1600 4052 τὰς
1641 3991 1904 4057 ἀκάνθας,

310 4074 592 4130 ἀναλίσκει
648 4078 843 4141 αὑτὰς,
902 4079 1083 4150 πολλῷ
1129 4081 1331 4151 μᾶλλον
1387 4081 1451 4135 τὸ
1507 4080 1759 4153 βούλημα
1810 4083 1907 4137 τοῦ

312 4162 449 4214 Ηεοῦ
478 4163 545 4216 τὰ
566 4165 1019 4237 πλημμελήματα
1059 4167 1217 4237 ήμῶν
1247 4169 1463 4240 δαπανᾷ
1489 4170 1584 4223 καὶ
1634 4169 1910 4244 πρόρριζα

313 4253 555 4321 ἀνασπᾷ,
597 4254 691 4305 καί¹
718 4253 813 4306 τοῦ
849 4254 925 4324 μὴ
952 4257 1345 4327 ἡμαρτηκότος
1398 4257 1491 4311 τὸν
1544 4258 1910 4330 ἡμαρτηκότα

316 4339 501 4409 ὅμοιον
530 4344 952 4408 κατασκευάζει.
982 4345 1075 4416 Μὴ
1106 4344 1259 4415 ζήτει
1289 4344 1383 4399 τὸν
1437 4347 1657 4418 τρόπον,
1707 4348 1783 4421 μὴ
1816 4366 1912 4403 πε-

318 4428 612 4500 ριεργάζου
641 4430 703 4484 τὸ
748 4431 1055 4503 γινόμενον,
1096 4433 1234 4487 ἀλλά
1264 4420 1491 4488 πίστευε
1530 4435 1610 4508 τῷ
1646 4420 1911 4510 θαύματι.

329 4517 679 4590 ’Πμάρτήκα,
735 4520 935 4588 λέγεις,
988 4522 1163 4575 πολλὰ
1212 4524 1308 4576 καὶ
1367 4524 1602 4595 μεγάλα.
1658 4529 1770 4581 Καὶ
1822 4529 1914 4592 ,τίς

318 4610 467 4662 ἔστιν
522 4608 941 4680 ἀναμάρτητος;
986 4610 1150 4665 Ἀλλά
1191 4612 1303 4681 ἐγὼ
1331 4613 1566 4683 χαλεπά,
1612 4618 1770 4687 φησί,
1817 4619 1914 4672 καὶ

322 4695 537 4765 μεγάλα
576 4698 672 4750 καὶ
710 4698 851 4769 ὑπὲρ
890 4698 1071 4753 πάντα
1120 4699 1431 4773 ἄνθρωπον.
1494 4703 1682 4775 Ἀρκεῖ
1714 4709 1917 4769 σοιτίς

318 4786 511 4839 θυσίαν
536 4787 724 4841 τοῦτο·
774 4788 923 4859 Λέγε
954 4789 1038 4843 σὺ
1062 4790 1170 4857 τὰς
1202 4791 1458 4861 ἀνομίας
1485 4807 1603 4848 σου
1632 4794 1867 4863 πρῶτος
1898 4835 1913 4859 ,

318 4875 422 4929 ἶνα
474 4874 814 4945 δικαιωθῇς.
858 4878 1152 4948 Ἐπίγνωθι
1203 4880 1286 4933 ὄτι
1323 4881 1596 4951 ἥμαρτες,
1629 4884 1726 4937 καὶ
1766 4885 1913 4957 ἀρχή

322 4978 405 5015 σοι
436 4962 775 5033 διορθώσεως
815 4963 976 5018 τοῦτο
1018 4968 1330 5035 γενήσεται.
1367 4967 1704 5037 Στύγνασον,
1750 4972 1912 5041 γενοῦ

320 5051 605 5121 κατηφής,
655 5051 813 5121 ἕκχεε
857 5052 1091 5125 δάκρυα.
1142 5056 1232 5127 Μὴ
1276 5057 1387 5129 γὰρ
1425 5057 1555 5111 ἄλλο
1596 5075 1651 5111 τι
1698 5057 1917 5130 ἐξέχεεν

321 5144 357 5211 ή
384 5142 599 5213 πόρνη;
642 5141 806 5195 Οὐδὲν
846 5142 1066 5213 ἓτερον,
1111 5144 1145 5215 ἢ
1187 5146 1399 5217 δάκρυα
1432 5148 1527 5201 καὶ
1578 5148 1871 5219 μετάνοιαν
1897 5168 1914 5185 ·

323 5230 485 5283 ἔλαϐε
515 5229 857 5300 χειραγωγὸν
898 5232 999 5302 τὴν
1042 5234 1354 5304 μετάνοιαν,
1392 5236 1488 5289 καὶ
1520 5238 1796 5309 προσῆλθε
1847 5242 1915 5311 τῇ

323 5319 496 5387 πηγῇ-

392 5406 546 5496 δέετί
572 5406 813 5496 ξεέέιηετεξ
833 5406 1125 5496 95.3%???
1148 5411 1293 5491 καὶὸ
1313 5406 1729 5496 εραοέλισῖὴςι
1749 5416 1920 5496 ἀκοιὲ-

326 5492 530 5544 σωμεν.
568 5476 678 5530 Καὶ
716 5476 983 5541 ἐξελθὼν
1002 5482 1034 5531 ό
1064 5476 1305 5548 Ἰησοῦς
1323 5476 1575 5551 ἐκεῖθεν,
1608 5476 1800 5555 ἦλθεν
1830 5490 1919 5553 εἰς

327 5563 397 5616 τὰ
419 5562 571 5632 μέρη
608 5566 795 5633 Τύρου
828 5568 927 5620 καὶ
954 5566 1219 5634 Σιδῶνος
1237 5585 1251 5599 ·
1280 5572 1380 5625 καί
1413 5573 1542 5628 ἰδοὺ
1571 5575 1749 5645 γυνή.
1770 5578 1917 5629 Θαυ-

328 5652 494 5718 μάζει
542 5654 571 5705 ὁ
630 5654 1056 5725 εύαγγελιστής·
1118 5658 1275 5713 Ἰδοὺ
1334 5663 1529 5731 γυνὴ,
1584 5664 1645 5717 τὸ
1686 5666 1919 5719 παλαιὸν

323 5736 491 5791 ὅπλον
516 5736 613 5792 τοῦ
644 5740 914 5803 διαϐόλου,
938 5744 971 5813 ἡ
997 5743 1092 5797 τοῦ
1120 5748 1454 5817 παραδείσου
1488 5768 1555 5822 με
1587 5752 1913 5809 ἐκϐαλοῦσα,

391 5895 420 5925 ⁸
441 5893 573 5945 Colb.
606 5904 798 5959 νεύματι
822 5898 1168 5960 διορθούμενον.

1616 401 1704 457 DE
1742 399 2165 457 ιῖηΔΝΛΝιἙΑ.

3479 398 3589 455 452

1971 517 2004 586 ἡ
2034 515 2220 586 μήτηρ
2246 515 2347 585 τῆς
2376 514 2680 585 ἁμαρτίας,
2716 514 3015 586 ήάρχηγὸς
3035 514 3137 584 τῆς
3172 514 3546 586 παραϐάσεως
3566 558 3581 578 .

1971 598 2112 667 αὕτη
2151 600 2336 671 ἐκείνη
2372 602 2407 669 ἡ
2434 602 2573 671 γυνὴ
2606 601 2861 671 ἔρχεται,
2895 600 3035 672 αὕτη
3078 604 3112 671 ἡ
3148 601 3345 670 φύσις·
3392 604 3583 655 καινὸν

1972 682 2159 752 θαῦμα
2205 684 2301 735 καὶ
2354 684 2690 754 παράδοξον·
2755 686 3003 738 Ἰουδαῖοι
3058 684 3346 754 φεύγουσι,
3399 688 3496 740 καὶ
3549 689 3583 755 ἡ

1972 767 2109 834 γυνὴ
2141 766 2493 820 καταδιώκει.
2534 768 2642 821 Καὶ
2682 768 2813 822 ἰδοὺ
2854 770 3009 838 γυνὴ
3059 769 3180 822 ἀπὸ
3230 769 3352 823 τῶν
3402 771 3585 837 ὁρίων

1970 851 2221 903 ἐκείνων
2254 850 2618 913 ἐξελθοῦσα.
2668 853 2995 921 παρεκάλει
3039 854 3232 907 αὐτόν
3268 854 3543 923 λέγουσα
3570 871 3582 883 ⁸

1974 936 2173 1003 Κύριε,
2211 936 2300 990 υἱὲ
2332 936 2536 1000 Δίιυῒδ,
2568 936 2834 1001 ἐλέησόν
2850 956 2947 1006 με.
2975 936 3414 1009 Εὑαγγελίστρια
3441 938 3586 1006 γίνε-

1973 1035 2064 1072 ται
2110 1021 2143 1089 ή
2194 1021 2355 1089 γυνὴ,
2408 1023 2504 1074 καὶ
2552 1022 2654 1092 τὴν
2694 1022 2928 1092 θεότητα
2974 1023 3072 1077 καὶ
3120 1023 3219 1093 τὴν
3264 1024 3586 1093 οἰκονομίαν

1974 1104 2252 1173 ὁμολογεῖ·
2294 1106 2496 1173 Κύριε,
2545 1107 2646 1175 τὴν
2689 1107 3046 1160 δεσποτείαν·
3112 1107 3208 1161 Υἱὲ
3242 1090 3447 1168 Δαυῒδ,
3484 1106 3587 1175 τῆς

1977 1187 2181 1256 σαρκὸς
2223 1187 2324 1258 τὴν
2361 1189 2652 1259 ἀνάληψιν.
2710 1188 3015 1256 Ἐλέησόν
3048 1209 3147 1260 με.
3181 1191 3328 1262 Ὅρα
3365 1189 3588 1260 φιλόσο-

1977 1288 2077 1339 φον
2122 1271 2323 1341 ψυχήν.
2374 1273 2672 1339 Ἐλέησόν
2716 1290 2794 1342 με
2820 1290 2834 1305 ·
2875 1274 2988 1336 οὒκ
3036 1274 3147 1345 ἔχω
3176 1274 3587 1345 κατορθώματα

1980 1353 2129 1425 βίου,
2163 1357 2265 1409 οὐκ
2302 1358 2413 1426 ἔχω
2458 1358 2773 1428 παρρησίαν
2824 1357 3106 1423 πολιτείας
3128 1374 3142 1388 ·
3175 1359 3271 1412 ἐπὶ
3304 1358 3457 1411 ἔλεον
3488 1374 3584 1410 κα-

1975 1439 2258 1509 ταφεύγοι,
2289 1442 2383 1493 ἐπὶ
2409 1443 2503 1495 τὸν
2536 1444 2715 1495 κοινὸν
2747 1443 2858 1496 τῶν
2895 1443 3307 1515 ἡμαρτηκότων
3345 1441 3545 1513 λιμένα
3567 1459 3579 1470 ·

1978 1526 2075 1579 ἐπὶ
2104 1526 2252 1579 ἔλεον
2280 1526 2640 1595 καταφεύγω,
2675 1528 2813 1581 ὅπου
2845 1528 3201 1601 δικαστήριον
3250 1528 3355 1581 οὐκ
3402 1526 3553 1579 ἔστιν
3576 1567 3591 1586 ,

1979 1610 2116 1664 ὅπου
2148 1607 2513 1675 ἀνεξέταστος
2558 1614 2592 1683 ή
2636 1613 2887 1684 σωτηρία
2912 1628 2926 1643 ·
2961 1614 3142 1666 καίτοι
3183 1612 3329 1665 οὕτω
3373 1610 3594 1682 πονηρὲ

1981 1690 2119 1749 οὖσα
2156 1697 2253 1749 καὶ
2294 1696 2634 1766 παράνομος,
2666 1698 2940 1770 ἐτόλμησε
2976 1698 3321 1769 προσελθεῖν.
3354 1695 3463 1751 Καὶ
3489 1697 3594 1768 δρα

1981 1778 2244 1846 γυναικὸς
2294 1778 2653 1848 φιλοσοφίαν·
2689 1781 2753 1834 οὐ
2806 1781 3120 1853 παρακαλεῖ
3177 1779 3476 1843 Ἰάκωϐον,
3531 1779 3592 1831 οὐ

1982 1863 2162 1917 δέεται
2179 1863 2453 1925 Ἰωάννου,
2479 1865 2602 1918 οὐδὲ
2633 1866 3001 1938 προσέρχεται
3034 1866 3249 1937 Πέτρῳ,
3269 1865 3393 1918 οὐδὲ
3418 1863 3592 1915 διέτε-

1988 1966 2059 2021 με
2082 1949 2173 2001 τὸν
2206 1950 2521 2021 χορόν.ούκ
2546 1949 2654 2021 ἔχω
2688 1950 2912 2022 μεσίτου
2938 1952 3149 2023 χρείαν,
3182 1952 3321 2004 άλλά
3349 1948 3596 2002 λαϐοῦσα

1984 2034 2085 2103 τὴν
2122 2032 2415 2103 μετάνοιαν
2457 2036 2788 2106 συνήγορον,
2830 2036 2971 2108 αὐτῇ
3002 2038 3068 2107 τῇ
3115 2039 3269 2108 πηγῇ
3302 2034 3600 2106 προσέρχο-

1991 2134 2108 2187 μαι.
2125 2117 2224 2171 Διά
2253 2116 2414 2171 τοῦτο
2442 2118 2672 2188 κατέϐη,
2690 2118 2781 2173 διὰ
2806 2118 2968 2172 τοῦτο
2992 2120 3176 2191 σάρκα
3203 2117 3489 2181 ἀνέλαϐεν,
3509 2118 3598 2168 ἵνα

1988 2201 2148 2269 κάγὼ
2173 2201 2324 2273 αὐτῷ
2363 2202 2653 2273 διαλεχθῶ.
2681 2204 2832 2258 ’Λνω
2872 2205 2942 2257 τά
2973 2204 3260 2276 Χερουϐὶμ
3288 2202 3455 2255 αὑτὸν
3484 2201 3605 2273 ἰςρέ⁸

1992 2302 2109 2353 μει,
2140 2286 2232 2338 καὶ
2251 2287 2405 2339 κάτω
2424 2287 2601 2358 πόρνη
2625 2287 2776 2357 αὐτῷ
2805 2286 3139 2357 διαλέγεται.
3184 2285 3484 2353 Ἐλέησόν
3501 2300 3600 2353 με.

1990 2370 2163 2425 Ψιλὸν
2190 2370 2252 2423 τὸ
2281 2371 2459 2442 ῥῆμα,
2504 2372 2602 2425 καὶ
2630 2372 2871 2442 πέλαγος
2915 2374 3117 2443 ἀχανὲς
3146 2370 3429 2442 σωτηρίας
3461 2368 3603 2439 εὑρίς

1993 2472 2135 2509 σκει.
2182 2455 2475 2523 Ἐλέησόν
2492 2472 2571 2525 με
2595 2470 2608 2484 ·
2645 2455 2736 2509 διὰ
2760 2456 2924 2510 τοῦτο
2949 2456 3287 2527 παρεγένου,
3320 2455 3409 2507 διὰ
3441 2451 3605 2505 τοῦτο

1994 2537 2176 2609 σάρκα
2219 2538 2506 2603 ἀνέλαϐες,
2562 2538 2651 2592 διά
2694 2538 2856 2593 τοῦτο
2905 2541 3099 2608 ἐγένου
3140 2540 3281 2611 ὅπερ
3321 2538 3433 2608 ἐγώ
3461 2540 3598 2607 εἰμι.
3676 2592 3683 2601 ,

1998 2621 2147 2674 Ἀνω
2174 2623 2402 2693 τρόμος,
2436 2622 2532 2677 καὶ
2556 2623 2710 2678 κάτω
2730 2623 3038 2694 παρρησία.
3088 2622 3383 2691 Ἐλέησόν
3408 2636 3487 2691 με
3504 2636 3517 2648 ·
3540 2620 3606 2673 οὐ

1994 2706 2187 2778 χρείαν
2218 2707 2328 2777 ἔχω
2359 2706 2606 2778 μεσίτου,
2640 2706 2941 2775 Ἐλέησόν
2972 2724 3070 2777 με.
3095 2706 3161 2759 Τί
3198 2706 3346 2777 ἔχεις
3369 2723 3383 2770 ;
3409 2704 3605 2758 ’Ἐλεον

1996 2789 2375 2863 [456]·ζητῶ.
2406 2791 2473 2844 Τί
2508 2792 2773 2864 πάσχεις;
2810 2792 2887 2846 ἸΙ
2926 2792 3194 2861 θυγάτηρ
3228 2808 3350 2860 μου
3403 2785 3608 2854 κακῶς

1995 2872 2428 2944 δαιμονίζεται·
2473 2878 2508 2947 ἡ
2551 2877 2715 2945 φύσις
2772 2876 3149 2945 βασανίζεται,
3200 2877 3235 2946 ἡ
3287 2873 3609 2945 συμπάθεια

1996 2958 2360 3029 γυμνάζεται.
2400 2959 2625 3031 Ἐξῆλθε
2669 2962 2974 3032 συνήγορος
3020 2959 3117 3013 τοῦ
3165 2960 3501 3032 θυγατρίου·
3544 2959 3606 3011 οὐ

2000 3044 2158 3117 φέρει
2196 3047 2298 3116 τήν
2329 3044 2617 3109 νοσοῦσαν,
2665 3044 2805 3100 ἀλλά
2855 3045 3017 3118 φέρει
3058 3047 3161 3119 τὴν
3209 3044 3430 3099 πίστιν·
3474 3044 3608 3109 Θεός

1998 3128 2138 3191 ἐστι,
2175 3130 2270 3181 καὶ
2298 3130 2366 3183 τὰ
2400 3130 2581 3182 πάντα
2613 3128 2821 3199 βλέπει.
2864 3128 2935 3183 ἸΙ
2969 3128 3237 3199 θυγάτηρ
3263 3146 3386 3198 μου
3410 3127 3614 3191 κακῶς

2000 3209 2422 3282 δαιμονίζεται.
2449 3213 2653 3274 Πένθος
2671 3213 2931 3283 χαλεπόν·
2948 3213 3007 3265 τὸ
3024 3213 3251 3284 κέντρον
3269 3213 3372 3281 τῆς
3394 3212 3613 3281 φύσεως

2004 3295 2101 3365 τὴν
2122 3297 2339 3368 μήτραν
2354 3297 2618 3368 διέσχισε,
2637 3300 2698 3351 τὸ
2726 3297 3022 3351 κλυδώνιον
3047 3301 3104 3352 ὲν
3119 3302 3234 3363 τοῖς
3252 3298 3609 3367 σπλάγχνοις.

2003 3380 2070 3432 Τί
2094 3384 2309 3451 ποιήσω
2328 3396 2341 3443 ;
2366 3383 2699 3451 ἀπόλλυμαι.
2720 3384 2830 3437 Καὶ
2858 3382 2948 3435 διὰ
2964 3382 3014 3435 τί
3044 3382 3119 3455 μὴ
3136 3383 3339 3452 λέγεις,
3357 3382 3616 3453 Ἐλέησον

2004 3464 2105 3535 τὴν
2134 3462 2416 3536 θυγατέρα
2444 3483 2580 3536 μου,
2617 3465 2777 3528 ἀλλά,
2824 3465 3125 3534 Ἐλέησόν
3157 3483 3270 3537 ps;
3307 3466 3526 3535 Ἐκείνη
3555 3466 3617 3517 ὲν

2006 3549 2340 3621 ἀναισθησία
2375 3550 2490 3620 ἔχει
2524 3552 2585 3604 τὸ
2615 3551 2812 3617 πάθος,
2846 3552 2948 3604 ούκ
2991 3546 3102 3604 οἵδε
3148 3552 3200 3605 τί
3252 3552 3478 3621 πάσχει,
3514 3549 3617 3603 οὑκ

2006 3632 2326 3688 αἰσθάνεται
2349 3634 2450 3704 τῆς
2482 3633 2699 3705 ὀδύνης,
2729 3634 3154 3707 παραπέτασμα
3192 3636 3294 3705 τῆς
3324 3635 3617 3706 συμφορᾶς

2008 3714 2209 3787 ἔχουσα
2249 3717 2313 3771 τὸ
2341 3717 2638 3782 ἀνώδυνον,
2674 3718 2876 3789 μᾶλλον
2911 3718 3054 3771 δὲτὸ
3083 3719 3439 3790 ἀναίσθητον.
3484 3716 3617 3788 Ἐμὲ

2007 3801 2064 3854 δὲ
2114 3801 2339 3873 ἐλέησον
2367 3801 2469 3873 τὴν
2515 3802 2725 3872 θεωρὸν
2774 3803 2884 3856 τῶν
2940 3803 3333 3874 καθημερινῶν
3387 3803 3616 3857 κακῶν·

2011 3885 2240 3957 θέατρον
2267 3885 2376 3956 ἔχω
2407 3888 2695 3960 συμφορᾶς
2721 3889 2779 3940 έν
2809 3891 2875 3959 τῇ
2904 3889 3072 3960 οἰκίᾳ.
3102 3888 3212 3943 Ποῦ
3249 3887 3503 3956 άπέλθω;
3525 3887 3621 3951 El;

2010 3972 2111 4041 τὴν
2143 3969 2386 4043 ἔρημον;
2414 3972 2552 4025 Ἀλλ’
2582 3973 2643 4026 οὐ
2673 3971 2861 4042 τολμῶ
2882 3974 3055 4046 αὐτὴν
3076 3972 3399 4027 καταλιπεῖν
3424 3973 3618 4044 μόνην.

2026 4053 2189 4107 Ἀλλά
2238 4057 2319 4119 εἰς
2360 4055 2463 4127 τὴν
2509 4056 2720 4121 οίκίανς
2767 4058 2911 4111 Ἀλλ·
2944 4058 3190 4128 εὑρίσκω
3217 4057 3310 4111 τὸν
3357 4056 3621 4127 πολέμιον

2013 4138 2184 4203 ἔνδον,
2216 4139 2287 4194 τά
2314 4139 2536 4211 κύματα
2582 4143 2641 4194 ἐν
2670 4142 2750 4214 τῷ
2776 4144 2981 4215 λιμένι,
3028 4144 3259 4214 θέατρον
3306 4142 3620 4213 συμφοράς.

2016 4224 2084 4277 Τί
2133 4224 2307 4296 αὐτὴν
2359 4225 2611 4291 καλέσω;
2647 4228 2911 4299 Νεκράνς
2966 4228 3105 4282 ἀλλὰ
3140 4230 3396 4281 κινεῖται.
3460 4225 3624 4279 ’Λλλά

2016 4306 2231 4375 ζῶσαν;
2268 4308 2407 4361 Ἀλλ’
2434 4309 2535 4362 οὐκ
2556 4305 2663 4363 οἶδε
2686 4312 2740 4363 τί
2774 4315 2937 4366 ποιεῖ.
2962 4313 3078 4365 Ούκ
3098 4307 3214 4365 οἶδα
3244 4312 3425 4382 εὑρεῖν
3449 4310 3623 4381 δνομα

2018 4392 2325 4465 ἑρμηνεῦον
2360 4394 2421 4447 τὸ
2453 4394 2645 4459 πάθος.
2697 4396 2998 4466 Ἐλέησόν
3012 4414 3107 4466 με.
3153 4398 3215 4449 El
3244 4395 3527 4466 ἐτεθνήκει
3562 4394 3629 4447 τὸ

2018 4476 2335 4548 θυγάτριον,
2381 4477 2483 4530 ούκ
2526 4479 2591 4532 ἂν
2623 4480 2852 4533 τοιαῦτα
2899 4479 3174 4551 ἔπασχον·
3216 4479 3517 4550 παρέδωκα
3557 4478 3627 4532 ἂν

2016 4562 2130 4625 τοῖς
2176 4560 2399 4624 κόλποις
2430 4562 2534 4632 τῆς
2573 4563 2677 4633 γῆς
2726 4564 2788 4617 τὸ
2832 4564 3013 4636 σῶμα,
3054 4566 3152 4619 καὶ
3194 4565 3274 4635 τῷ
3303 4565 3481 4635 χρόνῳ
3524 4562 3631 4633 τὴν

2018 4642 2190 4715 λήθην
2216 4642 2282 4696 ἂν
2314 4646 2634 4715 εἰσήγαγον,
2666 4648 2762 4699 καὶ
2798 4647 3099 4719 διεφόρησα
3132 4651 3198 4704 ἂν
3230 4650 3293 4703 τὸ
3324 4648 3501 4711 ἕλκος·
3527 4646 3627 4700 νῦν

2018 4729 2077 4782 δὲ
2127 4729 2321 4799 νεκρὸν
2367 4728 2478 4799 ἔχω
2533 4729 2760 4802 διηνεκῆ
2797 4732 3033 4803 θεωρίαν
3083 4751 3172 4804 μοι
3228 4734 3626 4805 ἐργαζόμενον,

2020 4814 2317 4883 ύφαίνοντά
2350 4831 2440 4877 μοι
2464 4814 2524 4867 τὸ
2547 4816 2793 4886 τραῦμα,
2826 4817 3195 4883 πλεονάζοντά
3229 4836 3319 4889 μοι
3344 4818 3406 4871 τὸ
3430 4817 3629 4879 πάθος.

2022 4897 2148 4960 Πῶς
2172 4895 2268 4950 ῐδω
2304 4895 2623 4968 ὀφθαλμοὺς
2646 4899 3148 4972 διαστρεφομένους
3170 4919 3183 4966 ;
3210 4906 3399 4974 χεῖρας
3423 4916 3629 4972 στραγ-

2020 4982 2403 5054 γαλουμένας;
2430 4984 2751 5055 πλοκάμους
2786 4985 3124 5057 λυομένους;
3160 4989 3334 5060 ἀφρὸν
3366 4987 3631 5058 προϊέμε-

2028 5082 2152 5132 νον;
2220 5069 2311 5121 τὸν
2368 5069 2563 5137 δήμιον
2631 5066 2781 5121 ἔνδον
2826 5070 2957 5123 ὄντα
3004 5072 3102 5125 καὶ
3141 5072 3217 5143 μὴ
3258 5070 3631 5141 φαινόμενονς

2020 5149 2115 5203 τὸν
2152 5149 2486 5221 μαστίζοντα
2514 5150 2591 5222 μὴ
2636 5152 2938 5223 ὁρώμενον,
2974 5154 3074 5219 τὰς
3105 5154 3160 5207 δὲ
3196 5157 3471 5227 μάστιγας
3503 5169 3630 5222 φαι-

2023 5234 2288 5305 νομένας;
2325 5234 2576 5304 Ἔστηκα
2627 5235 2835 5307 θεωρὸς
2880 5237 2993 5291 τῶν
3040 5239 3345 5311 ἀλλοτρίων
3404 5236 3630 5299 κακῶν,

2022 5320 2234 5390 ἕστηκα
2266 5319 2367 5389 τῆς
2398 5318 2617 5387 φύσεώς
2644 5337 2712 5391 με
2744 5323 3175 5395 κεντριζούσης·
3206 5322 3506 5389 Ἐλέησόν
3530 5336 3627 5390 με.

2026 5406 2283 5459 Χαλεπὸν
2323 5405 2386 5458 τό
2437 5405 2758 5473 κλυδώνιον,
2802 5408 2977 5471 πάθος
3034 5411 3131 5462 καὶ
3183 5408 3349 5479 φόϐος
3378 5424 3392 5439 ·
3457 5407 3633 5469 πάθος

2024 5491 2263 5559 φύσεως,
2292 5492 2387 5545 καὶ
2409 5491 2574 5559 φόϐος
2607 5491 2885 5562 δαίμονος.
2912 5493 3245 5565 Προσελθεῖν
3272 5495 3335 5545 οὐ
3369 5492 3631 5561 δύναμαι,

2022 5574 2144 5627 οὐδὲ
2175 5576 2497 5645 κατασχεῖν.
2541 5575 2686 5630 Ὠθεῖ
2714 5594 2783 5647 με
2817 5578 2880 5632 τὸ
2910 5579 3105 5644 πάθος,
3154 5580 3249 5633 καὶ
3278 5576 3632 5649 διακρούεταί

2028 5677 2095 5729 με
2122 5662 2149 5713 ό
2177 5660 2363 5728 φόϐος.
2409 5661 2709 5729 Ἐλέησόν
2726 5681 2821 5733 με.

2097 5813 2159 5868 ε’.
2179 5814 2467 5884 Ἐννόησον
2481 5817 2743 5884 γυναικὸς
2764 5812 3113 5887 φιλοσοφίαν.
3130 5817 3245 5870 Ούκ
3264 5816 3475 5887 ἀπῆλθε
3489 5816 3630 5887 πρὸς

2032 5898 2207 5967 μάγου
2220 5916 2261 5966 :,
2286 5898 2384 5950 οὐκ
2412 5899 2638 5953 ἐκάλεσε
2679 5903 2926 5973 μάντεις,
2949 5904 3011 5956 ού
3036 5902 3316 5973 περίαπτα
3350 5899 3631 5976 ἐποίησεν,
