4046 6428
251 427 357 484 455

250 541 434 596 letleas
449 535 702 591 mulieres
724 529 975 587 mercede
992 521 1269 590 conduxit,
1293 534 1388 578 eas
1411 533 1532 591 qua:
1552 518 1728 572 solent
1749 515 1862 572 dae-

251 643 447 688 monas
470 641 701 686 evocare
733 634 794 681 et
817 623 971 679 ulcus
1015 630 1216 690 augere
1238 632 1255 682 ;
1277 614 1373 671 sed
1419 611 1624 668 dimisit
1653 609 1853 665 diaboli

249 717 549 782 omeinam,
566 727 623 773 et
639 715 869 773 accessit
888 711 955 767 ad
973 710 1315 768 Servatorem
1334 705 1636 760 animarum
1653 709 1860 757 nostra-

252 828 399 869 rum.
432 810 679 865 Miserere
701 807 823 871 mei,
851 803 963 874 ﬁlia
1001 817 1116 856 mea
1143 797 1278 854 male
1298 814 1330 851 a
1354 795 1607 852 darmonio
1626 803 1854 848 vexatur.

255 905 440 961 Nostis
465 902 714 958 affectum
740 896 1125 962 miserationis,
1153 900 1415 964 quotquot
1437 898 1615 960 patres
1643 886 1817 941 fuistis
1841 901 1856 948 ;

253 976 440 1069 iuvate
479 1009 566 1049 me
603 992 798 1057 verbis,
827 995 1088 1061 quotquot
1118 992 1318 1040 matres
1358 981 1550 1037 fuistis.
1584 979 1700 1034 Non
1739 989 1861 1046 pos-

257 1102 380 1143 sum
431 1083 741 1141 describere
791 1086 1163 1150 tempestatem
1233 1088 1392 1145 quam
1438 1069 1694 1128 sustinuit
1744 1082 1863 1121 mu-

259 1177 478 1234 liercula
527 1175 636 1230 illa.
688 1171 932 1226 Miserere
978 1169 1074 1222 mei
1113 1183 1134 1222 :
1179 1167 1292 1236 ﬁlia
1331 1179 1444 1219 mea
1495 1160 1629 1215 male
1675 1175 1709 1213 a
1755 1159 1864 1212 da:-

262 1271 433 1325 manio
471 1277 700 1322 vexatur.
760 1261 950 1318 Vidisti
1006 1257 1401 1331 philomphiam
1443 1253 1682 1309 mulieris
1707 1291 1726 1318 ,
1783 1249 1862 1303 vi-

256 1365 382 1421 disti
420 1358 869 1433 permverantiam
891 1396 909 1424 ,
940 1353 1120 1409 vidisti
1156 1349 1482 1414 virilitatem,
1512 1341 1862 1418 patientiam?

260 1455 366 1511 Ille
385 1470 501 1509 vero
532 1469 634 1506 non
657 1447 920 1520 respondit
959 1446 1005 1500 ei
1050 1442 1254 1498 uerbum
1319 1437 1535 1510 (Matth.
1584 1437 1672 1492 l5.
1728 1433 1859 1504 25).

260 1547 396 1604 Rem
425 1542 651 1600 novam!
710 1541 902 1610 Rogat,
945 1537 1213 1602 obsecrat,
1264 1531 1624 1587 calamitatem
1671 1527 1864 1598 deplo-

265 1648 369 1703 rat,
407 1645 567 1708 auget
611 1631 950 1704 tragoediam,
1004 1626 1354 1684 afflictionem
1407 1632 1628 1688 narrat;
1675 1628 1732 1677 et
1774 1619 1865 1674 ille

264 1727 539 1783 hominum
592 1734 799 1779 amator
837 1737 947 1777 non
1010 1716 1320 1788 respondet.
1387 1715 1620 1770 Verbum
1680 1717 1863 1777 tacet,

266 1819 385 1873 fons
412 1817 628 1872 clausus
653 1821 758 1878 est,
781 1810 1022 1867 medicus
1043 1807 1327 1879 pharmaca
1357 1806 1567 1860 retinet.
1599 1803 1736 1872 Quid
1763 1816 1866 1857 no-

263 1907 428 1963 vum?
456 1906 582 1978 quid
612 1899 964 1960 admirabile?
1000 1898 1082 1955 Ad
1110 1898 1248 1954 alios
1288 1897 1483 1962 curris,
1516 1905 1570 1952 et
1593 1894 1734 1951 hanc
1759 1894 1865 1948 mi-

267 2015 444 2053 seram
471 2003 840 2052 accurreutem
857 1991 1030 2064 abigis
1051 1991 1076 2045 ?
1105 1990 1202 2046 sed
1223 1987 1506 2044 considera
1527 1986 1719 2042 medici
1744 1983 1866 2057 phi-

266 2091 587 2161 losophiam.
618 2087 723 2143 Ille
735 2095 901 2140 autem
925 2100 1030 2140 non
1049 2082 1313 2154 respondit
1333 2083 1380 2137 ei
1398 2081 1620 2136 verbum.
1656 2078 1868 2147 Quare?

263 2185 398 2252 Quia
425 2182 586 2238 verba
616 2196 722 2235 non
749 2177 1124 2243 examinabat;
1178 2175 1278 2232 sed
1304 2189 1502 2230 arcana
1532 2173 1728 2228 mentis
1746 2171 1866 2226 ani-

265 2274 651 2332 madvertebat.
687 2271 788 2328 Ille
812 2279 980 2326 autem
1004 2285 1106 2324 non
1129 2268 1390 2336 respondit
1402 2267 1448 2321 ei
1467 2265 1690 2320 verbum.
1718 2263 1858 2331 Quid

264 2378 443 2423 autem
474 2363 770 2435 discipuli?
799 2362 924 2433 quia
957 2374 1277 2432 responsum
1314 2359 1509 2412 mulier
1528 2372 1634 2411 non
1663 2356 1866 2411 obtine-

270 2461 378 2528 bat,
431 2458 749 2514 accedentes
775 2455 844 2511 ad
881 2469 1006 2510 eum
1055 2452 1286 2508 dicunt:
1329 2449 1539 2504 Dimitte
1562 2448 1728 2514 illam,
1749 2446 1870 2516 quia

265 2551 450 2606 clamat
477 2560 588 2620 post
618 2565 709 2604 nos
731 2546 948 2617 (Matth.
985 2545 1074 2602 l5.
1106 2541 1223 2617 25).
1247 2541 1355 2599 Sed
1377 2553 1431 2596 tu
1459 2549 1744 2596 externum
1767 2554 1867 2594 au-

263 2645 350 2700 dis
403 2643 720 2707 clamorem,
764 2653 865 2711 ego
893 2638 1162 2694 internum
1193 2653 1207 2691 :
1241 2649 1432 2706 magna
1481 2641 1566 2689 est
1591 2648 1693 2689 vox
1735 2633 1867 2700 oris,

265 2736 360 2791 sed
384 2732 782 2805 tnajormentis.
819 2730 1023 2784 Dimitte
1042 2729 1208 2795 ilium,
1237 2728 1359 2798 quia
1383 2727 1571 2780 clamat
1591 2731 1703 2793 post
1727 2740 1819 2778 nos
1846 2740 1865 2779 :

263 2828 403 2882 alius
424 2835 605 2882 autem
635 2823 958 2894 evangelista
982 2820 1056 2892 (a)
1083 2818 1244 2885 dicit,
1279 2818 1410 2871 Ante
1446 2832 1558 2872 nos.
1589 2815 1870 2871 Contraria

265 2920 383 2978 haec
409 2920 552 2976 dicta
590 2917 876 2982 videntur;
905 2913 998 2970 sed
1025 2929 1135 2970 non
1159 2911 1436 2968 mendacia
1464 2917 1586 2966 sunt
1621 2925 1634 2962 :
1666 2917 1869 2964 utrum-

263 3026 371 3082 que
396 3010 542 3066 enim
574 3009 786 3080 agebat.
821 3007 1004 3062 Primo
1042 3004 1189 3060 enim
1236 3012 1383 3057 retro
1411 2999 1718 3065 clamabat;
1746 3013 1868 3054 cum

262 3109 445 3156 autem
470 3115 578 3154 non
599 3095 951 3168 responderet
977 3094 1088 3160 ille,
1133 3090 1513 3160 antcpcrrexit,
1543 3088 1697 3161 quasi
1721 3087 1872 3144 canis

265 3191 510 3248 lambens
540 3189 763 3260 vestigia
788 3186 990 3243 domini
1011 3185 1113 3241 sui.
1142 3183 1350 3238 Dimitte
1372 3182 1556 3247 illaut;
1579 3188 1861 3251 spectacu-

266 3286 374 3340 lum
399 3285 600 3340 circum
627 3281 840 3348 edebat,
873 3277 1126 3350 p0pulum
1170 3275 1465 3331 advocabat
1495 3291 1519 3328 εκ
1541 3273 1615 3328 illi
1661 3273 1730 3328 ad
1777 3273 1873 3328 hu-

263 3389 484 3429 manum
535 3372 778 3428 dolorem
826 3369 1204 3440 respiciebant,
1270 3366 1529 3421 Dominus
1571 3373 1750 3419 autem
1805 3363 1871 3419 ad

266 3475 496 3522 salutem
523 3462 766 3520 mulieris
783 3461 1079 3533 spectabat.
1105 3459 1318 3514 Dimitte
1345 3459 1510 3524 illam,
1540 3459 1662 3526 quia
1685 3457 1874 3512 clamat

268 3569 380 3620 post
406 3571 519 3609 nos.
549 3554 687 3621 Quid
719 3553 878 3624 igitur
903 3547 1192 3606 Christus?
1240 3547 1361 3603 Non
1407 3565 1519 3603 sum
1555 3548 1738 3602 missus
1775 3547 1873 3602 nisi

267 3649 340 3701 ad
361 3662 477 3702 oves
505 3662 619 3716 qua:
645 3647 902 3716 perierunt
945 3644 1125 3698 domus
1162 3641 1330 3696 Israel
1374 3640 1481 3713 (Ib.
1513 3657 1562 3694 υ.
1589 3639 1715 3712 24).
1738 3639 1871 3695 Cum

157 3761 172 3778 κ
267 3739 568 3810 respondit,
599 3739 742 3794 illius
771 3739 920 3793 ulcus
953 3738 1104 3792 auxit
1133 3755 1146 3790 :
1175 3735 1414 3790 medicus
1451 3735 1596 3791 enim
1643 3743 1761 3790 erat
1785 3749 1874 3791 se-

268 3848 422 3896 cans,
455 3848 562 3886 non
606 3841 666 3886 ut
691 3830 976 3897 divideret,
1007 3829 1102 3885 sed
1135 3828 1583 3898 utconjungeret.

339 3928 394 3981 ὃ.
420 3923 650 3980 Christus
677 3939 770 3994 pro
799 3923 1029 3977 omnibus
1044 3921 1273 3994 gentibus
1302 3919 1435 3974 venit
1455 3919 1510 3972 in
1530 3918 1875 3972 mundum.—

267 4019 366 4074 llic
387 4018 517 4073 mihi
547 4032 644 4071 vos
674 4026 907 4071 attentos
937 4015 1191 4084 praebete.
1223 4022 1279 4068 et
1305 4012 1544 4067 animum
1570 4011 1833 4066 advertite
1858 4027 1870 4064 :

267 4108 584 4179 profundam
612 4107 754 4162 enim
785 4108 1140 4176 quaestionem
1193 4103 1517 4173 investigare
1555 4102 1698 4156 volo.
1747 4099 1872 4154 Non

267 4220 382 4257 sum
421 4203 604 4255 missus
643 4200 744 4253 nisi
772 4199 840 4252 ad
882 4215 997 4253 oves
1041 4213 1155 4268 qua:
1182 4197 1442 4266 perierunt
1470 4195 1652 4248 domus
1685 4192 1871 4249 Israel.

271 4295 508 4351 Hoccine
536 4301 702 4349 totum
725 4292 852 4348 est?
883 4291 1077 4347 ldcone
1107 4290 1269 4344 homo
1295 4289 1467 4344 lactus
1492 4303 1551 4344 es
1577 4297 1630 4342 et
1655 4301 1873 4343 carnem

267 4384 644 4455 assumpsisti,
687 4391 994 4454 tantamque
1023 4379 1380 4437 oeconomiam
1427 4378 1768 4444 adhibuisti,
1821 4387 1878 4434 ut

269 4493 438 4535 unum
467 4491 716 4533 servares
742 4474 996 4546 angulum
1016 4515 1033 4541 ,
1061 4483 1116 4530 et
1142 4475 1284 4528 hunc
1314 4469 1677 4543 pereuntem?
1703 4469 1878 4525 orbis-

270 4587 339 4626 ne
369 4579 516 4626 totus
540 4569 786 4625 desertus
813 4575 926 4631 est,
957 4565 1194 4639 Scythas,
1222 4564 1482 4632 Thraces,
1514 4563 1654 4631 lndi,
1684 4561 1872 4629 Mauri,

269 4664 488 4729 Cilices,
518 4660 888 4731 Cappadoces,
919 4659 1063 4732 Syri,
1092 4659 1410 4727 Pliteniees,
1442 4666 1692 4732 totaque,
1714 4671 1876 4727 quam

272 4755 352 4806 sol
381 4754 618 4822 respicit,
654 4753 840 4808 terra?
867 4752 950 4807 An
975 4759 1193 4823 propter
1211 4750 1429 4806 Judzeos
1459 4748 1632 4804 solum
1662 4748 1874 4812 venisti,

273 4851 329 4896 et
347 4852 537 4914 gentes
557 4842 767 4898 deseris
787 4841 1164 4912 despicisque?
1193 4855 1263 4896 an
1284 4839 1588 4896 contemnis
1608 4838 1875 4901 nidorem,

274 4949 342 4988 an
389 4933 643 4989 fumum?
685 4948 752 4988 an
792 4933 1093 4992 contemnis
1131 4932 1344 4988 Patrem
1377 4941 1526 4987 tuum
1554 4931 1880 4986 contumelia

277 5023 574 5081 aﬁ‘ectum?
623 5039 692 5079 an
743 5023 1006 5080 idolorum
1055 5024 1470 5094 daemonumque
1519 5021 1720 5077 cultum
1772 5038 1877 5076 non

277 5116 473 5172 curas?
502 5115 663 5186 Atqui
691 5131 799 5170 non
842 5115 945 5174 hoc
971 5116 1155 5172 dicunt
1186 5115 1461 5186 prophetae
1480 5158 1496 5181 ,
1528 5115 1622 5170 sed
1652 5129 1881 5185 proavus

281 5215 403 5263 tuus
429 5207 726 5263 secundum
752 5222 971 5264 carnem
1001 5208 1127 5279 quid
1169 5209 1447 5280 loquitur?
1475 5207 1694 5263 Postulo
1722 5225 1754 5262 o
1778 5225 1876 5275 me,

278 5311 326 5356 et
355 5300 490 5354 dabo
533 5301 621 5353 tibi
666 5310 836 5371 gentes
866 5301 1192 5356 hereditatem
1217 5310 1359 5355 tuam
1379 5343 1395 5368 ,
1442 5311 1490 5355 et
1515 5302 1882 5372 possessionem

279 5398 422 5443 tuam
453 5390 692 5444 terminos
722 5399 870 5445 terra:
901 5389 1083 5462 (Psal.
1114 5389 1170 5444 2.
1201 5390 1297 5460 8).
1342 5389 1565 5447 Hesaias
1595 5406 1725 5446 vero
1744 5431 1760 5458 ,
1790 5392 1881 5462 qui

280 5483 562 5553 Seraphin:
595 5485 992 5553 contemplatus
1021 5493 1106 5539 est
1135 5503 1149 5540 :
1191 5483 1261 5538 Et
1289 5484 1382 5538 erit
1423 5485 1576 5538 radix
1617 5484 1762 5540 Jesse
1786 5525 1802 5550 ,
1835 5494 1883 5539 et

279 5577 365 5644 qui
392 5584 630 5646 exsurget
656 5576 906 5642 imperare
934 5578 1166 5646 gentibus
1195 5591 1214 5631 :
1240 5576 1292 5630 in
1312 5576 1480 5647 ipsum
1507 5585 1679 5647 gentes
1700 5593 1880 5646 spera-

344 5731 640 5799 (a)_atarcus
659 5733 709 5790 7,
732 5735 796 5784 23
822 5748 834 5783 :
863 5734 1078 5799 P_rocidit
1101 5741 1212 5785 ante
1235 5736 1382 5799 pedes
1401 5737 1524 5799 ejus.
1549 5743 1660 5788 Haec
1674 5738 1793 5788 dicit
1815 5739 1882 5789 de

280 5793 661 5866 Syrophenissa,
684 5809 796 5866 qua:
820 5796 994 5866 eadem
1020 5806 1098 5847 est
1117 5793 1268 5860 atque
1291 5793 1572 5866 manantes.
1609 5802 1726 5852 Hinc
1740 5801 1886 5866 Chry-

284 5857 544 5918 tOstomus,
567 5857 854 5911 memoriter
879 5857 1106 5923 loquens,
1129 5857 1242 5911 ante
1262 5873 1368 5922 nos,
1391 5860 1594 5912 dixerit.

1653 402 1744 460 DE
1780 395 2203 460 CHANANEA.

3461 395 3568 453 454

1973 512 2097 567 bunt
2135 510 2308 584 (Isai.
2339 511 2424 565 Η.
2457 509 2524 564 10
2546 507 2582 579 ).
2619 508 2679 562 Et
2712 506 2881 562 Jacob
2907 525 2919 560 :
2948 506 3066 561 Non
3095 507 3295 576 deﬁciet
3336 507 3573 580 princeps

1972 623 2035 660 ea:
2057 605 2234 670 Juda,
2270 622 2430 674 neque
2471 606 2578 660 dua:
2616 605 2681 659 de
2719 603 2998 674 femoribus
3028 603 3138 676 ejus
3162 644 3176 668 ,
3206 602 3367 658 donec
3409 604 3573 658 veniat

1971 702 2054 754 cui
2080 701 2358 769 repositum
2386 709 2462 754 est
2493 717 2512 754 :
2552 709 2602 754 et
2631 701 2742 770 ipse
2783 699 3095 770 exspectatio
3132 700 3356 770 gentium
3399 696 3572 771 (Gen.

1972 793 2222 862 49.10).
2269 793 2334 848 Et
2364 793 2653 848 Malaebias
2693 811 2707 846 :
2753 791 2888 860 Quia
2933 794 2988 846 in
3032 794 3169 846 vobis
3207 792 3568 846 concludentm

1970 895 2132 956 portas
2168 901 2316 939 terea:
2338 926 2354 952 ,
2401 895 2450 939 et
2493 901 2594 939 non
2634 883 2901 938 mutabunt
2931 885 3066 953 quod
3115 885 3436 954 propositum
3480 894 3574 946 est.

1968 978 2090 1044 quia
2117 980 2183 1029 ab
2211 987 2327 1030 ortu
2352 977 2476 1030 solis
2497 992 2654 1045 usque
2677 975 2747 1028 ad
2771 990 3006 1029 occasum
3034 991 3216 1028 nomen
3245 984 3387 1028 tuum
3418 974 3582 1046 glori-

1971 1068 2156 1134 ﬁcatur
2179 1067 2232 1121 in
2258 1067 2489 1139 gentibus
2513 1109 2528 1134 ,
2567 1053 2615 1121 et
2653 1067 2707 1121 in
2735 1068 2873 1120 omni
2912 1066 3024 1120 loco
3064 1067 3324 1121 incensum
3361 1068 3568 1134 σπανιεῖ

1969 1157 2225 1226 Domino,
2253 1171 2301 1215 ct
2324 1160 2635 1230 sacriﬁcium
2660 1161 2911 1214 mundum
2941 1161 2960 1228 (
2985 1157 3212 1213 Maloch.
3247 1161 3298 1215 l.
3325 1160 3412 1215 10.
3439 1161 3499 1216 Η
3529 1161 3570 1230 ).

1972 1249 2043 1305 Et
2089 1250 2257 1306 David
2288 1265 2502 1306 rursum
2537 1267 2551 1305 :
2587 1249 2778 1306 Omnes
2805 1257 3007 1323 gentes,
3040 1249 3270 1322 plaudite
3313 1252 3570 1317 mrbus,

1965 1341 2184 1410 jubilate
2225 1339 2336 1395 Deo
2377 1341 2432 1394 in
2469 1356 2590 1396 voce
2626 1341 3020 1407 easnltationis;
3055 1342 3298 1411 quonitm
3321 1341 3574 1398 Dominus

1971 1433 2220 1496 excelsus,
2254 1433 2523 1500 terribilis,
2557 1432 2668 1488 Rea:
2693 1449 2910 1504 magnus
2946 1449 3102 1504 super
3125 1449 3326 1489 omnem
3365 1444 3571 1488 terram.

1971 1526 2212 1581 Ascendit
2255 1525 2394 1581 Deus
2432 1526 2486 1580 in
2525 1523 2868 1596 jubilatione,
2905 1523 3158 1580 Dominus
3192 1527 3247 1581 in
3286 1542 3406 1581 uoce
3444 1526 3575 1580 tubae

1974 1619 1993 1689 (
2016 1618 2165 1675 Psal.
2192 1618 2284 1689 46.
2313 1618 2368 1673 2.
2397 1619 2450 1675 5.
2480 1617 2576 1691 5).
2609 1617 2676 1674 Ει
2703 1619 2841 1674 alius
2870 1635 2885 1673 :
2915 1617 3208 1686 Latamini,
3234 1628 3435 1691 gentes,
3461 1635 3574 1672 cum

1972 1711 2163 1781 populo
2186 1711 2300 1782 ejus
2329 1709 2507 1783 (Deut.
2533 1711 2624 1766 52.
2648 1711 2764 1780 45).
2797 1711 2863 1766 Et
2891 1720 2948 1766 tu
2977 1711 3093 1781 ipse
3124 1710 3364 1778 veniens,
3397 1727 3575 1766 nonne

1971 1815 2159 1872 magos
2195 1801 2378 1856 statim
2405 1800 2682 1857 advocasti
2703 1843 2720 1867 ,
2751 1817 2932 1857 arcem
2962 1804 3233 1872 gentium,
3260 1801 3459 1858 diaboli
3489 1813 3572 1876 ty-

1973 1893 2257 1949 rannidem
2278 1935 2294 1958 ,
2329 1893 2582 1949 virtutem
2613 1893 2964 1949 daemonum?
3005 1908 3186 1950 nonne
3219 1893 3573 1962 descendens,

1971 1985 2265 2054 prOphetas
2291 1999 2388 2039 eos
2413 1984 2733 2040 reddidisti?
2761 1984 2841 2040 Tu
2868 2001 3052 2056 magos
3076 2001 3238 2042 vocas
3262 2005 3277 2042 :
3301 1986 3576 2058 prophetze

1973 2076 2042 2132 de
2069 2078 2318 2149 gentibus
2347 2076 2451 2132 hoc
2479 2078 2685 2134 dicunt.
2733 2078 3022 2150 Postquam
3063 2079 3134 2134 ab
3178 2078 3365 2136 inferis
3398 2097 3563 2138 resur

1971 2184 2212 2234 rexeras,
2241 2169 2521 2242 discipulis
2549 2169 2684 2226 dicis
2713 2186 2730 2225 :
2764 2168 2960 2226 Euntes
2981 2171 3158 2225 docete
3183 2187 3358 2228 omnes
3381 2184 3572 2244 gentes,

1972 2259 2284 2332 baptizantes
2309 2277 2396 2316 eos
2423 2262 2478 2316 in
2512 2261 2719 2317 nomine
2754 2261 2933 2316 Patris
2953 2303 2968 2328 ,
2997 2271 3047 2318 et
3081 2261 3244 2328 Filii,
3274 2273 3322 2318 et
3351 2264 3576 2336 Spiritus

1972 2353 2140 2407 sancti
2183 2352 2421 2423 (Matth.
2444 2353 2536 2409 28.
2567 2353 2721 2425 l9);
2765 2362 2821 2408 et
2863 2352 3079 2425 quando
3115 2354 3262 2410 venit
3298 2356 3479 2412 infelix
3522 2368 3576 2413 et

1972 2445 2169 2499 misera
2202 2444 2290 2499 illa
2314 2485 2329 2510 ,
2378 2459 2480 2516 pro
2519 2444 2628 2499 ﬁlia
2657 2458 2884 2516 rogans,
2914 2460 3320 2517 terumnamque
3362 2447 3577 2519 dispelli

1973 2537 2283 2607 supplicans
2301 2576 2317 2601 ,
2351 2546 2478 2592 tunc
2505 2536 2639 2592 dicis
2667 2553 2681 2591 :
2711 2535 2836 2591 Non
2873 2553 2989 2591 sum
3017 2538 3201 2593 missus
3239 2539 3340 2593 nisi
3367 2540 3435 2594 ad
3462 2557 3578 2596 oves

1972 2644 2088 2699 qua:
2111 2629 2374 2699 perierunt
2398 2631 2579 2684 domus
2606 2628 2811 2696 Israel;
2839 2639 3036 2685 etcum
3061 2632 3404 2688 centenarius
3423 2648 3578 2690 acce-

1974 2721 2091 2790 dit,
2133 2721 2269 2778 dicis
2295 2738 2312 2777 :
2341 2722 2456 2794 Ego
2495 2723 2698 2778 veniens
2740 2723 2932 2777 curabo
2961 2739 3075 2777 cum
3115 2723 3348 2794 (Matth.
3376 2727 3430 2782 8.
3462 2727 3575 2797 7);

1973 2827 2097 2866 cum
2131 2812 2270 2868 latro
2309 2814 2578 2884 supplicat
2619 2831 2632 2868 :
2676 2812 2848 2868 Hodie
2877 2830 3074 2868 mecum
3113 2816 3213 2869 eris
3249 2817 3304 2869 in
3335 2819 3576 2886 paradiso

1975 2903 2128 2976 (Luc.
2155 2904 2246 2960 25.
2270 2905 2400 2974 45);
2439 2921 2562 2960 cum
2595 2905 2919 2977 paralytieus
2949 2923 2963 2959 :
2996 2905 3199 2977 Surge,
3233 2907 3356 2962 tolle
3397 2910 3578 2964 lectum

1975 3007 2122 3054 tuum
2145 3039 2161 3064 ,
2207 3006 2252 3052 et
2292 2997 2421 3052 vade
2447 2998 2465 3068 (
2490 2995 2680 3050 Matth.
2705 2996 2758 3050 9.
2789 2995 2863 3067 6)
2893 3013 2907 3048 :
2938 3012 3062 3051 cum
3090 2997 3293 3052 Lazaro
3321 2999 3577 3069 loqueris,

1974 3089 2208 3157 Lazare,
2248 3089 2360 3144 veni
2401 3093 2544 3160 foras
2579 3087 2780 3159 (Joon.
2810 3089 2896 3144 ll.
2927 3089 3032 3158 45)
3058 3132 3072 3155 ,
3102 3099 3157 3144 et
3193 3091 3580 3160 quatriduanus

1975 3183 2164 3239 exivit.
2190 3182 2462 3253 Leprosos
2488 3181 2739 3248 mundas,
2772 3192 3013 3238 mortuos
3042 3184 3290 3250 suscitas,
3321 3185 3578 3258 paralyti-

1975 3291 2097 3332 cum
2128 3275 2341 3342 ﬁrmas,
2371 3290 2547 3330 caecos
2575 3274 2865 3340 illuminas,
2900 3275 3138 3331 latrones
3163 3290 3367 3340 servas,
3399 3293 3581 3334 mere-

1977 3368 2166 3423 tricem
2214 3367 2396 3423 reddis
2436 3367 2642 3438 virgine
2687 3366 3015 3433 castiorem,
3046 3377 3101 3423 et
3142 3368 3266 3423 huic
3311 3369 3444 3424 nihil
3491 3385 3576 3425 re-

1975 3461 2255 3531 spondes?
2292 3461 2463 3529 Quam
2491 3474 2690 3517 novum
2717 3459 2770 3516 id
2796 3460 2809 3515 ε
2837 3474 2998 3531 quam
3024 3461 3348 3532 stupendum
3372 3463 3386 3517 ι
3409 3477 3580 3535 quam

1977 3554 2252 3611 insolitum
2276 3554 2290 3608 ι

2051 3645 2107 3700 7.
2149 3645 2401 3700 Animum
2433 3642 2694 3701 advertite
2725 3645 3031 3716 diligenter,
3066 3655 3122 3700 ut
3145 3645 3366 3702 discatis
3393 3647 3582 3704 mulie-

1978 3737 2055 3793 ris
2076 3737 2381 3793 virilitatem
2404 3751 2467 3792 ac
2491 3737 2700 3792 Domini
2723 3739 3041 3809 sapientiam
3063 3739 3582 3812 providentiamque;

1977 3837 2037 3884 ut
2078 3827 2299 3884 discatis
2343 3843 2524 3884 moras
2569 3829 2777 3884 lucrum
2822 3831 3106 3896 attulisse,
3149 3839 3205 3886 et
3246 3835 3584 3904 negationem

1977 3920 2194 3976 divitias
2225 3920 2535 3992 peperisse;
2567 3931 2625 3976 ut
2652 3921 2698 3976 si
2724 3922 2965 3977 oraveris
2994 3929 3050 3978 et
3089 3930 3146 3976 tu
3169 3965 3184 3986 ,
3219 3932 3273 3978 et
3303 3939 3408 3978 non
3439 3925 3584 3980 acci-

1980 4013 2099 4083 pias
2118 4054 2132 4076 ,
2163 4027 2454 4084 numquam
2487 4012 2739 4068 desistas.
2772 4014 3024 4068 Animum
3053 4013 3340 4085 diligenter
3363 4014 3583 4072 adhibe.

1978 4102 2204 4172 Quando
2230 4103 2399 4159 Judaei
2431 4104 2500 4158 ab
2525 4102 2844 4176 Egyptiaca
2875 4105 3161 4177 tyrannide
3203 4106 3412 4161 liberati
3439 4116 3585 4171 sunt,

1979 4205 2034 4250 et
2059 4195 2352 4251 Pharaonis
2385 4211 2576 4250 manus
2603 4195 2906 4267 effugerunt
2927 4239 2942 4264 ,
2969 4196 3036 4252 ad
3067 4198 3449 4270 desertumque
3475 4213 3590 4272 per-

1979 4297 2257 4356 rexerunt,
2292 4288 2538 4343 intraturi
2586 4289 2640 4343 in
2673 4297 2873 4345 terram
2901 4288 3329 4347 Chananzeorum
3365 4292 3589 4350 idolola-

1983 4387 2185 4434 trarum
2233 4379 2630 4450 impiorumque
2678 4379 2977 4446 hominum,
3025 4381 3117 4453 qui
3163 4383 3366 4452 lapides
3395 4384 3588 4441 adora-

1981 4469 2130 4535 bant,
2157 4470 2409 4541 lignaque
2440 4471 2711 4536 colebant,
2739 4487 3097 4544 magnamque
3123 4474 3451 4545 impietatem
3478 4493 3590 4546 prae

1981 4576 2042 4618 se
2069 4562 2336 4628 ferebant,
2364 4563 2512 4618 dedit
2543 4565 2672 4634 ipsis
2695 4565 2838 4620 Deus
2865 4566 3201 4636 hanc'legem
3227 4585 3241 4620 :
3268 4583 3337 4624 ne
3356 4570 3592 4641 accipias

1983 4667 2048 4708 ex
2079 4652 2204 4709 ﬁliis
2228 4669 2414 4710 eorum
2438 4670 2690 4724 generos,
2715 4671 2892 4726 neque
2915 4656 3010 4711 des
3033 4655 3197 4711 ﬁliam
3221 4666 3366 4712 tuam
3395 4675 3588 4716 nurum

1984 4745 2119 4817 ipsis
2146 4749 2164 4819 (
2190 4748 2359 4803 Exod.
2385 4748 2476 4804 25.
2499 4748 2572 4805 24
2594 4747 2636 4820 ).
2667 4748 2747 4805 Ne
2779 4750 2959 4806 tradas
3005 4751 3107 4806 illis
3135 4744 3326 4820 aurum
3352 4794 3369 4819 ,
3416 4767 3592 4823 neque

1985 4853 2192 4895 mensa:
2223 4840 2538 4896 societatem
2562 4883 2577 4907 ,
2626 4857 2802 4912 neque
2827 4842 3158 4898 consortium
3178 4884 3196 4909 ,
3241 4858 3417 4914 neque
3445 4843 3596 4902 aliud

1985 4931 2258 5003 quidpiam
2290 4933 2468 4989 simile
2494 4949 2510 4998 ;
2557 4934 2683 5005 quia
2726 4935 2922 5005 iniqua:
2953 4944 3078 4990 sunt
3104 4945 3294 5007 gentes
3317 4978 3332 5002 ,
3361 4938 3429 4993 ad
3457 4954 3600 5008 quas

1987 5021 2274 5078 introduco
2321 5032 2406 5088 te,
2451 5034 2507 5080 ut
2549 5024 2826 5095 possideas
2871 5025 2991 5080 illas
3031 5025 3226 5096 (Deut.
3255 5029 3309 5083 7.
3337 5029 3434 5100 5;.
3467 5028 3601 5087 'lloc

1988 5114 2150 5184 igitur
2194 5116 2298 5171 illis
2344 5116 2734 5187 propemodum
2767 5119 2852 5172 lex
2897 5118 3241 5188 pmcipicbat
3274 5138 3289 5175 :
3321 5136 3390 5177 ne
3418 5136 3597 5189 emas,

1990 5221 2057 5260 ne
2085 5207 2284 5261 vendas
2310 5247 2326 5273 ,
2365 5221 2433 5263 ne
2475 5207 2741 5264 connubia
2776 5208 3002 5279 iungas,
3048 5225 3221 5280 neque
3258 5219 3596 5283 contractus,

1987 5298 2082 5353 sed
2121 5299 2221 5353 etsi
2251 5299 2371 5355 loco
2414 5300 2654 5368 vicinus,
2686 5301 2928 5356 moribus
2955 5313 3235 5372 separatus
3277 5315 3414 5362 esto.
3454 5308 3599 5366 Nihil

1991 5392 2084 5446 tibi
2112 5391 2182 5446 sit
2210 5406 2497 5448 commune
2523 5407 2644 5448 cum
2676 5391 2800 5460 illis,
2834 5409 2940 5447 non
2975 5406 3148 5463 pacta,
3181 5412 3289 5452 non
3319 5400 3592 5457 venditio-

1991 5499 2107 5550 nes,
2134 5498 2241 5538 non
2259 5485 2581 5555 emptiones,
2605 5499 2710 5540 non
2731 5485 3105 5551 matrimonia;
3141 5503 3208 5543 ne
3237 5488 3374 5547 forte
3399 5506 3599 5565 cogna-

1994 5576 2156 5630 tionis
2184 5577 2480 5632 neeessitas
2508 5575 2561 5631 id
2587 5575 2783 5633 efficiat
2809 5585 2869 5632 ut
2900 5578 2950 5631 in
2983 5577 3312 5649 impietatem
3344 5583 3599 5650 prolaba-

1992 5668 2068 5724 ris
2096 5685 2111 5720 :
2142 5683 2211 5723 ne
2231 5666 2358 5722 dum
2385 5668 2488 5723 illis
2513 5667 2610 5723 das
2632 5676 2688 5724 et
2711 5667 2779 5723 ab
2805 5667 2910 5722 illis
2929 5669 3150 5739 accipis,
3177 5669 3387 5726 amicus
3405 5687 3595 5728 eorum

1993 5760 2090 5816 llas
2120 5779 2134 5815 :
2167 5761 2261 5817 sed
2307 5761 2381 5816 illi
2431 5776 2647 5830 semper
2693 5760 2942 5816 inimicus
2970 5770 3107 5816 esto.
3142 5761 3284 5816 Nihil
3316 5763 3408 5817 tibi
3438 5778 3593 5818 eom-

1995 5868 2158 5912 mune
2203 5855 2272 5910 sit
2314 5869 2437 5911 cum
2484 5854 2840 5920 Chauauzeis;
2887 5869 2955 5910 ne
2996 5868 3186 5911 aurum
3233 5855 3448 5914 illorum
3474 5895 3492 5926 ,
3523 5871 3596 5916 ne
