4046 6436
523 400 625 462 155

523 522 823 587 argentum,
854 525 922 566 ne
945 517 1170 571 vestem,
1201 522 1270 562 ne
1301 505 1486 570 ﬁliam,
1517 521 1583 559 ne
1611 503 1796 568 ﬁlium,
1826 517 1928 558 nec
1954 501 2095 557 aliud

522 605 792 677 quidpiam
839 599 1013 654 simile
1041 597 1309 666 accipias;
1360 596 1454 650 sed
1491 597 1602 665 ipse
1645 595 1868 649 seorsim
1912 594 2092 665 degas.

527 697 782 764 Linguam
815 691 981 745 habes
1010 699 1060 743 te
1086 697 1419 757 separantem
1439 728 1453 751 ,
1503 687 1778 756 legemque
1813 685 1904 739 tibi
1933 685 2054 740 dedi
2081 702 2094 738 :

525 792 849 858 quapropter
890 783 972 836 lex
1001 795 1160 849 sepes
1185 788 1422 834 vocatur.
1462 778 1916 846 Quemadmodum
1956 778 2097 832 enim

529 878 682 931 vinea
707 888 833 942 sepe
859 870 1238 936 circumdatur,
1274 870 1353 923 sic
1375 878 1430 923 et
1454 868 1622 924 Judai
1649 870 1765 938 lege
1787 869 2100 923 circummu-

527 968 763 1028 niuntur,
806 970 864 1016 ut
897 975 966 1015 ne
1007 958 1144 1014 hanc
1169 958 1616 1028 transgredientes
1639 972 1761 1012 cum
1785 957 2100 1012 Chananazis

528 1057 872 1110 misceantur.
901 1050 1064 1104 Erant
1092 1049 1233 1103 enim
1258 1047 1397 1117 apud
1428 1049 1546 1102 illos
1577 1048 1754 1116 iniqua
1781 1047 2099 1103 commercia

523 1137 822 1207 depravatae
874 1142 1077 1188 natum
1125 1132 1302 1201 leges:
1344 1128 1699 1183 adorabantur
1747 1125 1908 1189 idola,
1956 1125 2098 1194 ligna

525 1229 854 1291 colebantur,
886 1225 1026 1279 Dens
1050 1221 1372 1278 contumelia
1405 1218 1757 1284 afﬁciebatur,
1787 1215 1879 1270 ﬁlii
1905 1222 2100 1270 macta-

528 1317 740 1380 bantur,
768 1324 943 1386 patres
967 1311 1417 1383 despiciebantur,
1455 1317 1652 1366 matres
1694 1306 2110 1363 contemneban-

529 1419 634 1478 tnr,
657 1409 832 1464 omnia
861 1409 1134 1462 immutata
1162 1415 1333 1471 erant,
1361 1406 1542 1462 omnia
1583 1401 1860 1468 subversa,
1911 1400 2110 1455 dmmoo

529 1517 655 1555 num
682 1515 830 1555 more
849 1498 1117 1555 vivebant.
1141 1496 1370 1567 Ideoque
1392 1496 1535 1551 nulla
1560 1493 1879 1550 commercia
1908 1491 2111 1547 inibant

527 1606 649 1645 cum
680 1590 786 1644 illis
807 1631 821 1655 ,
865 1588 994 1644 nihil
1022 1590 1152 1659 ipsis
1191 1587 1513 1652 vendebant,
1555 1585 1649 1641 sed
1679 1585 1766 1641 lex
1795 1585 2000 1653 magnis
2027 1583 2110 1636 in-

527 1682 683 1736 dictis
731 1681 901 1752 poenis
925 1680 1139 1736 vetabat
1181 1679 1446 1736 connubia
1471 1693 1591 1733 cum
1614 1677 1737 1741 illis,
1765 1685 1938 1746 pecta,
1978 1690 2112 1728 vcn-

528 1772 758 1827 ditiones
805 1789 818 1825 :
875 1770 1111 1840 nihilque
1163 1784 1447 1827 commune.
1491 1783 1612 1823 cum
1651 1767 1782 1838 ipsis
1825 1765 2109 1820 habebant.

531 1865 756 1919 Cautum
802 1863 960 1934 igitur
987 1864 1103 1933 lege
1131 1873 1287 1930 erat,
1339 1877 1408 1916 ne
1453 1869 1606 1931 pacta
1635 1873 1757 1914 cum
1795 1857 2113 1913 Chananteis

533 1958 812 2024 inirentur,
840 1972 907 2012 ne
932 1971 1118 2011 aurum
1142 1956 1274 2026 ipsis
1298 1954 1622 2018 traderetur,
1653 1968 1753 2010 nec
1782 1952 1925 2008 aliud
1951 1951 2108 2021 quid-

531 2051 694 2120 piam,
727 2064 795 2106 ne
830 2051 1061 2105 amicitia
1080 2048 1368 2119 impietatis
1410 2049 1620 2105 occasio
1645 2055 1822 2112 esset;
1856 2047 1940 2100 lex
1969 2045 2114 2114 ipsos

530 2143 679 2211 quasi
700 2157 856 2213 sepes
883 2141 1382 2198 circummuniebat.
1417 2140 1647 2206 Vineam,
1677 2140 1864 2210 inquit,
1889 2139 2112 2208 plantavi

533 2241 579 2284 et
608 2249 774 2301 sepem
801 2233 901 2302 ipsi
923 2231 1229 2286 circumdedi
1259 2229 1430 2301 (Isai.
1460 2230 1512 2285 5.
1546 2231 1594 2285 1.
1623 2229 1694 2299 2)
1716 2271 1730 2292 ,
1761 2229 1813 2284 id
1833 2237 1917 2284 est
1943 2228 2111 2298 legem

534 2337 638 2376 non
681 2321 883 2391 spinis,
925 2322 1020 2376 sed
1081 2320 1345 2376 mandatis
1389 2329 1757 2384 constantem,
1801 2334 1918 2389 qua}
1970 2319 2114 2388 ipsos

534 2415 886 2469 communiret
933 2422 986 2468 et
1033 2420 1327 2484 separaret.
1382 2411 1776 2468 Abominabiles
1805 2426 1935 2481 ergo
1962 2418 2115 2465 erant

531 2504 822 2559 Chananmi
843 2547 858 2572 ,
885 2503 1195 2559 exsecrandi
1222 2545 1237 2570 ,
1270 2502 1419 2572 impii
1445 2544 1460 2569 ,
1487 2498 1695 2557 scelesti
1719 2541 1734 2565 ,
1758 2502 1982 2572 impuri,
2012 2502 2113 2554 im-

538 2597 761 2662 mundi;
814 2597 1038 2666 ideoque
1073 2611 1140 2650 ne
1179 2594 1365 2650 audire
1415 2592 1628 2664 quidem
1691 2591 1809 2647 illos
1867 2591 2117 2647 volebant

536 2690 702 2745 Judaei
728 2689 896 2758 legem
929 2701 1080 2742 suam
1133 2687 1433 2756 implentes.
1475 2683 1608 2740 Cum
1635 2698 1762 2753 ergo
1784 2683 1897 2738 haec
1926 2684 2118 2738 mulier

536 2797 601 2836 ex
629 2780 942 2836 Chanantnis
969 2787 1113 2834 esset
1169 2780 1331 2848 (nam
1373 2778 1505 2832 Ecce
1549 2777 1755 2843 mulier,
1807 2776 2009 2848 inquit,
2055 2794 2117 2831 ea:

537 2871 721 2940 ﬁnibus
747 2871 848 2924 illis
869 2885 1065 2940 egressa
1085 2863 1194 2936 esti
1221 2868 1406 2923 Matth.
1446 2864 1687 2937 15.22]),
1704 2869 1848 2938 quia,
1876 2869 2112 2939 inquam,

541 2961 654 3016 hzec
701 2960 894 3016 mulier
936 2975 1000 3016 ex
1044 2959 1357 3016 Chananaeis
1377 2968 1511 3026 erat,
1542 2961 1834 3015 etaccessit
1855 2960 1922 3015 ad
1954 2961 2113 3015 Chri-

536 3063 700 3121 stum,
729 3053 849 3108 ideo
876 3054 1106 3120 dicebat,
1133 3051 1260 3120 Quis
1285 3068 1348 3105 ea:
1369 3051 1504 3105 vobis
1531 3063 1706 3123 arguet
1725 3069 1803 3108 me
1825 3053 1888 3107 de
1911 3063 2114 3123 peccato

537 3144 736 3216 (Joan.
760 3145 812 3199 8.
843 3144 910 3198 46
936 3145 1153 3210 )‘tnum
1182 3143 1349 3212 legem
1381 3151 1742 3212 transgressus
1778 3143 1934 3199 sum?
1981 3141 2114 3199 Cum

532 3219 672 3272 enim
703 3219 862 3270 homo
889 3225 1051 3283 esset,
1075 3220 1318 3273 humana
1346 3219 1634 3275 exhibebat
1659 3222 1851 3278 ofﬁcia.

603 3307 658 3361 8.
699 3305 924 3360 Christus
955 3307 1113 3377 legem
1137 3308 1357 3376 implevit
1382 3349 1398 3374 ,
1427 3325 1581 3378 quare
1603 3312 1628 3365 ?
1647 3342 1717 3352 —
1742 3314 1839 3370 llic
1885 3317 2101 3373 demum

531 3397 789 3453 attendite
813 3397 1115 3468 diligenter.
1165 3400 1294 3465 Quia
1332 3402 1524 3457 mulier
1555 3403 1850 3462 Chananma
1893 3421 2010 3466 erat
2047 3423 2101 3468 et

530 3504 597 3544 ex
631 3488 819 3542 ﬁnibus
850 3489 969 3551 illis,
1019 3489 1104 3544 ubi
1148 3491 1349 3556 rabies,
1401 3492 1582 3559 furor,
1625 3506 1678 3551 et
1721 3499 1981 3569 impietas,
2013 3507 2100 3559 ubi

531 3579 727 3634 diaboli
760 3581 997 3650 tyrannis
1021 3622 1036 3647 ,
1069 3581 1370 3637 datmonum
1397 3583 1839 3644 debacchationes
1865 3632 1880 3657 ,
1915 3604 2098 3649 natura

529 3669 837 3724 conculcata
862 3685 877 3734 ;
908 3670 996 3724 ubi
1026 3670 1092 3725 ad
1119 3671 1397 3726 brutorum
1420 3675 1602 3732 brutos
1624 3679 1843 3736 allectus
1869 3681 2098 3740 devoluti

530 3770 701 3823 erant,
729 3769 782 3814 et
811 3760 874 3813 ad
899 3760 1197 3816 dmmonum
1227 3762 1456 3831 furores,
1484 3775 1538 3820 et
1578 3769 1699 3837 quia
1729 3771 1808 3825 lex
1838 3774 2102 3845 prmeipie—

531 3852 621 3906 bat
662 3851 794 3904 nihil
836 3852 927 3905 tibi
971 3852 1040 3907 sit
1081 3869 1201 3908 cum
1231 3855 1564 3925 Chananzcis,
1614 3876 1681 3916 ne
1715 3862 1822 3919 'des
1863 3866 1985 3932 illis,
2035 3886 2099 3924 ne

530 3943 757 4011 accipias
784 3943 850 3996 ab
878 3943 996 4007 illis,
1022 3958 1086 3999 ne
1115 3961 1335 4002 uxorem
1363 3948 1548 4017 ducas,
1574 3968 1641 4006 ne
1664 3956 1824 4011 lilium
1851 3961 2095 4028 accipias,

535 4047 601 4086 ne
631 4040 782 4100 pacta
815 4032 978 4096 ineas,
1025 4034 1111 4088 vel
1137 4047 1435 4104 conventa;
1478 4056 1600 4096 nam
1627 4044 1745 4099 ideo
1772 4061 1948 4116 sepem
1993 4051 2099 4104 cir-

529 4120 844 4189 cumposui;
889 4121 1235 4194 Cbristusque
1261 4128 1479 4183 veniens
1517 4130 1788 4188 hominum
1816 4142 2102 4208 assumpsit

530 4224 701 4274 arma,
728 4224 826 4264 suo
853 4220 1088 4280 tempore
1110 4214 1453 4272 circumcisus
1475 4228 1576 4287 est,
1602 4224 1857 4279 sacriﬁcia
1888 4228 2097 4298 obtulit,

528 4299 824 4353 oblationes
871 4310 926 4354 et
966 4302 1068 4356 alia
1115 4305 1328 4372 omnia,
1378 4322 1499 4364 cum
1541 4309 1711 4380 legem
1753 4315 2098 4386 abrogaturus

529 4399 710 4454 esset;
754 4405 820 4444 ne
849 4391 1141 4460 objicerent
1165 4435 1179 4460 ,
1212 4394 1291 4449 Eo
1318 4399 1458 4467 quod
1504 4416 1609 4456 non
1658 4415 1836 4471 posset
1878 4409 2098 4478 implere

532 4479 702 4549 legem
729 4520 745 4546 ,
792 4479 912 4533 ideo
955 4497 1074 4537 eam
1126 4485 1444 4556 abrogavit:
1489 4490 1634 4560 prius
1679 4493 1845 4563 ipsam
1895 4498 2093 4569 implet,

533 4580 716 4640 postea
743 4572 960 4641 abrogat
984 4590 999 4637 ;
1019 4570 1026 4578 ’
1045 4587 1111 4630 ne
1137 4588 1291 4646 putes
1322 4580 1490 4648 ipsum
1536 4584 1756 4654 implere
1785 4603 1886 4642 non
1919 4605 2094 4660 posse,

532 4663 708 4716 omnia
738 4665 1026 4718 secundum
1062 4682 1264 4722 morem
1302 4675 1623 4742 exsequitur.
1666 4677 1946 4747 Propterea
1989 4684 2096 4736 cla-

533 4764 641 4808 mat
671 4754 753 4809 his
782 4755 955 4807 verbis
987 4773 1000 4807 :
1036 4757 1160 4823 Quis
1203 4776 1265 4813 ea:
1292 4762 1426 4816 vobis
1465 4777 1637 4834 arguet
1676 4783 1753 4821 me
1794 4771 1856 4824 de
1895 4784 2096 4840 peccato

532 4845 711 4911 (Joan.
742 4845 796 4900 8.
825 4844 962 4912 46)?
989 4846 1123 4901 Cum
1149 4849 1325 4919 itaque
1354 4852 1479 4907 illud
1496 4855 1663 4910 .etiam
1692 4859 1756 4912 ad
1788 4861 1953 4930 legem
1986 4879 2091 4932 per-

534 4938 742 5000 tineret,
769 4950 836 4990 ne
859 4935 982 5004 quid
1003 4951 1283 4994 commune
1309 4956 1428 4997 cum
1449 4937 1764 5004 Cbananmis
1792 4952 2093 5022 haberetur;

531 5043 600 5081 ne
631 5028 801 5096 ipsum
846 5027 1012 5083 Judtei
1061 5031 1362 5088 incusarent
1406 5036 1746 5109 dicerentque
1779 5061 1792 5096 :
1827 5044 1946 5100 Ideo
1989 5065 2092 5103 non

526 5117 788 5171 credimus
820 5118 934 5184 tibi,
965 5120 1104 5188 quod
1135 5122 1209 5176 sis
1240 5123 1447 5193 iniquus
1467 5169 1481 5193 ,
1513 5131 1652 5197 quod
1683 5132 1848 5202 legem
1876 5139 2050 5193 solvas
2078 5159 2091 5193 :

531 5224 580 5261 tn
615 5219 808 5262 terram
834 5208 1246 5267 Chananteorum
1273 5215 1481 5281 abiisti,
1528 5231 1582 5274 et
1606 5237 1724 5277 cum
1765 5224 1827 5278 iis
1866 5225 2093 5284 habuisti

529 5300 849 5353 consortium
876 5341 891 5365 ,
923 5300 1046 5356 licet
1076 5303 1125 5356 id
1169 5304 1282 5374 lege
1322 5310 1666 5377 prohibeatur
1696 5332 1706 5366 :
1755 5317 1872 5370 ideo
1915 5324 2093 5376 statim

530 5387 658 5441 nihil
689 5389 1016 5457 loquebatur.
1066 5395 1292 5450 Attende
1329 5403 1596 5468 quomodo
1639 5403 1809 5474 legem
1856 5409 2089 5478 impleat,

527 5491 626 5531 nec
668 5479 890 5531 salutem
933 5483 1106 5534 statim
1155 5484 1436 5554 impertiat,
1481 5491 1796 5565 Judazosque
1839 5499 2087 5566 refrenet,

524 5575 578 5619 et
606 5565 742 5620 hanc
770 5580 990 5622 recreet.
1023 5571 1122 5626 Ille
1150 5585 1313 5629 autem
1331 5618 1346 5643 ,
1394 5579 1594 5650 inquit,
1640 5602 1740 5639 non
1767 5592 2021 5658 respondit
2048 5595 2092 5646 ei

525 5657 741 5709 sorbum.
771 5656 847 5712 Ne
877 5660 1149 5717 incusandi
1179 5669 1511 5726 occasionem
1541 5675 1764 5744 arripias
1789 5696 1802 5742 ;
1831 5656 1954 5737 ecce
1983 5700 2086 5739 non

519 5744 746 5816 loquor,
777 5767 881 5805 non
912 5766 1209 5811 sermonem
1245 5762 1444 5819 misceo
1474 5783 1497 5824 :.
1520 5767 1668 5825 adest
1697 5771 1968 5829 calamitas
1992 5818 2004 5842 ,
2037 5786 2091 5832 et

1213 395 1271 450 S.
1312 390 1588 450 JOANNIS
1613 389 2084 448 CIIRYSOSTOMI
2124 390 2440 446 ARCIIIEP.
2480 391 3016 450 CONSTANTINOP.

3693 404 3803 459 456

2203 503 2342 571 quod
2373 504 2522 559 soleo
2567 505 2776 569 facere,
2819 521 2922 559 non
2967 507 3196 563 exhibeo
3221 526 3234 563 :
3264 523 3392 566 ecce
3435 510 3800 583 naufragium,

2202 601 2256 647 et
2284 609 2384 663 ego
2410 595 2736 664 gubernator
2765 613 2869 651 non
2909 599 3060 653 solvo
3093 607 3461 670 tempesratem
3489 604 3563 659 ob
3591 605 3799 674 impro-

2205 683 2328 738 bum
2356 685 2594 739 animum
2620 699 2878 752 vestrum,
2929 705 2995 742 ne
3027 689 3134 744 ulla
3174 689 3244 745 sit
3268 691 3420 746 vobis
3459 693 3800 748 detractandi

2202 777 2435 830 occasio.
2470 777 2605 832 Ecce
2632 779 2826 833 mulier
2851 790 3179 850 spectatores
3225 783 3353 837 mihi
3397 786 3600 839 circum
3626 784 3800 839 advo-

2202 867 2364 931 cavit,
2391 874 2448 920 et
2475 867 2708 921 nondum
2736 869 2784 922 ei
2814 870 3099 939 respondi;
3143 887 3211 926 ne
3239 872 3448 938 dicatis,
3486 874 3564 929 Te
3586 874 3802 930 Chana-

2205 955 2336 1008 natis
2382 955 2676 1022 tradidisti,
2723 967 2776 1012 et
2821 957 2992 1029 legem
3040 971 3404 1032 transgressus
3447 981 3526 1028 es,
3574 974 3628 1020 et
3674 965 3801 1017 hinc

2203 1046 2356 1101 nobis
2384 1048 2596 1102 occasio
2627 1047 2717 1102 tibi
2765 1064 2868 1103 non
2913 1052 3189 1107 credendi.
3232 1054 3616 1110 Animadverte
3656 1070 3798 1122 quo-

2203 1137 2364 1192 modo
2388 1139 2594 1194 mulieri
2618 1155 2723 1194 non
2745 1142 3104 1210 responderit,
3125 1153 3180 1197 ut
3200 1144 3548 1214 responderet
3563 1145 3796 1201 Iudaeis:

2205 1228 2473 1283 silentium
2503 1244 2628 1299 erga
2657 1231 2936 1286 mulierem
2962 1272 2978 1298 ,
3025 1248 3128 1287 vox
3171 1244 3288 1289 erat
3327 1250 3446 1305 quae
3484 1235 3797 1292 Iudaeorum

2202 1318 2502 1390 improbum
2531 1321 2766 1376 animum
2803 1324 3078 1392 arguebat.

2278 1410 2332 1465 9.
2374 1411 2500 1467 Hrec
2523 1422 2700 1467 autem
2731 1411 2956 1469 faciebat
2981 1429 3088 1470 non
3115 1416 3409 1472 secundum
3439 1433 3590 1474 suam
3619 1419 3795 1490 digni-

2205 1512 2365 1560 tatem
2388 1546 2406 1571 ,
2435 1505 2531 1562 sed
2557 1505 2774 1562 illorum
2790 1520 2864 1562 se
2894 1506 3188 1563 inﬁrmitati
3227 1517 3615 1580 attemperans.
3662 1512 3796 1567 Nam

2201 1608 2323 1650 cum
2367 1595 2636 1665 leprosum
2682 1596 3002 1663 mandaret,
3034 1597 3206 1662 dixit,
3243 1598 3417 1668 Vade,
3455 1602 3585 1670 offer
3612 1621 3798 1657 munus

2202 1694 2364 1756 tuum,
2388 1690 2523 1758 quod
2554 1691 2796 1759 praecepit
2831 1690 3035 1761 Moyses
3063 1690 3287 1762 (Matth.
3316 1693 3369 1748 8.
3398 1695 3432 1748 4
3450 1694 3488 1763 ).
3516 1695 3598 1750 Tu
3638 1711 3797 1750 mun-

2202 1777 2370 1844 dasti,
2403 1787 2456 1834 et
2499 1780 2665 1834 mittis
2705 1780 2852 1834 illum
2890 1780 2960 1835 ad
2999 1782 3170 1851 legem
3199 1781 3413 1854 Moysis.
3448 1785 3641 1840 Etiam.
3689 1784 3799 1840 Cur

2202 1868 2349 1924 hoc?
2389 1869 2619 1940 PrOpter
2642 1869 2882 1935 Judmos,
2915 1887 2981 1925 ne
3010 1886 3096 1925 me
3126 1873 3332 1927 violata:
3363 1874 3493 1944 legis
3518 1885 3792 1930 accusent;

2205 1958 2328 2012 Ideo
2358 1973 2481 2013 cum
2507 1959 2780 2028 leprosum
2811 1961 3107 2027 mandavit,
3139 1962 3189 2015 id
3215 1962 3427 2018 insolito
3448 1965 3609 2018 modo
3640 1964 3795 2019 fecit:

2203 2047 2324 2103 audi
2370 2049 2657 2119 quomodo.
2721 2048 2788 2104 Et
2830 2066 2943 2104 ecce
2992 2052 3226 2122 leprosus
3293 2055 3537 2108 accedens
3587 2056 3798 2126 rogabat

2203 2157 2316 2195 eum
2354 2141 2564 2197 dicens:
2592 2142 2842 2210 Domine,
2887 2144 2932 2199 si
2970 2146 3078 2209 vis,
3115 2155 3254 2214 potes
3297 2163 3376 2201 me
3412 2151 3700 2213 mundare;
3745 2161 3790 2200 et

2203 2233 2473 2286 extendens
2502 2249 2710 2287 manum
2733 2251 2877 2289 suam
2895 2236 3065 2305 tetigit
3085 2253 3199 2290 eum
3227 2237 3402 2292 dicens
3431 2255 3448 2292 :
3480 2239 3628 2302 Volo,
3651 2257 3794 2293 mun-

2204 2322 2327 2377 dare
2363 2323 2732 2392 (Matth.8.2.
2763 2326 2843 2395 5).
2887 2325 3192 2382 Secundum
3233 2330 3400 2399 legem
3450 2347 3555 2386 non
3604 2333 3799 2388 licebat

2205 2413 2478 2482 leprosum
2506 2423 2742 2486 tangere.
2765 2415 2899 2471 Cum
2930 2432 3060 2488 ergo
3080 2421 3225 2473 venit
3246 2420 3494 2476 Nezeman
3521 2422 3628 2476 dux
3652 2437 3801 2478 exer-

2208 2504 2346 2558 citus
2372 2504 2615 2573 leprosus
2639 2509 2707 2560 ad
2735 2506 2982 2562 Elisaeum
3013 2511 3351 2592 prophetam,
3378 2513 3507 2592 dicit
3539 2514 3612 2568 illi
3638 2513 3795 2568 disci-

2206 2597 2382 2666 pulus,
2427 2598 2566 2654 Ecce
2593 2598 2836 2670 leprosus
2879 2603 3125 2670 princeps
3169 2585 3368 2659 militia:
3411 2585 3545 2660 foris
3588 2607 3792 2676 est“.

2208 2687 2336 2758 Reg.
2363 2688 2440 2758 5).
2471 2687 2564 2743 Ille
2591 2703 2719 2744 vero
2745 2691 2909 2743 mittit
2935 2690 3249 2760 discipulum
3293 2695 3380 2763 qui
3421 2695 3520 2764 ipsi
3548 2695 3754 2750 diceret
3781 2715 3794 2749 :

2221 2777 2358 2831 Vade
2383 2779 2607 2832 lavatum
2644 2780 2711 2832 ad
2733 2779 3012 2835 Iordanem
3039 2785 3254 2852 ﬂuvium
3298 2785 3413 2854 (Ib.
3445 2803 3494 2840 υ.
3521 2786 3624 2856 10)
3650 2803 3665 2854 ;
3697 2803 3798 2843 nec

2204 2882 2367 2922 ausus
2389 2879 2472 2924 est
2497 2869 2609 2938 ipse
2638 2869 2839 2939 egredi,
2873 2889 2972 2928 nec
2998 2875 3179 2930 videre
3209 2879 3478 2948 leprosum
3501 2919 3518 2946 ,
3548 2881 3797 2949 ipsumve

2207 2968 2444 3030 tangere.
2473 2960 2607 3028 Quia
2653 2965 2812 3033 igitur
2838 2966 3111 3022 mandavit
3138 2969 3364 3024 Elisatus
3396 2970 3698 3041 leprosum,
3729 2989 3797 3027 ne

2203 3049 2444 3106 dicerent
2465 3053 2636 3108 Judaei
2660 3055 2832 3124 ipsum
2860 3058 3050 3113 eodem
3077 3076 3180 3130 quo
3206 3062 3429 3117 Elisazus
3457 3066 3616 3119 modo
3636 3081 3797 3121 mun-

2203 3142 2359 3198 dasse
2382 3184 2397 3210 ,
2431 3144 2550 3199 ideo
2589 3147 2810 3203 Elisaeus
2838 3151 3049 3218 quidem
3080 3169 3187 3207 non
3234 3170 3397 3210 ausus
3425 3166 3511 3211 est
3536 3167 3795 3226 tangere;

2205 3234 2291 3288 hic
2319 3249 2447 3290 vero
2474 3237 2637 3307 tangit
2663 3247 2719 3292 et
2748 3239 2898 3307 dicit,
2938 3241 3091 3306 Volo,
3120 3245 3406 3310 mundare;
3433 3257 3480 3300 et
3517 3249 3795 3301 extendens

2204 3341 2410 3378 manum
2449 3326 2607 3397 tetigit
2651 3329 2927 3398 leprosum.
2972 3332 3080 3387 Cur
3125 3335 3336 3405 tetigit?
3387 3336 3454 3392 Ut
3499 3346 3551 3392 te
3575 3339 3797 3393 doceret

2204 3429 2264 3469 se
2311 3429 2418 3470 non
2460 3431 2582 3472 esse
2624 3433 2839 3474 servum
2886 3421 2987 3492 legi
3032 3424 3320 3491 subditum,
3365 3428 3462 3482 sed
3507 3428 3787 3483 dominum

2203 3504 2306 3574 legi
2354 3506 2726 3576 imperantem.
2772 3511 3054 3578 Quomodo
3109 3516 3267 3585 igitur
3313 3517 3483 3586 legem
3514 3523 3796 3575 servavit?

2205 3596 2358 3662 Quod
2397 3597 2613 3664 dixerit,
2667 3599 2814 3668 Volo,
2857 3605 3123 3671 mundare,
3164 3617 3220 3662 et
3247 3623 3349 3662 non
3393 3611 3572 3664 statim
3619 3613 3794 3680 ipsum

2205 3689 2453 3758 tetigerit.
2499 3691 2783 3747 Praecessit
2812 3709 2988 3750 sermo
3009 3736 3025 3762 ,
3056 3696 3264 3767 fugatus
3294 3709 3378 3755 est
3401 3702 3620 3756 morbus
3645 3721 3660 3762 ;
3694 3705 3792 3760 de-

2205 3779 2328 3833 inde
2354 3780 2525 3849 tetigit
2556 3782 2909 3851 immundum,
2939 3797 2994 3841 et
3019 3788 3173 3856 dixit,
3206 3789 3352 3856 Volo,
3377 3793 3647 3848 mundare.
3677 3795 3793 3864 Qua

2205 3869 2455 3924 ratione?
2495 3870 2562 3924 Et
2601 3875 2772 3927 statim
2812 3878 3081 3932 mundatus
3109 3891 3202 3934 est.
3252 3881 3367 3937 Non
3414 3885 3582 3952 potuit
3627 3901 3794 3940 evan-

2203 3961 2390 4029 gelista
2421 3977 2603 4017 vocem
2635 3967 2872 4033 reperire
2899 3971 3231 4024 velocitatem
3277 3974 3567 4030 curationis
3607 3980 3791 4046 expri-

2204 4061 2437 4107 mentem
2463 4069 2477 4118 ;
2508 4069 2628 4108 nam
2651 4055 2804 4124 illud,
2830 4061 3020 4124 statim,
3045 4061 3205 4116 etiam
3234 4063 3436 4119 tardius
3461 4081 3574 4121 rem
3600 4068 3792 4124 factam

2203 4144 2483 4212 signiﬁcat.
2527 4146 2751 4213 Statim;
2780 4153 3045 4220 quomodo
3069 4154 3091 4207 Τ
3138 4153 3306 4209 Simul
3336 4171 3586 4227 egressus
3611 4176 3794 4215 sermo

2204 4244 2304 4296 est,
2333 4246 2387 4289 et
2413 4234 2623 4306 fugatus
2650 4249 2734 4294 est
2759 4243 3000 4305 morbus,
3031 4244 3203 4314 fugata
3233 4257 3312 4300 est
3342 4247 3512 4316 lepra,
3536 4249 3792 4320 deinceps

2204 4327 2434 4383 mundus
2453 4339 2570 4384 erat
2593 4331 2856 4399 leprosus.
2889 4333 3172 4404 Propterea
3198 4336 3361 4392 dicit:
3397 4336 3549 4402 Vade,
3574 4341 3790 4406 tcipsum

2202 4420 2406 4473 ostende
2443 4423 2692 4475 sacerdoti
2709 4464 2722 4483 ,
2754 4435 2800 4476 et
2827 4425 2954 4491 σθεν
2982 4427 3171 4480 donum
3190 4469 3206 4495 ,
3237 4430 3375 4498 quod
3401 4433 3556 4501 jussit
3585 4432 3790 4503 Moyses

2202 4508 2255 4560 in
2285 4512 2620 4564 testimonium
2669 4513 2793 4567 illis.
2839 4515 3088 4584 Quibus?
3114 4519 3334 4588 ludatis,
3379 4538 3448 4577 ne
3487 4524 3667 4579 dicant
3703 4542 3790 4580 me

2203 4597 2374 4668 legem
2405 4603 2720 4672 transgredi.
2755 4605 2867 4676 Ego
2891 4609 3070 4662 sanavi
3090 4651 3106 4675 ,
3134 4620 3189 4665 et
3215 4611 3335 4666 dico
3359 4629 3372 4665 :
3404 4613 3547 4680 Oﬂ'er
3574 4617 3784 4681 danunt,

2203 4690 2493 4746 secundum
2521 4693 2713 4762 legem,
2740 4705 2796 4750 ut
2823 4697 2873 4750 in
2903 4698 2990 4753 die
3019 4699 3104 4754 illa
3132 4701 3376 4770 leprosus
3401 4704 3546 4773 ipsos
3571 4721 3785 4763 accuset

2204 4779 2286 4834 his
2309 4781 2512 4848 verbis,
2563 4782 2823 4855 Praecepit
2867 4788 2997 4842 mihi
3042 4790 3242 4844 donum
3274 4796 3565 4848 secundum
3613 4797 3786 4866 legem

2202 4869 2412 4924 oll‘erre.
2445 4873 2521 4927 Ac
2567 4875 3012 4941 quemadmodum
3060 4880 3224 4935 multa
3272 4881 3498 4938 faciebat
3537 4885 3783 4943 Christus

2202 4972 2421 5030 propter
2461 4961 2696 5030 Judzeos,
2740 4976 2797 5020 ut
2837 4968 2888 5021 in
2928 4970 3178 5025 omnibus
3223 4973 3368 5042 ipsos
3397 4974 3787 5035 incxcusabiies

2201 5051 2488 5107 redderet:
2520 5056 2589 5108 ita
2620 5065 2674 5110 et
2697 5059 2782 5111 hic
2804 5057 2947 5114 fecit.
2979 5061 3223 5117 Miserere
3248 5065 3364 5130 mei,
3389 5068 3508 5136 quia
3537 5069 3648 5136 ﬁlia
3677 5088 3784 5125 mea

2200 5144 2332 5196 male
2359 5160 2390 5196 a
2419 5145 2667 5201 dwntonio
2711 5159 2935 5204 vexatur.
2970 5151 3073 5207 Ille
3110 5171 3224 5208 vero
3250 5172 3350 5210 non
3378 5161 3710 5227 respondebat
3739 5165 3784 5215 ei

2200 5235 2419 5289 verbum.
2470 5237 2768 5296 Accedentes
2814 5255 2982 5298 autem
3028 5248 3264 5317 discipuli
3314 5250 3381 5301 ad
3427 5267 3539 5302 eum
3587 5253 3778 5317 dicunt,

2201 5324 2407 5398 Dimitte
2429 5329 2589 5392 illam,
2612 5333 2728 5400 quia
2749 5335 2934 5389 clamat
2962 5347 3070 5406 post
3093 5356 3182 5393 nos
3205 5339 3420 5408 (Matth.
3444 5342 3528 5396 15.
3552 5342 3640 5396 22.
3667 5345 3778 5415 25).

2198 5417 2334 5483 Quid
2368 5419 2524 5488 igitur
2552 5422 2680 5476 ille?
2724 5425 2842 5479 Non
2888 5443 3000 5480 sum
3039 5431 3225 5484 missus
3272 5432 3370 5485 nisi
3413 5435 3481 5484 ad
3527 5451 3640 5488 oves
3670 5454 3782 5504 qua;

2200 5512 2452 5576 perierunt
2477 5513 2654 5568 domus
2686 5514 2847 5570 Israel
2877 5518 3050 5587 (Ibid.
3073 5538 3119 5574 υ.
3142 5522 3212 5576 21-
3235 5523 3273 5591 ).
3303 5523 3380 5577 Ne
3417 5525 3660 5578 dicerent
3685 5528 3773 5580 Ju-

2196 5599 2295 5652 da-i
2326 5619 2338 5653 :
2365 5601 2470 5655 Nos
2498 5603 2768 5672 dimisisti,
2798 5619 2852 5662 et
2881 5610 2945 5663 ad
2977 5622 3260 5667 extraneos
3287 5617 3598 5683 perrexisti,
3633 5619 3778 5670 idco-

2200 5704 2303 5758 que
2344 5693 2437 5746 tibi
2480 5710 2582 5749 non
2625 5699 2986 5755 credidimus:
3017 5703 3174 5769 Ecce,
3205 5706 3401 5774 inquit.
3444 5723 3506 5759 ex
3528 5707 3780 5770 gentibus

2198 5783 2494 5852 accedunt,
2539 5789 2762 5859 illosque
2807 5807 2911 5847 non
2960 5795 3159 5865 recipio
3202 5814 3213 5849 :
3257 5811 3350 5850 vos
3398 5812 3581 5856 autem
3611 5799 3772 5853 etiam
