4046 6432
243 363 349 417 ιρις

243 475 455 547 γύειον,
496 476 570 547 μὴ
618 475 939 546 ἱματισμὸν.
994 477 1069 548 μὴ
1119 476 1418 550 θυγατέρα,
1457 478 1533 550 μὴ
1585 479 1722 542 υίὺν,
1768 479 1844 548 μὴ

241 559 370 611 ἄλλο
393 575 446 611 τι
479 559 590 611 τῶν
619 558 884 611 τοιούτων
913 561 1077 631 μηδέν
1095 577 1106 590 ·
1147 561 1263 614 ἀλλ’
1287 561 1452 626 αὐτὸς
1497 560 1621 615 καθ’
1649 562 1844 615 ἐαυτὸν

238 642 351 695 ἒσο.
407 640 658 694 Γλῶτταν
706 640 850 712 ἔχεις
885 643 1226 714 χωρίζουσάν
1263 661 1343 708 σε,
1400 646 1494 699 καὶ
1543 646 1707 716 νόμον
1761 661 1843 697 σοι

239 728 420 782 ἐδωκα
440 745 454 760 ·
485 729 575 782 διὰ
601 727 759 782 τοῦτο
790 730 887 784 καὶ
912 732 940 784 6
974 730 1136 800 νόμος
1163 732 1417 802 φραγμὺς
1437 731 1678 800 λέγεται.
1714 733 1842 784 Ὥσ-

241 834 348 888 περ
378 816 490 888 γὰρ
538 816 823 888 ἀμπελῶνι
875 818 1133 888 φραγμὸς
1184 821 1517 890 περίκειται,
1557 820 1704 873 οὕτω
1744 819 1841 872 καὶ

239 903 354 964 τοῖς
399 901 675 964 Ἰουδαίοις
710 902 739 954 6
765 900 952 971 νόμος,
987 901 1072 953 ἵνα
1125 901 1200 972 μὴ
1247 904 1591 975 ὑπερϐάντες
1638 905 1840 974 ἀναμι-

239 983 380 1051 γῶσι
413 986 525 1047 τοῖς
545 984 897 1048 Χαναναίοις.
938 979 1120 1039 Ἦσαν
1137 987 1246 1058 γὰρ
1277 989 1410 1060 παρ’
1438 989 1626 1052 αὐτοῖς
1654 988 1840 1060 παρά-

239 1084 398 1136 νομοι
434 1067 730 1136 ἐπιμιξίαι,
760 1067 1149 1140 διεφθαρμένοι
1189 1073 1288 1141 τῆς
1332 1074 1550 1142 φύσεως
1585 1074 1637 1126 οί
1661 1073 1838 1143 νόμοι,

240 1150 440 1205 εἴδωλα
488 1151 962 1223 προσκυνούμενα,
1028 1153 1162 1220 ξύλα
1215 1155 1660 1228 θεραπευόμενα,
1706 1157 1841 1220 Θεὸς

240 1233 623 1304 ὑϐριζόμενος,
655 1234 820 1288 τέκνα
863 1237 1228 1308 σφαττόμενα,
1260 1240 1497 1312 πατέρες
1522 1241 1842 1311 ἐμπτυόμε-

239 1337 342 1385 νοι,
387 1319 625 1391 μητέρες
674 1318 1094 1392 ἀτιμαζόμεναι,
1125 1322 1303 1377 πάντα
1347 1323 1630 1394 ἠλλοίωτο,
1661 1325 1842 1378 πάντα

240 1401 646 1474 ἀνατέτραπτο,
691 1402 963 1474 δαιμόνων
996 1404 1142 1476 ζωὴν
1181 1406 1340 1471 ἔζων.
1373 1407 1473 1460 Διά
1501 1407 1662 1460 τοῦτο
1692 1407 1833 1461 οὐδέ-

241 1502 376 1539 ποτε
409 1485 835 1556 συναλλάγματα
877 1486 1118 1553 ἐποίουν,
1160 1490 1223 1542 οῦ
1254 1489 1579 1560 συμϐόλαια,
1611 1490 1672 1543 οὐ
1699 1492 1841 1562 πρά·

239 1585 357 1632 σεις
394 1567 512 1638 μετ’
541 1569 800 1623 ἐκείνων·
835 1569 951 1623 ἀλλ’
980 1572 1008 1623 6
1047 1571 1210 1641 νόμος
1250 1571 1345 1624 ἐπὶ
1397 1575 1512 1636 τοῖς
1559 1574 1838 1643 μεγίστοις

238 1653 514 1725 κείμενος,
542 1648 695 1725 εἶργε
732 1655 850 1725 μετ’
889 1653 1137 1726 ἀλλήλων
1163 1657 1292 1719 τοὺς
1321 1655 1557 1727 γάμους,
1591 1657 1660 1711 τὰ
1701 1675 1840 1729 συμ-

238 1735 453 1801 ϐόλαια,
476 1737 577 1799 τὰς
608 1736 1014 1810 ἐπιγαμϐρίας·
1048 1738 1202 1791 οὐδὲν
1227 1739 1403 1792 κοινὸν
1431 1739 1568 1812 πρὸς
1595 1741 1841 1804 ἐκείνους

234 1815 406 1890 εἶχον.
447 1821 843 1893 Ἀπειρημένον
884 1817 979 1876 οὖν
1020 1817 1090 1894 ἦν
1117 1821 1197 1892 τῷ
1223 1822 1374 1894 νόμῳ
1413 1823 1473 1876 τὸ
1512 1823 1840 1890 συναλλάξαι

237 1904 587 1968 Χαναναίοις,
625 1905 686 1959 τὸ
725 1904 950 1976 χρυσίον
993 1905 1398 1978 μεταδοῦναι,·ἢ
1435 1907 1623 1978 ἕτερόν
1646 1927 1720 1973 τι,
1754 1910 1840 1963 ἵνα

241 1989 319 2059 μὴ
340 1989 441 2058 τῆς
473 1988 705 2060 φιλίαςὴ
729 1989 988 2055 ὑπόθεσις
1013 1990 1269 2055 ἀσεϐείας
1285 1992 1508 2064 ἀφορμὴ
1537 1993 1786 2066 γένηται·
1813 1996 1841 2048 6

237 2071 402 2142 νόμος
435 2073 746 2144 περιέκειτο
779 2073 901 2127 ἀντὶ
927 2075 1187 2145 φραγμοῦ
1211 2092 1226 2106 ·
1272 2076 1648 2144 Ἀμπελῶνα,
1685 2076 1839 2150 [439]

235 2155 428 2224 φησὶν,
465 2155 793 2224 ἐφύτευσα,
851 2158 947 2210 καί
1004 2159 1280 2229 φραγμὸν
1333 2160 1678 2229 περιέθηκα,
1711 2179 1839 2214 του-

233 2241 389 2290 τέστι
439 2238 625 2309 νόμον,
673 2240 793 2311 οὐχὶ
823 2241 934 2295 ἀπὸ
987 2241 1263 2308 ἀκανθῶν,
1291 2243 1406 2296 ἀλλ’
1442 2243 1554 2298 ἀπὸ
1585 2244 1836 2306 ἐντολῶν,

236 2320 545 2392 τειχίζοντα
573 2322 670 2376 καὶ
697 2323 1033 2396 ἀπείργοντα
1060 2323 1280 2389 αὐτούς.
1321 2327 1711 2399 Ἀπειρημένοι
1745 2326 1840 2382 οὖν

235 2403 287 2457 οί
345 2405 657 2471 Χαναναῖοι,
721 2406 987 2479 βδελυροὶ,
1029 2410 1269 2476 ἀσεϐεῖς,
1327 2412 1563 2480 ἐναγεῖς.
1627 2415 1838 2486 μιαροὶ,

237 2487 580 2552 ἀκάθαρτοι·
612 2490 694 2544 διδ
733 2493 972 2546 καὶοῦδέ
1003 2493 1234 2552 ἀκοῦσαι
1268 2495 1450 2550 αὐτῶν
1478 2495 1761 2567 ἠνείχοντο
1788 2499 1838 2551 οἱ

250 2571 492 2656 Ἰουδαῖοι
515 2574 606 2628 τὸν
626 2575 789 2646 νόμον
810 2576 1145 2649 πληροῦντες
1160 2579 1320 2633 αὐτὸν
1343 2578 1551 2634 λοιπόν.
1571 2581 1726 2656 Ἐπεὶ
1745 2577 1840 2636 οὖν

235 2654 377 2728 αῦτη
404 2658 589 2729 ήγυνὴ
614 2658 723 2712 ἀπὸ
749 2659 860 2714 τῶν
887 2661 1212 2715 Χαναναίων
1237 2658 1325 2734 ἦν·
1365 2662 1640 2739 ἰδορτγάρ
1656 2654 1837 2739 γυνὴ,

236 2741 426 2810 φησὶν,
473 2741 594 2796 ἀπὸ
643 2740 762 2796 τῶν
805 2744 986 2813 ὁρίων
1023 2745 1276 2799 ἐκείνων
1306 2740 1677 2812 ἐξελθὸἷσαίι
1715 2751 1841 2802 ἐπεὶ

232 2818 328 2875 οὖν
357 2823 496 2896 αῦτη
529 2827 562 2894 ἠ
591 2827 732 2899 γυνὴ
777 2828 886 2882 ἀπὸ
943 2828 1051 2882 τῶν
1087 2830 1410 2884 Χαναναίων
1439 2826 1530 2902 ἦν,
1559 2824 1836 2903 πρόσῆλθε

230 2906 290 2958 δέ
324 2907 402 2977 τῷ
433 2908 679 2980 Χριστῷ,
708 2909 795 2964 διὰ
810 2912 969 2966 τοῦτο
998 2912 1150 2982 ἔλεγε
1168 2925 1216 2977 ει,
1249 2913 1346 2980 Τίς
1375 2914 1444 2979 ἐξ
1467 2913 1637 2986 ὑμῶν
1664 2916 1836 2986 ἐλέγ-

235 2987 328 3057 χει
377 3011 455 3062 με
483 2995 619 3063 περὶ
658 2998 971 3065 ἁμαρτίας,
1005 2996 1054 3050 εί
1102 2997 1355 3070 παρέϐην
1382 2999 1476 3053 τὸν
1504 3000 1706 3071 νόμον;
1753 3003 1840 3055 ‘E-

235 3074 395 3146 πειδὴ
427 3077 537 3148 γὰρ
588 3077 877 3150 ἄνθρωπος
913 3076 1000 3152 ἦν,
1047 3081 1142 3134 καὶ
1185 3081 1258 3134 τὰ
1286 3082 1602 3163 ἀνθρώπινα
1629 3085 1840 3137 ἐπεδείσσ

232 3175 416 3212 κνυτο.
1578 3203 1583 3208 -

304 3242 584 3311 η’.Λοιπὸν
599 3244 898 3316 προσέχετε
923 3247 1061 3313 μετὰ
1078 3248 1364 3321 ἀκριϐείας
1379 3248 1459 3320 τῷ
1476 3250 1640 3322 λόγῳ.
1659 3251 1843 3305 Ἐπει-

111 3346 130 3352 --
230 3324 295 3394 δὴ
327 3326 361 3396 ὴ
388 3327 529 3397 γυνὴ
560 3326 956 3401 Χαναναίαῆν,
989 3333 1083 3386 καὶ
1109 3332 1220 3387 τῶν
1251 3334 1415 3406 ὁρίων
1439 3336 1686 3400 ἐκείνων,
1711 3335 1839 3390 ἔνθα

232 3409 328 3462 και
358 3409 575 3477 λύσσαι,
626 3413 721 3466 καὶ
773 3416 962 3486 μανία,
994 3417 1088 3469 καὶ
1128 3417 1375 3483 ἀσέϐεια,
1421 3418 1550 3472 ἔνθα
1591 3420 1839 3475 διαϐόλου

229 3495 511 3563 τυραννὶς,
552 3497 648 3549 καὶ
689 3498 960 3569 δαιμόνων
993 3501 1268 3572 βακχεῖαι,
1303 3505 1396 3557 καὶ
1430 3503 1593 3571 φύσις
1634 3522 1839 3560 πατου-

232 3577 396 3649 μένη,
434 3580 528 3632 καὶ
552 3582 632 3644 είς
652 3581 864 3651 ἀλόγων
892 3585 1114 3652 ἀλογίας
1145 3575 1579 3659 κατηνέχθησαν,
1611 3592 1690 3653 είς
1720 3590 1840 3644 δαιο-

231 3663 410 3730 μόνων
448 3666 668 3734 μανίας,
696 3669 960 3721 ἐπέταττε
996 3669 1051 3722 δὲ
1097 3672 1192 3724 καὶ
1246 3675 1275 3725 6
1319 3674 1504 3741 νόμος,
1536 3672 1721 3743 Μηδὲν
1756 3675 1839 3728 σοὶ

229 3748 322 3799 καὶ
359 3750 710 3818 Χαναναίοις,
741 3754 815 3824 μὴ
846 3752 974 3821 δῷς,
1007 3754 1082 3826 μὴ
1109 3754 1285 3829 λάϐῃς
1315 3759 1445 3829 παρ’
1480 3757 1729 3821 ἐκείνων,
1762 3759 1839 3830 μὴ

231 3836 469 3897 γυναῖκα
512 3834 706 3906 λάϐῃς,
743 3836 817 3907 μὴ
843 3839 956 3890 υἱὸν
1011 3838 1200 3909 λάϐῃς.
1241 3841 1316 3911 μὴ
1346 3841 1652 3911 συμϐόλαια
1681 3843 1840 3914 ποιή-

230 3929 350 3984 σῃς,
393 3919 467 3988 μὴ
504 3918 927 3990 συναλλάγματα
948 3937 962 3951 ·
997 3921 1085 3974 διὰ
1115 3922 1273 3975 τοῦτο
1308 3923 1365 3977 δέ
1392 3925 1649 3996 φραγμὸν
1677 3943 1837 3998 περι-

228 3998 406 4067 έθηκα
429 4017 444 4030 ·
481 4001 651 4056 ἐλθὼν
701 4004 759 4057 δὲ
797 4005 826 4057 6
853 4007 1106 4078 Χριστὸς,
1139 4007 1234 4060 καὶ
1276 4007 1348 4062 τὰ
1395 4009 1506 4060 τῶν
1529 4009 1838 4081 ἀνθρώπων

227 4082 516 4136 ἀναλαϐὼν
552 4085 720 4150 ὅπλα,
752 4087 1001 4158 αῦθωρον
1043 4091 1411 4163 περιετμήθη,
1447 4091 1635 4156 θυσίας
1669 4111 1838 4164 προσ-

227 4163 455 4236 ήνεγκε,
498 4170 835 4241 πωσςιοράς,
872 4173 938 4226 τά
985 4173 1120 4248 ἄλλα
1151 4175 1350 4240 πάντα,
1387 4176 1579 4246 ἔμελλε
1606 4177 1662 4229 δέ
1688 4163 1837 4231 λύειν

226 4251 322 4302 τὸν
354 4252 544 4322 νόμον·
586 4252 671 4305 ἵνα
707 4254 782 4324 μὴ
829 4254 1079 4323 λέγωσιν,
1111 4258 1194 4310 ὅτι
1231 4259 1498 4329 ἀτονήσας
1548 4261 1836 4332 πληρῶσαι

229 4332 415 4399 αὑτὸν,
438 4333 526 4388 διά
551 4334 710 4389 τοῦτο
742 4335 921 4402 ἐλυσε,
961 4340 1229 4411 πρότερον
1273 4342 1437 4397 αὑτὸν
1483 4344 1700 4416 πληροῖ,
1739 4347 1837 4400 καὶ

227 4415 350 4468 τότε
405 4416 541 4483 λύει,
601 4418 685 4471 ἵνα
740 4419 817 4491 μὴ
849 4423 1081 4494 νομίσῃς
1109 4425 1192 4478 ὃτι
1239 4426 1442 4488 ἀτονεῖ,
1470 4415 1610 4481 ἀλλά
1635 4429 1836 4499 πληροῖ

227 4502 410 4555 πάντα
437 4503 578 4555 κατά
611 4503 672 4556 τὸ
699 4504 842 4570 ἔθος.
869 4510 964 4562 Διά
995 4509 1154 4563 τοῦτο
1313 4514 1405 4565 καὶ
1434 4513 1603 4581 λέγει,
1638 4515 1735 4581 Τίς
1763 4514 1835 4580 ἐξ

227 4583 398 4654 ὑμῶν
448 4586 684 4658 ἐλέγχει
738 4607 815 4659 με
873 4592 1005 4658 περὶ
1055 4595 1380 4663 ἁμαρτίας;
1421 4597 1577 4651 Ἐπεὶ
1609 4595 1701 4652 οὖν
1738 4599 1834 4653 καὶ

225 4670 387 4721 τοῦτο
416 4670 647 4742 νόμιμον
671 4668 760 4746 ἦν,
791 4675 852 4728 τὺ
880 4676 1049 4747 μηδὲν
1077 4679 1255 4731 κοινὸν
1287 4681 1435 4750 ἐχειν
1470 4683 1609 4751 μετά
1644 4684 1830 4737 Χαναα

226 4752 416 4816 ναίων,
443 4754 530 4807 ἵνα
567 4757 641 4827 μὴ
692 4757 965 4830 ἄρξωνται
997 4762 1252 4827 ἐγκαλεῖν
1294 4763 1446 4834 αὐτῷ
1487 4767 1536 4816 οί
1584 4767 1857 4822 Ἰουδαῖον

228 4837 325 4888 καὶ
350 4836 552 4905 λέγειν,
585 4841 684 4893 Διά
708 4842 865 4895 τοῦτο
884 4843 983 4895 οὐκ
1013 4845 1419 4916 ἐπιστεύσαμέν
1444 4865 1527 4901 σοι
1552 4866 1562 4880 ·
1588 4852 1830 4922 παράνοι-

231 4939 332 4992 μος
359 4924 466 4997 γὰρ
497 4921 587 4996 ἧς,
623 4926 822 4990 ἔλυσας
849 4930 940 4982 τὸν
968 4930 1135 5000 νόμον
1157 4948 1170 4961 ·
1201 4933 1446 5002 ἀπῆλθες
1477 4937 1557 4998 εἰς
1590 4937 1692 5008 τὴν
1718 4939 1829 4990 Χα-

225 5010 462 5061 ναναίων
493 5010 698 5080 χώραν,
727 5013 1055 5078 Χαναναίοις
1102 5016 1392 5087 ἀνεμίγης.
1421 5019 1513 5073 τοῦ
1542 5021 1712 5091 νόμου
1739 5022 1827 5074 λέ-

224 5107 448 5159 γοντος·
488 5093 579 5163 Μὴ
628 5094 935 5166 ἀναμιγῇς·
967 5097 1056 5151 διὰ
1103 5099 1262 5152 τοῦτο
1288 5102 1426 5173 αὐτῇ
1472 5103 1623 5156 οὐδὲν
1677 5105 1832 5158 λαλεῖ

224 5175 384 5238 τέως.
421 5177 663 5248 Πρόσεχε
687 5180 802 5241 πῶς
834 5181 1031 5252 πληροῖ
1050 5183 1142 5235 τὸν
1171 5185 1355 5254 νόμον,
1386 5188 1480 5240 καὶ
1525 5191 1586 5240 οὐ
1639 5190 1828 5258 προδί-

224 5262 358 5312 δωσι
386 5261 485 5330 τὴν
525 5261 836 5333 σωτηρίαν·
880 5268 974 5317 καὶ
1015 5266 1300 5330 Ἰουδαίους
1334 5270 1704 5341 ἐπιστομίζει,
1732 5275 1828 5326 καὶ

223 5345 430 5415 ταύτην
473 5347 792 5402 ἀνακτᾶται.
840 5350 902 5402 Ὀ
940 5350 1009 5404 δὲ
1044 5355 1156 5406 οὐκ
1196 5355 1582 5423 ἀπεκρίνατο,
1641 5361 1828 5427 φησὶν,

225 5429 380 5499 αὐτῆ
409 5432 616 5500 λόγον.
648 5434 739 5504 Μή
777 5450 867 5504 μοι
901 5437 1199 5505 προφάσεις
1227 5442 1405 5510 εἴπῃς.
1435 5441 1560 5508 Ἴδε,
1579 5445 1640 5495 ού
1660 5445 1826 5498 λαλῶ·

225 5514 320 5578 ἴδε,
347 5515 408 5566 ού
440 5514 791 5586 διαλέγομαι·
824 5517 898 5570 ίδε
928 5522 1204 5591 συμφορὰ,
1241 5525 1333 5576 καὶ
1368 5525 1426 5577 τὸ
1456 5527 1697 5596 ἐμαυτοῦ
1727 5531 1828 5583 οῦκ

224 5599 604 5670 ἐπιδείκνυμι·
661 5601 736 5654 ἴδε
788 5603 1068 5670 ναυάγιον,
1115 5607 1207 5657 καὶ
1254 5609 1281 5660 6
1336 5610 1682 5682 κυϐερνήτης
1730 5615 1830 5666 οὐκ

223 5684 444 5736 dum)
475 5685 562 5737 τὸν
598 5689 844 5756 χειμῶνα
870 5688 958 5740 διά
984 5688 1081 5757 τὴν
1107 5690 1380 5763 ὑμετέραν
1407 5697 1827 5768 ἀγνωμοσύνην,

289 5848 310 5878 ⁸
339 5852 448 5898 {Mr
472 5855 688 5901 (ἐι-ᾔρετο
717 5854 962 5900 vi"mlur.

522 5952 794 6013 Parnm.
843 5955 960 6014 (In.
1013 5954 1139 6018 ιιι.

1603 365 1690 422 DE
1728 365 2152 424 (ΣΙΙΑΝΑΝᾹΞᾹ.

3455 363 3557 417 -ίῖὲῧ

1947 479 2031 532 ἵνα
2060 482 2136 551 μὴ
2172 481 2332 552 ἔχητε
2380 480 2676 551 πρόφασιν.
2722 480 2847 547 Ἴδε,
2882 479 3021 550 γυνὴ
3052 479 3280 550 θέατρόν
3335 496 3425 550 μοι
3467 496 3560 532 πε-

1945 562 2226 634 ριέστηκε,
2270 565 2365 617 καὶ
2392 563 2548 616 οὔπω
2580 562 2852 634 λαμϐάνει
2882 563 3197 634 ἀπόκρισιν,
3239 563 3325 614 ἵνα
3371 564 3446 633 μὴ
3468 561 3559 614 λέ-

1943 663 2098 718 γητε,
2129 648 2212 700 δτι
2266 647 2583 711 Ἐπέδωκας
2636 647 2862 700 σεαυτὸν
2898 645 3247 709 Χαναναίοις,
3283 646 3378 698 καὶ
3416 658 3560 716 παρ-

1942 729 2076 799 έϐης
2105 730 2197 783 τὸν
2231 730 2417 800 νόμον,
2455 732 2547 783 καὶ
2577 730 2784 801 ταύτην
2819 731 3097 801 πρόφασιν
3133 730 3333 799 ἔχομεν
3354 729 3446 782 τοῦ
3481 732 3557 801 μὴ

1942 813 2234 868 πιστεῦσαί
2261 831 2364 868 σοι.
2400 815 2603 868 Σκόπει
2641 816 2760 877 πῶς
2788 814 2879 868 διὰ
2909 814 3068 868 τοῦτο
3091 815 3192 866 ούκ
3219 813 3560 884 ἀπεκρίνατο

1942 901 2006 968 τῇ
2041 899 2287 964 γυναικὶ,
2314 900 2401 953 ἵνα
2436 900 2712 972 ἀποκριθῇ
2747 899 3024 962 Ἰουδαίοις
3046 915 3058 927 ·
3093 899 3126 967 ὴ
3160 897 3298 968 πρὸς
3329 898 3429 965 τὴν
3458 915 3558 965 γυ-

1940 986 2104 1037 ναῖκα
2152 985 2303 1056 σιγὴ,
2341 986 2494 1055 φωνὴ
2534 983 2934 1054 ἀγνωμοσύνης
2980 984 3092 1046 τοῖς
3133 981 3412 1044 Ἰουδαίοις
3447 982 3560 1049 ἐγί-

1939 1082 2082 1121 νετο.

2013 1150 2080 1206 θ’.
2107 1149 2300 1205 Ταῦτα
2324 1149 2382 1204 δὲ
2399 1151 2581 1204 ἐποίει
2604 1151 2667 1204 οὐ
2691 1151 2830 1221 πρὸς
2849 1149 2950 1222 τὴν
2977 1148 3188 1203 οίκείαν
3215 1148 3397 1213 ἀξίαν,
3419 1147 3560 1202 ἀλλά

1940 1235 2078 1306 πρὸς
2109 1235 2208 1306 τὴν
2232 1235 2461 1288 ἐκείνων
2489 1234 2948 1304 συγκαταϐαίνων
2976 1235 3290 1288 ἀσθένειαν.
3311 1233 3419 1287 Καὶ
3445 1232 3556 1306 γὰρ

1938 1321 2028 1373 ὅτε
2068 1319 2158 1373 τὸν
2209 1318 2411 1390 λεπρὸν
2447 1320 2770 1391 ἐκαθάρισε,
2814 1317 2996 1386 λέγει·
3042 1319 3329 1379 Ἀπελθε,
3364 1331 3558 1385 προσ-

1937 1404 2150 1472 ένεγκε
2183 1400 2336 1476 [450]
2369 1402 2434 1456 τὸ
2473 1401 2692 1471 δῶρον,
2727 1402 2759 1456 ὃ
2787 1401 3130 1470 προσέταξε
3159 1399 3446 1470 Μωυσῆς.
3481 1400 3555 1452 Συ

1939 1486 2220 1559 ἐκάθαρας
2237 1487 2286 1552 δ,
2325 1489 2420 1542 καὶ
2459 1487 2704 1558 πέμπεις
2735 1487 2900 1540 αὐτὸν
2928 1489 3012 1549 είς
3042 1486 3134 1540 τὸν
3191 1485 3357 1555 νόμον
3392 1484 3556 1538 Μωῦ·

1940 1572 2111 1640 σέως;
2151 1573 2278 1625 Ναί.
2321 1572 2421 1626 Διά
2449 1572 2534 1637 τί;
2567 1569 2668 1624 Διὰ
2697 1571 2824 1634 τοὺς
2867 1569 3180 1634 Ἰουδαίους,
3221 1568 3309 1620 ἵνα
3346 1567 3423 1638 μὴ
3457 1566 3558 1636 ἆρ-

1940 1653 2138 1719 ξωνται
2176 1655 2455 1723 ἐγκαλεῖν,
2481 1656 2565 1708 ὅτι
2597 1654 2848 1726 παρέϐην
2888 1653 2981 1707 τὸν
3018 1653 3206 1723 νόμον.
3255 1649 3356 1703 Διά
3394 1648 3556 1704 τοῦτο

1939 1741 2034 1793 καὶ
2065 1741 2154 1795 ὅτε
2194 1740 2533 1811 ἐθεράπευσε
2573 1739 2666 1793 τὸν
2717 1737 2942 1810 λεπρὺν,
2976 1735 3144 1802 ξένως
3183 1734 3555 1808 ἐθεράπευσεν

1937 1824 2101 1878 αὐτόν
2118 1842 2132 1857 ·
2157 1825 2251 1878 καὶ
2283 1825 2450 1879 ἄκουε
2484 1824 2623 1889 πῶς·
2651 1824 2759 1879 Καὶ
2783 1823 2914 1877 ἰδοὺ
2934 1824 3163 1889 λεπρὸς
3191 1817 3556 1888 προσελθὼν

1939 1907 2268 1978 παρεκάλει
2301 1909 2494 1962 αὐτὸν
2531 1910 2748 1980 λέγων,
2787 1908 2986 1975 Κύριε,
3036 1905 3148 1960 ἐὰν
3202 1905 3413 1973 θέλῃς,
3443 1903 3553 1959 δύ-

1937 1991 2127 2045 νασαί
2147 2008 2227 2061 με
2259 1991 2609 2061 καθαρίσαι·
2639 1991 2738 2045 καὶ
2766 1991 3047 2056 ἐκτείνας
3087 1987 3206 2056 τὴν
3243 1988 3415 2058 χεῖρα
3445 1989 3556 2041 αὺ-

1939 2074 2067 2140 τοῦ,
2103 2074 2310 2143 ἥψατο
2341 2075 2534 2130 αὐτοῦ
2588 2074 2823 2144 λέγων·
2877 2073 3067 2139 Θέλω,
3130 2075 3550 2141 καθαρίσθητι.

1951 2160 2041 2212 Ἐν
2073 2158 2153 2229 τῷ
2175 2159 2329 2231 νόμῳ
2359 2160 2462 2219 οὐκ
2493 2160 2663 2233 ἐχρῆν
2689 2157 2960 2212 ἅπτεσθαι
3001 2157 3228 2227 λεπροῦ.
3277 2157 3409 2211 Ὅτε
3457 2151 3556 2210 οὖν

1937 2238 2070 2312 ἦλθε
2134 2243 2391 2315 Νεαιμάν
2428 2245 2458 2296 6
2495 2242 2878 2316 στρατηλάτης
2925 2241 3065 2313 πρὸς
3110 2241 3415 2296 Ἐλισσαῖον
3459 2241 3554 2294 τὸν

1940 2327 2229 2400 προφήτην
2285 2329 2468 2402 λέπρᾳ
2526 2328 2917 2399 κατεχόμενος,
2949 2325 3099 2395 λέγει
3128 2326 3281 2397 αὐτῷ
3305 2329 3334 2381 6
3380 2326 3556 2397 μαθη-

1938 2416 2059 2484 τὴς,
2101 2414 2234 2468 Ἰδοὺ
2290 2414 2494 2487 λεπρὸς
2544 2413 2929 2485 στρατηλάτης
2983 2411 3109 2478 ἔξω.
3153 2413 3212 2464 'U
3243 2411 3301 2464 δὲ
3339 2411 3554 2482 πέμπει

1936 2497 2028 2550 τὸν
2054 2497 2305 2570 μαθητὴν
2328 2497 2570 2563 ἐξελθεῖν
2592 2496 2689 2551 καὶ
2709 2498 2886 2549 εἰπεῖν
2917 2495 3092 2565 αὐτῷ,
3114 2496 3392 2559 Ἀπελθε,
3409 2493 3555 2548 ,λοῦ-

1937 2594 2042 2633 σαι
2075 2584 2165 2648 είς
2193 2581 2303 2635 τὸν
2342 2580 2668 2651 Ἰορδάνην.
2708 2579 2822 2634 Καὶ
2843 2579 2944 2632 οὐκ
2977 2577 3283 2650 ἐτόλμησεν
3314 2576 3552 2642 ἐξελθεῖν

1937 2667 2103 2730 αὐτὸς
2124 2667 2219 2721 καὶ
2251 2668 2379 2720 ίδεῖν
2408 2666 2501 2720 τὸν
2532 2665 2756 2735 λεπρὸν,
2783 2666 2878 2718 καὶ
2896 2662 3149 2734 ἅψασθαι
3169 2662 3360 2718 αὑτοῦ.
3397 2661 3553 2715 Ἐπεὶ

1936 2748 2030 2806 οὖν
2061 2751 2394 2822 ἐκαθάρισεν
2431 2753 2460 2804 6
2499 2749 2800 2812 Ἐλισσαῖος
2829 2748 3052 2820 λεπρὸν,
3083 2747 3170 2801 ἵνα
3211 2746 3288 2818 μὴ
3315 2747 3552 2815 λέγωσιν

1935 2837 1984 2889 οἱ
2041 2836 2307 2900 Ἰουδαῖοι,
2334 2836 2416 2889 ὅτι
2441 2834 2646 2906 ὁμοίως
2687 2834 2976 2903 Ἐλισσαίῳ
3005 2831 3269 2903 ἐκάθαρε,
3291 2831 3380 2885 διὰ
3393 2830 3554 2883 τοῦτο

1935 2923 2146 2985 ἐκεῖνος
2168 2922 2268 2992 μὲν
2299 2920 2360 2974 οῦ
2387 2920 2564 2990 τολμᾷ
2590 2920 2853 2988 ἅψασθαι,
2874 2914 3032 2982 οὗτος
3069 2917 3127 2972 δέ
3157 2917 3415 2984 ἅπτεται,
3457 2919 3554 2970 καὶ

1935 3007 2107 3076 λέγει,
2135 3010 2320 3070 Θέλω,
2353 3008 2778 3076 καθαρίσθητι·
2808 3005 2906 3059 καὶ
2935 3005 3212 3070 ἐκτείνας
3237 3002 3354 3071 τὴν
3383 3003 3555 3074 χεῖρα

1936 3092 2148 3157 αὑτοῦ,
2175 3091 2376 3160 ἥψατο
2407 3091 2516 3147 τοῦ
2557 3090 2812 3161 λεπροῦ,
2844 3089 2944 3143 Διά
2989 3090 3044 3142 τί
3079 3090 3297 3161 ἦψατο;
3331 3090 3454 3143 ’Ἰνα
3492 3105 3553 3140 σε

1935 3175 2125 3251 διδάξῃ
2155 3178 2237 3252 ὅτι
2271 3177 2373 3230 οὐκ
2414 3176 2531 3231 ἐστι
2575 3176 2762 3240 δοῦλος
2799 3175 3164 3244 ὑποκείμενος
3216 3175 3387 3246 νόμῳ,
3415 3172 3555 3231 ἀλλά

1939 3262 2220 3330 Δεσπότης
2253 3261 2605 3333 ἐπικείμενος
2658 3260 2740 3331 τῷ
2775 3260 2946 3331 νόμῳ.
2993 3259 3120 3323 Πῶς
3164 3254 3259 3314 οὖν
3313 3259 3556 3330 ἐτήρησε

1937 3346 2030 3399 τὸν
2059 3346 2254 3417 νόμον;
2298 3346 2390 3416 Τῷ
2435 3347 2634 3411 εἰπεῖν,
2683 3345 2869 3410 Θέλω,
2899 3345 3318 3415 καθαρίσθητι,
3349 3343 3444 3397 καὶ
3477 3341 3556 3414 μὴ

1935 3431 2141 3494 εὐθέως
2171 3429 2340 3486 αὑτοῦ
2371 3430 2634 3502 ἅψασθαι.
2673 3429 2986 3502 Προέλαϐεν
3034 3433 3063 3484 6
3105 3430 3287 3498 λόγος,
3319 3427 3555 3500 ἐδραπέ-

1934 3532 2094 3569 τευσε
2123 3514 2188 3568 τὸ
2225 3515 2466 3585 νόσημα,
2515 3509 2637 3567 εἶτα
2696 3513 2876 3586 ἥψατο
2930 3512 3029 3568 τοῦ
3079 3513 3423 3584 ἀκαθάρτου,
3458 3512 3556 3565 καὶ

1936 3595 2081 3665 εἷπε,
2133 3599 2320 3664 Θέλω,
2374 3599 2794 3667 καθαρίσθητι.
2848 3599 3010 3665 Πῶς;
3049 3598 3290 3666 Εὐθέως
3332 3599 3555 3652 ἐκαθα-

1930 3685 2138 3754 ρίσθη.
2170 3683 2284 3754 υύχ
2317 3684 2564 3756 εὑρίσκει
2585 3687 2614 3737 6
2649 3683 3049 3756 εὐαγγελιστὴς
3087 3686 3264 3737 εἰπεῖν
3299 3683 3418 3754 (καὶ
3443 3681 3555 3753 γὰρ

1936 3772 1996 3824 τὸ
2022 3769 2245 3837 εὐθέως
2269 3772 2440 3843 βραδύ
2469 3775 2633 3833 ἐστι),
2667 3773 2766 3843 οὺχ
2797 3773 3049 3844 εὑρίσκει
3075 3772 3235 3841 λόγον
3262 3770 3556 3843 ἰσόρροπον

1934 3860 2016 3930 τῷ
2048 3861 2202 3930 τάχει
2229 3861 2330 3931 τῆς
2358 3861 2664 3934 ἐνεργείας.
2699 3862 2966 3927 Εὐθέως·
3012 3860 3165 3928 πῶς;
3197 3861 3352 3932 Ἀμα
3390 3860 3554 3931 ἐξέϐη

1934 3950 1963 4000 6
1994 3949 2175 4018 λόγος,
2212 3949 2308 4003 καὶ
2336 3949 2704 4020 ἐδραπέτευσε
2742 3949 2804 4003 τὺ
2841 3949 3079 4023 νόσημα,
3119 3949 3468 4019 ἐφυγαδεύθη
3519 3952 3552 4022 ὴ

1933 4035 2133 4109 λέπρα,
2177 4037 2367 4092 λοιπὸν
2399 4037 2644 4111 καθαρὸς
2678 4041 2707 4093 6
2759 4038 2982 4110 λεπρός.
3019 4038 3120 4092 Διά
3166 4038 3326 4093 τοῦτο
3372 4039 3551 4108 λέγει·

1938 4125 2182 4193 Ὕπαγε,
2209 4125 2477 4180 σεαυτὸν
2511 4125 2718 4191 δεῖξον
2747 4124 2829 4193 τῷ
2856 4127 3018 4196 ίερεῖ,
3054 4127 3154 4182 καί
3179 4126 3555 4197 προσένεγκε

1934 4220 2000 4269 τὸ
2037 4215 2252 4285 δῶρον,
2288 4216 2321 4270 ὃ
2355 4216 2700 4286 προσέταξε
2763 4216 3049 4285 Μωυσῆς,
3085 4221 3176 4285 είς
3219 4219 3553 4287 μαρτύριον

1934 4305 2162 4372 αὐτοῖς.
2200 4307 2360 4373 Τίσι;
2415 4309 2541 4370 Τοῖς
2591 4309 2891 4372 Ἰουδαίοις,
2923 4308 3011 4362 ἵνα
3066 4309 3143 4381 μὴ
3175 4308 3409 4376 λέγωσιν
3464 4309 3551 4360 ὃτι

1935 4394 2264 4466 παραϐαίνω
2293 4396 2386 4448 τὸν
2412 4396 2599 4467 νόμον.
2645 4398 2792 4465 Ἐγὼ
2824 4397 3192 4469 ἐθεράπευσα,
3229 4397 3325 4450 καὶ
3382 4397 3548 4465 λέγω,

1879 4486 1887 4498 ’
1933 4482 2311 4552 Προσένεγκε
2357 4483 2427 4538 τὸ
2485 4482 2686 4553 δῶρον
2738 4485 2833 4538 τοῦ
2872 4484 3065 4555 νόμου,
3113 4485 3201 4539 ἵνα
3245 4486 3432 4557 ἐκείνῃ
3480 4489 3548 4557 τῇ

1931 4571 2117 4644 ἡμέρᾳ
2131 4573 2160 4624 6
2174 4572 2374 4643 λεπρὸς
2389 4572 2570 4627 αὐτῶν
2597 4575 2958 4648 κατηγορήσῃ
2973 4573 3169 4644 λέγων,
3200 4577 3256 4627 Ἐ
3264 4575 3355 4646 μοὶ
3382 4593 3524 4645 προσ
3540 4608 3550 4614 -

1931 4659 2091 4726 έταξε
2125 4659 2299 4732 δῶρον
2350 4663 2493 4716 κατά
2537 4662 2703 4731 νόμον
2739 4665 3151 4732 προσενεγκεῖν.
3201 4663 3310 4715 Καὶ
3356 4661 3549 4733 ὥσπερ

1933 4747 2108 4800 πολλά
2142 4747 2332 4802 ἕνεκεν
2375 4748 2648 4802 Ἰουδαίων
2691 4749 2867 4802 ἐποίει
2918 4752 2947 4803 6
2977 4748 3236 4821 Χριστὸς,
3287 4749 3549 4804 ἀναπολο-

1931 4836 2134 4906 γήτους
2191 4837 2392 4900 αὐτοὺς
2426 4839 2506 4902 εἰς
2539 4838 2719 4891 πάντα
2746 4830 2940 4902 ποιῶν,
2975 4838 3122 4892 οὕτω
3155 4838 3249 4893 καὶ
3283 4839 3544 4893 ἐνταῦθα.

1943 4923 2247 4994 Ἐλέησόν
2269 4943 2370 4996 με,
2403 4926 2494 4980 ὅτι
2522 4926 2560 4993 ἡ
2585 4925 2851 4995 θυγάτηρ
2874 4945 2998 4996 μου
3038 4926 3239 4995 κακῶς
3273 4927 3545 4998 δαιμονί-

1931 5010 2104 5072 ζεται.
2149 5012 2204 5064 '0
2224 5012 2294 5066 δὲ
2323 5015 2436 5067 οὐκ
2463 5015 2826 5082 ἀπεκρίνετο
2847 5014 3004 5085 αὐτῇ
3035 5016 3244 5086 λόγον.
3278 5021 3542 5085 Προσελο

1929 5098 2139 5162 θόντες
2159 5096 2229 5150 δὲ
2255 5101 2310 5151 οί
2324 5097 2586 5167 μαθηταί
2614 5098 2826 5162 αὐτοῦ,
2847 5099 3160 5169 λέγουσιν,
3206 5101 3548 5157 Ἀπόλυσον

1929 5183 2150 5252 αὐτὴν,
2187 5185 2280 5238 ὅτι
2325 5184 2520 5252 κράζει
2574 5187 2831 5242 ὄπισθεν
2875 5185 3066 5256 ἡμῶν.
3105 5189 3171 5242 Τί
3205 5185 3299 5243 οὖν
3342 5191 3542 5259 αὑτός;

1935 5274 2058 5327 Οὐκ
2090 5272 2455 5340 ἀπεστάλην
2478 5277 2532 5327 εί
2556 5273 2642 5343 μὴ
2686 5277 2775 5339 εἰς
2803 5278 2878 5328 τὰ
2903 5277 3172 5344 πρόϐατα
3201 5276 3544 5333 (66.10.16:-

1930 5364 2082 5415 λότα
2112 5362 2284 5415 οἴκου
2328 5363 2602 5431 Ἰσραήλ·
2644 5363 2728 5416 ἵνα
2769 5362 2844 5435 μὴ
2873 5364 3109 5431 λέγωσιν
3152 5365 3417 5430 Ἰουδαῖοι,
3459 5368 3542 5420 ὅτι

1945 5452 2191 5519 Ἀφῆκας
2224 5452 2391 5527 ημᾶς,
2421 5452 2521 5504 καὶ
2550 5451 2797 5523 ἀπῆλθες
2833 5451 2960 5516 ἔξω,
2999 5453 3092 5506 καὶ
3144 5453 3234 5507 διὰ
3275 5456 3434 5509 τοῦτὸ
3459 5475 3542 5509 σοι

1932 5539 2033 5590 οὐκ
2068 5540 2495 5609 ἐπιστεύσαμεν.
2536 5541 2690 5604 Ἰδοὺ,
2726 5540 2880 5610 φησὶ,
2910 5542 3003 5592 καὶ
3029 5541 3138 5594 ἀπὸ
3159 5543 3331 5597 ἐθνῶν
3357 5544 3544 5616 ἔρχου-

1931 5644 2044 5691 ται,
2077 5628 2169 5681 καὶ
2201 5627 2262 5679 οῦ
2307 5627 2534 5697 δέχομαι
2568 5627 2795 5692 αὐτούς·
2827 5629 2972 5698 ὑμᾶς
3005 5629 3062 5681 δὲ
3095 5631 3188 5682 καὶ
3236 5631 3542 5698 φεύγοντας

2004 5800 2180 5864 hrjnlh.
2207 5802 2267 5847 σὺ
2311 5801 2534 5863 ἐκάθηρες
2579 5801 2684 5850 Aha
2731 5803 2928 5864 pra-fert
2958 5804 3091 5854 Colb.
3127 5803 3397 5855 lectinnum
3429 5804 3528 5856 dis~

1931 5868 1981 5906 rr
2008 5869 2137 5906 mma
2161 5895 2171 5908 .
2203 5864 2290 5910 sed
2323 5865 2506 5912 mulius
2527 5868 2692 5923 prem.

3117 5970 3158 6036 5
