4046 6454
529 372 640 432 ι57

528 488 696 553 καλῶ,
724 487 899 543 Δεῦτε
921 492 1069 559 πρός
1092 508 1187 559 με,
1207 492 1429 559 πάντες
1451 495 1505 547 οί
1525 488 1869 559 κοπιῶντες,
1887 493 1980 545 καὶ
1999 491 2100 544 οὐκ

529 570 749 641 ἔρχεσθε
772 587 786 600 ·
818 572 1022 643 ταύτην
1055 574 1399 645 ἀπορρίπτω,
1421 575 1517 628 καί
1560 575 1890 647 παραμένει.
1918 573 2097 639 Λαὸςν

525 651 599 705 ὃν
635 655 746 706 οὐκ
790 651 1058 727 ἐγνω[ν],
1090 655 1418 711 ἐδούλευσέ
1442 676 1564 726 μοι,
1592 659 1773 730 φησίν·
1793 660 1879 722 είς
1907 655 2101 721 ἀκοὴν

523 736 697 789 ὠτίου
746 737 1062 806 ὑπήκουσέ
1117 757 1236 809 μου
1257 755 1272 770 ·
1325 742 1421 794 καὶ
1470 742 1736 812 ἀλλαχοῦ·
1800 738 2097 810 Ἐμφανὴς

524 818 817 888 ἐγενόμην
850 819 973 887 τοῖς
1001 822 1106 890 ἐμὲ
1130 822 1216 891 μὴ
1251 823 1517 891 ζητοῦσι,
1556 825 1655 877 καὶ
1696 823 1949 892 εὐρέθην
1976 820 2102 886 τοῖς

522 902 627 969 ἐμὲ
649 900 737 970 μὴ
764 902 1233 970 ἐπερωτῶσιν.-
1250 906 1588 960 Ἀπόλυσον
1612 904 1827 972 αὐτὴν,
1852 904 1941 957 ὅτι
1957 900 2102 969 κρά-

524 984 603 1046 ζει
637 984 890 1039 ὄπισθεν
913 986 1101 1055 ἡμῶν.
1143 988 1372 1059 Ἴδωμεν
1415 985 1508 1042 οὖν
1533 988 1585 1041 τί
1609 1004 1775 1058 φησιν
1793 989 1821 1040 6
1844 983 2099 1053 Χριστός.

527 1071 647 1122 Οὐκ
688 1069 1043 1139 ἀπεστάλην
1076 1073 1128 1124 εί
1144 1070 1230 1141 μὴ
1256 1073 1342 1137 εὶς
1367 1073 1439 1126 τά
1467 1071 1730 1138 πρόϐατα
1759 1070 1834 1123 τὰ
1868 1068 2103 1123 ἀπολω-

521 1155 671 1206 λότα
710 1152 878 1206 υῖκου
921 1154 1179 1222 Ἰσραήλ.
1215 1155 1327 1207 Οὐκ
1382 1148 1450 1225 ἦν
1495 1152 1565 1206 τὰ
1605 1153 1827 1224 ῥήματα
1868 1151 2100 1219 ἀποτρε-

529 1233 694 1287 πτικά
712 1250 725 1297 ;
741 1234 1036 1306 Μονονουχί
1057 1236 1164 1308 γὰρ
1183 1235 1349 1304 λέγει,
1368 1235 1683 1305 Ἀπόστηθι,
1705 1236 1787 1288 ὅτι
1808 1232 1960 1288 οὐδὲν
1988 1249 2099 1286 κοι-

523 1315 612 1369 νὸν
656 1316 801 1385 ἔχεις
856 1317 993 1387 πρὸς
1051 1317 1186 1389 ἐμέ·
1226 1319 1327 1372 οὐκ
1358 1314 1522 1389 ἦλθον
1554 1317 1645 1371 διὰ
1677 1316 1758 1381 σὲ,
1788 1315 1905 1370 ἀλλ’
1940 1310 2103 1387 ἦλθον

521 1398 609 1452 διὰ
645 1398 941 1462 Ἰουδαίους.
987 1403 1109 1456 Οὐκ
1141 1401 1495 1469 ἀπεστάλην
1524 1404 1577 1455 εί
1608 1402 1693 1470 μὴ
1727 1404 1814 1467 είς
1858 1401 1934 1454 τὰ
1972 1400 2105 1469 πρό·

524 1485 668 1536 σατα
684 1480 924 1556 [ιιι]τά
948 1485 1303 1539 ἀπολωλότα
1318 1487 1487 1540 οἴκου
1516 1486 1750 1554 Ἰσραήλ
1786 1486 1851 1539 Ἦ
1865 1484 1921 1538 δὲ
1947 1481 2106 1538 ἀκούο

526 1582 665 1618 σασα
682 1563 809 1641 εἷπε
831 1583 846 1596 ·
890 1568 1018 1629 Ναὶ,
1051 1569 1248 1636 Κύριε,
1285 1570 1502 1636 ,βοήθει
1530 1586 1655 1638 μοι,
1683 1569 1781 1623 καί
1805 1568 2103 1635 προσεκύ-

522 1664 633 1709 νει,
655 1647 924 1715 λέγουσα
941 1666 955 1679 ·
977 1651 1006 1703 6
1037 1649 1094 1703 δὲ
1116 1652 1215 1703 οὐκ
1236 1650 1572 1723 ἀπεκρίνατο
1601 1652 1762 1721 αὐτῇ.
1819 1649 1976 1703 ’Λλλά
2003 1650 2107 1719 ὅρα

523 1731 841 1802 ἀπόκρισιν·
876 1734 998 1786 Οὐκ
1025 1733 1158 1787 ἐστι
1188 1735 1379 1787 καλὸν
1404 1732 1613 1787 λαϐεῖν
1643 1733 1750 1785 τὸν
1782 1732 1964 1800 ἄρτον
1986 1729 2107 1784 τῶν

522 1813 768 1878 τέκνων,
794 1814 893 1869 καὶ
918 1814 1140 1879 ,βαλεῖν
1192 1815 1315 1882 τοῖς
1354 1815 1682 1884 κυναρίοις.
1716 1816 1779 1867 Ὠ
1813 1814 2105 1884 κηδεμονία

527 1896 710 1968 ἰατροῦ
731 1914 744 1929 ·
776 1897 834 1951 ἐν
856 1896 1223 1970 ἀπαγορεύσει
1246 1899 1545 1951 ἐπισπᾶται
1584 1899 1778 1969 αὑτήν.
1817 1899 1940 1950 Οὐκ
1975 1895 2107 1950 ἔστι

523 1978 715 2033 καλὸν
740 1978 949 2034 λαϐεῖν
975 1979 1083 2035 τὸν
1104 1979 1286 2049 ἄρτον
1319 1979 1439 2035 τῶν
1469 1979 1697 2035 τέκνων
1714 1998 1726 2012 ·
1759 1980 1958 2044 τίνων;
1985 1978 2108 2033 Τῶν

536 2062 804 2118 Ἰουδαίων
828 2078 841 2093 ·
877 2064 976 2118 καί
1018 2062 1230 2121 δοῦναι
1280 2062 1403 2131 τοῖς
1436 2066 1765 2134 κυναρίοις,
1811 2062 2107 2127 τουτέστιν,

523 2147 671 2217 ύμῖν.

595 2236 646 2287 ι’.
675 2232 881 2295 Ὄντως
918 2232 998 2296 εἰς
1027 2234 1287 2308 αἰσχύνην
1326 2236 1592 2292 Ἰουδαίων
1623 2232 1795 2288 ταῦτα
1820 2232 2042 2303 εἴρηκεν
2079 2232 2109 2284 6

526 2312 729 2385 Κύριος
749 2332 764 2347 ·
790 2314 956 2371 τέκνα
986 2315 1095 2389 γάρ
1145 2318 1487 2394 καλούμενοι,
1521 2319 1681 2381 κύνες
1715 2318 1979 2386 ἐγένοντο.
2011 2314 2107 2367 Διά

523 2395 681 2449 τοῦτο
700 2395 796 2449 καὶ
819 2396 1027 2462 Παῦλος
1053 2398 1202 2468 λέγει
1225 2419 1238 2432 ·
1271 2402 1533 2457 Βλέπετε
1560 2400 1701 2467 τοὺς
1726 2400 1933 2464 κύνας,
1960 2395 2095 2461 .316-

525 2494 667 2534 πετε
690 2478 835 2548 τοὺς
865 2482 1091 2550 κακοὺς
1117 2483 1385 2553 ἐργάτας,
1404 2485 1666 2550 βλέπετε
1705 2483 1822 2550 τὴν
1857 2496 2104 2535 κατατο-

530 2561 684 2634 ἰιήν⁶
719 2565 893 2634 ἡμεῖς
929 2565 1041 2637 γάρ
1061 2568 1249 2637 ἐσμεν
1270 2568 1307 2637 ἡ
1337 2566 1640 2638 περιτομή.
1679 2566 1743 2620 Ol
1773 2564 1974 2619 ἐθνικοὶ
2014 2562 2108 2617 κύ-

528 2665 617 2712 νες
644 2650 973 2722 ἐκλήθησαν,
1004 2652 1099 2705 καί
1120 2651 1368 2721 ἐγένοντο
1395 2652 1578 2706 τέκνα.
1624 2649 1815 2705 Τέκνα
1835 2666 1977 2719 μου,
2000 2648 2109 2713 οὒς

527 2732 713 2786 πάλιν
739 2731 952 2799 ὠδίνω,
976 2733 1152 2803 ἄχρις
1166 2730 1239 2790 οὗ
1263 2732 1550 2803 μορφωθῇ
1570 2730 1823 2800 Χριστὸς
1847 2732 1916 2784 ἐν
1942 2729 2105 2799 ὑμῖν.

529 2815 602 2868 Τὸ
630 2813 905 2886 ἐγκώμιον
932 2814 1110 2880 τοῦτο,
1154 2817 1407 2871 Ἰουδαίου
1432 2815 1735 2888 κατηγορία
1770 2812 1941 2869 ἐστίν.
1980 2815 2105 2868 Οὐκ

530 2901 661 2954 ἐστι
698 2900 891 2953 καλὸν
929 2899 1137 2955 λαϐεῖν
1169 2900 1278 2955 τόν
1308 2900 1493 2969 ἀρτον
1541 2898 1661 2954 τῶν
1704 2898 1969 2971 τέκνων,
2008 2896 2106 2951 καί

530 2981 739 3037 δοῦναι
762 2981 885 3049 τοῖς
911 2984 1235 3053 κυναρίοις.
1275 2984 1341 3037 Τί
1377 2979 1469 3038 οὖν
1497 2984 1720 3056 ήγυνή;
1752 2983 1885 3049 Nai,
1908 2976 2103 3050 Κύριε.

532 3068 596 3119 Ὢ
632 3064 724 3135 βία
750 3066 1026 3134 γυναικὸς,
1060 3066 1107 3120 ὣ
1135 3067 1436 3138 φιλονεικία
1471 3067 1672 3138 ψυχῆς.
1715 3068 1774 3121 '0
1810 3065 1991 3136 ἰατρὸς
2017 3065 2106 3117 λέ-

531 3168 636 3219 γει,
667 3150 837 3219 Οὺχί,
867 3152 960 3204 καὶ
1001 3152 1140 3220 αὑτὴ
1183 3151 1352 3220 λέγει,
1399 3153 1547 3207 Ναί·
1577 3153 1606 3204 6
1633 3150 1909 3220 Δεσπότης
1937 3149 2106 3218 λέγει,

531 3236 646 3288 οὔκ
672 3250 686 3265 ·
725 3235 863 3306 αὐτὴ
894 3234 1060 3303 λέγει,
1101 3236 1244 3290 Ναί·
1278 3236 1339 3288 οὐ
1386 3234 1766 3306 κατηγοροῦσα
1800 3234 1921 3289 οὐδὲ
1957 3234 2107 3288 ἀναι-

531 3317 849 3389 σχυντοῦσα,
870 3318 1005 3373 ἀλλά
1030 3321 1302 3391 σωτηρίαν
1326 3318 1671 3391 ἐκδεχομένη.
1697 3321 1819 3373 Οὐκ
1849 3318 1977 3374 ἐστι
2006 3334 2109 3373 κα-

532 3401 646 3453 λὸν
675 3400 883 3454 λαϐεῖν
924 3401 1032 3455 τὸν
1076 3401 1256 3471 άρτον
1296 3401 1415 3457 τῶν
1456 3400 1702 3468 τέκνων,
1752 3402 1849 3456 καί
1897 3401 2109 3456 δοῦναι

533 3483 659 3551 τοῖς
687 3485 1009 3552 κυναρίοις.
1057 3486 1190 3549 Ναί,
1223 3488 1415 3556 Κύριε.
1452 3485 1607 3541 Κύνα
1638 3503 1703 3557 με
1751 3484 1951 3549 καλεῖς,
1998 3482 2110 3553 ἐγὼ

534 3566 590 3619 δέ
619 3583 678 3619 σε
704 3566 907 3637 Κύριον
933 3568 1083 3622 καλῶ
1107 3583 1119 3597 ’
1151 3569 1214 3623 σύ
1242 3587 1306 3641 με
1335 3570 1519 3643 ὑϐρίζε
1532 3587 1598 3634 ις,
1622 3568 1732 3639 ἐγὼ
1760 3569 1817 3622 δέ
1846 3585 1905 3621 σε
1933 3568 2104 3639 ύμνῶ.

535 3650 666 3715 Ναί,
700 3652 905 3719 Κύριε·
940 3652 1036 3705 καὶ
1071 3653 1178 3724 γὰρ
1216 3655 1291 3707 τά
1343 3654 1598 3723 κυνάρια
1644 3654 1961 3708 ἐσθίουσιν
1991 3652 2110 3707 ἀπὸ

536 3732 655 3788 τῶν
686 3736 908 3804 ψιχίων
929 3735 1048 3788 τῶν
1079 3738 1416 3789 πιπτόντων
1442 3737 1512 3791 ἐκ
1540 3737 1652 3806 τῆς
1680 3735 1968 3806 τραπέζης
1992 3734 2111 3789 τῶν

420 3890 425 3893 ι
537 3816 757 3887 κυρίων
794 3809 1009 3871 αὐτῶν.
1040 3818 1104 3871 Ὦ
1135 3818 1292 3887 σοφία
1323 3816 1607 3888 γυναικός·
1644 3819 1868 3875 ἀπὸοτοῦ
1897 3818 2110 3873 ὑποδεί-

535 3916 746 3969 γματος
788 3894 912 3971 εὗρε
945 3899 1101 3970 λόγον
1136 3901 1431 3973 πρέποντα.
1460 3902 1613 3957 Κύνα
1654 3920 1720 3974 με
1776 3903 1981 3966 καλεῖς,
2036 3903 2112 3965 ὡς

540 3982 686 4038 κύων
721 3984 1053 4055 τρέφομαιι.
1088 3986 1162 4038 Ού
1212 3985 1583 4057 παραιτοῦμαι
1627 3986 1690 4040 τὸ
1754 3985 1992 4050 ϐνειδος·
2047 3986 2110 4038 οὑ

541 4066 729 4137 φεύγω
752 4066 850 4139 τὴν
881 4067 1071 4138 κλῆσιν
1093 4086 1107 4099 ·
1139 4068 1288 4124 λάϐω
1312 4064 1404 4123 οὗν
1427 4070 1526 4141 τὴν
1562 4070 1770 4142 τροφὴν
1799 4068 1892 4123 τοῦ
1914 4069 2074 4133 κυνός
2093 4085 2107 4101 ·

540 4149 638 4204 καὶ
662 4148 809 4219 λέγει
840 4151 1070 4221 πρᾶγμα
1093 4152 1150 4205 ἐν
1179 4151 1436 4224 συνηθείᾳ
1482 4152 1797 4225 συμϐαῖνον.
1826 4153 1898 4206 Σὺ
1936 4152 2004 4206 τά
2045 4152 2113 4206 σά

545 4234 770 4303 στῆσον·
809 4234 946 4287 κύνα
983 4250 1051 4302 με
1084 4234 1371 4299 ἐκάλεσας,
1397 4235 1485 4298 δός
1520 4251 1612 4306 μοι
1636 4234 1815 4306 ψιχίον
1838 4252 1852 4268 ο
1889 4236 2116 4304 συνήγο-

546 4332 637 4387 ρος
690 4316 877 4384 ἐγένου
929 4333 1018 4387 μοι
1063 4320 1129 4389 τῇ
1162 4318 1413 4389 αἰτήσει·
1464 4319 1522 4371 ἐν
1556 4322 1623 4388 τῇ
1656 4318 1984 4389 παραιτήσει
2018 4318 2116 4388 τὴν

546 4398 938 4466 συγκατάθεσιν
992 4401 1273 4466 ἐπίδειξον.
1313 4400 1447 4465 Ναί,
1495 4401 1696 4468 Κύριε·
1730 4400 1831 4454 καὶ
1885 4403 1995 4471 γὰρ
2047 4401 2118 4455 τὰ

547 4482 797 4550 κυνάρια
832 4482 1147 4539 ἐσθίουσιν
1179 4483 1297 4539 ἀπὸ
1321 4484 1443 4538 τῶν
1473 4485 1693 4553 ψιχίων
1719 4483 1838 4538 τῶν
1868 4487 2117 4539 πιπτόν-

547 4580 666 4616 των
692 4564 815 4620 ἀπὸ
837 4565 949 4633 τῆς
973 4566 1259 4635 τραπέζης
1286 4566 1406 4620 τῶν
1442 4568 1664 4635 κυρίων
1687 4566 1907 4622 αὐτῶν.
1939 4567 2003 4619 Τί
2025 4565 2118 4622 οῦν

547 4649 577 4700 6
604 4648 1050 4717 παραιτούμενος,
1068 4651 1096 4701 6
1114 4649 1346 4712 διώκων,
1370 4652 1399 4701 6
1423 4648 1681 4711 ἐλαύνων,
1715 4651 1743 4703 6
1772 4648 1965 4717 λέγων,
1996 4652 2119 4704 Οὐκ

550 4734 681 4786 ἐστι
706 4733 899 4786 καλὸν
928 4732 1135 4785 λαϐεῖν
1170 4733 1279 4786 τὸν
1315 4732 1499 4801 ἄρτον
1560 4730 1675 4784 τῶν
1726 4731 1972 4796 τέκνων,
2019 4734 2118 4787 καὶ

547 4814 766 4879 βαλεῖν
792 4813 916 4880 τοῖς
955 4814 1298 4883 κυναρίοις;
1332 4818 1361 4868 6
1393 4814 1585 4883 λέγων,
1620 4816 1744 4869 Οὐκ
1768 4816 2123 4883 ἀπεστάλην

551 4901 601 4951 εί
618 4897 703 4967 μὴ
729 4900 816 4965 είς
831 4898 903 4951 τὰ
924 4900 1187 4965 πρόϐατα
1199 4898 1271 4951 τά
1293 4898 1649 4952 ἀπολωλότα
1664 4898 1834 4953 οἴκου
1863 4898 2122 4969 Ἰσραήλ;

554 4978 691 5034 -Ὦ
715 4983 908 5050 γύναι,
920 4981 1152 5050 μεγάλη
1169 4997 1285 5035 σου
1302 4982 1339 5047 ἡ
1354 4981 1579 5047 πίστις.
1598 4980 1915 5053 Ἐπαινέτης
1930 4982 1995 5036 ἀθ
2003 4983 2123 5054 ρόον

556 5066 775 5132 ἐγένου;
803 5063 1195 5136 ἀνάκηρύττεις
1215 5064 1310 5135 τὴν
1332 5067 1594 5133 γυναῖκας
1629 5063 1727 5118 οὐκ
1756 5065 2002 5136 ῆλαυνες,
2025 5070 2123 5121 ούκ

556 5146 810 5211 ἐδίωκες;
833 5146 1060 5217 Θάρσει·
1091 5147 1177 5200 διὰ
1194 5146 1351 5200 τοῦτο
1375 5147 1736 5219 ἀνεϐαλόμην.
1764 5150 1947 5221 Εἰγάρ
1966 5151 2125 5222 ἐξαρ-

556 5229 659 5299 χῆς
688 5228 859 5299 αὐτὴν
888 5228 1153 5292 ἀπέλυσα,
1179 5230 1277 5283 οὐκ
1292 5229 1570 5301 ἂνέμαθες
1596 5232 1767 5304 αὐτῆς
1793 5232 1891 5304 τῆν
1922 5235 2120 5287 πίστιν.

560 5315 623 5366 Εἰ
656 5316 719 5366 ἐκ
749 5312 1052 5382 προοιμίων
1079 5313 1288 5379 ἔλαϐεν,
1328 5314 1589 5387 ἀνεχώρει
1622 5314 1687 5369 ἂν
1718 5319 1875 5386 ταχὺ,
1916 5317 2126 5372 καὶτὸν

559 5396 829 5468 θησαυρὸν
859 5396 1031 5465 αὐτῆς
1070 5396 1169 5449 οὐκ
1195 5396 1260 5449 ἂν
1286 5398 1550 5467 ἠπίστατό
1592 5416 1694 5467 τις.
1728 5399 1826 5451 Διὰ
1856 5399 2011 5454 τοῦτο
2036 5401 2130 5454 ἀν-

560 5479 837 5549 εϐαλόμηύ
855 5480 954 5551 τὴν
989 5479 1153 5543 δόσιν,
1190 5480 1278 5533 ἴνα
1299 5480 1469 5533 ἅπασι
1506 5481 1663 5545 δείξω
1702 5482 1800 5552 τὴν
1835 5484 2032 5537 πίστιν.
2054 5479 2122 5536 Ὦ

560 5565 753 5633 γύναι.
787 5562 916 5626 Θεὸς
962 5562 1130 5632 λέγει,
1160 5559 1229 5617 Ὦ
1270 5565 1463 5633 γύναι.
1499 5567 1865 5623 ’Λκουέτωσαν
1894 5572 1940 5624 οἱ
1977 5569 2129 5640 εὐχό-

629 5751 1061 5822 ξλιενοιι-Ριιοηίο
1104 5756 1316 5808 Ducazus
1354 5758 1610 5822 τρέφωμαι·
1662 5760 2044 5821 sedutrumquo,
2084 5765 2131 5812 ni

564 5812 727 5875 fallor,
746 5816 970 5877 quadrat.

1204 377 1259 432 S.
1302 373 1587 434 JOANNIS
1626 372 2121 435 CHRYSOSTOMI
2157 370 2479 432 ARCIIIEP.
2521 371 3073 434 CONSTANTINOP.

3667 377 3693 431 ,4
3706 374 3781 429 εςιι

2204 508 2356 561 μενοι
2382 492 2519 563 μετά
2546 492 2861 564 βαναυσίας.
2890 492 3059 543 Ὅταν
3085 490 3225 543 είπω
3242 486 3370 550 τινὶ,
3398 484 3794 558 Παρακάλεσον

2200 578 2293 631 τὸν
2323 579 2475 642 Θεὸν,
2506 578 2726 651 δεήθητι
2749 577 2936 643 αὐτοῦ,
2961 577 3237 631 ίκέτευσον
3260 574 3444 638 αὑτὸν,
3466 574 3647 641 λέγει·
3676 574 3794 626 Πα-

2204 667 2470 738 ρεκάλεσα
2508 666 2674 732 ἅπαξ,
2697 662 2966 736 δεύτερον,
2993 663 3197 735 τρίτον,
3220 662 3466 727 δέκατον,
3504 658 3754 714 εἰκοστόν
3774 674 3790 686 ·

2201 754 2298 808 καί
2339 752 2522 807 οὐκέτι
2551 754 2650 807 οὐκ
2676 753 2886 807 ἔλαϐον.
2927 751 3017 823 Μὴ
3058 751 3323 821 ἀποστῇς,
3353 748 3570 817 ἀδελφὲ,
3600 747 3705 811 ἔως
3720 745 3793 799 ἂν

2199 840 2402 912 λάϐῃς·
2434 840 2585 903 τέλος
2614 842 2901 910 αἰτήσεως,
2934 840 2967 910 ὴ
2996 838 3141 900 δόσις
3161 836 3256 889 τοῦ
3273 834 3617 905 αἰτουμένου.
3646 833 3790 911 Τότε

2199 927 2486 998 άπόστηθι,
2514 929 2643 981 ὃταν
2673 926 2866 996 λάϐῃς,
2901 924 3099 995 μᾶλλον
3117 924 3174 977 δὲ
3197 924 3332 995 μηδὲ
3359 924 3503 986 τότε,
3530 921 3667 974 ἀλλὰ
3687 920 3791 975 καὶ

2200 1014 2321 1067 τότε
2348 1013 2649 1084 παράμενε.
2669 1013 2787 1066 Κᾶν
2809 1012 2883 1083 μὴ
2909 1011 3099 1085 λάϐῃς.
3126 1010 3267 1063 αἴτει
3298 1010 3384 1063 ἵνα
3413 1009 3586 1080 λάϐῃς
3608 1026 3622 1040 ·
3654 1008 3790 1061 ὅταν

2198 1102 2257 1157 δὲ
2277 1102 2469 1174 λάϐῃς,
2494 1101 2906 1174 εὐχαρίστησον,
2931 1101 3011 1153 ὃτι
3029 1098 3239 1162 ἔλαϐες.
3265 1093 3788 1169 ΕἰσέρχονταιμᾹΞ]

2199 1189 2384 1243 πολλοὶ
2404 1190 2463 1243 ἐν
2482 1193 2547 1261 τῇ
2601 1191 2884 1264 ἐκκλησίᾳ,
2930 1184 3290 1258 άπαρτίζουσι
3318 1185 3545 1256 μυρίους
3570 1183 3791 1253 στίχους

2198 1277 2385 1347 εὐχῆς,
2422 1276 2516 1331 καὶ
2547 1274 2878 1349 ἐξέρχονται,
2914 1273 3006 1326 καὶ
3033 1274 3133 1326 οὐκ
3164 1272 3339 1325 οἴδασι
3382 1271 3435 1324 τί
3491 1267 3681 1329 εἷπον·
3718 1272 3790 1325 τά

2199 1367 2351 1436 χείλη
2381 1366 2629 1427 κινεῖται,
2656 1365 2688 1433 ἡ
2718 1363 2775 1416 δὲ
2805 1362 2945 1432 ἀκοὴ
2970 1362 3069 1414 οὐκ
3103 1361 3308 1415 ἀκούει.
3338 1360 3409 1414 Σὺ
3437 1360 3538 1412 οὐκ
3562 1359 3791 1421 ἀκούεις

2199 1454 2301 1523 τῆς
2347 1453 2513 1524 εὐχῆς
2564 1468 2680 1514 σου,
2707 1449 2916 1505 καὶτὸν
2941 1449 3073 1502 Θεὸν
3108 1448 3280 1512 θέλεις
3314 1446 3632 1501 εἰσακοῦσαι
3682 1446 3789 1515 τῆς

2202 1541 2367 1611 εὐχῆς
2404 1556 2540 1601 σουης
2570 1538 2816 1603 Ἐκλινα,
2850 1538 3045 1605 λέγεις,
3074 1534 3144 1588 τὰ
3190 1534 3393 1604 γόνατα
3413 1553 3424 1564 ·
3458 1531 3573 1587 ἀλλ’
3608 1531 3641 1604 ἡ
3677 1531 3791 1586 διά-

2200 1629 2321 1683 νοιά
2350 1646 2443 1682 σου
2477 1628 2582 1695 ἔξω
2600 1626 2853 1680 ἐπέτετο·
2880 1625 2940 1678 τὸ
2971 1624 3131 1695 σῶμά
3162 1640 3254 1675 σου
3286 1622 3434 1675 ἔνδον
3460 1621 3560 1689 τῆς
3583 1620 3791 1691 ἐκκλη-

2204 1714 2345 1781 σίας,
2381 1715 2475 1768 καὶ
2501 1717 2534 1786 ἡ
2560 1712 2753 1784 γνώμη
2784 1729 2879 1765 σου
2917 1710 3051 1776 ἔξω·
3084 1711 3145 1764 τὸ
3166 1711 3340 1779 στόμα
3369 1708 3524 1777 ἔλεγε
3560 1708 3661 1778 τὴν
3692 1708 3792 1761 £6-

2203 1804 2325 1875 χὴν,
2356 1805 2449 1857 καὶ
2484 1805 2517 1873 ἡ
2547 1802 2755 1856 διάνοια
2786 1798 3007 1871 1ἰιρίθμει
3033 1797 3251 1862 τόκους,
3303 1797 3629 1867 συμϐόλαια,
3666 1811 3789 1848 συν-

2203 1893 2547 1962 αλλάγματα,
2599 1888 2793 1960 χωρία,
2836 1888 3111 1957 κτήματα,
3157 1884 3328 1954 φίλων
3366 1884 3671 1948 συνουσίας.
3723 1880 3787 1936 'U

2202 1983 2311 2051 γὰρ
2359 1973 2602 2041 διάϐολος
2638 1976 2873 2046 πονηρὸς
2920 1973 3016 2037 ὣν,
3054 1974 3147 2027 καί
3199 1973 3356 2038 εἰδὼς
3395 1973 3476 2025 ὃτι
3508 1973 3568 2026 ἐν
3602 1972 3789 2042 καιρῷ

2201 2069 2366 2140 εύχῆς
2398 2066 2609 2137 μεγάλα
2624 2058 2879 2134 άνύομεν,
2910 2062 3030 2115 τότε
3053 2061 3363 2132 ἐπέρχεται.
3382 2058 3648 2123 Πολλάκις
3668 2060 3790 2114 κεί-

2206 2157 2344 2229 μεθα
2383 2154 2563 2207 ὕπτιοι
2587 2154 2646 2205 ἐν
2667 2151 2841 2224 κλίνῃ,
2876 2150 2969 2204 καὶ
2988 2149 3139 2204 οὐδὲν
3165 2146 3497 2219 λογιζόμεθα
3513 2165 3528 2181 ·
3547 2145 3788 2219 ῆλθομεν

2204 2244 2484 2312 εὖξασθαι,
2516 2242 2611 2295 καὶ
2645 2241 2827 2313 μυρίοι
2857 2238 3131 2309 λογισμοὶ,
3159 2237 3247 2291 ἴνα
3287 2235 3494 2310 ἐκϐάλῃ
3514 2235 3665 2307 ἡμᾶς
3690 2252 3788 2289 κεο

2203 2351 2344 2397 νους.

2276 2418 2554 2475 ια’.Ταῦτα
2568 2418 2747 2471 τοίνυν
2768 2415 2925 2480 εἰδὼς
2942 2415 3004 2469 ὲν
3025 2417 3143 2478 ταῖς
3168 2412 3379 2484 εὐχαῖς,
3400 2408 3682 2482 ἁγαπητὸ.
3700 2407 3789 2478 γίο

2203 2510 2412 2573 νεσθαι,
2429 2508 2527 2580 τὴν
2547 2506 2857 2561 Χαναναίαν
2893 2504 3151 2574 μίμησαι,
3174 2501 3203 2554 6
3224 2502 3364 2572 ἀνὴρ
3392 2500 3492 2570 τὴν
3524 2499 3785 2566 γυναῖκα,

2202 2604 2301 2677 τὴν
2339 2601 2654 2671 ἀλλόφυλον,
2693 2599 2792 2670 τὴν
2838 2597 3059 2667 ἀσθενῆ,
3090 2596 3187 2668 τὴν
3223 2593 3643 2667 ἀπερριμμένην
3687 2589 3787 2644 καὶ

2203 2694 2693 2766 εὐκαταφρόνητον.
2743 2691 2881 2743 Ἀλλ’
2913 2691 3012 2743 οὐκ
3052 2689 3196 2761 ἔχεις
3229 2687 3505 2757 θυγατέρα
3538 2685 3784 2753 δαιμονι-

2202 2784 2471 2855 ζομένην;
2513 2774 2649 2836 Ἀλλ’
2682 2781 2825 2853 ἔχεις
2858 2780 3034 2852 ψυχὴν
3065 2778 3506 2851 ἁμαρτάνουσαν.
3535 2774 3600 2828 Τί
3630 2766 3788 2826 εἶπεν

2202 2877 2573 2949 ἡΧαναναία;
2613 2874 2900 2942 Ἐλέησόν
2921 2888 3028 2942 με·
3064 2874 3103 2940 ’ἠ
3139 2870 3403 2941 θυγάτηρ
3426 2884 3548 2939 μου
3586 2863 3786 2930 κακῶς

2201 2967 2592 3039 δαιμονίζεται
2614 2984 2628 2998 ·
2657 2967 2777 3020 εἰπὲ
2823 2967 2917 3019 καὶ
2967 2966 3052 3028 σὺ,
3098 2961 3389 3030 Ἐλέησόν
3420 2977 3532 3031 με·
3562 2960 3595 3030 ὴ
3634 2958 3786 3029 ψυχή

2207 3078 2306 3131 μου
2334 3058 2523 3121 κακῶς
2543 3057 2933 3128 δαιμονίζεται.
2958 3056 3151 3123 Μέγας
3185 3054 3294 3124 γάρ
3316 3052 3523 3123 δαίμων
3552 3052 3585 3122 ἡ
3613 3051 3791 3121 ἀμαρ-

2204 3153 2311 3206 τία.
2357 3152 2415 3204 Ὀ
2447 3149 2717 3222 δαιμονῶν
2755 3148 3008 3215 ἐλεεῖται,
3043 3148 3072 3200 6
3124 3146 3454 3218 ἁμαρτάνων
3513 3145 3785 3215 μισεῖται·

2204 3246 2408 3307 ἐκεῖνος
2436 3240 2765 3312 συγγνώμην
2795 3240 2925 3310 ἔχει,
2955 3233 3110 3303 οὗτος
3148 3238 3446 3306 ἀπολογίας
3472 3233 3784 3307 ἐστέρηται.

2218 3335 2512 3403 Ἐλέησόν
2539 3350 2645 3404 με·
2682 3331 2853 3404 βραχὺ
2884 3330 2946 3384 τὸ
2988 3332 3161 3404 ῥῆμα,
3208 3330 3304 3384 καὶ
3361 3327 3601 3395 πέλαγος
3659 3319 3788 3397 εῦρι

2205 3427 2643 3500 φιλανθρωπίας·
2679 3426 2812 3479 ὅπου
2837 3424 2947 3495 γὰρ
2972 3423 3140 3487 ἔλεος,
3174 3423 3352 3476 πάντα
3374 3420 3445 3474 τά
3476 3418 3679 3489 ἀγαθά.

2276 3520 2393 3575 Κᾶν
2428 3518 2533 3585 ἔξω
2580 3515 2666 3591 ᾖς,
2702 3515 2871 3589 κράζε
2923 3517 3017 3570 καὶ
3063 3514 3210 3583 λέγε,
3258 3504 3560 3579 Ἐλέησόν*
3579 3525 3680 3581 με,
3711 3509 3790 3581 νὴ

2205 3612 2370 3667 κινῶν
2392 3611 2459 3665 τὰ
2484 3610 2660 3682 χείλη,
2704 3608 2839 3662 ἀλλὰ
2868 3610 2933 3677 τῇ
2964 3608 3175 3678 διανοίᾳ
3209 3598 3381 3676 βοῶν·
3419 3604 3516 3659 καὶ
3548 3601 3792 3655 σιωπών-

2203 3724 2313 3759 των
2339 3704 2447 3773 γάρ
2480 3701 2666 3756 ἀκούει
2694 3701 2723 3754 ὁ
2744 3700 2895 3763 Θεός.
2923 3699 2997 3754 Ού
3024 3698 3269 3770 ζητεῖται
3290 3696 3477 3761 τόπος,
3504 3692 3620 3748 ἀλλ’
3643 3692 3791 3763 ἀρχὴ

2205 3797 2428 3868 τρόπου.
2476 3796 2536 3848 'U
2570 3794 2840 3864 Ἱερεμίας
2898 3792 2956 3844 ἐν
3010 3789 3255 3861 βορϐόρῳ
3296 3783 3387 3861 ἦν,
3415 3785 3630 3857 καίθτὸν
3656 3783 3793 3838 Θεὸν

2207 3888 2586 3944 ἐπεσπάσατο·
2618 3888 2647 3939 6
2678 3884 2876 3956 Δανιὴλ
2913 3887 2971 3938 ἐν
3011 3882 3202 3947 λάκκῳ
3254 3881 3509 3943 λεόντων,
3561 3878 3657 3932 καί.
3696 3876 3792 3931 τὸν

2208 3981 2339 4036 Θεὸν
2392 3978 2777 4048 ἐξευμενίσατο
2795 3994 2810 4008 ·
2838 3978 2887 4029 οἰ
2922 3974 3111 4038 παῖδες
3133 3974 3185 4028 οί
3216 3974 3365 4043 τρεῖς
3395 3973 3454 4025 ἐν
3480 3971 3547 4042 τῇ
3576 3968 3795 4041 καμίνῳ

2206 4070 2369 4147 ἦσαν,
2404 4072 2499 4126 καὶ
2549 4071 2681 4125 Θεὸν
2730 4068 3024 4140 ὑμνοῦντες
3076 4065 3462 4138 ἐδυσώπησαν·
3516 4063 3546 4116 6
3589 4060 3795 4135 λῃστὴς

2210 4158 2551 4232 ἐσταυρώθη,
2585 4158 2679 4212 καὶ
2711 4157 2811 4210 οὐκ
2836 4154 3110 4209 ἐκώλυσεν
3142 4154 3173 4205 6
3210 4151 3465 4222 σταυρὸς,
3498 4148 3640 4204 ἀλλά
3690 4166 3798 4201 πα-

2213 4255 2454 4326 ράδεισον
2476 4252 2683 4323 ῆνοιξεν
2702 4265 2715 4279 '
2746 4251 2775 4303 6
2819 4247 2938 4303 Ἰὼϐ
2966 4249 3024 4301 ἐν
3057 4244 3263 4316 κοπρίᾳ
3292 4239 3383 4313 ἦν,
3416 4242 3513 4296 καὶ
3536 4240 3625 4297 τὸν
3661 4238 3798 4293 Θεὸν

2210 4348 2367 4400 ἵλεων
2405 4342 2837 4399 κατεσκεύασεν·
2865 4342 2894 4394 6
2934 4339 3120 4401 Ἰωνᾶς
3164 4339 3222 4391 ἐν
3252 4340 3321 4407 τῇ
3355 4333 3534 4405 κοιλίᾳ
3573 4330 3667 4386 τοῦ
3695 4333 3798 4402 κή-

2213 4456 2357 4502 τους.
2390 4438 2485 4490 καὶ
2523 4436 2617 4489 τὸν
2664 4434 2794 4488 Θεὸν
2840 4433 3079 4503 ὑπήκοον
3109 4430 3255 4500 ἔσχε.
3295 4428 3417 4484 Κᾶν
3439 4429 3497 4481 ἐν
3531 4425 3799 4497 βαλανείῳ

2128 4543 2142 4553 .
2214 4527 2301 4605 ᾗς,
2328 4527 2509 4600 εὔχου,
2543 4525 2645 4580 κᾶν
2678 4527 2735 4579 ἐν
2760 4524 2884 4595 ὁδῷ.
2918 4524 3023 4577 κᾶν
3056 4522 3149 4576 ἐπὶ
3183 4520 3370 4591 κλίνης
3390 4538 3402 4550 -
3428 4519 3561 4573 δπου
3584 4516 3679 4572 {av
3708 4513 3796 4591 ﬁ"

2217 4604 2396 4689 τύχον.
2432 4617 2576 4681 Ναὸς
2628 4610 2681 4669 εἴ
2725 4614 2818 4668 τοῦ
2851 4612 3009 4678 Θεοῦ,
3036 4612 3113 4685 μὴ
3150 4612 3302 4677 ζήτει
3340 4610 3537 4663 τόπον·
3572 4604 3802 4677 γνώμης

2218 4713 2376 4785 χρεία
2427 4711 2606 4782 μόνον.
2664 4707 2779 4762 Κᾶν
2800 4706 3028 4776 δικαστῇ
3089 4704 3400 4773 παραστῇς,
3446 4698 3643 4771 εὔχου·
3672 4698 3803 4751 ὅταν

2218 4804 2503 4877 ὀργίζηται
2536 4802 2565 4853 6
2586 4799 2864 4869 δικαστὴς,
2882 4794 3064 4866 εῦχου.
3092 4793 3344 4848 Θάλαττα
3367 4787 3436 4863 ἦν
3462 4787 3800 4861 ἔμπροσθεν.

2220 4894 2443 4950 ὄπισθεν
2486 4890 2793 4961 Αἰγύπτιοι,
2845 4888 3007 4959 μέσος
3035 4888 3064 4941 6
3097 4883 3340 4953 Μωῦσῆς
3362 4901 3377 4917 ·
3407 4879 3580 4952 πολλῆ
3628 4878 3687 4944 ἐν
3734 4880 3801 4949 τῇ

2222 4992 2353 5062 εὐχῇ
2381 4984 2728 5058 στενοχωρία,
2756 4982 2890 5036 ἀλλὰ
2912 4981 3057 5051 μέγα
3078 4977 3140 5031 τὸ
3163 4977 3363 5039 πλάτος
3387 4973 3487 5044 τῆς
3519 4971 3685 5042 εὐχῆς
3711 4965 3803 5041 ῆν.

2225 5080 2485 5137 Ὄπισθεν
2508 5080 2557 5132 οἰ
2586 5074 2866 5144 Αἰγύπτιοι
2894 5072 3136 5132 ἐδίωκον,
3161 5066 3470 5139 ἔμπροσθεν
3486 5067 3520 5135 ἡ
3535 5063 3805 5123 θάλασσα,

2228 5175 2367 5246 μέση
2400 5175 2435 5243 ή
2473 5170 2605 5241 εὐχή
2625 5184 2637 5197 ·
2671 5167 2765 5222 καὶ
2793 5166 2942 5219 οὐδὲν
2962 5163 3139 5218 ἐλάλει
3173 5162 3203 5213 6
3229 5159 3467 5229 Μωῦσῆς
3488 5175 3502 5190 ·
3534 5156 3629 5211 καὶ
3658 5155 3806 5223 λέγει

2227 5264 2375 5335 αὐτῷ
2403 5266 2431 5317 6
2476 5260 2611 5325 Θεός
2637 5277 2649 5291 ·
2702 5260 2761 5313 Τί
2790 5255 2949 5323 ,βοᾷς
2982 5255 3134 5323 πρός
3169 5269 3281 5322 με;
3306 5252 3380 5304 Τὸ
3417 5250 3516 5320 μὲν
3540 5247 3714 5317 στόμα
3742 5247 3803 5300 οὐ

2227 5356 2400 5417 λαλεῖ,
2448 5355 2482 5423 ὴ
2532 5352 2589 5405 δὲ
2633 5351 2839 5405 διάνοια
2887 5347 3005 5417 βοᾷ.
3062 5343 3172 5397 Καὶ
3202 5342 3267 5394 σὺ
3295 5340 3497 5403 τοίνυν,
3532 5337 3803 5407 ἀγαπητὴ

2228 5453 2356 5505 ὅταν
2386 5448 2669 5517 παραστῇς
2696 5442 2921 5511 δικαστῇ
2975 5436 3306 5509 μαινομένῳ,
3336 5429 3709 5503 τυραννοῦντι,
3740 5429 3810 5480 τά

2234 5542 2463 5614 μέγιστα
2505 5533 2832 5595 ἀπειλοῦντι,
2898 5531 2990 5583 καί⁵
3053 5528 3232 5590 ἄλλοις
3285 5523 3500 5594 δημίοις
3544 5520 3615 5614 τά
3660 5518 3807 5614 Δαὐτὰ

2230 5609 2495 5693 ποιοῦσιν,
2527 5622 2677 5688 εὖξαι
2701 5625 2763 5676 σὺ
2785 5621 2861 5693 τῷ
2895 5618 3034 5690 Θεῷ,
3056 5618 3150 5671 καὶ
3172 5614 3463 5687 εὐχομένου
3501 5610 3594 5665 σοῦ
3618 5609 3685 5663 τὰ
3709 5609 3806 5663 κύ-

2238 5738 2380 5795 ματα
2415 5714 2854 5771 καταστέλλεται.
2896 5711 2953 5763 '0
2984 5708 3241 5779 δικαστὴς
3264 5706 3356 5759 ἐπὶ
3382 5704 3470 5770 σέ;
3500 5704 3572 5756 Σὺ
3600 5703 3691 5754 ἐπὶ
3718 5700 3809 5753 τὸν

2235 5791 2367 5871 Θεὸν
2424 5809 2757 5878 κατάφευγε.
2803 5805 2861 5859 '0
2914 5804 3099 5874 ἄρχων
3151 5800 3377 5871 πλησίον
3420 5812 3555 5857 σούς
3606 5794 3679 5847 Σὺ
3721 5791 3813 5844 τὸν
