4046 6436
238 397 339 455 σιῦῖ

237 517 500 584 fttgientes
525 514 768 570 advoco:
811 513 987 568 Venite
1029 512 1100 566 ad
1146 524 1224 564 me
1253 523 1426 562 omnes
1473 506 1561 578 qui
1602 503 1842 558 laboratis

237 607 455 672 (.tlatth.
482 608 569 660 ll.
592 604 707 678 28),
740 616 793 660 et
825 621 929 658 non
955 602 1148 657 venitis
1173 618 1186 665 ;
1221 603 1358 654 hanc
1392 611 1516 651 vero
1541 593 1758 658 reiielo,
1788 603 1842 647 et

237 711 416 753 tamen
451 705 677 767 perstat.
729 696 1000 766 Poyulus,
1031 710 1178 764 quem
1221 708 1321 745 non
1361 705 1567 756 cognovi
1635 684 1839 739 serrt'vit

235 790 362 844 mihi
384 831 399 855 ,
440 790 611 861 inquit
634 807 649 854 ;
689 789 740 842 in
777 789 956 841 auditu
982 786 1121 840 auris
1148 782 1360 840 obedivit
1388 781 1510 834 mitti
1537 779 1556 850 (
1579 777 1724 832 Psal.
1754 777 1835 830 l7.

234 885 330 954 45)
360 901 375 950 ;
407 891 463 937 et
502 882 629 937 alibi
658 901 671 936 :
707 881 932 949 Apparui
975 879 1037 933 iis
1064 877 1150 950 qui
1189 893 1268 931 me
1305 893 1408 930 non
1437 871 1726 944 qumrebant
1747 911 1762 934 ,
1792 877 1839 921 et

233 974 474 1028 inuentus
499 990 611 1028 sum
638 975 702 1026 ab
734 972 820 1037 iis,
847 971 935 1040 qui
965 987 1042 1024 me
1069 985 1170 1023 non
1197 968 1598 1036 interrogabant.
1629 960 1840 1014 Dimitte

231 1067 402 1132 illam,
446 1068 568 1135 quia
595 1064 782 1118 clamat
828 1071 940 1133 post
972 1078 1062 1115 nos
1113 1059 1131 1131 (
1155 1059 1282 1114 Isai.
1307 1058 1396 1112 65.
1424 1058 1448 1111 1
1477 1054 1518 1126 ).
1547 1053 1838 1110 Videamus

233 1159 419 1228 itaque
457 1157 584 1228 quid
629 1155 876 1212 Christus
892 1148 1070 1210 ’dicat.
1119 1151 1242 1207 Non
1289 1167 1401 1205 sum
1433 1149 1615 1203 missus
1645 1147 1744 1200 nisi
1771 1144 1840 1196 ad

233 1269 352 1305 oves
395 1268 508 1322 quia
549 1250 804 1322 perierunt
847 1249 1026 1303 domus
1072 1245 1256 1301 Israel.
1303 1247 1495 1298 Annon
1530 1242 1645 1296 haec
1675 1238 1837 1294 verba

233 1352 394 1398 erant
425 1341 782 1413 repellentis?
821 1341 895 1395 Ita
938 1341 1081 1394 enim
1123 1334 1507 1408 propemodum
1536 1331 1703 1387 dicit:
1731 1329 1842 1384 Ab-

234 1433 422 1498 scede,
464 1435 588 1504 quia
619 1433 753 1486 nihil
779 1432 872 1485 tibi
904 1431 984 1486 rei
1015 1444 1225 1485 mecum
1268 1434 1352 1482 est
1381 1443 1393 1479 :
1422 1441 1530 1479 non
1559 1422 1680 1478 veni
1709 1435 1837 1491 pro-

237 1535 356 1593 pter
389 1534 465 1586 te,
497 1523 590 1579 sed
618 1533 834 1594 propter
855 1521 1089 1578 Iudaeos.
1125 1518 1247 1572 Non
1281 1533 1393 1571 sum
1434 1515 1619 1568 missus
1647 1513 1745 1565 nisi
1769 1510 1839 1565 ad

235 1631 352 1670 oues
392 1632 504 1685 qua:
545 1615 882 1685 disperierunt
920 1614 1101 1666 domus
1136 1609 1321 1664 Israel.
1384 1607 1479 1661 llis
1517 1604 1712 1660 auditis
1749 1603 1838 1658 illa

235 1706 395 1769 dixit,
428 1705 616 1770 Etiam,
649 1705 905 1770 Domine;
947 1704 1137 1774 adjuva
1163 1718 1259 1767 me,
1296 1709 1342 1753 et
1380 1699 1628 1753 adorabat
1667 1697 1839 1751 dicens

238 1797 812 1868 (Matth.l5.25);ille
831 1809 956 1851 vero
985 1810 1092 1849 non
1137 1791 1416 1864 respondit
1457 1792 1528 1846 ei.
1572 1789 1679 1845 Sed
1719 1788 1840 1845 vide

239 1888 649 1957 responsionem
677 1906 691 1941 :
723 1886 844 1940 Non
867 1897 938 1941 est
965 1887 1150 1941 bonum
1171 1902 1367 1939 sumere
1386 1900 1569 1955 panem
1590 1883 1837 1953 ﬁliorum,

232 1989 285 2032 et
312 1980 558 2049 projicere
582 1979 791 2032 canibus
819 1975 994 2050 (Ibid.
1027 1994 1073 2030 υ.
1108 1977 1180 2031 26
1284 1975 1329 2031 Ο
1367 1990 1495 2030 cura
1523 1974 1715 2030 medici
1743 1974 1756 2028 i
1787 1973 1839 2028 in

233 2072 669 2142 desperationem
717 2070 933 2126 deducit
958 2085 1099 2124 eam.
1151 2068 1274 2124 Non
1315 2079 1388 2122 est
1431 2069 1619 2122 bonunt
1647 2083 1842 2123 sumere

236 2180 422 2231 partem
453 2163 674 2232 ﬁliorum
697 2179 714 2216 :
737 2177 965 2234 quorum
987 2162 1009 2217 ?
1030 2160 1340 2217 Judteorum
1359 2178 1374 2225 ;
1396 2170 1442 2214 et
1463 2159 1587 2214 dare
1609 2160 1837 2226 canibus,

236 2255 343 2310 hoc
365 2264 465 2321 est,
496 2256 665 2310 vobis.

313 2346 397 2402 l0.
438 2347 596 2402 Certe
622 2346 688 2401 ad
715 2347 1058 2419 ignominiam
1087 2346 1398 2403 Judaaorum
1429 2345 1543 2400 lirec
1571 2345 1703 2399 dixit
1732 2344 1837 2399 Do-

235 2439 418 2492 minus
452 2454 464 2491 :
495 2451 618 2492 nam
645 2436 738 2491 lilii
782 2438 975 2504 vocati,
1023 2453 1186 2493 canes
1214 2437 1387 2492 etl'ecti
1433 2443 1576 2491 sunt.
1613 2435 1842 2505 Ideoque

234 2530 435 2585 Paulus
471 2529 603 2585 dicit
636 2547 650 2583 :
698 2529 871 2585 Videte
914 2546 1083 2595 canes,
1119 2530 1283 2582 videte
1318 2529 1482 2582 malos
1539 2527 1798 2597 operarios
1823 2565 1838 2590 ,

232 2622 396 2675 videte
443 2621 878 2675 circumcisionent
923 2637 940 2675 :
989 2637 1081 2674 nos
1139 2620 1274 2673 enim
1319 2636 1494 2672 smnus
1523 2617 1841 2671 circumcisio

234 2719 256 2782 (
294 2712 527 2782 Philipp.
559 2715 612 2768 5.
643 2713 700 2766 2.
727 2712 763 2768 3
784 2714 822 2782 ).
857 2710 1100 2768 Gentiles
1150 2726 1314 2766 canes
1368 2710 1542 2764 vocati
1595 2716 1715 2764 sunt
1744 2748 1758 2771 ,
1788 2716 1842 2762 et

233 2808 331 2861 lilii
358 2815 480 2860 sunt
509 2806 706 2860 elIecti.
742 2804 919 2859 Filioli
950 2807 1069 2870 mei,
1102 2821 1226 2876 quos
1253 2805 1440 2858 iterum
1469 2804 1716 2874 parturio,
1741 2802 1840 2855 do-

233 2913 326 2950 nec
355 2901 602 2968 formetur
630 2896 861 2950 Christus
911 2897 965 2950 in
1015 2896 1152 2950 vobis
1189 2896 1207 2965 (
1249 2894 1420 2949 Galat.
1447 2894 1500 2949 4.
1536 2893 1602 2948 l9
1626 2894 1663 2961 ).
1699 2892 1842 2947 Laus

233 2988 374 3053 haec,
397 2986 708 3042 Judtcorum
739 2987 1010 3043 accusatio
1040 2996 1143 3042 est.
1171 2985 1293 3040 Non
1328 2996 1400 3039 est
1429 2985 1613 3038 bonum
1643 2999 1843 3038 sumere

231 3098 416 3152 panem
469 3080 690 3148 ﬁliorum
712 3121 727 3145 ,
759 3090 805 3133 et
834 3079 958 3133 dare
986 3080 1216 3133 canibus.
1253 3077 1389 3147 Quid
1420 3078 1580 3148 igitur
1605 3074 1842 3131 mulier?

233 3172 437 3234 Etiam,
492 3170 731 3225 Domine.
780 3169 825 3226 0
869 3171 1121 3225 violentia
1179 3171 1450 3225 mulieris!
1492 3183 1526 3224 ο
1567 3167 1842 3224 contentio

233 3268 434 3323 animm
465 3267 478 3321 !
511 3265 747 3322 Medicus
777 3265 943 3333 dicit,
978 3265 1138 3331 Non;
1183 3276 1238 3321 et
1281 3254 1366 3319 illa
1409 3262 1580 3330 dicit,
1621 3261 1796 3316 Etiam
1823 3276 1842 3315 :

237 3362 498 3416 Dominus
529 3359 682 3424 dicit,
728 3357 893 3423 Non;
924 3368 977 3412 et
1010 3359 1097 3413 illa
1128 3357 1278 3422 dicit,
1312 3357 1524 3411 Etiam:
1554 3369 1658 3410 non
1686 3355 1841 3410 incu-

235 3465 369 3507 sans
420 3459 514 3504 aut
543 3448 882 3520 impudenter
911 3463 1076 3520 agens
1117 3448 1217 3503 hoc
1243 3447 1414 3512 dicit;
1464 3446 1560 3502 sed
1610 3446 1839 3501 salutem

231 3551 572 3610 exspectans.
608 3538 731 3594 Non
757 3549 829 3594 est
878 3539 1066 3593 bonum
1108 3555 1308 3593 sumere
1336 3554 1520 3609 panem
1570 3537 1834 3607 filiorum,

231 3644 279 3686 ct
307 3634 431 3685 dare
457 3632 688 3686 canibus.
725 3630 920 3696 Etiam,
955 3631 1189 3685 Domine.
1243 3629 1446 3684 Canem
1499 3645 1585 3683 me
1632 3643 1793 3683 vocas
1822 3669 1836 3692 ,

229 3741 332 3795 ego
359 3734 412 3778 te
439 3723 718 3778 Dominum
733 3737 869 3776 voco
903 3740 914 3776 :
941 3730 994 3776 tu
1022 3737 1109 3777 me
1153 3721 1478 3776 contumelia
1507 3720 1696 3785 afﬁcis,
1741 3735 1836 3790 ego

232 3827 287 3870 te
328 3815 562 3870 celebro.
610 3813 800 3879 Etiam,
847 3811 1108 3867 Domine:
1140 3828 1258 3866 nam
1302 3821 1350 3865 et
1379 3811 1549 3865 catelli
1592 3810 1749 3864 edunt
1780 3810 1836 3864 de

231 3910 398 3975 sidcis,
417 3923 532 3980 quae
554 3907 740 3960 cadunt
766 3905 828 3960 de
848 3922 1021 3959 mensa
1047 3906 1368 3958 dominorum
1383 3919 1596 3957 suorum
1621 3901 1833 3972 (Matth.

234 4002 326 4056 15.
357 3999 475 4070 27).
506 3997 552 4053 Ο
581 3998 844 4068 sapientia
872 3996 1149 4051 mulieris!
1178 3995 1246 4050 ab
1265 3995 1427 4050 allato
1442 3994 1694 4064 exemplo
1722 4007 1830 4049 ser-

232 4107 449 4148 monem
475 4091 614 4145 eruit
648 4096 1091 4145 consentaneum.
1121 4086 1323 4142 Canem
1350 4101 1438 4142 me
1466 4101 1647 4150 vocas,
1680 4093 1844 4141 utca-

230 4185 319 4238 nis
346 4183 483 4236 alor.
509 4180 626 4236 Non
654 4195 852 4250 reSpuo
880 4180 1226 4250 opprobrium
1249 4195 1262 4243 ;
1293 4194 1399 4233 non
1430 4193 1621 4233 recuso
1652 4177 1838 4248 appel-

234 4273 490 4329 lationem
525 4289 538 4324 :
568 4267 826 4341 accipiam
867 4284 998 4339 ergo
1041 4269 1191 4324 canis
1241 4269 1591 4341 alimentum;
1619 4284 1843 4338 remque

231 4365 364 4420 dicit
390 4374 725 4419 consuetam.
761 4362 843 4418 Tu
884 4362 1045 4417 verba
1076 4371 1166 4416 tua
1205 4333 1509 4416 continu}:
1539 4377 1727 4417 canem
1755 4378 1842 4418 me

232 4461 476 4524 vocasti;
516 4458 583 4514 da
613 4458 746 4513 mihi
793 4457 987 4512 micam
1018 4457 1348 4512 :advocatus
1392 4456 1662 4526 petitionis
1707 4472 1842 4512 mea:

234 4553 412 4607 tactus
441 4566 499 4605 es
533 4567 548 4616 ;
577 4550 633 4604 in
662 4550 1004 4605 recusatione
1033 4564 1360 4603 consensum
1405 4559 1552 4602 tuum
1596 4549 1838 4603 ostende.

235 4646 430 4709 Etiam,
465 4641 726 4709 Domine;
769 4659 888 4696 nam
920 4652 968 4696 et
1006 4642 1176 4696 catelli
1206 4645 1359 4696 edunt
1384 4643 1447 4696 de
1492 4644 1635 4697 micis
1659 4685 1673 4709 ,
1728 4659 1843 4714 qua:

231 4737 423 4791 cadunt
448 4735 513 4790 de
536 4750 708 4787 mensa
738 4733 1063 4786 dominorum
1099 4739 1330 4788 suorum.
1374 4733 1512 4801 Quid
1559 4735 1722 4804 igitur
1748 4736 1840 4791 ille

232 4827 324 4899 qui
347 4825 656 4892 recusabat,
683 4826 772 4896 qui
799 4824 1094 4894 rejiciebat,
1125 4825 1214 4895 qui
1264 4825 1534 4894 pellebat,
1565 4827 1656 4896 qui
1685 4827 1835 4882 dice-

236 4924 347 4984 bat,
378 4918 500 4974 Non
528 4929 604 4973 est
629 4919 816 4973 bonum
851 4919 1082 4988 accipere
1111 4934 1294 4987 panem
1316 4921 1542 4988 ﬁliorum
1567 4963 1581 4986 ,
1611 4932 1657 4975 et
1680 4923 1842 4993 proji-

239 5030 354 5066 cere
378 5013 591 5066 canibus
613 5013 638 5065 .9
667 5011 756 5081 qui
783 5011 998 5065 dicebat
1029 5027 1043 5064 :
1079 5009 1201 5064 Non
1252 5027 1365 5064 sum
1407 5012 1590 5068 missus
1636 5015 1734 5068 nisi
1771 5017 1841 5069 ad

235 5121 348 5158 oves
369 5119 483 5175 qua:
516 5103 776 5172 perierunt
811 5103 991 5156 domus
1039 5101 1205 5156 Israel
1233 5102 1254 5156 !
1289 5102 1333 5156 0
1369 5103 1553 5157 mulier
1583 5106 1603 5158 !
1653 5123 1839 5176 magna

233 5209 306 5252 est
332 5193 459 5268 ﬁdes
491 5207 577 5250 tua
606 5197 624 5267 (
660 5195 814 5250 Ibid.
842 5214 891 5250 υ.
921 5196 993 5250 28
1034 5198 1074 5268 ).
1124 5196 1205 5250 An
1256 5197 1501 5251 laudator
1548 5197 1841 5268 derepente

235 5295 406 5344 tactus
436 5289 537 5343 es?
564 5287 843 5341 mulierem
878 5286 1209 5356 depraedicas
1230 5288 1252 5340 ?
1274 5303 1451 5342 annon
1494 5290 1840 5359 repellehas?

233 5399 412 5438 annon
480 5379 798 5450 rejiciebas?
848 5379 1105 5445 Contidc;
1163 5381 1286 5435 ideo
1349 5381 1550 5436 distuli.
1603 5382 1736 5436 Nam
1793 5384 1836 5437 si

231 5492 299 5530 an
331 5475 482 5529 initio
505 5474 652 5528 illam
673 5474 1006 5543 repulissem,
1034 5474 1151 5542 ejus
1180 5473 1339 5528 ﬁdem
1369 5491 1475 5530 non
1497 5475 1835 5530 edidicisses.

230 5570 285 5624 Si
317 5585 346 5621 a
375 5567 640 5637 principio
695 5567 993 5636 accepisset
1024 5609 1038 5633 ,
1083 5569 1192 5622 cito
1245 5570 1581 5635 recessisset,
1611 5569 1837 5639 ejusque

231 5662 542 5715 thesaurum
599 5671 758 5715 nemo
809 5660 1068 5715 novisset.
1110 5662 1236 5717 ideo
1295 5679 1490 5718 munus
1540 5665 1746 5730 dlaiUll,
1780 5674 1838 5718 ut

228 5751 343 5820 ejus
370 5751 526 5805 ﬁdem
557 5752 805 5806 omnibus
819 5752 1184 5808 ostenderem.

302 5841 733 5898 Perseverandum
759 5845 811 5896 in
832 5845 1134 5899 vrecatione.
1165 5875 1234 5885 —
1263 5845 1310 5901 0
1337 5845 1539 5902 mulier.
1572 5847 1718 5904 Deus
1744 5845 1826 5902 di-

1647 381 1735 438 DE
1775 376 2194 437 CllANANEA.

3450 357 3475 409 Α
3489 362 3554 418 32:;

1952 500 2058 564 cit,
2090 499 2135 554 Ο
2161 499 2342 552 mulier
2368 500 2386 552 .'
2413 499 2645 554 Audiant
2674 499 2730 564 ii,
2754 499 2841 570 qui
2867 512 2986 553 cum
3026 497 3258 569 quadam
3289 495 3551 566 imperitia

1952 600 2258 660 precantur.
2288 589 2421 643 Cum
2455 591 2612 644 alicui
2661 591 2821 653 dico,
2870 590 3014 660 Roga
3068 590 3235 644 Deum
3265 629 3278 652 ,
3327 585 3551 641 obsecra

1949 697 2095 748 eum,
2126 681 2363 750 supplica
2403 681 2451 734 ei
2486 699 2499 745 ;
2530 681 2821 750 respondet
2853 681 2940 736 ille
2966 721 2979 744 ,
3011 680 3212 750 Rogavi
3242 677 3428 743 semel,
3465 691 3554 731 sc-

1948 772 2147 837 cundo,
2180 773 2357 838 tertio,
2385 772 2571 827 decies
2601 781 2656 826 et
2704 772 2964 842 vigesies,
3010 780 3064 826 et
3097 783 3431 842 nequaquam
3463 783 3554 821 ac-

1946 863 2086 934 cepi.
2115 863 2192 918 Nc
2219 878 2404 918 cesses
2428 903 2443 930 ,
2496 864 2664 918 frater
2687 905 2701 929 ,
2734 864 2907 918 donec
2954 863 3186 933 accipias
3220 881 3232 916 :
3265 862 3385 915 linis
3419 861 3552 930 peli-

1949 955 2111 1010 tionis
2148 965 2230 1010 est
2273 955 2473 1010 donum
2513 963 2817 1024 acceptum.
2847 952 2998 1008 Tunc
3026 967 3200 1014 cessa,
3249 967 3372 1007 cum
3403 966 3555 1004 acce-

1947 1049 2130 1118 peris;
2163 1048 2270 1102 imo
2295 1047 2475 1118 potius
2523 1061 2590 1101 ne
2632 1055 2762 1101 tunc
2789 1045 2954 1101 etiam
2986 1059 3168 1100 cesses
3195 1086 3212 1111 ,
3254 1042 3349 1098 sed
3380 1042 3556 1096 adhuc

1949 1155 2257 1210 persevera.
2292 1139 2347 1195 Si
2397 1154 2504 1194 non
2544 1138 2842 1236 acceperis,
2875 1146 2999 1207 pete
3037 1143 3093 1190 ut
3138 1133 3405 1203 accipias;
3433 1149 3555 1188 cum

1947 1241 2127 1287 autem
2160 1231 2455 1300 acceperis,
2487 1230 2557 1286 de
2607 1225 2834 1300 accepto
2872 1229 3076 1300 gratias
3115 1243 3234 1298 age.
3280 1227 3428 1281 Multi
3475 1225 3557 1280 in-

1947 1333 2090 1380 trant
2121 1325 2172 1378 in
2204 1325 2513 1391 ecclesiam,
2543 1332 2600 1379 et
2647 1322 2795 1378 mille
2824 1337 3015 1378 versus
3065 1319 3276 1376 orando
3325 1318 3554 1389 profun-

1945 1418 2152 1474 duntet
2182 1417 2532 1489 egrediuntur
2558 1435 2572 1484 ;
2605 1431 2707 1472 nec
2736 1416 2912 1471 sciunt
2941 1414 3070 1487 quid
3107 1414 3380 1479 dixerint;
3416 1414 3554 1468 lahia

1947 1518 2251 1574 moventur,
2281 1523 2382 1565 nec
2409 1508 2508 1578 ipsi
2550 1508 2798 1562 audiunt.
2832 1507 2910 1562 Tu
2943 1509 3058 1578 ipse
3089 1522 3195 1562 non
3238 1506 3393 1562 audis
3423 1520 3550 1560 ora-

1948 1604 2147 1657 tionem
2179 1611 2346 1667 tuam,
2375 1611 2429 1658 et
2457 1602 2624 1657 Deum
2651 1602 2733 1656 vis
2767 1601 3065 1656 exaudire?
3118 1599 3289 1665 Flexi,
3324 1599 3423 1662 ais,
3463 1614 3556 1667 ge-

1948 1713 2050 1751 nua
2079 1715 2093 1752 :
2118 1712 2306 1751 verum
2331 1711 2484 1752 mens
2514 1705 2602 1751 tua
2636 1694 2780 1750 foras
2809 1696 3076 1750 avolavit:
3099 1709 3298 1764 corpus
3321 1705 3468 1748 tuum
3499 1695 3551 1746 in

1947 1789 2177 1844 ecclesia
2232 1798 2391 1854 erat,
2448 1798 2501 1843 et
2550 1787 2804 1858 cogitatio
2847 1795 2934 1840 tua
2981 1785 3114 1842 foris
3143 1787 3462 1856 vagabatur;
3493 1800 3557 1840 os

1950 1889 2096 1934 tuum
2127 1880 2490 1949 precationem
2520 1879 2799 1943 recitabat,
2828 1878 2924 1934 sed
2952 1893 3105 1933 mens
3135 1892 3325 1932 usuras
3364 1880 3556 1947 suppil-

1949 1971 2115 2036 tabat,
2147 1979 2320 2042 pacta,
2343 1981 2676 2038 contractus,
2708 1985 2891 2040 agros,
2926 1970 3319 2040 possessiones,
3349 1985 3556 2025 amico-

1948 2080 2066 2120 rum
2110 2066 2404 2120 consortia.
2441 2065 2698 2120 Diabolus
2742 2065 2910 2131 enim,
2963 2065 3234 2136 malignus
3278 2079 3402 2120 cum
3441 2066 3552 2130 sit,

1952 2171 2184 2228 cumque
2204 2157 2340 2211 sciat
2369 2170 2469 2211 nos
2496 2164 2740 2227 tempore
2769 2157 3094 2227 precationis
3115 2155 3403 2212 admodum
3433 2171 3558 2226 pro-

1949 2250 2110 2304 licere
2139 2291 2153 2314 ,
2205 2258 2332 2303 tunc
2379 2248 2615 2304 maxime
2665 2248 2848 2302 instat.
2895 2247 3050 2317 Saepe
3100 2247 3152 2301 in
3194 2247 3339 2302 lecto
3377 2247 3554 2317 supini

1906 2329 1911 2356 ¹
1944 2344 2211 2413 jacemus,
2243 2352 2298 2398 ct
2325 2341 2460 2397 nihil
2495 2343 2830 2410 cogitamus;
2859 2341 2954 2397 sed
2987 2342 3030 2396 si
3063 2350 3338 2412 precatum
3383 2343 3558 2397 venia-

1949 2451 2090 2499 mus,
2128 2445 2412 2490 sexcentas
2461 2435 2814 2506 cogitationes
2861 2434 3120 2502 immittit,
3156 2442 3213 2489 ut
3254 2435 3428 2491 fructu
3459 2450 3555 2490 va-

1948 2526 2032 2582 cui
2063 2526 2404 2581 recedamus.

2023 2619 2110 2674 ll.
2155 2619 2281 2674 Haec
2325 2634 2446 2674 cum
2493 2621 2656 2686 scias,
2683 2619 2902 2685 dileme,
2939 2619 2991 2674 in
3035 2619 3435 2691 precationibus
3462 2636 3556 2677 ac-

1948 2711 2150 2775 cidere,
2181 2711 2543 2768 Cbananazam
2573 2714 2819 2776 imitare;
2855 2714 2937 2768 vir
2961 2714 3265 2781 mulierem,
3295 2714 3554 2785 alienige-

1949 2818 2095 2865 nam,
2130 2802 2419 2867 intirniam,
2443 2803 2731 2873 abjectam,
2760 2804 2942 2858 vilem.
2967 2804 3035 2859 At
3060 2818 3166 2858 non
3204 2803 3370 2859 babes
3393 2804 3556 2859 tiliam

1947 2909 1977 2948 a
2009 2895 2256 2950 daemone
2283 2895 2571 2950 vexatam?
2598 2895 2692 2950 sed
2720 2895 2889 2950 habes
2908 2896 3140 2950 animam
3181 2898 3556 2966 peccatricem.

1948 2986 2086 3054 Quid
2113 2987 2188 3041 ait
2222 2986 2572 3043 Chananrea?
2599 2985 2844 3042 Miserere
2863 2989 2961 3041 mei
2981 3004 2999 3052 ,°
3054 2988 3163 3056 ﬁlia
3198 3006 3311 3043 mea
3357 2992 3488 3045 male
3527 3007 3560 3043 a

1949 3079 2202 3134 dazmonio
2243 3089 2454 3133 vexatur
2486 3094 2506 3133 :
2534 3078 2622 3134 dic
2669 3088 2724 3134 et
2757 3089 2813 3134 tu
2849 3097 2862 3132 :
2908 3079 3154 3135 Miserere
3195 3083 3332 3149 mei;
3378 3083 3557 3137 anima

1947 3186 2067 3226 mea
2100 3171 2236 3225 male
2263 3186 2292 3224 a
2325 3170 2594 3226 daemonio
2621 3181 2861 3226 vexatur.
2910 3170 3142 3227 Grandis
3171 3173 3314 3227 enim
3346 3173 3560 3230 dromon

1952 3275 2228 3335 peccatum
2260 3273 2364 3320 est.
2390 3265 2764 3321 Dmmoniacus
2789 3265 2855 3320 ad
2902 3266 3327 3323 misericordiam
3356 3279 3559 3331 movet.

1951 3369 2203 3428 peccator
2237 3361 2364 3416 odio
2412 3360 2642 3416 habetur
2672 3379 2685 3414 :
2715 3360 2792 3416 illi
2813 3362 2968 3418 venia
3000 3362 3332 3429 conceditur,
3361 3363 3447 3418 hic
3469 3380 3561 3419 ex.

1949 3456 2229 3511 cnsatione
2277 3454 2536 3525 privatur.
2571 3454 2820 3510 Miserere
2849 3455 2948 3510 mei
2979 3472 2997 3509 :
3036 3455 3216 3511 brevis
3255 3457 3518 3512 sententia
3542 3499 3557 3523 ,

1950 3545 2044 3599 scd
2077 3546 2422 3617 benignitatis
2472 3547 2691 3617 pelagus
2723 3547 2967 3602 invenit:
3023 3548 3111 3603 tibi
3167 3549 3310 3603 enim
3353 3551 3561 3606 miseri-

1947 3637 2154 3704 cordia,
2188 3638 2261 3694 ibi
2309 3639 2450 3694 bona
2488 3639 2690 3695 omnia.

2024 3729 2204 3784 Omnis
2249 3730 2389 3784 locus
2437 3730 2506 3784 ad
2537 3731 2846 3800 precandum
2881 3741 3308 3802 Opportunus.—
3333 3732 3559 3793 Etiamsi

1949 3831 2101 3876 extra
2155 3821 2440 3877 ecclesiam
2473 3822 2568 3888 sis,
2602 3824 2773 3878 clama
2805 3834 2861 3879 et
2884 3823 2991 3889 die,
3025 3823 3271 3879 Miserere
3299 3826 3418 3892 mei,
3451 3842 3559 3881 non

1949 3915 2089 3970 labia
2128 3931 2380 3982 movens,
2407 3917 2502 3972 sed
2529 3928 2711 3974 mente
2740 3918 2980 3974 clamans
3014 3937 3027 3972 :
3062 3935 3185 3974 nam
3215 3921 3295 3975 vel
3321 3930 3560 3979 tacentes

1949 4007 2095 4062 audit
2130 4007 2292 4063 Deus.
2321 4007 2439 4063 Non
2462 4010 2754 4079 requiritur
2769 4011 2940 4076 locus,
2971 4011 3064 4066 sed
3095 4027 3302 4067 morum
3328 4014 3556 4070 initium.

1949 4097 2214 4153 Jcremias
2261 4099 2315 4154 in
2343 4114 2501 4155 emno
2530 4110 2667 4166 erat,
2718 4111 2772 4156 et
2807 4101 2976 4157 Deum
2999 4105 3258 4170 attraxit;
3292 4106 3478 4161 Daniel
3508 4109 3558 4162 in

1952 4191 2067 4245 lacu
2109 4191 2347 4257 leonum,
2377 4201 2434 4247 et
2477 4193 2645 4247 Deum
2674 4193 2772 4248 sibi
2813 4195 3103 4264 propitium
3145 4196 3416 4252 reddidit:
3451 4190 3558 4254 tres

1950 4283 2100 4352 pueri
2132 4284 2183 4338 in
2201 4284 2414 4338 camino
2431 4295 2604 4350 erant,
2637 4293 2692 4340 et
2720 4286 2885 4340 Deum
2907 4287 3245 4342 celebrantes
3271 4288 3556 4353 ﬂexerunt;

1951 4375 2086 4430 latro
2116 4375 2404 4431 cruciﬁxus
2448 4385 2531 4431 est
2557 4385 2612 4432 et
2641 4377 2772 4431 nihil
2800 4377 2900 4447 ipsi
2929 4377 3099 4432 obluit
3129 4395 3283 4445 crux,
3333 4380 3426 4436 sed
3479 4397 3542 4451 pa

1950 4469 2186 4523 radisum
2214 4469 2452 4539 aperuit:
2481 4468 2584 4526 Job
2606 4470 2658 4524 in
2688 4470 2815 4524 limo
2832 4478 2969 4538 erat,
3001 4481 3056 4526 et
3085 4473 3248 4527 [leum
3270 4474 3556 4544 propitium

1951 4561 2216 4627 reddidit;
2277 4561 2440 4617 Jonas
2476 4562 2526 4616 in
2557 4572 2742 4618 ventre
2766 4562 2894 4627 ceti,
2926 4573 2981 4618 et
3031 4564 3196 4618 Deum
3248 4565 3347 4619 sibi
3394 4565 3556 4619 obsc-

1949 4664 2201 4723 quentem
2230 4653 2434 4709 habuit.
2466 4653 2522 4709 Si
2556 4655 2606 4708 in
2651 4655 2840 4709 balneo
2863 4657 2959 4723 sis,
2989 4672 3240 4726 precare;
3273 4659 3316 4712 si
3369 4659 3420 4712 in
3449 4660 3555 4725 via,

1949 4746 1992 4800 si
2054 4747 2108 4800 in
2165 4747 2338 4811 lecto,
2385 4746 2670 4802 similiter:
2707 4748 3030 4820 ubicumque
3070 4749 3257 4815 fueris,
3310 4766 3548 4820 precare.

1951 4837 2229 4908 Templum
2258 4853 2317 4893 es
2346 4838 2464 4902 Dei,
2495 4853 2563 4893 ne
2589 4853 2800 4909 quaeras
2839 4841 3018 4895 locum
3046 4857 3061 4905 ;
3095 4841 3383 4896 voluntatis
3427 4843 3556 4899 alic-

1949 4939 2067 4984 ctus
2107 4932 2282 4985 solum
2333 4931 2642 5001 requiritur.
2685 4930 2738 4986 Si
2765 4945 2946 4985 coram
2968 4930 3148 5002 judice
3178 4933 3403 4997 sistaris,
3435 4951 3556 5003 prc-

1948 5036 2102 5085 care;
2129 5037 2250 5077 cum
2275 5022 2725 5091 irasciturjudex,
2762 5037 3001 5092 precare.
3032 5024 3174 5077 Marc
3203 5039 3384 5078 coram
3417 5035 3554 5093 erat,

1947 5130 1975 5166 a
2009 5124 2160 5184 tergo
2184 5114 2446 5185 Egyptii,
2492 5117 2542 5170 in
2577 5115 2757 5170 medio
2802 5115 3045 5188 Moyses;
3076 5119 3240 5171 multa
3287 5119 3340 5173 in
3372 5134 3557 5188 prcca-

1933 5201 2083 5255 tione
2114 5200 2367 5269 angustia
2397 5216 2412 5262 ;
2448 5200 2542 5255 sed
2577 5203 2820 5272 amplum
2850 5213 2969 5259 erat
2990 5209 3186 5264 orandi
3213 5215 3477 5282 spatium.
3506 5218 3547 5268 Α

1933 5301 2092 5362 tergo
2124 5291 2370 5362 AEgyptii
2401 5292 2878 5364 insequebantur;
2915 5315 3065 5354 mare
3093 5302 3282 5358 coram
3317 5318 3459 5372 erat,
3492 5310 3544 5360 in

1932 5385 2112 5439 medio
2135 5393 2316 5439 autem
2346 5387 2524 5440 oratio
2549 5403 2562 5450 ;
2593 5388 2842 5460 nihilque
2863 5391 3187 5462 loquebatur
3211 5397 3445 5470 Moyses,
3493 5412 3548 5455 it

1931 5477 2009 5529 ait
2047 5475 2126 5530 illi
2153 5476 2297 5532 Dens
2331 5497 2342 5532 :
2375 5478 2518 5544 Quid
2542 5478 2748 5534 clamas
2781 5483 2850 5536 ad
2870 5485 3169 5556 me(E.rod.
3206 5491 3292 5543 14.
3331 5492 3448 5562 15γῖ
3471 5493 3544 5549 Os

1931 5581 2043 5622 non
2080 5568 2436 5638 loquebatur,
2475 5571 2570 5626 sed
2612 5589 2768 5628 mens
2804 5577 3108 5632 clamabat.
3137 5579 3203 5632 Et
3237 5593 3292 5635 lu
3334 5583 3542 5654 itaqtm,

1931 5660 2152 5724 dilecte,
2175 5678 2300 5716 cum
2323 5665 2549 5720 steteris
2568 5681 2753 5722 coram
2774 5670 2960 5738 judice
2991 5671 3234 5739 furente,
3255 5682 3545 5747 tyranniee

1933 5756 2214 5824 loquente,
2254 5757 2462 5811 acriter
2493 5760 2808 5826 minitante,
2841 5774 2895 5819 et
2931 5767 3053 5821 aliis
3079 5769 3441 5826 carniﬁcibus
3465 5775 3545 5826 sie

1935 5849 2141 5905 utiliter
2167 5852 2483 5918 agentibus,
2517 5852 2687 5910 Deum
2718 5871 2966 5924 precare,
2997 5871 3051 5916 et
3075 5868 3126 5917 te
3157 5874 3418 5924 precante
3441 5865 3539 5921 ﬂu-
