4046 6438
555 360 655 418 45-)
1307 360 1365 418 S.
1404 357 1681 418 .IOANNIS
1717 353 2189 414 CHRYSOSTOMI
2229 353 2542 410 ARCIIIEP.
2583 354 3116 412 CONSTANTINOP.

552 485 667 528 rtus
695 473 1094 545 mitigabuntur.
1147 474 1316 531 Iudex
1359 475 1556 530 instat?
1586 475 1665 530 Tu
1704 473 1770 529 ad
1805 474 1967 528 Deum
1992 485 2125 526 con-

552 566 734 635 fugito.
765 566 1017 636 Princeps
1045 566 1234 621 adest?
1261 568 1340 622 Tu
1373 569 1653 622 Dominum
1681 581 1833 622 voca.
1861 562 2127 633 Numquid

550 657 714 710 homo
741 663 844 724 est,
871 665 930 710 ut
954 656 1022 711 ad
1061 657 1293 727 aliquem
1335 673 1522 728 pergas
1553 657 1764 712 locum?
1797 657 1939 711 Deus
1963 668 2128 725 prope

550 761 761 815 semper
786 756 886 803 est.
929 747 987 802 Si
1025 747 1290 803 hominem
1330 764 1518 818 rogare
1547 747 1797 813 volueris,
1835 747 2128 815 interrogas

548 835 674 906 quid
717 845 857 906 agat,
883 835 1203 904 dormiatne,
1235 853 1302 893 an
1330 854 1360 892 a
1404 838 1628 908 negotiis
1651 845 1830 900 vacet;
1860 836 2130 889 minister-

533 917 652 992 ~que
693 940 797 980 non
827 926 921 980 tibi
951 927 1256 997 respondet.
1287 927 1366 982 Ad
1412 929 1578 982 Deum
1619 923 1941 996 precandum
1984 924 2128 978 nullo

551 1017 740 1072 horum
782 1032 916 1087 opus
947 1019 1111 1074 habes
1140 1036 1154 1073 :
1186 1035 1519 1090 quocumque
1554 1018 1676 1074 ieris
1700 1025 1753 1072 et
1777 1015 2126 1081 invocaveris,

549 1106 640 1162 ille
665 1106 814 1162 audit
841 1125 855 1161 :
887 1108 1030 1163 nulla
1056 1110 1334 1179 occupatio
1353 1151 1368 1174 ,
1402 1109 1578 1163 nullus
1615 1106 1994 1168 intermedius,
2024 1105 2128 1159 mi-

551 1199 713 1253 nister
760 1199 936 1254 nullus
962 1198 1198 1254 auditum
1250 1200 1570 1256 intercludit.
1607 1199 1718 1264 Dic,
1749 1197 1989 1252 Miserere
2009 1197 2125 1262 mei,

549 1296 602 1342 et
631 1289 808 1343 statim
843 1289 980 1344 Deus
1007 1290 1215 1345 aderit:
1247 1290 1426 1344 Adhuc
1472 1299 1519 1344 te
1546 1289 1796 1358 loquente,
1830 1288 2014 1358 inquit,
2045 1287 2126 1341 di-

545 1395 659 1432 cam
681 1419 698 1445 ,
740 1395 853 1435 ecce
893 1379 1073 1435 adsum
1111 1380 1264 1451 (Isai.
1289 1381 1379 1438 58.
1412 1382 1492 1452 9).
1521 1381 1566 1437 0
1599 1394 1780 1436 sermo
1805 1379 2127 1450 benignitate

545 1469 771 1536 plenus!
802 1468 916 1524 Non
943 1479 1215 1540 exspectat
1239 1471 1556 1541 precationis
1582 1470 1740 1527 tinem
1767 1486 1780 1523 :
1812 1470 2045 1526 nondum
2063 1470 2128 1525 Il-

551 1557 655 1611 nita
684 1559 922 1614 oratione
945 1558 1140 1614 donum
1165 1561 1378 1631 accipis.
1412 1560 1649 1616 Hiserere
1686 1561 1804 1614 mei.
1832 1559 1980 1615 Hanc
2005 1560 2127 1615 imi-

548 1654 720 1701 temur
738 1646 1112 1716 Chananzeam,
1127 1665 1336 1720 quaeso:
1356 1649 1597 1705 Miserere
1609 1651 1705 1704 mei
1726 1666 1745 1704 :
1758 1650 1868 1719 ﬁlia
1882 1666 1992 1704 mea
2016 1668 2130 1704 ma-

551 1736 598 1789 le
620 1753 650 1790 a
677 1737 927 1792 demonio
951 1748 1161 1793 vexatur
1191 1755 1209 1794 :
1239 1740 1494 1797 Dominus
1520 1749 1695 1796 autem
1724 1739 1853 1796 dicit
1871 1740 1937 1796 ad
1967 1756 2084 1796 eam
2112 1759 2126 1797 :

547 1823 593 1879 0
619 1827 833 1882 mulier!
861 1844 1042 1899 magna
1062 1838 1136 1884 est
1160 1830 1288 1899 ﬁdes
1308 1840 1395 1886 tua
1425 1846 1444 1885 :
1465 1831 1555 1900 ﬁat
1583 1831 1674 1885 tibi
1692 1832 1822 1886 sicut
1841 1831 1914 1886 vis
1947 1830 2126 1903 (Matt.

547 1918 635 1973 I5.
658 1916 774 1988 28).
803 1917 1028 1975 Ubinam
1057 1920 1380 1978 haereticus?
1408 1921 1544 1977 Num
1583 1921 1746 1990 dixit,
1792 1922 2009 1993 Rogabo
2034 1937 2129 1993 pa-

545 2018 678 2063 trem
708 2011 910 2064 meum?
947 2026 1073 2066 num
1099 2010 1255 2077 dixit,
1289 2012 1553 2069 Precabor
1581 2012 1888 2070 Genitorem
1913 2013 2130 2069 meum?

545 2099 802 2168 numquid
821 2101 1062 2159 oratione
1086 2103 1272 2174 eguit?
1292 2104 1525 2160 Minime.
1557 2105 1766 2174 Quare?
1791 2105 1923 2172 Quia
1939 2121 2130 2176 magna

543 2199 661 2246 erat
709 2190 876 2258 ﬁdes,
926 2208 1176 2265 magnum
1223 2210 1335 2262 vas,
1361 2195 1574 2266 copiosa
1613 2197 1780 2253 effusa
1808 2207 1892 2253 est
1930 2198 2124 2268 gratia.

549 2278 646 2336 Ubi
672 2280 844 2336 oratio
865 2283 1164 2339 necessaria
1190 2293 1290 2351 est,
1320 2286 1391 2342 ibi
1418 2301 1509 2342 vas
1530 2287 1798 2342 inﬁrmum
1818 2295 1918 2344 est.
1947 2286 1992 2342 0
2018 2305 2129 2342 mu-

546 2370 674 2424 lier!
701 2386 886 2442 magna
914 2382 986 2426 est
1013 2373 1138 2442 ﬁdes
1163 2384 1268 2429 tua.
1297 2375 1413 2432 Non
1455 2377 1634 2432 vidisti
1661 2387 1928 2433 mortuum
1954 2379 2127 2435 susci-

547 2469 736 2529 tatum,
767 2477 873 2517 non
899 2463 1167 2534 leprosum
1195 2467 1524 2536 mandatum,
1549 2484 1660 2525 non
1687 2468 1878 2524 audisti
1896 2470 2127 2542 prophe-

546 2559 648 2618 tas,
675 2565 782 2607 non
805 2551 974 2624 legem
1002 2554 1259 2611 meditata
1283 2571 1362 2626 es,
1385 2573 1492 2613 non
1515 2573 1662 2616 mare
1678 2559 1904 2616 divisum
1927 2561 2126 2627 vidisti,

543 2656 653 2698 non
689 2642 829 2698 aliud
858 2659 888 2698 a
915 2660 1002 2701 me
1046 2655 1305 2716 patratum
1333 2649 1540 2720 signum
1566 2650 1776 2718 vidisti;
1827 2653 1936 2708 imo
1977 2667 2010 2708 a
2038 2668 2130 2710 me

545 2733 796 2803 despecta
825 2743 879 2790 et
906 2739 1216 2794 conturbata
1260 2753 1357 2805 es;
1387 2756 1740 2799 aerumnosam
1772 2751 1823 2799 te
1851 2745 2042 2814 repuli,
2071 2757 2126 2800 et
2160 2771 2166 2780 -

545 2837 650 2880 non
679 2826 966 2893 recessisti,
1007 2827 1101 2884 sed
1127 2830 1403 2899 perstitisti
1438 2849 1452 2887 :
1483 2831 1697 2888 demum
1735 2847 1765 2887 a
1804 2849 1892 2890 me
1911 2834 2125 2906 dignam

543 2921 598 2969 et
615 2922 1026 2972 consentaneam
1055 2919 1236 2990 accipe
1261 2921 1468 2977 laudem
1490 2939 1504 2976 :
1527 2921 1572 2975 Ο
1598 2921 1785 2977 Mulier
1805 2924 1826 2977 !
1850 2939 2033 2995 magna
2057 2934 2127 2979 est

544 3003 671 3072 ﬁdes
695 3013 800 3058 tua.
829 3003 1033 3062 Mortua
1059 3010 1370 3075 estmulier,
1407 3022 1462 3066 et
1501 3014 1822 3081 praeconium
1867 3015 1985 3084 ejus
2010 3029 2127 3069 ma-

545 3101 657 3161 net,
685 3093 986 3155 diademate
1008 3100 1359 3170 splendidius.
1389 3103 1739 3176 Quocumque
1776 3105 1901 3162 ieris
1943 3106 2128 3164 audies

549 3184 817 3241 Christum
851 3187 1137 3259 dicentem,
1183 3192 1229 3249 0
1267 3195 1491 3252 mulier!
1519 3212 1703 3267 magna
1745 3206 1818 3252 est
1858 3197 1985 3266 ﬁdes
2011 3206 2121 3253 tua.

3722 359 3826 416 460

2240 467 2524 540 Ingredere
2545 470 2595 524 in
2626 470 2906 526 ecclesiam
2932 471 3236 537 Persarum,
3265 481 3317 527 et
3343 471 3526 528 audies
3550 471 3824 530 Christum

2234 560 2519 626 dicentem,
2554 558 2600 616 0
2627 561 2838 616 mulier!
2871 579 3056 632 magna
3097 573 3169 617 est
3215 564 3341 632 ﬁdes
3367 573 3489 625 tua;
3536 564 3590 619 in
3621 563 3828 620 Gotho-

2238 664 2354 704 rum
2383 652 2531 717 item,
2563 651 2615 706 in
2648 651 3015 717 barbarorum,
3040 653 3092 707 in
3123 653 3391 720 Indorum,
3421 655 3472 710 in
3494 654 3822 711 Maurorum.

2233 751 2287 794 et
2303 741 2354 794 in
2371 750 2848 812 quantamcumque
2863 743 2945 796 sol
2959 743 3172 814 respicit
3189 753 3412 799 terram:
3429 745 3647 800 verbum
3661 761 3827 800 unum

2235 831 2456 901 protulit
2479 833 2738 898 Christus,
2763 841 2818 889 et.
2857 835 3076 890 verbum
3121 833 3247 890 illud
3273 849 3381 890 non
3415 845 3590 890 cessat
3623 835 3825 902 θεῖαι-τί,

2234 923 2328 978 sed
2358 939 2548 995 magna
2583 940 2714 979 voce
2743 925 2860 992 ejus
2891 923 3050 979 ﬁdem
3069 924 3358 993 prmdicat:
3396 924 3442 978 0
3462 926 3687 980 mulier!
3715 942 3827 978 ma-

2233 1031 2333 1085 gna
2357 1025 2430 1070 est
2449 1016 2575 1084 ﬁdes
2603 1025 2693 1070 tua
2719 1033 2738 1072 :
2766 1018 2857 1084 ﬁat
2893 1017 2982 1070 tibi
3008 1017 3141 1070 sicut
3181 1019 3274 1071 vis.
3305 1016 3422 1072 Non
3451 1017 3586 1072 dixit
3619 1037 3631 1072 :
3660 1033 3824 1074 sane-

2234 1117 2322 1162 tur
2347 1108 2448 1163 Iilia
2480 1118 2564 1163 tua
2590 1125 2604 1172 ;
2666 1109 2783 1174 sed,
2831 1109 2978 1166 Sicut
3004 1112 3097 1164 vis.
3128 1109 3208 1165 'I‘u
3232 1110 3400 1180 ipsam
3443 1126 3595 1178 sana,
3627 1121 3680 1167 tu
3708 1121 3826 1167 esto

2236 1196 2493 1265 medicus,
2541 1199 2632 1253 tibi
2686 1199 3133 1256 medicamentum
3167 1200 3338 1266 trado,
3387 1200 3556 1270 vade,
3586 1216 3822 1272 appone,

2237 1288 2357 1343 Fiat
2383 1291 2470 1343 tibi
2507 1291 2636 1344 sicut
2678 1290 2770 1344 vis.
2804 1289 3063 1345 Voluntas
3091 1301 3176 1344 tua
3203 1299 3356 1345 sanet
3385 1290 3575 1361 ipsam.
3603 1291 3824 1347 Chana-

2234 1394 2349 1434 naaa
2375 1380 2644 1436 voluntate
2663 1394 2757 1434 sua
2784 1381 3008 1446 sanavit,
3038 1389 3092 1435 et
3122 1380 3283 1435 Filius
3314 1381 3406 1437 Dei
3436 1395 3466 1435 a
3492 1381 3671 1452 seipso
3713 1397 3823 1437 non

2234 1469 2477 1539 sanabit?
2499 1468 2617 1525 Fiat
2643 1471 2734 1525 tibi
2760 1472 2890 1525 sicut
2928 1472 3022 1526 vis.
3054 1470 3166 1525 Non
3191 1471 3352 1540 jussit
3381 1471 3602 1538 mulier,
3645 1488 3827 1544 neque

2233 1559 2448 1616 diabolo
2486 1562 2768 1632 praecepit;
2795 1560 2892 1617 sed
2921 1561 3084 1617 voluit
3112 1571 3337 1628 tantum,
3367 1571 3423 1616 et
3447 1562 3689 1617 voluntas
3711 1578 3827 1617 mu-

2236 1652 2384 1708 lieris
2413 1651 2640 1716 sanavit,
2673 1651 3050 1722 daemonasque
3085 1652 3260 1721 ejecit.
3285 1651 3388 1708 Ubi
3415 1660 3541 1708 sunt
3561 1652 3596 1706 ii
3621 1652 3711 1723 qui
3735 1652 3826 1707 di-

2234 1756 2358 1797 cere
2386 1741 2586 1796 audent
2637 1742 2830 1797 Filium
2875 1757 2972 1812 per
3001 1744 3298 1797 orationem
3344 1749 3621 1813 operatum
3662 1744 3827 1799 esse?

2236 1831 2358 1886 Fiat
2379 1832 2465 1887 tibi
2487 1833 2614 1887 sicut
2635 1833 2725 1887 vis.
2745 1832 2875 1887 Vide
2894 1833 3144 1888 dictionis
3167 1834 3537 1903 cognationem
3565 1851 3579 1887 :
3607 1833 3825 1889 Patrem

2234 1937 2387 1977 suum
2428 1923 2684 1977 imitatur.
2729 1922 2861 1977 Cum
2889 1923 3031 1977 enim
3073 1921 3216 1977 Deus
3241 1922 3432 1977 cadum
3459 1921 3716 1989 faciebat,
3743 1921 3826 1978 di-

2234 2013 2332 2074 xit.
2379 2011 2497 2067 Fiat
2522 2013 2732 2079 cmlum,
2763 2019 2819 2068 et
2858 2010 3056 2067 factum
3082 2003 3178 2067 est'
3211 2011 3401 2067 caelum
3426 2027 3442 2077 ;
3467 2010 3585 2066 Fiat
3613 2011 3714 2078 sol,
3766 2021 3828 2067 ct

2234 2101 2405 2158 iactus
2423 2113 2503 2159 est
2525 2104 2635 2170 sol;
2680 2102 2798 2158 Fiat
2838 2111 3002 2168 terra,
3025 2111 3082 2159 et
3107 2102 3244 2158 facta
3272 2112 3354 2158 est
3377 2111 3538 2158 terra.
3570 2101 3826 2158 Jussione

2233 2193 2580 2249 substantiam
2613 2192 2879 2263 produxit.
2913 2192 3005 2248 Sic
3029 2202 3084 2249 et
3104 2193 3190 2248 ille
3215 2233 3231 2260 ,
3264 2191 3383 2246 Fiat
3412 2193 3501 2246 tibi
3543 2193 3671 2248 sicut
3700 2193 3771 2247 vis
3805 2208 3826 2248 :

2233 2282 2480 2353 cognatio
2501 2283 2762 2338 sermonis
2782 2285 3212 2338 communionem
3241 2283 3478 2338 ostendit
3502 2292 3724 2338 naturre.
3749 2283 3825 2338 Et

2232 2382 2413 2427 sanata
2441 2382 2512 2427 est
2539 2371 2650 2443 ﬁlia
2678 2372 2807 2444 ejus.
2836 2371 3220 2438 Quandouam?
3243 2370 3312 2426 In
3337 2372 3429 2426 illa
3449 2372 3576 2426 hora
3604 2372 3822 2442 (Matth.

2235 2465 2324 2521 15.
2347 2465 2472 2536 28);
2517 2479 2622 2519 non
2643 2462 2854 2534 quando
2875 2474 3046 2520 mater
3078 2463 3225 2518 venit
3263 2462 3508 2528 domum,
3536 2464 3632 2518 sed
3667 2471 3826 2519 ante-

2236 2573 2392 2629 quam
2414 2557 2638 2614 veniret.
2670 2555 2828 2612 Venit
2856 2556 3134 2611 inventura
3164 2553 3568 2620 daemoniacam,
3595 2561 3650 2609 et
3671 2554 3826 2609 inve-

2235 2649 2312 2703 nit
2339 2663 2546 2715 sanam,
2588 2647 2858 2704 voluntate
2886 2660 2981 2701 sua
3014 2645 3224 2701 sanitati
3251 2645 3573 2700 restitutam.
3602 2643 3706 2699 Pro
3733 2643 3822 2699 bis

2232 2739 2479 2794 omnibus
2503 2738 2701 2809 gratias
2723 2753 2944 2808 agamus
2973 2737 3104 2803 Deo,
3133 2737 3254 2812 quia
3281 2737 3451 2807 ipsum
3472 2735 3625 2792 decet
3648 2735 3822 2807 gloria

2232 2832 2286 2886 in
2316 2831 2509 2886 saecula
2536 2830 2872 2886 saeculorum.
2907 2830 3076 2886 Amen
3105 2830 3145 2883 ⁸.

2295 2963 2310 2995 ί
2345 2964 2417 3012 sic
2447 2968 2606 3012 Graeca
2649 2960 2852 3011 habent.
2897 2967 2948 3008 In
2991 2961 3151 3010 veteri
3205 2958 3612 3021 interpretatione
3655 2960 3821 3008 Latina

2231 3026 2303 3074 sic
2333 3022 2602 3088 clauditur:
2627 3031 2724 3073 Pro
2743 3021 2820 3088 his
2842 3027 3003 3072 autem
3039 3021 3255 3071 omm'bus
3275 3019 3460 3084 gratias
3493 3032 3691 3088 agarrtus
3718 3028 3822 3088 Deo

2231 3098 2319 3148 per
2349 3083 2589 3135 Christum
2610 3082 2890 3153 Dominum
2929 3089 3183 3153 nostrumn
3207 3082 3318 3153 cum
3339 3093 3437 3153 quo
3453 3082 3647 3153 estDeo
3679 3082 3820 3132 Patri

2232 3143 2329 3208 una
2352 3158 2463 3195 cum
2485 3151 2649 3208 sancto
2667 3143 2847 3208 Spiritu
2867 3145 3035 3201 honor.
3058 3143 3214 3207 gloria
3231 3152 3276 3195 et
3293 3143 3495 3206 potestas
3511 3155 3599 3208 per
3618 3143 3818 3194 immor-

2230 3207 2349 3259 talia
2370 3205 2550 3259 sacula
2571 3205 2876 3258 seculorum.
2912 3205 3078 3257 Απιεηῐ

551 3486 3770 3540 W

1071 3776 1232 3857 [444]
1273 3781 1354 3843 ΙΝ
1395 3780 1713 3855 LIBRUM,
1761 3780 1964 3855 QUOD
2011 3783 2220 3845 NEMO
2261 3785 2651 3850 LEDATUR
2693 3787 2847 3851 NlSI
2888 3792 2938 3850 Α
2978 3790 3256 3866 SEIPSO,

612 3988 715 4044 Ilic
753 3991 1154 4061 pulcherrimus
1182 3994 1338 4062 liber,
1380 3994 1538 4066 cujus
1568 3995 1654 4051 vel
1687 3995 1879 4052 titulus
1907 3995 2228 4055 Christiana:
2267 3997 2629 4071 philosophiae
2669 4018 2942 4059 summam
2987 4005 3393 4076 complectitur,
3428 4003 3509 4063 sic
3553 4021 3585 4061 a
3627 4007 3806 4082 Chry-

544 4118 789 4164 sostomo
817 4119 1280 4168 commemoratur
1329 4112 1473 4168 infra
1499 4153 1516 4180 ,
1561 4113 1804 4185 Epistula
1835 4126 2030 4187 quarta
2073 4118 2141 4173 ad
2180 4117 2552 4191 Olympiadem
2581 4121 2666 4178 his
2696 4121 2918 4178 verbis:
2966 4122 3124 4178 Mitto
3163 4124 3233 4178 ad
3266 4134 3312 4180 te
3341 4125 3398 4180 id
3447 4127 3589 4197 quod
3635 4142 3806 4196 nuper

559 4225 756 4282 litteris
787 4229 1064 4297 mandavi,
1116 4249 1298 4303 nempe
1321 4249 1441 4289 eum
1473 4235 1566 4305 qui
1596 4237 1825 4306 seipsum
1859 4253 1964 4292 non
2008 4238 2242 4307 lwserit,
2289 4257 2322 4295 a
2357 4241 2561 4296 nemine
2607 4241 2718 4295 alio
2763 4241 2889 4297 laedi
2932 4257 3102 4311 posse.
3143 4241 3258 4295 Hoc
3300 4242 3489 4312 quippe
3532 4244 3803 4298 contendit

546 4343 643 4398 illa
672 4347 864 4413 oratio,
893 4364 1052 4418 quam
1078 4366 1214 4404 nunc
1245 4352 1314 4405 ad
1343 4361 1392 4408 te
1420 4354 1592 4409 mitto.
1635 4353 1799 4409 Illam
1831 4356 1996 4426 igitur
2028 4358 2242 4412 assidue
2277 4359 2474 4426 volvas,
2505 4360 2612 4414 imo
2638 4361 2820 4425 etiam,
2857 4361 2904 4415 si
2945 4376 3038 4431 per
3080 4360 3434 4415 valetudinem
3470 4360 3625 4429 licet,
3669 4362 3806 4416 reci-

547 4473 642 4517 tes.
673 4461 739 4516 Id
767 4466 906 4519 enim
928 4466 1293 4535 pharmacum,
1329 4471 1376 4524 si
1405 4471 1615 4540 quidem
1659 4473 1911 4540 volueris,
1949 4475 2045 4529 tibi
2088 4474 2299 4544 sufﬁcit.
2342 4475 2438 4531 Sin
2475 4475 2623 4530 nobis
2669 4477 2991 4546 pertinacius
3031 4476 3314 4532 oblttcteris
3337 4516 3352 4543 ,
3408 4493 3470 4530 ac
3524 4491 3686 4546 neque
3726 4485 3804 4529 te-

547 4583 717 4650 ipsam
759 4597 928 4649 cures,
965 4600 1057 4638 nec
1081 4587 1321 4654 quamvis
1350 4588 1650 4643 innumeras
1684 4589 2066 4645 admonitiones
2106 4599 2152 4645 :t
2185 4590 2571 4646 cohortationes
2615 4599 2808 4661 prwsto
2849 4590 3039 4647 habeas
3093 4607 3122 4646 e
3165 4589 3404 4645 maeroris
3446 4599 3622 4644 tamen
3661 4605 3805 4644 emno

1990 5121 2344 5214 LIBER

1237 5362 1409 5417 QUOD
1450 5361 1558 5417 QUI
1603 5352 1865 5406 sursum
1912 5363 2038 5408 non
2085 5365 2308 5422 LEDIT,
2357 5366 2532 5410 neno
2573 5367 2836 5413 ωυεηκ
2881 5368 3111 5414 rossrr.

611 5553 662 5605 1.
683 5553 1034 5606 Attentionem
1052 5561 1100 5606 et
1121 5553 1524 5608 benevolentiam
1542 5553 1646 5607 sibi
1660 5553 1930 5618 conciliat;
1945 5551 2120 5609 Iudex

551 5653 822 5712 utramque
837 5655 1037 5712 partem
1059 5647 1260 5700 audiret
1278 5646 1445 5701 debet.
1468 5677 1537 5687 —
1559 5647 1685 5701 Scio
1715 5647 1852 5711 fore,
1884 5659 1940 5702 ut
1971 5665 2119 5703 cras-

553 5739 810 5806 sioribus,
830 5741 1030 5810 quique
1049 5743 1412 5810 prmsentibus
1430 5745 1592 5798 rebus
1625 5744 1854 5809 inhiant,
1874 5760 1934 5800 ac
1964 5755 2117 5800 terrae

2234 5567 2362 5611 sunt
2392 5559 2564 5626 affixi,
2585 5571 2638 5617 et
2668 5579 2929 5619 sensuum
2952 5565 3321 5634 voluptatibus
3344 5565 3610 5631 serviunt,
3641 5566 3806 5636 spiri-

2233 5650 2472 5706 tualibus
2493 5669 2598 5706 non
2619 5654 2913 5708 admodum
2930 5657 3119 5719 dediti,
3137 5670 3273 5709 nova
3297 5657 3432 5718 haec,
3454 5657 3804 5726 insolensqne

2233 5743 2480 5798 videatur
2517 5745 2726 5813 oratio;
2761 5761 2824 5800 ac
2856 5763 2955 5801 nos
2994 5748 3225 5802 ubertim
3273 5747 3503 5810 rideant,
3537 5756 3588 5800 rt
3617 5756 3803 5801 conte--
