  <div class='ocr_page' id='page_1' title='image "/cluster/home/n/w/nwhite01/storage/ocr_20150623/52/ien.35556001660794/083.png"; bbox 0 0 4046 6446; ppageno 0'>
   <div class='ocr_carea' id='block_1_1' title="bbox 359 268 455 326">
    <p class='ocr_par' dir='ltr' id='par_1_1' title="bbox 359 268 455 326">
     <span class='ocr_line' id='line_1_1' title="bbox 359 268 455 326; baseline 0.042 -4"><span class='ocrx_word' id='word_1_1' title='bbox 359 268 455 326; x_wconf 72' lang='grc' dir='ltr'>ιει</span> 
     </span>
    </p>
   </div>
   <div class='ocr_carea' id='block_1_2' title="bbox 354 387 2020 466">
    <p class='ocr_par' dir='ltr' id='par_1_2' title="bbox 354 387 2020 466">
     <span class='ocr_line' id='line_1_2' title="bbox 354 387 2020 466; baseline 0.004 -26"><span class='ocrx_word' id='word_1_2' title='bbox 354 389 466 461; x_wconf 85' lang='grc' dir='ltr'>μήν</span> <span class='ocrx_word' id='word_1_3' title='bbox 497 389 584 442; x_wconf 76' lang='grc' dir='ltr'>διά</span> <span class='ocrx_word' id='word_1_4' title='bbox 615 387 771 444; x_wconf 83' lang='grc' dir='ltr'>τοῦτο</span> <span class='ocrx_word' id='word_1_5' title='bbox 795 391 1215 464; x_wconf 85' lang='grc' dir='ltr'>ἀποστησόμεθα</span> <span class='ocrx_word' id='word_1_6' title='bbox 1245 395 1344 466; x_wconf 85' lang='grc' dir='ltr'>τῆς</span> <span class='ocrx_word' id='word_1_7' title='bbox 1374 396 1726 465; x_wconf 87' lang='grc' dir='ltr'>ἐπαγγελίας,</span> <span class='ocrx_word' id='word_1_8' title='bbox 1756 393 1889 448; x_wconf 89' lang='grc' dir='ltr'>ἀλλά</span> <span class='ocrx_word' id='word_1_9' title='bbox 1925 395 2020 447; x_wconf 78' lang='grc' dir='ltr'>καὶ</span> 
     </span>
    </p>
   </div>
   <div class='ocr_carea' id='block_1_3' title="bbox 354 473 2019 551">
    <p class='ocr_par' dir='ltr' id='par_1_3' title="bbox 354 473 2019 551">
     <span class='ocr_line' id='line_1_3' title="bbox 354 473 2019 551; baseline 0.004 -22"><span class='ocrx_word' id='word_1_10' title='bbox 354 476 422 529; x_wconf 88' lang='grc' dir='ltr'>δι’</span> <span class='ocrx_word' id='word_1_11' title='bbox 451 477 584 531; x_wconf 84' lang='grc' dir='ltr'>αὐτὸ</span> <span class='ocrx_word' id='word_1_12' title='bbox 613 483 710 548; x_wconf 85' lang='grc' dir='ltr'>μέν</span> <span class='ocrx_word' id='word_1_13' title='bbox 755 473 848 533; x_wconf 77' lang='grc' dir='ltr'>οῦν</span> <span class='ocrx_word' id='word_1_14' title='bbox 891 479 1049 536; x_wconf 82' lang='grc' dir='ltr'>τοῦτο</span> <span class='ocrx_word' id='word_1_15' title='bbox 1094 480 1329 551; x_wconf 87' lang='grc' dir='ltr'>μάλιστα</span> <span class='ocrx_word' id='word_1_16' title='bbox 1362 481 1454 537; x_wconf 77' lang='grc' dir='ltr'>ἐπὶ</span> <span class='ocrx_word' id='word_1_17' title='bbox 1480 483 1576 546; x_wconf 84' lang='grc' dir='ltr'>τὰς</span> <span class='ocrx_word' id='word_1_18' title='bbox 1611 481 1925 546; x_wconf 81' lang='grc' dir='ltr'>ἐποδείξεις,</span> <span class='ocrx_word' id='word_1_19' title='bbox 1945 473 2019 535; x_wconf 84' lang='grc' dir='ltr'>ὧν</span> 
     </span>
    </p>
   </div>
   <div class='ocr_carea' id='block_1_4' title="bbox 355 565 2019 642">
    <p class='ocr_par' dir='ltr' id='par_1_4' title="bbox 355 565 2019 642">
     <span class='ocr_line' id='line_1_4' title="bbox 355 565 2019 642; baseline 0.003 -26"><span class='ocrx_word' id='word_1_20' title='bbox 355 565 724 636; x_wconf 81' lang='grc' dir='ltr'>ὑπεσχόμεθα,</span> <span class='ocrx_word' id='word_1_21' title='bbox 758 566 906 637; x_wconf 19' lang='grc' dir='ltr'>μετάν</span> <span class='ocrx_word' id='word_1_22' title='bbox 926 568 1126 640; x_wconf 85' lang='grc' dir='ltr'>πολλῆς</span> <span class='ocrx_word' id='word_1_23' title='bbox 1161 568 1491 642; x_wconf 85' lang='grc' dir='ltr'>βαδιούμεθα</span> <span class='ocrx_word' id='word_1_24' title='bbox 1521 571 1621 642; x_wconf 89' lang='grc' dir='ltr'>τῆς</span> <span class='ocrx_word' id='word_1_25' title='bbox 1643 567 1900 639; x_wconf 82' lang='grc' dir='ltr'>σπουδῆς.</span> <span class='ocrx_word' id='word_1_26' title='bbox 1923 570 2019 621; x_wconf 81' lang='lat' dir='ltr'>“Av</span> 
     </span>
    </p>
   </div>
   <div class='ocr_carea' id='block_1_5' title="bbox 355 651 2018 730">
    <p class='ocr_par' dir='ltr' id='par_1_5' title="bbox 355 651 2018 730">
     <span class='ocr_line' id='line_1_5' title="bbox 355 651 2018 730; baseline 0.004 -26"><span class='ocrx_word' id='word_1_27' title='bbox 355 652 465 722; x_wconf 81' lang='grc' dir='ltr'>γάρ</span> <span class='ocrx_word' id='word_1_28' title='bbox 500 651 830 724; x_wconf 80' lang='grc' dir='ltr'>βουληθῶσιν</span> <span class='ocrx_word' id='word_1_29' title='bbox 867 658 916 709; x_wconf 90' lang='grc' dir='ltr'>οί</span> <span class='ocrx_word' id='word_1_30' title='bbox 945 656 1086 710; x_wconf 89' lang='grc' dir='ltr'>οῦτω</span> <span class='ocrx_word' id='word_1_31' title='bbox 1111 657 1440 730; x_wconf 79' lang='grc' dir='ltr'>διακείμενοι</span> <span class='ocrx_word' id='word_1_32' title='bbox 1477 657 1554 728; x_wconf 80' lang='grc' dir='ltr'>μὴ</span> <span class='ocrx_word' id='word_1_33' title='bbox 1581 657 1848 730; x_wconf 87' lang='grc' dir='ltr'>θορυϐεῖν,</span> <span class='ocrx_word' id='word_1_34' title='bbox 1885 657 2018 726; x_wconf 86' lang='grc' dir='ltr'>μηδέ</span> 
     </span>
    </p>
   </div>
   <div class='ocr_carea' id='block_1_6' title="bbox 351 739 2019 814">
    <p class='ocr_par' dir='ltr' id='par_1_6' title="bbox 351 739 2019 814">
     <span class='ocr_line' id='line_1_6' title="bbox 351 739 2019 814; baseline 0.002 -22"><span class='ocrx_word' id='word_1_35' title='bbox 351 741 662 811; x_wconf 76' lang='grc' dir='ltr'>ταράττειν,</span> <span class='ocrx_word' id='word_1_36' title='bbox 693 741 829 795; x_wconf 85' lang='grc' dir='ltr'>ἀλλά</span> <span class='ocrx_word' id='word_1_37' title='bbox 875 743 1164 814; x_wconf 81' lang='grc' dir='ltr'>ἀναμένειν</span> <span class='ocrx_word' id='word_1_38' title='bbox 1208 744 1298 799; x_wconf 88' lang='grc' dir='ltr'>τοῦ</span> <span class='ocrx_word' id='word_1_39' title='bbox 1337 744 1496 814; x_wconf 81' lang='grc' dir='ltr'>λόγου</span> <span class='ocrx_word' id='word_1_40' title='bbox 1531 745 1592 797; x_wconf 84' lang='grc' dir='ltr'>τὺ</span> <span class='ocrx_word' id='word_1_41' title='bbox 1639 743 1812 810; x_wconf 89' lang='grc' dir='ltr'>τέλος,</span> <span class='ocrx_word' id='word_1_42' title='bbox 1845 739 1903 798; x_wconf 83' lang='grc' dir='ltr'>εὗ</span> <span class='ocrx_word' id='word_1_43' title='bbox 1923 741 2019 796; x_wconf 76' lang='grc' dir='ltr'>οἷδ’</span> 
     </span>
    </p>
   </div>
   <div class='ocr_carea' id='block_1_7' title="bbox 353 829 2017 902">
    <p class='ocr_par' dir='ltr' id='par_1_7' title="bbox 353 829 2017 902">
     <span class='ocr_line' id='line_1_7' title="bbox 353 829 2017 902; baseline 0.002 -22"><span class='ocrx_word' id='word_1_44' title='bbox 353 829 432 881; x_wconf 77' lang='grc' dir='ltr'>ὅτι</span> <span class='ocrx_word' id='word_1_45' title='bbox 463 829 582 900; x_wconf 83' lang='grc' dir='ltr'>μεθ’</span> <span class='ocrx_word' id='word_1_46' title='bbox 633 829 794 901; x_wconf 87' lang='grc' dir='ltr'>ἡμῶν</span> <span class='ocrx_word' id='word_1_47' title='bbox 821 832 1132 902; x_wconf 78' lang='grc' dir='ltr'>στήσονται,</span> <span class='ocrx_word' id='word_1_48' title='bbox 1180 834 1272 887; x_wconf 77' lang='grc' dir='ltr'>καὶ</span> <span class='ocrx_word' id='word_1_49' title='bbox 1318 832 1527 886; x_wconf 74' lang='grc' dir='ltr'>ἑαυτῶν</span> <span class='ocrx_word' id='word_1_50' title='bbox 1556 831 2017 902; x_wconf 82' lang='grc' dir='ltr'>καταγνώσονται,</span> 
     </span>
    </p>
   </div>
   <div class='ocr_carea' id='block_1_8' title="bbox 351 915 2019 993">
    <p class='ocr_par' dir='ltr' id='par_1_8' title="bbox 351 915 2019 993">
     <span class='ocr_line' id='line_1_8' title="bbox 351 915 2019 993; baseline 0.004 -27"><span class='ocrx_word' id='word_1_51' title='bbox 351 915 426 978; x_wconf 81' lang='grc' dir='ltr'>ὡς</span> <span class='ocrx_word' id='word_1_52' title='bbox 453 915 543 969; x_wconf 80' lang='grc' dir='ltr'>τὸν</span> <span class='ocrx_word' id='word_1_53' title='bbox 572 916 880 988; x_wconf 77' lang='grc' dir='ltr'>ἔμπροσθεν</span> <span class='ocrx_word' id='word_1_54' title='bbox 923 921 1263 992; x_wconf 69' lang='grc' dir='ltr'>ἠπατημένοι</span> <span class='ocrx_word' id='word_1_55' title='bbox 1297 919 1506 993; x_wconf 73' lang='grc' dir='ltr'>χρόνον,</span> <span class='ocrx_word' id='word_1_56' title='bbox 1545 920 1640 976; x_wconf 77' lang='grc' dir='ltr'>καὶ</span> <span class='ocrx_word' id='word_1_57' title='bbox 1692 919 2019 992; x_wconf 79' lang='grc' dir='ltr'>παλινῳδίαν</span> 
     </span>
    </p>
   </div>
   <div class='ocr_carea' id='block_1_9' title="bbox 348 1001 2016 1080">
    <p class='ocr_par' dir='ltr' id='par_1_9' title="bbox 348 1001 2016 1080">
     <span class='ocr_line' id='line_1_9' title="bbox 348 1001 2016 1080; baseline 0.003 -25"><span class='ocrx_word' id='word_1_58' title='bbox 348 1001 594 1072; x_wconf 83' lang='grc' dir='ltr'>ᾄσονται,</span> <span class='ocrx_word' id='word_1_59' title='bbox 617 1006 711 1058; x_wconf 81' lang='grc' dir='ltr'>καὶ</span> <span class='ocrx_word' id='word_1_60' title='bbox 731 1006 1179 1077; x_wconf 78' lang='grc' dir='ltr'>ἀπολογήσονται,</span> <span class='ocrx_word' id='word_1_61' title='bbox 1211 1009 1303 1061; x_wconf 81' lang='grc' dir='ltr'>καὶ</span> <span class='ocrx_word' id='word_1_62' title='bbox 1319 1005 1648 1080; x_wconf 84' lang='grc' dir='ltr'>συγγνώμην</span> <span class='ocrx_word' id='word_1_63' title='bbox 1681 1009 2016 1080; x_wconf 80' lang='grc' dir='ltr'>αἰτήσονται,</span> 
     </span>
    </p>
   </div>
   <div class='ocr_carea' id='block_1_10' title="bbox 351 1086 2016 1169">
    <p class='ocr_par' dir='ltr' id='par_1_10' title="bbox 351 1086 2016 1169">
     <span class='ocr_line' id='line_1_10' title="bbox 351 1086 2016 1169; baseline 0.004 -26"><span class='ocrx_word' id='word_1_64' title='bbox 351 1091 492 1162; x_wconf 85' lang='grc' dir='ltr'>ὑπὲρ</span> <span class='ocrx_word' id='word_1_65' title='bbox 508 1086 582 1145; x_wconf 85' lang='grc' dir='ltr'>ὧν</span> <span class='ocrx_word' id='word_1_66' title='bbox 614 1093 714 1145; x_wconf 85' lang='grc' dir='ltr'>οὐκ</span> <span class='ocrx_word' id='word_1_67' title='bbox 738 1092 905 1165; x_wconf 84' lang='grc' dir='ltr'>ὀρθὴν</span> <span class='ocrx_word' id='word_1_68' title='bbox 933 1094 1062 1164; x_wconf 74' lang='grc' dir='ltr'>περὶ</span> <span class='ocrx_word' id='word_1_69' title='bbox 1090 1094 1198 1149; x_wconf 89' lang='grc' dir='ltr'>τῶν</span> <span class='ocrx_word' id='word_1_70' title='bbox 1232 1095 1573 1167; x_wconf 80' lang='grc' dir='ltr'>πραγμάτων</span> <span class='ocrx_word' id='word_1_71' title='bbox 1603 1095 1762 1168; x_wconf 74' lang='grc' dir='ltr'>ἔσχον</span> <span class='ocrx_word' id='word_1_72' title='bbox 1787 1096 1886 1169; x_wconf 78' lang='grc' dir='ltr'>τὴν</span> <span class='ocrx_word' id='word_1_73' title='bbox 1909 1096 2016 1168; x_wconf 76' lang='grc' dir='ltr'>ψῆ-</span> 
     </span>
    </p>
   </div>
   <div class='ocr_carea' id='block_1_11' title="bbox 350 1173 2020 1253">
    <p class='ocr_par' dir='ltr' id='par_1_11' title="bbox 350 1173 2020 1253">
     <span class='ocr_line' id='line_1_11' title="bbox 350 1173 2020 1253; baseline 0.007 -30"><span class='ocrx_word' id='word_1_74' title='bbox 350 1189 470 1240; x_wconf 80' lang='grc' dir='ltr'>φον,</span> <span class='ocrx_word' id='word_1_75' title='bbox 503 1173 596 1225; x_wconf 79' lang='grc' dir='ltr'>καὶ</span> <span class='ocrx_word' id='word_1_76' title='bbox 620 1173 781 1247; x_wconf 80' lang='grc' dir='ltr'>χάριν</span> <span class='ocrx_word' id='word_1_77' title='bbox 808 1175 938 1245; x_wconf 89' lang='grc' dir='ltr'>ἡμῖν</span> <span class='ocrx_word' id='word_1_78' title='bbox 958 1176 1194 1232; x_wconf 76' lang='grc' dir='ltr'>εἴσονται</span> <span class='ocrx_word' id='word_1_79' title='bbox 1230 1178 1452 1250; x_wconf 80' lang='grc' dir='ltr'>πολλὴν,</span> <span class='ocrx_word' id='word_1_80' title='bbox 1491 1178 1680 1253; x_wconf 85' lang='grc' dir='ltr'>ῶσπερ</span> <span class='ocrx_word' id='word_1_81' title='bbox 1717 1183 1765 1234; x_wconf 85' lang='grc' dir='ltr'>οἰ</span> <span class='ocrx_word' id='word_1_82' title='bbox 1793 1181 2020 1252; x_wconf 77' lang='grc' dir='ltr'>κάμνον-</span> 
     </span>
    </p>
   </div>
   <div class='ocr_carea' id='block_1_12' title="bbox 348 1263 2014 1339">
    <p class='ocr_par' dir='ltr' id='par_1_12' title="bbox 348 1263 2014 1339">
     <span class='ocr_line' id='line_1_12' title="bbox 348 1263 2014 1339; baseline 0.005 -27"><span class='ocrx_word' id='word_1_83' title='bbox 348 1277 439 1324; x_wconf 79' lang='grc' dir='ltr'>τες</span> <span class='ocrx_word' id='word_1_84' title='bbox 464 1263 575 1324; x_wconf 86' lang='grc' dir='ltr'>τοῖς</span> <span class='ocrx_word' id='word_1_85' title='bbox 614 1264 837 1334; x_wconf 77' lang='grc' dir='ltr'>ἰατροῖς,</span> <span class='ocrx_word' id='word_1_86' title='bbox 887 1263 1105 1318; x_wconf 75' lang='grc' dir='ltr'>ἐπειδάν</span> <span class='ocrx_word' id='word_1_87' title='bbox 1139 1263 1250 1318; x_wconf 86' lang='grc' dir='ltr'>τῶν</span> <span class='ocrx_word' id='word_1_88' title='bbox 1281 1267 1607 1339; x_wconf 81' lang='grc' dir='ltr'>νοσημάτων</span> <span class='ocrx_word' id='word_1_89' title='bbox 1639 1265 2014 1337; x_wconf 85' lang='grc' dir='ltr'>ἀπαλλαγῶσι,</span> 
     </span>
    </p>
   </div>
   <div class='ocr_carea' id='block_1_13' title="bbox 346 1345 2017 1426">
    <p class='ocr_par' dir='ltr' id='par_1_13' title="bbox 346 1345 2017 1426">
     <span class='ocr_line' id='line_1_13' title="bbox 346 1345 2017 1426; baseline 0.006 -28"><span class='ocrx_word' id='word_1_90' title='bbox 346 1345 459 1400; x_wconf 80' lang='grc' dir='ltr'>τῶν</span> <span class='ocrx_word' id='word_1_91' title='bbox 490 1347 550 1400; x_wconf 77' lang='grc' dir='ltr'>τὸ</span> <span class='ocrx_word' id='word_1_92' title='bbox 571 1347 728 1418; x_wconf 92' lang='grc' dir='ltr'>σῶμα</span> <span class='ocrx_word' id='word_1_93' title='bbox 763 1349 1193 1425; x_wconf 63' lang='grc' dir='ltr'>πολιορκούντων</span> <span class='ocrx_word' id='word_1_94' title='bbox 1219 1353 1422 1418; x_wconf 88' lang='grc' dir='ltr'>αὐτοῖς.</span> <span class='ocrx_word' id='word_1_95' title='bbox 1445 1353 1536 1425; x_wconf 80' lang='grc' dir='ltr'>Μὴ</span> <span class='ocrx_word' id='word_1_96' title='bbox 1564 1354 1670 1426; x_wconf 89' lang='grc' dir='ltr'>γάρ</span> <span class='ocrx_word' id='word_1_97' title='bbox 1691 1372 1778 1426; x_wconf 89' lang='grc' dir='ltr'>μοι</span> <span class='ocrx_word' id='word_1_98' title='bbox 1794 1356 1892 1426; x_wconf 80' lang='grc' dir='ltr'>τὴν</span> <span class='ocrx_word' id='word_1_99' title='bbox 1922 1354 2017 1408; x_wconf 91' lang='grc' dir='ltr'>νῦν</span> 
     </span>
    </p>
   </div>
   <div class='ocr_carea' id='block_1_14' title="bbox 347 1435 2018 1512">
    <p class='ocr_par' dir='ltr' id='par_1_14' title="bbox 347 1435 2018 1512">
     <span class='ocr_line' id='line_1_14' title="bbox 347 1435 2018 1512; baseline 0.005 -24"><span class='ocrx_word' id='word_1_100' title='bbox 347 1435 686 1506; x_wconf 74' lang='grc' dir='ltr'>κατέχουσαν</span> <span class='ocrx_word' id='word_1_101' title='bbox 715 1437 868 1510; x_wconf 91' lang='grc' dir='ltr'>παρά</span> <span class='ocrx_word' id='word_1_102' title='bbox 902 1437 986 1491; x_wconf 76' lang='grc' dir='ltr'>σοὶ</span> <span class='ocrx_word' id='word_1_103' title='bbox 1017 1439 1198 1510; x_wconf 78' lang='grc' dir='ltr'>κρίσιν</span> <span class='ocrx_word' id='word_1_104' title='bbox 1225 1438 1375 1509; x_wconf 87' lang='grc' dir='ltr'>λέγε,</span> <span class='ocrx_word' id='word_1_105' title='bbox 1411 1439 1549 1494; x_wconf 90' lang='grc' dir='ltr'>ἀλλά</span> <span class='ocrx_word' id='word_1_106' title='bbox 1580 1441 1870 1512; x_wconf 80' lang='grc' dir='ltr'>ἀνάμεινον</span> <span class='ocrx_word' id='word_1_107' title='bbox 1923 1443 2018 1496; x_wconf 77' lang='grc' dir='ltr'>καὶ</span> 
     </span>
    </p>
   </div>
   <div class='ocr_carea' id='block_1_15' title="bbox 345 1520 2015 1602">
    <p class='ocr_par' dir='ltr' id='par_1_15' title="bbox 345 1520 2015 1602">
     <span class='ocr_line' id='line_1_15' title="bbox 345 1520 2015 1602; baseline 0.005 -28"><span class='ocrx_word' id='word_1_108' title='bbox 345 1520 457 1576; x_wconf 87' lang='grc' dir='ltr'>τῶν</span> <span class='ocrx_word' id='word_1_109' title='bbox 484 1523 657 1592; x_wconf 88' lang='grc' dir='ltr'>λόγων</span> <span class='ocrx_word' id='word_1_110' title='bbox 679 1523 790 1578; x_wconf 90' lang='grc' dir='ltr'>τῶν</span> <span class='ocrx_word' id='word_1_111' title='bbox 823 1523 1105 1596; x_wconf 77' lang='grc' dir='ltr'>ἡμετέρων</span> <span class='ocrx_word' id='word_1_112' title='bbox 1125 1526 1250 1591; x_wconf 77' lang='grc' dir='ltr'>τοὺς</span> <span class='ocrx_word' id='word_1_113' title='bbox 1286 1527 1524 1596; x_wconf 89' lang='grc' dir='ltr'>ἀγῶνας,</span> <span class='ocrx_word' id='word_1_114' title='bbox 1554 1528 1646 1582; x_wconf 82' lang='grc' dir='ltr'>καὶ</span> <span class='ocrx_word' id='word_1_115' title='bbox 1667 1529 1784 1582; x_wconf 87' lang='grc' dir='ltr'>τότε</span> <span class='ocrx_word' id='word_1_116' title='bbox 1813 1529 2015 1602; x_wconf 78' lang='grc' dir='ltr'>δυνήσῃ</span> 
     </span>
    </p>
   </div>
   <div class='ocr_carea' id='block_1_16' title="bbox 347 1609 2017 1683">
    <p class='ocr_par' dir='ltr' id='par_1_16' title="bbox 347 1609 2017 1683">
     <span class='ocr_line' id='line_1_16' title="bbox 347 1609 2017 1683; baseline 0.005 -21"><span class='ocrx_word' id='word_1_117' title='bbox 347 1609 448 1680; x_wconf 79' lang='grc' dir='ltr'>τὴν</span> <span class='ocrx_word' id='word_1_118' title='bbox 479 1611 659 1682; x_wconf 73' lang='grc' dir='ltr'>ψῆφον</span> <span class='ocrx_word' id='word_1_119' title='bbox 679 1612 971 1667; x_wconf 79' lang='grc' dir='ltr'>ἀδέκαστον</span> <span class='ocrx_word' id='word_1_120' title='bbox 996 1614 1262 1683; x_wconf 81' lang='grc' dir='ltr'>ἐνεγκεῖν,</span> <span class='ocrx_word' id='word_1_121' title='bbox 1301 1614 1455 1668; x_wconf 73' lang='grc' dir='ltr'>οὐδὲν</span> <span class='ocrx_word' id='word_1_122' title='bbox 1484 1614 1544 1679; x_wconf 80' lang='grc' dir='ltr'>ἐξ</span> <span class='ocrx_word' id='word_1_123' title='bbox 1576 1615 1797 1683; x_wconf 81' lang='grc' dir='ltr'>ἀγνοίας</span> <span class='ocrx_word' id='word_1_124' title='bbox 1851 1619 1930 1680; x_wconf 89' lang='grc' dir='ltr'>εἰς</span> <span class='ocrx_word' id='word_1_125' title='bbox 1954 1618 2017 1671; x_wconf 84' lang='grc' dir='ltr'>τὸ</span> 
     </span>
    </p>
   </div>
   <div class='ocr_carea' id='block_1_17' title="bbox 346 1697 2016 1773">
    <p class='ocr_par' dir='ltr' id='par_1_17' title="bbox 346 1697 2016 1773">
     <span class='ocr_line' id='line_1_17' title="bbox 346 1697 2016 1773; baseline 0.005 -23"><span class='ocrx_word' id='word_1_126' title='bbox 346 1697 556 1769; x_wconf 86' lang='grc' dir='ltr'>τάληθῆ</span> <span class='ocrx_word' id='word_1_127' title='bbox 585 1698 792 1770; x_wconf 84' lang='grc' dir='ltr'>κρίνειν</span> <span class='ocrx_word' id='word_1_128' title='bbox 817 1698 1362 1773; x_wconf 85' lang='grc' dir='ltr'>παραϐλαπτόμενος.</span> <span class='ocrx_word' id='word_1_129' title='bbox 1402 1702 1556 1755; x_wconf 78' lang='grc' dir='ltr'>Ἐπεὶ</span> <span class='ocrx_word' id='word_1_130' title='bbox 1591 1705 1686 1758; x_wconf 78' lang='grc' dir='ltr'>καὶ</span> <span class='ocrx_word' id='word_1_131' title='bbox 1718 1706 1768 1758; x_wconf 82' lang='grc' dir='ltr'>οἱ</span> <span class='ocrx_word' id='word_1_132' title='bbox 1797 1704 2016 1759; x_wconf 77' lang='grc' dir='ltr'>ἐπὶτῶν</span> 
     </span>
    </p>
   </div>
   <div class='ocr_carea' id='block_1_18' title="bbox 349 1783 2016 1862">
    <p class='ocr_par' dir='ltr' id='par_1_18' title="bbox 349 1783 2016 1862">
     <span class='ocr_line' id='line_1_18' title="bbox 349 1783 2016 1862; baseline 0.006 -25"><span class='ocrx_word' id='word_1_133' title='bbox 349 1783 620 1852; x_wconf 83' lang='grc' dir='ltr'>βιωτικῶν</span> <span class='ocrx_word' id='word_1_134' title='bbox 658 1785 863 1840; x_wconf 90' lang='grc' dir='ltr'>τούτων</span> <span class='ocrx_word' id='word_1_135' title='bbox 905 1787 1250 1860; x_wconf 77' lang='grc' dir='ltr'>πραγμάτων</span> <span class='ocrx_word' id='word_1_136' title='bbox 1286 1789 1586 1862; x_wconf 87' lang='grc' dir='ltr'>καθήμενοι</span> <span class='ocrx_word' id='word_1_137' title='bbox 1611 1791 1882 1854; x_wconf 73' lang='grc' dir='ltr'>δικασταὶ,</span> <span class='ocrx_word' id='word_1_138' title='bbox 1916 1794 2016 1848; x_wconf 88' lang='grc' dir='ltr'>οὐκ</span> 
     </span>
    </p>
   </div>
   <div class='ocr_carea' id='block_1_19' title="bbox 347 1873 2016 1953">
    <p class='ocr_par' dir='ltr' id='par_1_19' title="bbox 347 1873 2016 1953">
     <span class='ocr_line' id='line_1_19' title="bbox 347 1873 2016 1953; baseline 0.006 -27"><span class='ocrx_word' id='word_1_139' title='bbox 347 1873 652 1945; x_wconf 81' lang='grc' dir='ltr'>ἀνέχονται,</span> <span class='ocrx_word' id='word_1_140' title='bbox 688 1874 790 1929; x_wconf 76' lang='grc' dir='ltr'>κᾶν</span> <span class='ocrx_word' id='word_1_141' title='bbox 819 1873 1068 1947; x_wconf 76' lang='grc' dir='ltr'>σφοδρῶς</span> <span class='ocrx_word' id='word_1_142' title='bbox 1099 1875 1294 1945; x_wconf 76' lang='grc' dir='ltr'>ῥέοντα</span> <span class='ocrx_word' id='word_1_143' title='bbox 1328 1877 1479 1932; x_wconf 89' lang='grc' dir='ltr'>ῐδωσι</span> <span class='ocrx_word' id='word_1_144' title='bbox 1506 1879 1597 1932; x_wconf 85' lang='grc' dir='ltr'>τὸν</span> <span class='ocrx_word' id='word_1_145' title='bbox 1625 1879 1888 1952; x_wconf 86' lang='grc' dir='ltr'>πρότερον</span> <span class='ocrx_word' id='word_1_146' title='bbox 1916 1881 2016 1953; x_wconf 77' lang='grc' dir='ltr'>ρή-</span> 
     </span>
    </p>
   </div>
   <div class='ocr_carea' id='block_1_20' title="bbox 345 1962 2017 2039">
    <p class='ocr_par' dir='ltr' id='par_1_20' title="bbox 345 1962 2017 2039">
     <span class='ocr_line' id='line_1_20' title="bbox 345 1962 2017 2039; baseline 0.006 -28"><span class='ocrx_word' id='word_1_147' title='bbox 345 1974 504 2030; x_wconf 83' lang='grc' dir='ltr'>τορα,</span> <span class='ocrx_word' id='word_1_148' title='bbox 556 1962 650 2014; x_wconf 81' lang='grc' dir='ltr'>καὶ</span> <span class='ocrx_word' id='word_1_149' title='bbox 682 1962 860 2017; x_wconf 90' lang='grc' dir='ltr'>πάντα</span> <span class='ocrx_word' id='word_1_150' title='bbox 910 1962 1271 2029; x_wconf 79' lang='grc' dir='ltr'>ἐπικλύζοντα</span> <span class='ocrx_word' id='word_1_151' title='bbox 1298 1967 1364 2037; x_wconf 76' lang='grc' dir='ltr'>τῇ</span> <span class='ocrx_word' id='word_1_152' title='bbox 1420 1962 1657 2038; x_wconf 79' lang='grc' dir='ltr'>γλώττῃ,</span> <span class='ocrx_word' id='word_1_153' title='bbox 1697 1965 1773 2039; x_wconf 78' lang='grc' dir='ltr'>μὴ</span> <span class='ocrx_word' id='word_1_154' title='bbox 1802 1967 1898 2021; x_wconf 77' lang='grc' dir='ltr'>καὶ</span> <span class='ocrx_word' id='word_1_155' title='bbox 1947 1966 2017 2022; x_wconf 90' lang='grc' dir='ltr'>τά</span> 
     </span>
    </p>
   </div>
   <div class='ocr_carea' id='block_1_21' title="bbox 347 2043 2015 2124">
    <p class='ocr_par' dir='ltr' id='par_1_21' title="bbox 347 2043 2015 2124">
     <span class='ocr_line' id='line_1_21' title="bbox 347 2043 2015 2124; baseline 0.005 -27"><span class='ocrx_word' id='word_1_156' title='bbox 347 2043 575 2115; x_wconf 79' lang='grc' dir='ltr'>θατέρου</span> <span class='ocrx_word' id='word_1_157' title='bbox 618 2046 756 2118; x_wconf 83' lang='grc' dir='ltr'>μετὰ</span> <span class='ocrx_word' id='word_1_158' title='bbox 781 2047 1166 2120; x_wconf 85' lang='grc' dir='ltr'>μακροθυμίας</span> <span class='ocrx_word' id='word_1_159' title='bbox 1195 2049 1528 2115; x_wconf 82' lang='grc' dir='ltr'>ἀκούσαντες</span> <span class='ocrx_word' id='word_1_160' title='bbox 1556 2051 1653 2106; x_wconf 89' lang='grc' dir='ltr'>τοῦ</span> <span class='ocrx_word' id='word_1_161' title='bbox 1687 2053 1822 2124; x_wconf 86' lang='grc' dir='ltr'>πρὸς</span> <span class='ocrx_word' id='word_1_162' title='bbox 1854 2052 2015 2107; x_wconf 80' lang='grc' dir='ltr'>αὐτὸν</span> 
     </span>
    </p>
   </div>
   <div class='ocr_carea' id='block_1_22' title="bbox 349 2132 2017 2214">
    <p class='ocr_par' dir='ltr' id='par_1_22' title="bbox 349 2132 2017 2214">
     <span class='ocr_line' id='line_1_22' title="bbox 349 2132 2017 2214; baseline 0.006 -28"><span class='ocrx_word' id='word_1_163' title='bbox 349 2132 658 2204; x_wconf 73' lang='grc' dir='ltr'>ἱσταμένου,</span> <span class='ocrx_word' id='word_1_164' title='bbox 697 2134 793 2207; x_wconf 77' lang='grc' dir='ltr'>τήν</span> <span class='ocrx_word' id='word_1_165' title='bbox 847 2136 1025 2206; x_wconf 73' lang='grc' dir='ltr'>ψῆφον</span> <span class='ocrx_word' id='word_1_166' title='bbox 1081 2138 1345 2207; x_wconf 60' lang='grc' dir='ltr'>ἐνεγκεῖν</span> <span class='ocrx_word' id='word_1_167' title='bbox 1377 2138 1514 2194; x_wconf 88' lang='grc' dir='ltr'>ἀλλά</span> <span class='ocrx_word' id='word_1_168' title='bbox 1551 2140 1654 2194; x_wconf 78' lang='grc' dir='ltr'>κᾶν</span> <span class='ocrx_word' id='word_1_169' title='bbox 1684 2141 1944 2214; x_wconf 83' lang='grc' dir='ltr'>μυριάκις</span> <span class='ocrx_word' id='word_1_170' title='bbox 1985 2140 2017 2196; x_wconf 81' lang='grc' dir='ltr'><strong>ὁ</strong></span> 
     </span>
    </p>
   </div>
   <div class='ocr_carea' id='block_1_23' title="bbox 346 2218 2017 2304">
    <p class='ocr_par' dir='ltr' id='par_1_23' title="bbox 346 2218 2017 2304">
     <span class='ocr_line' id='line_1_23' title="bbox 346 2218 2017 2304; baseline 0.006 -26"><span class='ocrx_word' id='word_1_171' title='bbox 346 2224 498 2298; x_wconf 74' lang='lat' dir='ltr'>[M5]</span> <span class='ocrx_word' id='word_1_172' title='bbox 530 2226 791 2297; x_wconf 87' lang='grc' dir='ltr'>πρότερος</span> <span class='ocrx_word' id='word_1_173' title='bbox 811 2226 942 2299; x_wconf 78' lang='grc' dir='ltr'>δοκῇ</span> <span class='ocrx_word' id='word_1_174' title='bbox 979 2226 1163 2282; x_wconf 86' lang='grc' dir='ltr'>δίκαια</span> <span class='ocrx_word' id='word_1_175' title='bbox 1187 2218 1395 2299; x_wconf 80' lang='grc' dir='ltr'>λέγειν,</span> <span class='ocrx_word' id='word_1_176' title='bbox 1414 2230 1691 2302; x_wconf 87' lang='grc' dir='ltr'>ἀνέπαφον</span> <span class='ocrx_word' id='word_1_177' title='bbox 1721 2231 1821 2302; x_wconf 74' lang='grc' dir='ltr'>τὴν</span> <span class='ocrx_word' id='word_1_178' title='bbox 1845 2232 2017 2304; x_wconf 81' lang='grc' dir='ltr'>ἀκοὴν</span> 
     </span>
    </p>
   </div>
   <div class='ocr_carea' id='block_1_24' title="bbox 347 2313 2018 2392">
    <p class='ocr_par' dir='ltr' id='par_1_24' title="bbox 347 2313 2018 2392">
     <span class='ocr_line' id='line_1_24' title="bbox 347 2313 2018 2392; baseline 0.004 -25"><span class='ocrx_word' id='word_1_179' title='bbox 347 2314 443 2369; x_wconf 76' lang='grc' dir='ltr'>καὶ</span> <span class='ocrx_word' id='word_1_180' title='bbox 473 2313 551 2384; x_wconf 82' lang='grc' dir='ltr'>τῷ</span> <span class='ocrx_word' id='word_1_181' title='bbox 581 2313 818 2386; x_wconf 76' lang='grc' dir='ltr'>δευτέρῳ</span> <span class='ocrx_word' id='word_1_182' title='bbox 865 2314 1142 2386; x_wconf 79' lang='grc' dir='ltr'>τηροῦσιν.</span> <span class='ocrx_word' id='word_1_183' title='bbox 1186 2317 1512 2392; x_wconf 85' lang='grc' dir='ltr'>Ἑπειδήπερ</span> <span class='ocrx_word' id='word_1_184' title='bbox 1568 2319 1662 2372; x_wconf 72' lang='grc' dir='ltr'>καί⁵</span> <span class='ocrx_word' id='word_1_185' title='bbox 1687 2317 1826 2391; x_wconf 81' lang='grc' dir='ltr'>αὐτη</span> <span class='ocrx_word' id='word_1_186' title='bbox 1860 2318 2018 2374; x_wconf 91' lang='grc' dir='ltr'>δικα-</span> 
     </span>
    </p>
   </div>
   <div class='ocr_carea' id='block_1_25' title="bbox 347 2400 2016 2480">
    <p class='ocr_par' dir='ltr' id='par_1_25' title="bbox 347 2400 2016 2480">
     <span class='ocr_line' id='line_1_25' title="bbox 347 2400 2016 2480; baseline 0.004 -24"><span class='ocrx_word' id='word_1_187' title='bbox 347 2400 490 2457; x_wconf 83' lang='grc' dir='ltr'>στῶν</span> <span class='ocrx_word' id='word_1_188' title='bbox 524 2404 669 2456; x_wconf 84' lang='grc' dir='ltr'>ἐστιν</span> <span class='ocrx_word' id='word_1_189' title='bbox 715 2402 910 2475; x_wconf 83' lang='grc' dir='ltr'>ἀρετὴ,</span> <span class='ocrx_word' id='word_1_190' title='bbox 955 2402 1026 2457; x_wconf 88' lang='grc' dir='ltr'>τά</span> <span class='ocrx_word' id='word_1_191' title='bbox 1077 2406 1206 2477; x_wconf 79' lang='grc' dir='ltr'>παρ’</span> <span class='ocrx_word' id='word_1_192' title='bbox 1238 2406 1512 2480; x_wconf 81' lang='grc' dir='ltr'>ἑκατέρων</span> <span class='ocrx_word' id='word_1_193' title='bbox 1563 2405 1834 2479; x_wconf 80' lang='grc' dir='ltr'>μαθόντας</span> <span class='ocrx_word' id='word_1_194' title='bbox 1877 2407 2016 2479; x_wconf 87' lang='grc' dir='ltr'>μετά</span> 
     </span>
    </p>
   </div>
   <div class='ocr_carea' id='block_1_26' title="bbox 347 2487 2017 2565">
    <p class='ocr_par' dir='ltr' id='par_1_26' title="bbox 347 2487 2017 2565">
     <span class='ocr_line' id='line_1_26' title="bbox 347 2487 2017 2565; baseline 0.003 -22"><span class='ocrx_word' id='word_1_195' title='bbox 347 2487 632 2560; x_wconf 84' lang='grc' dir='ltr'>ἀκριϐείας</span> <span class='ocrx_word' id='word_1_196' title='bbox 657 2489 897 2560; x_wconf 83' lang='grc' dir='ltr'>ἀπάσης,</span> <span class='ocrx_word' id='word_1_197' title='bbox 924 2491 1045 2544; x_wconf 88' lang='grc' dir='ltr'>τότε</span> <span class='ocrx_word' id='word_1_198' title='bbox 1073 2491 1142 2546; x_wconf 74' lang='grc' dir='ltr'>τά</span> <span class='ocrx_word' id='word_1_199' title='bbox 1173 2494 1302 2565; x_wconf 85' lang='grc' dir='ltr'>παρ’</span> <span class='ocrx_word' id='word_1_200' title='bbox 1329 2493 1540 2548; x_wconf 79' lang='grc' dir='ltr'>ἑαυτῶν</span> <span class='ocrx_word' id='word_1_201' title='bbox 1569 2493 1814 2564; x_wconf 85' lang='grc' dir='ltr'>ἐπάγειν.</span> <span class='ocrx_word' id='word_1_202' title='bbox 1864 2494 2017 2549; x_wconf 67' lang='grc' dir='ltr'>Ἰἓῖπεί¹</span> 
     </span>
    </p>
   </div>
   <div class='ocr_carea' id='block_1_27' title="bbox 346 2572 2020 2654">
    <p class='ocr_par' dir='ltr' id='par_1_27' title="bbox 346 2572 2020 2654">
     <span class='ocr_line' id='line_1_27' title="bbox 346 2572 2020 2654; baseline 0.005 -26"><span class='ocrx_word' id='word_1_203' title='bbox 346 2572 440 2630; x_wconf 85' lang='grc' dir='ltr'>οῦν</span> <span class='ocrx_word' id='word_1_204' title='bbox 466 2577 558 2630; x_wconf 77' lang='grc' dir='ltr'>καὶ</span> <span class='ocrx_word' id='word_1_205' title='bbox 590 2575 684 2630; x_wconf 79' lang='grc' dir='ltr'>νῦν</span> <span class='ocrx_word' id='word_1_206' title='bbox 717 2577 837 2635; x_wconf 79' lang='grc' dir='ltr'>ἀντί</span> <span class='ocrx_word' id='word_1_207' title='bbox 863 2578 1093 2650; x_wconf 77' lang='grc' dir='ltr'>ρἡορός</span> <span class='ocrx_word' id='word_1_208' title='bbox 1109 2596 1250 2646; x_wconf 86' lang='grc' dir='ltr'>τινος</span> <span class='ocrx_word' id='word_1_209' title='bbox 1276 2583 1312 2651; x_wconf 83' lang='grc' dir='ltr'>ἡ</span> <span class='ocrx_word' id='word_1_210' title='bbox 1343 2581 1496 2654; x_wconf 84' lang='grc' dir='ltr'>κοινὴ</span> <span class='ocrx_word' id='word_1_211' title='bbox 1515 2581 1625 2636; x_wconf 89' lang='grc' dir='ltr'>τῶν</span> <span class='ocrx_word' id='word_1_212' title='bbox 1654 2581 1863 2636; x_wconf 79' lang='grc' dir='ltr'>πολλῶν</span> <span class='ocrx_word' id='word_1_213' title='bbox 1882 2582 2020 2653; x_wconf 84' lang='grc' dir='ltr'>πρό-</span> 
     </span>
    </p>
   </div>
   <div class='ocr_carea' id='block_1_28' title="bbox 345 2661 2018 2741">
    <p class='ocr_par' dir='ltr' id='par_1_28' title="bbox 345 2661 2018 2741">
     <span class='ocr_line' id='line_1_28' title="bbox 345 2661 2018 2741; baseline 0.005 -26"><span class='ocrx_word' id='word_1_214' title='bbox 345 2662 528 2732; x_wconf 68' lang='grc' dir='ltr'>ληψις,</span> <span class='ocrx_word' id='word_1_215' title='bbox 583 2664 674 2716; x_wconf 77' lang='grc' dir='ltr'>καὶ</span> <span class='ocrx_word' id='word_1_216' title='bbox 707 2665 764 2716; x_wconf 87' lang='grc' dir='ltr'>ἐν</span> <span class='ocrx_word' id='word_1_217' title='bbox 802 2661 880 2735; x_wconf 84' lang='grc' dir='ltr'>τῷ</span> <span class='ocrx_word' id='word_1_218' title='bbox 934 2665 1132 2737; x_wconf 82' lang='grc' dir='ltr'>μακρῷ</span> <span class='ocrx_word' id='word_1_219' title='bbox 1173 2667 1347 2738; x_wconf 86' lang='grc' dir='ltr'>χρόνῳ</span> <span class='ocrx_word' id='word_1_220' title='bbox 1396 2667 1685 2740; x_wconf 73' lang='grc' dir='ltr'>ῥιζωθεῖσα</span> <span class='ocrx_word' id='word_1_221' title='bbox 1719 2670 1870 2741; x_wconf 85' lang='grc' dir='ltr'>παρά</span> <span class='ocrx_word' id='word_1_222' title='bbox 1897 2672 2018 2735; x_wconf 90' lang='grc' dir='ltr'>ταῖς</span> 
     </span>
    </p>
   </div>
   <div class='ocr_carea' id='block_1_29' title="bbox 347 2747 2016 2826">
    <p class='ocr_par' dir='ltr' id='par_1_29' title="bbox 347 2747 2016 2826">
     <span class='ocr_line' id='line_1_29' title="bbox 347 2747 2016 2826; baseline 0.005 -25"><span class='ocrx_word' id='word_1_223' title='bbox 347 2747 454 2802; x_wconf 84' lang='grc' dir='ltr'>τῶν</span> <span class='ocrx_word' id='word_1_224' title='bbox 493 2749 702 2804; x_wconf 83' lang='grc' dir='ltr'>πολλῶν</span> <span class='ocrx_word' id='word_1_225' title='bbox 723 2751 1002 2818; x_wconf 82' lang='grc' dir='ltr'>διανοίαις,</span> <span class='ocrx_word' id='word_1_226' title='bbox 1040 2753 1212 2808; x_wconf 83' lang='grc' dir='ltr'>ταῦτα</span> <span class='ocrx_word' id='word_1_227' title='bbox 1247 2753 1386 2810; x_wconf 85' lang='grc' dir='ltr'>κατά</span> <span class='ocrx_word' id='word_1_228' title='bbox 1412 2755 1509 2826; x_wconf 81' lang='grc' dir='ltr'>τὴν</span> <span class='ocrx_word' id='word_1_229' title='bbox 1530 2756 1854 2826; x_wconf 77' lang='grc' dir='ltr'>οἰκουμένην</span> <span class='ocrx_word' id='word_1_230' title='bbox 1871 2757 2016 2811; x_wconf 83' lang='grc' dir='ltr'>ἀπα-</span> 
     </span>
    </p>
   </div>
   <div class='ocr_carea' id='block_1_30' title="bbox 347 2838 2017 2914">
    <p class='ocr_par' dir='ltr' id='par_1_30' title="bbox 347 2838 2017 2914">
     <span class='ocr_line' id='line_1_30' title="bbox 347 2838 2017 2914; baseline 0.005 -26"><span class='ocrx_word' id='word_1_231' title='bbox 347 2853 448 2892; x_wconf 86' lang='grc' dir='ltr'>σαν</span> <span class='ocrx_word' id='word_1_232' title='bbox 500 2838 782 2910; x_wconf 80' lang='grc' dir='ltr'>ρητορεύει</span> <span class='ocrx_word' id='word_1_233' title='bbox 819 2839 1070 2909; x_wconf 78' lang='grc' dir='ltr'>λέγουσα,</span> <span class='ocrx_word' id='word_1_234' title='bbox 1106 2842 1313 2906; x_wconf 88' lang='grc' dir='ltr'>Πάντα,</span> <span class='ocrx_word' id='word_1_235' title='bbox 1359 2843 1546 2914; x_wconf 70' lang='grc' dir='ltr'>φησιν,</span> <span class='ocrx_word' id='word_1_236' title='bbox 1580 2842 1692 2897; x_wconf 78' lang='grc' dir='ltr'>ἀνω</span> <span class='ocrx_word' id='word_1_237' title='bbox 1717 2843 1814 2897; x_wconf 84' lang='grc' dir='ltr'>καὶ</span> <span class='ocrx_word' id='word_1_238' title='bbox 1865 2843 2017 2898; x_wconf 89' lang='grc' dir='ltr'>κάτω</span> 
     </span>
    </p>
   </div>
   <div class='ocr_carea' id='block_1_31' title="bbox 347 2924 2014 3005">
    <p class='ocr_par' dir='ltr' id='par_1_31' title="bbox 347 2924 2014 3005">
     <span class='ocr_line' id='line_1_31' title="bbox 347 2924 2014 3005; baseline 0.004 -26"><span class='ocrx_word' id='word_1_239' title='bbox 347 2924 558 2994; x_wconf 80' lang='grc' dir='ltr'>γέγονε,</span> <span class='ocrx_word' id='word_1_240' title='bbox 598 2926 798 2997; x_wconf 87' lang='grc' dir='ltr'>πολλῆς</span> <span class='ocrx_word' id='word_1_241' title='bbox 831 2929 1147 2998; x_wconf 88' lang='grc' dir='ltr'>συγχύσεως</span> <span class='ocrx_word' id='word_1_242' title='bbox 1169 2929 1230 2982; x_wconf 83' lang='grc' dir='ltr'>τὸ</span> <span class='ocrx_word' id='word_1_243' title='bbox 1260 2929 1369 2985; x_wconf 90' lang='grc' dir='ltr'>τῶν</span> <span class='ocrx_word' id='word_1_244' title='bbox 1394 2928 1698 3003; x_wconf 89' lang='grc' dir='ltr'>ἀνθρώπων</span> <span class='ocrx_word' id='word_1_245' title='bbox 1727 2931 2014 3005; x_wconf 86' lang='grc' dir='ltr'>ἐμπέπλη-</span> 
     </span>
    </p>
   </div>
   <div class='ocr_carea' id='block_1_32' title="bbox 349 3016 2016 3092">
    <p class='ocr_par' dir='ltr' id='par_1_32' title="bbox 349 3016 2016 3092">
     <span class='ocr_line' id='line_1_32' title="bbox 349 3016 2016 3092; baseline 0.004 -24"><span class='ocrx_word' id='word_1_246' title='bbox 349 3028 471 3070; x_wconf 85' lang='grc' dir='ltr'>σται</span> <span class='ocrx_word' id='word_1_247' title='bbox 493 3016 668 3084; x_wconf 89' lang='grc' dir='ltr'>γένος,</span> <span class='ocrx_word' id='word_1_248' title='bbox 693 3018 786 3069; x_wconf 78' lang='grc' dir='ltr'>καὶ</span> <span class='ocrx_word' id='word_1_249' title='bbox 815 3017 1000 3070; x_wconf 45' lang='grc' dir='ltr'>’πολλοὶ</span> <span class='ocrx_word' id='word_1_250' title='bbox 1031 3017 1152 3072; x_wconf 81' lang='grc' dir='ltr'>καθ’</span> <span class='ocrx_word' id='word_1_251' title='bbox 1185 3019 1424 3091; x_wconf 77' lang='grc' dir='ltr'>ἑκάστην</span> <span class='ocrx_word' id='word_1_252' title='bbox 1455 3019 1668 3092; x_wconf 81' lang='grc' dir='ltr'>ἡμέραν</span> <span class='ocrx_word' id='word_1_253' title='bbox 1701 3021 1751 3076; x_wconf 73' lang='lat' dir='ltr'><strong>oi</strong></span> <span class='ocrx_word' id='word_1_254' title='bbox 1793 3021 2016 3075; x_wconf 83' lang='grc' dir='ltr'>ἀδικού-</span> 
     </span>
    </p>
   </div>
   <div class='ocr_carea' id='block_1_33' title="bbox 351 3103 2015 3179">
    <p class='ocr_par' dir='ltr' id='par_1_33' title="bbox 351 3103 2015 3179">
     <span class='ocr_line' id='line_1_33' title="bbox 351 3103 2015 3179; baseline 0.006 -27"><span class='ocrx_word' id='word_1_255' title='bbox 351 3113 526 3168; x_wconf 78' lang='grc' dir='ltr'>μενοι,</span> <span class='ocrx_word' id='word_1_256' title='bbox 547 3104 594 3155; x_wconf 88' lang='grc' dir='ltr'>οἰ</span> <span class='ocrx_word' id='word_1_257' title='bbox 620 3103 1072 3176; x_wconf 74' lang='grc' dir='ltr'>ἐπηρεαζόμενοι,</span> <span class='ocrx_word' id='word_1_258' title='bbox 1103 3106 1151 3158; x_wconf 84' lang='grc' dir='ltr'>οί</span> <span class='ocrx_word' id='word_1_259' title='bbox 1186 3104 1515 3176; x_wconf 78' lang='grc' dir='ltr'>βιαζόμενοι,</span> <span class='ocrx_word' id='word_1_260' title='bbox 1540 3108 1589 3160; x_wconf 87' lang='grc' dir='ltr'>οἰ</span> <span class='ocrx_word' id='word_1_261' title='bbox 1631 3106 2015 3179; x_wconf 81' lang='grc' dir='ltr'>βλαπτόμενοι,</span> 
     </span>
    </p>
   </div>
   <div class='ocr_carea' id='block_1_34' title="bbox 347 3187 2016 3267">
    <p class='ocr_par' dir='ltr' id='par_1_34' title="bbox 347 3187 2016 3267">
     <span class='ocr_line' id='line_1_34' title="bbox 347 3187 2016 3267; baseline 0.006 -28"><span class='ocrx_word' id='word_1_262' title='bbox 347 3191 398 3240; x_wconf 86' lang='grc' dir='ltr'>οί</span> <span class='ocrx_word' id='word_1_263' title='bbox 432 3187 677 3254; x_wconf 80' lang='grc' dir='ltr'>ἀσθενεῖς</span> <span class='ocrx_word' id='word_1_264' title='bbox 733 3191 884 3263; x_wconf 89' lang='grc' dir='ltr'>παρά</span> <span class='ocrx_word' id='word_1_265' title='bbox 931 3191 1041 3246; x_wconf 90' lang='grc' dir='ltr'>τῶν</span> <span class='ocrx_word' id='word_1_266' title='bbox 1086 3192 1486 3266; x_wconf 81' lang='grc' dir='ltr'>δυνατωτέρων,</span> <span class='ocrx_word' id='word_1_267' title='bbox 1523 3196 1573 3247; x_wconf 88' lang='grc' dir='ltr'>οἰ</span> <span class='ocrx_word' id='word_1_268' title='bbox 1603 3193 1834 3266; x_wconf 87' lang='grc' dir='ltr'>πένητες</span> <span class='ocrx_word' id='word_1_269' title='bbox 1863 3195 2016 3267; x_wconf 83' lang='grc' dir='ltr'>παρὰ</span> 
     </span>
    </p>
   </div>
   <div class='ocr_carea' id='block_1_35' title="bbox 345 3275 2017 3354">
    <p class='ocr_par' dir='ltr' id='par_1_35' title="bbox 345 3275 2017 3354">
     <span class='ocr_line' id='line_1_35' title="bbox 345 3275 2017 3354; baseline 0.005 -26"><span class='ocrx_word' id='word_1_270' title='bbox 345 3277 458 3329; x_wconf 88' lang='grc' dir='ltr'>τῶν</span> <span class='ocrx_word' id='word_1_271' title='bbox 488 3275 780 3332; x_wconf 66' lang='grc' dir='ltr'>πλουσίωνδ</span> <span class='ocrx_word' id='word_1_272' title='bbox 819 3279 913 3334; x_wconf 79' lang='grc' dir='ltr'>καὶ</span> <span class='ocrx_word' id='word_1_273' title='bbox 941 3278 1130 3350; x_wconf 81' lang='grc' dir='ltr'>ὥσπερ</span> <span class='ocrx_word' id='word_1_274' title='bbox 1157 3278 1228 3333; x_wconf 90' lang='grc' dir='ltr'>τά</span> <span class='ocrx_word' id='word_1_275' title='bbox 1247 3280 1469 3351; x_wconf 85' lang='grc' dir='ltr'>κύματα</span> <span class='ocrx_word' id='word_1_276' title='bbox 1496 3281 1598 3352; x_wconf 89' lang='grc' dir='ltr'>τῆς</span> <span class='ocrx_word' id='word_1_277' title='bbox 1619 3280 1893 3354; x_wconf 83' lang='grc' dir='ltr'>θαλάσσης</span> <span class='ocrx_word' id='word_1_278' title='bbox 1917 3284 2017 3337; x_wconf 91' lang='grc' dir='ltr'>οὐκ</span> 
     </span>
    </p>
   </div>
   <div class='ocr_carea' id='block_1_36' title="bbox 351 3366 2019 3442">
    <p class='ocr_par' dir='ltr' id='par_1_36' title="bbox 351 3366 2019 3442">
     <span class='ocr_line' id='line_1_36' title="bbox 351 3366 2019 3442; baseline 0.005 -25"><span class='ocrx_word' id='word_1_279' title='bbox 351 3370 496 3423; x_wconf 76' lang='grc' dir='ltr'>ἐστιν</span> <span class='ocrx_word' id='word_1_280' title='bbox 530 3366 800 3438; x_wconf 82' lang='grc' dir='ltr'>ἀριθμεῖν,</span> <span class='ocrx_word' id='word_1_281' title='bbox 832 3367 1004 3432; x_wconf 81' lang='grc' dir='ltr'>οὕτως</span> <span class='ocrx_word' id='word_1_282' title='bbox 1018 3368 1216 3422; x_wconf 72' lang='grc' dir='ltr'>οὐδὲτὸ</span> <span class='ocrx_word' id='word_1_283' title='bbox 1246 3368 1450 3441; x_wconf 89' lang='grc' dir='ltr'>πλῆθος</span> <span class='ocrx_word' id='word_1_284' title='bbox 1475 3368 1582 3423; x_wconf 88' lang='grc' dir='ltr'>τῶν</span> <span class='ocrx_word' id='word_1_285' title='bbox 1600 3370 2019 3442; x_wconf 70' lang='grc' dir='ltr'>ἐπιϐουλευομέ-</span> 
     </span>
    </p>
   </div>
   <div class='ocr_carea' id='block_1_37' title="bbox 349 3451 2017 3528">
    <p class='ocr_par' dir='ltr' id='par_1_37' title="bbox 349 3451 2017 3528">
     <span class='ocr_line' id='line_1_37' title="bbox 349 3451 2017 3528; baseline 0.006 -26"><span class='ocrx_word' id='word_1_286' title='bbox 349 3467 476 3513; x_wconf 88' lang='grc' dir='ltr'>νων,</span> <span class='ocrx_word' id='word_1_287' title='bbox 510 3451 620 3505; x_wconf 87' lang='grc' dir='ltr'>τῶν</span> <span class='ocrx_word' id='word_1_288' title='bbox 659 3453 1135 3526; x_wconf 76' lang='grc' dir='ltr'>ἐπηρεαζομένων,</span> <span class='ocrx_word' id='word_1_289' title='bbox 1170 3455 1277 3510; x_wconf 90' lang='grc' dir='ltr'>τῶν</span> <span class='ocrx_word' id='word_1_290' title='bbox 1324 3456 1512 3520; x_wconf 84' lang='grc' dir='ltr'>κακῶς</span> <span class='ocrx_word' id='word_1_291' title='bbox 1541 3458 1875 3528; x_wconf 76' lang='grc' dir='ltr'>πασχόντωνο</span> <span class='ocrx_word' id='word_1_292' title='bbox 1923 3460 2017 3512; x_wconf 78' lang='grc' dir='ltr'>καὶ</span> 
     </span>
    </p>
   </div>
   <div class='ocr_carea' id='block_1_38' title="bbox 347 3534 2017 3616">
    <p class='ocr_par' dir='ltr' id='par_1_38' title="bbox 347 3534 2017 3616">
     <span class='ocr_line' id='line_1_38' title="bbox 347 3534 2017 3616; baseline 0.006 -26"><span class='ocrx_word' id='word_1_293' title='bbox 347 3536 474 3591; x_wconf 84' lang='grc' dir='ltr'>οῦτε</span> <span class='ocrx_word' id='word_1_294' title='bbox 503 3539 682 3610; x_wconf 76' lang='grc' dir='ltr'>νόμων</span> <span class='ocrx_word' id='word_1_295' title='bbox 741 3541 1044 3612; x_wconf 85' lang='grc' dir='ltr'>διόρθωσις,</span> <span class='ocrx_word' id='word_1_296' title='bbox 1081 3542 1202 3596; x_wconf 77' lang='grc' dir='ltr'>οὔτε</span> <span class='ocrx_word' id='word_1_297' title='bbox 1244 3534 1609 3616; x_wconf 87' lang='grc' dir='ltr'>δικαστηρίων</span> <span class='ocrx_word' id='word_1_298' title='bbox 1659 3545 1843 3613; x_wconf 89' lang='grc' dir='ltr'>φόϐος,</span> <span class='ocrx_word' id='word_1_299' title='bbox 1893 3545 2017 3600; x_wconf 77' lang='grc' dir='ltr'>οὐτε</span> 
     </span>
    </p>
   </div>
   <div class='ocr_carea' id='block_1_39' title="bbox 349 3625 2019 3704">
    <p class='ocr_par' dir='ltr' id='par_1_39' title="bbox 349 3625 2019 3704">
     <span class='ocr_line' id='line_1_39' title="bbox 349 3625 2019 3704; baseline 0.003 -22"><span class='ocrx_word' id='word_1_300' title='bbox 349 3625 477 3682; x_wconf 76' lang='grc' dir='ltr'>ἄλλο</span> <span class='ocrx_word' id='word_1_301' title='bbox 499 3628 650 3684; x_wconf 75' lang='grc' dir='ltr'>οὐδὲν</span> <span class='ocrx_word' id='word_1_302' title='bbox 677 3628 767 3683; x_wconf 78' lang='grc' dir='ltr'>τὸν</span> <span class='ocrx_word' id='word_1_303' title='bbox 793 3629 977 3701; x_wconf 77' lang='grc' dir='ltr'>λοιμὸν</span> <span class='ocrx_word' id='word_1_304' title='bbox 1004 3629 1193 3685; x_wconf 90' lang='grc' dir='ltr'>τοῦτον</span> <span class='ocrx_word' id='word_1_305' title='bbox 1224 3631 1417 3704; x_wconf 74' lang='grc' dir='ltr'>ἔστησε</span> <span class='ocrx_word' id='word_1_306' title='bbox 1441 3631 1534 3685; x_wconf 83' lang='grc' dir='ltr'>καὶ</span> <span class='ocrx_word' id='word_1_307' title='bbox 1552 3632 1664 3704; x_wconf 81' lang='grc' dir='ltr'>,τὴν</span> <span class='ocrx_word' id='word_1_308' title='bbox 1693 3634 1868 3699; x_wconf 87' lang='grc' dir='ltr'>νόσον,</span> <span class='ocrx_word' id='word_1_309' title='bbox 1883 3633 2019 3687; x_wconf 88' lang='grc' dir='ltr'>ἀλλά</span> 
     </span>
    </p>
   </div>
   <div class='ocr_carea' id='block_1_40' title="bbox 349 3714 2019 3794">
    <p class='ocr_par' dir='ltr' id='par_1_40' title="bbox 349 3714 2019 3794">
     <span class='ocr_line' id='line_1_40' title="bbox 349 3714 2019 3794; baseline 0.005 -26"><span class='ocrx_word' id='word_1_310' title='bbox 349 3714 470 3768; x_wconf 78' lang='grc' dir='ltr'>καθ’</span> <span class='ocrx_word' id='word_1_311' title='bbox 507 3717 743 3788; x_wconf 76' lang='grc' dir='ltr'>ἑκάστην</span> <span class='ocrx_word' id='word_1_312' title='bbox 771 3718 982 3790; x_wconf 78' lang='grc' dir='ltr'>ἡμέραν</span> <span class='ocrx_word' id='word_1_313' title='bbox 1029 3720 1319 3787; x_wconf 76' lang='grc' dir='ltr'>αὐξάνεται</span> <span class='ocrx_word' id='word_1_314' title='bbox 1342 3721 1402 3774; x_wconf 82' lang='grc' dir='ltr'>τὸ</span> <span class='ocrx_word' id='word_1_315' title='bbox 1430 3721 1616 3789; x_wconf 84' lang='grc' dir='ltr'>κακὸν,</span> <span class='ocrx_word' id='word_1_316' title='bbox 1650 3722 1743 3776; x_wconf 78' lang='grc' dir='ltr'>καὶ</span> <span class='ocrx_word' id='word_1_317' title='bbox 1779 3723 2019 3794; x_wconf 76' lang='grc' dir='ltr'>οἰμωγαὶ</span> 
     </span>
    </p>
   </div>
   <div class='ocr_carea' id='block_1_41' title="bbox 349 3804 2014 3883">
    <p class='ocr_par' dir='ltr' id='par_1_41' title="bbox 349 3804 2014 3883">
     <span class='ocr_line' id='line_1_41' title="bbox 349 3804 2014 3883; baseline 0.006 -28"><span class='ocrx_word' id='word_1_318' title='bbox 349 3804 646 3875; x_wconf 79' lang='grc' dir='ltr'>πανταχοῦ,</span> <span class='ocrx_word' id='word_1_319' title='bbox 693 3806 786 3860; x_wconf 83' lang='grc' dir='ltr'>καὶ</span> <span class='ocrx_word' id='word_1_320' title='bbox 833 3806 1040 3880; x_wconf 78' lang='grc' dir='ltr'>θρῆνοι,</span> <span class='ocrx_word' id='word_1_321' title='bbox 1090 3809 1184 3863; x_wconf 78' lang='grc' dir='ltr'>καὶ</span> <span class='ocrx_word' id='word_1_322' title='bbox 1217 3809 1428 3881; x_wconf 83' lang='grc' dir='ltr'>δάκρυα</span> <span class='ocrx_word' id='word_1_323' title='bbox 1477 3809 1585 3864; x_wconf 90' lang='grc' dir='ltr'>τῶν</span> <span class='ocrx_word' id='word_1_324' title='bbox 1629 3811 2014 3883; x_wconf 74' lang='grc' dir='ltr'>ἀδικουμένωνο</span> 
     </span>
    </p>
   </div>
   <div class='ocr_carea' id='block_1_42' title="bbox 351 3891 2019 3968">
    <p class='ocr_par' dir='ltr' id='par_1_42' title="bbox 351 3891 2019 3968">
     <span class='ocr_line' id='line_1_42' title="bbox 351 3891 2019 3968; baseline 0.004 -23"><span class='ocrx_word' id='word_1_325' title='bbox 351 3891 444 3945; x_wconf 79' lang='grc' dir='ltr'>καὶ</span> <span class='ocrx_word' id='word_1_326' title='bbox 477 3893 524 3944; x_wconf 85' lang='grc' dir='ltr'>οί</span> <span class='ocrx_word' id='word_1_327' title='bbox 574 3892 863 3962; x_wconf 80' lang='grc' dir='ltr'>ταχθέντες</span> <span class='ocrx_word' id='word_1_328' title='bbox 901 3895 968 3949; x_wconf 78' lang='grc' dir='ltr'>τά</span> <span class='ocrx_word' id='word_1_329' title='bbox 999 3894 1223 3949; x_wconf 85' lang='grc' dir='ltr'>τοιαῦτα</span> <span class='ocrx_word' id='word_1_330' title='bbox 1259 3895 1504 3968; x_wconf 89' lang='grc' dir='ltr'>διορθοῦν</span> <span class='ocrx_word' id='word_1_331' title='bbox 1546 3896 1816 3963; x_wconf 75' lang='grc' dir='ltr'>δικασταὶ,</span> <span class='ocrx_word' id='word_1_332' title='bbox 1866 3898 2019 3952; x_wconf 75' lang='grc' dir='ltr'>αὐτοὶ</span> 
     </span>
    </p>
   </div>
   <div class='ocr_carea' id='block_1_43' title="bbox 346 3978 2016 4056">
    <p class='ocr_par' dir='ltr' id='par_1_43' title="bbox 346 3978 2016 4056">
     <span class='ocr_line' id='line_1_43' title="bbox 346 3978 2016 4056; baseline 0.004 -24"><span class='ocrx_word' id='word_1_333' title='bbox 346 3978 440 4033; x_wconf 77' lang='grc' dir='ltr'>τὸν</span> <span class='ocrx_word' id='word_1_334' title='bbox 491 3981 736 4051; x_wconf 83' lang='grc' dir='ltr'>χειμῶνα</span> <span class='ocrx_word' id='word_1_335' title='bbox 775 3981 1125 4050; x_wconf 87' lang='grc' dir='ltr'>ἐπιτείνουσι,</span> <span class='ocrx_word' id='word_1_336' title='bbox 1161 3985 1256 4038; x_wconf 73' lang='grc' dir='ltr'>καὶ</span> <span class='ocrx_word' id='word_1_337' title='bbox 1311 3985 1411 4056; x_wconf 82' lang='grc' dir='ltr'>τὴν</span> <span class='ocrx_word' id='word_1_338' title='bbox 1454 3984 1609 4042; x_wconf 80' lang='grc' dir='ltr'>νόσον</span> <span class='ocrx_word' id='word_1_339' title='bbox 1657 3985 2016 4056; x_wconf 69' lang='grc' dir='ltr'>ἐπιτρίϐουσιν</span> 
     </span>
    </p>
   </div>
   <div class='ocr_carea' id='block_1_44' title="bbox 349 4063 2018 4144">
    <p class='ocr_par' dir='ltr' id='par_1_44' title="bbox 349 4063 2018 4144">
     <span class='ocr_line' id='line_1_44' title="bbox 349 4063 2018 4144; baseline 0.004 -24"><span class='ocrx_word' id='word_1_340' title='bbox 349 4063 534 4120; x_wconf 75' lang='grc' dir='ltr'>πολλοὶ</span> <span class='ocrx_word' id='word_1_341' title='bbox 563 4067 620 4120; x_wconf 81' lang='grc' dir='ltr'>δὲ</span> <span class='ocrx_word' id='word_1_342' title='bbox 654 4067 904 4124; x_wconf 86' lang='grc' dir='ltr'>ἐντεῦθεν</span> <span class='ocrx_word' id='word_1_343' title='bbox 946 4069 1060 4130; x_wconf 62' lang='grc' dir='ltr'>τῶν,</span> <span class='ocrx_word' id='word_1_344' title='bbox 1107 4071 1479 4144; x_wconf 86' lang='grc' dir='ltr'>ἀνοητοτέρων</span> <span class='ocrx_word' id='word_1_345' title='bbox 1524 4071 1618 4125; x_wconf 70' lang='grc' dir='ltr'>καὶ</span> <span class='ocrx_word' id='word_1_346' title='bbox 1653 4071 2018 4143; x_wconf 81' lang='grc' dir='ltr'>ἀθλιωτέρων,</span> 
     </span>
    </p>
   </div>
   <div class='ocr_carea' id='block_1_45' title="bbox 349 4155 2018 4232">
    <p class='ocr_par' dir='ltr' id='par_1_45' title="bbox 349 4155 2018 4232">
     <span class='ocr_line' id='line_1_45' title="bbox 349 4155 2018 4232; baseline 0.005 -26"><span class='ocrx_word' id='word_1_347' title='bbox 349 4155 542 4226; x_wconf 85' lang='grc' dir='ltr'>καινήν</span> <span class='ocrx_word' id='word_1_348' title='bbox 570 4173 694 4211; x_wconf 88' lang='grc' dir='ltr'>τινα</span> <span class='ocrx_word' id='word_1_349' title='bbox 710 4157 970 4228; x_wconf 82' lang='grc' dir='ltr'>μανέντες</span> <span class='ocrx_word' id='word_1_350' title='bbox 988 4158 1210 4230; x_wconf 87' lang='grc' dir='ltr'>μανίαν,</span> <span class='ocrx_word' id='word_1_351' title='bbox 1241 4159 1339 4232; x_wconf 87' lang='grc' dir='ltr'>τῆς</span> <span class='ocrx_word' id='word_1_352' title='bbox 1370 4159 1463 4214; x_wconf 88' lang='grc' dir='ltr'>τοῦ</span> <span class='ocrx_word' id='word_1_353' title='bbox 1498 4159 1633 4214; x_wconf 87' lang='grc' dir='ltr'>Θεοῦ</span> <span class='ocrx_word' id='word_1_354' title='bbox 1657 4159 2018 4230; x_wconf 87' lang='grc' dir='ltr'>κατηγοροῦσι</span> 
     </span>
    </p>
   </div>
   <div class='ocr_carea' id='block_1_46' title="bbox 348 4242 2017 4320">
    <p class='ocr_par' dir='ltr' id='par_1_46' title="bbox 348 4242 2017 4320">
     <span class='ocr_line' id='line_1_46' title="bbox 348 4242 2017 4320; baseline 0.004 -25"><span class='ocrx_word' id='word_1_355' title='bbox 348 4242 883 4316; x_wconf 86' lang='grc' dir='ltr'>προνοίας,όρῶντες</span> <span class='ocrx_word' id='word_1_356' title='bbox 909 4245 1002 4300; x_wconf 73' lang='grc' dir='ltr'>τὸν</span> <span class='ocrx_word' id='word_1_357' title='bbox 1042 4247 1141 4320; x_wconf 72' lang='grc' dir='ltr'>μὲν</span> <span class='ocrx_word' id='word_1_358' title='bbox 1175 4249 1392 4320; x_wconf 82' lang='grc' dir='ltr'>ἐπιεικῆ</span> <span class='ocrx_word' id='word_1_359' title='bbox 1424 4248 1687 4313; x_wconf 87' lang='grc' dir='ltr'>πολλάκις</span> <span class='ocrx_word' id='word_1_360' title='bbox 1707 4248 2017 4319; x_wconf 81' lang='grc' dir='ltr'>ἑλκόμενον,</span> 
     </span>
    </p>
   </div>
   <div class='ocr_carea' id='block_1_47' title="bbox 349 4332 2017 4410">
    <p class='ocr_par' dir='ltr' id='par_1_47' title="bbox 349 4332 2017 4410">
     <span class='ocr_line' id='line_1_47' title="bbox 349 4332 2017 4410; baseline 0.006 -29"><span class='ocrx_word' id='word_1_361' title='bbox 349 4332 814 4403; x_wconf 82' lang='grc' dir='ltr'>σπαραττόμενον,</span> <span class='ocrx_word' id='word_1_362' title='bbox 835 4334 1154 4406; x_wconf 81' lang='grc' dir='ltr'>ἀρχόμενον,</span> <span class='ocrx_word' id='word_1_363' title='bbox 1179 4335 1269 4389; x_wconf 86' lang='grc' dir='ltr'>τὸν</span> <span class='ocrx_word' id='word_1_364' title='bbox 1292 4335 1350 4390; x_wconf 83' lang='grc' dir='ltr'>δέ</span> <span class='ocrx_word' id='word_1_365' title='bbox 1378 4335 1604 4410; x_wconf 79' lang='grc' dir='ltr'>θρασὺν,</span> <span class='ocrx_word' id='word_1_366' title='bbox 1641 4337 1734 4390; x_wconf 79' lang='grc' dir='ltr'>καὶ</span> <span class='ocrx_word' id='word_1_367' title='bbox 1761 4336 1951 4408; x_wconf 77' lang='grc' dir='ltr'>ἰταμὸν</span> <span class='ocrx_word' id='word_1_368' title='bbox 1968 4349 2017 4403; x_wconf 75' lang='grc' dir='ltr'>ι,</span> 
     </span>
    </p>
   </div>
   <div class='ocr_carea' id='block_1_48' title="bbox 347 4416 2020 4492">
    <p class='ocr_par' dir='ltr' id='par_1_48' title="bbox 347 4416 2020 4492">
     <span class='ocr_line' id='line_1_48' title="bbox 347 4416 2020 4492; baseline 0.006 -24"><span class='ocrx_word' id='word_1_369' title='bbox 347 4416 445 4470; x_wconf 76' lang='grc' dir='ltr'>καὶ</span> <span class='ocrx_word' id='word_1_370' title='bbox 472 4416 685 4487; x_wconf 82' lang='grc' dir='ltr'>ἄτιμον,</span> <span class='ocrx_word' id='word_1_371' title='bbox 708 4422 803 4474; x_wconf 72' lang='grc' dir='ltr'>καὶ</span> <span class='ocrx_word' id='word_1_372' title='bbox 832 4421 892 4487; x_wconf 78' lang='grc' dir='ltr'>ἐξ</span> <span class='ocrx_word' id='word_1_373' title='bbox 927 4420 1157 4492; x_wconf 85' lang='grc' dir='ltr'>ἀτίμων,</span> <span class='ocrx_word' id='word_1_374' title='bbox 1189 4421 1543 4487; x_wconf 80' lang='grc' dir='ltr'>πλουτοῦντα,</span> <span class='ocrx_word' id='word_1_375' title='bbox 1579 4423 1672 4476; x_wconf 73' lang='grc' dir='ltr'>καὶ</span> <span class='ocrx_word' id='word_1_376' title='bbox 1705 4423 2020 4478; x_wconf 84' lang='grc' dir='ltr'>δυναστείαν</span> 
     </span>
    </p>
   </div>
   <div class='ocr_carea' id='block_1_49' title="bbox 348 4503 2020 4582">
    <p class='ocr_par' dir='ltr' id='par_1_49' title="bbox 348 4503 2020 4582">
     <span class='ocr_line' id='line_1_49' title="bbox 348 4503 2020 4582; baseline 0.006 -27"><span class='ocrx_word' id='word_1_377' title='bbox 348 4503 833 4576; x_wconf 80' lang='grc' dir='ltr'>περιϐεϐλημένον,</span> <span class='ocrx_word' id='word_1_378' title='bbox 867 4508 1096 4580; x_wconf 86' lang='grc' dir='ltr'>φοϐερόν</span> <span class='ocrx_word' id='word_1_379' title='bbox 1128 4525 1188 4562; x_wconf 89' lang='grc' dir='ltr'>τε</span> <span class='ocrx_word' id='word_1_380' title='bbox 1221 4508 1434 4573; x_wconf 83' lang='grc' dir='ltr'>πολλοῖς</span> <span class='ocrx_word' id='word_1_381' title='bbox 1464 4510 1766 4580; x_wconf 81' lang='grc' dir='ltr'>γινόμενον.</span> <span class='ocrx_word' id='word_1_382' title='bbox 1797 4512 1892 4565; x_wconf 77' lang='grc' dir='ltr'>καὶ</span> <span class='ocrx_word' id='word_1_383' title='bbox 1921 4529 2020 4582; x_wconf 89' lang='grc' dir='ltr'>μυ-</span> 
     </span>
    </p>
   </div>
   <div class='ocr_carea' id='block_1_50' title="bbox 349 4591 2022 4670">
    <p class='ocr_par' dir='ltr' id='par_1_50' title="bbox 349 4591 2022 4670">
     <span class='ocr_line' id='line_1_50' title="bbox 349 4591 2022 4670; baseline 0.008 -28"><span class='ocrx_word' id='word_1_384' title='bbox 349 4591 441 4661; x_wconf 84' lang='grc' dir='ltr'>ρία</span> <span class='ocrx_word' id='word_1_385' title='bbox 477 4595 936 4668; x_wconf 88' lang='grc' dir='ltr'>προστριϐόμενον</span> <span class='ocrx_word' id='word_1_386' title='bbox 965 4599 1078 4659; x_wconf 88' lang='grc' dir='ltr'>τοῖς</span> <span class='ocrx_word' id='word_1_387' title='bbox 1109 4598 1532 4670; x_wconf 83' lang='grc' dir='ltr'>ἐπιεικεστέροις</span> <span class='ocrx_word' id='word_1_388' title='bbox 1552 4597 1719 4663; x_wconf 81' lang='grc' dir='ltr'>δεινά,</span> <span class='ocrx_word' id='word_1_389' title='bbox 1741 4600 2022 4655; x_wconf 75' lang='grc' dir='ltr'>καὶταῦτα</span> 
     </span>
    </p>
   </div>
   <div class='ocr_carea' id='block_1_51' title="bbox 346 4678 2017 4760">
    <p class='ocr_par' dir='ltr' id='par_1_51' title="bbox 346 4678 2017 4760">
     <span class='ocr_line' id='line_1_51' title="bbox 346 4678 2017 4760; baseline 0.007 -30"><span class='ocrx_word' id='word_1_390' title='bbox 346 4678 407 4732; x_wconf 79' lang='grc' dir='ltr'>ἰν</span> <span class='ocrx_word' id='word_1_391' title='bbox 441 4678 748 4757; x_wconf 25' lang='grc' dir='ltr'>πόλεσι-καὶ</span> <span class='ocrx_word' id='word_1_392' title='bbox 803 4685 861 4735; x_wconf 89' lang='grc' dir='ltr'>ἐν</span> <span class='ocrx_word' id='word_1_393' title='bbox 906 4683 1135 4756; x_wconf 84' lang='grc' dir='ltr'>χώραις,</span> <span class='ocrx_word' id='word_1_394' title='bbox 1177 4685 1274 4738; x_wconf 77' lang='grc' dir='ltr'>καὶ</span> <span class='ocrx_word' id='word_1_395' title='bbox 1327 4688 1386 4740; x_wconf 83' lang='grc' dir='ltr'>ἐν</span> <span class='ocrx_word' id='word_1_396' title='bbox 1417 4687 1695 4759; x_wconf 88' lang='grc' dir='ltr'>ἐρημίαις,</span> <span class='ocrx_word' id='word_1_397' title='bbox 1742 4687 1836 4742; x_wconf 74' lang='grc' dir='ltr'>καὶ</span> <span class='ocrx_word' id='word_1_398' title='bbox 1857 4689 1915 4740; x_wconf 79' lang='grc' dir='ltr'>ἐν</span> <span class='ocrx_word' id='word_1_399' title='bbox 1949 4691 2017 4760; x_wconf 80' lang='grc' dir='ltr'>γῇ</span> 
     </span>
    </p>
   </div>
   <div class='ocr_carea' id='block_1_52' title="bbox 348 4767 2017 4848">
    <p class='ocr_par' dir='ltr' id='par_1_52' title="bbox 348 4767 2017 4848">
     <span class='ocr_line' id='line_1_52' title="bbox 348 4767 2017 4848; baseline 0.006 -28"><span class='ocrx_word' id='word_1_400' title='bbox 348 4767 444 4821; x_wconf 81' lang='grc' dir='ltr'>καὶ</span> <span class='ocrx_word' id='word_1_401' title='bbox 471 4768 531 4822; x_wconf 90' lang='grc' dir='ltr'>ἐν</span> <span class='ocrx_word' id='word_1_402' title='bbox 555 4769 790 4844; x_wconf 78' lang='grc' dir='ltr'>θαλάττῃ</span> <span class='ocrx_word' id='word_1_403' title='bbox 813 4772 1153 4844; x_wconf 86' lang='grc' dir='ltr'>τολμώμενα·</span> <span class='ocrx_word' id='word_1_404' title='bbox 1187 4777 1484 4845; x_wconf 85' lang='grc' dir='ltr'>ἀναγκαῖος</span> <span class='ocrx_word' id='word_1_405' title='bbox 1515 4779 1646 4848; x_wconf 85' lang='grc' dir='ltr'>ἡμῖν</span> <span class='ocrx_word' id='word_1_406' title='bbox 1685 4778 1713 4830; x_wconf 89' lang='grc' dir='ltr'>ό</span> <span class='ocrx_word' id='word_1_407' title='bbox 1743 4775 1900 4846; x_wconf 90' lang='grc' dir='ltr'>λόγος</span> <span class='ocrx_word' id='word_1_408' title='bbox 1927 4772 2017 4830; x_wconf 75' lang='grc' dir='ltr'>οὗ·</span> 
     </span>
    </p>
   </div>
   <div class='ocr_carea' id='block_1_53' title="bbox 347 4859 2016 4938">
    <p class='ocr_par' dir='ltr' id='par_1_53' title="bbox 347 4859 2016 4938">
     <span class='ocr_line' id='line_1_53' title="bbox 347 4859 2016 4938; baseline 0.007 -30"><span class='ocrx_word' id='word_1_409' title='bbox 347 4873 439 4920; x_wconf 87' lang='grc' dir='ltr'>τος</span> <span class='ocrx_word' id='word_1_410' title='bbox 481 4859 812 4930; x_wconf 82' lang='grc' dir='ltr'>εἰσέρχεται,</span> <span class='ocrx_word' id='word_1_411' title='bbox 842 4861 1171 4928; x_wconf 88' lang='grc' dir='ltr'>ἀπεναντίας</span> <span class='ocrx_word' id='word_1_412' title='bbox 1210 4867 1323 4928; x_wconf 89' lang='grc' dir='ltr'>τοῖς</span> <span class='ocrx_word' id='word_1_413' title='bbox 1362 4864 1672 4937; x_wconf 74' lang='grc' dir='ltr'>εἰρημένοις</span> <span class='ocrx_word' id='word_1_414' title='bbox 1709 4866 2016 4938; x_wconf 86' lang='grc' dir='ltr'>ἱστάμενος,</span> 
     </span>
    </p>
   </div>
   <div class='ocr_carea' id='block_1_54' title="bbox 350 4952 2018 5034">
    <p class='ocr_par' dir='ltr' id='par_1_54' title="bbox 350 4952 2018 5034">
     <span class='ocr_line' id='line_1_54' title="bbox 350 4952 2018 5034; baseline 0.006 -28"><span class='ocrx_word' id='word_1_415' title='bbox 350 4953 444 5006; x_wconf 68' lang='grc' dir='ltr'>καὶ</span> <span class='ocrx_word' id='word_1_416' title='bbox 477 4952 662 5021; x_wconf 86' lang='grc' dir='ltr'>ἀγῶνα</span> <span class='ocrx_word' id='word_1_417' title='bbox 696 4954 1090 5026; x_wconf 78' lang='grc' dir='ltr'>ἀγωνιζόμενος</span> <span class='ocrx_word' id='word_1_418' title='bbox 1120 4957 1149 4997; x_wconf 72' lang='grc' dir='ltr'>δ</span> <span class='ocrx_word' id='word_1_419' title='bbox 1183 4960 1369 5013; x_wconf 87' lang='grc' dir='ltr'>καινὸν</span> <span class='ocrx_word' id='word_1_420' title='bbox 1404 4960 1520 5030; x_wconf 88' lang='grc' dir='ltr'>μέν,</span> <span class='ocrx_word' id='word_1_421' title='bbox 1548 4962 1684 5032; x_wconf 82' lang='grc' dir='ltr'>ὅπερ</span> <span class='ocrx_word' id='word_1_422' title='bbox 1717 4962 2018 5034; x_wconf 85' lang='grc' dir='ltr'>ἀρχόμενος</span> 
     </span>
    </p>
   </div>
   <div class='ocr_carea' id='block_1_55' title="bbox 350 5042 2016 5129">
    <p class='ocr_par' dir='ltr' id='par_1_55' title="bbox 350 5042 2016 5129">
     <span class='ocr_line' id='line_1_55' title="bbox 350 5042 2016 5129; baseline 0.006 -29"><span class='ocrx_word' id='word_1_423' title='bbox 350 5042 526 5114; x_wconf 72' lang='grc' dir='ltr'>εἷπον,</span> <span class='ocrx_word' id='word_1_424' title='bbox 557 5049 650 5102; x_wconf 76' lang='grc' dir='ltr'>καὶ</span> <span class='ocrx_word' id='word_1_425' title='bbox 677 5049 997 5124; x_wconf 72' lang='grc' dir='ltr'>παράδοξον,</span> <span class='ocrx_word' id='word_1_426' title='bbox 1027 5052 1296 5124; x_wconf 88' lang='grc' dir='ltr'>χρήσιμον</span> <span class='ocrx_word' id='word_1_427' title='bbox 1329 5054 1384 5108; x_wconf 82' lang='grc' dir='ltr'>δὲ</span> <span class='ocrx_word' id='word_1_428' title='bbox 1427 5055 1521 5109; x_wconf 71' lang='grc' dir='ltr'>καὶ</span> <span class='ocrx_word' id='word_1_429' title='bbox 1566 5056 1763 5129; x_wconf 88' lang='grc' dir='ltr'>ἀληθῆ,</span> <span class='ocrx_word' id='word_1_430' title='bbox 1787 5060 1880 5112; x_wconf 80' lang='grc' dir='ltr'>καὶ</span> <span class='ocrx_word' id='word_1_431' title='bbox 1904 5062 2016 5124; x_wconf 81' lang='grc' dir='ltr'>τοῖς</span> 
     </span>
    </p>
   </div>
   <div class='ocr_carea' id='block_1_56' title="bbox 350 5135 2016 5218">
    <p class='ocr_par' dir='ltr' id='par_1_56' title="bbox 350 5135 2016 5218">
     <span class='ocr_line' id='line_1_56' title="bbox 350 5135 2016 5218; baseline 0.007 -30"><span class='ocrx_word' id='word_1_432' title='bbox 350 5135 697 5208; x_wconf 75' lang='grc' dir='ltr'>βουλομένοις</span> <span class='ocrx_word' id='word_1_433' title='bbox 726 5139 1013 5211; x_wconf 79' lang='grc' dir='ltr'>προσέχειν</span> <span class='ocrx_word' id='word_1_434' title='bbox 1040 5143 1134 5194; x_wconf 81' lang='grc' dir='ltr'>καὶ</span> <span class='ocrx_word' id='word_1_435' title='bbox 1169 5141 1456 5197; x_wconf 85' lang='grc' dir='ltr'>πείθεσθαι</span> <span class='ocrx_word' id='word_1_436' title='bbox 1485 5143 1753 5216; x_wconf 64' lang='grc' dir='ltr'>λυσιτελῆ</span> <span class='ocrx_word' id='word_1_437' title='bbox 1787 5147 1881 5199; x_wconf 80' lang='grc' dir='ltr'>καὶ</span> <span class='ocrx_word' id='word_1_438' title='bbox 1909 5147 2016 5218; x_wconf 85' lang='grc' dir='ltr'>γὰρ</span> 
     </span>
    </p>
   </div>
   <div class='ocr_carea' id='block_1_57' title="bbox 349 5225 2015 5304">
    <p class='ocr_par' dir='ltr' id='par_1_57' title="bbox 349 5225 2015 5304">
     <span class='ocr_line' id='line_1_57' title="bbox 349 5225 2015 5304; baseline 0.006 -26"><span class='ocrx_word' id='word_1_439' title='bbox 349 5225 746 5294; x_wconf 74' lang='grc' dir='ltr'>ἐπαγγέλλεται</span> <span class='ocrx_word' id='word_1_440' title='bbox 780 5228 974 5296; x_wconf 78' lang='grc' dir='ltr'>δείξειν</span> <span class='ocrx_word' id='word_1_441' title='bbox 1008 5227 1167 5300; x_wconf 86' lang='grc' dir='ltr'>(ἀλλά</span> <span class='ocrx_word' id='word_1_442' title='bbox 1216 5232 1292 5304; x_wconf 85' lang='grc' dir='ltr'>μὴ</span> <span class='ocrx_word' id='word_1_443' title='bbox 1328 5231 1662 5304; x_wconf 87' lang='grc' dir='ltr'>θορυϐεῖσθε)</span> <span class='ocrx_word' id='word_1_444' title='bbox 1689 5234 1875 5287; x_wconf 87' lang='grc' dir='ltr'>οὐδένα</span> <span class='ocrx_word' id='word_1_445' title='bbox 1907 5235 2015 5289; x_wconf 88' lang='grc' dir='ltr'>τῶν</span> 
     </span>
    </p>
   </div>
   <div class='ocr_carea' id='block_1_58' title="bbox 349 5314 2017 5397">
    <p class='ocr_par' dir='ltr' id='par_1_58' title="bbox 349 5314 2017 5397">
     <span class='ocr_line' id='line_1_58' title="bbox 349 5314 2017 5397; baseline 0.005 -29"><span class='ocrx_word' id='word_1_446' title='bbox 349 5314 719 5386; x_wconf 62' lang='grc' dir='ltr'>ἀδικουμένων</span> <span class='ocrx_word' id='word_1_447' title='bbox 755 5317 883 5389; x_wconf 85' lang='grc' dir='ltr'>παρ’</span> <span class='ocrx_word' id='word_1_448' title='bbox 913 5318 1100 5389; x_wconf 84' lang='grc' dir='ltr'>ἐτέρου</span> <span class='ocrx_word' id='word_1_449' title='bbox 1124 5321 1264 5384; x_wconf 74' lang='grc' dir='ltr'>τινος</span> <span class='ocrx_word' id='word_1_450' title='bbox 1298 5319 1672 5392; x_wconf 77' lang='grc' dir='ltr'>ἀδικούμενον,</span> <span class='ocrx_word' id='word_1_451' title='bbox 1725 5321 1858 5376; x_wconf 80' lang='grc' dir='ltr'>ἀλλά</span> <span class='ocrx_word' id='word_1_452' title='bbox 1886 5325 2017 5397; x_wconf 78' lang='grc' dir='ltr'>παρ’</span> 
     </span>
    </p>
   </div>
   <div class='ocr_carea' id='block_1_59' title="bbox 353 5402 1053 5475">
    <p class='ocr_par' dir='ltr' id='par_1_59' title="bbox 353 5402 1053 5475">
     <span class='ocr_line' id='line_1_59' title="bbox 353 5402 1053 5475; baseline 0.007 -21"><span class='ocrx_word' id='word_1_453' title='bbox 353 5402 544 5456; x_wconf 84' lang='grc' dir='ltr'>ἐαυτοῦ</span> <span class='ocrx_word' id='word_1_454' title='bbox 570 5404 726 5458; x_wconf 84' lang='grc' dir='ltr'>τοῦτο</span> <span class='ocrx_word' id='word_1_455' title='bbox 757 5406 1053 5475; x_wconf 88' lang='grc' dir='ltr'>πάσχοντα.</span> 
     </span>
    </p>
   </div>
   <div class='ocr_carea' id='block_1_60' title="bbox 411 5544 2018 5612">
    <p class='ocr_par' dir='ltr' id='par_1_60' title="bbox 411 5544 2018 5612">
     <span class='ocr_line' id='line_1_60' title="bbox 411 5544 2018 5612; baseline 0.008 -21"><span class='ocrx_word' id='word_1_456' title='bbox 411 5544 437 5612; x_wconf 59' lang='grc' dir='ltr'>’ξ</span> <span class='ocrx_word' id='word_1_457' title='bbox 462 5545 553 5592; x_wconf 74' lang='grc' dir='ltr'>Καὶ</span> <span class='ocrx_word' id='word_1_458' title='bbox 574 5546 741 5612; x_wconf 62' lang='grc' dir='ltr'>ξταμὲν</span> <span class='ocrx_word' id='word_1_459' title='bbox 765 5548 908 5612; x_wconf 55' lang='lat' dir='ltr'><strong>dces:</strong></span> <span class='ocrx_word' id='word_1_460' title='bbox 931 5547 977 5596; x_wconf 80' lang='lat' dir='ltr'>iu</span> <span class='ocrx_word' id='word_1_461' title='bbox 1007 5549 1155 5598; x_wconf 71' lang='lat' dir='ltr'>Savil.</span> <span class='ocrx_word' id='word_1_462' title='bbox 1182 5557 1235 5601; x_wconf 62' lang='lat' dir='ltr'>et</span> <span class='ocrx_word' id='word_1_463' title='bbox 1259 5555 1306 5600; x_wconf 91' lang='lat' dir='ltr'><strong>in</strong></span> <span class='ocrx_word' id='word_1_464' title='bbox 1345 5553 1536 5604; x_wconf 81' lang='lat' dir='ltr'>duobus</span> <span class='ocrx_word' id='word_1_465' title='bbox 1559 5567 1659 5603; x_wconf 82' lang='lat' dir='ltr'>mss</span> <span class='ocrx_word' id='word_1_466' title='bbox 1702 5559 1755 5602; x_wconf 74' lang='lat' dir='ltr'>et</span> <span class='ocrx_word' id='word_1_467' title='bbox 1788 5553 1910 5606; x_wconf 77' lang='lat' dir='ltr'>infra</span> <span class='ocrx_word' id='word_1_468' title='bbox 1935 5554 2018 5604; x_wconf 82' lang='grc' dir='ltr'>καί</span> 
     </span>
    </p>
   </div>
   <div class='ocr_carea' id='block_1_61' title="bbox 358 5607 910 5665">
    <p class='ocr_par' dir='ltr' id='par_1_61' title="bbox 358 5607 910 5665">
     <span class='ocr_line' id='line_1_61' title="bbox 358 5607 910 5665; baseline 0.004 -11"><span class='ocrx_word' id='word_1_469' title='bbox 358 5609 470 5654; x_wconf 64' lang='lat' dir='ltr'>an!&quot;</span> <span class='ocrx_word' id='word_1_470' title='bbox 498 5607 636 5665; x_wconf 58' lang='grc' dir='ltr'>μυρία</span> <span class='ocrx_word' id='word_1_471' title='bbox 661 5607 910 5656; x_wconf 77' lang='lat' dir='ltr'>simzliler.</span> 
     </span>
    </p>
   </div>
   <div class='ocr_carea' id='block_1_62' title="bbox 360 5665 2018 5742">
    <p class='ocr_par' dir='ltr' id='par_1_62' title="bbox 360 5665 2018 5742">
     <span class='ocr_line' id='line_1_62' title="bbox 360 5665 2018 5742; baseline 0.002 -18"><span class='ocrx_word' id='word_1_472' title='bbox 360 5731 368 5739; x_wconf 51' lang='grc'>,</span> <span class='ocrx_word' id='word_1_473' title='bbox 414 5665 445 5738; x_wconf 42' lang='grc'>⁵,</span> <span class='ocrx_word' id='word_1_474' title='bbox 469 5667 579 5740; x_wconf 66' lang='lat' dir='ltr'>P961</span> <span class='ocrx_word' id='word_1_475' title='bbox 604 5670 1110 5742; x_wconf 47' lang='lat' dir='ltr'>item-12513910;jugugs</span> <span class='ocrx_word' id='word_1_476' title='bbox 1154 5679 1342 5742; x_wconf 52' lang='lat' dir='ltr'>ignium</span> <span class='ocrx_word' id='word_1_477' title='bbox 1388 5678 1547 5729; x_wconf 72' lang='lat' dir='ltr'><strong>codex</strong></span> <span class='ocrx_word' id='word_1_478' title='bbox 1591 5677 1693 5729; x_wconf 64' lang='lat' dir='ltr'>hac</span> <span class='ocrx_word' id='word_1_479' title='bbox 1741 5680 2018 5742; x_wconf 74' lang='lat' dir='ltr'>interserit,</span> 
     </span>
    </p>
   </div>
   <div class='ocr_carea' id='block_1_63' title="bbox 355 5733 1390 5796">
    <p class='ocr_par' dir='ltr' id='par_1_63' title="bbox 355 5733 1390 5796">
     <span class='ocr_line' id='line_1_63' title="bbox 355 5733 1390 5796; baseline 0.007 -17"><span class='ocrx_word' id='word_1_480' title='bbox 355 5733 447 5779; x_wconf 70' lang='lat' dir='ltr'>Euai</span> <span class='ocrx_word' id='word_1_481' title='bbox 483 5733 558 5778; x_wconf 59' lang='lat' dir='ltr'>-..-7J~.-</span> <span class='ocrx_word' id='word_1_482' title='bbox 587 5733 726 5778; x_wconf 59' lang='grc' dir='ltr'>’λῦεῖι</span> <span class='ocrx_word' id='word_1_483' title='bbox 761 5733 854 5788; x_wconf 76' lang='grc' dir='ltr'>τοῖς</span> <span class='ocrx_word' id='word_1_484' title='bbox 883 5733 1070 5791; x_wconf 70' lang='grc' dir='ltr'>πολλοῖς</span> <span class='ocrx_word' id='word_1_485' title='bbox 1092 5738 1390 5796; x_wconf 51' lang='grc' dir='ltr'>ὑπείληπται.</span> 
     </span>
    </p>
   </div>
   <div class='ocr_carea' id='block_1_64' title="bbox 1133 272 2985 343">
    <p class='ocr_par' dir='ltr' id='par_1_64' title="bbox 1133 272 2985 343">
     <span class='ocr_line' id='line_1_64' title="bbox 1133 272 2985 343; baseline 0 -12"><span class='ocrx_word' id='word_1_486' title='bbox 1133 278 1190 332; x_wconf 85' lang='lat' dir='ltr'>S.</span> <span class='ocrx_word' id='word_1_487' title='bbox 1230 272 2038 343; x_wconf 68' lang='lat' dir='ltr'>JUANNISCHRYSOSTOMI</span> <span class='ocrx_word' id='word_1_488' title='bbox 2081 274 2394 333; x_wconf 78' lang='lat' dir='ltr'>ABCHIEP.</span> <span class='ocrx_word' id='word_1_489' title='bbox 2437 274 2985 332; x_wconf 73' lang='lat' dir='ltr'>CONSTAN&#39;I‘INOP.</span> 
     </span>
    </p>
   </div>
   <div class='ocr_carea' id='block_1_65' title="bbox 3687 269 3799 326">
    <p class='ocr_par' dir='ltr' id='par_1_65' title="bbox 3687 269 3799 326">
     <span class='ocr_line' id='line_1_65' title="bbox 3687 269 3799 326; baseline 0 0"><span class='ocrx_word' id='word_1_490' title='bbox 3687 269 3799 326; x_wconf 61' lang='lat'>46!</span> 
     </span>
    </p>
   </div>
   <div class='ocr_carea' id='block_1_66' title="bbox 2191 385 3798 466">
    <p class='ocr_par' dir='ltr' id='par_1_66' title="bbox 2191 385 3798 466">
     <span class='ocr_line' id='line_1_66' title="bbox 2191 385 3798 466; baseline -0.006 -16"><span class='ocrx_word' id='word_1_491' title='bbox 2191 392 2385 464; x_wconf 75' lang='grc' dir='ltr'>β’.”ῐ”να</span> <span class='ocrx_word' id='word_1_492' title='bbox 2399 394 2456 449; x_wconf 83' lang='grc' dir='ltr'>δὲ</span> <span class='ocrx_word' id='word_1_493' title='bbox 2475 395 2808 466; x_wconf 85' lang='grc' dir='ltr'>σαφέστερος</span> <span class='ocrx_word' id='word_1_494' title='bbox 2834 393 2863 445; x_wconf 86' lang='grc' dir='ltr'>ὁ</span> <span class='ocrx_word' id='word_1_495' title='bbox 2883 390 3039 459; x_wconf 88' lang='grc' dir='ltr'>λόγος</span> <span class='ocrx_word' id='word_1_496' title='bbox 3057 387 3303 459; x_wconf 88' lang='grc' dir='ltr'>γένηται,</span> <span class='ocrx_word' id='word_1_497' title='bbox 3319 387 3452 459; x_wconf 79' lang='grc' dir='ltr'>φέρε</span> <span class='ocrx_word' id='word_1_498' title='bbox 3484 385 3700 458; x_wconf 88' lang='grc' dir='ltr'>πρῶτον</span> <span class='ocrx_word' id='word_1_499' title='bbox 3716 387 3798 452; x_wconf 75' lang='grc' dir='ltr'>ἐξ·</span> 
     </span>
    </p>
   </div>
   <div class='ocr_carea' id='block_1_67' title="bbox 2117 474 3796 553">
    <p class='ocr_par' dir='ltr' id='par_1_67' title="bbox 2117 474 3796 553">
     <span class='ocr_line' id='line_1_67' title="bbox 2117 474 3796 553; baseline -0.005 -19"><span class='ocrx_word' id='word_1_500' title='bbox 2117 483 2402 553; x_wconf 82' lang='grc' dir='ltr'>ετάσωμεν</span> <span class='ocrx_word' id='word_1_501' title='bbox 2435 481 2490 536; x_wconf 87' lang='grc' dir='ltr'>τί</span> <span class='ocrx_word' id='word_1_502' title='bbox 2527 483 2674 536; x_wconf 90' lang='grc' dir='ltr'>ἐστιν</span> <span class='ocrx_word' id='word_1_503' title='bbox 2707 480 2908 544; x_wconf 88' lang='grc' dir='ltr'>ἀδικία,</span> <span class='ocrx_word' id='word_1_504' title='bbox 2941 477 3034 532; x_wconf 75' lang='grc' dir='ltr'>καὶ</span> <span class='ocrx_word' id='word_1_505' title='bbox 3065 475 3195 546; x_wconf 83' lang='grc' dir='ltr'>περί</span> <span class='ocrx_word' id='word_1_506' title='bbox 3243 474 3412 540; x_wconf 80' lang='grc' dir='ltr'>ποίων</span> <span class='ocrx_word' id='word_1_507' title='bbox 3451 475 3796 546; x_wconf 84' lang='grc' dir='ltr'>πραγμάτων</span> 
     </span>
    </p>
   </div>
   <div class='ocr_carea' id='block_1_68' title="bbox 2120 559 3794 639">
    <p class='ocr_par' dir='ltr' id='par_1_68' title="bbox 2120 559 3794 639">
     <span class='ocr_line' id='line_1_68' title="bbox 2120 559 3794 639; baseline -0.007 -17"><span class='ocrx_word' id='word_1_508' title='bbox 2120 568 2253 639; x_wconf 90' lang='grc' dir='ltr'>ῦλην</span> <span class='ocrx_word' id='word_1_509' title='bbox 2281 567 2628 622; x_wconf 86' lang='grc' dir='ltr'>συνίστασθαι</span> <span class='ocrx_word' id='word_1_510' title='bbox 2661 567 2898 636; x_wconf 82' lang='grc' dir='ltr'>πέφυκε⁶</span> <span class='ocrx_word' id='word_1_511' title='bbox 2921 566 3015 619; x_wconf 74' lang='grc' dir='ltr'>καὶ</span> <span class='ocrx_word' id='word_1_512' title='bbox 3039 565 3093 617; x_wconf 88' lang='grc' dir='ltr'>τί</span> <span class='ocrx_word' id='word_1_513' title='bbox 3133 561 3266 616; x_wconf 89' lang='grc' dir='ltr'>ποτέ</span> <span class='ocrx_word' id='word_1_514' title='bbox 3297 563 3447 614; x_wconf 84' lang='grc' dir='ltr'>ἐστιν</span> <span class='ocrx_word' id='word_1_515' title='bbox 3473 559 3794 630; x_wconf 84' lang='grc' dir='ltr'>ἀνθρωπίνη</span> 
     </span>
    </p>
   </div>
   <div class='ocr_carea' id='block_1_69' title="bbox 2117 645 3798 728">
    <p class='ocr_par' dir='ltr' id='par_1_69' title="bbox 2117 645 3798 728">
     <span class='ocr_line' id='line_1_69' title="bbox 2117 645 3798 728; baseline -0.008 -18"><span class='ocrx_word' id='word_1_516' title='bbox 2117 655 2306 728; x_wconf 82' lang='grc' dir='ltr'>ἀρετὴ,</span> <span class='ocrx_word' id='word_1_517' title='bbox 2337 655 2432 708; x_wconf 85' lang='grc' dir='ltr'>καί</span> <span class='ocrx_word' id='word_1_518' title='bbox 2457 655 2515 708; x_wconf 82' lang='grc' dir='ltr'>τί</span> <span class='ocrx_word' id='word_1_519' title='bbox 2530 654 2592 708; x_wconf 77' lang='grc' dir='ltr'>τὸ</span> <span class='ocrx_word' id='word_1_520' title='bbox 2612 653 3004 726; x_wconf 87' lang='grc' dir='ltr'>λυμαινόμενον</span> <span class='ocrx_word' id='word_1_521' title='bbox 3031 650 3258 721; x_wconf 88' lang='grc' dir='ltr'>ταύτην·</span> <span class='ocrx_word' id='word_1_522' title='bbox 3289 649 3385 702; x_wconf 74' lang='grc' dir='ltr'>καὶ</span> <span class='ocrx_word' id='word_1_523' title='bbox 3413 646 3466 700; x_wconf 86' lang='grc' dir='ltr'>τί</span> <span class='ocrx_word' id='word_1_524' title='bbox 3499 648 3628 698; x_wconf 84' lang='grc' dir='ltr'>ποτε</span> <span class='ocrx_word' id='word_1_525' title='bbox 3645 645 3798 698; x_wconf 87' lang='grc' dir='ltr'>δοκεῖ</span> 
     </span>
    </p>
   </div>
   <div class='ocr_carea' id='block_1_70' title="bbox 2121 731 3795 815">
    <p class='ocr_par' dir='ltr' id='par_1_70' title="bbox 2121 731 3795 815">
     <span class='ocr_line' id='line_1_70' title="bbox 2121 731 3795 815; baseline -0.007 -17"><span class='ocrx_word' id='word_1_526' title='bbox 2121 743 2220 815; x_wconf 88' lang='grc' dir='ltr'>μέν</span> <span class='ocrx_word' id='word_1_527' title='bbox 2265 743 2644 813; x_wconf 90' lang='grc' dir='ltr'>λυμαίνεσθαι,</span> <span class='ocrx_word' id='word_1_528' title='bbox 2678 742 2740 796; x_wconf 86' lang='grc' dir='ltr'>οὐ</span> <span class='ocrx_word' id='word_1_529' title='bbox 2793 741 3116 812; x_wconf 87' lang='grc' dir='ltr'>λυμαίνεται</span> <span class='ocrx_word' id='word_1_530' title='bbox 3175 738 3252 792; x_wconf 86' lang='grc' dir='ltr'>δέ.</span> <span class='ocrx_word' id='word_1_531' title='bbox 3286 731 3413 791; x_wconf 75' lang='grc' dir='ltr'>Οίον</span> <span class='ocrx_word' id='word_1_532' title='bbox 3447 735 3553 806; x_wconf 80' lang='grc' dir='ltr'>(δεῖ</span> <span class='ocrx_word' id='word_1_533' title='bbox 3590 733 3703 804; x_wconf 81' lang='grc' dir='ltr'>γὰρ</span> <span class='ocrx_word' id='word_1_534' title='bbox 3729 735 3795 787; x_wconf 86' lang='grc' dir='ltr'>ἐκ</span> 
     </span>
    </p>
   </div>
   <div class='ocr_carea' id='block_1_71' title="bbox 2117 819 3795 902">
    <p class='ocr_par' dir='ltr' id='par_1_71' title="bbox 2117 819 3795 902">
     <span class='ocr_line' id='line_1_71' title="bbox 2117 819 3795 902; baseline -0.006 -18"><span class='ocrx_word' id='word_1_535' title='bbox 2117 830 2579 902; x_wconf 81' lang='grc' dir='ltr'>παραδειγμάτων</span> <span class='ocrx_word' id='word_1_536' title='bbox 2608 829 2798 898; x_wconf 80' lang='grc' dir='ltr'>ἐντελῆ</span> <span class='ocrx_word' id='word_1_537' title='bbox 2819 828 3042 898; x_wconf 87' lang='grc' dir='ltr'>ποιῆσαι</span> <span class='ocrx_word' id='word_1_538' title='bbox 3061 826 3154 880; x_wconf 79' lang='grc' dir='ltr'>τὸν</span> <span class='ocrx_word' id='word_1_539' title='bbox 3178 824 3380 895; x_wconf 89' lang='grc' dir='ltr'>λόγον),</span> <span class='ocrx_word' id='word_1_540' title='bbox 3415 823 3648 877; x_wconf 69' lang='grc' dir='ltr'>ἕκαστον</span> <span class='ocrx_word' id='word_1_541' title='bbox 3686 819 3795 874; x_wconf 79' lang='grc' dir='ltr'>τῶν</span> 
     </span>
    </p>
   </div>
   <div class='ocr_carea' id='block_1_72' title="bbox 2117 908 3795 990">
    <p class='ocr_par' dir='ltr' id='par_1_72' title="bbox 2117 908 3795 990">
     <span class='ocr_line' id='line_1_72' title="bbox 2117 908 3795 990; baseline -0.005 -19"><span class='ocrx_word' id='word_1_542' title='bbox 2117 908 2459 990; x_wconf 87' lang='grc' dir='ltr'>πραγμάτων</span> <span class='ocrx_word' id='word_1_543' title='bbox 2488 918 2546 971; x_wconf 84' lang='grc' dir='ltr'>ἐν</span> <span class='ocrx_word' id='word_1_544' title='bbox 2583 927 2606 956; x_wconf 73' lang='grc' dir='ltr'><strong><em>ο</em></strong></span> <span class='ocrx_word' id='word_1_545' title='bbox 2650 916 2762 988; x_wconf 74' lang='grc' dir='ltr'>ἔχει</span> <span class='ocrx_word' id='word_1_546' title='bbox 2812 915 2874 969; x_wconf 78' lang='grc' dir='ltr'>τὸ</span> <span class='ocrx_word' id='word_1_547' title='bbox 2916 915 3332 985; x_wconf 86' lang='grc' dir='ltr'>λυμαινόμενον·</span> <span class='ocrx_word' id='word_1_548' title='bbox 3381 914 3411 966; x_wconf 85' lang='grc' dir='ltr'>ὁ</span> <span class='ocrx_word' id='word_1_549' title='bbox 3451 910 3675 982; x_wconf 85' lang='grc' dir='ltr'>σίδηρος</span> <span class='ocrx_word' id='word_1_550' title='bbox 3701 909 3795 964; x_wconf 73' lang='grc' dir='ltr'>τὸν</span> 
     </span>
    </p>
   </div>
   <div class='ocr_carea' id='block_1_73' title="bbox 2119 997 3790 1077">
    <p class='ocr_par' dir='ltr' id='par_1_73' title="bbox 2119 997 3790 1077">
     <span class='ocr_line' id='line_1_73' title="bbox 2119 997 3790 1077; baseline -0.004 -18"><span class='ocrx_word' id='word_1_551' title='bbox 2119 1005 2218 1070; x_wconf 78' lang='grc' dir='ltr'>ἰὸν,</span> <span class='ocrx_word' id='word_1_552' title='bbox 2249 1007 2342 1060; x_wconf 81' lang='grc' dir='ltr'>τὸν</span> <span class='ocrx_word' id='word_1_553' title='bbox 2376 1007 2513 1076; x_wconf 86' lang='grc' dir='ltr'>σῆτα</span> <span class='ocrx_word' id='word_1_554' title='bbox 2542 1004 2605 1058; x_wconf 80' lang='grc' dir='ltr'>τὸ</span> <span class='ocrx_word' id='word_1_555' title='bbox 2627 1003 2794 1077; x_wconf 73' lang='grc' dir='ltr'>ἔριον,</span> <span class='ocrx_word' id='word_1_556' title='bbox 2837 1001 3127 1075; x_wconf 82' lang='grc' dir='ltr'>προϐάτων</span> <span class='ocrx_word' id='word_1_557' title='bbox 3169 1000 3362 1070; x_wconf 80' lang='grc' dir='ltr'>ἀγέλαι</span> <span class='ocrx_word' id='word_1_558' title='bbox 3399 1001 3529 1064; x_wconf 76' lang='grc' dir='ltr'>τοὺς</span> <span class='ocrx_word' id='word_1_559' title='bbox 3571 997 3790 1062; x_wconf 84' lang='grc' dir='ltr'>λύκους.</span> 
     </span>
    </p>
   </div>
   <div class='ocr_carea' id='block_1_74' title="bbox 2115 1081 3795 1158">
    <p class='ocr_par' dir='ltr' id='par_1_74' title="bbox 2115 1081 3795 1158">
     <span class='ocr_line' id='line_1_74' title="bbox 2115 1081 3795 1158; baseline -0.005 -17"><span class='ocrx_word' id='word_1_560' title='bbox 2115 1089 2226 1143; x_wconf 79' lang='grc' dir='ltr'>Καὶ</span> <span class='ocrx_word' id='word_1_561' title='bbox 2255 1087 2400 1142; x_wconf 84' lang='grc' dir='ltr'>οίνου</span> <span class='ocrx_word' id='word_1_562' title='bbox 2438 1086 2539 1158; x_wconf 80' lang='grc' dir='ltr'>μὲν</span> <span class='ocrx_word' id='word_1_563' title='bbox 2572 1086 2774 1158; x_wconf 84' lang='grc' dir='ltr'>ἀρετῆς</span> <span class='ocrx_word' id='word_1_564' title='bbox 2805 1084 2974 1157; x_wconf 82' lang='grc' dir='ltr'>βλάϐη</span> <span class='ocrx_word' id='word_1_565' title='bbox 3020 1085 3082 1138; x_wconf 84' lang='grc' dir='ltr'>τὸ</span> <span class='ocrx_word' id='word_1_566' title='bbox 3113 1083 3545 1156; x_wconf 87' lang='grc' dir='ltr'>παρατραπῆναι</span> <span class='ocrx_word' id='word_1_567' title='bbox 3585 1081 3683 1136; x_wconf 78' lang='grc' dir='ltr'>καὶ</span> <span class='ocrx_word' id='word_1_568' title='bbox 3711 1081 3795 1145; x_wconf 87' lang='grc' dir='ltr'>είς</span> 
     </span>
    </p>
   </div>
   <div class='ocr_carea' id='block_1_75' title="bbox 2114 1163 3796 1242">
    <p class='ocr_par' dir='ltr' id='par_1_75' title="bbox 2114 1163 3796 1242">
     <span class='ocr_line' id='line_1_75' title="bbox 2114 1163 3796 1242; baseline -0.004 -18"><span class='ocrx_word' id='word_1_569' title='bbox 2114 1171 2297 1242; x_wconf 79' lang='grc' dir='ltr'>ὀξίνην</span> <span class='ocrx_word' id='word_1_570' title='bbox 2318 1172 2668 1224; x_wconf 84' lang='grc' dir='ltr'>καταπεσεῖν·</span> <span class='ocrx_word' id='word_1_571' title='bbox 2704 1168 2918 1240; x_wconf 89' lang='grc' dir='ltr'>μέλιτος</span> <span class='ocrx_word' id='word_1_572' title='bbox 2949 1166 3028 1233; x_wconf 80' lang='grc' dir='ltr'>δέ,</span> <span class='ocrx_word' id='word_1_573' title='bbox 3058 1166 3122 1220; x_wconf 82' lang='grc' dir='ltr'>τὸ</span> <span class='ocrx_word' id='word_1_574' title='bbox 3149 1167 3251 1238; x_wconf 81' lang='grc' dir='ltr'>τὴν</span> <span class='ocrx_word' id='word_1_575' title='bbox 3281 1165 3563 1236; x_wconf 82' lang='grc' dir='ltr'>σύμφυτον</span> <span class='ocrx_word' id='word_1_576' title='bbox 3588 1163 3796 1220; x_wconf 82' lang='grc' dir='ltr'>ἀπολέ-</span> 
     </span>
    </p>
   </div>
   <div class='ocr_carea' id='block_1_76' title="bbox 2116 1247 3795 1323">
    <p class='ocr_par' dir='ltr' id='par_1_76' title="bbox 2116 1247 3795 1323">
     <span class='ocr_line' id='line_1_76' title="bbox 2116 1247 3795 1323; baseline -0.004 -17"><span class='ocrx_word' id='word_1_577' title='bbox 2116 1270 2208 1309; x_wconf 89' lang='grc' dir='ltr'>σαι</span> <span class='ocrx_word' id='word_1_578' title='bbox 2231 1251 2568 1323; x_wconf 87' lang='grc' dir='ltr'>γλυκύτητα,</span> <span class='ocrx_word' id='word_1_579' title='bbox 2595 1253 2690 1306; x_wconf 80' lang='grc' dir='ltr'>καὶ</span> <span class='ocrx_word' id='word_1_580' title='bbox 2710 1253 2790 1314; x_wconf 86' lang='grc' dir='ltr'>εἰς</span> <span class='ocrx_word' id='word_1_581' title='bbox 2814 1251 3010 1323; x_wconf 77' lang='grc' dir='ltr'>πικρὸν</span> <span class='ocrx_word' id='word_1_582' title='bbox 3031 1248 3422 1320; x_wconf 86' lang='grc' dir='ltr'>κατενεχθῆναι</span> <span class='ocrx_word' id='word_1_583' title='bbox 3455 1248 3652 1318; x_wconf 88' lang='grc' dir='ltr'>χυμόν.</span> <span class='ocrx_word' id='word_1_584' title='bbox 3683 1247 3795 1300; x_wconf 80' lang='grc' dir='ltr'>Λυ-</span> 
     </span>
    </p>
   </div>
   <div class='ocr_carea' id='block_1_77' title="bbox 2119 1330 3792 1409">
    <p class='ocr_par' dir='ltr' id='par_1_77' title="bbox 2119 1330 3792 1409">
     <span class='ocr_line' id='line_1_77' title="bbox 2119 1330 3792 1409; baseline -0.004 -20"><span class='ocrx_word' id='word_1_585' title='bbox 2119 1335 2370 1409; x_wconf 87' lang='grc' dir='ltr'>μαίνεται</span> <span class='ocrx_word' id='word_1_586' title='bbox 2401 1335 2458 1386; x_wconf 87' lang='grc' dir='ltr'>δέ</span> <span class='ocrx_word' id='word_1_587' title='bbox 2482 1333 2577 1388; x_wconf 78' lang='grc' dir='ltr'>καὶ</span> <span class='ocrx_word' id='word_1_588' title='bbox 2609 1332 2777 1401; x_wconf 81' lang='grc' dir='ltr'>ληῖων</span> <span class='ocrx_word' id='word_1_589' title='bbox 2808 1334 3010 1404; x_wconf 89' lang='grc' dir='ltr'>κόμαις</span> <span class='ocrx_word' id='word_1_590' title='bbox 3041 1331 3275 1406; x_wconf 87' lang='grc' dir='ltr'>ἐρυσίϐη</span> <span class='ocrx_word' id='word_1_591' title='bbox 3297 1332 3391 1386; x_wconf 79' lang='grc' dir='ltr'>καὶ</span> <span class='ocrx_word' id='word_1_592' title='bbox 3411 1330 3644 1401; x_wconf 82' lang='grc' dir='ltr'>αὐχμὸς,</span> <span class='ocrx_word' id='word_1_593' title='bbox 3697 1330 3792 1382; x_wconf 73' lang='grc' dir='ltr'>καὶ</span> 
     </span>
    </p>
   </div>
   <div class='ocr_carea' id='block_1_78' title="bbox 2114 1412 3792 1488">
    <p class='ocr_par' dir='ltr' id='par_1_78' title="bbox 2114 1412 3792 1488">
     <span class='ocr_line' id='line_1_78' title="bbox 2114 1412 3792 1488; baseline -0.003 -17"><span class='ocrx_word' id='word_1_594' title='bbox 2114 1417 2376 1487; x_wconf 84' lang='grc' dir='ltr'>ἀμπέλων</span> <span class='ocrx_word' id='word_1_595' title='bbox 2397 1415 2614 1488; x_wconf 83' lang='grc' dir='ltr'>καρπῷ,</span> <span class='ocrx_word' id='word_1_596' title='bbox 2651 1417 2744 1469; x_wconf 76' lang='grc' dir='ltr'>καὶ</span> <span class='ocrx_word' id='word_1_597' title='bbox 2793 1415 3034 1485; x_wconf 84' lang='grc' dir='ltr'>φύλλοις,</span> <span class='ocrx_word' id='word_1_598' title='bbox 3074 1417 3166 1469; x_wconf 81' lang='grc' dir='ltr'>καὶ</span> <span class='ocrx_word' id='word_1_599' title='bbox 3194 1416 3438 1486; x_wconf 84' lang='grc' dir='ltr'>κλήμασι</span> <span class='ocrx_word' id='word_1_600' title='bbox 3465 1412 3529 1467; x_wconf 81' lang='grc' dir='ltr'>τὸ</span> <span class='ocrx_word' id='word_1_601' title='bbox 3548 1412 3792 1483; x_wconf 78' lang='grc' dir='ltr'>πονηρὸν</span> 
     </span>
    </p>
   </div>
   <div class='ocr_carea' id='block_1_79' title="bbox 2114 1496 3797 1572">
    <p class='ocr_par' dir='ltr' id='par_1_79' title="bbox 2114 1496 3797 1572">
     <span class='ocr_line' id='line_1_79' title="bbox 2114 1496 3797 1572; baseline -0.004 -18"><span class='ocrx_word' id='word_1_602' title='bbox 2114 1501 2224 1555; x_wconf 81' lang='grc' dir='ltr'>τῶν</span> <span class='ocrx_word' id='word_1_603' title='bbox 2249 1501 2485 1572; x_wconf 84' lang='grc' dir='ltr'>ἀκρίδων</span> <span class='ocrx_word' id='word_1_604' title='bbox 2519 1499 2902 1571; x_wconf 85' lang='grc' dir='ltr'>στρατόπεδον,</span> <span class='ocrx_word' id='word_1_605' title='bbox 2925 1500 3020 1554; x_wconf 80' lang='grc' dir='ltr'>καὶ</span> <span class='ocrx_word' id='word_1_606' title='bbox 3049 1498 3256 1571; x_wconf 81' lang='grc' dir='ltr'>ἑτέροις</span> <span class='ocrx_word' id='word_1_607' title='bbox 3279 1498 3557 1570; x_wconf 81' lang='grc' dir='ltr'>δένδρεσιν</span> <span class='ocrx_word' id='word_1_608' title='bbox 3579 1497 3615 1567; x_wconf 85' lang='grc' dir='ltr'>ἡ</span> <span class='ocrx_word' id='word_1_609' title='bbox 3647 1496 3797 1568; x_wconf 84' lang='grc' dir='ltr'>κάμ-</span> 
     </span>
    </p>
   </div>
   <div class='ocr_carea' id='block_1_80' title="bbox 2116 1577 3795 1654">
    <p class='ocr_par' dir='ltr' id='par_1_80' title="bbox 2116 1577 3795 1654">
     <span class='ocr_line' id='line_1_80' title="bbox 2116 1577 3795 1654; baseline -0.005 -16"><span class='ocrx_word' id='word_1_610' title='bbox 2116 1601 2216 1654; x_wconf 87' lang='grc' dir='ltr'>πη,</span> <span class='ocrx_word' id='word_1_611' title='bbox 2247 1583 2344 1637; x_wconf 76' lang='grc' dir='ltr'>καὶ</span> <span class='ocrx_word' id='word_1_612' title='bbox 2385 1583 2602 1654; x_wconf 89' lang='grc' dir='ltr'>σώμασι</span> <span class='ocrx_word' id='word_1_613' title='bbox 2634 1582 2692 1636; x_wconf 81' lang='grc' dir='ltr'>δέ</span> <span class='ocrx_word' id='word_1_614' title='bbox 2723 1581 2943 1650; x_wconf 85' lang='grc' dir='ltr'>ἀλόγοις</span> <span class='ocrx_word' id='word_1_615' title='bbox 2970 1581 3194 1636; x_wconf 85' lang='grc' dir='ltr'>ποικίλα</span> <span class='ocrx_word' id='word_1_616' title='bbox 3232 1587 3536 1652; x_wconf 79' lang='grc' dir='ltr'>νοσήματαο</span> <span class='ocrx_word' id='word_1_617' title='bbox 3561 1582 3662 1632; x_wconf 81' lang='grc' dir='ltr'>καὶ</span> <span class='ocrx_word' id='word_1_618' title='bbox 3703 1577 3795 1631; x_wconf 82' lang='grc' dir='ltr'>ἵνα</span> 
     </span>
    </p>
   </div>
   <div class='ocr_carea' id='block_1_81' title="bbox 2117 1660 3792 1739">
    <p class='ocr_par' dir='ltr' id='par_1_81' title="bbox 2117 1660 3792 1739">
     <span class='ocr_line' id='line_1_81' title="bbox 2117 1660 3792 1739; baseline -0.004 -19"><span class='ocrx_word' id='word_1_619' title='bbox 2117 1667 2194 1739; x_wconf 81' lang='grc' dir='ltr'>μὴ</span> <span class='ocrx_word' id='word_1_620' title='bbox 2219 1669 2395 1722; x_wconf 87' lang='grc' dir='ltr'>πάντα</span> <span class='ocrx_word' id='word_1_621' title='bbox 2418 1665 2727 1733; x_wconf 84' lang='grc' dir='ltr'>ἐπεξιόντες</span> <span class='ocrx_word' id='word_1_622' title='bbox 2766 1665 2977 1737; x_wconf 83' lang='grc' dir='ltr'>μακρὸν</span> <span class='ocrx_word' id='word_1_623' title='bbox 3007 1666 3326 1736; x_wconf 83' lang='grc' dir='ltr'>ποιήσωμεν</span> <span class='ocrx_word' id='word_1_624' title='bbox 3355 1663 3448 1718; x_wconf 82' lang='grc' dir='ltr'>τὸν</span> <span class='ocrx_word' id='word_1_625' title='bbox 3480 1660 3662 1732; x_wconf 87' lang='grc' dir='ltr'>λόγον.</span> <span class='ocrx_word' id='word_1_626' title='bbox 3699 1660 3792 1715; x_wconf 74' lang='grc' dir='ltr'>καὶ</span> 
     </span>
    </p>
   </div>
   <div class='ocr_carea' id='block_1_82' title="bbox 2114 1743 3794 1821">
    <p class='ocr_par' dir='ltr' id='par_1_82' title="bbox 2114 1743 3794 1821">
     <span class='ocr_line' id='line_1_82' title="bbox 2114 1743 3794 1821; baseline -0.002 -19"><span class='ocrx_word' id='word_1_627' title='bbox 2114 1750 2180 1820; x_wconf 78' lang='grc' dir='ltr'>τῇ</span> <span class='ocrx_word' id='word_1_628' title='bbox 2201 1748 2370 1821; x_wconf 80' lang='grc' dir='ltr'>σαρκὶ</span> <span class='ocrx_word' id='word_1_629' title='bbox 2388 1748 2445 1803; x_wconf 86' lang='grc' dir='ltr'>δέ</span> <span class='ocrx_word' id='word_1_630' title='bbox 2479 1750 2546 1820; x_wconf 73' lang='grc' dir='ltr'>τῇ</span> <span class='ocrx_word' id='word_1_631' title='bbox 2582 1744 2832 1820; x_wconf 71' lang='grc' dir='ltr'>ήμετέρᾳ</span> <span class='ocrx_word' id='word_1_632' title='bbox 2853 1749 2949 1801; x_wconf 79' lang='grc' dir='ltr'>καὶ</span> <span class='ocrx_word' id='word_1_633' title='bbox 2979 1748 3226 1818; x_wconf 76' lang='grc' dir='ltr'>πυρετοὶ,</span> <span class='ocrx_word' id='word_1_634' title='bbox 3255 1747 3349 1800; x_wconf 77' lang='grc' dir='ltr'>καὶ</span> <span class='ocrx_word' id='word_1_635' title='bbox 3372 1743 3662 1818; x_wconf 82' lang='grc' dir='ltr'>παρέσεις,</span> <span class='ocrx_word' id='word_1_636' title='bbox 3697 1748 3794 1799; x_wconf 81' lang='grc' dir='ltr'>καὶ</span> 
     </span>
    </p>
   </div>
   <div class='ocr_carea' id='block_1_83' title="bbox 2114 1823 3795 1904">
    <p class='ocr_par' dir='ltr' id='par_1_83' title="bbox 2114 1823 3795 1904">
     <span class='ocr_line' id='line_1_83' title="bbox 2114 1823 3795 1904; baseline -0.004 -18"><span class='ocrx_word' id='word_1_637' title='bbox 2114 1831 2318 1904; x_wconf 80' lang='grc' dir='ltr'>ἐτέρων</span> <span class='ocrx_word' id='word_1_638' title='bbox 2347 1831 2670 1902; x_wconf 89' lang='grc' dir='ltr'>νοσημάτων</span> <span class='ocrx_word' id='word_1_639' title='bbox 2719 1831 2908 1901; x_wconf 77' lang='grc' dir='ltr'>ἐσμός.</span> <span class='ocrx_word' id='word_1_640' title='bbox 2937 1830 3150 1901; x_wconf 74' lang='grc' dir='ltr'>’Ὥσπερ</span> <span class='ocrx_word' id='word_1_641' title='bbox 3180 1823 3273 1882; x_wconf 88' lang='grc' dir='ltr'>οῦν</span> <span class='ocrx_word' id='word_1_642' title='bbox 3299 1827 3507 1884; x_wconf 90' lang='grc' dir='ltr'>τούτων</span> <span class='ocrx_word' id='word_1_643' title='bbox 3555 1827 3795 1881; x_wconf 69' lang='grc' dir='ltr'>ἕκαστον</span> 
     </span>
    </p>
   </div>
   <div class='ocr_carea' id='block_1_84' title="bbox 2115 1909 3772 1988">
    <p class='ocr_par' dir='ltr' id='par_1_84' title="bbox 2115 1909 3772 1988">
     <span class='ocr_line' id='line_1_84' title="bbox 2115 1909 3772 1988; baseline -0.004 -19"><span class='ocrx_word' id='word_1_644' title='bbox 2115 1915 2228 1988; x_wconf 77' lang='grc' dir='ltr'>ἔχει</span> <span class='ocrx_word' id='word_1_645' title='bbox 2261 1914 2324 1968; x_wconf 82' lang='grc' dir='ltr'>τὸ</span> <span class='ocrx_word' id='word_1_646' title='bbox 2349 1911 2498 1987; x_wconf 73' lang='grc'>[446]</span> <span class='ocrx_word' id='word_1_647' title='bbox 2537 1912 2934 1984; x_wconf 86' lang='grc' dir='ltr'>λυμαινόμενον</span> <span class='ocrx_word' id='word_1_648' title='bbox 2966 1909 3132 1965; x_wconf 89' lang='grc' dir='ltr'>αὐτοῦ</span> <span class='ocrx_word' id='word_1_649' title='bbox 3158 1913 3226 1980; x_wconf 77' lang='grc' dir='ltr'>τῇ</span> <span class='ocrx_word' id='word_1_650' title='bbox 3273 1911 3466 1984; x_wconf 79' lang='grc' dir='ltr'>ἀρετῇ,</span> <span class='ocrx_word' id='word_1_651' title='bbox 3497 1909 3634 1980; x_wconf 75' lang='grc' dir='ltr'>φέρε</span> <span class='ocrx_word' id='word_1_652' title='bbox 3667 1924 3772 1964; x_wconf 81' lang='grc' dir='ltr'>σκο</span> 
     </span>
    </p>
   </div>
   <div class='ocr_carea' id='block_1_85' title="bbox 2115 1988 3792 2069">
    <p class='ocr_par' dir='ltr' id='par_1_85' title="bbox 2115 1988 3792 2069">
     <span class='ocr_line' id='line_1_85' title="bbox 2115 1988 3792 2069; baseline -0.004 -17"><span class='ocrx_word' id='word_1_653' title='bbox 2115 1999 2383 2069; x_wconf 85' lang='grc' dir='ltr'>πήσωμεν</span> <span class='ocrx_word' id='word_1_654' title='bbox 2403 1995 2584 2069; x_wconf 69' lang='grc' dir='ltr'>τίκαὶ</span> <span class='ocrx_word' id='word_1_655' title='bbox 2610 1994 2672 2048; x_wconf 84' lang='grc' dir='ltr'>τὸ</span> <span class='ocrx_word' id='word_1_656' title='bbox 2702 1993 2812 2048; x_wconf 90' lang='grc' dir='ltr'>τῶν</span> <span class='ocrx_word' id='word_1_657' title='bbox 2837 1991 3142 2065; x_wconf 63' lang='grc' dir='ltr'>ἀνθρώπων</span> <span class='ocrx_word' id='word_1_658' title='bbox 3185 1992 3569 2066; x_wconf 82' lang='grc' dir='ltr'>παραϐλάπτει</span> <span class='ocrx_word' id='word_1_659' title='bbox 3606 1988 3792 2059; x_wconf 79' lang='grc' dir='ltr'>γένος.</span> 
     </span>
    </p>
   </div>
   <div class='ocr_carea' id='block_1_86' title="bbox 2115 2063 3793 2148">
    <p class='ocr_par' dir='ltr' id='par_1_86' title="bbox 2115 2063 3793 2148">
     <span class='ocr_line' id='line_1_86' title="bbox 2115 2063 3793 2148; baseline -0.005 -14"><span class='ocrx_word' id='word_1_660' title='bbox 2115 2063 2210 2134; x_wconf 74' lang='grc' dir='ltr'>καὶ</span> <span class='ocrx_word' id='word_1_661' title='bbox 2239 2063 2296 2134; x_wconf 81' lang='grc' dir='ltr'>τί</span> <span class='ocrx_word' id='word_1_662' title='bbox 2321 2063 2603 2132; x_wconf 74' lang='grc' dir='ltr'>ποτέέστι</span> <span class='ocrx_word' id='word_1_663' title='bbox 2637 2076 2698 2132; x_wconf 79' lang='grc' dir='ltr'>τὸ</span> <span class='ocrx_word' id='word_1_664' title='bbox 2724 2063 3121 2148; x_wconf 74' lang='grc' dir='ltr'>λυμαινόμενον</span> <span class='ocrx_word' id='word_1_665' title='bbox 3151 2063 3440 2148; x_wconf 83' lang='grc' dir='ltr'>ἀνθρώπου</span> <span class='ocrx_word' id='word_1_666' title='bbox 3469 2075 3696 2146; x_wconf 82' lang='grc' dir='ltr'>ἀρετήν.</span> <span class='ocrx_word' id='word_1_667' title='bbox 3730 2072 3793 2126; x_wconf 85' lang='grc' dir='ltr'>Οί</span> 
     </span>
    </p>
   </div>
   <div class='ocr_carea' id='block_1_87' title="bbox 2118 2157 3795 2236">
    <p class='ocr_par' dir='ltr' id='par_1_87' title="bbox 2118 2157 3795 2236">
     <span class='ocr_line' id='line_1_87' title="bbox 2118 2157 3795 2236; baseline -0.005 -19"><span class='ocrx_word' id='word_1_668' title='bbox 2118 2162 2217 2236; x_wconf 77' lang='grc' dir='ltr'>μὲν</span> <span class='ocrx_word' id='word_1_669' title='bbox 2248 2157 2342 2219; x_wconf 84' lang='grc' dir='ltr'>οὖν</span> <span class='ocrx_word' id='word_1_670' title='bbox 2365 2159 2553 2214; x_wconf 79' lang='grc' dir='ltr'>πολλοὶ</span> <span class='ocrx_word' id='word_1_671' title='bbox 2585 2161 2753 2231; x_wconf 73' lang='grc' dir='ltr'>ἕτερά</span> <span class='ocrx_word' id='word_1_672' title='bbox 2787 2176 2908 2213; x_wconf 91' lang='grc' dir='ltr'>τινα</span> <span class='ocrx_word' id='word_1_673' title='bbox 2944 2158 3077 2213; x_wconf 78' lang='grc' dir='ltr'>ἀλλα</span> <span class='ocrx_word' id='word_1_674' title='bbox 3104 2159 3408 2230; x_wconf 79' lang='grc' dir='ltr'>νομίζουσι.</span> <span class='ocrx_word' id='word_1_675' title='bbox 3445 2159 3537 2211; x_wconf 90' lang='grc' dir='ltr'>Δεῖ</span> <span class='ocrx_word' id='word_1_676' title='bbox 3554 2157 3668 2226; x_wconf 83' lang='grc' dir='ltr'>γὰρ</span> <span class='ocrx_word' id='word_1_677' title='bbox 3694 2157 3795 2236; x_wconf 77' lang='grc' dir='ltr'>καὶ</span> 
     </span>
    </p>
   </div>
   <div class='ocr_carea' id='block_1_88' title="bbox 2112 2235 3792 2315">
    <p class='ocr_par' dir='ltr' id='par_1_88' title="bbox 2112 2235 3792 2315">
     <span class='ocr_line' id='line_1_88' title="bbox 2112 2235 3792 2315; baseline -0.007 -15"><span class='ocrx_word' id='word_1_678' title='bbox 2112 2235 2212 2310; x_wconf 79' lang='grc' dir='ltr'>τὰς</span> <span class='ocrx_word' id='word_1_679' title='bbox 2245 2243 2670 2315; x_wconf 86' lang='grc' dir='ltr'>πεπλανημένας</span> <span class='ocrx_word' id='word_1_680' title='bbox 2705 2239 2863 2308; x_wconf 82' lang='grc' dir='ltr'>δόξας</span> <span class='ocrx_word' id='word_1_681' title='bbox 2893 2243 3093 2305; x_wconf 76' lang='grc' dir='ltr'>εἰπεῖν,</span> <span class='ocrx_word' id='word_1_682' title='bbox 3142 2242 3234 2294; x_wconf 73' lang='grc' dir='ltr'>καὶ</span> <span class='ocrx_word' id='word_1_683' title='bbox 3279 2239 3574 2302; x_wconf 86' lang='grc' dir='ltr'>ἀνελόντας</span> <span class='ocrx_word' id='word_1_684' title='bbox 3594 2235 3792 2300; x_wconf 85' lang='grc' dir='ltr'>αὐτάς,</span> 
     </span>
    </p>
   </div>
   <div class='ocr_carea' id='block_1_89' title="bbox 2112 2318 3795 2400">
    <p class='ocr_par' dir='ltr' id='par_1_89' title="bbox 2112 2318 3795 2400">
     <span class='ocr_line' id='line_1_89' title="bbox 2112 2318 3795 2400; baseline -0.007 -15"><span class='ocrx_word' id='word_1_685' title='bbox 2112 2330 2257 2385; x_wconf 77' lang='grc' dir='ltr'>οὕτω</span> <span class='ocrx_word' id='word_1_686' title='bbox 2293 2328 2390 2400; x_wconf 77' lang='grc' dir='ltr'>τὴν</span> <span class='ocrx_word' id='word_1_687' title='bbox 2425 2327 2595 2390; x_wconf 77' lang='grc' dir='ltr'>ὅντως</span> <span class='ocrx_word' id='word_1_688' title='bbox 2636 2324 3047 2397; x_wconf 87' lang='grc' dir='ltr'>λυμαινομένην</span> <span class='ocrx_word' id='word_1_689' title='bbox 3085 2321 3243 2396; x_wconf 87' lang='grc' dir='ltr'>ἡμῶν</span> <span class='ocrx_word' id='word_1_690' title='bbox 3284 2325 3402 2385; x_wconf 88' lang='grc' dir='ltr'>ταῖς</span> <span class='ocrx_word' id='word_1_691' title='bbox 3435 2322 3662 2392; x_wconf 87' lang='grc' dir='ltr'>ἀρεταῖς</span> <span class='ocrx_word' id='word_1_692' title='bbox 3711 2318 3795 2383; x_wconf 81' lang='grc' dir='ltr'>εἰς</span> 
     </span>
    </p>
   </div>
   <div class='ocr_carea' id='block_1_90' title="bbox 2117 2403 3796 2486">
    <p class='ocr_par' dir='ltr' id='par_1_90' title="bbox 2117 2403 3796 2486">
     <span class='ocr_line' id='line_1_90' title="bbox 2117 2403 3796 2486; baseline -0.007 -19"><span class='ocrx_word' id='word_1_693' title='bbox 2117 2413 2281 2486; x_wconf 88' lang='grc' dir='ltr'>μέσον</span> <span class='ocrx_word' id='word_1_694' title='bbox 2300 2412 2550 2481; x_wconf 86' lang='grc' dir='ltr'>ἀγαγεῖν,</span> <span class='ocrx_word' id='word_1_695' title='bbox 2566 2410 2662 2463; x_wconf 82' lang='grc' dir='ltr'>καὶ</span> <span class='ocrx_word' id='word_1_696' title='bbox 2689 2408 2856 2475; x_wconf 81' lang='grc' dir='ltr'>δεῖξαι</span> <span class='ocrx_word' id='word_1_697' title='bbox 2875 2407 3085 2475; x_wconf 80' lang='grc' dir='ltr'>σαφῶς,</span> <span class='ocrx_word' id='word_1_698' title='bbox 3113 2408 3195 2460; x_wconf 86' lang='grc' dir='ltr'>ὅτι</span> <span class='ocrx_word' id='word_1_699' title='bbox 3219 2405 3423 2476; x_wconf 91' lang='grc' dir='ltr'>ταύτην</span> <span class='ocrx_word' id='word_1_700' title='bbox 3450 2405 3599 2476; x_wconf 78' lang='grc' dir='ltr'>ἡμᾶς</span> <span class='ocrx_word' id='word_1_701' title='bbox 3617 2403 3796 2486; x_wconf 79' lang='grc' dir='ltr'>οὐδεὶς</span> 
     </span>
    </p>
   </div>
   <div class='ocr_carea' id='block_1_91' title="bbox 2111 2485 3796 2563">
    <p class='ocr_par' dir='ltr' id='par_1_91' title="bbox 2111 2485 3796 2563">
     <span class='ocr_line' id='line_1_91' title="bbox 2111 2485 3796 2563; baseline -0.007 -12"><span class='ocrx_word' id='word_1_702' title='bbox 2111 2485 2314 2552; x_wconf 83' lang='grc' dir='ltr'>δύναιτ’</span> <span class='ocrx_word' id='word_1_703' title='bbox 2341 2493 2408 2548; x_wconf 85' lang='grc' dir='ltr'>ἂν</span> <span class='ocrx_word' id='word_1_704' title='bbox 2441 2492 2700 2563; x_wconf 87' lang='grc' dir='ltr'>ἀδικῆσαι</span> <span class='ocrx_word' id='word_1_705' title='bbox 2733 2491 2832 2563; x_wconf 77' lang='grc' dir='ltr'>τὴν</span> <span class='ocrx_word' id='word_1_706' title='bbox 2861 2490 3102 2557; x_wconf 85' lang='grc' dir='ltr'>ἀδικίαν,</span> <span class='ocrx_word' id='word_1_707' title='bbox 3151 2488 3271 2543; x_wconf 86' lang='grc' dir='ltr'>οὐδέ</span> <span class='ocrx_word' id='word_1_708' title='bbox 3309 2486 3658 2559; x_wconf 81' lang='grc' dir='ltr'>λυμήνασθαι</span> <span class='ocrx_word' id='word_1_709' title='bbox 3692 2485 3796 2558; x_wconf 78' lang='grc' dir='ltr'>τὴν</span> 
     </span>
    </p>
   </div>
   <div class='ocr_carea' id='block_1_92' title="bbox 2114 2565 3800 2652">
    <p class='ocr_par' dir='ltr' id='par_1_92' title="bbox 2114 2565 3800 2652">
     <span class='ocr_line' id='line_1_92' title="bbox 2114 2565 3800 2652; baseline -0.008 -18"><span class='ocrx_word' id='word_1_710' title='bbox 2114 2579 2317 2652; x_wconf 89' lang='grc' dir='ltr'>λύμην,</span> <span class='ocrx_word' id='word_1_711' title='bbox 2342 2579 2391 2632; x_wconf 89' lang='grc' dir='ltr'>εἰ</span> <span class='ocrx_word' id='word_1_712' title='bbox 2417 2577 2492 2648; x_wconf 79' lang='grc' dir='ltr'>μὴ</span> <span class='ocrx_word' id='word_1_713' title='bbox 2521 2575 2675 2630; x_wconf 73' lang='grc' dir='ltr'>αὐτοὶ</span> <span class='ocrx_word' id='word_1_714' title='bbox 2691 2576 2916 2639; x_wconf 76' lang='grc' dir='ltr'>ἑαυτοὺς</span> <span class='ocrx_word' id='word_1_715' title='bbox 2937 2573 3290 2644; x_wconf 87' lang='grc' dir='ltr'>προδοίημεν.</span> <span class='ocrx_word' id='word_1_716' title='bbox 3325 2571 3391 2624; x_wconf 85' lang='grc' dir='ltr'>Οἱ</span> <span class='ocrx_word' id='word_1_717' title='bbox 3425 2570 3526 2641; x_wconf 89' lang='grc' dir='ltr'>μέν</span> <span class='ocrx_word' id='word_1_718' title='bbox 3552 2565 3644 2623; x_wconf 81' lang='grc' dir='ltr'>οὖν</span> <span class='ocrx_word' id='word_1_719' title='bbox 3664 2569 3800 2652; x_wconf 67' lang='grc' dir='ltr'>πυλ-</span> 
     </span>
    </p>
   </div>
   <div class='ocr_carea' id='block_1_93' title="bbox 2115 2645 3799 2729">
    <p class='ocr_par' dir='ltr' id='par_1_93' title="bbox 2115 2645 3799 2729">
     <span class='ocr_line' id='line_1_93' title="bbox 2115 2645 3799 2729; baseline -0.008 -12"><span class='ocrx_word' id='word_1_720' title='bbox 2115 2645 2200 2718; x_wconf 64' lang='grc' dir='ltr'>λοί</span> <span class='ocrx_word' id='word_1_721' title='bbox 2235 2645 2667 2729; x_wconf 51' lang='grc' dir='ltr'>πεπλαήμένας</span> <span class='ocrx_word' id='word_1_722' title='bbox 2705 2655 2924 2728; x_wconf 70' lang='grc' dir='ltr'>ἔχοντες</span> <span class='ocrx_word' id='word_1_723' title='bbox 2963 2656 3140 2720; x_wconf 81' lang='grc' dir='ltr'>δόξας,</span> <span class='ocrx_word' id='word_1_724' title='bbox 3173 2656 3338 2725; x_wconf 85' lang='grc' dir='ltr'>’ἐτερα</span> <span class='ocrx_word' id='word_1_725' title='bbox 3367 2653 3681 2724; x_wconf 71' lang='grc' dir='ltr'>νομίζουσιν</span> <span class='ocrx_word' id='word_1_726' title='bbox 3711 2645 3799 2706; x_wconf 72' lang='lat' dir='ltr'>d-</span> 
     </span>
    </p>
   </div>
   <div class='ocr_carea' id='block_1_94' title="bbox 2116 2736 3799 2814">
    <p class='ocr_par' dir='ltr' id='par_1_94' title="bbox 2116 2736 3799 2814">
     <span class='ocr_line' id='line_1_94' title="bbox 2116 2736 3799 2814; baseline -0.005 -15"><span class='ocrx_word' id='word_1_727' title='bbox 2116 2763 2203 2799; x_wconf 84' lang='grc' dir='ltr'>ναι</span> <span class='ocrx_word' id='word_1_728' title='bbox 2234 2745 2305 2800; x_wconf 84' lang='grc' dir='ltr'>τά</span> <span class='ocrx_word' id='word_1_729' title='bbox 2331 2743 2702 2814; x_wconf 89' lang='grc' dir='ltr'>λυμαινόμενα</span> <span class='ocrx_word' id='word_1_730' title='bbox 2734 2740 2893 2812; x_wconf 84' lang='grc' dir='ltr'>ἡμῶν</span> <span class='ocrx_word' id='word_1_731' title='bbox 2921 2743 2988 2812; x_wconf 73' lang='grc' dir='ltr'>τῇ</span> <span class='ocrx_word' id='word_1_732' title='bbox 3017 2740 3185 2811; x_wconf 78' lang='grc' dir='ltr'>ἀρετῇ</span> <span class='ocrx_word' id='word_1_733' title='bbox 3215 2737 3264 2803; x_wconf 74' lang='grc' dir='ltr'>ά,</span> <span class='ocrx_word' id='word_1_734' title='bbox 3297 2739 3347 2791; x_wconf 88' lang='grc' dir='ltr'>οἰ</span> <span class='ocrx_word' id='word_1_735' title='bbox 3375 2737 3474 2808; x_wconf 84' lang='grc' dir='ltr'>μὲν</span> <span class='ocrx_word' id='word_1_736' title='bbox 3502 2736 3718 2800; x_wconf 83' lang='grc' dir='ltr'>πενίαν,</span> <span class='ocrx_word' id='word_1_737' title='bbox 3744 2736 3799 2790; x_wconf 83' lang='grc' dir='ltr'>οἰ</span> 
     </span>
    </p>
   </div>
   <div class='ocr_carea' id='block_1_95' title="bbox 2113 2819 3800 2898">
    <p class='ocr_par' dir='ltr' id='par_1_95' title="bbox 2113 2819 3800 2898">
     <span class='ocr_line' id='line_1_95' title="bbox 2113 2819 3800 2898; baseline -0.007 -15"><span class='ocrx_word' id='word_1_738' title='bbox 2113 2828 2171 2883; x_wconf 76' lang='grc' dir='ltr'>δὲ</span> <span class='ocrx_word' id='word_1_739' title='bbox 2203 2827 2360 2882; x_wconf 91' lang='grc' dir='ltr'>νόσον</span> <span class='ocrx_word' id='word_1_740' title='bbox 2381 2826 2654 2898; x_wconf 89' lang='grc' dir='ltr'>σώματος,</span> <span class='ocrx_word' id='word_1_741' title='bbox 2686 2826 2734 2879; x_wconf 89' lang='grc' dir='ltr'>οί</span> <span class='ocrx_word' id='word_1_742' title='bbox 2767 2822 2826 2878; x_wconf 77' lang='grc' dir='ltr'>δέ</span> <span class='ocrx_word' id='word_1_743' title='bbox 2862 2823 2962 2894; x_wconf 82' lang='grc' dir='ltr'>τὴν</span> <span class='ocrx_word' id='word_1_744' title='bbox 2989 2823 3046 2876; x_wconf 87' lang='grc' dir='ltr'>ἐν</span> <span class='ocrx_word' id='word_1_745' title='bbox 3079 2825 3324 2893; x_wconf 76' lang='grc' dir='ltr'>χρήμασι</span> <span class='ocrx_word' id='word_1_746' title='bbox 3357 2819 3584 2892; x_wconf 80' lang='grc' dir='ltr'>ζημίαν,</span> <span class='ocrx_word' id='word_1_747' title='bbox 3614 2819 3800 2889; x_wconf 73' lang='grc' dir='ltr'>ἕτεροι</span> 
     </span>
    </p>
   </div>
   <div class='ocr_carea' id='block_1_96' title="bbox 2117 2903 3801 2980">
    <p class='ocr_par' dir='ltr' id='par_1_96' title="bbox 2117 2903 3801 2980">
     <span class='ocr_line' id='line_1_96' title="bbox 2117 2903 3801 2980; baseline -0.004 -16"><span class='ocrx_word' id='word_1_748' title='bbox 2117 2911 2503 2980; x_wconf 84' lang='grc' dir='ltr'>συκοφαντίαν,</span> <span class='ocrx_word' id='word_1_749' title='bbox 2561 2908 2716 2964; x_wconf 77' lang='grc' dir='ltr'>ἄλλοι</span> <span class='ocrx_word' id='word_1_750' title='bbox 2760 2905 3013 2969; x_wconf 90' lang='grc' dir='ltr'>θάνατον,</span> <span class='ocrx_word' id='word_1_751' title='bbox 3057 2906 3150 2959; x_wconf 71' lang='grc' dir='ltr'>καὶ</span> <span class='ocrx_word' id='word_1_752' title='bbox 3183 2904 3353 2958; x_wconf 88' lang='grc' dir='ltr'>ταῦτα</span> <span class='ocrx_word' id='word_1_753' title='bbox 3394 2903 3801 2974; x_wconf 84' lang='grc' dir='ltr'>ἀποδυρόμενοι</span> 
     </span>
    </p>
   </div>
   <div class='ocr_carea' id='block_1_97' title="bbox 2115 2984 3804 3065">
    <p class='ocr_par' dir='ltr' id='par_1_97' title="bbox 2115 2984 3804 3065">
     <span class='ocr_line' id='line_1_97' title="bbox 2115 2984 3804 3065; baseline -0.005 -18"><span class='ocrx_word' id='word_1_754' title='bbox 2115 2994 2210 3048; x_wconf 73' lang='grc' dir='ltr'>καὶ</span> <span class='ocrx_word' id='word_1_755' title='bbox 2239 2991 2566 3065; x_wconf 79' lang='grc' dir='ltr'>θρηνοῦντες</span> <span class='ocrx_word' id='word_1_756' title='bbox 2600 2990 2927 3044; x_wconf 66' lang='grc' dir='ltr'>διατελοῦσυ</span> <span class='ocrx_word' id='word_1_757' title='bbox 2959 2989 3053 3042; x_wconf 75' lang='grc' dir='ltr'>καὶ</span> <span class='ocrx_word' id='word_1_758' title='bbox 3088 2989 3217 3051; x_wconf 81' lang='grc' dir='ltr'>τοὺς</span> <span class='ocrx_word' id='word_1_759' title='bbox 3249 2988 3558 3058; x_wconf 87' lang='grc' dir='ltr'>πάσχοντας</span> <span class='ocrx_word' id='word_1_760' title='bbox 3579 2984 3804 3040; x_wconf 80' lang='grc' dir='ltr'>ἐλεοῦν-</span> 
     </span>
    </p>
   </div>
   <div class='ocr_carea' id='block_1_98' title="bbox 2114 3071 3804 3148">
    <p class='ocr_par' dir='ltr' id='par_1_98' title="bbox 2114 3071 3804 3148">
     <span class='ocr_line' id='line_1_98' title="bbox 2114 3071 3804 3148; baseline -0.005 -16"><span class='ocrx_word' id='word_1_761' title='bbox 2114 3094 2223 3142; x_wconf 89' lang='grc' dir='ltr'>τες,</span> <span class='ocrx_word' id='word_1_762' title='bbox 2256 3078 2352 3132; x_wconf 76' lang='grc' dir='ltr'>καὶ</span> <span class='ocrx_word' id='word_1_763' title='bbox 2371 3075 2725 3148; x_wconf 85' lang='grc' dir='ltr'>δακρύοντες,</span> <span class='ocrx_word' id='word_1_764' title='bbox 2760 3075 2860 3129; x_wconf 70' lang='grc' dir='ltr'>καὶ</span> <span class='ocrx_word' id='word_1_765' title='bbox 2905 3073 3330 3144; x_wconf 81' lang='grc' dir='ltr'>ἐκπληττόμενοι</span> <span class='ocrx_word' id='word_1_766' title='bbox 3357 3072 3496 3142; x_wconf 76' lang='grc' dir='ltr'>πρὸς</span> <span class='ocrx_word' id='word_1_767' title='bbox 3531 3071 3804 3142; x_wconf 82' lang='grc' dir='ltr'>ἀλλήλους</span> 
     </span>
    </p>
   </div>
   <div class='ocr_carea' id='block_1_99' title="bbox 2115 3153 3803 3232">
    <p class='ocr_par' dir='ltr' id='par_1_99' title="bbox 2115 3153 3803 3232">
     <span class='ocr_line' id='line_1_99' title="bbox 2115 3153 3803 3232; baseline -0.007 -16"><span class='ocrx_word' id='word_1_768' title='bbox 2115 3162 2390 3232; x_wconf 88' lang='grc' dir='ltr'>λέγουσιν·</span> <span class='ocrx_word' id='word_1_769' title='bbox 2438 3156 2541 3214; x_wconf 79' lang='grc' dir='ltr'>Οἷα</span> <span class='ocrx_word' id='word_1_770' title='bbox 2584 3159 2855 3212; x_wconf 87' lang='grc' dir='ltr'>πέπονθεν</span> <span class='ocrx_word' id='word_1_771' title='bbox 2899 3160 2928 3212; x_wconf 89' lang='grc' dir='ltr'>ό</span> <span class='ocrx_word' id='word_1_772' title='bbox 2953 3157 3134 3222; x_wconf 88' lang='grc' dir='ltr'>δεῖνα;</span> <span class='ocrx_word' id='word_1_773' title='bbox 3182 3155 3379 3227; x_wconf 88' lang='grc' dir='ltr'>ἀθρόον</span> <span class='ocrx_word' id='word_1_774' title='bbox 3404 3154 3659 3229; x_wconf 78' lang='grc' dir='ltr'>ἀφῃρέθη</span> <span class='ocrx_word' id='word_1_775' title='bbox 3694 3153 3803 3226; x_wconf 84' lang='grc' dir='ltr'>τὴν</span> 
     </span>
    </p>
   </div>
   <div class='ocr_carea' id='block_1_100' title="bbox 2114 3236 3803 3312">
    <p class='ocr_par' dir='ltr' id='par_1_100' title="bbox 2114 3236 3803 3312">
     <span class='ocr_line' id='line_1_100' title="bbox 2114 3236 3803 3312; baseline -0.005 -14"><span class='ocrx_word' id='word_1_776' title='bbox 2114 3243 2302 3298; x_wconf 82' lang='grc' dir='ltr'>οὐσίαν</span> <span class='ocrx_word' id='word_1_777' title='bbox 2331 3243 2573 3297; x_wconf 75' lang='grc' dir='ltr'>ἃπασαν.</span> <span class='ocrx_word' id='word_1_778' title='bbox 2600 3242 2833 3312; x_wconf 84' lang='grc' dir='ltr'>Ἕτερος</span> <span class='ocrx_word' id='word_1_779' title='bbox 2876 3241 3007 3312; x_wconf 62' lang='grc' dir='ltr'>περ)⁵</span> <span class='ocrx_word' id='word_1_780' title='bbox 3039 3238 3232 3310; x_wconf 90' lang='grc' dir='ltr'>ἐτέρου</span> <span class='ocrx_word' id='word_1_781' title='bbox 3270 3237 3456 3292; x_wconf 86' lang='grc' dir='ltr'>πάλιν·</span> <span class='ocrx_word' id='word_1_782' title='bbox 3498 3240 3528 3292; x_wconf 87' lang='grc' dir='ltr'>ό</span> <span class='ocrx_word' id='word_1_783' title='bbox 3552 3238 3702 3291; x_wconf 89' lang='grc' dir='ltr'>δεῖνα</span> <span class='ocrx_word' id='word_1_784' title='bbox 3737 3236 3803 3290; x_wconf 76' lang='grc' dir='ltr'>δέ</span> 
     </span>
    </p>
   </div>
   <div class='ocr_carea' id='block_1_101' title="bbox 2116 3320 3801 3400">
    <p class='ocr_par' dir='ltr' id='par_1_101' title="bbox 2116 3320 3801 3400">
     <span class='ocr_line' id='line_1_101' title="bbox 2116 3320 3801 3400; baseline -0.005 -18"><span class='ocrx_word' id='word_1_785' title='bbox 2116 3325 2401 3400; x_wconf 73' lang='grc' dir='ltr'>ἀρρωστία</span> <span class='ocrx_word' id='word_1_786' title='bbox 2449 3325 2668 3397; x_wconf 80' lang='grc' dir='ltr'>χαλεπῇ</span> <span class='ocrx_word' id='word_1_787' title='bbox 2725 3324 3041 3395; x_wconf 80' lang='grc' dir='ltr'>περιπεσὼν</span> <span class='ocrx_word' id='word_1_788' title='bbox 3086 3322 3441 3392; x_wconf 88' lang='grc' dir='ltr'>ἀπέγνωσται</span> <span class='ocrx_word' id='word_1_789' title='bbox 3484 3321 3638 3391; x_wconf 85' lang='grc' dir='ltr'>παρὰ</span> <span class='ocrx_word' id='word_1_790' title='bbox 3684 3320 3801 3373; x_wconf 87' lang='grc' dir='ltr'>τῶν</span> 
     </span>
    </p>
   </div>
   <div class='ocr_carea' id='block_1_102' title="bbox 2118 3403 3804 3484">
    <p class='ocr_par' dir='ltr' id='par_1_102' title="bbox 2118 3403 3804 3484">
     <span class='ocr_line' id='line_1_102' title="bbox 2118 3403 3804 3484; baseline -0.006 -19"><span class='ocrx_word' id='word_1_791' title='bbox 2118 3411 2256 3484; x_wconf 79' lang='grc' dir='ltr'>πρὸς</span> <span class='ocrx_word' id='word_1_792' title='bbox 2291 3408 2455 3464; x_wconf 79' lang='grc' dir='ltr'>αὐτὸν</span> <span class='ocrx_word' id='word_1_793' title='bbox 2502 3409 2762 3462; x_wconf 83' lang='grc' dir='ltr'>ἐσιόντων</span> <span class='ocrx_word' id='word_1_794' title='bbox 2795 3405 3019 3477; x_wconf 89' lang='grc' dir='ltr'>ἰατρῶν.</span> <span class='ocrx_word' id='word_1_795' title='bbox 3042 3407 3153 3459; x_wconf 74' lang='grc' dir='ltr'>Καὶ</span> <span class='ocrx_word' id='word_1_796' title='bbox 3172 3407 3200 3458; x_wconf 86' lang='grc' dir='ltr'>ὁ</span> <span class='ocrx_word' id='word_1_797' title='bbox 3231 3406 3329 3477; x_wconf 79' lang='grc' dir='ltr'>μὲν</span> <span class='ocrx_word' id='word_1_798' title='bbox 3347 3406 3478 3468; x_wconf 76' lang='grc' dir='ltr'>τοὺς</span> <span class='ocrx_word' id='word_1_799' title='bbox 3502 3405 3564 3457; x_wconf 83' lang='grc' dir='ltr'>τὸ</span> <span class='ocrx_word' id='word_1_800' title='bbox 3584 3403 3804 3474; x_wconf 81' lang='grc' dir='ltr'>δεσμω-</span> 
     </span>
    </p>
   </div>
   <div class='ocr_carea' id='block_1_103' title="bbox 2049 3488 3802 3566">
    <p class='ocr_par' dir='ltr' id='par_1_103' title="bbox 2049 3488 3802 3566">
     <span class='ocr_line' id='line_1_103' title="bbox 2049 3488 3802 3566; baseline -0.005 -18"><span class='ocrx_word' id='word_1_801' title='bbox 2049 3543 2053 3547; x_wconf 95' lang='grc'>.</span> <span class='ocrx_word' id='word_1_802' title='bbox 2116 3495 2304 3566; x_wconf 85' lang='grc' dir='ltr'>τήριον</span> <span class='ocrx_word' id='word_1_803' title='bbox 2341 3491 2648 3556; x_wconf 88' lang='grc' dir='ltr'>οἰκοῦντας,</span> <span class='ocrx_word' id='word_1_804' title='bbox 2693 3490 2722 3542; x_wconf 88' lang='grc' dir='ltr'>ό</span> <span class='ocrx_word' id='word_1_805' title='bbox 2759 3488 2818 3542; x_wconf 86' lang='grc' dir='ltr'>δέ</span> <span class='ocrx_word' id='word_1_806' title='bbox 2849 3490 2978 3552; x_wconf 79' lang='grc' dir='ltr'>τοὺς</span> <span class='ocrx_word' id='word_1_807' title='bbox 3021 3489 3120 3559; x_wconf 88' lang='grc' dir='ltr'>τῆς</span> <span class='ocrx_word' id='word_1_808' title='bbox 3147 3489 3408 3562; x_wconf 88' lang='grc' dir='ltr'>πατρίδος</span> <span class='ocrx_word' id='word_1_809' title='bbox 3439 3488 3802 3552; x_wconf 84' lang='grc' dir='ltr'>ἐκπεσόντας,</span> 
     </span>
    </p>
   </div>
   <div class='ocr_carea' id='block_1_104' title="bbox 2117 3570 3801 3647">
    <p class='ocr_par' dir='ltr' id='par_1_104' title="bbox 2117 3570 3801 3647">
     <span class='ocr_line' id='line_1_104' title="bbox 2117 3570 3801 3647; baseline -0.005 -16"><span class='ocrx_word' id='word_1_810' title='bbox 2117 3575 2377 3647; x_wconf 79' lang='grc' dir='ltr'>καὶπρὸς</span> <span class='ocrx_word' id='word_1_811' title='bbox 2422 3574 2522 3646; x_wconf 82' lang='grc' dir='ltr'>τὴν</span> <span class='ocrx_word' id='word_1_812' title='bbox 2550 3573 2847 3645; x_wconf 81' lang='grc' dir='ltr'>ὑπερορίαν</span> <span class='ocrx_word' id='word_1_813' title='bbox 2897 3572 3338 3643; x_wconf 88' lang='grc' dir='ltr'>μεταναστάντας</span> <span class='ocrx_word' id='word_1_814' title='bbox 3391 3583 3438 3637; x_wconf 78' lang='grc' dir='ltr'>ο,</span> <span class='ocrx_word' id='word_1_815' title='bbox 3483 3570 3640 3635; x_wconf 81' lang='grc' dir='ltr'>ἀλλος</span> <span class='ocrx_word' id='word_1_816' title='bbox 3666 3571 3801 3632; x_wconf 76' lang='grc' dir='ltr'>τοὺς</span> 
     </span>
    </p>
   </div>
   <div class='ocr_carea' id='block_1_105' title="bbox 2116 3653 3796 3730">
    <p class='ocr_par' dir='ltr' id='par_1_105' title="bbox 2116 3653 3796 3730">
     <span class='ocr_line' id='line_1_105' title="bbox 2116 3653 3796 3730; baseline -0.003 -16"><span class='ocrx_word' id='word_1_817' title='bbox 2116 3659 2430 3730; x_wconf 86' lang='grc' dir='ltr'>ἐλευθερίας</span> <span class='ocrx_word' id='word_1_818' title='bbox 2487 3655 2932 3720; x_wconf 87' lang='grc' dir='ltr'>ἐκπεπτωκότας,</span> <span class='ocrx_word' id='word_1_819' title='bbox 2983 3655 3169 3727; x_wconf 79' lang='grc' dir='ltr'>ἐτερος</span> <span class='ocrx_word' id='word_1_820' title='bbox 3206 3657 3333 3720; x_wconf 82' lang='grc' dir='ltr'>τοὺς</span> <span class='ocrx_word' id='word_1_821' title='bbox 3371 3655 3478 3708; x_wconf 76' lang='grc' dir='ltr'>ὑπὸ</span> <span class='ocrx_word' id='word_1_822' title='bbox 3513 3653 3796 3723; x_wconf 84' lang='grc' dir='ltr'>πολεμίων</span> 
     </span>
    </p>
   </div>
   <div class='ocr_carea' id='block_1_106' title="bbox 2117 3737 3797 3815">
    <p class='ocr_par' dir='ltr' id='par_1_106' title="bbox 2117 3737 3797 3815">
     <span class='ocr_line' id='line_1_106' title="bbox 2117 3737 3797 3815; baseline -0.005 -17"><span class='ocrx_word' id='word_1_823' title='bbox 2117 3741 2484 3815; x_wconf 87' lang='grc' dir='ltr'>ἀρπαγέντας,</span> <span class='ocrx_word' id='word_1_824' title='bbox 2533 3739 2628 3794; x_wconf 68' lang='grc' dir='ltr'>καὶ</span> <span class='ocrx_word' id='word_1_825' title='bbox 2675 3738 3002 3811; x_wconf 87' lang='grc' dir='ltr'>γενομένους</span> <span class='ocrx_word' id='word_1_826' title='bbox 3051 3737 3450 3810; x_wconf 82' lang='grc' dir='ltr'>αἰχμαλώτους,</span> <span class='ocrx_word' id='word_1_827' title='bbox 3485 3737 3673 3811; x_wconf 73' lang='grc' dir='ltr'>ἕτερος</span> <span class='ocrx_word' id='word_1_828' title='bbox 3702 3737 3797 3792; x_wconf 76' lang='grc' dir='ltr'>τὸν</span> 
     </span>
    </p>
   </div>
   <div class='ocr_carea' id='block_1_107' title="bbox 2117 3821 3800 3895">
    <p class='ocr_par' dir='ltr' id='par_1_107' title="bbox 2117 3821 3800 3895">
     <span class='ocr_line' id='line_1_107' title="bbox 2117 3821 3800 3895; baseline -0.005 -13"><span class='ocrx_word' id='word_1_829' title='bbox 2117 3825 2640 3888; x_wconf 87' lang='grc' dir='ltr'>καταποντισθέντα,</span> <span class='ocrx_word' id='word_1_830' title='bbox 2674 3824 2708 3895; x_wconf 78' lang='grc' dir='ltr'>ἢ</span> <span class='ocrx_word' id='word_1_831' title='bbox 2732 3821 3133 3886; x_wconf 83' lang='grc' dir='ltr'>καέντα,άλλος</span> <span class='ocrx_word' id='word_1_832' title='bbox 3163 3823 3257 3874; x_wconf 86' lang='grc' dir='ltr'>τὸν</span> <span class='ocrx_word' id='word_1_833' title='bbox 3284 3821 3388 3876; x_wconf 80' lang='grc' dir='ltr'>ὑπὸ</span> <span class='ocrx_word' id='word_1_834' title='bbox 3414 3821 3592 3884; x_wconf 86' lang='grc' dir='ltr'>οἰκίας</span> <span class='ocrx_word' id='word_1_835' title='bbox 3619 3837 3800 3874; x_wconf 82' lang='grc' dir='ltr'>κατα·</span> 
     </span>
    </p>
   </div>
   <div class='ocr_carea' id='block_1_108' title="bbox 2117 3904 3800 3982">
    <p class='ocr_par' dir='ltr' id='par_1_108' title="bbox 2117 3904 3800 3982">
     <span class='ocr_line' id='line_1_108' title="bbox 2117 3904 3800 3982; baseline -0.004 -19"><span class='ocrx_word' id='word_1_836' title='bbox 2117 3909 2395 3982; x_wconf 87' lang='grc' dir='ltr'>χωσθέντα</span> <span class='ocrx_word' id='word_1_837' title='bbox 2435 3907 2714 3980; x_wconf 84' lang='grc' dir='ltr'>θρηνοῦσι,</span> <span class='ocrx_word' id='word_1_838' title='bbox 2748 3909 2842 3960; x_wconf 73' lang='grc' dir='ltr'>καὶ</span> <span class='ocrx_word' id='word_1_839' title='bbox 2871 3905 3248 3976; x_wconf 84' lang='grc' dir='ltr'>ὀλοφύρονται,</span> <span class='ocrx_word' id='word_1_840' title='bbox 3280 3906 3408 3969; x_wconf 73' lang='grc' dir='ltr'>τοὺς</span> <span class='ocrx_word' id='word_1_841' title='bbox 3438 3904 3494 3957; x_wconf 80' lang='grc' dir='ltr'>δὲ</span> <span class='ocrx_word' id='word_1_842' title='bbox 3533 3905 3591 3958; x_wconf 88' lang='grc' dir='ltr'>ἐν</span> <span class='ocrx_word' id='word_1_843' title='bbox 3621 3921 3800 3977; x_wconf 87' lang='grc' dir='ltr'>πονη-</span> 
     </span>
    </p>
   </div>
   <div class='ocr_carea' id='block_1_109' title="bbox 2119 3986 3801 4064">
    <p class='ocr_par' dir='ltr' id='par_1_109' title="bbox 2119 3986 3801 4064">
     <span class='ocr_line' id='line_1_109' title="bbox 2119 3986 3801 4064; baseline -0.002 -18"><span class='ocrx_word' id='word_1_844' title='bbox 2119 3994 2212 4064; x_wconf 78' lang='grc' dir='ltr'>ρίᾳ</span> <span class='ocrx_word' id='word_1_845' title='bbox 2239 3991 2450 4056; x_wconf 79' lang='grc' dir='ltr'>ζῶντας</span> <span class='ocrx_word' id='word_1_846' title='bbox 2497 3989 2694 4054; x_wconf 79' lang='grc' dir='ltr'>οὐδείς’</span> <span class='ocrx_word' id='word_1_847' title='bbox 2737 3989 2874 4055; x_wconf 84' lang='grc' dir='ltr'>ἀλλ’,</span> <span class='ocrx_word' id='word_1_848' title='bbox 2913 3989 2943 4042; x_wconf 83' lang='grc' dir='ltr'>δ</span> <span class='ocrx_word' id='word_1_849' title='bbox 2975 3989 3194 4042; x_wconf 91' lang='grc' dir='ltr'>πάντων</span> <span class='ocrx_word' id='word_1_850' title='bbox 3245 3989 3361 4042; x_wconf 85' lang='grc' dir='ltr'>ἐστὶ</span> <span class='ocrx_word' id='word_1_851' title='bbox 3389 3986 3801 4059; x_wconf 83' lang='grc' dir='ltr'>χαλεπώτερον,</span> 
     </span>
    </p>
   </div>
   <div class='ocr_carea' id='block_1_110' title="bbox 2119 4072 3806 4146">
    <p class='ocr_par' dir='ltr' id='par_1_110' title="bbox 2119 4072 3806 4146">
     <span class='ocr_line' id='line_1_110' title="bbox 2119 4072 3806 4146; baseline -0.003 -16"><span class='ocrx_word' id='word_1_852' title='bbox 2119 4074 2382 4138; x_wconf 88' lang='grc' dir='ltr'>πολλάκις</span> <span class='ocrx_word' id='word_1_853' title='bbox 2425 4075 2624 4138; x_wconf 81' lang='grc' dir='ltr'>αὐτοὺς</span> <span class='ocrx_word' id='word_1_854' title='bbox 2666 4074 2764 4128; x_wconf 76' lang='grc' dir='ltr'>καὶ</span> <span class='ocrx_word' id='word_1_855' title='bbox 2809 4073 3229 4146; x_wconf 77' lang='grc' dir='ltr'>μακαρίζουσιν,</span> <span class='ocrx_word' id='word_1_856' title='bbox 3264 4072 3292 4127; x_wconf 82' lang='grc' dir='ltr'><strong>ὃ</strong></span> <span class='ocrx_word' id='word_1_857' title='bbox 3340 4074 3435 4127; x_wconf 75' lang='grc' dir='ltr'>καὶ</span> <span class='ocrx_word' id='word_1_858' title='bbox 3462 4073 3685 4128; x_wconf 88' lang='grc' dir='ltr'>πάντων</span> <span class='ocrx_word' id='word_1_859' title='bbox 3713 4073 3806 4126; x_wconf 79' lang='grc' dir='ltr'>ατ-</span> 
     </span>
    </p>
   </div>
   <div class='ocr_carea' id='block_1_111' title="bbox 2115 4153 3804 4230">
    <p class='ocr_par' dir='ltr' id='par_1_111' title="bbox 2115 4153 3804 4230">
     <span class='ocr_line' id='line_1_111' title="bbox 2115 4153 3804 4230; baseline -0.002 -18"><span class='ocrx_word' id='word_1_860' title='bbox 2115 4159 2231 4214; x_wconf 91' lang='grc' dir='ltr'>τιόν</span> <span class='ocrx_word' id='word_1_861' title='bbox 2281 4160 2398 4213; x_wconf 89' lang='grc' dir='ltr'>ἐστι</span> <span class='ocrx_word' id='word_1_862' title='bbox 2439 4158 2550 4212; x_wconf 91' lang='grc' dir='ltr'>τῶν</span> <span class='ocrx_word' id='word_1_863' title='bbox 2600 4156 2810 4212; x_wconf 88' lang='grc' dir='ltr'>κακῶν.</span> <span class='ocrx_word' id='word_1_864' title='bbox 2843 4157 2981 4229; x_wconf 74' lang='grc' dir='ltr'>Φέρε</span> <span class='ocrx_word' id='word_1_865' title='bbox 3012 4153 3106 4211; x_wconf 80' lang='grc' dir='ltr'>οὖν</span> <span class='ocrx_word' id='word_1_866' title='bbox 3142 4158 3278 4228; x_wconf 86' lang='grc' dir='ltr'>(ἀλλ’</span> <span class='ocrx_word' id='word_1_867' title='bbox 3324 4159 3463 4230; x_wconf 85' lang='grc' dir='ltr'>ὅπερ</span> <span class='ocrx_word' id='word_1_868' title='bbox 3514 4158 3572 4224; x_wconf 76' lang='grc' dir='ltr'>ἐξ</span> <span class='ocrx_word' id='word_1_869' title='bbox 3621 4157 3804 4228; x_wconf 85' lang='grc' dir='ltr'>ἀρχῆς</span> 
     </span>
    </p>
   </div>
   <div class='ocr_carea' id='block_1_112' title="bbox 2119 4240 3805 4312">
    <p class='ocr_par' dir='ltr' id='par_1_112' title="bbox 2119 4240 3805 4312">
     <span class='ocr_line' id='line_1_112' title="bbox 2119 4240 3805 4312; baseline 0.001 -17"><span class='ocrx_word' id='word_1_870' title='bbox 2119 4242 2491 4312; x_wconf 87' lang='grc' dir='ltr'>παρεκάλεσα,</span> <span class='ocrx_word' id='word_1_871' title='bbox 2515 4241 2590 4312; x_wconf 83' lang='grc' dir='ltr'>μή</span> <span class='ocrx_word' id='word_1_872' title='bbox 2614 4240 2942 4312; x_wconf 89' lang='grc' dir='ltr'>θορυϐεῖτε),</span> <span class='ocrx_word' id='word_1_873' title='bbox 2971 4241 3258 4312; x_wconf 84' lang='grc' dir='ltr'>δείξωμεν,</span> <span class='ocrx_word' id='word_1_874' title='bbox 3285 4242 3362 4306; x_wconf 87' lang='grc' dir='ltr'>ὡς</span> <span class='ocrx_word' id='word_1_875' title='bbox 3391 4240 3547 4294; x_wconf 87' lang='grc' dir='ltr'>οὐδὲν</span> <span class='ocrx_word' id='word_1_876' title='bbox 3580 4240 3692 4294; x_wconf 86' lang='grc' dir='ltr'>τῶν</span> <span class='ocrx_word' id='word_1_877' title='bbox 3722 4241 3805 4296; x_wconf 80' lang='grc' dir='ltr'>ει-</span> 
     </span>
    </p>
   </div>
   <div class='ocr_carea' id='block_1_113' title="bbox 2121 4322 3806 4398">
    <p class='ocr_par' dir='ltr' id='par_1_113' title="bbox 2121 4322 3806 4398">
     <span class='ocr_line' id='line_1_113' title="bbox 2121 4322 3806 4398; baseline 0 -20"><span class='ocrx_word' id='word_1_878' title='bbox 2121 4325 2374 4398; x_wconf 86' lang='grc' dir='ltr'>ρημένων</span> <span class='ocrx_word' id='word_1_879' title='bbox 2427 4322 2602 4377; x_wconf 87' lang='grc' dir='ltr'>ἀδικεῖ</span> <span class='ocrx_word' id='word_1_880' title='bbox 2651 4324 2742 4377; x_wconf 74' lang='grc' dir='ltr'>τὸν</span> <span class='ocrx_word' id='word_1_881' title='bbox 2774 4325 3018 4394; x_wconf 88' lang='grc' dir='ltr'>νήφοντα</span> <span class='ocrx_word' id='word_1_882' title='bbox 3045 4323 3353 4395; x_wconf 82' lang='grc' dir='ltr'>ἄνθρωπον,</span> <span class='ocrx_word' id='word_1_883' title='bbox 3378 4324 3500 4378; x_wconf 81' lang='grc' dir='ltr'>οὐδὲ</span> <span class='ocrx_word' id='word_1_884' title='bbox 3536 4323 3637 4396; x_wconf 76' lang='grc' dir='ltr'>τὴν</span> <span class='ocrx_word' id='word_1_885' title='bbox 3669 4326 3806 4396; x_wconf 83' lang='grc' dir='ltr'>ἀρε-</span> 
     </span>
    </p>
   </div>
   <div class='ocr_carea' id='block_1_114' title="bbox 2117 4406 3806 4481">
    <p class='ocr_par' dir='ltr' id='par_1_114' title="bbox 2117 4406 3806 4481">
     <span class='ocr_line' id='line_1_114' title="bbox 2117 4406 3806 4481; baseline 0.001 -19"><span class='ocrx_word' id='word_1_886' title='bbox 2117 4409 2216 4480; x_wconf 82' lang='grc' dir='ltr'>τὴν</span> <span class='ocrx_word' id='word_1_887' title='bbox 2245 4406 2410 4461; x_wconf 91' lang='grc' dir='ltr'>αὐτοῦ</span> <span class='ocrx_word' id='word_1_888' title='bbox 2435 4406 2782 4478; x_wconf 86' lang='grc' dir='ltr'>λυμήνασθαι</span> <span class='ocrx_word' id='word_1_889' title='bbox 2813 4407 3016 4460; x_wconf 85' lang='grc' dir='ltr'>δύναιτ’</span> <span class='ocrx_word' id='word_1_890' title='bbox 3033 4407 3122 4462; x_wconf 82' lang='grc' dir='ltr'>ἀν.</span> <span class='ocrx_word' id='word_1_891' title='bbox 3159 4409 3224 4462; x_wconf 89' lang='grc' dir='ltr'>Τί</span> <span class='ocrx_word' id='word_1_892' title='bbox 3251 4409 3383 4481; x_wconf 83' lang='grc' dir='ltr'>γὰρ,</span> <span class='ocrx_word' id='word_1_893' title='bbox 3411 4408 3534 4462; x_wconf 84' lang='grc' dir='ltr'>εἰπέ</span> <span class='ocrx_word' id='word_1_894' title='bbox 3564 4425 3678 4480; x_wconf 90' lang='grc' dir='ltr'>μοι,</span> <span class='ocrx_word' id='word_1_895' title='bbox 3708 4408 3806 4463; x_wconf 78' lang='grc' dir='ltr'>τὸν</span> 
     </span>
    </p>
   </div>
   <div class='ocr_carea' id='block_1_115' title="bbox 2118 4489 3804 4563">
    <p class='ocr_par' dir='ltr' id='par_1_115' title="bbox 2118 4489 3804 4563">
     <span class='ocr_line' id='line_1_115' title="bbox 2118 4489 3804 4563; baseline 0 -17"><span class='ocrx_word' id='word_1_896' title='bbox 2118 4492 2188 4546; x_wconf 88' lang='grc' dir='ltr'>τά</span> <span class='ocrx_word' id='word_1_897' title='bbox 2212 4490 2378 4545; x_wconf 82' lang='grc' dir='ltr'>αὐτοῦ</span> <span class='ocrx_word' id='word_1_898' title='bbox 2422 4490 2598 4544; x_wconf 88' lang='grc' dir='ltr'>πάντα</span> <span class='ocrx_word' id='word_1_899' title='bbox 2633 4489 3036 4556; x_wconf 85' lang='grc' dir='ltr'>ἀπολωλεκότα,</span> <span class='ocrx_word' id='word_1_900' title='bbox 3067 4490 3101 4562; x_wconf 75' lang='grc' dir='ltr'>ἦ</span> <span class='ocrx_word' id='word_1_901' title='bbox 3139 4491 3290 4563; x_wconf 79' lang='grc' dir='ltr'>παρὰ</span> <span class='ocrx_word' id='word_1_902' title='bbox 3338 4493 3715 4561; x_wconf 86' lang='grc' dir='ltr'>συκοφαντῶν,</span> <span class='ocrx_word' id='word_1_903' title='bbox 3763 4490 3804 4563; x_wconf 73' lang='grc' dir='ltr'>ἢ</span> 
     </span>
    </p>
   </div>
   <div class='ocr_carea' id='block_1_116' title="bbox 2120 4573 3805 4647">
    <p class='ocr_par' dir='ltr' id='par_1_116' title="bbox 2120 4573 3805 4647">
     <span class='ocr_line' id='line_1_116' title="bbox 2120 4573 3805 4647; baseline 0.001 -19"><span class='ocrx_word' id='word_1_904' title='bbox 2120 4575 2276 4646; x_wconf 91' lang='grc' dir='ltr'>παρά</span> <span class='ocrx_word' id='word_1_905' title='bbox 2302 4573 2537 4647; x_wconf 74' lang='grc' dir='ltr'>λῃστῶν,</span> <span class='ocrx_word' id='word_1_906' title='bbox 2568 4574 2600 4645; x_wconf 83' lang='grc' dir='ltr'><strong>ἢ</strong></span> <span class='ocrx_word' id='word_1_907' title='bbox 2655 4575 2753 4628; x_wconf 69' lang='grc' dir='ltr'>καὶ</span> <span class='ocrx_word' id='word_1_908' title='bbox 2803 4575 3032 4628; x_wconf 83' lang='grc' dir='ltr'>οἰκετῶν</span> <span class='ocrx_word' id='word_1_909' title='bbox 3061 4576 3389 4645; x_wconf 87' lang='grc' dir='ltr'>κακούργων</span> <span class='ocrx_word' id='word_1_910' title='bbox 3431 4575 3805 4647; x_wconf 70' lang='grc' dir='ltr'>ἀφαιρεθέντα</span> 
     </span>
    </p>
   </div>
   <div class='ocr_carea' id='block_1_117' title="bbox 2119 4660 3803 4734">
    <p class='ocr_par' dir='ltr' id='par_1_117' title="bbox 2119 4660 3803 4734">
     <span class='ocr_line' id='line_1_117' title="bbox 2119 4660 3803 4734; baseline -0.001 -17"><span class='ocrx_word' id='word_1_911' title='bbox 2119 4663 2189 4717; x_wconf 87' lang='grc' dir='ltr'>τά</span> <span class='ocrx_word' id='word_1_912' title='bbox 2208 4662 2359 4724; x_wconf 77' lang='grc' dir='ltr'>ὄντα,</span> <span class='ocrx_word' id='word_1_913' title='bbox 2377 4661 2608 4730; x_wconf 72' lang='grc' dir='ltr'>ἔϐλαψεν</span> <span class='ocrx_word' id='word_1_914' title='bbox 2627 4660 2817 4731; x_wconf 80' lang='grc' dir='ltr'>αῦτηὴ</span> <span class='ocrx_word' id='word_1_915' title='bbox 2840 4661 3012 4732; x_wconf 77' lang='grc' dir='ltr'>ζημία</span> <span class='ocrx_word' id='word_1_916' title='bbox 3041 4665 3120 4725; x_wconf 88' lang='grc' dir='ltr'>εἰς</span> <span class='ocrx_word' id='word_1_917' title='bbox 3135 4663 3337 4732; x_wconf 78' lang='grc' dir='ltr'>ἀρετὴν</span> <span class='ocrx_word' id='word_1_918' title='bbox 3358 4662 3452 4716; x_wconf 87' lang='grc' dir='ltr'>τοῦ</span> <span class='ocrx_word' id='word_1_919' title='bbox 3475 4661 3766 4734; x_wconf 81' lang='grc' dir='ltr'>ἀνθρώπου</span> <span class='ocrx_word' id='word_1_920' title='bbox 3783 4678 3803 4727; x_wconf 88' lang='grc'><strong>;</strong></span> 
     </span>
    </p>
   </div>
   <div class='ocr_carea' id='block_1_118' title="bbox 2191 4744 3804 4817">
    <p class='ocr_par' dir='ltr' id='par_1_118' title="bbox 2191 4744 3804 4817">
     <span class='ocr_line' id='line_1_118' title="bbox 2191 4744 3804 4817; baseline -0.001 -17"><span class='ocrx_word' id='word_1_921' title='bbox 2191 4745 2408 4800; x_wconf 81' lang='grc' dir='ltr'>Μᾶλλον</span> <span class='ocrx_word' id='word_1_922' title='bbox 2437 4744 2515 4810; x_wconf 84' lang='grc' dir='ltr'>δὲ,</span> <span class='ocrx_word' id='word_1_923' title='bbox 2543 4747 2590 4797; x_wconf 85' lang='grc' dir='ltr'>εἰ</span> <span class='ocrx_word' id='word_1_924' title='bbox 2614 4744 2782 4810; x_wconf 86' lang='grc' dir='ltr'>δοκεῖ,</span> <span class='ocrx_word' id='word_1_925' title='bbox 2807 4744 3023 4816; x_wconf 89' lang='grc' dir='ltr'>πρῶτον</span> <span class='ocrx_word' id='word_1_926' title='bbox 3066 4745 3478 4817; x_wconf 87' lang='grc' dir='ltr'>ῦπογράφωμεν</span> <span class='ocrx_word' id='word_1_927' title='bbox 3513 4745 3560 4810; x_wconf 72' lang='grc' dir='ltr'>ί,</span> <span class='ocrx_word' id='word_1_928' title='bbox 3585 4746 3638 4798; x_wconf 87' lang='grc' dir='ltr'>τί</span> <span class='ocrx_word' id='word_1_929' title='bbox 3668 4745 3804 4799; x_wconf 90' lang='grc' dir='ltr'>ποτέ</span> 
     </span>
    </p>
   </div>
   <div class='ocr_carea' id='block_1_119' title="bbox 2119 4827 3804 4901">
    <p class='ocr_par' dir='ltr' id='par_1_119' title="bbox 2119 4827 3804 4901">
     <span class='ocr_line' id='line_1_119' title="bbox 2119 4827 3804 4901; baseline 0 -18"><span class='ocrx_word' id='word_1_930' title='bbox 2119 4831 2270 4884; x_wconf 87' lang='grc' dir='ltr'>ἐστιν</span> <span class='ocrx_word' id='word_1_931' title='bbox 2295 4827 2581 4899; x_wconf 85' lang='grc' dir='ltr'>ἀνθρώπου</span> <span class='ocrx_word' id='word_1_932' title='bbox 2610 4827 2804 4899; x_wconf 82' lang='grc' dir='ltr'>ἀρετὴ,</span> <span class='ocrx_word' id='word_1_933' title='bbox 2840 4830 2897 4881; x_wconf 83' lang='grc' dir='ltr'>ἐν</span> <span class='ocrx_word' id='word_1_934' title='bbox 2924 4829 3140 4900; x_wconf 80' lang='grc' dir='ltr'>ἑτέραις</span> <span class='ocrx_word' id='word_1_935' title='bbox 3163 4829 3374 4892; x_wconf 81' lang='grc' dir='ltr'>οὐσίαις</span> <span class='ocrx_word' id='word_1_936' title='bbox 3407 4829 3670 4901; x_wconf 86' lang='grc' dir='ltr'>πρότερον</span> <span class='ocrx_word' id='word_1_937' title='bbox 3707 4829 3804 4883; x_wconf 73' lang='grc' dir='ltr'>τὸν</span> 
     </span>
    </p>
   </div>
   <div class='ocr_carea' id='block_1_120' title="bbox 2121 4915 3803 4990">
    <p class='ocr_par' dir='ltr' id='par_1_120' title="bbox 2121 4915 3803 4990">
     <span class='ocr_line' id='line_1_120' title="bbox 2121 4915 3803 4990; baseline 0.001 -19"><span class='ocrx_word' id='word_1_938' title='bbox 2121 4917 2279 4988; x_wconf 88' lang='grc' dir='ltr'>λόγον</span> <span class='ocrx_word' id='word_1_939' title='bbox 2306 4916 2707 4987; x_wconf 85' lang='grc' dir='ltr'>γυμνάσαντες,</span> <span class='ocrx_word' id='word_1_940' title='bbox 2748 4915 2888 4969; x_wconf 88' lang='grc' dir='ltr'>ῶστε</span> <span class='ocrx_word' id='word_1_941' title='bbox 2933 4917 3340 4988; x_wconf 85' lang='grc' dir='ltr'>εὐμαθέστερον</span> <span class='ocrx_word' id='word_1_942' title='bbox 3377 4917 3543 4972; x_wconf 83' lang='grc' dir='ltr'>αὑτὸν</span> <span class='ocrx_word' id='word_1_943' title='bbox 3575 4918 3803 4990; x_wconf 88' lang='grc' dir='ltr'>ποιῆσαι</span> 
     </span>
    </p>
   </div>
   <div class='ocr_carea' id='block_1_121' title="bbox 2119 4999 2982 5070">
    <p class='ocr_par' dir='ltr' id='par_1_121' title="bbox 2119 4999 2982 5070">
     <span class='ocr_line' id='line_1_121' title="bbox 2119 4999 2982 5070; baseline -0.003 -13"><span class='ocrx_word' id='word_1_944' title='bbox 2119 5001 2217 5057; x_wconf 76' lang='grc' dir='ltr'>καὶ</span> <span class='ocrx_word' id='word_1_945' title='bbox 2251 4999 2585 5070; x_wconf 84' lang='grc' dir='ltr'>σαφέστερον</span> <span class='ocrx_word' id='word_1_946' title='bbox 2611 5002 2725 5063; x_wconf 88' lang='grc' dir='ltr'>τοῖς</span> <span class='ocrx_word' id='word_1_947' title='bbox 2748 4999 2982 5063; x_wconf 87' lang='grc' dir='ltr'>πολλοῖς.</span> 
     </span>
    </p>
   </div>
   <div class='ocr_carea' id='block_1_122' title="bbox 2191 5079 3802 5155">
    <p class='ocr_par' dir='ltr' id='par_1_122' title="bbox 2191 5079 3802 5155">
     <span class='ocr_line' id='line_1_122' title="bbox 2191 5079 3802 5155; baseline 0 -17"><span class='ocrx_word' id='word_1_948' title='bbox 2191 5083 2339 5155; x_wconf 86' lang='grc' dir='ltr'>γ’,Τί</span> <span class='ocrx_word' id='word_1_949' title='bbox 2357 5083 2476 5138; x_wconf 84' lang='grc' dir='ltr'>ποτ’</span> <span class='ocrx_word' id='word_1_950' title='bbox 2493 5079 2585 5138; x_wconf 84' lang='grc' dir='ltr'>οῦν</span> <span class='ocrx_word' id='word_1_951' title='bbox 2603 5084 2750 5136; x_wconf 88' lang='grc' dir='ltr'>ἐστιν</span> <span class='ocrx_word' id='word_1_952' title='bbox 2767 5083 2934 5136; x_wconf 77' lang='grc' dir='ltr'>ἵππου</span> <span class='ocrx_word' id='word_1_953' title='bbox 2955 5083 3148 5153; x_wconf 73' lang='grc' dir='ltr'>ἀρετὴς</span> <span class='ocrx_word' id='word_1_954' title='bbox 3163 5079 3235 5136; x_wconf 67' lang='grc' dir='ltr'><strong>*Δ</strong></span> <span class='ocrx_word' id='word_1_955' title='bbox 3245 5100 3314 5154; x_wconf 91' lang='grc' dir='ltr'>ρα</span> <span class='ocrx_word' id='word_1_956' title='bbox 3329 5081 3392 5136; x_wconf 78' lang='grc' dir='ltr'>τὸ</span> <span class='ocrx_word' id='word_1_957' title='bbox 3403 5081 3637 5154; x_wconf 88' lang='grc' dir='ltr'>χρυσοῦν</span> <span class='ocrx_word' id='word_1_958' title='bbox 3654 5082 3802 5153; x_wconf 74' lang='grc' dir='ltr'>ἔχειν</span> 
     </span>
    </p>
   </div>
   <div class='ocr_carea' id='block_1_123' title="bbox 2119 5165 3804 5241">
    <p class='ocr_par' dir='ltr' id='par_1_123' title="bbox 2119 5165 3804 5241">
     <span class='ocr_line' id='line_1_123' title="bbox 2119 5165 3804 5241; baseline -0.002 -17"><span class='ocrx_word' id='word_1_959' title='bbox 2119 5170 2360 5241; x_wconf 82' lang='grc' dir='ltr'>χαλινὸν,</span> <span class='ocrx_word' id='word_1_960' title='bbox 2389 5168 2484 5221; x_wconf 79' lang='grc' dir='ltr'>καὶ</span> <span class='ocrx_word' id='word_1_961' title='bbox 2516 5166 2838 5238; x_wconf 83' lang='grc' dir='ltr'>τελαμῶνας</span> <span class='ocrx_word' id='word_1_962' title='bbox 2867 5165 3163 5230; x_wconf 86' lang='grc' dir='ltr'>τοιούτους,</span> <span class='ocrx_word' id='word_1_963' title='bbox 3206 5168 3302 5220; x_wconf 80' lang='grc' dir='ltr'>καὶ</span> <span class='ocrx_word' id='word_1_964' title='bbox 3339 5167 3681 5238; x_wconf 84' lang='grc' dir='ltr'>στρωμάτων</span> <span class='ocrx_word' id='word_1_965' title='bbox 3711 5166 3769 5220; x_wconf 81' lang='grc' dir='ltr'>δε</span> <span class='ocrx_word' id='word_1_966' title='bbox 3789 5196 3804 5207; x_wconf 82' lang='lat'><strong>-</strong></span> 
     </span>
    </p>
   </div>
   <div class='ocr_carea' id='block_1_124' title="bbox 2120 5249 3802 5324">
    <p class='ocr_par' dir='ltr' id='par_1_124' title="bbox 2120 5249 3802 5324">
     <span class='ocr_line' id='line_1_124' title="bbox 2120 5249 3802 5324; baseline -0.003 -16"><span class='ocrx_word' id='word_1_967' title='bbox 2120 5252 2257 5324; x_wconf 69' lang='grc' dir='ltr'>σμίιν</span> <span class='ocrx_word' id='word_1_968' title='bbox 2285 5253 2350 5304; x_wconf 87' lang='grc' dir='ltr'>ἐκ</span> <span class='ocrx_word' id='word_1_969' title='bbox 2395 5249 2635 5320; x_wconf 88' lang='grc' dir='ltr'>σηρικῶν</span> <span class='ocrx_word' id='word_1_970' title='bbox 2676 5250 2937 5320; x_wconf 86' lang='grc' dir='ltr'>νημάτων</span> <span class='ocrx_word' id='word_1_971' title='bbox 2975 5250 3365 5320; x_wconf 87' lang='grc' dir='ltr'>συγκείμενον,</span> <span class='ocrx_word' id='word_1_972' title='bbox 3404 5251 3498 5303; x_wconf 76' lang='grc' dir='ltr'>καὶ</span> <span class='ocrx_word' id='word_1_973' title='bbox 3546 5250 3802 5321; x_wconf 84' lang='grc' dir='ltr'>τάπητας</span> 
     </span>
    </p>
   </div>
   <div class='ocr_carea' id='block_1_125' title="bbox 2119 5331 3800 5406">
    <p class='ocr_par' dir='ltr' id='par_1_125' title="bbox 2119 5331 3800 5406">
     <span class='ocr_line' id='line_1_125' title="bbox 2119 5331 3800 5406; baseline -0.002 -14"><span class='ocrx_word' id='word_1_974' title='bbox 2119 5336 2399 5400; x_wconf 88' lang='grc' dir='ltr'>ποικίλους</span> <span class='ocrx_word' id='word_1_975' title='bbox 2426 5336 2520 5390; x_wconf 75' lang='grc' dir='ltr'>καὶ</span> <span class='ocrx_word' id='word_1_976' title='bbox 2568 5334 3006 5406; x_wconf 83' lang='grc' dir='ltr'>χρυσοπάστους,</span> <span class='ocrx_word' id='word_1_977' title='bbox 3037 5334 3131 5388; x_wconf 81' lang='grc' dir='ltr'>καὶ</span> <span class='ocrx_word' id='word_1_978' title='bbox 3178 5331 3396 5404; x_wconf 81' lang='grc' dir='ltr'>φάλαρα</span> <span class='ocrx_word' id='word_1_979' title='bbox 3421 5333 3800 5403; x_wconf 79' lang='grc' dir='ltr'>λιθοκόλλητα,</span> 
     </span>
    </p>
   </div>
   <div class='ocr_carea' id='block_1_126' title="bbox 2179 5422 2902 5473">
    <p class='ocr_par' dir='ltr' id='par_1_126' title="bbox 2179 5422 2902 5473">
     <span class='ocr_line' id='line_1_126' title="bbox 2179 5422 2902 5473; baseline -0.006 1"><span class='ocrx_word' id='word_1_980' title='bbox 2179 5425 2204 5457; x_wconf 79' lang='lat'><strong><em>°</em></strong></span> <span class='ocrx_word' id='word_1_981' title='bbox 2224 5425 2316 5473; x_wconf 81' lang='grc' dir='ltr'>Ἕν</span> <span class='ocrx_word' id='word_1_982' title='bbox 2338 5425 2484 5473; x_wconf 76' lang='lat' dir='ltr'>deest</span> <span class='ocrx_word' id='word_1_983' title='bbox 2502 5422 2549 5472; x_wconf 83' lang='lat' dir='ltr'>in</span> <span class='ocrx_word' id='word_1_984' title='bbox 2571 5422 2764 5472; x_wconf 86' lang='lat' dir='ltr'>duobus</span> <span class='ocrx_word' id='word_1_985' title='bbox 2787 5435 2902 5471; x_wconf 87' lang='lat' dir='ltr'>mss.</span> 
     </span>
    </p>
   </div>
   <div class='ocr_carea' id='block_1_127' title="bbox 2181 5485 2792 5548">
    <p class='ocr_par' dir='ltr' id='par_1_127' title="bbox 2181 5485 2792 5548">
     <span class='ocr_line' id='line_1_127' title="bbox 2181 5485 2792 5548; baseline -0.005 -13"><span class='ocrx_word' id='word_1_986' title='bbox 2181 5486 2212 5527; x_wconf 75' lang='grc' dir='ltr'><strong>σι</strong></span> <span class='ocrx_word' id='word_1_987' title='bbox 2231 5489 2338 5537; x_wconf 86' lang='lat' dir='ltr'>Duo</span> <span class='ocrx_word' id='word_1_988' title='bbox 2360 5499 2474 5534; x_wconf 85' lang='lat' dir='ltr'>mss.</span> <span class='ocrx_word' id='word_1_989' title='bbox 2499 5487 2585 5548; x_wconf 84' lang='grc' dir='ltr'>τὴν</span> <span class='ocrx_word' id='word_1_990' title='bbox 2604 5485 2792 5548; x_wconf 65' lang='grc' dir='ltr'>ἀρετ-ἑν.</span> 
     </span>
    </p>
   </div>
   <div class='ocr_carea' id='block_1_128' title="bbox 2185 5547 2697 5610">
    <p class='ocr_par' dir='ltr' id='par_1_128' title="bbox 2185 5547 2697 5610">
     <span class='ocr_line' id='line_1_128' title="bbox 2185 5547 2697 5610; baseline -0.012 -13"><span class='ocrx_word' id='word_1_991' title='bbox 2185 5554 2210 5581; x_wconf 71' lang='grc' dir='ltr'><strong><em>ο</em></strong></span> <span class='ocrx_word' id='word_1_992' title='bbox 2236 5549 2331 5598; x_wconf 80' lang='lat' dir='ltr'><strong>Alii</strong></span> <span class='ocrx_word' id='word_1_993' title='bbox 2359 5547 2697 5610; x_wconf 72' lang='grc' dir='ltr'>μεταστάντας.</span> 
     </span>
    </p>
   </div>
   <div class='ocr_carea' id='block_1_129' title="bbox 2191 5607 3801 5670">
    <p class='ocr_par' dir='ltr' id='par_1_129' title="bbox 2191 5607 3801 5670">
     <span class='ocr_line' id='line_1_129' title="bbox 2191 5607 3801 5670; baseline -0.003 -11"><span class='ocrx_word' id='word_1_994' title='bbox 2191 5611 2208 5651; x_wconf 72' lang='grc' dir='ltr'>ί</span> <span class='ocrx_word' id='word_1_995' title='bbox 2236 5607 2369 5660; x_wconf 61' lang='grc' dir='ltr'>τως</span> <span class='ocrx_word' id='word_1_996' title='bbox 2397 5622 2512 5657; x_wconf 76' lang='lat' dir='ltr'>mss.</span> <span class='ocrx_word' id='word_1_997' title='bbox 2538 5607 2910 5670; x_wconf 82' lang='grc' dir='ltr'>ὐπογράψωμεν,</span> <span class='ocrx_word' id='word_1_998' title='bbox 2932 5620 3142 5670; x_wconf 67' lang='grc' dir='ltr'>(ιυυτυιη</span> <span class='ocrx_word' id='word_1_999' title='bbox 3170 5622 3294 5657; x_wconf 83' lang='lat' dir='ltr'>unus</span> <span class='ocrx_word' id='word_1_1000' title='bbox 3317 5609 3376 5659; x_wconf 81' lang='lat' dir='ltr'>ab</span> <span class='ocrx_word' id='word_1_1001' title='bbox 3397 5609 3488 5657; x_wconf 75' lang='lat' dir='ltr'>hoc</span> <span class='ocrx_word' id='word_1_1002' title='bbox 3509 5608 3661 5658; x_wconf 60' lang='lat' dir='ltr'>Verbo</span> <span class='ocrx_word' id='word_1_1003' title='bbox 3681 5610 3801 5660; x_wconf 76' lang='lat' dir='ltr'>inci-</span> 
     </span>
    </p>
   </div>
   <div class='ocr_carea' id='block_1_130' title="bbox 2123 5670 3797 5737">
    <p class='ocr_par' dir='ltr' id='par_1_130' title="bbox 2123 5670 3797 5737">
     <span class='ocr_line' id='line_1_130' title="bbox 2123 5670 3797 5737; baseline -0.001 -12"><span class='ocrx_word' id='word_1_1004' title='bbox 2123 5676 2194 5737; x_wconf 76' lang='lat' dir='ltr'>pit</span> <span class='ocrx_word' id='word_1_1005' title='bbox 2219 5694 2230 5722; x_wconf 88' lang='lat'><strong>:</strong></span> <span class='ocrx_word' id='word_1_1006' title='bbox 2259 5685 2388 5737; x_wconf 23' lang='lat' dir='ltr'>nam‘</span> <span class='ocrx_word' id='word_1_1007' title='bbox 2412 5677 2611 5730; x_wconf 67' lang='lat' dir='ltr'>caetera,</span> <span class='ocrx_word' id='word_1_1008' title='bbox 2632 5682 2745 5731; x_wconf 64' lang='lat' dir='ltr'>qua</span> <span class='ocrx_word' id='word_1_1009' title='bbox 2767 5670 3072 5737; x_wconf 50' lang='lat' dir='ltr'>prmgedunl,</span> <span class='ocrx_word' id='word_1_1010' title='bbox 3098 5670 3350 5722; x_wconf 73' lang='lat' dir='ltr'>deﬁciunt.</span> <span class='ocrx_word' id='word_1_1011' title='bbox 3383 5671 3509 5722; x_wconf 81' lang='lat' dir='ltr'>Infra</span> <span class='ocrx_word' id='word_1_1012' title='bbox 3554 5674 3652 5721; x_wconf 76' lang='lat' dir='ltr'>duo</span> <span class='ocrx_word' id='word_1_1013' title='bbox 3680 5683 3797 5724; x_wconf 71' lang='lat' dir='ltr'>mn.</span> 
     </span>
    </p>
   </div>
   <div class='ocr_carea' id='block_1_131' title="bbox 2126 5731 3079 5796">
    <p class='ocr_par' dir='ltr' id='par_1_131' title="bbox 2126 5731 3079 5796">
     <span class='ocr_line' id='line_1_131' title="bbox 2126 5731 3079 5796; baseline -0.012 -6"><span class='ocrx_word' id='word_1_1014' title='bbox 2126 5731 2180 5790; x_wconf 60' lang='grc' dir='ltr'>τι</span> <span class='ocrx_word' id='word_1_1015' title='bbox 2203 5736 2352 5789; x_wconf 67' lang='lat' dir='ltr'>Sam.</span> <span class='ocrx_word' id='word_1_1016' title='bbox 2377 5734 2426 5785; x_wconf 82' lang='lat' dir='ltr'><strong>in</strong></span> <span class='ocrx_word' id='word_1_1017' title='bbox 2449 5745 2600 5794; x_wconf 78' lang='lat' dir='ltr'>marg.</span> <span class='ocrx_word' id='word_1_1018' title='bbox 2626 5731 3079 5796; x_wconf 79' lang='grc' dir='ltr'>στρωματόδεσμον.</span> 
     </span>
    </p>
   </div>
  </div>
