4046 6434
259 306 351 360 iiii

257 421 461 476 iuuant,
496 408 659 478 utqui
682 405 748 460 ab
769 403 919 458 initio
945 395 1309 471 promissionis
1335 392 1552 448 minime
1585 380 1842 478 verisimi-

260 469 327 560 lia
356 469 618 558 dicamus.
648 496 846 550 Verum
873 469 978 545 non
1003 485 1123 543 ideo
1151 500 1248 540 nos
1289 499 1318 537 a
1351 478 1731 552 pollicitatione
1753 469 1848 524 de-

259 596 511 650 sistamus
539 607 552 641 :
585 588 709 658 quin
740 584 898 639 etiam
928 580 1064 633 hanc
1085 577 1254 647 ipsam
1291 571 1520 628 maxime
1546 568 1616 622 ob
1634 575 1847 620 causam

260 683 327 740 ad
356 651 750 751 comprobanda
778 688 838 729 ea
877 686 994 742 quae
1038 666 1400 740 promisimus,
1455 671 1646 751 magno
1674 651 1850 751 studio

264 746 652 842 aggrediemur.
675 766 730 821 Si
747 765 889 821 enim
908 759 1170 816 voluerint
1189 756 1278 828 qui
1303 757 1369 809 ita
1387 761 1510 807 sunt
1531 746 1725 811 affecti,
1744 758 1850 798 non

269 836 600 926 tumultuari,
645 871 817 926 neque
843 852 1150 917 obturbare,
1183 846 1282 903 sed
1309 839 1468 900 ﬁnem
1488 836 1741 896 orationis
1761 849 1854 926 ex-

266 966 529 1025 spectare,
562 924 796 1014 anubis,
843 955 926 1002 sat
972 945 1104 1010 scio,
1134 941 1370 1002 stabunt,
1402 946 1624 1004 seseque
1663 924 1855 1025 prioris

268 1020 468 1103 erroris
505 1040 971 1105 condemnahunt,
1007 1032 1328 1107 palinodiam
1372 1034 1606 1088 canent,
1648 1020 1855 1076 veniam

268 1153 390 1193 cum
419 1134 760 1190 excusatione
803 1136 1003 1201 petent,
1037 1141 1102 1182 eo
1141 1122 1281 1194 quod
1312 1136 1417 1176 non
1443 1131 1622 1174 veram
1669 1114 1738 1168 de
1775 1127 1860 1164 re—

268 1229 367 1283 bus
416 1224 682 1280 tenuerint
725 1218 1074 1282 sententiam,
1133 1225 1486 1284 magnamque
1538 1205 1691 1262 nobis
1737 1218 1858 1273 gra-

272 1316 397 1370 tiam
425 1312 711 1376 habebuut,
747 1317 805 1365 ut
826 1306 1046 1363 medicis
1065 1305 1214 1376 aegri,
1237 1318 1270 1358 e
1293 1299 1493 1357 morbis
1510 1338 1527 1364 ,
1557 1295 1750 1366 quibus
1770 1307 1862 1346 eo—

270 1422 388 1462 rum
419 1418 613 1474 corpus
642 1401 788 1456 velut
811 1398 1088 1454 obsessum
1127 1395 1318 1457 fuerat,
1341 1387 1586 1448 recreati.
1617 1386 1692 1440 Nc
1718 1384 1859 1439 enim

272 1496 404 1554 mihi
430 1511 550 1568 quae
573 1504 625 1550 te
650 1507 791 1548 nunc
825 1499 990 1554 tenet,
1037 1486 1217 1560 profer
1252 1482 1570 1540 sententiam
1596 1521 1610 1544 ,
1640 1477 1733 1532 sed
1763 1491 1861 1529 ex-

270 1599 454 1661 specta
483 1587 644 1644 etiam
671 1594 867 1640 nostra:
914 1580 1173 1638 orationis
1197 1576 1594 1634 contentionem
1619 1581 1671 1625 et
1699 1583 1864 1624 cona-

273 1693 380 1751 tus,
411 1697 474 1738 ac
497 1691 609 1736 tum
655 1679 874 1751 poteris,
915 1674 1210 1746 ignorantia
1245 1684 1429 1726 verum
1457 1665 1714 1736 judicium
1757 1677 1863 1717 nou

275 1772 618 1845 impediente,
646 1770 855 1825 sincere
880 1765 1022 1822 ferre
1041 1762 1382 1820 sententiam.
1403 1759 1539 1814 Nam
1562 1763 1618 1811 et
1644 1754 1866 1811 stecula—

232 1919 236 1924 .
274 1866 414 1920 rium
443 1878 624 1920 rerum
654 1862 876 1931 istarum
897 1857 1127 1929 iudices,
1156 1854 1365 1912 etiamsi
1389 1852 1606 1907 videant
1627 1861 1750 1904 eum
1773 1845 1865 1916 qui

273 1956 422 2028 prius
452 1953 602 2021 dicit,
644 1961 915 2008 oratorem
968 1949 1237 2006 concitato
1285 1941 1605 2015 eloquentiae
1647 1936 1868 1995 flumine

275 2046 454 2101 omnia
479 2043 850 2111 inundantem,
873 2056 983 2099 non
1009 2040 1229 2105 audent,
1269 2037 1370 2094 nisi
1391 2037 1550 2093 etiam
1575 2029 1867 2089 adversarii

275 2137 711 2207 responsionibus
735 2150 856 2192 cum
876 2131 1275 2204 longanimitate
1313 2128 1526 2194 auditis,
1557 2123 1868 2197 pronuntia-

276 2245 336 2284 re
363 2228 680 2284 sententiam
704 2244 718 2282 ι
743 2225 837 2282 sed
866 2224 1074 2281 etiamsi
1102 2222 1246 2294 prior
1267 2219 1616 2292 iustissimam
1651 2227 1866 2271 causam

279 2317 479 2374 habere
504 2316 766 2383 videatur,
790 2315 1021 2385 integras
1042 2326 1200 2368 aures
1219 2313 1376 2367 etiam
1397 2309 1549 2364 alteri
1570 2313 1866 2364 reservant.

276 2407 552 2480 Siquidem
585 2408 697 2463 haec
733 2421 946 2477 quoque
967 2405 1204 2476 iudicum
1233 2404 1403 2458 virtus
1429 2409 1539 2466 est,
1589 2409 1643 2455 ut
1670 2399 1871 2454 utrius-

275 2515 381 2572 que
407 2499 573 2571 partis
591 2512 751 2553 causa
780 2511 938 2568 quam
965 2495 1362 2560 accuratissime
1380 2493 1611 2575 cognita,
1635 2500 1747 2546 tum
1776 2490 1870 2544 de-

283 2606 431 2647 mum
475 2590 576 2660 ipsi
605 2603 761 2644 suum
798 2590 1140 2658 interponant
1159 2586 1436 2656 iudicium.
1471 2583 1732 2653 Quoniam
1776 2581 1875 2651 igi-

283 2693 369 2738 tur
398 2682 558 2738 etiam
589 2695 731 2738 nunc
769 2681 917 2736 velut
961 2677 1191 2736 rhetoris
1218 2677 1494 2750 cuiusdam
1522 2676 1640 2730 loco
1667 2681 1751 2730 est
1780 2674 1872 2728 illa

280 2777 567 2833 multorum
597 2776 898 2832 communis
935 2784 989 2829 et
1017 2774 1301 2844 anticipata
1331 2771 1534 2842 opinio,
1566 2783 1686 2840 quae
1715 2768 1875 2837 longo

283 2879 526 2940 tempore
555 2869 608 2924 in
638 2868 831 2923 animis
857 2865 1212 2922 multitudinis
1235 2864 1488 2928 radicata,
1522 2863 1636 2916 lucc
1657 2875 1751 2930 per
1785 2867 1871 2913 to-

281 2971 394 3016 tum
423 2970 684 3016 terrarum
713 2958 896 3015 orbem
925 2958 1211 3024 declamat,
1251 2955 1428 3010 omnia
1457 2965 1667 3008 sursum
1710 2949 1873 3020 deor-

281 3067 398 3108 sum
439 3065 592 3106 versa
628 3065 768 3116 esse,
799 3052 850 3104 in
888 3063 1134 3119 magnam
1165 3045 1529 3102 confusionem
1555 3056 1725 3113 genus
1768 3041 1870 3095 hu-

283 3157 500 3198 manum
549 3141 832 3208 incidisse,
865 3141 918 3195 in
965 3141 1079 3194 dies
1107 3138 1346 3208 injurias,
1377 3135 1672 3191 calumnias
1692 3174 1707 3198 ,
1739 3134 1868 3197 vim,

280 3233 477 3288 damna
497 3232 697 3300 afferri,
728 3230 1009 3286 imbecillis
1048 3245 1079 3284 a
1107 3229 1427 3298 potentibus,
1456 3223 1778 3295 pauperibus
1805 3222 1873 3276 ab

283 3325 580 3395 epuleutis;
624 3333 679 3379 et
710 3331 766 3377 ut
802 3321 990 3377 fluctus
1009 3321 1173 3374 maris
1194 3317 1461 3374 numerari
1491 3331 1597 3372 non
1630 3324 1869 3385 possunt,

287 3416 357 3469 ita
411 3429 513 3471 nec
557 3413 838 3469 multitudo
866 3428 1076 3479 eorum,
1108 3412 1196 3482 qui
1226 3409 1431 3465 insidiis
1476 3417 1747 3479 petuntur,
1786 3407 1874 3460 da-

284 3503 423 3559 mnis
446 3503 773 3570 afﬁciuntur,
801 3502 944 3558 male
979 3502 1303 3557 mulctantur
1331 3519 1344 3554 :
1389 3514 1454 3555 ac
1486 3515 1658 3570 neque
1697 3498 1870 3568 legum

282 3596 636 3664 correctione,
667 3611 839 3666 neque
876 3593 1197 3666 iudiciorum
1242 3600 1407 3659 metu,
1439 3606 1611 3660 neque
1657 3588 1760 3643 ulla
1814 3604 1872 3643 re

283 3689 386 3742 alia
413 3691 548 3742 hanc
577 3687 839 3757 exstingui
867 3695 1069 3755 pestem
1123 3699 1183 3740 ac
1210 3685 1451 3739 morbum
1474 3725 1489 3750 ,
1535 3682 1629 3738 sed
1677 3682 1871 3736 malum

283 3777 519 3847 quotidie
560 3778 760 3848 augeri,
813 3777 1008 3847 ubique
1044 3791 1164 3831 esse
1200 3776 1463 3846 gemitus,
1489 3766 1746 3837 lamenta,
1797 3771 1876 3824 la-

283 3882 495 3938 crymas
530 3881 716 3922 eorum
745 3867 834 3937 qui
879 3865 1098 3936 iniurias
1127 3865 1434 3934 accipiunt:
1479 3863 1686 3932 iudices
1729 3862 1874 3932 ipsos

284 3959 477 4029 quibus
501 3959 866 4028 huiuscemodi
916 3975 1094 4015 rerum
1130 3957 1435 4013 emendatio
1477 3956 1724 4011 mandata
1767 3965 1870 4022 est,

285 4059 658 4120 tempestatem
687 4049 983 4118 intendere,
1013 4049 1260 4105 morbum
1286 4048 1468 4104 fovere
1497 4066 1509 4101 :
1549 4047 1673 4104 hinc
1694 4055 1872 4103 autem

286 4139 437 4193 multi
459 4155 524 4195 ex
555 4137 1010 4209 iusipientioribus
1038 4154 1100 4195 ac
1125 4139 1524 4204 infelicioribus,
1577 4153 1715 4193 novo
1736 4153 1874 4208 quo-

282 4231 404 4287 dam
423 4231 603 4288 furore
627 4232 879 4301 correpti,
913 4232 1002 4286 Dei
1035 4230 1426 4302 providentiam
1458 4230 1722 4296 incusant,
1750 4246 1869 4285 cum

284 4321 468 4377 vident
496 4321 828 4377 moderatum
873 4338 935 4376 ac
960 4322 1185 4393 probum
1224 4338 1370 4392 saepe
1421 4321 1593 4389 trahi,
1637 4322 1819 4375 laniari
1851 4363 1865 4386 ,

284 4412 592 4483 praifocari;
623 4412 900 4479 audacem,
943 4413 1268 4482 improbum,
1300 4413 1569 4479 infamem,
1601 4423 1655 4468 et
1691 4429 1755 4468 ex
1791 4418 1873 4468 in.

285 4505 511 4561 famibus
539 4514 716 4560 ortum
735 4548 748 4568 ,
772 4505 1056 4570 ditescere,
1086 4506 1371 4574 potentiam
1400 4506 1656 4570 nancisci,
1689 4505 1870 4561 multis

283 4596 670 4653 formidabilem
700 4613 854 4662 esse,
899 4612 964 4652 ac
1010 4597 1322 4652 melioribus
1366 4613 1426 4652 se
1467 4598 1669 4653 infinita
1730 4599 1867 4653 mala

284 4690 503 4756 inferre,
550 4698 709 4760 atque
735 4689 849 4744 haec
876 4690 928 4743 in
954 4689 1281 4755 civitatibus,
1311 4689 1360 4743 in
1388 4693 1530 4759 agris
1548 4730 1563 4754 ,
1591 4689 1643 4743 in
1683 4690 1868 4747 solitu-

282 4782 521 4848 dinibus,
555 4791 697 4837 terra
749 4783 989 4853 marique
1023 4783 1315 4853 perpetrari
1349 4782 1690 4839 :necessario
1718 4797 1746 4836 a
1776 4799 1870 4836 no-

286 4875 366 4927 bis
392 4873 507 4930 hmc
537 4876 827 4930 instituitur
868 4877 1062 4940 oratio,
1098 4892 1218 4946 quae
1265 4891 1423 4946 supra
1471 4877 1611 4930 dicta
1654 4876 1868 4945 refutet,

282 4977 337 5022 et
388 4978 659 5024 certamen
703 4970 878 5036 ineat,
911 4985 1107 5025 novum
1152 4970 1390 5040 quidem,
1416 4979 1471 5024 ut
1502 4969 1653 5023 initio
1688 4970 1794 5024 dixi
1826 4973 1865 5036 ',

280 5070 334 5115 ct
361 5060 714 5128 inopinatum,
738 5059 831 5114 sed
861 5060 1008 5126 utile,
1032 5060 1256 5128 iustum,
1299 5068 1354 5114 et
1396 5060 1730 5116 auditoribus
1775 5077 1870 5117 au-

283 5153 544 5208 scultandi
574 5152 1082 5222 obtemperandique
1108 5153 1316 5222 cupidis
1341 5153 1675 5209 conducibile
1700 5172 1713 5220 ;
1744 5169 1868 5224 pro-

283 5244 462 5299 fitetur
477 5244 617 5299 enim
637 5259 695 5298 se
719 5251 1051 5299 ostensurain
1077 5243 1205 5312 (sed
1233 5260 1302 5299 ne
1326 5245 1714 5301 tumultuemini
1734 5248 1751 5317 )
1775 5261 1868 5302 ne-

284 5339 482 5393 minem
526 5354 713 5394 eorum
743 5337 830 5408 qui
862 5338 1060 5394 damno
1089 5338 1412 5405 afﬁciuntur,
1441 5339 1508 5394 ab
1537 5339 1670 5406 alio,
1711 5341 1804 5395 sed
1837 5357 1867 5397 a

284 5431 458 5485 seinse
483 5413 624 5485 hodi.

281 5431 458 5500 seipse
483 5430 624 5486 lanii.

346 5585 362 5616 ί
390 5588 500 5631 Post
533 5589 771 5632 certamen
804 5582 949 5641 ineat,
992 5596 1118 5635 unus
1155 5594 1342 5637 tantum
1383 5588 1542 5638 Codex
1582 5589 1652 5640 sic
1681 5589 1864 5641 habet:

279 5644 696 5765 gmoggdem
845 5660 875 5696 α
896 5645 1056 5699 multis
1079 5649 1366 5710 objiciuntur
1392 5664 1602 5711 mnuum
1625 5665 1739 5704 sane
1762 5667 1867 5704 cer-

1279 280 1466 353 QUOD
1503 273 1691 334 NEMO
1722 257 2052 323 LEDITUR
2091 253 2220 311 NlSl
2260 253 2300 307 A
2345 245 2606 306 SEIPSO.

3442 234 3550 290 ιω

2028 373 2080 427 2.
2121 373 2392 429 Utautem
2422 367 2703 425 dilucidior
2750 365 2820 419 sit
2867 361 3056 425 oratio,
3085 373 3181 428 age
3213 369 3439 426 primum
3474 354 3553 403 iii-

1953 467 2224 534 quiramus
2251 463 2377 533 quid
2408 462 2479 517 sit
2503 461 2778 517 damnum.
2803 465 2858 511 et
2901 455 2952 508 in
2984 466 3206 523 quarum
3236 461 3412 502 rerum
3443 459 3550 496 ma-

1956 557 2088 610 teria
2111 555 2314 610 versari
2338 553 2510 609 soleat
2547 569 2560 604 :
2593 559 2648 605 et
2674 546 2803 619 quid
2836 544 3050 600 tandem
3081 542 3149 596 sit
3191 539 3420 592 humana
3454 534 3558 586 vir-

1961 655 2067 711 tus,
2096 646 2330 717 quidque
2364 661 2481 702 eam
2514 641 2693 707 laedat,
2741 639 2869 710 quid
2901 639 3026 692 item
3067 635 3313 688 videatur
3339 627 3554 689 laedere,

1958 756 2058 795 nec
2085 750 2261 794 tamen
2291 737 2470 792 lzedat.
2495 733 2744 804 Exempli
2771 747 2930 787 causa
2959 725 3244 800 (exemplis
3264 724 3406 778 enim
3435 733 3556 773 ora-

1961 833 2033 886 tio
2065 830 2389 900 perﬁcienda
2418 828 2546 898 est),
2593 824 2814 896 singula:
2841 837 2929 878 res
2953 835 2983 874 a
3011 817 3234 889 singulis
3271 812 3561 874 laeduntur,

1959 921 2158 976 ferrum
2188 935 2217 975 a
2251 920 2513 990 rubigine,
2551 917 2672 972 lana
2707 929 2735 968 a
2778 914 2939 976 tinea,
2981 910 3166 964 ovium
3195 917 3391 976 greges
3421 916 3448 954 a
3479 901 3530 953 lu

1962 1013 2063 1080 pis.
2098 1014 2172 1065 Ac
2198 1010 2307 1064 viui
2334 1008 2548 1080 quidem
2577 1007 2660 1061 vis
2688 1004 3058 1066 labefactatur,
3109 1014 3233 1054 cum
3278 994 3330 1050 id
3361 994 3526 1062 dcpra

1961 1113 2134 1166 vatur,
2181 1109 2237 1157 et
2275 1101 2328 1155 in
2363 1113 2590 1168 vappam
2624 1103 3018 1156 commutatur;
3062 1088 3236 1144 mellis
3254 1101 3406 1150 vero,
3440 1097 3558 1136 cum

1967 1194 2256 1266 ingenitam
2283 1191 2482 1246 amittit
2507 1187 2868 1251 dulcedinem,
2886 1193 2941 1240 et
2960 1185 3012 1237 iu
3033 1194 3272 1235 amarum
3300 1177 3563 1244 liquorem

1965 1287 2315 1343 convertitur.
2348 1283 2596 1338 'l‘riticeis
2639 1279 2882 1349 frugibus
2929 1278 3084 1342 obest
3123 1286 3304 1340 aerugo
3328 1279 3382 1324 et
3409 1266 3563 1321 sicci-

1966 1390 2068 1447 tas,
2130 1379 2316 1433 vitium
2369 1373 2599 1440 fructui,
2666 1371 2929 1442 pampinis
2975 1378 3028 1422 et
3090 1363 3395 1436 palmitibus
3448 1373 3562 1413 ma-

1967 1475 2049 1528 lus
2105 1473 2426 1527 locustarum
2483 1467 2787 1531 exercitus;
2834 1464 2951 1519 aliis
3009 1459 3288 1517 arboribus
3347 1461 3505 1511 eruca
3543 1496 3558 1521 ,

1968 1564 2282 1633 corporibus
2321 1561 2447 1616 item
2479 1560 2702 1616 rationis
2728 1554 3038 1627 expertibus
3089 1549 3221 1604 varii
3267 1545 3438 1602 morbi
3465 1564 3476 1598 :
3502 1559 3566 1600 ac

1969 1674 2036 1712 ne
2075 1656 2298 1727 singulis
2341 1651 2725 1725 percensendis
2771 1651 2986 1719 longum
3039 1655 3316 1700 nectamus
3357 1653 3566 1695 sermo-

1970 1765 2116 1812 nem,
2149 1747 2363 1818 corpori
2407 1759 2620 1816 quoque
2651 1749 2837 1796 nostro
2871 1748 2925 1795 et
2970 1737 3169 1801 febres,
3197 1744 3252 1790 et
3289 1730 3565 1804 paralysis,

1969 1839 2166 1908 aliique
2197 1837 2370 1893 morbi
2406 1835 2640 1906 plurimi.
2668 1829 3135 1901 Quemadmodum
3158 1841 3288 1895 ergo
3316 1824 3430 1879 haec
3459 1822 3570 1877 sin-

1975 1933 2097 2005 gula
2135 1932 2332 1987 habent
2359 1945 2388 1984 a
2409 1944 2515 1998 quo
2545 1927 2713 1982 virtus
2741 1939 2928 1982 eorum
2976 1919 3343 2005 labefactetur,
3371 1930 3468 1986 age
3494 1913 3570 1967 vi-

1976 2002 2201 2082 deamus
2227 2023 2353 2094 quid
2378 2024 2540 2076 etiam
2569 2018 2846 2075 hominum
2892 2014 3074 2087 generi
3116 2002 3326 2074 noceat,
3365 2017 3419 2064 et
3444 2005 3570 2078 quid

1977 2121 2189 2176 tandem
2217 2119 2286 2182 sit
2312 2116 2457 2187 quod
2486 2112 2720 2170 hominis
2758 2112 3011 2165 virtutem
3036 2104 3337 2161 labefactet.
3369 2099 3572 2169 Vulgus

1973 2211 2186 2283 quidem
2216 2209 2317 2264 alia
2339 2205 2584 2278 quaedam
2609 2218 2728 2260 eam
2748 2200 2946 2258 itedere
2961 2199 3232 2268 opinatur.
3256 2192 3387 2248 Nam
3409 2190 3570 2246 etiam

1975 2307 2120 2360 falsa:
2140 2302 2423 2374 opiniones
2443 2295 2738 2354 recitandae
2763 2300 2908 2360 sunt,
2930 2292 3100 2362 iisque
3117 2284 3426 2348 confutatis,
3447 2296 3570 2337 vera

1975 2407 2279 2454 nostrarum
2311 2395 2569 2448 virtutum
2614 2386 2917 2457 corruptela
2949 2385 3002 2440 in
3031 2382 3265 2438 medium
3294 2377 3570 2449 proferen-

1974 2490 2064 2557 da,
2096 2498 2150 2544 et
2175 2485 2457 2558 perspicue
2483 2479 2898 2545 ostendendum,
2938 2476 2990 2532 id
3036 2474 3441 2532 detrimentum,
3480 2476 3570 2521 aut

1976 2581 2027 2637 id
2049 2582 2299 2636 damnum
2319 2595 2346 2634 a
2368 2577 2582 2633 nemine
2599 2573 2751 2630 nobis
2766 2571 2881 2627 dari
2900 2584 3077 2642 posse,
3098 2567 3198 2621 nisi
3217 2561 3572 2629 nosmetipsos

1978 2675 2287 2744 prodamus.
2324 2671 2526 2740 Vulgus
2565 2682 2693 2738 ergo
2720 2665 2899 2736 pravis
2945 2662 3201 2717 imbutum
3231 2655 3571 2726 opinionibus

1977 2766 2184 2820 diversa
2227 2764 2497 2818 existimat
2532 2768 2730 2815 nostra!
2770 2756 2952 2812 virtuti
2983 2768 3195 2816 nocere,
3223 2750 3309 2805 alii
3341 2764 3567 2820 pauper-

1981 2865 2162 2921 tatem,
2196 2856 2284 2910 alii
2311 2854 2553 2922 corporis
2584 2851 2854 2916 morbum,
2885 2849 2975 2903 alii
3019 2844 3262 2919 pecunia:
3285 2842 3568 2913 iacturam,

1977 2950 2066 3004 alii
2093 2948 2440 3012 calumniam,
2479 2946 2566 2999 alii
2597 2954 2844 3006 mortem,
2876 2950 3034 3011 atque
3063 2939 3176 2992 haec
3207 2943 3462 3007 perpetuo
3492 2935 3569 2985 la-

1979 3048 2288 3094 mentantur
2317 3054 2380 3093 ac
2408 3037 2726 3107 deplorant;
2761 3043 2814 3090 et
2863 3047 2978 3099 eos,
3009 3031 3200 3101 quibus
3228 3028 3315 3084 illa
3343 3027 3569 3096 contige-

1981 3139 2126 3199 runt,
2163 3130 2502 3195 miserantes,
2541 3138 2597 3183 et
2637 3127 2849 3191 flentes,
2892 3134 2946 3181 et
2985 3119 3336 3192 obstupefacti
3387 3116 3572 3174 dicunt

1979 3224 2118 3279 inter
2145 3239 2204 3278 sc
2229 3240 2241 3276 :
2267 3221 2454 3290 Qualia
2488 3233 2775 3292 perpessus
2804 3225 2886 3273 est
2911 3215 3035 3271 ille?
3082 3220 3304 3284 repente
3324 3209 3573 3266 omnibus

1979 3317 2207 3373 fortunis
2236 3329 2458 3371 eversus
2481 3324 2584 3369 est.
2634 3313 2787 3368 Alius
2823 3311 2892 3366 de
2938 3309 3046 3364 alio
3085 3305 3319 3362 vicissim
3348 3321 3362 3362 :
3391 3306 3459 3358 At
3485 3302 3572 3356 ille

1980 3411 2029 3465 in
2062 3425 2278 3480 gravem
2311 3407 2557 3462 morbum
2589 3403 2792 3470 incidit,
2824 3412 2878 3458 ct
2898 3418 2927 3456 a
2963 3400 3204 3464 medicis,
3234 3397 3322 3469 qui
3352 3395 3416 3450 ad
3447 3410 3570 3450 eum

1984 3501 2331 3566 accedebant,
2367 3498 2685 3569 desperatus
2713 3504 2813 3551 est.
2849 3496 2967 3550 Jam
3014 3493 3148 3546 alius
3177 3492 3405 3545 carceris
3434 3489 3573 3542 iucu-

1979 3595 2077 3657 las,
2105 3593 2240 3647 alius
2265 3592 2435 3662 patria
2467 3590 2668 3658 pulsos,
2718 3597 2772 3643 ct
2799 3588 2849 3640 iu
2881 3585 3125 3641 exsilium
3155 3583 3416 3652 relegatos
3447 3599 3458 3634 :
3487 3579 3574 3634 hic

1980 3684 2228 3738 libertate
2249 3691 2460 3748 exutos,
2488 3681 2578 3735 ille
2599 3680 2666 3734 ab
2692 3677 2936 3733 hostibus
2959 3677 3010 3730 iu
3033 3673 3391 3745 captivitatem
3421 3673 3575 3727 abre-

1981 3783 2120 3845 ptos,
2154 3775 2254 3829 iste
2298 3773 2658 3838 submersum,
2690 3779 2784 3823 aut
2819 3769 3184 3830 combustum,
3229 3766 3365 3820 alius
3415 3765 3568 3819 ruina

1980 3867 2171 3921 domus
2199 3879 2538 3934 oppressum,
2573 3863 2717 3932 luget
2744 3876 2806 3916 ac
2833 3861 3015 3923 deflet,
3042 3870 3094 3913 at
3117 3857 3357 3928 improbe
3386 3857 3572 3911 viven-

1982 3966 2061 4014 tes
2104 3972 2263 4012 ncmo
2303 3975 2315 4010 :
2354 3956 2448 4010 sed
2472 3955 2612 4026 quod
2644 3953 2894 4008 omnibus
2919 3961 3002 4006 est
3027 3951 3260 4022 gravius,
3310 3965 3402 4005 eos
3430 3964 3574 4017 sirpe

1977 4064 2189 4121 quoque
2219 4049 2407 4104 beatos
2435 4046 2750 4118 pradicant,
2783 4060 2903 4115 quae
2932 4044 3090 4097 etiam
3132 4041 3369 4095 omnium
3402 4039 3572 4094 malo-

1950 4174 1957 4182 -
1980 4157 2096 4196 rum
2128 4155 2288 4195 causa
2314 4149 2415 4194 est.
2444 4141 2558 4208 Age
2583 4139 2742 4208 igitur
2775 4135 2890 4206 (sed
2913 4146 2968 4190 ut
2991 4135 3253 4204 principio
3281 4133 3481 4202 rogavi,
3507 4145 3575 4186 ue

1980 4232 2416 4302 tumultuemini),
2438 4228 2783 4284 ostendamus
2814 4227 2945 4281 nihil
2971 4231 3302 4293 eorum'qure
3317 4223 3570 4288 diximus,

1978 4340 2174 4382 nocere
2201 4325 2383 4379 sobrio
2409 4322 2633 4387 homini,
2665 4335 2840 4390 neque
2871 4321 3120 4374 virtutem
3149 4316 3264 4384 eius
3293 4316 3572 4371 labefacta-

1977 4435 2035 4474 re
2066 4432 2242 4488 posse.
2273 4415 2410 4484 Quid
2438 4415 2603 4478 enim,
2632 4414 2718 4468 dic
2748 4413 2899 4476 mihi,
2944 4412 3194 4466 omnibus
3221 4410 3413 4482 opibus
3443 4424 3571 4478 spo-

1979 4511 2126 4574 Iiato,
2160 4520 2252 4562 aut
2280 4524 2309 4561 a
2354 4506 2854 4569 calumniatoribus,
2885 4505 2998 4559 sive
3027 4519 3054 4557 a
3089 4502 3448 4572 prtedouibus,
3483 4510 3573 4553 aut

1977 4603 2136 4658 etiam
2163 4600 2420 4670 improbis
2450 4599 2618 4654 servis
2634 4604 2794 4653 exuto
2812 4597 3059 4652 omnibus
3083 4595 3420 4649 facultatibus
3438 4593 3567 4654 suis,

1980 4693 2082 4747 hoc
2104 4690 2360 4745 damnum
2407 4689 2595 4751 obfuit,
2628 4697 2883 4758 quantum
2919 4686 2984 4741 ad
3011 4687 3263 4741 virtutem
3299 4684 3571 4739 hominis?

2051 4782 2188 4847 Quid
2210 4781 2274 4834 sit
2302 4780 2455 4833 virtus
2487 4781 2724 4844 hominis,
2763 4789 2810 4832 et
2831 4778 2952 4848 quid
2979 4795 3087 4831 eam
3119 4779 3300 4832 (cedere
3320 4778 3576 4848 possit.—

1978 4877 2082 4934 Sed
2119 4877 2316 4947 potius,
2347 4875 2391 4930 si
2425 4875 2492 4928 ita
2521 4873 2748 4938 videtur,
2783 4873 3012 4941 primum
3039 4870 3404 4926 describamus
3461 4869 3571 4922 vii-'-

1980 4980 2146 5026 tutem
2178 4967 2429 5032 hominis,
2461 4967 2714 5037 quidnam
2742 4981 2804 5020 ea
2838 4965 3049 5020 tandem
3092 4966 3179 5022 sit.
3210 4964 3298 5019 ubi
3331 4964 3476 5033 prius
3507 4964 3572 5016 ad

1976 5063 2107 5116 alias
2131 5075 2222 5115 res
2249 5061 2544 5114 orationem
2572 5058 3023 5120 converterimus,
3072 5066 3126 5110 ut
3165 5071 3284 5112 eam
3328 5056 3571 5111 multitu-

1976 5153 2084 5208 diui
2116 5151 2182 5205 ad
2213 5149 2613 5221 intelligendum
2646 5149 2939 5204 faciliorem
2970 5157 3024 5203 et
3054 5147 3427 5203 dilucidiorem
3455 5147 3572 5201 effi-

1975 5249 2200 5306 ciamus.

2047 5341 2100 5394 3.
2143 5337 2280 5407 Quid
2303 5353 2430 5407 ergo
2451 5346 2533 5391 est
2553 5336 2722 5391 virtus
2749 5336 2910 5406 equi?
2935 5333 3200 5403 Numquid
3234 5349 3451 5387 aureum
3478 5333 3573 5387 ha-

1976 5435 2102 5486 bere
2141 5432 2368 5492 frenum,
2417 5437 2470 5482 et
2517 5425 2889 5496 huiuscemodi
2923 5425 3167 5496 cingula,
3213 5427 3569 5494 stragulorum

1976 5521 2184 5576 vincula
2224 5535 2290 5574 ex
2334 5518 2520 5574 sericis
2563 5517 2664 5571 ﬁlis
2711 5525 2982 5580 contexta,
3028 5525 3233 5587 tapetas
3273 5517 3570 5585 variegatos

1976 5628 2213 5679 auroque
2257 5611 2594 5688 intertextos,
2626 5608 2876 5678 phaleras
2904 5609 3129 5678 gemmis
3157 5607 3457 5672 distinctas,
3482 5607 3566 5677 ju-

1981 5707 2075 5763 bas
2105 5705 2280 5761 aureis
2309 5703 2553 5760 funiculis
2583 5701 2923 5773 complicatas
2958 5720 2971 5758 ;
3002 5716 3068 5758 an
3104 5716 3232 5758 vero
3260 5716 3422 5759 cursu
3451 5717 3571 5759 esse
