4046 6432
495 266 599 320 illi}

503 376 759 440 velocem,
785 373 1030 431 cruribus
1049 373 1185 430 bene
1208 374 1393 439 firmis,
1418 387 1701 429 numerose
1720 370 1991 436 incedere,
2025 379 2082 425 et

504 464 727 532 ungulas
773 464 970 520 habere
1015 478 1277 535 generoso
1314 478 1454 534 equo
1498 462 1719 534 dignas;
1771 460 2084 516 fortitudine

506 552 784 621 praeditum
817 569 964 619 esse,
1007 555 1177 625 longis
1228 555 1507 611 itincribus
1550 570 1612 609 ac
1656 554 1810 609 bellis
1853 552 2078 613 idonea;

504 658 661 714 posse
687 656 740 701 et
779 647 831 701 in
867 646 983 702 acie
1018 661 1210 717 magno
1253 648 1433 702 animo
1473 656 1649 714 stare,
1693 655 1750 700 et
1786 645 1920 699 facta
1962 643 2078 711 fuga

500 734 732 804 equitem
764 736 1084 791 incolumem
1104 738 1465 793 conservare?
1484 740 1696 792 .Annon
1741 735 2078 805 perspicuum

500 835 602 892 est,
634 826 735 895 his,
761 842 866 883 non
892 828 999 895 illis
1024 832 1146 899 equi
1175 822 1421 884 virtutem
1451 828 1752 885 contineri?
1794 828 2077 882 Asinorum

499 931 626 972 vero
652 928 704 973 et
730 918 997 974 mulorum
1014 934 1173 989 quam
1196 919 1594 979 virtutensesse
1614 917 1861 973 diceres?
1883 922 2075 971 Annon

500 1026 657 1079 posse
683 1001 852 1065 onera
878 1011 1160 1065 commode
1185 1022 1417 1081 gestare,
1449 1010 1637 1065 itinera
1665 1009 1818 1064 facile
1844 1008 2077 1063 confice-

499 1116 575 1166 re,
612 1100 808 1156 habere
838 1100 1020 1171 pedes,
1053 1100 1143 1170 qui
1168 1101 1411 1157 firmitate
1437 1115 1563 1156 saxa
1594 1099 1907 1156 imitentur?
1938 1099 2073 1154 Num

496 1209 580 1255 ea,
620 1192 813 1261 quibus
853 1191 1188 1245 extrinsecus
1229 1190 1536 1245 circumdati
1577 1201 1721 1257 sunt,
1766 1190 1960 1259 aliquid
2007 1190 2071 1244 ad

494 1291 742 1337 vlrtutem
784 1283 1018 1351 ipsorum
1055 1284 1326 1353 preprium
1368 1283 1614 1338 conferre
1648 1283 1929 1339 dicemus?
1970 1282 2073 1337 Ne-

490 1389 775 1445 quaquam.
806 1374 1023 1430 V'ineam
1052 1374 1244 1430 deinde
1263 1390 1424 1446 quam
1453 1374 1879 1430 admirabimnr?
1910 1373 2072 1429 Foliis

494 1474 756 1520 tornatam
798 1475 851 1521 et
896 1466 1214 1535 palmitibus,
1265 1481 1331 1521 an
1378 1464 1549 1521 fructu
1593 1466 1871 1521 onustam?
1900 1466 2068 1533 Quam

492 1559 655 1612 etiam
682 1556 833 1611 oliva:
858 1557 1104 1612 virtutem
1126 1570 1246 1610 esse
1274 1548 1537 1612 dicimus?
1561 1557 1696 1612 Cum
1722 1572 1943 1627 magnos
1970 1555 2069 1610 ba-

496 1646 583 1701 bet
611 1661 810 1713 ramos,
834 1656 888 1703 et
916 1646 1137 1701 multam
1162 1640 1406 1703 foliorum
1436 1663 1665 1713 comam,
1683 1662 1750 1702 an
1775 1664 1895 1702 cum
1916 1664 2068 1703 suum

491 1737 721 1792 fructum
753 1737 971 1792 uberem
1002 1748 1055 1793 et
1077 1739 1128 1793 in
1151 1753 1336 1794 omnes
1353 1749 1535 1809 partes
1560 1740 1859 1810 dispersum
1890 1751 2070 1796 osten-

493 1831 605 1883 tat?
636 1830 726 1885 Sic
757 1831 912 1900 igitur
943 1832 1101 1885 etiam
1133 1832 1182 1885 in
1220 1832 1524 1888 hominibus
1549 1832 1820 1888 faciamus.
1856 1835 2067 1890 Discer-

492 1937 678 1976 namus
702 1922 949 1978 virtutem
977 1922 1233 1985 hominis,
1285 1924 1440 1994 idque
1467 1926 1641 1979 solum
1677 1924 1927 1979 damnum
1958 1927 2067 1980 exi-

486 2014 788 2077 stimemus,
817 2014 955 2083 quod
1000 2015 1140 2067 illam
1185 2015 1365 2069 violet.
1410 2014 1545 2082 Quid
1588 2015 1747 2086 igitur
1784 2025 1868 2071 est
1900 2016 2066 2070 virtus

490 2104 756 2161 hominis?
780 2105 894 2160 Non
918 2107 1175 2175 pecunire,
1207 2115 1259 2160 ut
1289 2116 1653 2177 paupertatem
1695 2118 1932 2174 metuas;
1966 2125 2066 2165 nec

487 2196 686 2250 sanitas
707 2197 967 2266 corporis,
995 2207 1049 2250 ut
1073 2198 1261 2252 timeas
1284 2196 1561 2264 morbum;
1587 2212 1692 2253 non
1715 2198 2065 2255 multitudinis

484 2286 687 2355 opinio,
726 2296 783 2340 ut
812 2296 1111 2356 suspectam
1135 2287 1333 2343 habeas
1361 2287 1802 2345 existimationem
1834 2290 2085 2367 malam;

486 2392 585 2432 nec
611 2378 716 2431 vita
743 2392 837 2448 per
864 2392 923 2433 se
948 2378 1061 2433 sola
1085 2379 1202 2433 sine
1230 2378 1555 2448 abjectione.
1586 2389 1841 2452 certoque
1864 2396 2064 2452 propo-

485 2468 589 2522 sito
620 2467 744 2533 line,
776 2476 833 2522 ut
861 2483 1005 2524 mors
1049 2468 1142 2524 tibi
1183 2468 1533 2526 formidabilis
1574 2472 1828 2538 exsistat;
1871 2488 1970 2529 nec
2002 2473 2067 2528 li-

488 2558 688 2623 bertas,
723 2567 781 2612 ut
809 2559 1115 2614 servitutem
1145 2558 1314 2629 fugias
1346 2560 1360 2615 ξ
1391 2561 1486 2617 sed
1507 2577 1646 2617 verte
1665 2561 1923 2619 doctrina:
1946 2564 2066 2619 dili-

481 2662 615 2716 gens
656 2647 912 2714 studium,
954 2657 1008 2703 et
1048 2649 1169 2703 viue
1213 2650 1485 2707 honestas.
1519 2651 1644 2707 Htee
1671 2668 1801 2709 vero
1826 2670 1925 2709 nec
1952 2656 2067 2724 ipse

482 2738 726 2793 diabolus
752 2740 949 2809 poterit
976 2742 1210 2812 eripere,
1241 2742 1285 2796 si
1315 2757 1592 2812 possessor
1613 2758 1698 2812 ea,
1715 2760 1819 2816 qua
1843 2761 1939 2815 par
1959 2757 2061 2812 est,

482 2845 609 2884 cura
638 2831 903 2886 custodiat
927 2848 941 2886 :
972 2832 1132 2903 idque
1157 2833 1514 2905 nequissimus
1543 2845 1597 2891 et
1626 2837 1957 2892 truculentus
1976 2838 2064 2895 ille

483 2920 694 2975 daemon
722 2922 887 2976 novit.
916 2922 1062 2978 lianc
1088 2925 1229 2979 enim
1253 2925 1322 2980 ob
1343 2940 1558 2981 causam
1594 2928 1754 2983 etiam
1782 2927 1884 2984 Job
1910 2930 2065 2986 bonis

480 3011 748 3078 spoliavit,
776 3027 881 3066 non
908 3022 969 3068 ut
992 3028 1117 3069 eum
1143 3029 1429 3086 pauperem
1448 3016 1714 3086 redderet,
1732 3018 1828 3075 sed
1851 3030 1906 3074 ut
1927 3022 2065 3077 blas-

456 3104 732 3172 phcmum
774 3105 990 3176 aliquod
1029 3108 1252 3163 verbum
1283 3107 1471 3164 ell‘erre
1497 3122 1711 3181 cogeret
1740 3130 1755 3166 :
1791 3121 1843 3168 et
1871 3128 2065 3184 corpus

483 3193 738 3258 concidit,
770 3211 873 3249 non
902 3205 961 3251 ut
990 3196 1041 3251 in
1069 3198 1313 3254 morbum
1344 3201 1652 3271 conjiceret,
1674 3202 1765 3258 sed
1795 3211 1855 3258 ut
1872 3206 2063 3260 animm

483 3285 731 3339 \irtutem
770 3286 1129 3343 labefactaret.
1178 3288 1284 3345 Sed
1325 3296 1499 3347 tamen
1540 3306 1661 3347 cum
1708 3309 1897 3350 omnes
1937 3310 2063 3352 suas

484 3374 759 3430 machinas
786 3375 1130 3443 admovisset,
1161 3388 1217 3434 et
1256 3395 1323 3437 ex
1349 3380 1514 3436 divite
1540 3397 1828 3453 pauperem
1860 3385 2065 3459 cll‘ecis-

482 3476 564 3519 set
594 3465 671 3535 (id
712 3468 855 3537 quod
887 3469 1040 3525 nobis
1076 3472 1311 3527 omnium
1359 3474 1590 3531 maxime
1628 3476 1884 3533 horribile
1912 3478 2060 3534 vide-

481 3560 613 3628 tur),
640 3573 709 3612 ex
742 3560 1026 3616 multorum
1072 3563 1363 3619 liberorum
1392 3575 1541 3636 patre
1565 3568 1789 3635 orbum;
1831 3587 1952 3625 cum
1984 3579 2063 3627 to-

483 3660 593 3704 tum
621 3650 736 3721 ejus
765 3667 962 3722 corpus
1004 3657 1220 3724 gravius
1247 3657 1557 3724 lacerasset,
1588 3676 1746 3732 quam
1783 3662 2062 3718 carniﬁces

481 3738 533 3790 in
564 3742 829 3808 prrctoriis
863 3747 1057 3813 (neque
1086 3746 1227 3801 enim
1260 3746 1473 3803 illorum
1518 3750 1729 3820 ungulzn
1770 3752 1839 3807 ita
1883 3755 2062 3821 perfo-

480 3832 635 3887 diunt
660 3849 868 3899 eorum,
899 3840 986 3907 qui
1018 3839 1070 3892 in
1102 3854 1289 3894 manus
1319 3842 1553 3912 ipsorum
1585 3845 1843 3913 incidunt,
1875 3847 2059 3914 latera,

483 3932 539 3975 ut
579 3923 695 3987 ejus
731 3939 947 3981 carnem
980 3944 1189 3984 vermes
1223 3930 1584 4004 lacerarunt),
1625 3951 1747 3990 cum
1790 3937 1980 3991 malam
2012 3939 2061 3993 ei

479 4013 927 4072 existimationem
954 4020 1289 4076 conciliasset
1317 4022 1493 4094 (amici
1518 4026 1680 4091 enim,
1702 4028 1790 4097 qui
1818 4027 2058 4095 aderant,

488 4102 603 4157 Non
620 4104 829 4175 dignas,
850 4108 1079 4176 aiebant,
1107 4113 1339 4181 peccatis
1369 4115 1470 4169 tuis
1488 4131 1670 4184 poenas
1686 4117 1899 4184 dedisti,
1924 4122 2066 4200 mni-3

482 4194 658 4263 tisque
695 4197 873 4252 verbis
899 4214 1019 4253 eum
1060 4203 1425 4275 accusabant),
1470 4221 1590 4260 cum
1620 4223 1726 4262 non
1761 4210 1893 4265 urbe
1935 4194 2059 4266 era?

483 4294 627 4338 ctum
657 4296 749 4339 aut
773 4286 935 4342 domo
965 4289 1014 4343 in
1044 4291 1199 4346 aliam
1227 4294 1494 4351 civitatem
1524 4307 1727 4353 tantum
1760 4303 2059 4357 transtulis-

479 4384 583 4439 set,
633 4377 729 4432 sed
771 4382 1162 4450 Sterquilinium
1212 4386 1260 4440 ei
1303 4398 1357 4442 et
1408 4387 1600 4444 domus
1647 4399 1702 4445 et
1746 4393 1892 4447 urbis
1939 4395 2058 4449 loco

481 4467 845 4522 constituisset
890 4486 902 4522 :
940 4486 1045 4525 non
1072 4473 1234 4528 modo
1287 4476 1335 4530 ei
1367 4492 1471 4531 non
1512 4481 1713 4547 nocuit,
1755 4482 1851 4537 sed
1894 4486 2056 4540 etiam

481 4554 823 4611 ilmstriorem
846 4573 939 4627 per
964 4560 1185 4616 insidias
1208 4564 1454 4619 reddidit.
1472 4567 1653 4638 Neque
1679 4581 1880 4627 tantum
1904 4577 2060 4644 quid-

478 4660 635 4713 quam
666 4647 734 4702 de
763 4649 914 4704 bonis
942 4668 1043 4707 non
1076 4656 1313 4723 abstulit,
1350 4674 1669 4729 quamquam
1707 4672 1781 4717 tot
1809 4673 2059 4738 tantaque

481 4737 806 4800 abstulisset.
827 4742 920 4796 sed
950 4745 1109 4799 etiam
1137 4747 1367 4817 majores
1384 4750 1429 4803 ei
1452 4750 1663 4807 divitias
1688 4754 1898 4810 virtutis
1920 4737 2060 4812 com-

479 4828 701 4897 paravit.
733 4830 940 4887 Etenim
986 4837 1187 4906 majore
1231 4840 1487 4911 deinceps
1528 4842 1800 4901 fruebatur
1838 4847 2053 4915 fiducia,

482 4918 672 4988 quippe
692 4919 974 4979 difﬁciliori
998 4943 1207 4998 quoque
1229 4933 1518 4988 certamine
1546 4935 1873 5005 perfunctus.
1903 4939 2055 5007 Quod

475 5009 520 5060 si
552 5008 617 5070 is,
644 5013 732 5081 qui
762 5022 903 5069 tanta
934 5033 1217 5088 perpessus
1251 5032 1355 5089 eSt,
1400 5023 1705 5082 detrimenti
1749 5029 1879 5085 nihil
1903 5047 2056 5087 acce-

477 5099 575 5167 pit,
597 5115 661 5155 ac
688 5118 972 5176 perpessus
998 5126 1102 5165 non
1127 5112 1193 5165 ab
1212 5113 1447 5182 homine,
1472 5118 1562 5171 sed
1579 5134 1606 5171 a
1626 5120 1869 5178 daemone
1893 5128 2057 5181 omni-

474 5190 575 5245 bus
605 5191 908 5253 hominibus
942 5203 1197 5270 nequiore
1226 5222 1237 5257 :
1262 5206 1389 5275 quid
1416 5212 1775 5267 excusationis
1802 5214 2054 5289 deinceps

474 5280 691 5338 habebit
733 5288 1014 5359 quisquam
1067 5308 1273 5362 eorum,
1303 5298 1406 5367 qui
1451 5298 1692 5356 dictitant
1734 5322 1747 5357 :
1786 5304 1882 5360 Ille
1923 5280 2053 5364 mihi

471 5372 725 5431 damnum
750 5389 840 5433 aut
881 5382 1257 5441 detrimentum
1299 5390 1521 5446 attulit?
1560 5392 1614 5449 Si
1642 5396 1783 5450 enim
1811 5397 2055 5455 diabolus

472 5474 614 5520 tanta
640 5468 826 5537 plenus
850 5470 1210 5543 improbitate,
1238 5481 1485 5536 omnibus
1516 5482 1883 5543 instrumentis
1904 5491 2053 5545 adhi-

469 5555 610 5619 bitis,
660 5560 907 5615 omnibus
948 5564 1126 5621 missis
1163 5568 1308 5634 telis,
1357 5573 1603 5628 omnibus
1646 5577 1820 5637 malis,
1851 5594 1968 5649 qua:
2000 5584 2050 5636 in

468 5642 772 5707 hominibus
802 5663 980 5721 erant,
1006 5672 1200 5729 magno
1233 5677 1350 5715 cum
1390 5679 1609 5719 excessu
1637 5676 1685 5722 ct
1716 5668 1765 5723 in
1796 5669 2047 5727 familiam

1196 261 1252 318 S.
1292 259 1568 319 JOANNIS
1606 255 2072 316 CHRYSOSTOMI
2110 253 2424 313 ARCHIEP.
2464 254 2995 318 CONSTANTINOP.

3675 269 3783 324 465

2183 368 2312 440 justi
2341 372 2479 427 illius
2508 382 2563 428 et
2596 373 2650 428 in
2688 389 2883 444 corpus
2917 376 3205 446 congestis,
3250 378 3380 434 nihil
3414 380 3530 434 viro
3568 380 3764 449 obfuit,

2190 462 2303 529 sed,
2331 475 2387 518 nt
2424 463 2553 531 dixi,
2583 469 2763 536 potius
2789 469 2948 524 etiam
2979 470 3179 540 profuit
3206 491 3219 526 :
3261 476 3350 543 qui
3383 485 3631 543 poterunt
3658 479 3779 546 qni-

2184 550 2307 606 dam
2344 553 2484 610 hunc
2522 566 2617 611 aut
2658 558 2805 612 illum
2831 574 3117 627 accusare,
3148 567 3299 633 quasi
3330 565 3468 620 alter
3494 565 3562 622 ab
3582 565 3779 633 alter-0,

2183 656 2247 698 ac
2269 658 2381 700 non
2414 646 2589 715 potius
2614 663 2645 701 a
2671 650 2975 719 semetipsis
2999 652 3197 707 damno
3225 654 3441 709 allecti?

2252 733 2307 789 4.
2348 736 2535 791 Adami
2556 740 2788 809 exemplo
2805 740 3028 811 idipsum
3048 745 3256 813 probat;
3276 746 3547 816 objectioni
3566 764 3774 818 τωρωι-ν

2181 823 2265 877 det
2294 823 2358 879 de
2393 826 2555 897 pomis
2576 838 2624 882 et
2642 829 2927 900 suppliciis.
2949 861 3021 872 -—-
3048 832 3184 900 Quid
3212 849 3361 905 ergo,
3393 834 3536 892 dicet
3558 837 3757 908 aliquis
3802 891 3810 897 .

2184 913 2451 971 Adamum
2486 931 2592 972 non
2619 918 2757 974 laesit
2794 934 2857 975 ac
2893 924 3275 992 supplantavit,
3311 937 3365 980 et
3391 928 3640 996 paradiso
3666 932 3758 999 eje

2184 1004 2298 1060 cit?
2324 1004 2444 1062 Non
2478 1007 2587 1073 ille,
2617 1010 2712 1066 sed
2743 1010 2855 1068 lresi
2889 1012 3118 1084 ignavia,
3152 1017 3238 1086 qui
3271 1032 3372 1073 nec
3406 1019 3640 1086 sobrius,
3680 1035 3779 1077 nec

2180 1097 2403 1167 vigilans
2425 1100 2635 1157 fuisset.
2660 1101 2794 1157 Nam
2822 1105 2913 1174 qui
2951 1106 3145 1161 talibus
3182 1123 3245 1163 ac
3280 1111 3440 1164 tantis
3467 1110 3643 1166 allatis
3664 1128 3779 1167 ma-

2181 1186 2359 1244 chinis
2399 1189 2501 1247 Job
2544 1190 2828 1251 deturbare
2871 1198 3126 1267 nequivit,
3175 1202 3443 1270 quomodo
3480 1202 3777 1259 minoribus

2177 1293 2482 1349 superasset
2500 1284 2783 1354 Adamum,
2809 1289 2908 1344 nisi
2926 1291 2971 1344 is
3001 1305 3097 1361 per
3118 1306 3271 1347 suam
3291 1294 3555 1363 ignaviam
3576 1309 3771 1353 semet-

2181 1370 2353 1439 ipsum
2388 1372 2717 1431 dedidisset?
2742 1377 2877 1445 Quid
2908 1380 3103 1449 igitur?
3128 1383 3217 1452 qui
3244 1400 3274 1438 a
3298 1386 3776 1443 calumniatoribus

2176 1463 2571 1523 circumventus
2598 1478 2651 1524 et
2693 1470 2973 1538 publicatis
3018 1473 3175 1530 bonis
3212 1479 3542 1547 proscriptus
3571 1489 3677 1545 est,
3705 1496 3775 1536 an

2184 1553 2229 1606 is
2253 1571 2358 1609 non
2381 1556 2631 1613 damnum
2654 1564 2860 1631 accepit
2874 1564 3121 1620 omnibus
3137 1564 3472 1624 facultatibus
3490 1571 3773 1639 spoliatus,

2178 1644 2378 1699 amisso
2406 1649 2746 1716 patrimonio,
2772 1655 3067 1710 colluctans
3098 1672 3223 1711 cum
3252 1668 3488 1714 extrema
3537 1676 3773 1731 pauper-

2180 1736 2321 1791 tate?
2350 1737 2465 1794 Nun
2505 1740 2760 1798 damnum
2807 1748 3033 1816 accepit,
3075 1748 3171 1803 sed
3215 1749 3442 1818 lucrum,
3473 1754 3518 1807 si
3556 1755 3775 1812 sobrius

2173 1837 2274 1882 est.
2319 1829 2455 1897 Quid
2496 1833 2660 1902 enim,
2704 1850 2907 1906 qureso,
2948 1839 2997 1893 id
3037 1839 3214 1910 obfuit
3244 1843 3537 1912 apostolis?
3578 1845 3774 1903 Nonne

2178 1934 2300 1973 cum
2329 1922 2489 1988 fame,
2521 1926 2628 1990 siti,
2660 1926 2900 1983 nuditate
2944 1930 3282 1987 continenter
3316 1933 3689 1992 luctabantur?
3717 1948 3768 1995 et

2173 2009 2241 2063 ob
2272 2012 2373 2066 hoc
2398 2012 2569 2083 ipsum
2598 2016 2824 2085 proinde
2851 2021 3015 2074 etiam
3043 2021 3331 2077 admodum
3352 2024 3587 2081 illustres
3614 2038 3769 2084 erant

2172 2110 2227 2154 et.
2270 2100 2421 2170 clari,
2458 2120 2819 2178 magnumque
2857 2124 2889 2165 ιι
2930 2110 3040 2167 Deo
3084 2113 3343 2169 auxilium
3386 2115 3765 2186 impetrarunt.

2171 2191 2306 2256 Quid
2339 2193 2541 2251 Lazaro
2567 2198 2809 2265 morbus,
2841 2201 3041 2268 ulcera,
3066 2214 3374 2275 paupertas,
3416 2208 3653 2265 solitudo
3673 2226 3770 2266 eo.

2171 2302 2291 2340 rum
2320 2289 2408 2358 qui
2435 2291 2769 2359 assisterent,
2809 2293 3017 2351 obfuit?
3048 2297 3242 2352 Annon
3270 2299 3353 2354 bis
3382 2301 3541 2356 rebus
3567 2304 3619 2358 ei
3650 2320 3770 2358 ma-

2169 2378 2250 2448 gis
2280 2389 2406 2435 sunt
2442 2392 2706 2439 contextae
2734 2388 2991 2442 coronae?
3022 2386 3159 2456 Quid
3188 2390 3423 2461 Josepho
3460 2396 3597 2449 mala
3628 2396 3769 2453 fama

2171 2471 2316 2527 domi
2363 2474 2601 2547 forisque
2638 2478 2896 2534 collecta?
2924 2496 3048 2536 nam
3083 2491 3138 2538 et
3170 2483 3381 2540 adulter
3405 2497 3461 2541 et
3500 2498 3772 2544 scortator

2175 2563 2473 2622 habebatur
2505 2585 2518 2620 :
2546 2570 2670 2639 quid
2701 2573 2973 2628 servitus?
3000 2574 3125 2644 quid
3154 2576 3438 2632 exsilium?
3463 2579 3657 2633 Annon
3698 2582 3772 2634 oh

2169 2653 2287 2711 haec
2302 2673 2424 2712 eum
2453 2660 2682 2715 maxime
2705 2662 3032 2718 admiramur
3066 2672 3121 2720 et
3141 2665 3606 2735 obstupescimus?
3626 2670 3770 2739 Quid

2171 2744 2295 2801 dico
2323 2750 2592 2817 exsilium,
2622 2761 3011 2822 paupertatem,
3055 2759 3250 2809 malam
3280 2755 3495 2822 famam,
3517 2768 3573 2814 et
3596 2763 3773 2815 servi-

2174 2840 2381 2893 tutem?
2408 2840 2551 2896 Mors
2580 2843 2722 2897 enim
2748 2844 2862 2912 ipsa
2895 2844 3022 2914 quid
3066 2845 3200 2902 Abel
3229 2847 3419 2914 obfuit,
3450 2859 3505 2906 et
3532 2852 3770 2907 violenta

2168 2937 2223 2983 et
2250 2929 2554 2995 immatura,
2584 2942 2638 2988 et
2680 2949 2781 3005 per
2808 2933 2988 2991 fratris
3017 2952 3232 2993 manum
3272 2940 3533 2997 scelerate
3568 2944 3773 3002 allata?

2171 3020 2364 3073 Annon
2393 3020 2532 3077 hanc
2561 3023 2631 3078 ob
2656 3040 2770 3079 rem
2793 3026 2990 3097 ubique
3020 3035 3283 3083 terrarum
3315 3030 3653 3086 celebratur?
3680 3034 3771 3088 \‘i-

2168 3109 2336 3167 desne
2359 3122 2415 3165 ut
2445 3112 2596 3183 plura
2622 3130 2779 3185 quam
2808 3118 3131 3187 promiserit,
3157 3122 3329 3177 oratio
3345 3109 3769 3183 demonstrarit?

2170 3200 2288 3257 Non
2328 3204 2471 3259 enim
2528 3214 2729 3261 tantum
2776 3208 3068 3264 declaravit
3106 3213 3375 3267 neminem
3421 3228 3448 3267 a
3492 3231 3766 3287 quoquam

2169 3292 2367 3347 damno
2395 3294 2559 3362 allici,
2590 3311 2775 3352 verum
2807 3298 2967 3352 etiam
3009 3301 3188 3369 potius
3230 3301 3435 3357 lucrmn
3460 3302 3637 3360 facere
3668 3322 3769 3362 eus

2172 3383 2263 3453 qui
2287 3383 2391 3440 sibi
2423 3388 2722 3443 attendunt.
2752 3389 2914 3458 Cujus
2951 3390 3110 3461 igitur
3134 3395 3305 3463 gratia
3344 3410 3517 3467 poma:
3558 3408 3612 3453 et
3636 3415 3767 3472 sup-

2167 3475 2366 3546 plicia?
2406 3478 2552 3534 dicet
2593 3480 2823 3551 aliquis;
2869 3482 3023 3552 cujus
3069 3487 3239 3555 gratia
3282 3489 3564 3557 gehenna?
3609 3494 3769 3564 cujus

2166 3567 2334 3637 gratia
2366 3577 2445 3623 tot
2471 3570 2629 3624 mina:
2662 3570 3028 3642 intenduntur,
3075 3577 3121 3631 si
3165 3592 3325 3634 nemo
3366 3596 3465 3636 nec
3505 3582 3763 3641 damnum

2167 3657 2277 3721 dat,
2306 3674 2407 3714 nec
2429 3660 2623 3730 accipit
2647 3662 2677 3713 ?-
2700 3662 2838 3728 Quid
2876 3664 3209 3764 dicisJ\quid
3238 3671 3524 3729 confundis
3555 3678 3764 3732 oratio-

2167 3750 2332 3805 nem?
2360 3750 2543 3822 Neque
2567 3753 2711 3808 enim
2739 3755 2870 3825 dixi,
2897 3750 3164 3815 neminEm
3195 3761 3449 3820 damnum
3482 3768 3630 3836 dare,
3662 3772 3763 3827 sed

2172 3842 2443 3897 neminem
2465 3844 2729 3916 accipere.
2749 3846 2931 3918 Ecqua
2952 3850 3159 3907 ratione
3177 3852 3288 3909 fieri
3310 3865 3503 3925 potest,
3530 3859 3760 3931 inquies,

2166 3933 2351 3989 multis
2374 3934 2629 3990 damnum
2652 3937 2904 3995 dantibus
2940 3957 3049 3996 non
3091 3944 3323 4017 aliquem
3357 3950 3639 4020 accipere?
3684 3955 3763 4011 Ea

2165 4038 2270 4092 qua
2319 4027 2430 4094 jam
2487 4025 2642 4081 docui
2700 4030 2928 4086 ratione.
2992 4032 3125 4087 Nam
3178 4046 3233 4090 ct
3282 4035 3519 4109 Josepbo
3567 4040 3765 4101 fratres

2166 4116 2423 4173 damnum
2450 4119 2736 4189 dederunt,
2765 4123 2878 4192 ipse
2904 4130 3082 4181 tamen
3117 4144 3224 4184 non
3254 4134 3462 4201 accepit
3490 4151 3502 4186 :
3545 4144 3599 4190 et
3624 4137 3761 4193 Abel

2164 4206 2386 4263 insidias
2411 4212 2634 4267 tetendit
2661 4212 2816 4281 Cain,
2850 4216 2939 4271 ille
2971 4228 3147 4273 tamen
3180 4221 3245 4274 iis
3292 4238 3399 4277 non
3426 4234 3509 4279 est
3535 4226 3762 4297 implici-

2166 4308 2271 4354 tus.
2297 4301 2409 4358 Hac
2428 4302 2495 4357 de
2524 4318 2683 4358 causa
2717 4320 2888 4374 poena:
2919 4315 2976 4362 et
3000 4310 3257 4380 supplicia
3288 4318 3572 4371 constituta
3610 4329 3755 4375 sunt.

2164 4390 2347 4461 Neque
2374 4392 2517 4446 enim
2547 4393 2616 4448 ob
2657 4410 2840 4450 eorum
2886 4399 2975 4467 qui
3003 4400 3281 4468 patiuntur
3315 4404 3588 4472 virtutem,
3616 4408 3760 4466 Deus

2166 4496 2355 4551 [ternas
2405 4483 2572 4547 tollit,
2625 4486 2718 4540 sed
2777 4498 2994 4556 propter
3044 4490 3439 4561 improbitatem
3492 4498 3760 4557 malitiose

2163 4576 2454 4644 agentium,
2482 4579 2729 4646 proponit
2755 4581 3031 4649 supplicia.
3059 4584 3170 4639 Etsi
3203 4588 3345 4641 enim
3366 4592 3455 4660 qui
3485 4593 3608 4647 mali
3630 4593 3757 4665 quid

2166 4665 2235 4719 ab
2265 4666 2662 4724 insidiatoribus
2706 4672 2997 4741 patiuntur,
3044 4674 3360 4735 illustriores
3400 4682 3653 4751 evadunt,
3708 4688 3763 4742 id

2166 4766 2340 4813 tamen
2372 4775 2479 4815 non
2506 4761 2866 4818 insidiantium
2897 4768 3083 4833 menti,
3116 4770 3209 4823 sed
3239 4787 3424 4827 eorum
3457 4776 3649 4845 quibus
3678 4779 3760 4833 in-

2162 4849 2313 4905 sidiae
2344 4859 2622 4907 struuntur
2647 4853 2941 4910 fortitudini
2972 4858 3313 4915 tribuendum
3362 4874 3462 4918 est.
3495 4866 3759 4934 Quocirca

2163 4939 2248 4995 bis
2273 4942 2546 5012 sapientia:
2570 4948 2805 5013 praemia,
2856 4948 2960 5003 illis
2985 4952 3237 5021 nequitia:
3269 4957 3529 5027 supplicia
3552 4962 3759 5017 consti-

2164 5041 2382 5089 tuuntur
2404 5050 2467 5090 ac
2513 5049 2896 5107 praeparantur.
2937 5043 3208 5113 Spoliatus
3250 5062 3310 5101 es
3340 5050 3613 5117 pecuniis?
3641 5053 3756 5119 Dic,

2162 5125 2352 5181 Nudus
2372 5144 2597 5199 egressus
2620 5147 2731 5185 sum
2765 5149 2827 5187 ea;
2848 5144 2986 5188 utero
3016 5139 3192 5191 matris
3231 5155 3374 5205 "tear,
3421 5145 3587 5197 nudus
3606 5145 3760 5199 etiam

2160 5230 2380 5274 revertar
2430 5220 2560 5292 (Job
2632 5225 2682 5279 1.
2711 5225 2773 5281 21
2800 5227 2853 5297 );
2882 5228 3019 5283 adde
3045 5229 3171 5283 illud
3217 5233 3568 5300 apostolicum
3602 5252 3619 5291 :
3652 5237 3757 5293 Ni-

2161 5310 2234 5364 hil
2257 5312 2389 5365 enim
2412 5313 2675 5368 intulimus
2696 5316 2745 5369 in
2768 5317 2901 5371 hunc
2923 5320 3205 5387 mundum;
3235 5322 3373 5375 liaud
3399 5324 3601 5378 dubium
3623 5334 3755 5397 quod

2160 5418 2250 5455 uec
2278 5408 2479 5472 auferre
2502 5407 2621 5473 quid
2648 5424 2912 5477 possumus
2934 5411 3013 5478 (Ι.
3034 5410 3171 5467 Tim.
3201 5412 3254 5469 6.
3277 5414 3354 5485 7).
3385 5414 3519 5471 Male
3535 5418 3731 5475 audisti

2159 5506 2222 5547 ac
2248 5502 2301 5547 te
2325 5498 2591 5549 sexcentis
2618 5498 2852 5566 quipiam
2899 5503 3161 5558 conviciis
3188 5508 3515 5561 onerarunt?
3551 5509 3751 5567 Recor-

2157 5582 2287 5635 dare
2309 5585 2449 5637 illius
2469 5584 2593 5640 dicti
2629 5606 2640 5640 :
2677 5586 2762 5642 Va:
2780 5592 2914 5643 vobis
2936 5608 3048 5645 cum
3089 5593 3429 5649 benedixcrint
3476 5614 3559 5652 vos
3581 5618 3756 5657 omnes

2164 5676 2382 5730 homines
2408 5677 2553 5744 (Luc.
2586 5680 2636 5733 li.
2674 5680 2805 5751 ἓως
2843 5693 2929 5752 ct,
2979 5683 3204 5742 Gaudete
3244 5697 3289 5741 et
3334 5694 3601 5761 exsultate,
3634 5710 3755 5750 cum
