4046 6434
203 309 312 364 Mf?»

201 429 295 482 καὶ
329 425 649 496 πλοκάμους
670 430 894 498 χρυσοῖς
919 424 1174 497 σχοινίοις
1209 422 1739 494 συμπεπλεγμένους
1778 423 1811 492 ἢ
1841 421 1901 476 τὸ

199 517 461 586 δρομικὸν
494 512 638 569 εἶναι
662 518 753 569 καὶ
777 516 1037 586 εὐσκελῆ,
1075 515 1170 568 καὶ
1217 512 1459 582 βαδίζειν
1493 510 1766 583 εὔρυθμα,
1807 511 1902 563 καὶ

200 606 374 669 ὁπλὰς
405 605 550 676 ἔχειν
590 607 745 674 ἵππῳ
775 604 1092 676 πρεπούσας
1132 603 1393 672 γενναίῳ,
1428 603 1526 654 καὶ
1554 600 1777 670 ἀνδρίαν
1808 617 1902 652 κε-

203 692 564 764 κτῆσθαιτὴν
609 695 664 746 ἐν
713 693 1044 762 ἀποδημίαις
1088 695 1349 764 μακραῖς,
1399 690 1498 760 τὴν
1529 692 1586 742 ἐν
1640 686 1901 757 πολέμοις

199 775 576 847 ἁρμόζουσαν,
602 779 700 830 καὶ
715 777 976 830 δύνασθαι
1006 778 1102 830 καὶ
1146 777 1206 830 ἐν
1245 775 1553 847 παρατάξει
1597 771 1736 844 μετά
1768 771 1904 823 πολ-

200 863 298 916 λοῦ
331 865 622 933 φαίνεσθαι
648 865 742 918 τοῦ
766 865 1334 936 παραστήματος,καὶ
1361 864 1572 934 τροπῆς
1597 860 1904 930 γενομένης

202 950 404 1016 σώζειν
423 953 512 1006 τὸν
541 953 855 1023 ἀναϐάτην;
883 951 997 1005 Οὐκ
1026 951 1253 1022 εθδηλον
1271 950 1544 1004 ὅτιταῦτα
1573 949 1744 1000 ἵππου
1771 947 1903 1017 ἀρε-

200 1036 292 1107 τὴ,
331 1039 432 1092 οὐκ
471 1041 691 1104 ἐκεῖνα;
731 1039 796 1092 Τί
833 1039 906 1098 δὲ.
939 1039 1076 1091 δνων
1104 1040 1196 1091 καὶ
1245 1037 1486 1107 ἡμιόνων
1524 1034 1687 1087 ποίαν
1735 1032 1901 1103 φαίης

201 1125 410 1197 ἀρετὴν
445 1121 616 1192 εἷναις
662 1126 739 1179 Οὐ
774 1126 834 1179 τὸ
873 1126 1132 1180 δύνασθαι
1196 1127 1313 1196 μετ’
1345 1123 1600 1186 εὐκολίας
1663 1119 1902 1192 ἀχθοφο-

206 1219 347 1285 ρεῖν,
375 1217 469 1270 καὶ
523 1217 724 1288 ῥαδίως
766 1217 866 1280 τάς
893 1218 1046 1281 ὁδοὺς
1087 1215 1352 1280 διανύειν,
1399 1214 1496 1267 καὶ
1546 1211 1715 1274 πόδας
1759 1209 1905 1280 ἔχειν

205 1306 535 1376 στερρότητι
563 1308 772 1377 πέτρας
811 1307 1219 1379 μιμουμένους;
1257 1303 1349 1374 Μὴ
1383 1303 1453 1356 τά
1488 1302 1692 1369 ἔξωθεν
1719 1300 1908 1364 αὐτοῖς

205 1393 577 1464 περικείμενα
615 1396 891 1449 συντελεῖν
934 1414 985 1450 τι
1023 1395 1158 1466 πρὸς
1187 1396 1288 1460 τὴν
1333 1391 1540 1445 οἰκείαν
1571 1387 1775 1461 ἀρετὴν
1803 1389 1907 1443 αύ-

202 1481 317 1532 τῶν
363 1482 646 1552 φήσομεν;
691 1484 980 1555 Οὐδαμῶς.
1016 1483 1298 1553 Ἀμπελον
1336 1481 1391 1534 δέ
1421 1480 1582 1534 ποίαν
1619 1477 1906 1548 θαυμασό-

207 1568 389 1639 μεοα;
423 1570 534 1642 Τὴν
572 1575 687 1635 τοῖς
716 1572 938 1643 φύλλοις
970 1570 1231 1643 κομῶσαν
1261 1572 1356 1625 καὶ
1397 1572 1511 1632 τοῖς
1541 1569 1841 1639 κλήμασιν,
1870 1565 1904 1637 ἢ

203 1655 310 1727 τήν
361 1657 438 1728 τῷ
487 1659 688 1733 καρπῷ
739 1659 1109 1731 βριθομένην;
1169 1659 1337 1712 Ποίαν
1388 1658 1446 1710 δέ
1490 1657 1695 1728 ἀρετὴν
1751 1653 1905 1728 [H7]

203 1744 402 1809 ἐλαίας
436 1741 576 1815 εἷναί
604 1765 816 1819 φαμεν;
850 1749 1019 1801 Ὀταν
1058 1747 1330 1817 μεγάλους
1361 1745 1462 1818 ἔχῃ
1484 1746 1614 1808 τοὺς
1655 1743 1905 1808 κλάδους,

203 1834 308 1887 καὶ
357 1834 559 1906 πολλὴν
579 1837 678 1907 τὴν
716 1836 824 1890 ἀπὸ
855 1837 966 1890 τῶν
1002 1837 1219 1906 φύλλων
1244 1835 1445 1906 κόμην,
1474 1835 1507 1904 ἢ
1541 1835 1670 1886 ὅταν
1700 1833 1794 1885 τὸν
1826 1833 1908 1885 ol-

204 1925 356 1975 κεῖον
383 1923 596 1994 καρπὸν
623 1923 820 1996 δαψιλῆ
846 1926 942 1978 καὶ
967 1924 1244 1995 πανταχοῦ
1265 1921 1670 1993 διεσπαρμένον
1706 1918 1910 1991 ἐμφαί-

203 2024 308 2078 vn;
341 2009 499 2062 Οὕτω
527 2009 590 2080 δὴ
619 2011 712 2063 καὶ
743 2011 836 2063 ἐπὶ
869 2011 979 2064 τῶν
1022 2010 1332 2080 ἀνθρώπων
1366 2008 1636 2078 ποιῶμεν·
1664 2007 1906 2079 διευκρι-

206 2097 465 2163 νήσωμεν
491 2095 589 2166 τὴν
627 2097 830 2167 ἀρετὴν
855 2096 953 2164 τὴν
989 2095 1084 2151 τοῦ
1121 2097 1434 2168 ἀνθρώπου,
1467 2097 1563 2148 καὶ
1595 2093 1799 2162 βλάϐην
1828 2088 1907 2144 εί-

204 2193 296 2229 ναι
326 2179 545 2250 ἐκείνην
580 2180 896 2252 νομίσωμεν
925 2181 1117 2251 μόνην,
1162 2182 1260 2252 τὴν
1285 2181 1424 2251 αὐτῇ
1474 2179 1904 2250 λυμαινομένην.

205 2265 275 2316 Τί
305 2263 400 2319 οὖν
427 2268 576 2320 ἐστιν
609 2268 780 2341 ἀρετὴ
811 2269 1134 2342 ἀνθρώπου;
1169 2270 1244 2325 Οὺ
1276 2270 1558 2342 χρήματα,
1596 2270 1684 2322 ἵνα
1718 2267 1908 2322 πενίαν

204 2352 420 2425 δείσῃς·
452 2355 572 2409 ούδέ
608 2357 791 2426 ὑγίεια
827 2358 1102 2430 σώματος,
1129 2359 1217 2413 ῖνα
1257 2357 1503 2429 φοϐηθῇς
1539 2357 1696 2412 νόσον
1731 2369 1778 2398 ι·
1814 2357 1907 2408 οὑ-

206 2442 268 2495 δέ
301 2446 331 2512 ἡ
363 2443 470 2497 τῶν
516 2445 730 2501 πολλῶν
763 2449 1054 2519 ὑπόληψις,
1086 2449 1173 2501 ἵνα
1201 2448 1398 2519 ὑπίδῃς
1443 2446 1603 2513 δόξαν
1638 2447 1906 2516 πονηράν

205 2531 334 2584 οὺδέ
368 2533 430 2585 τὸ
470 2532 570 2605 ζῇν
615 2535 802 2600 ἁπλῶς
838 2538 932 2590 καὶ
973 2539 1122 2608 εἰκῆ,
1178 2536 1266 2589 ἵνα
1312 2535 1545 2605 φοϐερός
1572 2552 1654 2589 σοι
1682 2536 1910 2604 γένηται

207 2621 240 2671 6
270 2619 526 2686 θάνατος’
567 2625 688 2677 οὐδὲ
719 2624 1027 2698 ἐλευθερία,
1083 2627 1170 2679 ἵνα
1197 2625 1444 2679 δουλείαν
1479 2624 1677 2697 φύγῃς·
1713 2624 1829 2677 ἀλλ’
1876 2624 1909 2694 ἠ

209 2709 322 2761 τῶν
365 2710 586 2781 ἀληθῶν
632 2713 921 2783 δογμάτων
971 2714 1252 2785 ἀκρίϐεια,
1293 2715 1451 2784 καὶὴ
1490 2714 1632 2767 κατά
1668 2715 1760 2766 τὸν
1795 2713 1911 2783 βίον

207 2794 466 2868 ὀρθότης.
525 2799 712 2854 Ταῦτα
740 2800 797 2854 δὲ
841 2802 963 2854 οὐδὲ
999 2802 1164 2866 αὐτὸς
1198 2803 1226 2854 6
1276 2802 1525 2864 διάϐολος
1568 2800 1912 2870 ἀποσυλῆσαι

207 2882 527 2952 δυνήσεται,
557 2885 651 2940 ἐὰν
688 2891 716 2940 6
749 2889 1092 2958 κεκτημένος
1129 2887 1269 2942 αὑτά
1300 2889 1440 2959 μετὰ
1466 2889 1565 2959 τῆς
1595 2888 1910 2959 προσηκού-

210 2988 312 3042 σης
345 2972 636 3044 ἀκριϐείας
667 2976 1024 3049 διαφυλάττῃσ
1080 2978 1174 3029 καὶ
1224 2976 1398 3030 ταῦτα
1433 2978 1528 3030 καὶ
1551 2979 1579 3030 6
1603 2977 1911 3046 πονηρότα-

207 3075 305 3122 τος
355 3063 451 3114 καὶ
495 3061 688 3132 ἀγριος
721 3064 932 3135 δαίμων
964 3067 1171 3129 ἐκεῖνος
1203 3060 1334 3118 οἶδε.
1367 3065 1464 3118 Διά
1504 3064 1614 3136 γάρ
1642 3083 1726 3118 τοι
1752 3064 1914 3119 τοῦτο

211 3147 310 3202 καὶ
331 3149 432 3219 τὴν
460 3152 648 3204 οὐσίαν
683 3154 852 3207 ἐσύλα
884 3154 978 3208 τοῦ
1013 3153 1156 3218 Ἰὼϐ,
1185 3155 1284 3226 οὐχ
1315 3155 1402 3207 ἵνα
1441 3156 1652 3224 πένητα
1685 3158 1911 3227 ποιήσῃ,

209 3237 331 3291 ἀλλ’
368 3239 456 3292 ἵνα
498 3239 821 3311 βλάσφημόν
850 3260 904 3294 τι
942 3244 1094 3314 ῥῆμα
1127 3242 1381 3296 ἐκϐαλεῖν
1419 3243 1695 3314 βιάσηται·
1733 3247 1826 3299 καὶ
1851 3247 1914 3300 τὸ

217 3323 377 3396 σῶμα
412 3329 736 3400 κατέτεμεν,
773 3331 872 3401 οὑχ
904 3332 990 3385 ἵνα
1020 3333 1309 3404 ἀρρωστία
1352 3333 1649 3404 περιϐάλῃ,
1687 3336 1801 3388 ἀλλ’
1827 3338 1914 3390 ἵνα

214 3416 558 3489 ύποσκελίσῃ
593 3419 692 3490 τὴν
729 3420 871 3473 κατά
895 3420 1077 3491 ψυχὴν
1098 3423 1321 3493 ἀρετήν.
1369 3423 1511 3475 Ἀλλ’
1540 3424 1692 3494 ὅμως
1732 3426 1915 3480 πάντα

215 3505 382 3558 αὐτοῦ
425 3510 654 3577 κινήσας
682 3509 748 3561 τά
777 3512 1171 3580 μηχανήματα,
1204 3512 1298 3564 καὶ
1344 3512 1555 3582 πένητα
1594 3515 1715 3567 ἀντὶ
1745 3515 1912 3568 πλου-

212 3593 438 3658 τοῦντος
473 3597 706 3667 ποιήσας
759 3596 942 3667 (τοῦτο
990 3598 1055 3668 δὴ
1083 3599 1145 3651 τὸ
1175 3600 1396 3652 πάντων
1419 3602 1553 3670 ἡμῖν
1589 3602 1614 3640 ι)
1640 3603 1914 3671 φρικωδέ-

213 3699 414 3735 στατον
443 3679 581 3738 εἶναι
606 3685 842 3755 δοκοῦν),
862 3686 983 3739 ἀντὶ
999 3685 1331 3750 πολύπαιδος
1361 3687 1585 3752 ἄπαιδα,
1618 3691 1712 3743 καὶ
1743 3707 1913 3744 κατα-

215 3770 383 3834 ξάνας
427 3773 590 3826 αὑτοῦ
641 3775 704 3827 τὸ
739 3773 900 3845 σῶμα
933 3776 1100 3840 ἅπαν,
1149 3775 1260 3829 τῶν
1293 3778 1352 3829 ἐν
1406 3776 1781 3849 δικαστηρίοις
1818 3781 1914 3849 δη·

217 3861 361 3930 μίων
386 3859 772 3933 χαλεπώτερον
817 3863 901 3929 εού
940 3864 1050 3934 γὰρ
1080 3862 1227 3917 οὕτω
1280 3864 1656 3934 διορύττουσιν
1687 3869 1737 3920 οί
1766 3869 1916 3920 ἐκεί-

213 3966 324 4004 νων
355 3949 547 4019 ὖνυχες
603 3950 703 4013 τὰς
749 3951 994 4023 πλευρὰς
1034 3951 1148 4006 τῶν
1181 3953 1567 4022 ἐμπιπτόντων
1599 3957 1807 4020 αὐτοῖς,
1839 3957 1916 4023 ὼς

213 4030 524 4098 κατέξαναν
562 4033 726 4087 αὐτοῦ
747 4035 846 4104 τὴν
872 4035 1051 4106 σάρκα
1067 4035 1175 4088 τῶν
1203 4036 1507 4106 σκωλήκων
1528 4039 1594 4092 τά
1623 4039 1913 4113 στόματα),

216 4116 314 4167 καὶ
359 4115 606 4186 πονηρὰν
665 4115 814 4186 αὐτῷ
861 4118 1299 4196 περιθεὶςδόξαν
1335 4121 1405 4188 (οί
1434 4121 1544 4192 γὰρ
1587 4122 1732 4191 φίλοι
1764 4124 1914 4196 αὑτῷ

215 4199 489 4268 παρόντες
542 4197 749 4267 ἔλεγον,
780 4201 882 4254 οὐκ
923 4200 1049 4266 ἀξια
1089 4195 1165 4256 ῶν
1181 4203 1431 4273 ἥμαρτες
1467 4195 1914 4277 μεμαστίγωσαι,

215 4284 314 4336 καὶ
343 4283 575 4348 πολλοὺς
608 4285 887 4339 ἐπέτεινον
921 4288 1044 4339 κατ’
1093 4285 1259 4340 αὑτοῦ
1294 4291 1631 4360 κατηγορίας
1676 4291 1914 4358 λόγους),

217 4367 314 4420 καὶ
343 4367 466 4438 οὐχὶ
497 4368 599 4437 τῆς
635 4370 845 4432 πόλεως
895 4369 1145 4423 ἐκϐαλὼν
1186 4371 1372 4442 μόνον,
1413 4372 1535 4425 οὐδὲ
1566 4374 1667 4444 τῆς
1710 4377 1912 4439 οίκίας,

215 4453 313 4504 καὶ
343 4453 422 4514 είς
450 4450 619 4523 ἀλλην
665 4456 1012 4524 μεταστήσας
1049 4455 1222 4518 πόλιν,
1263 4455 1399 4508 ἀλλά
1430 4456 1530 4528 τὴν
1557 4459 1792 4527 κοπρίαν
1821 4463 1915 4514 καὶ

215 4536 399 4588 οἰκίαν
428 4535 580 4605 αὐτῷ
610 4536 706 4589 καὶ
747 4538 902 4591 πόλιν
946 4541 1318 4609 καταστήσας,
1347 4541 1408 4593 ού
1445 4541 1607 4611 μόνον
1634 4544 1789 4596 οὐδὲν
1813 4546 1912 4596 αὑ·-

215 4620 310 4673 τὸν
360 4619 688 4688 ἐλυμήνατο,
740 4621 879 4674 ἀλλά
922 4624 1015 4675 καὶ
1051 4624 1437 4695 λαμπρότερον
1483 4620 1645 4681 δι’ῶν
1681 4629 1912 4682 ἐπεϐού-

214 4704 409 4755 λευσεν
427 4703 726 4775 ἀπέφηνεν.
755 4703 816 4759 'O
844 4705 900 4759 δέ
933 4707 994 4759 οὐ
1030 4707 1189 4776 μόνον
1213 4726 1268 4760 τι
1292 4710 1402 4762 τῶν
1438 4711 1611 4764 ὄντων
1630 4712 1730 4765 οῦκ
1758 4715 1914 4784 ἀφεί-

217 4789 362 4848 λετο,
393 4788 570 4840 καίτοι
590 4787 830 4841 τοσαῦτα
863 4789 1218 4860 ἀφελόμενος,
1250 4792 1387 4846 ἀλλά
1433 4795 1527 4846 καὶ
1559 4795 1784 4865 μείζονα
1815 4801 1913 4851 αὐ-

217 4871 299 4942 τῷ
320 4870 411 4922 τὸν
438 4870 669 4923 πλοῦτον
694 4873 793 4942 τῆς
811 4873 1014 4943 ἀρετῆς
1049 4875 1365 4945 εἰργάσατο.
1401 4878 1513 4930 Καὶ⁸
1531 4879 1640 4948 γὰρ
1671 4882 1915 4948 πλείονος

222 4953 366 5024 μετά
401 4954 573 5007 ταῦτα
606 4955 892 5026 ἀπήλαυσε
926 4957 1267 5028 παρρησίας,
1303 4959 1396 5012 ἅτε
1424 4963 1518 5013 καὶ
1554 4965 1916 5039 σφοδρότερον

220 5039 638 5107 ἀγωνισάμενος
681 5039 891 5108 ἀγῶνα.
948 5041 1010 5094 Ei
1056 5041 1112 5095 δέ
1170 5044 1198 5094 6
1237 5044 1470 5097 τοσαῦτα
1521 5047 1710 5100 παθὼν
1763 5053 1918 5106 οὐδὲν

220 5121 500 5190 ᾓόίκηται,
540 5125 635 5177 καὶ
675 5123 867 5178 παθὼν
917 5127 976 5178 οὑ
1022 5125 1177 5198 παρά
1223 5127 1539 5199 ἀνθρώπου,
1576 5133 1715 5187 άλλά
1764 5136 1919 5206 παρά

220 5204 316 5258 τοῦ
351 5205 569 5258 πάντων
607 5206 914 5278 ἀνθρώπων
959 5210 1330 5280 πονηροτέρου
1371 5210 1647 5281 δαίμονος,
1679 5217 1761 5280 τίς
1805 5204 1917 5284 ἕξει

221 5288 410 5342 λοιπὸν
430 5290 728 5359 ἀπολογίαν
765 5292 875 5344 τῶν
908 5293 1198 5361 λεγόντων,
1224 5295 1305 5347 ὃτι
1340 5297 1368 5348 6
1401 5296 1550 5351 δεῖνά
1580 5317 1646 5367 με
1689 5301 1917 5372 ἠδίκησε

222 5372 320 5425 καὶ
350 5373 749 5456 γπαρέϐλαῲεκη
790 5376 852 5427 ΕΞ
890 5375 999 5446 γὰρ
1039 5379 1066 5430 6
1111 5378 1356 5441 διάϐολος
1379 5381 1406 5431 6
1433 5382 1701 5454 τοσαύτης
1732 5389 1919 5456 γέμων

225 5455 445 5518 κακίας,
494 5453 669 5511 πάντα
726 5459 893 5512 αὐτοῦ
946 5463 1175 5532 κινήσας
1225 5463 1293 5516 τὰ
1319 5463 1548 5532 ὄργανα,
1597 5453 1691 5521 καὶ
1739 5453 1920 5524 πάντα

223 5541 386 5609 ἀφεὶς
420 5539 488 5593 τὰ
518 5540 668 5613 βέλη,
715 5545 810 5598 καὶ
843 5547 941 5598 ὅσα
977 5542 1044 5616 ἧν
1098 5549 1156 5600 ἐν
1197 5548 1508 5618 ἀνθρώποις
1555 5553 1719 5615 κακὰ,
1781 5555 1918 5623 μετά

223 5623 427 5694 πολλῆς
453 5625 553 5696 τῆς
589 5628 919 5700 ὑπερϐολῆς,
959 5635 1052 5685 καὶ
1092 5635 1170 5696 εἰς
1218 5635 1314 5704 τὴν
1355 5637 1535 5688 οἰκίαν
1561 5631 1652 5689 τοῦ
1703 5638 1916 5693 δικαίου

289 5735 313 5804 ς’
342 5731 601 5804 Imaum:
620 5740 825 5799 φοϐηθῇς
848 5740 1133 5804 ἀρρωστίαν.

282 5793 311 5832 b
342 5791 422 5843 ειι-
448 5795 613 5848 Morel.
644 5807 693 5849 cl
719 5791 950 5862 τρέίο,’ὸί
982 5805 1142 5853 fallor.
1174 5805 1255 5854 alii
1283 5817 1470 5857 omnes.
1494 5815 1634 5854 πλεῖν)
1660 5809 1784 5869 ἡμῖν,

1289 300 1712 372 QUODNEMO
1751 296 2086 392 ίμᾸΣΟῐΤυῐὶ
2132 297 2266 354 ΝΙΞΙ
2308 301 2353 354 Α
2394 299 2655 356 SEIPSO.

3605 300 3712 358 406

2007 419 2103 473 καὶ
2143 420 2223 482 είς
2258 417 2322 470 τὸ
2353 417 2515 487 σῶμα
2566 413 2834 477 κενώσας,
2866 413 3020 467 οὐδὲν
3067 413 3158 466 τὸν
3203 413 3376 482 ἀνδρα
3427 412 3712 484 ἠδίκησεν,

2006 507 2147 572 ἀλλ’,
2186 507 2326 576 ὅπερ
2367 504 2526 574 ἔφην,
2570 503 2666 557 καὶ
2705 503 2910 574 μᾶλλον
2946 501 3221 572 ὠφέλησε
3246 500 3361 564 πῶς
3387 501 3712 571 δυνήσονταί

2005 611 2156 656 τινες
2181 595 2273 646 τὸν
2298 593 2449 646 δεῖνα
2481 591 2579 645 καὶ
2601 592 2695 645 τὸν
2748 592 2900 645 δεῖνα
2931 589 3309 650 αἰτιάσασθαι,
3339 589 3416 653 ὼς
3454 591 3587 662 παρ’
3608 591 3713 643 αύ-

2005 681 2138 742 τῶν,
2165 679 2280 734 ἀλλ’
2301 681 2402 749 οὐχ
2416 680 2494 744 ὼς
2516 678 2733 734 οἴκοθεν
2769 679 3121 749 ἠδικημένοις

2080 764 2349 832 δ’.Τίοῦν,
2367 769 2523 839 φησὶ,
2547 769 2639 822 τὸν
2671 767 2957 838 ’Λδάμοὺκ
2972 765 3220 838 ἠδίκησε,
3245 767 3339 820 καὶ
3358 766 3712 832 ὑπεσκέλισε,

2008 855 2161 930 [448]
2196 857 2292 910 κα)⁸
2320 855 2548 920 ἐξέϐαλε
2587 855 2682 909 τοῦ
2730 855 3095 926 παραδείσους
3134 856 3246 926 Οὐχ
3303 851 3480 921 οὗτος,
3527 854 3642 909 ἀλλ’
3680 857 3714 924 ή

2006 945 2103 999 τοῦ
2130 943 2486 1015 ἀδικηθέντος
2504 943 2774 1014 ῥᾳθυμία,
2804 944 2900 996 καὶ
2932 943 2996 996 τὸ
3024 943 3099 1014 μὴ
3129 946 3344 1015 νήφεω,
3382 944 3517 1014 μηδέ
3547 946 3717 1014 ἐγρη-

2008 1033 2252 1105 γορέναι.
2296 1034 2353 1086 Ὀ
2386 1034 2496 1102 γὰρ
2521 1033 2753 1086 τοιαῦτα
2787 1033 2882 1085 καὶ
2911 1031 3152 1085 τοσαῦτα
3206 1031 3581 1100 προσαγαγὼν
3611 1049 3714 1102 μη-

2009 1123 2328 1193 χανήματα.
2357 1122 2452 1175 καὶ
2488 1121 2582 1174 τὸν
2622 1120 2742 1174 Ἰὼϐ
2776 1122 3130 1188 κατενεγκεῖν
3159 1118 3236 1190 μὴ
3282 1119 3555 1189 δυνηθεὶς,
3597 1118 3716 1182 πῶς

2009 1210 2076 1264 ἂν
2125 1211 2184 1276 ἐξ
2239 1209 2545 1263 ἐλαττόνων
2583 1209 2862 1283 ἐκράτησε
2901 1209 2995 1262 τοῦ
3049 1208 3242 1279 Ἀδὰμ,
3290 1209 3338 1260 εί
3381 1207 3456 1278 μὴ
3485 1206 3572 1260 διά
3616 1208 3719 1278 τῆς

2010 1299 2222 1364 οἰκείας
2279 1299 2554 1372 ῥᾳθυμίας
2580 1299 2776 1353 ἑαυτὸν
2811 1299 3124 1370 προέδωκεν
3154 1299 3399 1362 ἐκεῖνος;
3436 1299 3500 1350 Τί
3527 1291 3658 1361 οῦν;
3687 1295 3720 1349 6

2012 1389 2384 1457 συκοφάνταις
2422 1386 2762 1459 περιπεσὼν,
2791 1387 2887 1440 καὶ
2916 1387 3210 1457 δημευθεὶς
3242 1385 3342 1457 τὴν
3373 1386 3592 1446 οὐσίαν,
3617 1383 3720 1437 οὐκ

2010 1475 2293 1547 ἠδίκηται,
2316 1475 2387 1529 τά
2424 1476 2557 1530 ὄντα
2589 1476 2768 1528 πάντα
2803 1472 3149 1546 ἀφαιρεθεὶς,
3183 1475 3280 1528 καὶ
3327 1471 3606 1544 πατρῴων
3632 1473 3720 1524 ὲκα

2012 1564 2219 1628 πεσὼν,
2254 1564 2353 1618 καὶ
2381 1564 2546 1634 πενίᾳ
2576 1562 2826 1617 παλαίων
2857 1562 3098 1633 ἐσχάτῃ;
3134 1561 3253 1615 Οὐκ
3277 1560 3554 1632 ἠδίκηται,
3580 1558 3717 1613 ἀλλά

2011 1653 2106 1705 κα)⁸
2128 1651 2442 1724 ἐκέρδανεν,
2468 1650 2566 1704 ἐάν
2598 1653 2769 1722 νήφῃ.
2806 1649 2874 1703 Τί
2913 1650 3044 1720 γὰρ,
3075 1649 3196 1702 είπέ
3230 1665 3344 1720 μοι,
3379 1646 3540 1701 τοῦτο
3572 1664 3720 1719 παρ-

2010 1738 2215 1810 έϐλαψε
2249 1741 2378 1804 τοὺς
2404 1739 2772 1805 ἀποστόλουςς
2799 1724 2874 1791 Ού
2914 1737 3062 1808 λιμῷ
3085 1737 3180 1790 καί⁹
3209 1735 3356 1805 δίψει
3386 1736 3481 1789 καὶ
3511 1733 3720 1806 γυμνό-

2009 1846 2138 1899 τητι
2191 1827 2435 1900 συνεχῶς
2482 1829 2746 1883 ἐπάλαιον
2772 1844 2786 1892 ;
2820 1828 2913 1879 καὶ
2935 1825 3006 1878 δι’
3030 1824 3164 1878 αὐτὸ
3185 1824 3285 1895 μὲν
3311 1819 3407 1878 οὖν
3437 1822 3598 1875 τοῦτο
3626 1821 3722 1874 καὶ

2013 1917 2220 1990 σφόδρα
2250 1913 2392 1989 ἦσαν
2433 1917 2682 1989 λαμπροὶ
2708 1917 2803 1970 καὶ
2851 1916 3139 1986 ἐπίσημοι,
3169 1914 3264 1968 καὶ
3317 1911 3520 1982 πολλὴν
3569 1910 3724 1982 παρά

2009 2005 2106 2059 τοῦ
2140 2005 2277 2059 Θεοῦ
2307 2006 2407 2077 τὴν
2437 2005 2692 2077 βοήθειαν
2727 2004 3137 2058 ἐπεσπάσαντο.
3170 2002 3313 2056 Τίδέ
3348 2001 3441 2055 τὸν
3465 1999 3722 2071 Λάζαρον

2015 2097 2045 2167 ἡ
2079 2095 2257 2160 νόσος,
2290 2097 2386 2148 καὶ
2431 2095 2500 2148 τά
2529 2093 2694 2164 ἕλκη,
2725 2097 2821 2148 καὶ
2868 2097 2900 2167 ή
2946 2094 3128 2159 πενία,
3164 2095 3260 2147 καὶ
3304 2096 3338 2165 ἡ
3372 2092 3580 2165 ἐρημία
3612 2089 3723 2143 τῶν

2013 2178 2478 2256 προστησομένων
2512 2183 2898 2255 παρέϐλαψενς
2933 2185 3047 2237 Οὐκ
3081 2182 3333 2236 ἐντεῦθεν
3358 2180 3510 2251 αὐτῷ
3541 2179 3726 2250 μειζό-

2011 2290 2119 2336 νως
2155 2273 2477 2343 ἐπλάκησαν
2500 2274 2548 2326 οἱ
2593 2273 2883 2341 στέφανοι;
2913 2273 2978 2325 Τί
3005 2272 3062 2326 δέ
3089 2272 3180 2327 τὸν
3222 2271 3423 2340 Ἰωσὴφ
3453 2270 3514 2324 τὸ
3557 2285 3724 2340 πονη-

2015 2361 2115 2433 ράν
2141 2359 2300 2426 δόξαν
2344 2361 2653 2433 κτήσασθαι
2684 2363 2778 2414 ἐπὶ
2831 2361 2934 2430 τῆς
2967 2360 3174 2424 οίκείας
3218 2360 3321 2432 γῆς
3361 2360 3456 2412 καὶ¹
3502 2358 3596 2410 ἐπὶ
3626 2357 3724 2427 τῆς

2014 2450 2344 2521 ἀλλοτρίαςς
2379 2452 2474 2503 καὶ
2505 2447 2614 2521 γὰρ
2648 2451 2744 2503 καὶ
2775 2450 2962 2520 μοιχὸς
2999 2450 3097 2502 καὶ
3127 2449 3403 2519 ἐταιρικδς
3432 2445 3573 2501 εἶναι
3601 2448 3720 2500 ἐνο-

2017 2539 2227 2610 μίζετο·
2263 2540 2316 2593 τί
2344 2539 2464 2615 δέιή
2494 2538 2744 2606 δουλεία;
2782 2538 2833 2590 τί
2867 2538 2925 2591 δὲ
2971 2537 3034 2592 τὸ
3081 2538 3181 2608 τῆς
3240 2537 3503 2609 πατρίδος
3552 2537 3724 2588 ἐκπε-

2015 2632 2129 2681 σεῖν
2152 2644 2166 2694 ;
2193 2629 2270 2682 Ού
2303 2629 2391 2682 διὰ
2433 2628 2610 2682 ταῦτα
2643 2629 2807 2682 αὑτὸν
2849 2626 3083 2697 μάλιστα
3118 2626 3479 2697 θαυμάζομεν
3504 2624 3599 2678 καὶ
3629 2625 3726 2676 ἐκ·

2016 2715 2410 2786 πληττόμεθα;
2446 2718 2558 2771 Καὶ
2575 2715 2626 2768 τί
2656 2714 2801 2784 λέγω
2830 2713 2929 2785 τὴν
2966 2715 3048 2777 είς
3087 2712 3186 2784 τὴν
3219 2711 3520 2784 ὑπερορίαν
3554 2712 3724 2782 μετά-

2017 2821 2232 2866 στασιν,
2279 2805 2373 2858 καὶ
2411 2803 2622 2866 πενίαν,
2654 2805 2751 2856 καὶ
2793 2801 3041 2873 πονηρὰν
3071 2801 3250 2867 δόξαν,
3304 2801 3400 2853 καὶ
3437 2799 3722 2861 δουλείαν;

2014 2895 2189 2960 Αὐτὸς
2221 2894 2332 2967 γὰρ
2350 2896 2379 2947 6
2407 2895 2641 2958 θάνατος
2663 2894 2715 2947 τί
2743 2893 2838 2947 τὸν
2862 2892 3029 2946 Ἀϐελ
3049 2891 3389 2963 παρέϐλαψε,
3425 2890 3521 2944 καὶ
3550 2888 3724 2958 βίαιος

2015 2986 2111 3038 καὶ
2147 2984 2326 3054 ἄωρος
2359 2983 2675 3053 γενόμενος,
2731 2982 2828 3035 καλ⁸
2863 2979 2970 3035 ὑπὸ
3029 2981 3214 3052 χειρὸς
3268 2979 3570 3048 ἀδελφικῆς
3599 2977 3717 3031 τολ-

2020 3072 2251 3143 μηθείς;
2326 3071 2402 3126 Οὐ
2475 3071 2565 3125 διά
2631 3070 2793 3124 τοῦτο
2864 3068 3141 3140 πανταχοῦ
3219 3068 3321 3139 τῆς
3399 3066 3715 3136 οἰκουμένη.-

2017 3159 2235 3231 ᾄδεται;
2302 3159 2467 3231 Ὀρᾷς
2512 3158 2632 3222 πῶς
2688 3158 2878 3224 πλέον,
2930 3159 3078 3230 ήπερ
3130 3157 3424 3227 ὑπέσχετο,
3489 3157 3518 3210 ό
3565 3154 3714 3222 λόγος,

2018 3248 2339 3316 ἀπέδειξεν;
2405 3249 2481 3302 Οὐ
2533 3248 2644 3320 γὰρ
2719 3247 2783 3319 δὴ
2855 3247 3018 3318 μόνον
3085 3246 3279 3298 οὐδένα
3325 3241 3460 3314 παρ’
3509 3242 3720 3304 οὐδενὸς,

2017 3337 2376 3407 ἀδικούμενον
2416 3336 2722 3406 ἀπέφηνεν,
2754 3335 2892 3390 ἀλλά
2947 3337 3045 3388 καὶ
3088 3333 3353 3404 μειζόνως
3408 3331 3724 3403 κερδαίνον-

2017 3442 2116 3488 τας
2144 3424 2274 3486 τοὺς
2321 3425 2535 3488 ἑαυτοῖς
2561 3424 2953 3495 προσέχοντας.
2982 3423 3140 3485 Τίνος
3194 3417 3289 3475 οὖν
3327 3420 3518 3474 ἕνεκεν
3553 3437 3727 3490 τιμω-

2023 3512 2139 3582 ρίαι
2197 3514 2294 3564 καὶ
2347 3510 2620 3574 κολάσεις,
2686 3512 2852 3582 φησί;
2885 3512 3030 3574 τίνος
3072 3510 3260 3563 ἕνεκεν
3291 3509 3518 3576 γέεννα;
3581 3509 3728 3570 τίνος

2017 3600 2207 3652 ἕνεκεν
2263 3599 2486 3652 ἀπειλαὶ
2536 3597 2824 3662 τοσαῦται,
2886 3601 2934 3651 εί
2995 3599 3189 3669 μηδεὶς
3245 3599 3382 3668 μήτε
3435 3596 3726 3656 ἀδικεῖται,

2023 3689 2164 3758 μήτε
2199 3688 2412 3752 ἀδικεῖ;
2452 3688 2518 3739 Τί
2552 3686 2768 3754 λέγεις;
2811 3685 2863 3738 τί
2918 3686 3172 3756 συγχέεις
3218 3686 3310 3739 τὸν
3349 3684 3540 3752 λόγον;
3590 3684 3728 3737 Οὺδέ

2021 3777 2128 3848 γὰρ
2171 3773 2327 3829 εἷπον
2356 3776 2437 3829 ὅτι
2467 3775 2642 3840 οὐδεὶς
2688 3775 2886 3839 ἀδικεῖ,
2938 3775 3053 3828 ἀλλ’
3102 3777 3186 3828 ὅτι
3213 3775 3390 3838 οὐδεὶς
3432 3775 3726 3827 ἀδικεῖται.

2023 3865 2134 3916 Καὶ
2165 3864 2283 3928 πῶς
2316 3864 2418 3928 ἔνι,
2453 3865 2644 3935 φησιν,
2673 3864 3008 3917 ἀδικούντων
3041 3862 3276 3926 πολλῶν,
3319 3862 3393 3934 μή
3423 3861 3729 3915 ἀδικεῖσθαί

2021 3969 2176 4018 τινα;
2208 3951 2400 4016 Οὕτως
2429 3953 2506 4015 ὡς
2540 3951 2761 4018 ἐδίδαξα
2788 3951 2906 4006 νῦν.
2947 3951 3104 4006 Ἐπεὶ
3137 3952 3234 4005 καὶ
3254 3951 3346 4004 τὸν
3388 3951 3588 4021 Ἰωσὴφ
3615 3949 3729 4020 ἡδί-

2018 4057 2198 4112 κησαν
2235 4042 2334 4111 μὲν
2370 4043 2419 4094 οί
2462 4041 2707 4110 ἀδελφοὶ,
2741 4041 2906 4105 αὐτὸς
2951 4041 3009 4093 δέ
3059 4041 3162 4093 οὐκ
3203 4039 3442 4110 ⁴ίζδικήθη
3465 4056 3479 4069 ·
3521 4039 3616 4091 καὶ

2024 4130 2194 4184 ’Ἅϐελ
2227 4129 2593 4184 ἐπεϐούλευσε
2646 4132 2746 4201 μὲν
2775 4133 2803 4184 ὁ
2850 4132 3014 4192 Κάῐν,
3058 4129 3222 4192 αὐτὸς
3254 4128 3311 4181 δέ
3360 4129 3460 4181 οὑκ
3493 4128 3730 4181 ἐπεϐου-

2017 4229 2210 4302 λεύθη.
2253 4229 2354 4284 Διά
2390 4229 2551 4283 τοῦτο
2573 4229 2842 4302 τιμωρίαι
2878 4230 2973 4282 καὶ
3009 4228 3285 4292 κολάσεις.
3319 4227 3454 4281 Οὐδὲ
3497 4227 3607 4297 γὰρ
3641 4227 3731 4280 διά

2019 4330 2119 4398 τὴν
2147 4328 2256 4383 τῶν
2287 4328 2614 4399 πασχόντων
2638 4327 2843 4398 ἀρετήν
2859 4326 3076 4397 ἀναιρεῖ
3099 4324 3200 4387 τὰς
3221 4323 3496 4395 τιμωρίας
3525 4326 3553 4376 6
3573 4324 3727 4387 Θεὸς

2019 4425 2156 4477 ἀλλὰ
2184 4424 2272 4478 διὰ
2301 4424 2400 4494 τὴν
2425 4422 2626 4477 κακίαν
2656 4421 2764 4476 τῶν
2799 4419 3260 4493 πονηρευομένων
3287 4419 3470 4489 τίθησι
3505 4419 3605 4482 τάς
3636 4437 3733 4471 κο-

2019 4521 2226 4583 λάσεις,
2267 4520 2329 4571 EE
2367 4518 2476 4589 γὰρ
2522 4519 2619 4572 καὶ
2653 4518 3035 4588 λαμπρότεροι
3078 4519 3127 4569 οί
3177 4517 3484 4585 πάσχοντες
3542 4515 3730 4581 κακῶς

2019 4618 2129 4671 ἀπὸ
2157 4617 2264 4669 τῶν
2300 4615 2607 4670 ἐπιϐούλων
2637 4615 2907 4684 γίνονται,
2939 4615 3056 4668 ἀλλ’
3083 4616 3144 4668 ού
3171 4615 3272 4685 τῆς
3313 4613 3544 4684 γνώμης
3570 4613 3733 4667 τοῦτο

2017 4718 2127 4771 τῶν
2177 4715 2669 4779 ἐπιϐουλευόντων,
2730 4714 2869 4769 ἀλλά
2904 4715 3003 4785 τῆς
3049 4714 3305 4782 ἀνδρείας
3355 4713 3466 4765 τῶν
3502 4711 3729 4765 ἐπιϐου-

2019 4802 2328 4886 λευομένων
2364 4814 2500 4867 ἐστί.
2533 4814 2632 4866 Διά
2660 4814 2820 4867 τοῦτο
2867 4815 2979 4875 τοῖς
3023 4811 3124 4882 μέν
3164 4810 3265 4880 τῆς
3306 4810 3628 4879 φιλοσοφίας
3663 4809 3731 4862 τὰ

2023 4911 2276 4983 βραϐεῖα,
2305 4913 2537 4975 ἐκείνοις
2565 4911 2620 4964 δέ
2650 4910 2752 4980 τῆς
2780 4909 3052 4980 πονηρίας
3079 4909 3134 4960 αἱ
3169 4908 3440 4978 τιμωρίαι
3470 4907 3731 4977 εὐτρεπί-

2022 5009 2206 5072 ζονται
2259 5010 2354 5063 καὶ
2400 5007 2937 5080 παρασκευάζονται.
2987 5004 3302 5078 Ἀφῃρέθης
3335 5005 3402 5057 τὰ
3431 5005 3729 5074 χρήματας

2023 5106 2187 5174 Λέγε,
2221 5109 2268 5160 Γ
2274 5106 2466 5176 υμνὸς
2499 5103 2768 5171 ἐξῆλθον
2798 5106 2868 5157 ἐκ
2911 5104 3148 5169 κοιλίας
3172 5102 3403 5172 μητρός
3433 5119 3576 5171 μου,
3630 5120 3732 5170 γυ-

2017 5204 2172 5275 μνὸς
2205 5205 2304 5259 καὶ
2328 5204 2765 5272 ἀπελεύσομαι.
2800 5204 2912 5256 Καὶ
2937 5201 3226 5273 προστίθει
3259 5201 3321 5253 τὸ
3346 5199 3730 5254 ἀποστολικόνο

2026 5303 2222 5357 Οὐδὲν
2255 5303 2366 5374 γὰρ
2399 5302 2844 5371 εἰσηνέγκαμεν
2896 5303 2983 5367 εἱς
3019 5301 3124 5354 τὸν
3179 5299 3420 5368 κόσμον
3471 5299 3690 5352 τοῦτον
3713 5315 3727 5328 ·

2022 5399 2218 5467 δῆλον
2261 5399 2350 5452 ὅτι
2394 5397 2536 5453 οὐδὲ
2576 5397 2921 5467 ἐξενεγκεῖν
2968 5415 3020 5451 τι
3065 5395 3401 5465 δυνάμεθα.
3449 5398 3731 5458 Ἤκουσας

2022 5497 2232 5562 κακῶς,
2268 5497 2362 5550 καὶ
2399 5496 2622 5567 μυρίαις
2653 5495 2711 5548 σέ
2742 5513 2888 5558 τινες
2916 5494 3152 5547 ἔπλυναν
3189 5493 3487 5564 λοιδορίαις
3514 5511 3526 5558 ;
3572 5494 3728 5545 ’Λνα-

2026 5595 2296 5666 μνήσθητι
2323 5593 2425 5662 τῆς
2458 5595 2672 5663 ρήσεως
2698 5593 2916 5664 ἐκείνης
2943 5595 3043 5662 τῆς
3068 5591 3339 5659 λεγούσης
3364 5610 3372 5620 ·
3409 5590 3553 5645 Οὐαί
3587 5589 3730 5658 ὑμῖν

2021 5691 2168 5743 ὅταν
2199 5689 2400 5753 καλῶς
2443 5688 2592 5757 ὑμᾶς
2622 5689 2837 5742 εἴπωσι
2878 5689 3102 5754 πάντες
3144 5691 3196 5741 οί
3233 5687 3568 5757 ἅνθρωποι·
3608 5688 3722 5745 καὶ,

2025 5787 2292 5855 Χαίρετε,
2343 5785 2439 5838 χιιι.
2485 5784 2791 5854 σκιρτᾶτε,
2842 5785 2987 5840 ὅιιιν
3033 5785 3340 5840 ἐκϐάλωσι
3394 5786 3524 5840 καθ’
3567 5785 3712 5849 {quin
