4046 6432
347 259 453 316 4⁸35

341 366 531 444 (νὸμα
584 375 867 441 ποι-ημῖν.
933 374 1075 443 Πρὸς
1126 376 1225 441 τὴν
1276 374 1575 445 ὑπερορίαν
1631 373 2015 445 μετῳκίσθης;

354 462 636 531 Ἐννόησον
665 462 745 513 ὅτι
772 462 870 513 οὐκ
900 461 1044 531 ἔχεις
1079 462 1313 515 ἐνταῦθα
1349 463 1605 535 πατρίδα,
1636 462 1786 535 [449]
1822 462 1937 516 ἀλλ’
1969 463 2017 515 εί

349 548 561 616 μέλλεις
606 548 934 617 φιλοσοφεῖν,
972 549 1065 602 καὶ⁵
1094 550 1195 618 τὴν
1220 550 1324 619 γῆν
1354 550 1572 603 ἃπασαν
1604 550 1760 618 ξένην
1794 548 2014 601 ἐκελεύ-

346 635 479 705 σθης
518 631 656 688 εἶναι
693 635 954 706 νομίζειν.
1010 635 1174 688 Ἀλλά
1223 636 1366 706 νόσῳ
1414 635 1718 705 παρεδόθης
1767 634 2013 705 χαλεπῇ;

345 724 480 776 Εἰπὲ
510 724 569 776 τὸ
598 722 953 777 ἀποστολικὸν
976 723 1156 777 ἐκεῖνο
1176 740 1189 753 ·
1222 723 1389 786 Ὄσῳ
1420 724 1452 775 ὸ
1476 723 1695 787 ἔξωθεν
1719 721 1889 789 ἡμῶν
1908 721 2013 773 ἀν-

344 814 575 878 θρωπος
612 809 1029 878 διαφθείρεται,
1056 811 1324 877 τοσούτῳ
1362 815 1394 865 d
1424 812 1544 864 ἔσω
1587 809 2016 864 ἀνακαινοῦται

348 899 533 967 ἡμέρᾳ
562 899 659 951 καί
689 898 899 968 ἡμέρᾳ.
948 899 1106 952 Ἀλλά
1135 897 1361 951 θάνατον
1393 897 1649 968 ὑπέμεινέ
1676 915 1759 960 τις
1799 897 1972 968 βίαιον
1998 912 2012 962 ;

357 986 642 1057 Ἐννόησον
686 987 778 1040 τὸν
821 988 1097 1057 Ἰωάννην,
1136 987 1228 1040 καὶ
1257 989 1357 1057 τὴν
1396 985 1805 1057 ἀποτμηθεῖσαν
1832 988 1890 1039 ἐν
1930 985 2016 1039 δε-

346 1076 645 1146 σμωτηρίῳ
673 1074 935 1147 κεφαλὴν,
968 1076 1062 1128 ἐπὶ
1085 1075 1312 1138 πίνακος
1334 1074 1669 1143 ἐνεχθεῖσαν,
1699 1076 1792 1128 καὶ
1826 1091 2014 1143 πορνι-

345 1163 450 1231 κῆς
476 1163 756 1232 ὀρχήσεως
788 1163 1091 1232 γενομένην
1116 1162 1329 1233 μισθόν.
1380 1162 1665 1233 Ἐννόησον
1698 1162 1796 1226 τάς
1828 1161 2014 1215 ἐντεῦ-

344 1247 437 1299 θεν
483 1247 753 1319 ἀμοιϐάς”
807 1248 978 1301 ταῦτα
1008 1248 1116 1320 γάρ
1151 1247 1370 1301 ἅπαντα
1411 1249 1482 1302 τά
1529 1248 1848 1319 παθήματα,
1887 1248 2016 1301 ὅταν

346 1334 547 1398 ἀδίκως
576 1336 725 1406 παρά
750 1352 896 1399 τινος
920 1335 1197 1406 ἐπάγηταί
1216 1353 1343 1401 τινι,
1371 1336 1465 1390 καὶ
1482 1337 1852 1407 ἁμαρτήματα
1876 1334 2012 1402 λύει,

349 1421 800 1491 καὶδικαιοσύνην
817 1421 1128 1493 ἐργάζεται.
1154 1423 1422 1477 Τοσοῦτον
1445 1424 1626 1477 αὐτῶν
1642 1424 1739 1494 τῆς
1752 1421 2018 1493 ὡφελείας

345 1509 407 1561 τὸ
449 1509 676 1579 μέγεθος
706 1510 798 1562 ἐπὶ
832 1509 941 1563 τῶν
972 1510 1233 1577 γενναίως
1263 1510 1400 1564 αὐτά
1427 1511 1723 1583 φερόντων.

418 1601 479 1648 ε’.
509 1597 676 1649 Ὅταν
694 1593 786 1651 οὖν
812 1598 949 1667 μήτε
966 1596 1139 1668 ζημία
1160 1599 1476 1669 χρημάτων,
1495 1599 1635 1669 μήτε
1666 1596 2018 1667 συκοφαντίαι

346 1682 441 1735 καὶ
470 1682 747 1753 λοιδορίαι,
779 1684 916 1754 μήτε
940 1684 1002 1736 τὸ
1034 1684 1170 1756 πρὸς
1206 1686 1304 1756 τὴν
1337 1685 1631 1757 ὑπερορίαν
1661 1684 2016 1756 μεταστῆναι,

352 1771 487 1839 μήτε
513 1769 656 1822 νόσοι
687 1770 779 1823 καὶ
808 1769 1049 1841 βάσανοι⁹
1100 1773 1237 1842 μήτε
1266 1772 1423 1835 αὐτὸ,
1454 1772 1483 1825 δ
1511 1774 1728 1827 πάντων
1751 1772 2018 1842 δοκεῖφο-

346 1854 655 1926 ϐερώτερον
700 1851 860 1922 εἶναι,
895 1858 923 1910 ό
964 1856 1215 1923 θάνατος,
1268 1857 1480 1931 βλάπτῃ
1520 1861 1648 1923 τοὺς
1690 1858 2018 1930 πάσχοντας,

348 1940 487 1995 ἀλλά
518 1943 611 1994 καὶ
640 1942 825 2015 ὠφελῇ
885 1943 1170 2015 μειζόνως,
1203 1944 1366 1999 πόθεν
1402 1945 1542 2016 ἔχεις
1590 1963 1679 2017 μοι
1704 1945 1875 2014 δεῖξαί
1898 1964 2019 2001 τινα

347 2028 722 2101 ἀδικούμενον,
752 2032 881 2085 δταν
917 2032 1166 2086 ἐντεῦθεν
1210 2032 1377 2104 μηδὲν
1411 2034 1694 2104 ἀδικῆται;
1740 2032 1883 2104 Ἐγὼ
1910 2036 2019 2105 γάρ

348 2115 656 2170 τούναντίον
701 2117 981 2183 ἀποδεῖξαι
1017 2119 1376 2191 πειράσομαι,
1423 2121 1505 2174 ὅτι
1547 2124 1595 2174 οἱ
1636 2121 1874 2191 μάλιστα
1901 2122 2018 2175 ἀδι-

350 2200 617 2273 κούμενοι
645 2204 735 2257 καὶ
774 2203 1233 2275 ἐπηρεαζόμενοι,
1264 2205 1359 2258 καὶ
1378 2206 1452 2259 ητά
1481 2207 1757 2277 ἀνήκεστα
1784 2208 2021 2278 πάσχον-

348 2306 462 2353 τες,
490 2290 540 2341 οἱ
572 2288 741 2345 ταῦτα
770 2290 1044 2354 ποιοῦντές
1079 2294 1207 2345 εισι.
1235 2291 1300 2345 Τί
1327 2292 1437 2364 γὰρ
1460 2292 1790 2364 ἀθλιώτερον
1823 2293 2019 2363 γένοιτ’

349 2376 415 2429 ἂν
452 2376 545 2429 τοῦ
585 2378 747 2440 Κάῖν,
781 2376 876 2430 τοῦ
907 2378 1130 2432 τοιαῦτα
1155 2379 1245 2432 τὸν
1271 2379 1502 2450 ἀδελφὺν
1533 2380 1843 2447 διαθέντοςς
1875 2380 1928 2435 τί
1962 2380 2019 2434 δέ

348 2462 451 2533 τῆς
477 2463 745 2516 Φιλίππου
775 2466 1033 2532 γυναικὸς
1070 2465 1453 2539 ἐλεεινότερον,
1489 2469 1590 2539 τῆς
1634 2470 1723 2522 τὸν
1767 2469 2020 2538 Ἰωάννην

349 2545 765 2616 ἀποτεμούσης;
794 2547 849 2599 τί
874 2546 930 2600 δέ
949 2548 1057 2601 τῶν
1082 2548 1324 2618 ἀδελφῶν
1346 2550 1441 2605 τοῦ
1476 2552 1694 2625 Ἰωσὴφ,
1712 2553 1820 2606 τῶν
1838 2554 2020 2624 ἀπεμ-

347 2631 700 2701 πολησάντων
728 2633 910 2696 αὐτὸν,
945 2636 1034 2687 καὶ
1089 2636 1227 2706 πρὸς
1264 2636 1363 2709 τὴν
1416 2639 1712 2710 ὑπερορίαν
1753 2656 2024 2713 μεταστη-

353 2719 596 2784 σάντων;
623 2721 675 2773 τί
703 2721 761 2774 δέ
801 2721 895 2775 τοῦ
928 2720 1176 2775 διαϐόλου
1207 2724 1301 2777 τοῦ
1342 2726 1431 2778 τὸν
1473 2726 1592 2779 Ἰὼϐ
1622 2728 1897 2791 τοσούτοις
1921 2745 2023 2782 κα-

346 2804 678 2871 ταξάναντος
702 2812 929 2873 κακοῖς;
964 2812 1038 2862 Οὐ
1068 2809 1175 2881 γάρ
1213 2811 1277 2882 δὴ
1310 2814 1471 2882 μόνον
1509 2815 1617 2868 τῶν
1655 2816 1853 2880 ἄλλων,
1888 2816 2024 2870 ἀλλά

349 2892 445 2945 καὶ
473 2892 645 2959 οὕτως
667 2896 727 2947 οὐ
773 2896 871 2967 τὴν
905 2896 1172 2967 τυχοῦσαν
1197 2896 1357 2951 δώσει
1390 2900 1546 2972 δίκην
1574 2902 1675 2971 τῆς
1707 2903 2020 2973 ἐπιϐουλῆς.

350 2977 502 3045 Εἶδες
549 2983 667 3047 πῶς
700 2984 977 3039 κάνταῦθα
1032 2985 1204 3039 πλείω
1250 2989 1349 3057 τῆς
1399 2989 1746 3059 ὑποσχέσεως
1789 2994 1817 3044 ό
1865 2991 2023 3060 λόγος

349 3068 631 3134 ἀπέδειξεν
652 3090 665 3138 ;
694 3075 754 3126 οὐ
787 3074 946 3145 μόνον
979 3075 1238 3145 οὐδεμίαν
1257 3077 1436 3148 λύμην
1457 3078 1565 3131 ἀπὸ
1586 3078 1695 3135 τῶν
1721 3080 2023 3134 ἐπιϐούλων

350 3154 553 3209 τούτων
578 3159 945 3229 ὑπομένοντας
979 3165 1108 3227 τούς
1138 3166 1633 3236 ἑπηρεαζομένους,
1669 3166 1806 3221 ἀλλά
1832 3166 1928 3221 καὶ
1964 3168 2032 3220 τὸ

353 3244 461 3295 πᾶν
493 3245 574 3308 είς
603 3245 701 3316 τὴν
720 3246 827 3301 τῶν
862 3250 1326 3306 ἐπιϐουλευόντων
1361 3254 1826 3325 περιτρεπόμενον
1852 3271 2023 3323 κεφα-

351 3327 484 3398 λήν;
524 3331 740 3404 Ἐπειδὴ
763 3334 870 3406 γάρ
894 3336 1019 3390 οὔτε
1036 3338 1286 3404 πλοῦτος,
1319 3339 1442 3392 οὐτε
1468 3340 1529 3393 τὸ
1556 3341 1840 3414 ἐλεύθερον
1860 3338 2023 3407 εἶναι,

352 3414 477 3469 οὔτε
506 3418 565 3470 τὸ
598 3422 830 3491 πατρίδα
868 3425 1058 3488 οίκεῖν,
1094 3426 1218 3478 οὐτε
1247 3427 1314 3480 τά
1359 3427 1515 3493 ἀλλα,
1552 3428 1696 3499 άπερ
1727 3425 1901 3494 εἷπον,
1929 3432 2024 3484 ἀν-

356 3502 575 3570 θρώπου
604 3507 739 3559 είσὶν
758 3508 972 3577 ἀρεταὶ,
999 3512 1135 3565 ἀλλά
1164 3514 1261 3583 τῆς
1290 3512 1468 3583 ψυχῆς
1493 3514 1560 3567 τά
1590 3515 1987 3586 κατορθώματα
2009 3535 2021 3548 ·

352 3590 597 3658 εἰκότως,
634 3594 761 3648 ὅταν
792 3599 869 3660 είς
904 3599 1076 3653 ταῦτα
1108 3601 1139 3669 ἠ
1174 3600 1347 3674 βλάϐη
1399 3602 1639 3671 γίνηται,
1685 3604 1835 3657 οὐδὲν
1864 3606 1895 3675 ἡ
1929 3606 2024 3657 ἀν-

355 3678 601 3751 θρωπίνη
648 3684 1096 3754 παραϐλάπτεται
1137 3688 1323 3758 ἀρετή.
1371 3689 1435 3741 Τί
1476 3685 1590 3753 οὖν,
1627 3690 1695 3743 ἂν
1732 3693 1811 3744 είς
1856 3692 2027 3762 αὐτήν

352 3782 437 3828 τις
467 3769 789 3842 παραϐλαϐῇ
815 3772 915 3843 τῆς
935 3774 1115 3845 ψυχῆς
1132 3776 1228 3846 τὴν
1252 3775 1593 3846 φιλοσοφίαν;
1614 3778 1747 3831 Οὐδὲ
1774 3778 2027 3846 ἐνταῦθα,

357 3850 424 3902 ἂν
468 3854 663 3926 βλαϐῇ,
716 3860 845 3930 παρ’
902 3860 1090 3931 ἐτέρου
1144 3860 1463 3931 βλάπτεται,
1500 3863 1613 3916 ἀλλ’
1667 3864 1881 3919 οἴκοθεν
1935 3867 2029 3920 καὶ

359 3942 491 4024 παρ’
541 3943 758 3999 ἑαυτοῦ.
812 3946 935 4011 Πῶς
982 3948 1191 4001 οἴκοθεν
1242 3951 1335 4003 καὶ
1387 3950 1516 4022 παρ’
1568 3952 1787 4015 ἐαυτοῦ,
1830 3955 2026 4024 φησίνς

358 4023 529 4080 Ὅταν
558 4032 878 4102 μαστιχθεὶς
912 4036 1044 4105 παρ’
1073 4036 1318 4101 ὁτουοῦν,
1357 4036 1387 4107 ἦ
1420 4036 1487 4089 τά
1516 4038 1644 4091 δντα
1689 4039 2029 4109 ἀφαιρεθεὶς,

359 4110 392 4179 ἢ
423 4115 663 4187 χαλεπήν
688 4135 811 4173 τινα
832 4120 1027 4193 ἑτέραν
1049 4122 1350 4193 ὑπομείνας
1380 4126 1667 4194 ἐπήρειαν,
1708 4125 2029 4197 βλάσφημον

356 4217 410 4252 τι
439 4203 587 4274 ῥῆμα
616 4206 898 4279 ἐξενέγκῃ,
925 4208 1127 4281 ἐϐλάϐη
1157 4211 1257 4280 μὲν
1290 4212 1548 4276 ἐνταῦθα,
1576 4215 1669 4266 καὶ
1704 4212 1909 4285 βλάϐην
1941 4233 2033 4287 με.

358 4289 574 4360 γίστην,
599 4292 658 4345 οὐ
695 4294 803 4365 μὴν
835 4296 985 4367 παρὰ
1010 4298 1103 4350 τοῦ
1138 4300 1564 4370 ἐπηρεάσαντος,
1593 4301 1729 4355 ἀλλά
1756 4303 1906 4357 παοά
1933 4306 2031 4375 τῆς

358 4378 565 4443 οἰκείας
598 4382 981 4453 μικροψυχίας.
1032 4387 1210 4457 Ὅπερ
1241 4386 1351 4457 γάρ
1377 4387 1690 4460 ἔμπροσθεν
1734 4386 1908 4457 εἷπον,
1938 4396 2031 4447 καὶ

359 4465 453 4518 νῦν
499 4466 630 4539 ἐρῶ,
674 4471 847 4534 οὐδεὶς
894 4471 1198 4543 ἀνθρώπων
1233 4474 1334 4527 κᾶν
1385 4478 1648 4547 μυριάκις
1774 4481 2028 4551 πονηρὸς,

361 4553 452 4606 τοῦ
486 4554 785 4625 ἀλάστορος
809 4559 1021 4612 ἐκείνου
1047 4560 1305 4630 δαίμονος
1336 4564 1431 4615 καὶ
1446 4564 1871 4631 ἀκαταλλάκτως
1896 4568 2032 4638 πρὸς

360 4646 505 4712 ἡμᾶς
538 4646 771 4717 ἔχοντος,
797 4648 889 4701 τοῦ
924 4649 1192 4714 διαϐόλου,
1220 4653 1589 4723 πονηρότερον
1622 4655 1687 4709 ἀν
1729 4672 1833 4709 τινι
1862 4674 2031 4729 προσ-

361 4734 534 4800 ϐάλοι,
568 4736 689 4788 οὐδέ
732 4738 1058 4808 πικρότερον
1084 4755 1097 4769 υ
1146 4740 1263 4793 ἀλλ’
1311 4743 1459 4811 ὅμως
1518 4744 1547 4795 ό
1591 4744 1829 4813 χαλεπὸς
1876 4740 2033 4810 οὗτος

358 4822 571 4890 δαίμων
616 4825 716 4877 οὐκ
766 4826 955 4894 ἴσχυσε
1002 4826 1093 4879 τὸν
1128 4830 1236 4899 πρὸ
1271 4830 1363 4883 τοῦ
1400 4830 1590 4899 νόμου,
1640 4832 1733 4884 τὸν
1782 4834 1887 4903 πρὸ
1933 4836 2031 4907 τῆς

364 4910 602 4979 χάριτος,
625 4911 865 4964 τοσαῦτα
901 4914 1023 4965 κατ’
1061 4915 1226 4969 αὐτοῦ
1257 4916 1386 4987 βέλη
1411 4918 1505 4970 καὶ
1530 4919 1673 4973 οὕτω
1701 4922 1874 4993 πικρά
1898 4940 2031 4976 παν-

358 4996 590 5083 ταχόθεν
625 4998 807 5066 ἀφεὶς.
844 5001 1202 5055 ὑποσκελίσαι
1245 5005 1341 5057 καὶ
1390 5007 1732 5062 καταϐαλεῖν.
1780 5011 2032 5083 Τοσαύτη

360 5082 461 5152 τῆς
492 5082 670 5154 ψυχῆς
710 5087 921 5157 ἐστινὴ
968 5088 1239 5156 εὐγένεια.
1281 5091 1345 5144 Τί
1378 5092 1433 5147 δέ
1475 5094 1502 5146 ό
1547 5096 1785 5161 Παῦλος;
1826 5099 1901 5151 Οὐ
1941 5082 2032 5153 τοέ

362 5169 535 5223 σαῦτα
563 5170 733 5226 ἔπαθε
780 5174 948 5238 δεινά,
985 5176 1020 5229 ἃ
1057 5176 1190 5248 μηδέ
1235 5179 1529 5244 καταλέξαι
1568 5184 1783 5253 ρᾴδιονς
1812 5188 2033 5255 Δεσμω-

360 5258 528 5329 τήρια
556 5258 706 5332 17430]
734 5262 918 5327 οἰκῶν,
951 5263 1171 5329 ἁλύσεις
1202 5268 1607 5338 περικείμενος,
1639 5272 1910 5343 ἀγόμενος
1939 5278 2034 5330 καὶ

362 5348 779 5417 περιαγόμενος,
821 5352 1253 5422 μαστιγούμενος
1289 5356 1440 5426 παρά
1486 5356 1785 5427 Ἰουδαίων,
1817 5361 2031 5429 λιθαζό-

368 5449 547 5501 μενος,
586 5435 682 5505 οὐχ
730 5438 885 5506 ίμάσι
922 5439 1127 5507 μόνοις,
1173 5440 1311 5494 ἀλλά
1359 5444 1455 5495 καὶ
1509 5446 1723 5514 ῥάϐδοις
1772 5449 1841 5501 τὰ
1883 5451 2031 5505 νῶτα

365 5521 696 5590 ξαινόμενος,
730 5526 1280 5597 καταποντιζόμενος,
1314 5530 1539 5601 λῃσταῖς
1576 5533 1836 5600 πολλάκις
1881 5556 2034 5609 περι-

370 5606 600 5672 πίπτων,
629 5610 892 5680 ἐμφύλιον
916 5613 1205 5683 ὑπομένων
1223 5617 1480 5687 πόλεμον,
1500 5620 1653 5689 παρά
1673 5622 1783 5675 τῶν
1802 5606 2032 5696 ἐχθρῶν,

381 5695 528 5764 παρὰ
558 5698 663 5751 τῶν
681 5700 972 5769 γνωρίμων
1000 5700 1321 5773 βαλλόμενος
1343 5705 1629 5778 διηνεκῶς,
1663 5695 1937 5781 μυρὶαιςέ
1956 5733 2026 5766 εει-

1222 258 1511 315 JUASMS
1549 255 2051 314 (IIIIH'SOSTOMI
2092 254 2406 311 ARCHIEP.
2450 254 2998 312 CONS'I‘AN'I‘INOI‘.

3699 256 3810 309 ἇϋϐ

2123 370 2518 441 ϐουλευόμενος
2544 370 2882 434 ἐπιϐουλαῖς,
2914 367 3060 442 λιμῷ
3082 370 3178 424 καὶ
3203 370 3502 441 γυμνότητι
3526 370 3806 427 παλαίων.

2122 459 2314 530 ἐτέρας
2350 458 2559 521 πυκνὰς
2590 460 2682 511 καὶ
2724 462 2971 528 συνεχεῖς
3001 459 3289 526 ὑπομένων
3325 457 3681 528 περιστάσεις
3708 459 3810 509 καὶ

2121 547 2363 615 θλίψεις·
2421 548 2517 601 καὶ
2568 548 2621 599 τί
2665 546 2746 599 δεῖ
2786 546 2857 599 τά
2918 545 3091 599 πολλὰ
3144 544 3358 613 λέγειν;
3399 544 3524 598 καθ’
3558 545 3808 615 ἑκάστην

2120 627 2484 697 ἀποθνήσκων
2512 627 2611 695 τὴν
2655 626 2904 695 ἡμέραν·
2940 623 3056 678 ἀλλ’
3094 626 3243 693 ὅμως
3294 624 3533 677 τοσαῦτα
3575 624 3813 693 πάσχων

2121 705 2215 757 καὶ
2250 702 2577 773 τηλικαῦτα,
2608 704 2668 757 οὐ
2702 704 2861 773 μόνον
2891 703 3043 756 οὐδὲν
3072 702 3333 773 ἐξήνεγκε
3376 702 3526 775 ῥῆμα
3562 701 3809 772 βλάσφη-

2125 801 2245 853 μον,
2284 784 2400 837 ἀλλ⁹
2444 784 2663 854 ἔχαιρεν
2707 784 2801 836 ἐπὶ
2839 784 3051 845 τούτοις
3091 783 3183 835 καὶ
3231 784 3538 852 ἐκαυχᾶτοο
3576 783 3674 837 καὶ
3710 780 3810 834 νῦν

2125 862 2226 932 μέν
2268 879 2402 930 φησι
2428 881 2439 893 ·
2476 865 2670 931 Χαίρω
2694 862 2763 916 ἐν
2800 861 2925 928 τοῖς
2955 861 3269 930 παθήμασί
3301 879 3444 931 μου⁸
3475 861 3572 915 νῦν
3601 862 3662 915 δέ
3696 861 3808 914 πά-

2120 941 2203 993 λιν
2224 958 2237 969 ·
2276 945 2357 995 Οὐ
2380 945 2575 1011 μόνον
2599 942 2687 1003 δὲ,
2721 942 2881 995 ἀλλὰ
2911 942 3007 994 καὶ
3035 939 3391 1009 καυχώμεθα
3422 942 3493 995 ἐν
3515 939 3649 1006 ταῖς
3675 940 3813 994 0.11-

2120 1025 2329 1091 ψεσιν.
2379 1022 2439 1074 EE
2487 1022 2667 1074 τοίνυν
2698 1020 2939 1075 τοσαῦτα
2972 1021 3200 1090 πάσχων
3244 1020 3410 1083 αὐτὸς
3458 1019 3673 1090 ἔχαιρε,
3711 1024 3811 1075 καὶ

2120 1102 2417 1169 ἐκαυχᾶτο,
2454 1100 2576 1153 τίνα
2615 1100 2755 1165 ἕξεις
2789 1097 3148 1168 συγγνώμην,
3187 1099 3351 1152 ποίαν
3396 1099 3454 1152 δὲ
3505 1099 3812 1167 ἀπολογίαν

2119 1182 2184 1233 σὺ
2218 1179 2280 1231 οὐ
2309 1177 2371 1231 τὸ
2403 1178 2693 1231 πολλοστὸν
2722 1177 2905 1231 αὐτῶν
2952 1177 3244 1247 ὑπομένων
3275 1177 3465 1248 μέρος,
3513 1179 3609 1232 καὶ
3636 1177 3811 1248 βλασ-

2162 1274 2425 1401 ηὲῗὶᾷλϊ
2453 1334 2655 1406 ἑτέρως
2667 1334 2982 1407 ἀδικοῦμαι,
2996 1338 3153 1408 φησὶ,
3172 1336 3273 1390 κάν
3293 1316 3369 1408 μὴ
3402 1335 3813 1410 βλασφημήοω,

2120 1416 2189 1469 τὰ
2240 1420 2504 1487 χρήματα
2552 1415 2872 1487 ἀφαιρεθεὶς
2922 1416 3201 1489 ἄχρηστος
3240 1417 3468 1488 γίνομαι
3521 1419 3664 1488 πρὸς
3714 1418 3815 1488 τὴν

2122 1495 2535 1567 ἐλεημοσύνην,
2590 1496 2746 1566 φησί.
2795 1495 3008 1565 Σκῆψις
3054 1494 3229 1548 ταῦτα
3262 1496 3357 1550 καὶ
3405 1495 3705 1567 πρόφασις.
3751 1497 3816 1551 Et

2122 1574 2232 1646 γάρ
2270 1575 2358 1629 διά
2390 1575 2549 1629 τοῦτο
2599 1574 2810 1642 ἀλγεῖς,
2857 1575 2998 1646 μάθε
3026 1575 3235 1645 σαφῶς,
3272 1575 3354 1629 δτι
3382 1576 3541 1628 πενία
3574 1576 3816 1646 ἐλεημο-

2124 1653 2291 1723 σύνης
2321 1654 2382 1707 οὐ
2415 1653 2629 1722 γίνεται
2657 1653 2906 1725 κώλυμα.
2939 1654 3061 1709 Κᾶν
3086 1655 3197 1725 γάρ
3235 1654 3495 1726 μυριάκις
3537 1650 3591 1708 εἴ
3616 1655 3815 1726 πένης.

2122 1732 2222 1785 οὐκ
2244 1728 2295 1785 εἷ
2325 1732 2654 1805 πενέστερος
2675 1733 2774 1803 τῆς
2793 1734 2971 1805 δράκα
2994 1733 3228 1805 ἀλεύρου
3256 1734 3417 1805 μόνον
3440 1735 3813 1806 κεκτημένης.

2124 1813 2350 1883 καὶτῆς
2387 1810 2481 1864 δύο
2522 1811 2685 1881 μόνον
2740 1811 2977 1883 ἐχούσης
3008 1811 3252 1877 ὀϐολοὺς,
3301 1806 3376 1867 ῶν
3425 1811 3669 1884 ἑκατέρα
3715 1813 3819 1877 τὴν

2123 1893 2312 1946 οὐσίαν
2346 1892 2566 1946 ἃπασαν
2587 1895 2668 1958 εις
2687 1896 2815 1957 τοὺς
2845 1894 3137 1964 δεομένους
3166 1894 3456 1949 κενώσασα
3487 1893 3819 1966 παραδόξως

2124 1972 2449 2044 ἐθαυμάσθη
2475 1990 2488 2003 ·
2529 1973 2625 2026 καὶ
2668 1975 2703 2044 η
2749 1972 2991 2044 τοσαύτη
3026 1973 3184 2027 πενία
3226 1977 3295 2045 τῇ
3335 1973 3576 2047 τοσαύτῃ
3624 1972 3818 2043 φιλαν-

2124 2055 2342 2127 θρωπίᾳ
2363 2056 2424 2109 οὐ
2455 2055 2649 2125 γέγονε
2680 2054 2934 2126 κώλυμα,
2962 2054 3080 2109 ἀλλ’
3110 2055 3257 2111 οὕτω
3282 2056 3513 2128 δαψιλὴς
3535 2056 3631 2108 καὶ⁸
3658 2055 3819 2125 φιλό-

2122 2152 2282 2207 τιμος
2314 2138 2348 2207 η
2383 2136 2449 2189 ἐκ
2490 2136 2602 2189 τῶν
2648 2135 2744 2189 δύο
2790 2134 3006 2189 λεπτῶν
3048 2135 3273 2205 γέγονεν
3320 2136 3689 2207 ἐλεημοσύνη.
3740 2135 3819 2199 ὡς

2124 2224 2251 2286 τοὺς
2282 2221 2650 2285 πλουτοῦντας
2670 2222 2922 2285 ἅπαντας
2944 2222 3286 2295 ἀποκρύψαι,
3310 2223 3406 2276 καὶ
3430 2225 3559 2286 τοὺς
3584 2222 3819 2284 πολλοὺς

2126 2309 2405 2381 στατῆρας
2442 2309 2855 2374 καταϐαλόντας
2886 2310 3320 2382 ὑπερακοντίσαι
3348 2311 3427 2381 τῷ
3469 2310 3689 2380 πλούτῳ
3717 2311 3819 2380 τῆς

2122 2396 2353 2469 γνώμης
2386 2397 2482 2450 καὶ
2527 2400 2594 2468 τῇ
2631 2396 2929 2469 περιουσίᾳ
2968 2397 3070 2469 τῆς
3117 2397 3449 2471 προθυμίας.
3486 2397 3655 2451 Ὥστε
3692 2396 3821 2451 οὐδὲ

2127 2484 2369 2539 ἐνταῦθα
2420 2484 2701 2555 ἠδίκησαι,
2732 2484 2870 2537 ἀλλά
2926 2486 3023 2539 καὶ
3066 2485 3333 2555 μειζόνως
3381 2483 3704 2555 ἐκέρδανας,
3747 2482 3818 2537 δι’

2126 2573 2317 2645 ὀλίγης
2356 2574 2621 2643 εἰσφορᾶς
2661 2571 2771 2625 τῶν
2804 2571 2875 2626 τά
2910 2572 3085 2626 πολλὰ
3115 2573 3464 2627 καταθέντων
3494 2572 3819 2643 λαμπροτέ-

2131 2677 2259 2732 ρους
2287 2658 2470 2714 λαϐὼν
2498 2661 2627 2723 τοὺς
2659 2660 2982 2729 στεφάνους.
3021 2660 3163 2713 Ἀλλ’
3188 2659 3401 2731 ἐπειδὴ,
3422 2660 3525 2714 κάν
3550 2661 3820 2731 μυριάκις

2129 2749 2301 2803 ταῦτα
2334 2750 2603 2819 εἴπωμεν,
2640 2751 2696 2801 αί
2734 2747 3107 2819 φιλοσώματοι
3139 2747 3310 2819 ψυχαὶ
3337 2750 3434 2802 καὶ
3472 2751 3586 2812 τοῖς
3630 2748 3822 2817 βιωτι-

2130 2839 2245 2901 κοῖς
2274 2836 2447 2907 ἡδέως
2481 2836 2996 2907 ἐγκαλινδούμεναι,
3041 2838 3138 2891 καὶ
3168 2838 3282 2900 τοῖς
3312 2834 3584 2907 παροῦσιν
3617 2836 3821 2907 ἐνηδυ-

2130 2923 2402 2979 παθοῦσαι
2451 2923 2801 2995 πράγμασιν,
2851 2924 2951 2979 οὐκ
2996 2924 3062 2978 ἂν
3093 2924 3293 2997 ῥαδίως
3339 2926 3665 2993 ἀνάσχοιντο
3706 2924 3821 2978 τῶν

2131 3012 2604 3082 κατασηπομένων
2656 3012 2834 3065 ἀνθῶν
2898 3012 3205 3082 ἀποστῆναι
3258 3012 3508 3081 (τοιαῦτα
3561 3011 3674 3085 γάρ
3717 3011 3821 3068 τυῦ

2132 3098 2248 3167 βίου
2281 3098 2349 3149 τά
2377 3098 2579 3168 φαιδρὰ
2610 3098 2846 3167 τούτου),
2868 3099 2988 3152 οὐδὲ
3017 3099 3117 3162 τάς
3150 3098 3308 3163 σκιάς
3343 3101 3565 3168 ἀφεῖναι
3594 3099 3824 3169 ἀνέχον-

2128 3202 2250 3237 ται·
2282 3184 2395 3237 ἀλλ’
2419 3186 2466 3237 οί
2498 3185 2597 3255 μὲν
2628 3185 3029 3257 ἐπιεικέστεροι
3057 3186 3330 3239 κάκείνων
3348 3186 3667 3240 καὶτούτων
3688 3188 3822 3241 ἀντ-

2132 3272 2371 3343 έχονται,
2400 3274 2447 3325 οἱ
2480 3272 2537 3325 δὲ
2581 3273 2934 3344 ἐλεεινότεροι
2976 3274 3071 3327 καὶ
3110 3272 3433 3345 ἀθλιώτεροι
3472 3276 3538 3328 ἐκ
3571 3275 3828 3341 πλείονος

2135 3361 2235 3431 μὲν
2270 3361 2496 3415 ἐκείνων
2535 3361 2755 3431 μοίρας,
2803 3361 3010 3414 τούτων
3053 3361 3110 3414 δέ
3134 3361 3193 3429 ἐξ
3238 3362 3522 3426 ἐλάττονος
3572 3364 3826 3435 σφόδρα·

2135 3445 2266 3516 φέρε
2296 3444 2360 3517 δὴ
2401 3446 2470 3498 τά
2508 3447 2832 3515 προσωπεῖα
2862 3444 3160 3513 ἀφελόντες
3188 3445 3254 3499 τά
3289 3445 3495 3516 φαιδρὰ
3535 3448 3631 3500 καὶ
3665 3465 3828 3520 περι-

2134 3534 2274 3604 φανῆ
2303 3534 2403 3605 τῆς
2429 3536 2665 3603 αἰσχρᾶς
2698 3536 2794 3588 καὶ
2824 3534 3104 3599 δυσειδοῦς
3131 3532 3240 3588 τῶν
3269 3538 3614 3606 πραγμάτων
3640 3538 3831 3607 ὅψεως

2132 3620 2363 3682 τούτων,
2394 3620 2665 3689 δείξωμεν
2690 3620 2790 3689 τῆς
2824 3622 3248 3692 ἑταιριζομένης
3281 3625 3542 3690 γυναικὸς
3569 3624 3671 3695 τὴν
3705 3625 3832 3694 βδε-

2136 3706 2375 3773 λυγμίαν
2407 3718 2456 3759 α.
2494 3706 2748 3759 Τοιοῦτον
2772 3707 2883 3778 γάρ
2914 3710 2946 3779 ή
2975 3708 3201 3778 τοιαύτη
3226 3708 3360 3781 ζωὴ,
3398 3712 3430 3780 ἡ
3460 3715 3695 3782 τρυφαῖς
3726 3715 3829 3765 καὶ

2138 3793 2355 3863 πλούτῳ
2398 3794 2489 3847 καὶ
2523 3794 2872 3859 δυναστείαις
2910 3799 3288 3868 προσέχουσαο
3336 3799 3398 3851 τὺ
3450 3799 3680 3871 αἰσχρὸν
3726 3804 3830 3855 καὶ

2136 3882 2375 3946 δυσειδὲς
2423 3884 2518 3935 καὶ
2555 3884 2756 3954 mni};
2810 3886 3141 3957 βδελυγμίας
3177 3888 3370 3957 γέμον,
3420 3888 3480 3941 τὸ
3518 3890 3683 3959 ἀηδὲς
3728 3892 3830 3945 καὶ

2138 3963 2394 4034 φορτικὸν
2426 3963 2519 4015 καὶ
2550 3964 2779 4036 πικρίας
2803 3966 3287 4038 ἐμπεπλησμένον.
3309 3967 3421 4020 Καὶ
3442 3967 3549 4039 γάρ
3571 3968 3634 4040 δὴ
3661 3970 3831 4024 τοῦτο

2141 4041 2378 4111 μάλιστά
2425 4044 2540 4095 ἐστι
2574 4043 2635 4094 τὸ
2670 4044 2853 4113 πάσης
2902 4044 3244 4116 ἀποστεροῦν
3278 4046 3403 4109 τούς
3440 4046 3666 4112 ἁλόντας
3696 4065 3831 4118 συγ-

2138 4120 2384 4192 γνώμης,
2422 4123 2504 4175 ὂτι
2540 4123 2635 4174 καὶ
2681 4123 2877 4199 ἀηδίας
2906 4126 3001 4178 καὶ
3027 4124 3231 4193 πολλῆς
3262 4126 3362 4194 τῆς
3391 4126 3616 4197 πικρίας
3642 4130 3829 4199 ἐμπε-

2134 4201 2446 4272 πλησμένος
2473 4204 2501 4254 ό
2537 4200 2650 4270 βίος
2693 4198 2870 4265 οὗτος,
2914 4204 3164 4269 ποθεινός
3207 4222 3267 4257 τε
3298 4207 3485 4269 αὐτοῖς
3520 4208 3615 4258 καὶ
3666 4198 3831 4279 περι-

2142 4280 2475 4343 σπούδαστός
2518 4282 2657 4345 ἐστι,
2690 4281 2783 4333 καὶ
2817 4283 3029 4352 μυρίων
3066 4282 3254 4353 γέμων
3289 4283 3497 4345 κακῶν,
3535 4286 3827 4351 κινδύνων,

2138 4360 2409 4430 αἱμάτων,
2462 4359 2745 4428 κρημνῶν,
2789 4358 3092 4424 σκοπέλων,
3128 4363 3223 4415 καὶ
3257 4363 3455 4431 φόνων.
3490 4365 3583 4417 καὶ
3612 4367 3828 4435 φόϐων,

2140 4440 2235 4491 καὶ
2262 4438 2503 4508 τρόμων,
2536 4436 2631 4489 καὶ¹
2657 4437 2877 4506 φθόνου,
2913 4440 3006 4491 καὶ
3038 4437 3189 4511 [ιὸι]
3220 4439 3539 4509 βασκανίας,
3578 4446 3671 4499 καὶ
3698 4448 3829 4500 ἐπι-

2140 4518 2361 4587 ϐουλῆς,
2412 4516 2509 4569 καὶ
2562 4518 2843 4586 φροντίδος
2889 4517 3175 4589 διηνεκοῦς
3224 4521 3318 4573 καὶ
3370 4523 3669 4595 μερίμνης,
3721 4528 3829 4581 καὶ

2142 4597 2332 4669 κέρδος
2366 4595 2505 4664 ἔχων
2545 4595 2719 4658 οὐδὲν,
2764 4597 2883 4649 οὐδὲ
2919 4598 3131 4669 καρπὸν
3166 4598 3276 4653 τῶν
3318 4599 3590 4657 τοσούτων
3634 4605 3828 4661 κακῶν

2138 4675 2328 4729 οὐδένα
2362 4674 2568 4746 φέρων,
2626 4674 2738 4727 ἀλλ’
2776 4676 2807 4745 ἢ
2840 4676 3063 4731 κόλασιν
3112 4678 3208 4729 καὶ
3265 4681 3587 4750 τιμωρίαν,
3618 4685 3713 4736 καὶ
3758 4685 3831 4740 τὸ

2138 4753 2403 4825 διηνεκῶς
2439 4754 2846 4823 βασανίζεσθαι.
2879 4756 3098 4828 Καίπερ
3122 4756 3367 4821 τοιοῦτος
3395 4758 3471 4813 ὢν
3498 4762 3546 4824 δ,
3579 4762 3828 4833 ζηλωτὸς

2141 4833 2280 4889 εἶναι
2308 4836 2422 4896 τοῖς
2458 4833 2667 4897 πολλοῖς
2694 4835 2844 4887 δοκεῖ
2888 4836 2980 4887 καὶ
3022 4838 3420 4909 περιμάχητος,
3446 4840 3475 4892 ὃ
3499 4841 3597 4911 τῆς
3631 4842 3828 4907 ἀνοίας

2141 4915 2251 4969 τῶν
2292 4913 2663 4983 ἁλισκομένων
2695 4916 2863 4980 ἐστὶν,
2898 4916 2960 4967 οὐ
2989 4915 3089 4984 τῆς
3122 4916 3218 4969 τοῦ
3269 4918 3601 4990 πράγματος
3643 4939 3829 4991 μακα-

2142 4996 2415 5068 ριότητος.
2462 4993 2613 5045 Ἐπεὶ
2664 4994 2755 5045 καὶ
2794 4994 2862 5047 τά
2911 4996 3099 5049 παιδία
3131 4996 3201 5049 τά
3238 4997 3413 5068 μικρά
3448 5000 3585 5069 πρὸς
3624 5002 3723 5071 μὲν
3754 5002 3830 5056 τά

2142 5075 2437 5144 ἀθύρματα
2460 5073 2655 5141 κέχηνε
2682 5074 2773 5125 καὶ
2796 5075 3081 5145 ἐπτόηται,
3116 5077 3221 5128 τῶν
3242 5077 3297 5129 δὲ
3332 5077 3561 5141 τελείοις
3592 5079 3826 5151 ἀνδράσι

2146 5154 2467 5225 πρεπόντων
2494 5154 2835 5222 πραγμάτων
2864 5154 2985 5207 οὐδὲ
3010 5154 3263 5225 αἴσθησιν
3285 5156 3471 5209 λαϐεῖν
3500 5157 3701 5212 δύναιτ’
3731 5161 3822 5214 ἀν.

2154 5235 2293 5287 Ἀλλ’
2328 5232 2555 5295 ἐκείνοις
2583 5233 2681 5302 μὲν
2711 5233 3007 5304 συγγνώμη
3032 5234 3120 5287 διὰ
3147 5234 3207 5287 τὸ
3242 5236 3341 5305 τῆς
3368 5234 3586 5306 ἡλικίας
3606 5238 3785 5307 ἄωρον
3806 5257 3823 5270 ·

2137 5314 2284 5372 οὗτοι
2315 5312 2371 5365 δὲ
2410 5310 2704 5378 ἀπολογίας
2738 5313 3116 5383 ἐκϐέϐληνται,
3150 5314 3207 5365 ὲν
3245 5313 3432 5385 ἡλικίᾳ
3463 5315 3647 5387 τελεία
3693 5334 3823 5371 παι-

2142 5399 2298 5466 δικὴν
2340 5392 2553 5461 ἔχοντες
2592 5389 2839 5464 γνώμην,
2893 5393 3161 5446 κάκείνων
3210 5394 3565 5465 ἀνοητότερον
3616 5395 3821 5451 διαχεῖ-

2144 5494 2316 5548 μενοι.

2208 5602 2230 5628 δ
2264 5600 2297 5646 ι]
2308 5612 2397 5645 nus
2419 5596 2679 5659 βδελυρίαν,

2206 5662 2231 5696 δ
2258 5660 2393 5717 Hart,
2419 5656 2585 5732 καίπερ
2610 5656 2823 5714 τοιοῦτος
2847 5662 2931 5718 ὼν,
2957 5659 3005 5708 ill
3030 5657 3188 5709 tribus
3210 5670 3310 5708 msa
3354 5659 3532 5710 deum!
3587 5657 3693 5710 HO)
3724 5660 3821 5710 duo

2143 5740 2233 5773 IUL-5
2270 5740 2294 5769 ο
2324 5740 2400 5776 τη,
2420 5735 2489 5767 τινί
2510 5738 2638 5776 έναι..
