4046 6480
295 331 402 394 ωδ

297 448 600 520 protulerint
631 445 896 502 adversum
931 460 1020 499 vos
1045 457 1227 496 nomen
1252 441 1445 494 malum
1480 442 1901 514 (Matt/i.5.tt).

296 541 351 595 ιιι
383 541 633 596 exsilium
661 539 867 610 ejectus
894 535 994 591 es?
1018 535 1204 604 Cogita
1237 542 1288 586 te
1329 531 1414 586 hic
1441 547 1548 586 non
1579 530 1779 584 habere
1809 544 1906 597 pa-

297 633 477 697 triam,
506 631 601 686 sed
633 632 677 684 si
726 625 1092 699 philosophari
1135 623 1287 688 velis,
1331 624 1540 690 jussum
1579 636 1700 676 esse
1741 622 1902 675 etiam

296 733 464 776 totam
497 734 695 778 terram
724 735 820 790 pro
844 717 1122 788 peregrina
1154 716 1371 770 ducere.
1393 716 1461 768 At
1489 714 1539 767 in
1572 726 1788 782 gravem
1817 711 1901 764 in-

294 814 476 870 cidisti
509 811 800 868 morbum?
842 810 939 865 Dic
965 809 1092 864 illud
1122 806 1475 876 apostolicum
1517 821 1530 858 :
1568 803 1772 871 Quanto
1793 819 1903 855 ma-

290 908 369 976 gis
393 905 611 960 exterior
633 914 803 957 noster
838 904 990 956 homo
1028 900 1389 968 corrumpitur,
1420 907 1559 950 tanto
1587 896 1749 966 magis
1770 895 1900 948 inte-

287 999 398 1050 rior
427 1003 699 1049 renovatur
722 992 788 1046 de
827 992 909 1047 die
941 993 995 1046 in
1022 991 1155 1045 diem
1179 988 1199 1061 (
1216 988 1269 1042 Ξ.
1302 988 1420 1043 Cor.
1449 990 1503 1042 4.
1533 987 1658 1057 16).
1693 989 1760 1040 At
1789 986 1902 1040 vio-

295 1087 498 1141 lentam
533 1083 654 1157 quis
691 1093 920 1138 mortem
971 1080 1269 1137 sustinuit?
1311 1080 1497 1150 Cogita
1528 1079 1812 1145 Joannem,
1846 1087 1900 1134 et

286 1179 588 1235 abscissum
634 1179 686 1232 in
735 1191 957 1232 carcere
983 1183 1164 1245 caput,
1206 1174 1256 1227 in
1300 1174 1452 1230 lance
1481 1174 1723 1238 allatum,
1763 1174 1896 1227 etin

285 1271 607 1327 meretricia:
628 1271 932 1326 saltationis
951 1268 1256 1324 mercedem
1287 1267 1488 1322 datum.
1510 1266 1694 1338 Cogita
1719 1282 1898 1321 remu-

283 1365 598 1422 nerationes
625 1364 754 1420 inde
782 1371 1063 1420 secuturas
1087 1380 1099 1416 :
1122 1362 1303 1416 omnia
1319 1362 1463 1416 enim
1492 1359 1680 1416 isthme
1699 1358 1895 1413 damna

279 1473 406 1514 cum
441 1473 538 1528 per
572 1455 825 1527 iniuriam
862 1454 1188 1520 inferuntur,
1219 1463 1274 1508 et
1306 1462 1522 1524 peccata
1567 1453 1809 1522 expiant,
1842 1459 1898 1505 et

278 1551 544 1620 justitiam
573 1547 879 1605 conferunt.
905 1547 1074 1602 Tanta
1102 1559 1187 1602 est
1207 1545 1452 1601 utilitatis
1473 1560 1660 1600 eorum
1689 1544 1897 1615 magni-

281 1642 411 1697 tudo
438 1641 490 1695 in
515 1640 581 1696 iis
607 1640 696 1710 qui
726 1654 990 1710 generoso
1017 1654 1078 1694 ea
1101 1639 1284 1693 animo
1311 1637 1512 1693 ferunt.

352 1733 406 1787 5.
448 1731 580 1786 Cum
620 1731 783 1801 igitur
823 1745 998 1800 neque
1043 1728 1282 1798 pecuniae
1309 1728 1520 1798 jactura
1544 1770 1559 1793 ,
1595 1741 1769 1798 neque
1797 1741 1892 1781 ca-

284 1821 502 1879 lumnia:
537 1831 593 1878 et
631 1822 872 1879 convicia
897 1864 914 1888 ,
947 1837 1121 1892 neque
1152 1821 1399 1876 exsilium
1426 1863 1440 1887 ,
1472 1835 1648 1891 neque
1675 1819 1847 1875 morbi
1873 1859 1888 1886 ,

277 1929 456 1984 neque
480 1913 772 1976 cruciatus,
803 1927 978 1984 neque
1008 1911 1059 1966 id
1089 1912 1263 1982 ipsum
1284 1953 1300 1980 ,
1329 1911 1474 1983 quod
1499 1910 1751 1966 omnibus
1779 1920 1892 1965 ter-

274 2005 483 2061 ribilius
521 2019 643 2062 esse
691 2004 903 2061 videtur
925 2048 940 2074 ,
973 2021 1122 2062 mors
1145 2047 1161 2072 ,
1195 2003 1594 2076 perferentibus
1632 2003 1890 2058 damnum

276 2097 489 2166 afferat,
520 2097 616 2152 sed
647 2097 930 2152 utilitatem
963 2098 1140 2168 potius
1171 2115 1185 2152 :
1214 2097 1406 2168 quibus
1437 2097 1600 2151 rebus
1628 2095 1757 2150 mihi
1791 2109 1889 2166 po-

274 2200 354 2244 tes
375 2188 660 2245 ostendere
681 2188 986 2260 quempiam
1011 2189 1153 2256 laedi,
1170 2190 1384 2260 quando
1407 2189 1489 2243 his
1511 2203 1616 2243 non
1640 2187 1891 2243 lzeditur?

272 2280 389 2351 Ego
418 2280 561 2336 enim
589 2281 916 2336 contrarium
949 2281 1326 2337 demonstrare
1354 2280 1594 2337 conabor
1624 2296 1638 2334 :
1668 2295 1884 2350 nempe,

267 2371 361 2441 qui
389 2372 618 2426 maxima
650 2370 844 2426 damna
875 2387 939 2426 ac
965 2372 1311 2437 detrimenta,
1345 2381 1400 2428 et
1425 2371 1750 2427 incurabiles
1777 2371 1887 2425 cla-

266 2464 366 2520 des
397 2465 672 2534 perferant
695 2507 711 2532 ,
743 2479 836 2520 eos
864 2480 983 2520 esse
1012 2465 1099 2534 qui
1141 2463 1396 2519 inferunt.
1441 2464 1578 2540 Quid
1607 2464 1751 2518 enim
1781 2463 1885 2517 mi-

267 2555 554 2610 serabilius
579 2571 700 2611 esse
732 2557 902 2626 possit
923 2598 937 2623 ,
968 2571 1126 2626 quam
1156 2552 1287 2611 Cain
1314 2597 1330 2624 ,
1361 2556 1450 2626 qui
1485 2555 1679 2612 talibus
1709 2555 1885 2610 modis

267 2646 490 2705 fratrem
520 2650 764 2720 accepit?
794 2651 920 2721 quid
959 2650 1224 2706 infelicius
1261 2666 1430 2706 uxore
1459 2649 1690 2720 Philippi
1718 2692 1731 2713 ,
1761 2665 1883 2718 quae

265 2739 463 2797 Joanni
492 2752 651 2812 caput
675 2741 943 2796 abscidit?
969 2741 1094 2812 quid
1121 2740 1372 2801 fratribus
1395 2741 1614 2810 Joseph,
1643 2742 1730 2811 qui
1758 2756 1879 2794 eum

266 2833 753 2900 venumdederunt,
786 2843 837 2888 et
871 2833 923 2887 in
955 2834 1205 2889 exsilium
1235 2834 1577 2902 relegerent?
1607 2833 1736 2903 quid
1762 2831 1880 2887 dia-

265 2926 425 2992 bolo,
463 2926 554 2996 qui
585 2925 688 2981 Job
723 2934 801 2981 tot
825 2926 980 2980 malis
1001 2925 1219 2981 affecit?
1252 2925 1368 2980 Non
1391 2926 1535 2981 enim
1557 2936 1878 2980 creterorum

262 3017 549 3072 dumtaxat
577 3018 841 3072 scelerum
862 3058 876 3084 ,
910 3016 1004 3072 sed
1037 3018 1106 3071 ita
1135 3032 1350 3088 quoque
1378 3034 1482 3072 non
1514 3018 1768 3087 vulgares
1797 3019 1879 3072 in-

264 3108 520 3164 sidiarum
551 3125 737 3180 poenas
763 3110 928 3165 dabit.
970 3111 1158 3166 Cernis
1187 3111 1346 3166 etiam
1383 3113 1466 3166 hic
1498 3113 1651 3182 plura
1672 3157 1689 3179 ,
1716 3128 1877 3183 quam

265 3201 498 3271 pollicita
529 3201 741 3268 fuerat,
772 3204 1072 3258 orationem
1105 3203 1550 3260 demonstrasse?
1576 3221 1682 3258 non
1715 3205 1878 3260 modo

265 3294 468 3350 nullum
500 3294 898 3352 incommodum
927 3311 1022 3352 eos
1047 3340 1060 3362 ,
1095 3296 1183 3366 qui
1215 3299 1487 3367 perferunt
1515 3297 1737 3352 insidias
1760 3341 1775 3364 ,
1810 3299 1878 3352 ab

265 3386 668 3443 insidiatoribus
693 3388 960 3457 accipere,
984 3404 1170 3443 verum
1193 3389 1351 3443 etiam
1383 3388 1432 3442 id
1455 3404 1616 3445 omne
1639 3390 1691 3443 in
1718 3402 1878 3461 Caput

266 3479 631 3536 insidiantium
662 3481 943 3534 converti?
967 3480 1231 3548 Quoniam
1262 3482 1404 3536 enim
1435 3497 1532 3537 nec
1562 3483 1615 3536 in
1644 3482 1873 3550 divitiis,

266 3587 442 3642 neque
471 3572 523 3625 in
555 3572 802 3628 libertate
823 3616 836 3636 ,
869 3588 1039 3641 neque
1067 3574 1121 3626 in
1154 3572 1444 3628 habitanda
1478 3575 1673 3643 patria,
1699 3591 1876 3645 neque

263 3663 316 3718 in
347 3665 557 3718 caeteris
579 3707 592 3730 ,
620 3680 738 3735 qua:
765 3664 874 3718 dixi
899 3705 912 3729 ,
945 3663 1177 3719 hominis
1205 3665 1304 3719 sita
1337 3674 1421 3721 est
1449 3667 1624 3731 virtus
1643 3708 1657 3733 ,
1693 3668 1786 3722 sed
1821 3670 1873 3723 in

261 3756 457 3810 anima:
499 3764 644 3810 recte
685 3755 835 3809 factis
864 3773 875 3808 :
905 3756 1097 3810 merito
1122 3797 1135 3821 ,
1169 3771 1291 3810 cum
1325 3756 1515 3812 horum
1547 3757 1602 3812 fit
1629 3759 1833 3827 jactura
1857 3802 1871 3825 ,

263 3846 396 3901 nihil
436 3847 743 3902 detrimenti
771 3848 964 3916 accipit
993 3847 1163 3901 virtus
1196 3846 1450 3905 hominis.
1494 3849 1634 3916 Quid
1665 3852 1826 3921 igitur
1856 3894 1869 3914 ,

263 3939 305 3991 si
354 3938 526 4007 ipsius
565 3938 759 3992 anima:
809 3939 1162 4009 phil050pltize
1199 3941 1465 4011 jacturam
1502 3944 1620 4012 quis
1668 3943 1874 3998 faciat?

263 4030 445 4102 Neque
472 4031 591 4099 hic,
623 4033 666 4085 si
694 4033 936 4097 heditur,
970 4033 1038 4088 ab
1066 4035 1172 4089 alio
1204 4036 1447 4103 laeditur,
1484 4039 1579 4092 sed
1607 4053 1638 4093 a
1668 4039 1867 4110 seipse.

263 4123 569 4190 Quomodo,
602 4124 830 4193 inquies,
865 4140 894 4178 a
922 4126 1140 4196 seipso?
1166 4127 1301 4182 Cum
1334 4128 1452 4198 quis
1483 4144 1656 4184 caesus
1682 4145 1710 4183 a
1739 4147 1869 4200 quo-

262 4217 424 4286 piam,
450 4225 544 4270 a'tt
570 4216 910 4271 facultatibus
941 4227 1154 4285 exutus,
1182 4229 1273 4274 aut
1299 4220 1531 4291 aliquam
1563 4222 1722 4276 aliam
1750 4237 1872 4292 gra-

260 4325 379 4364 vem
405 4324 689 4381 perpessus
712 4309 985 4380 injuriam,
1009 4312 1384 4383 blasphemum
1405 4315 1621 4386 aliquod
1647 4316 1868 4371 verbum

261 4401 520 4473 protulit,
553 4401 640 4456 hic
678 4403 902 4456 allectus
942 4413 1025 4459 est
1071 4405 1159 4460 ille
1190 4406 1405 4476 quidem
1434 4407 1631 4462 damno
1655 4451 1669 4475 ,
1699 4424 1872 4478 eoque

261 4495 516 4562 maximo,
549 4510 656 4549 non
687 4504 865 4550 tamen
889 4495 958 4549 ab
988 4497 1202 4565 injurio,
1232 4498 1326 4553 sed
1359 4515 1387 4552 a
1416 4502 1627 4570 propria
1657 4502 1870 4570 pusilla-

261 4586 524 4640 nimitate.
553 4585 704 4653 Quod
727 4587 870 4642 enim
901 4597 1025 4643 ante
1052 4588 1182 4654 dixi,
1207 4589 1502 4646 etiamnum
1528 4593 1725 4660 dicam,
1752 4595 1870 4648 unl-

258 4677 368 4734 Ium
399 4677 672 4734 hominem
693 4722 708 4745 ,
739 4679 884 4734 mille
918 4680 1044 4736 licet
1075 4684 1300 4737 nocendi
1331 4685 1537 4740 artibus
1567 4687 1829 4742 imbutum
1853 4732 1868 4756 ,

259 4772 456 4827 infesto
484 4772 575 4826 illo
604 4772 849 4828 danntone
874 4783 928 4829 et
959 4775 1281 4845 implacabili
1313 4788 1496 4832 nostro
1527 4778 1680 4834 hoste
1707 4824 1720 4847 ,
1751 4783 1869 4835 dia-

257 4866 382 4919 bolo
405 4907 418 4931 ,
446 4864 598 4936 pejus
632 4866 830 4937 aliquid
858 4869 1087 4937 cuipiam
1117 4868 1357 4940 infligere
1380 4888 1538 4941 posse
1559 4916 1573 4941 ,
1603 4886 1691 4927 aut
1713 4890 1866 4928 acer-

258 4955 377 5010 bius
407 4975 418 5009 :
445 4967 499 5010 at
536 4958 695 5012 istum
727 4973 928 5014 smvum
956 4961 1259 5018 daemonem
1293 4973 1471 5020 tamen
1501 4983 1606 5021 non
1637 4969 1869 5024 valuisse

257 5063 381 5102 eum
415 5048 505 5118 qui
536 5060 660 5104 ante
690 5051 885 5121 legem,
912 5061 1036 5108 ante
1060 5056 1284 5124 gratiam
1310 5059 1459 5122 vixit,
1493 5067 1572 5113 tot
1601 5058 1651 5113 in
1686 5061 1866 5128 illum,

258 5151 477 5210 tamque
492 5142 740 5211 gravibus
758 5143 1014 5200 immissis
1033 5147 1267 5219 undique
1283 5149 1500 5220 jaculis,
1522 5152 1870 5222 supplantare

257 5242 311 5287 et
340 5233 595 5303 dejicere.
641 5235 684 5290 Τ
688 5246 809 5290 anta
842 5246 923 5292 cst
952 5239 1145 5294 animae
1183 5243 1539 5312 generositas.
1573 5244 1710 5312 Quid
1742 5261 1869 5301 vero

258 5323 497 5380 Paulus?
524 5328 717 5382 Annon
757 5329 973 5397 pertulit
1008 5342 1085 5387 tot
1125 5335 1263 5388 mala
1292 5377 1306 5402 ,
1338 5351 1455 5405 qua:
1487 5352 1554 5392 ne
1583 5354 1868 5395 recensere

256 5420 472 5488 quidem
501 5420 654 5476 facile
683 5424 804 5478 eSt?
834 5425 1092 5483 Carceres
1119 5429 1445 5496 inhabitans,
1482 5432 1692 5487 vinctus
1724 5447 1868 5489 cate-

259 5511 340 5566 nis
361 5553 376 5579 ,
409 5523 562 5566 actus
598 5523 652 5568 et
687 5515 1044 5578 circumactus
1067 5562 1081 5586 ,
1112 5519 1333 5590 ﬂagellis
1367 5537 1539 5577 ca'sus
1570 5541 1598 5578 a
1630 5525 1828 5580 JUdLClS
1849 5569 1863 5592 ,

257 5603 542 5673 lapidatus,
567 5623 673 5662 non
702 5610 831 5663 loris
856 5620 1056 5666 tantum
1081 5655 1094 5677 ,
1124 5614 1216 5668 sed
1240 5616 1400 5669 etiam
1425 5618 1586 5687 virgis
1611 5619 1865 5675 humeros

259 5695 525 5753 laceratus
551 5742 565 5764 ,
600 5700 650 5754 in
686 5719 831 5756 mare
861 5703 1138 5760 demersus
1159 5748 1173 5772 ,
1207 5724 1350 5776 saepe
1383 5710 1433 5764 iu
1467 5710 1705 5768 latrones
1735 5717 1866 5770 in‘ei~

255 5791 410 5859 deus,
431 5794 740 5850 intestinum
769 5796 964 5853 bellum
996 5799 1188 5864 ferens,
1217 5801 1282 5857 ab
1308 5803 1554 5871 inimicis,
1587 5808 1652 5860 ab
1677 5809 1862 5864 amicis

1236 321 1424 392 QUOD
1461 319 1651 380 ΝΕΜο
1694 314 2017 374 ιιΕῡιΤυῐῖ
2058 314 2188 371 NlSl
2232 315 2272 369 A
2316 313 2578 373 SElPSO.

3531 314 3634 372 ιῦϐ

2016 431 2250 505 jactatus
2276 435 2635 502 continente",
2670 437 2891 492 inﬁnitis
2925 437 3135 493 insidiis
3160 436 3480 507 exagitatus,
3509 451 3632 488 cum

2016 527 2156 581 fame
2201 541 2264 581 ac
2307 526 2551 582 nuditate
2594 528 2825 584 luemus
2846 571 2858 594 ,
2889 530 3022 586 alios
3053 529 3275 584 crebros
3305 539 3360 584 et
3387 527 3634 583 assiduos

2013 633 2172 673 casus
2197 627 2251 674 et
2279 618 2603 675 aiﬂictioues
2628 635 2918 691 perpessus
2943 639 2956 675 :
2983 619 3110 691 quid
3138 634 3276 690 opus
3302 627 3384 677 est
3408 617 3634 672 multis?

2012 711 2250 780 quotidie
2275 710 2541 776 moriens;
2575 711 2668 767 sed
2695 721 2871 766 tamen
2899 719 2977 766 tot
3001 720 3255 780 tantaque
3279 723 3489 778 passus,
3518 723 3625 761 non

2013 802 2174 856 modo
2205 802 2410 857 nullum
2430 803 2652 857 verbum
2674 803 2996 862 maledicum
3018 802 3218 866 edidit,
3243 800 3339 856 sed
3361 799 3631 871 gaudebat

2013 894 2095 948 his
2120 893 2282 949 rebus
2307 903 2358 948 et
2389 892 2749 965 gloriabatur;
2776 904 2939 965 atque
2967 895 3120 958 alias,
3151 892 3385 958 Gaudeo,
3417 891 3590 962 inquit
3610 930 3626 954 ,

2008 988 2060 1040 in
2084 987 2404 1057 passionibus
2422 987 2546 1040 meis
2564 987 2699 1056 (Col.
2721 988 2774 1043 l.
2794 986 2888 1059 24)
2905 1003 2920 1052 ;
2936 986 3068 1041 alias
3085 1005 3097 1038 :
3117 984 3239 1040 Non
3257 984 3424 1039 solum
3435 992 3628 1047 autem,

2007 1079 2096 1132 sed
2115 1089 2162 1132 et
2184 1078 2468 1150 gloriantur
2485 1079 2540 1133 in
2573 1079 2980 1134 tribulationibus
3003 1079 3179 1148 (Rom.
3204 1077 3259 1133 5.
3284 1076 3364 1147 ὅ).
3390 1075 3444 1132 Si
3469 1075 3629 1145 igitur

2010 1174 2125 1244 ipse
2149 1183 2294 1228 tanta
2329 1173 2605 1243 perferens
2630 1173 2897 1244 gaudebat
2921 1180 2978 1228 et
3001 1171 3354 1242 gloriabatur,
3382 1184 3503 1240 qua:
3534 1181 3625 1222 ve-

2007 1268 2094 1320 nia
2122 1266 2360 1332 dabitur,
2390 1282 2511 1336 qua:
2541 1267 2818 1322 excusatio
2843 1266 2975 1332 tibi,
3003 1265 3094 1335 qui
3128 1280 3229 1321 nec
3259 1264 3535 1320 minimam
3564 1261 3628 1316 ll—

2007 1360 2180 1415 lorum
2219 1370 2428 1430 partem
2461 1360 2720 1425 sustines,
2752 1369 2808 1416 et
2838 1368 3015 1414 tamen
3044 1356 3360 1414 maledicis?

2076 1453 2131 1508 6.
2175 1450 2318 1506 Num
2344 1452 2638 1524 aﬂlictiOnes
2664 1462 2826 1506 vetent
2853 1450 3225 1522 eieeinosynam
3257 1445 3525 1518 impertiri.
3551 1472 3625 1486 --

2003 1543 2108 1600 Sed
2131 1543 2290 1598 variis
2319 1543 2529 1612 injuriis
2557 1542 2783 1607 afﬁcior,
2809 1541 3039 1611 inquies,
3059 1555 3122 1594 ac
3149 1539 3249 1594 nisi
3281 1538 3626 1603 maledicam,

2003 1636 2225 1705 direptis
2258 1637 2415 1690 bonis
2445 1635 2512 1690 ad
2545 1636 2738 1704 stipem
2770 1633 3097 1705 erogandam
3126 1633 3258 1690 nihil
3288 1631 3418 1688 mihi
3451 1632 3508 1686 fit
3535 1649 3621 1687 re-

2002 1729 2226 1799 liquum.
2252 1727 2363 1782 lloc
2385 1726 2516 1782 nihil
2538 1736 2622 1781 est
2641 1725 2807 1794 aliud,
2832 1741 2990 1797 quam
3018 1734 3310 1795 prtetextus
3331 1739 3396 1780 ac
3412 1724 3625 1794 species

2001 1821 2268 1892 quaedam.
2299 1819 2356 1876 Si
2383 1820 2526 1875 enim
2555 1819 2658 1875 hoc
2683 1819 2775 1875 tibi
2801 1819 2970 1886 dolet,
2994 1827 3146 1874 certo
3172 1818 3312 1874 scias
3336 1823 3619 1887 pauperta-

2002 1921 2108 1968 tem
2138 1910 2426 1983 erogandze
2455 1911 2578 1982 stipi
2611 1927 2718 1966 non
2747 1910 3135 1981 impedimento
3159 1923 3300 1965 esse.
3329 1908 3445 1964 Etsi
3471 1906 3618 1963 enim

2001 2021 2161 2077 quam
2194 2005 2569 2075 pauperrimus
2598 2005 2696 2072 sis,
2728 2019 2836 2059 non
2862 2003 3152 2074 pauperior
3182 2017 3240 2058 es
3272 2009 3451 2056 tamen
3486 1999 3573 2055 illa
3602 2042 3617 2064 ,

1999 2113 2118 2167 quae
2142 2097 2325 2151 farina:
2352 2106 2556 2152 tantum
2583 2097 2838 2167 pugillqu
2864 2095 3098 2151 habebat
3129 2094 3204 2166 (5.
3228 2093 3357 2165 Reg.
3386 2095 3472 2149 l7.
3502 2091 3617 2164 12),

1998 2202 2054 2246 et
2097 2191 2183 2245 illa
2207 2232 2222 2256 ,
2256 2205 2376 2260 qua}
2419 2189 2556 2245 duos
2601 2199 2806 2244 tantum
2851 2188 3042 2244 obolos
3068 2228 3085 2254 ,
3115 2200 3347 2256 quarum
3387 2195 3618 2255 utraque

1997 2282 2145 2335 omni
2175 2296 2234 2336 re
2261 2280 2510 2336 familiari
2543 2280 2598 2334 in
2625 2289 2845 2351 egentes
2873 2279 3066 2334 collata
3090 2321 3103 2346 ,
3132 2293 3380 2348 magnam
3408 2278 3487 2332 sui
3520 2275 3619 2332 ad-

1996 2374 2336 2430 mirationem
2367 2374 2586 2446 reliquit
2610 2374 2762 2446 (Luc.
2788 2367 2878 2428 2i.
2905 2371 2965 2443 ‘2)
2993 2391 3006 2427 :
3031 2387 3130 2427 nec
3157 2379 3304 2426 tanta
3328 2380 3617 2441 paupertas

1995 2477 2162 2522 tantze
2194 2466 2498 2522 liberalitati
2531 2465 2921 2536 impedimento
2947 2464 3043 2519 fuit
3070 2505 3087 2532 ,
3116 2462 3211 2518 sed
3243 2463 3473 2518 duorum
3517 2461 3617 2517 mi-

1994 2570 2245 2615 nutorum
2279 2559 2414 2628 stips
2442 2556 2581 2614 adeo
2609 2558 2756 2628 larga
2801 2567 2857 2612 et
2896 2556 3130 2627 gloriosa
3172 2554 3271 2610 fuit
3294 2597 3309 2620 .
3340 2565 3396 2610 ut
3427 2569 3616 2608 omnes

1991 2653 2188 2708 divites
2214 2652 2530 2707 obscuraret
2554 2691 2569 2717 ,
2597 2666 2797 2720 eosque
2824 2651 2915 2716 qui
2943 2649 3144 2704 multos
3172 2657 3402 2704 staterae
3427 2646 3614 2716 conje-

1991 2752 2196 2809 ceraut,
2220 2744 2419 2799 divitiis
2441 2744 2638 2798 mentis
2660 2784 2675 2807 ,
2699 2755 2752 2798 et
2773 2742 3066 2797 alacritatis
3087 2742 3280 2812 opibus
3303 2749 3606 2811 superaret.

1989 2837 2168 2906 Quare
2198 2851 2373 2908 neque
2402 2836 2488 2892 hic
2517 2835 2773 2891 damnum
2807 2850 2995 2905 passus
3025 2850 3106 2901 es,
3139 2835 3234 2890 sed
3266 2835 3474 2888 lucrum
3508 2831 3607 2885 ha-

1988 2928 2152 2984 buisti
2182 2928 2378 2998 potius,
2412 2927 2604 2997 exigua
2634 2928 2894 2997 pensione
2922 2926 3247 2996 insigniores
3273 2966 3287 2990 ,
3322 2939 3484 2996 quam
3517 2922 3608 2991 qui

1990 3021 2156 3076 multa
2183 3020 2548 3086 contulerunt,
2572 3035 2800 3075 coronas
2823 3019 3069 3089 adeptus.
3102 3016 3303 3072 Verum
3329 3015 3608 3088 quoniam,

1990 3114 2117 3169 licet
2158 3115 2273 3168 haec
2316 3112 2623 3168 sexcenties
2660 3111 2906 3168 dicamus
2929 3152 2943 3176 ,
2973 3112 3170 3166 anima:
3209 3122 3407 3179 corpus
3451 3106 3614 3162 nimis

1988 3221 2255 3274 amantes,
2281 3205 2629 3262 szecularibus
2650 3205 2879 3274 negotiis
2906 3205 3134 3260 libenter
3159 3202 3452 3275 implicitae,
3476 3216 3614 3272 pra:-

1989 3301 2225 3356 sentium
2255 3315 2438 3355 rerum
2469 3298 2742 3368 voluptate
2770 3309 2943 3367 capue
2967 3339 2981 3362 ,
3014 3311 3123 3352 non
3166 3295 3320 3350 facile
3359 3301 3615 3363 poterunt

1988 3401 2391 3447 marcescentes
2418 3389 2582 3446 ﬂores
2609 3390 2916 3459 relinquere
2945 3388 3096 3461 (talia
3123 3387 3266 3443 enim
3293 3395 3418 3442 sunt
3449 3383 3614 3454 hujus

1985 3484 2110 3538 vita:
2139 3482 2366 3554 gaudia)
2397 3523 2410 3548 ,
2441 3497 2617 3553 neque
2646 3481 2868 3537 umbras
2895 3481 3090 3538 missas
3131 3478 3312 3536 facere
3342 3496 3354 3533 :
3386 3477 3481 3534 sed
3513 3477 3606 3533 ho—

1986 3575 2282 3632 nestissimi
2300 3575 2498 3646 quique
2518 3584 2624 3629 tam
2644 3574 2730 3629 illa
2749 3591 2907 3644 quam
2927 3575 3029 3630 ista
3047 3572 3321 3629 mordicus
3337 3571 3604 3640 retinent;

1985 3668 2296 3723 miseriores
2314 3682 2444 3722 vero
2465 3677 2519 3722 et
2540 3665 2869 3724 infeliciores
2890 3667 2980 3722 illa
3001 3667 3217 3737 quidem
3242 3665 3455 3737 majori,
3483 3665 3601 3722 hac

1984 3775 2115 3814 vero
2144 3760 2305 3829 longe
2331 3758 2530 3815 minori
2558 3774 2625 3814 ex
2649 3768 2803 3829 parte
2835 3777 2847 3813 :
2879 3773 2976 3830 age
3001 3773 3128 3813 vero
3158 3758 3422 3828 speciosis
3445 3755 3608 3812 larvis

1983 3866 2011 3904 a
2043 3851 2182 3920 turpi
2207 3867 2271 3905 ac
2300 3849 2531 3906 deformi
2568 3851 2758 3905 harum
2785 3867 2966 3906 rerum
2999 3849 3136 3910 facie
3164 3849 3424 3905 detractis
3445 3891 3460 3915 ,
3491 3865 3609 3906 me-

1984 3945 2196 3999 retricis
2241 3944 2483 3999 mulieris
2525 3943 2822 3999 foeditatem
2864 3943 3236 4001 ostendamus.
3284 3944 3432 4000 Talis
3451 3941 3602 3995 enim

1981 4046 2064 4092 est
2103 4037 2210 4090 vita
2250 4037 2316 4091 ad
2359 4037 2692 4106 voluptates,
2726 4035 2976 4101 divizias,
3002 4046 3058 4092 et
3099 4036 3394 4107 potentiam
3433 4044 3609 4103 atteri,-

1984 4139 2070 4194 ta;
2103 4131 2292 4200 turpis,
2323 4129 2602 4195 deformis,
2632 4130 2799 4184 multa
2827 4128 3066 4185 foeditate
3094 4128 3315 4196 referta,
3345 4129 3600 4196 molesta,

1981 4206 2159 4294 gravis
2186 4264 2200 4289 ,
2230 4222 2591 4280 amaritudine
2626 4222 2806 4291 plena.
2852 4221 2966 4276 Hoc
2993 4221 3140 4277 enim
3181 4231 3266 4276 est
3288 4264 3302 4290 ,
3336 4221 3479 4292 quod
3507 4221 3608 4278 hao

1980 4317 2088 4369 vita
2111 4315 2284 4385 captis
2305 4328 2521 4369 omnem
2549 4312 2739 4368 adimit
2761 4313 2998 4381 veniam,
3025 4313 3167 4383 quod
3190 4329 3252 4369 ea
3277 4325 3330 4369 et
3356 4314 3605 4370 molestia

1971 4419 2036 4464 tet
2061 4424 2252 4479 magna
2276 4408 2631 4463 amaritudine
2664 4409 2858 4463 referta
2879 4451 2893 4470 ,
2923 4407 3268 4463 desideratur
3297 4409 3365 4464 ab
3395 4408 3475 4462 eis
3499 4451 3513 4472 ,
3547 4417 3603 4463 et

1982 4516 2312 4571 magnopere
2342 4501 2634 4572 expetitur,
2667 4500 2889 4554 infinitis
2921 4501 3075 4555 malis
3108 4501 3285 4569 plena,
3316 4501 3604 4571 periculis,

1981 4596 2264 4666 sanguine,
2298 4593 2608 4666 przecipitiis
2630 4636 2644 4657 ,
2674 4593 2944 4664 scopulis,
2975 4593 3212 4648 ca-dibus
3234 4636 3250 4660 ,
3280 4593 3568 4648 timoribus
3589 4635 3602 4654 .

1980 4685 2300 4754 terroribus,
2335 4686 2563 4752 invidia,
2597 4686 2790 4753 livore,
2827 4685 3035 4742 insidiis
3059 4726 3073 4752 ,
3107 4696 3363 4756 perpetua
3393 4700 3520 4741 cura
3553 4696 3606 4741 et

1980 4781 2346 4836 sollicitudine
2367 4823 2380 4844 ,
2409 4796 2636 4851 quaeque
2665 4780 2873 4834 nullum
2907 4779 3146 4844 lucrum,
3181 4777 3387 4832 nullum
3423 4785 3604 4832 tauto-

1980 4891 2098 4929 rum
2133 4874 2378 4929 laborum
2406 4875 2635 4929 fructum
2665 4873 2878 4938 afferat,
2911 4873 3011 4926 nisi
3044 4888 3285 4942 pmuam,
3310 4887 3372 4927 ac
3398 4873 3606 4942 suppli-

1979 4968 2122 5021 cium
2151 5009 2165 5032 ,
2196 4977 2252 5022 et
2292 4977 2526 5022 :eternos
2558 4967 2848 5022 cruciatus.
2885 4966 2963 5019 Ac
3005 4965 3133 5019 licet
3160 4964 3427 5034 ejusmodi
3455 4965 3524 5020 sit
3548 4967 3563 4999 ³
3590 5008 3606 5033 ,

1980 5059 2164 5114 multis
2210 5067 2387 5113 tamen
2421 5058 2577 5112 beata
2620 5057 2836 5112 videtur
2862 5099 2875 5121 ,
2905 5066 2960 5112 et
2995 5057 3228 5113 maxime
3257 5057 3557 5127 appetenda
3585 5097 3601 5122 ,

1977 5167 2098 5221 qua:
2129 5161 2310 5205 mente
2335 5159 2612 5220 captorum
2631 5151 2814 5220 opinio
2832 5159 2937 5218 est,
2968 5164 3075 5204 non
3100 5164 3225 5210 vera
3251 5149 3327 5205 rei
3353 5149 3600 5205 felicitas.

1978 5243 2111 5298 Nam
2140 5253 2194 5298 et
2219 5243 2426 5314 pueruli
2456 5243 2618 5299 dediti
2648 5243 2948 5314 intentique
2969 5253 3097 5298 sunt
3119 5243 3360 5309 ludicris,
3389 5243 3601 5314 negetia

1978 5352 2107 5390 vero
2134 5336 2332 5391 adultis
2353 5337 2483 5390 viris
2511 5336 2669 5408 digna
2699 5352 2766 5393 ne
2795 5336 3075 5407 percipere
3101 5336 3318 5408 quidem
3347 5344 3598 5406 possunt.

1982 5428 2178 5483 Verum
2212 5430 2293 5482 his
2321 5429 2535 5500 quidem
2565 5429 2634 5484 ob
2663 5430 3006 5484 immaturam
3036 5438 3249 5484 aetatem
3281 5429 3434 5483 venia
3468 5444 3597 5485 con-

1977 5521 2212 5576 cedenda
2240 5531 2356 5584 est;
2389 5522 2462 5576 illi
2488 5537 2615 5576 vero
2641 5521 2787 5576 omni
2817 5523 3166 5578 excusatione
3193 5532 3400 5588 carent,
3432 5523 3483 5575 in
3516 5521 3595 5576 in-

1978 5622 2124 5684 tegra
2166 5622 2323 5667 artato
2355 5615 2616 5684 puerilem
2661 5616 2900 5670 animum
2932 5627 3188 5686 gerentes
3213 5656 3227 5680 ,
3258 5615 3469 5685 illisque
3497 5615 3593 5669 de-

1976 5716 2289 5762 mettttores.

2048 5825 2061 5857 ι
2103 5831 2230 5884 llzcc,
2259 5839 2315 5874 uc
2341 5824 2447 5877 lu'rt
2473 5823 2712 5888 ejusmodi
2736 5826 2815 5889 sit,
2840 5827 2890 5877 in
2919 5827 3075 5878 tribus
3098 5833 3205 5877 Mss.
3237 5826 3432 5875 desunt.
