4046 6482
502 316 597 368 ιω

566 425 642 477 De
668 424 941 493 cupiditate
965 424 1272 487 divitiarum,
1295 432 1341 476 et
1364 438 1455 475 cur
1473 435 1544 474 ea:
1557 419 1656 472 sint
1674 418 1980 487 expetenda.
2000 446 2069 457 —

496 516 587 569 Dic
611 516 753 570 enim
783 515 931 579 mihi,
962 515 1309 583 quamobrem
1338 510 1653 581 expetenda:
1682 520 1803 563 sunt
1831 508 2065 561 divitiae?

493 606 623 661 Nam
655 607 778 663 hinc
798 606 1180 662 cxordiendum
1208 614 1291 660 est
1309 646 1323 671 ,
1351 605 1598 675 quoniam
1628 602 1853 657 sanitate
1874 640 1890 663 ,
1923 600 2026 652 vita
2050 639 2068 665 ,

493 697 671 765 populi
698 696 1171 759 commendatione,
1198 711 1259 749 ac
1282 698 1416 751 bona
1442 692 1853 753 existimatione,
1879 688 2067 757 patria,

493 787 858 851 familiaribus,
883 787 1088 852 amicis,
1112 788 1371 856 cognatis,
1393 782 1806 869 pra:$t:>hiliores
1829 779 2071 834 videntur

492 876 758 946 plerisque
786 892 971 932 eorum
994 919 1010 944 ,
1042 880 1130 947 qui
1158 878 1305 949 gravi
1337 877 1437 930 hoc
1463 877 1647 929 morbo
1670 874 1896 940 correpti
1923 880 2067 926 sunt.

492 967 571 1021 Ad
596 968 738 1037 ipsas
760 967 954 1025 deinde
978 970 1144 1025 nubes
1163 968 1402 1024 ascendit
1427 967 1539 1021 haec
1566 982 1692 1037 pyra
1715 983 1728 1030 ;
1763 974 2069 1035 terramque

487 1068 534 1113 et
562 1074 711 1116 mare
727 1062 966 1115 caminus
988 1061 1088 1116 iste
1108 1060 1406 1130 occupavit.
1438 1060 1502 1112 Et
1521 1059 1732 1128 quidem
1755 1057 1843 1127 qui
1867 1058 2068 1111 exstin-

487 1161 613 1219 guat
651 1149 914 1204 ﬂammam
941 1193 956 1217 ,
987 1159 1071 1206 est
1095 1165 1284 1213 nemo;
1314 1150 1401 1219 qui
1431 1164 1557 1203 vero
1582 1148 1911 1212 accendant,
1945 1156 2071 1202 sunt

487 1254 675 1294 omnes
695 1278 711 1302 ,
746 1249 850 1293 tam
883 1241 981 1309 ipsi
1010 1240 1111 1309 iam
1139 1240 1317 1309 capti,
1348 1254 1506 1308 quam
1538 1238 1769 1293 nondum
1796 1238 1933 1307 capti
1962 1279 1977 1303 ,
2011 1248 2070 1293 ut

488 1332 784 1398 capiantur.
835 1332 1085 1402 Singulos
1128 1330 1306 1387 videre
1336 1332 1459 1386 licet
1487 1372 1501 1392 ,
1529 1331 1673 1385 viros
1710 1346 1773 1385 ac
1804 1330 2024 1387 feminas
2049 1369 2065 1394 ,

488 1436 675 1477 servos
694 1438 757 1479 ac
776 1422 994 1489 liberos,
1012 1422 1201 1478 divites
1222 1431 1275 1479 et
1294 1436 1554 1491 pauperes
1573 1435 1669 1490 pro
1690 1421 1886 1475 viribus
1906 1435 2069 1475 onera

489 1520 703 1580 portare
722 1553 736 1576 ,
768 1528 887 1581 qua:
914 1511 1143 1566 ﬂamma:
1174 1510 1295 1565 huic
1320 1510 1408 1566 die
1438 1520 1697 1580 nocteque
1725 1511 1947 1564 multum
1973 1525 2067 1579 pa-

490 1602 667 1656 bulum
699 1604 971 1672 praebent;
998 1618 1162 1658 onera
1188 1618 1293 1657 non
1319 1602 1605 1673 liguortnn,
1628 1615 1799 1671 neque
1819 1601 2071 1671 virgulto-

490 1708 609 1746 rum
643 1694 769 1764 (non
798 1694 940 1749 enim
968 1693 1180 1748 ﬂamma
1205 1702 1288 1749 est
1316 1692 1624 1764 ejusmodi),
1654 1690 1748 1747 sed
1773 1693 2069 1749 animarum

488 1793 542 1837 et
562 1799 862 1854 corporum,
888 1786 1157 1854 injustitite
1179 1795 1235 1841 et
1258 1785 1564 1857 iniquitatis.
1598 1784 1722 1841 Haec
1746 1785 1888 1841 enim
1910 1785 2067 1841 ﬂam-

489 1889 573 1927 ma
605 1883 790 1928 natura
822 1876 890 1929 ita
920 1884 1223 1944 comparata
1253 1886 1356 1943 est,
1390 1887 1443 1930 ut
1474 1877 1589 1932 istis
1616 1876 1778 1933 rebus
1805 1878 2069 1934 accenda-

492 1974 593 2019 tur.
640 1964 769 2020 Nam
799 1976 852 2022 et
876 1966 1068 2022 divites
1093 1967 1337 2023 absurda:
1366 1966 1489 2023 huic
1512 1967 1783 2038 cupiditati
1810 1984 2070 2040 nusquam

490 2056 774 2111 terminum
804 2058 1170 2124 constituunt,
1209 2073 1528 2129 quamquam
1564 2075 1777 2115 omnem
1809 2071 2071 2118 terrarum

490 2148 675 2203 orbem
713 2154 1177 2221 comparaveriut;
1208 2163 1263 2208 et
1290 2168 1551 2223 pauperes
1578 2156 1926 2211 connituntur
1954 2157 2074 2213 illos

491 2242 782 2308 praevenire
809 2257 905 2297 :ac
929 2242 1105 2297 rabies
1125 2245 1366 2314 quaedam
1395 2246 1716 2312 incurabilis,
1750 2248 1897 2302 furor
1916 2248 2074 2306 effre-

491 2340 679 2398 natus,
714 2332 930 2388 morbus
974 2334 1283 2390 insanabilis
1329 2338 1566 2391 omnium
1612 2339 1819 2395 animos
1847 2340 2069 2397 obtinet.

494 2420 589 2474 llic
612 2437 762 2476 amor
783 2437 994 2479 omnem
1023 2440 1262 2482 amorem
1291 2426 1559 2483 devictum
1584 2438 1638 2484 et
1666 2432 1932 2500 repulsum
1963 2433 2074 2503 eje-

493 2512 564 2565 cit
601 2526 665 2565 ex
707 2513 902 2567 animo.
940 2514 1121 2585 Neque
1163 2517 1409 2573 amicitia:
1438 2520 1574 2572 ratio
1608 2518 1832 2575 habetur
1856 2561 1872 2586 ,
1905 2538 2077 2592 neque

490 2602 819 2671 cognationis
855 2606 869 2635 ¹
903 2620 919 2671 ;
963 2606 1090 2675 quid
1128 2606 1248 2662 dico
1270 2648 1286 2674 ,
1329 2608 1577 2664 amicitiai
1613 2622 1668 2665 et
1705 2611 2079 2681 cognationis?

492 2709 597 2747 non
640 2697 820 2749 uxoris
847 2705 901 2751 et
928 2697 1152 2754 liberum
1176 2742 1191 2766 ,
1220 2715 1327 2770 quo
1351 2702 1477 2769 quid
1506 2702 1633 2758 viris
1660 2718 1781 2759 esse
1808 2715 1967 2775 queat
1989 2722 2079 2762 ca-

494 2786 641 2841 rius?
670 2788 764 2842 sed
794 2790 967 2844 omnia
995 2792 1139 2846 humi
1169 2791 1373 2863 abjecta
1403 2802 1456 2849 et
1480 2795 1790 2850 conculcata
1821 2807 1966 2865 sunt,
1990 2798 2080 2854 ubi

493 2877 725 2934 crudelis
767 2879 951 2936 isthtec
978 2891 1033 2937 et
1074 2881 1360 2937 inhumana
1392 2892 1669 2955 captorum
1716 2886 1931 2942 domina
1961 2902 2079 2942 om-

493 2970 637 3023 nium
667 2970 874 3025 animos
900 2974 1197 3043 occupavit.
1244 2974 1452 3029 Etenim
1480 2983 1747 3046 tamquam
1790 2977 2078 3034 inhumana

491 3074 677 3115 eorum
718 3061 930 3117 domina
956 3104 971 3129 ,
1003 3073 1271 3134 tamquam
1306 3082 1482 3122 saevus
1518 3076 1774 3138 tyrannus
1796 3108 1813 3136 ,
1854 3068 2079 3125 barbara

491 3151 735 3221 quaedam
758 3153 1029 3222 immanis,
1057 3166 1324 3228 tamquam
1353 3160 1602 3215 meretrix
1630 3160 1836 3231 publica
1857 3171 1912 3217 et
1936 3177 2083 3217 sum-

495 3254 681 3311 ptuosa
698 3243 1004 3314 dedecorat,
1022 3249 1258 3314 conﬂcit,
1278 3258 1331 3305 et
1350 3254 1616 3306 sexcentis
1632 3252 1813 3323 objicit
1834 3254 2081 3323 periculis

495 3349 559 3389 ac
587 3335 757 3404 pmnis
786 3351 901 3424 eos,
931 3340 1018 3409 qui
1050 3340 1121 3396 illi
1149 3342 1351 3397 servire
1376 3343 1427 3397 in
1455 3344 1690 3398 animum
1719 3347 2079 3414 induxerunt;

494 3442 723 3497 cumque
752 3430 821 3483 sit
849 3430 1101 3489 terribilis
1125 3474 1139 3497 ,
1171 3435 1360 3490 acerba
1381 3477 1397 3503 ,
1426 3437 1659 3493 crudelis
1682 3480 1695 3505 ,
1724 3454 1863 3494 sicva
1886 3483 1901 3506 ,
1934 3442 2080 3496 vultu

496 3517 771 3574 barbarico
794 3562 809 3588 ,
837 3524 963 3592 qttin
1001 3524 1176 3593 potius
1213 3524 1386 3581 ferino
1409 3568 1424 3593 ,
1450 3536 1507 3583 et
1530 3544 1688 3598 quatn
1722 3530 1875 3601 lupus
1906 3547 1966 3586 ac
1997 3533 2081 3588 leo

496 3614 764 3681 truciore;
814 3625 1087 3672 mansueta
1133 3627 1311 3673 tamen
1354 3628 1409 3674 et
1447 3621 1781 3690 expetenda,
1825 3632 1880 3678 et
1918 3625 2082 3680 melle

495 3705 700 3761 dulcior
727 3722 847 3763 esse
876 3708 1085 3763 videtur
1109 3710 1332 3779 captivis
1362 3712 1497 3781 ejus.
1527 3712 1661 3767 Cum
1691 3715 1851 3769 etiam
1875 3716 2081 3785 gladios

494 3804 548 3849 et
587 3811 734 3850 arma
763 3799 998 3867 quotidie
1022 3811 1207 3857 contra
1237 3816 1331 3857 eos
1360 3803 1518 3858 cudat
1542 3845 1557 3870 ,
1586 3819 1649 3859 ac
1676 3805 1928 3860 barathra
1952 3808 2085 3863 eﬂ‘o-

494 3887 607 3943 diat
625 3930 640 3954 ,
664 3890 727 3943 ad
756 3893 1042 3961 praecipitia
1071 3894 1232 3949 ducat
1256 3902 1310 3949 et
1336 3897 1615 3966 scopulos,
1645 3908 1698 3951 et
1725 3898 1929 3953 infinita
1956 3913 2083 3970 snp-

499 3982 637 4052 plicii
677 3986 808 4039 retia
834 3996 999 4051 texat,
1024 3987 1208 4043 beatos
1231 4002 1325 4044 eos
1353 3997 1528 4043 tamen
1555 3998 1811 4059 przestare
1834 4001 2085 4056 censetur

496 4082 608 4131 tum
636 4075 703 4130 ab
722 4076 850 4148 ipsis
877 4080 1064 4149 captis,
1099 4088 1209 4134 tum
1238 4094 1267 4134 a
1297 4080 1630 4151 cupientibus
1658 4080 1795 4150 capi.
1826 4082 1999 4153 Atque
2028 4093 2087 4139 ut

500 4167 551 4221 in
582 4166 761 4223 cloaca
792 4178 845 4223 et
870 4185 1025 4225 cteno
1048 4186 1139 4226 sus
1168 4187 1289 4227 cum
1322 4173 1593 4243 voluptate
1618 4181 1674 4228 et
1697 4171 1903 4229 deliciis
1932 4175 2083 4231 volu-

499 4265 658 4323 tatur,
690 4268 781 4312 aut
807 4268 861 4313 ut
890 4260 1143 4317 scarabtei
1174 4262 1225 4316 in
1248 4270 1485 4318 stercore
1506 4264 1841 4320 continenter
1866 4280 2086 4323 versan—

499 4359 625 4403 tur:
656 4351 727 4405 ita
765 4352 923 4405 etiam
964 4354 1179 4408 avaritia
1221 4355 1359 4425 capti
1406 4356 1519 4409 istis
1560 4357 1919 4414 animantibus
1958 4370 2085 4417 sunt

499 4442 822 4497 miseriores.
856 4444 1065 4499 Etenim
1094 4446 1266 4516 major
1292 4445 1407 4503 haec
1427 4457 1509 4502 est
1535 4447 1766 4515 foeditas,
1792 4460 1845 4504 et
1869 4466 2081 4507 caenum

498 4531 710 4600 gravius
752 4532 945 4587 olens:
976 4550 1098 4588 nam
1141 4535 1265 4589 dum
1308 4537 1358 4588 in
1403 4537 1505 4591 hoc
1543 4538 1733 4592 morbo
1765 4552 2078 4610 versantur,

502 4638 748 4692 magnum
773 4624 893 4680 inde
923 4641 983 4680 se
1009 4628 1289 4696 voluptatis
1318 4626 1546 4684 fructum
1568 4641 1841 4701 reportare
1867 4642 2081 4702 putant:

499 4713 642 4782 quod
666 4730 768 4769 non
799 4716 864 4771 ad
892 4718 969 4771 rei
992 4728 1253 4784 naturam,
1276 4718 1369 4775 sed
1391 4720 1454 4774 ad
1477 4731 1819 4791 aegrotantem
1842 4724 2079 4781 animum

502 4804 837 4861 referendum
869 4817 971 4873 est,
999 4824 1167 4879 eaque
1197 4826 1261 4867 ex
1291 4821 1439 4880 parte
1468 4812 1570 4867 illis
1595 4813 1797 4869 ratione
1818 4814 2088 4873 destitutis

500 4904 622 4949 sunt
667 4897 981 4953 deteriores.
1034 4901 1490 4965 Quemadmodum
1536 4904 1693 4972 igitur
1731 4905 1783 4959 in
1828 4922 1984 4962 caeno
2023 4924 2088 4964 ac

503 4994 738 5040 stercore
763 5029 777 5054 ,
812 5003 918 5041 non
963 5006 1175 5043 caenum
1220 5006 1283 5045 ac
1326 5002 1531 5048 stercus
1560 4995 1613 5049 in
1643 5010 1800 5049 causa
1832 5007 1953 5065 est,
1990 5000 2085 5055 sed

504 5076 725 5132 rationis
750 5082 968 5146 penuria
998 5084 1422 5153 immergenlittm
1451 5100 1566 5142 sese
1594 5089 1945 5148 animantium
1970 5109 1984 5147 :
2008 5094 2088 5151 sic

504 5171 666 5223 etiam
696 5172 761 5227 de
791 5174 1005 5230 homine
1033 5176 1371 5233 ratiocinare.

576 5262 628 5315 7.
656 5264 734 5319 An
781 5271 1072 5336 expetenda
1111 5272 1211 5326 sint
1248 5273 1437 5327 divitia:
1474 5274 1535 5327 ob
1568 5276 1890 5347 uoluptates;
1944 5280 2085 5338 Utrm

502 5360 831 5429 jucundior“
871 5378 1074 5429 mentm,
1117 5363 1329 5419 divitum
1368 5382 1435 5419 an
1462 5383 1759 5435 pauperum.
1804 5401 1871 5409 —
1910 5348 2085 5443 Ecqua

505 5452 707 5507 ratione
735 5453 1065 5510 medebimur
1092 5455 1230 5511 hunc
1295 5458 1346 5511 in
1392 5458 1607 5513 modum
1640 5460 1881 5518 affectis?
1910 5464 1967 5519 Si
1999 5481 2090 5521 vo-

571 5610 585 5637 '
623 5618 669 5657 tn
695 5624 789 5659 uno
813 5620 890 5660 Ms.
920 5614 1364 5677 trustxoqtmtionis;
1389 5615 1433 5662 iu
1460 5618 1677 5677 margine
1703 5618 1888 5668 additur
1914 5621 2086 5672 eadem

504 5681 677 5783 inﬁrmi}
693 5680 871 5784 tmte»;
898 5667 989 5727 tim
1016 5667 1188 5727 habere
1213 5667 1421 5735 solvunt
1445 5667 1570 5727 Inmr'
1586 5667 1947 5735 'ittclnrntl’ih'm
1972 5667 2084 5742 alii;

504 5751 517 5777 ο
532 5760 541 5781 t
568 5750 577 5777 ⁴
679 5748 707 5783 0
724 5750 754 5784 Η
790 5750 843 5784 (ﬂ

503 5748 629 5781 ΠΜΙί
652 5748 843 5785 τοιαῦτα

1236 310 1293 368 S.
1332 307 1608 366 JOANNIS
1642 304 2115 362 CHRYSOSTOM!
2156 302 2471 360 ARClllEP.
2512 301 3049 359 CONSTANTINOI‘.

3198 174 3201 181 .
3226 148 3246 181 Ε

3186 182 3213 223 La

3190 224 3213 255 «ἦε
3222 224 3268 255 ⁵

2181 417 2378 471 hterint
2407 416 2558 471 nobis
2590 416 2887 486 patefacere
2915 428 3093 481 aures,
3126 408 3235 469 ani.
3270 400 3283 415 η

2175 519 2231 564 et
2267 510 2661 579 amplectiquae
2686 509 2957 563 dicuntur.
3015 508 3146 563 Nam

2176 601 2397 655 rationis
2426 609 2673 670 expertes
2701 602 2767 654 ab
2796 602 2999 668 impura
3030 584 3546 675 volutatione

2174 689 2440 745 abducere
2497 705 2608 744 non
2655 704 2935 759 possumus
2981 705 2996 743 :
3048 690 3272 745 rationis
3325 689 3466 745 enim

2175 787 2331 843 sunt;
2362 788 2419 833 at
2444 796 2569 835 vero
2596 780 3079 835 mansuetissimum
3108 780 3210 835 hoc
3235 796 3430 851 genus,
3462 763 3765 857 inte“

2175 870 2246 923 tia
2273 878 2327 925 et
2354 872 2560 926 ratione
2584 871 3009 937 cohonestatum,
3037 871 3348 936 humanam,
3376 872 3595 941 inquam
3618 914 3635 938 ,
3669 884 3769 925 na-

2178 970 2349 1015 turam
2369 1002 2384 1028 ,
2420 961 2469 1015 si
2501 962 2647 1029 velit,
2683 962 2838 1018 facile
2862 974 2947 1017 est
2974 962 3233 1033 valdeque
3256 963 3587 1033 expeditum,
3607 978 3772 1019 como

2176 1055 2616 1124 ctgraveolentia
2648 1095 2663 1121 ,
2703 1065 2941 1111 stercore
2981 1064 3034 1111 et
3085 1054 3325 1111 foeditate
3371 1056 3460 1110 illa
3512 1055 3772 1111 liberare.

2176 1144 2355 1211 Quare
2382 1146 2547 1211 enim,
2574 1162 2606 1200 ο
2634 1145 2795 1200 homo
2816 1187 2831 1208 ,
2862 1146 3062 1201 divitiae
3110 1146 3203 1201 tibi
3238 1162 3564 1217 magnopere
3600 1162 3771 1216 expe-

2176 1235 2350 1290 tenda:
2376 1236 2668 1292 videntur?
2716 1238 2941 1307 Propter
2981 1240 3304 1307 voluptatem
3342 1238 3564 1293 omnino
3587 1254 3712 1309 qum
3739 1254 3774 1293 e

2176 1329 2377 1383 mensis
2439 1328 2723 1383 hauritur?
2770 1338 2990 1398 propter
3040 1329 3297 1384 honorem
3349 1339 3405 1383 et
3447 1328 3772 1385 comitatum

2175 1435 2383 1487 corum,
2416 1421 2507 1491 qui
2550 1420 2854 1475 divitiarum
2896 1436 3054 1475 causa
3087 1429 3137 1475 te
3164 1421 3347 1475 colunt
3373 1421 3396 1475 ?
3419 1430 3644 1491 propter
3672 1436 3771 1490 po-

2178 1520 2424 1566 testatem
2456 1511 2744 1567 ulciscendi
2777 1511 2867 1583 qui
2901 1520 2955 1566 te
2983 1510 3329 1575 oﬂ'cnderint,
3352 1520 3408 1565 et
3433 1521 3489 1565 ut
3518 1512 3776 1566 omnibus

2174 1602 2249 1658 sis
2281 1602 2516 1658 terrori?
2547 1602 2728 1676 Neque
2752 1605 2895 1659 enim
2923 1603 3056 1656 alias
3079 1617 3269 1657 causas
3297 1601 3488 1657 aﬂ‘erre
3526 1604 3731 1671 poteris
3753 1644 3772 1668 ,

2174 1709 2333 1764 quam
2375 1694 2723 1765 voluptatem,
2774 1694 3171 1760 adulationem,
3200 1703 3460 1748 terrorem
3504 1702 3561 1747 et
3609 1694 3775 1747 ultio-

2178 1800 2335 1840 nem:
2363 1801 2487 1839 nam
2517 1800 2692 1856 neque
2721 1785 3100 1855 sapientiorem
3121 1826 3136 1851 ,
3175 1798 3348 1854 neque
3384 1784 3776 1852 temperantio-

2176 1892 2315 1943 rem,
2347 1891 2520 1947 neque
2558 1877 2867 1943 mitiorem,
2922 1891 3097 1946 neque
3126 1874 3525 1945 prudentiorem
3550 1875 3777 1929 omnino

2175 1968 2375 2025 divitiae
2403 1968 2619 2025 efficere
2668 1970 2885 2034 solent;
2919 1984 3025 2023 non
3071 1968 3359 2039 benignum
3385 2010 3400 2035 ,
3432 1982 3538 2023 non
3584 1967 3778 2022 huma-

2180 2077 2325 2126 num,
2370 2076 2475 2117 non
2508 2063 2609 2117 inc.
2646 2069 2949 2131 potentem,
2982 2076 3088 2114 non
3126 2058 3298 2115 ventri
3378 2059 3774 2130 imperantem,

2181 2168 2288 2207 non
2332 2153 2696 2222 voluptatibus
2755 2154 3130 2222 superiorem;
3185 2165 3294 2206 non
3344 2151 3775 2207 moderationem

2179 2243 2397 2309 docent,
2428 2259 2535 2299 non
2567 2243 2948 2310 humilitatem,
2980 2259 3087 2297 non
3111 2242 3343 2313 aliquam
3366 2242 3525 2296 aliam
3556 2244 3777 2297 virtutis

2180 2345 2386 2406 partem
2416 2334 2470 2390 in
2499 2336 2733 2389 animum
2778 2334 3035 2389 inducunt
3072 2340 3130 2388 et
3173 2333 3434 2388 inserunt.
3480 2331 3664 2403 Neque
3694 2332 3776 2387 di-

2179 2441 2304 2483 cere
2332 2426 2531 2496 poteris
2552 2466 2567 2491 ,
2605 2425 2677 2481 ob
2702 2424 2957 2496 quidnam
2988 2438 3058 2480 ex
3115 2422 3230 2478 istis
3277 2437 3463 2478 earum
3502 2422 3640 2477 adeo
3666 2433 3775 2476 stu-

2181 2517 2367 2572 diosus
2394 2518 2472 2573 sis
2498 2527 2552 2572 et
2576 2518 2821 2587 cupidus.
2852 2515 2986 2571 Nam
3037 2531 3143 2570 non
3192 2512 3352 2569 modo
3407 2529 3517 2568 non
3580 2524 3779 2568 norunt

2184 2609 2427 2679 plantare
2460 2618 2553 2663 aut
2580 2624 2764 2665 serere
2785 2607 3075 2679 quidquam
3106 2607 3367 2663 honorum
3390 2647 3407 2672 ,
3441 2606 3534 2661 sed
3566 2608 3777 2662 etiamsi

2186 2698 2461 2755 recondita
2491 2701 2788 2767 inveniant,
2815 2707 3044 2765 vastant,
3090 2697 3408 2768 impediunt,
3438 2707 3492 2753 et
3523 2708 3581 2753 ut
3601 2714 3779 2755 emar-

2184 2802 2405 2849 cescant
2454 2793 2694 2849 elﬂcittnt
2738 2810 2752 2847 :
2805 2794 3049 2864 quaedam
3106 2795 3248 2849 enim
3293 2793 3556 2857 cvellunt,
3608 2794 3780 2865 iisque

2184 2888 2448 2943 contraria
2480 2887 2757 2951 inducunt,
2792 2887 2974 2941 luxum
3044 2887 3491 2951 immoderatum,
3542 2886 3779 2941 furorem

2186 2979 2643 3049 intempestivum,
2687 2978 2820 3033 iram
2871 2979 3146 3048 injustam,
3195 2979 3557 3049 arrogantiam
3585 2993 3781 3048 supcr-

2184 3068 2351 3137 hiam,
2378 3070 2607 3125 amentia
2619 3085 2691 3124 m.
2719 3069 2913 3125 Verum
2936 3069 3003 3125 de
3028 3069 3112 3124 his
3138 3085 3245 3126 non
3274 3071 3447 3125 dicam
3472 3087 3485 3123 :
3518 3071 3607 3140 qui
3634 3071 3783 3125 enim

2186 3162 2290 3217 hoc
2315 3162 2505 3217 morbo
2533 3161 2769 3232 correpti
2812 3171 2956 3227 sunt,
3003 3177 3110 3216 non
3141 3162 3471 3217 sustinerent
3498 3162 3689 3217 audire
3715 3163 3784 3217 de

2187 3257 2383 3312 virtute
2412 3257 2633 3322 etvitio,
2665 3257 2709 3310 si
2731 3265 3113 3311 accusarentur
3134 3255 3291 3311 simul
3318 3265 3372 3310 et
3391 3256 3783 3311 convinceren-

2190 3360 2294 3416 tur,
2334 3365 2456 3406 cum
2502 3350 2554 3404 in
2583 3350 2860 3419 voluptate
2910 3350 3005 3405 toti
3055 3349 3195 3413 sint,
3244 3348 3471 3418 ideoque
3508 3348 3625 3418 ejus
3656 3347 3785 3403 facti

2191 3442 2353 3498 servi.
2387 3444 2500 3512 Age
2532 3444 2693 3512 igitur
2722 3442 2884 3497 missa
2917 3441 3129 3496 interim
3158 3440 3227 3496 de
3267 3441 3351 3495 his
3379 3440 3743 3511 disputatione
3766 3484 3783 3506 ,

2186 3552 2306 3607 qua:
2355 3536 2557 3606 reliqua
2600 3545 2725 3591 sunt
2752 3535 2818 3591 .in
2850 3534 3085 3591 medium
3144 3533 3471 3600 adferamus,
3507 3550 3571 3591 ac
3610 3533 3790 3590 videa-

2189 3644 2339 3693 mus,
2383 3644 2513 3683 nam
2553 3644 2715 3699 qnam
2744 3628 2944 3683 divitim
2972 3629 3302 3699 voluptatem
3349 3627 3619 3695 habeant,
3653 3644 3787 3682 ntnn

2186 3736 2347 3792 quem
2376 3720 2667 3784 honorem;
2698 3722 2877 3775 omnia
2906 3720 3049 3776 enim
3096 3720 3363 3776 contraria
3402 3720 3580 3776 video.
3614 3722 3693 3777 Ac
3736 3722 3785 3776 si

2191 3813 2375 3879 vultis,
2406 3812 2644 3881 primum
2686 3812 2739 3866 in
2767 3825 2982 3866 mensas
3008 3810 3234 3867 divitum
3265 3820 3320 3867 et
3364 3825 3653 3881 pauperum
3695 3813 3789 3866 in-

2190 3903 2502 3973 quiramns,
2554 3919 2910 3975 rogemusque
2956 3914 3238 3960 vescentes
3280 3906 3495 3974 quinam
3548 3905 3789 3960 maxime

2189 4011 2321 4067 pura
2360 4005 2415 4053 et
2448 3997 2649 4067 liquida
2696 3996 3041 4067 perfruantur
3086 3997 3399 4067 voluptate“!
3444 3997 3533 4065 qui
3582 3995 3651 4051 ad
3699 3997 3787 4050 di-

2190 4103 2434 4143 mensum
2480 4087 2624 4143 diem
2652 4103 2813 4157 super
2840 4098 2989 4144 toros
3030 4089 3380 4156 accumbunt,
3429 4102 3613 4144 coenas
3656 4103 3785 4144 cum

2191 4180 2434 4250 prandiis
2472 4180 2747 4250 copulant,
2785 4189 3029 4236 ventrem
3059 4180 3416 4250 disrumpunt,
3450 4194 3640 4235 sensus
3683 4179 3787 4235 de-

2190 4282 2418 4343 pravant
2442 4314 2457 4340 ,
2514 4273 2803 4329 immodico
2846 4273 3147 4329 ednliorum
3184 4289 3349 4329 onere
3385 4273 3650 4343 navigium
3690 4274 3789 4328 de-

2194 4373 2463 4434 mergunt,
2497 4366 2763 4419 sentinam
2793 4364 3165 4419 inexltaustam
3195 4375 3249 4421 et
3274 4366 3630 4421 exundantem
3654 4365 3785 4421 red-

2190 4455 2349 4521 dunt,
2376 4465 2431 4510 et
2458 4464 2727 4523 tamquam
2751 4457 2803 4510 itt
2833 4455 3075 4525 corporis
3106 4456 3379 4528 naufragio
3404 4472 3590 4512 navem
3623 4457 3788 4514 undis

2193 4548 2473 4611 obruunt,
2517 4546 2755 4616 pedicas,
2784 4547 3052 4614 manicas,
3100 4556 3154 4602 ct
3194 4548 3388 4618 lingua:
3439 4547 3643 4603 vincula
3686 4564 3786 4604 ne-

2192 4646 2373 4703 ctunt,
2406 4644 2681 4707 totumque
2706 4652 2900 4708 corpus
2928 4653 3083 4693 suum
3110 4638 3345 4693 vinciunt
3370 4640 3581 4693 vinculo
3606 4640 3787 4696 ebrie-

2194 4729 2318 4783 tatis
2355 4736 2411 4783 et
2441 4728 2595 4783 luxus
2635 4730 2880 4800 graviore
2910 4744 3069 4800 quam
3126 4728 3297 4785 ferrea
3349 4740 3557 4797 catena,
3590 4747 3651 4787 ac
3682 4749 3785 4789 nec

2194 4822 2464 4875 sincerum
2485 4829 2538 4874 et
2563 4836 2749 4891 purum
2776 4822 2994 4891 capiunt
3015 4836 3264 4877 somnum
3290 4862 3305 4886 ,
3353 4838 3529 4892 neqtte
3558 4823 3626 4878 ab
3652 4824 3784 4877 lior-

2197 4912 2441 4969 ribilibus
2470 4912 2748 4968 insomniis
2796 4914 2948 4969 liberi
2981 4921 3138 4977 sunt,
3167 4911 3569 4985 furentibusque
3617 4916 3784 4968 mise-

2195 5005 2403 5067 riores,
2437 5004 2799 5060 voluntarium
2850 5004 3140 5076 quemdam
3196 5005 3494 5061 dannonem
3552 5022 3605 5061 m
3661 5007 3782 5059 ani-

2196 5109 2340 5149 mum
2371 5094 2650 5163 inducunt,
2683 5096 2814 5151 risui
2862 5096 3219 5166 spectantium
3266 5096 3586 5152 famulorum
3616 5115 3781 5165 expo-

2194 5188 2303 5253 siti,
2339 5190 2447 5243 imo
2480 5205 2606 5244 vero
2630 5192 2790 5245 etiam
2815 5191 2976 5245 luctui
3006 5200 3057 5245 et
3089 5191 3340 5261 lacrymis
3378 5191 3658 5245 meliormn
3686 5193 3772 5243 in-

2197 5287 2278 5333 ter
2306 5294 2399 5333 eos
2424 5296 2439 5344 ;
2468 5281 2733 5336 neminem
2764 5290 3029 5337 noverunt
3068 5296 3278 5346 eorum,
3308 5284 3397 5353 qui
3428 5282 3641 5347 adsunt,
3684 5297 3781 5336 ne-

2194 5386 2299 5441 que
2327 5371 2510 5427 dicere
2560 5374 2721 5443 quid,
2777 5390 2952 5445 neque
2999 5376 3187 5430 audire
3230 5384 3473 5446 possunt,
3504 5375 3599 5430 sed
3647 5377 3783 5431 inter

2194 5463 2519 5533 gestantium
2551 5482 2739 5521 manus
2784 5483 2813 5521 a
2847 5467 2977 5523 toris
3005 5469 3069 5523 ad
3112 5470 3363 5525 lectulum
3403 5471 3640 5525 feruntur
3666 5473 3688 5525 ἲ
3716 5489 3779 5524 av

2196 5572 2323 5609 vero
2358 5556 2560 5623 sobrii,
2600 5558 2913 5629 vigilantes,
2960 5562 3155 5631 quique
3198 5563 3415 5615 modnnt
3464 5565 3784 5617 necessitate

2195 5648 2480 5713 definiunt,
2522 5653 2769 5707 secundis
2811 5655 2983 5707 ventis
3014 5656 3281 5722 navigant,
3314 5674 3374 5707 at:
3420 5672 3514 5723 pro
3548 5672 3782 5709 maximo

2197 5739 2592 5798 oblectamento
2614 5750 2719 5799 tam
2742 5745 2792 5799 in
2820 5744 2950 5801 tihis
2986 5762 3143 5815 quam
3179 5746 3229 5801 in
3263 5757 3385 5815 potu
3412 5748 3603 5803 famem
3627 5755 3681 5802 ct
3706 5748 3753 5802 si

3210 200 3213 211 ν

3210 224 3213 237 I

3236 356 3259 365 α
3278 356 3285 365 τ

3503 630 3865 853 π
3966 630 3975 647 .
