4046 6444
290 354 402 409 467

364 475 467 524 Δια
505 471 559 525 τί
603 470 715 541 γάρ
758 469 1002 541 ζηλωτὸν
1027 471 1056 524 6
1103 470 1359 535 πλοῦτος,
1397 471 1520 525 είπέ
1555 490 1680 542 μοι;
1725 475 1837 527 Kal
1885 475 1998 547 γάρ

284 559 592 628 ἀναγκαῖον
623 558 879 612 ἐντεῦθεν
909 559 1402 632 προοιμιάσασθαι,
1444 561 1635 632 ἐπειδὴ
1667 562 1861 629 ὑγείας
1900 564 1996 616 καὶ

285 646 437 718 ζωῆς
469 647 567 700 καὶ
599 648 701 717 τῆς
734 646 891 719 παρὰ
915 648 1028 700 τῶν
1051 646 1266 700 πολλῶν
1305 647 1608 718 εὐφημίας,
1634 649 1728 702 καὶ
1752 651 1998 722 χρηστῆς

283 734 638 805 ὑπολήψεως,
677 735 773 788 καὶ⁸
809 734 1092 804 πατρίδος,
1135 735 1231 787 καὶ
1262 733 1503 800 οἰκείων,
1540 735 1637 786 καὶ
1666 735 1860 804 φίλων,
1901 739 1996 789 καὶ

283 821 594 890 συγγενῶν,
648 822 747 876 καὶ
793 821 903 876 τῶν
950 822 1129 875 ἀλλων
1183 822 1443 875 ἀπάντων
1488 821 1600 876 τῶν
1647 822 1707 875 τὸ
1755 823 1996 892 χαλεπὸν

279 909 445 963 τοῦτο
475 910 690 979 νόσημα
720 910 1098 979 νενοσηκότων
1123 909 1467 980 τιμιώτερον
1495 912 1608 972 τοῖς
1633 909 1850 973 πολλοῖς
1882 911 1996 965 E60-

279 997 374 1064 ξεν
408 993 573 1054 εἶναι.
611 998 721 1052 Kal
742 997 883 1070 πρὸς
927 998 1102 1062 αὑτάς
1147 997 1320 1069 ἀνέϐη
1349 998 1541 1052 λοιπὸν
1569 998 1671 1062 τὰς
1699 1000 1929 1068 νεφέλας
1957 1003 1990 1072 ἡ

279 1085 470 1156 πυρά·
514 1085 614 1140 καὶ
665 1085 772 1155 γῆν
824 1085 918 1137 καὶ
968 1083 1247 1138 θάλατταν
1301 1088 1335 1157 ἡ
1380 1086 1617 1156 κάμινος
1661 1085 1800 1158 αὕτη
1861 1103 1993 1140 κατ-

279 1174 332 1226 έ)
345 1174 470 1232 αϐε.
503 1175 618 1229 Kal
649 1176 678 1226 6
703 1174 803 1244 μὲν
835 1173 1110 1228 σϐεννύων
1140 1175 1244 1246 τὴν
1267 1173 1443 1244 φλόγα
1472 1175 1679 1245 ταύτην
1705 1175 1912 1238 οὑδείςο
1942 1178 1991 1230 οι

275 1261 336 1315 δέ
367 1262 751 1326 ἀνακαίοντες,
781 1263 1044 1325 ἅπαντες,
1075 1262 1233 1316 αὑτοί
1258 1279 1318 1316 τε
1345 1264 1396 1316 οἱ
1432 1261 1655 1327 ἁλόντες
1688 1263 1812 1335 ἡδη,
1858 1267 1989 1318 οἵτε

281 1350 517 1421 μηδέπω
553 1349 798 1417 ἁλόντες,
835 1350 924 1403 ἴνα
969 1349 1162 1404 άλῶσι.
1202 1351 1315 1405 Καὶ
1364 1351 1597 1405 ἕκαστον
1639 1351 1739 1404 τδοι
1776 1369 1858 1416 τις
1898 1351 1986 1417 ἀν,

277 1440 378 1492 καὶ
413 1437 588 1510 ἀνδρα
617 1427 713 1491 καὶ
740 1440 1002 1506 γυναῖκα,
1035 1439 1132 1492 καὶ
1171 1437 1399 1509 οἰκέτην
1429 1439 1525 1493 καὶ
1551 1438 1860 1511 ἐλεύθερον,
1895 1441 1990 1493 xal

276 1525 540 1580 πλούσιον
573 1526 671 1580 καὶ
714 1525 948 1597 πένητα,
995 1526 1140 1579 κατά
1167 1525 1402 1597 δύναμιν
1429 1526 1530 1597 τὴν
1556 1526 1754 1581 ἐαυτοῦ
1792 1527 1988 1598 φορτία

277 1613 648 1684 βαστάζοντα,
676 1613 749 1666 τὰ
773 1615 840 1684 τῇ
861 1613 1022 1683 φλογὶ
1046 1613 1222 1686 ταύτῃ
1243 1614 1311 1668 δι’
1347 1615 1561 1687 ἡμέρας
1581 1633 1641 1669 τε
1665 1615 1762 1669 καὶ
1793 1616 1988 1678 νυκτὸς

277 1701 484 1773 πολλὴν
519 1702 834 1772 παρέχοντα
871 1700 973 1772 τὴν
1014 1704 1263 1773 τροφήν·
1307 1703 1507 1774 φορτία
1534 1704 1597 1756 οὑ
1631 1703 1828 1770 ξύλων,
1863 1704 1987 1760 οὑδὲ

274 1789 575 1861 φρυγάνων
621 1790 704 1858 (οὑ
749 1790 860 1862 γάρ
909 1789 1139 1860 τοιαύτη
1173 1792 1209 1861 ἡ
1242 1790 1419 1860 φλὸξ),
1466 1790 1608 1846 ἀλλά
1652 1790 1843 1860 ψυχῶν
1891 1790 1988 1844 καὶ

275 1878 575 1950 σωμάτων,
615 1878 836 1943 ἀδικίας
867 1878 964 1932 καὶ
1010 1879 1386 1952 παρανομίας.
1445 1880 1580 1934 Ἀπὸ
1623 1879 1733 1951 γάρ
1779 1878 1987 1934 τούτων

273 1967 622 2024 ἀνάπτεσθαι
649 1967 897 2037 πέφυκεν
917 1965 1059 2040 αῦτη
1082 1969 1181 2039 τῆς
1206 1969 1405 2039 φλογὸς
1427 1971 1460 2040 ὴ
1485 1969 1668 2038 φύσις.
1696 1969 1765 2023 Οῖ
1787 1985 1848 2022 τε
1877 1968 1987 2041 γάρ

274 2055 643 2122 πλουτοῦντες
675 2055 917 2128 οὐδαμοῦ
956 2057 1057 2127 τῆς
1089 2056 1296 2110 ἀτόπου
1337 2057 1547 2127 ταύτης
1581 2057 1830 2111 ἵστανται
1860 2058 1984 2110 ἐπι·

271 2143 499 2216 θυμίας,
541 2144 645 2198 κᾶν
677 2144 902 2199 ἃπασαν
944 2144 1352 2216 περιϐάλωνται
1391 2146 1493 2217 τὴν
1531 2144 1891 2216 οἰκουμένην·
1934 2146 1990 2200 οῖ

269 2249 332 2286 τε
367 2232 608 2304 πένητες
639 2232 962 2302 ἐπείγονται
1013 2233 1222 2304 φθάσαι
1262 2234 1529 2299 ἐκείνους,
1565 2233 1662 2288 καὶ
1692 2232 1867 2289 λύσσα
1899 2252 1985 2299 τις

269 2323 499 2386 ἀνίατος
534 2321 632 2377 καὶ
668 2322 842 2394 μανία
867 2320 1196 2385 ἀκάθεκτος,
1221 2323 1317 2375 καὶ
1343 2322 1500 2387 νόσος
1525 2321 1857 2394 ἀδιόρθωτος
1881 2322 1983 2387 τάς

269 2411 496 2466 πάντων
528 2410 749 2483 κατέχει
774 2409 978 2481 ψυχάς.
1008 2410 1122 2464 Kal
1151 2409 1332 2464 πάντα
1363 2409 1545 2484 ἔρωτα
1565 2403 1721 2474 οὗτος
1748 2411 1982 2480 νικήσας

265 2497 294 2549 6
329 2495 474 2568 έρως
509 2496 607 2550 καὶ
638 2498 1046 2568 παρωσάμενος
1089 2494 1316 2561 ἐξέϐαλε
1346 2497 1450 2568 τῆς
1473 2496 1676 2567 ψυχῆς.
1711 2497 1824 2550 Kal
1854 2495 1979 2550 οὔτε

267 2583 456 2653 φιλίας
493 2583 674 2654 λόγος,
728 2583 856 2638 οὕτε
903 2583 1230 2654 συγγενείας
1260 2595 1287 2624 ι
1311 2599 1325 2613 ’
1361 2583 1459 2638 καὶ
1509 2582 1564 2636 τί
1594 2582 1739 2652 λέγω
1792 2582 1980 2654 φιλίας

266 2671 362 2728 καὶ
404 2672 766 2741 συγγενείας;
807 2672 870 2725 οὑ
904 2671 1167 2740 γυναικὸς
1197 2672 1294 2725 xal
1341 2670 1573 2738 παίδων,
1607 2666 1669 2726 οῦ
1701 2670 1754 2724 τί
1779 2671 1978 2740 γένοιτ’

265 2763 334 2818 ἂν
385 2762 618 2834 ἀνδράσι
665 2761 1078 2834 ποθεινότερον;
1114 2761 1254 2816 ἀλλὰ
1290 2761 1472 2815 πάντα
1506 2762 1684 2833 χαμαὶ
1717 2761 1977 2834 ἔρριπται

266 2850 362 2904 καὶ
391 2850 884 2921 καταπεπὼτηται,
907 2851 1010 2922 τῆς
1042 2850 1206 2922 ώμῆς
1232 2849 1442 2920 ταύτης
1475 2849 1574 2904 καὶ
1601 2850 1975 2921 ἀπανθρώπου

261 2938 561 3010 δεσποίνης
594 2937 705 2992 τῶν
734 2937 975 2992 ἀλόντων
1002 2938 1104 3002 τάς
1131 2939 1393 2994 ἀπάντων
1420 2937 1845 3010 καταλαϐούσης
1871 2938 1976 3008 ψυο

260 3027 388 3098 χάς.
424 3027 538 3081 Kal
569 3027 682 3099 γάρ
706 3026 783 3092 ώς
808 3027 1072 3081 δέσποινα
1100 3027 1313 3081 τούτων
1339 3026 1733 3099 ἀπάνθρωπος.
1769 3027 1866 3080 καὶ
1897 3027 1976 3091 ώς

263 3116 536 3188 τύραννος
564 3114 805 3186 ἀπηνὴς,
835 3114 932 3168 καὶ
959 3114 1034 3179 ὼς
1070 3113 1348 3187 βάρϐαρος
1379 3113 1531 3186 ώμὴ,
1563 3113 1660 3168 καὶ
1692 3113 1769 3178 ὡς
1798 3113 1974 3186 πόρνη

263 3202 554 3275 πάνδημος
601 3202 698 3255 καὶ
728 3202 1052 3274 πολυτελὴς,
1102 3202 1463 3274 καταισχύνει
1504 3201 1602 3256 καὶ
1635 3202 1972 3268 κατατείνει,

262 3292 357 3345 καὶ
408 3289 632 3362 μυρίοις
666 3289 887 3355 κολάζει
933 3290 1208 3355 κινδύνοις
1243 3307 1304 3344 τε
1358 3290 1456 3345 καὶ
1513 3288 1811 3361 τιμωρίαις
1843 3291 1972 3355 τοὺς

259 3379 560 3452 ἑλομένους
600 3377 878 3433 δουλεύειν
921 3379 1097 3451 αὑτῇ’
1147 3379 1245 3433 καὶ
1290 3377 1504 3450 φοϐερά
1555 3395 1640 3442 τις
1685 3372 1822 3432 οὖσα
1876 3379 1973 3433 καὶ

260 3468 611 3542 ἀμείλικτος,
645 3467 815 3538 ἀγρία
842 3485 902 3523 τε
931 3468 1025 3521 καὶ
1051 3469 1293 3538 ἀπηνὴς,
1323 3467 1420 3522 καὶ
1443 3466 1740 3538 πρόσωπον
1769 3465 1974 3537 ἐχουσα

261 3555 630 3630 βιρϐαρικδν,
665 3557 870 3629 μᾶλλον
896 3556 953 3609 δὲ
985 3555 1276 3627 θηριῶδες,
1311 3555 1408 3609 καὶ
1432 3553 1600 3608 λύκου
1632 3554 1724 3608 καὶ
1757 3554 1974 3619 λέοντος

257 3644 628 3718 ἀγριώτερον,
665 3645 951 3717 προσηνής
980 3661 1066 3708 τις
1101 3638 1243 3696 εἶναι
1279 3643 1452 3706 δοκεῖ,
1490 3642 1584 3696 καὶ
1624 3641 1851 3714 ποθεινὴ
1879 3644 1973 3696 καὶ

260 3736 486 3807 μέλιτος
533 3732 852 3804 γλυκυτέρα
909 3735 1026 3796 τοῖς
1070 3729 1594 3802 αίχμαλωτισθεῖσιν
1643 3730 1736 3784 ὑπ’
1775 3731 1970 3803 αὐτῆς.

258 3825 373 3881 Kal
397 3823 530 3896 ξίφη
555 3821 653 3876 καὶ
683 3821 824 3876 ὅπλα
845 3819 968 3875 καθ’
997 3820 1239 3891 ἐκάστην
1268 3818 1392 3872 κατ’
1421 3818 1603 3872 αὐτῶν
1627 3819 1971 3890 χαλκεύουσα

254 3922 358 3992 τὴν
383 3919 626 3992 ἡμέραν,
645 3917 740 3973 καὶ
759 3916 1014 3989 βάραθρα
1040 3916 1439 3988 ἀνορύττουσα,
1459 3915 1552 3970 καὶ
1571 3917 1665 3969 ἐπὶ
1688 3916 1972 3988 κρημνοὺς

255 4015 417 4090 [452]
441 4016 656 4085 ἄγουσα
682 4017 777 4070 καὶ
808 4013 1131 4078 σκοπέλους,
1156 4015 1253 4068 καὶ
1281 4013 1452 4084 μυρία
1475 4013 1664 4076 αὑτοῖς
1690 4011 1968 4067 πλέκουσα

258 4114 543 4178 κολάσεως
598 4112 813 4175 δίκτυα,
869 4111 1152 4184 ζηλωτοὺς
1201 4111 1403 4176 αὑτοὺς
1453 4109 1739 4183 νομίζεται
1792 4112 1968 4164 ποιεῖν

253 4213 371 4274 τοῖς
400 4225 462 4264 τε
504 4208 810 4263 ἐαλωκόσιν
850 4209 1060 4274 αὑτοῖς,
1099 4210 1214 4273 τοῖς
1254 4225 1313 4262 τε
1345 4207 1711 4279 ἐπιθυμοῦσιν
1736 4206 1965 4262 ἁλῶναι.

254 4308 370 4362 Kal
398 4306 654 4380 καθάπερ
678 4301 742 4371 ὗς
776 4307 834 4360 ἐν
866 4306 1063 4378 ἀμάρα
1093 4305 1190 4360 καὶ
1215 4304 1466 4378 βορϐόρῳ
1494 4305 1964 4379 ἐγκαλινδουμένη

251 4404 444 4474 ἣδεται
473 4404 570 4457 καὶ
590 4403 799 4474 τρυφᾷ,
832 4401 929 4456 καὶ
953 4401 1221 4473 κάνθαροι
1252 4401 1464 4472 κόπρον
1487 4399 1730 4473 συνεχῶς
1760 4401 1969 4455 ἀνελίτ·

252 4518 441 4566 τοντες
461 4518 476 4533 ο
509 4499 656 4554 οὕτω
679 4499 746 4571 δὴ
767 4500 864 4554 καὶ
889 4502 936 4553 οί
971 4501 1037 4571 τῇ
1065 4498 1406 4570 φιλαργυρία
1429 4498 1650 4562 ἁλόντες
1674 4497 1783 4552 τῶν
1807 4497 1966 4563 ζώων

249 4599 464 4654 τούτων
499 4598 642 4652 είσὶν
682 4595 1032 4657 ἀθλιώτεροι.
1073 4595 1184 4649 Kal
1234 4596 1346 4670 γὰρ
1397 4593 1606 4667 μείζων
1654 4595 1688 4666 ἡ
1729 4593 1967 4650 ἐνταῦθα

252 4694 577 4766 βδελυγμία,
598 4693 695 4748 καὶ
715 4695 744 4747 6
767 4691 1028 4764 βόρϐορος
1057 4690 1464 4763 δυσωδέστερος
1479 4707 1492 4722 ·
1529 4691 1966 4764 ἐνδιατρίϐοντες

252 4787 365 4858 γάρ
393 4785 474 4857 τῷ
508 4786 698 4851 πάθει,
735 4785 939 4858 πολλὴν
967 4785 1286 4857 νομίζουσιν
1317 4785 1512 4856 ἡδονὴν
1544 4783 1797 4838 ἐντεῦθεν
1827 4803 1964 4853 καρ-

250 4881 530 4935 ποῦσθαι·
564 4883 705 4953 ὅπερ
756 4882 817 4934 οὑ
863 4881 965 4952 τῆς
998 4882 1220 4951 φύσεως
1259 4881 1356 4934 τοῦ
1409 4883 1739 4953 πράγματός
1787 4885 1958 4946 ἐστιν,

248 4971 391 5026 ἀλλά
415 4969 516 5040 τῆς
541 4971 643 5043 τὴν
666 4970 927 5042 τοιαύτην
952 4970 1182 5040 ἀλογίαν
1214 4971 1482 5044 νοσούσης
1504 4973 1768 5039 διανοίας.
1789 4974 1963 5028 Τοῦτο

249 5063 308 5116 δέ
348 5063 448 5132 τῆς
498 5061 724 5132 ἀλογίας
777 5063 1007 5117 ἐκείνων
1049 5067 1259 5136 χεῖρον.
1301 5065 1516 5138 Ὠσπερ
1567 5063 1663 5122 οὖν
1715 5068 1812 5120 ἐπὶ
1865 5069 1960 5122 τοῦ

251 5153 522 5226 βορϐόρου
556 5156 650 5209 καὶ
678 5154 781 5226 τῆς
807 5155 1039 5227 κόπρου,
1070 5157 1130 5211 οὑ
1161 5157 1258 5210 τοῦ
1291 5157 1555 5231 βορϐόρου
1591 5161 1687 5214 καὶ
1717 5160 1815 5232 τῆς
1866 5163 1962 5215 κό-

249 5261 394 5317 πρου
436 5245 499 5298 τὸ
527 5246 723 5311 αἴτιον,
762 5247 903 5302 ἀλλά
947 5248 1049 5316 τῆς
1095 5249 1326 5316 ἀλογίας
1364 5249 1471 5303 τῶν
1505 5251 1959 5321 ἐμπεπτωκότων

249 5337 408 5402 ζώων
433 5354 448 5370 ο
480 5338 625 5393 οὑτω
658 5341 757 5394 καὶ
785 5341 878 5393 ἐπὶ
913 5341 1022 5394 τῶν
1056 5339 1367 5412 ἀνθρώπων
1398 5341 1640 5410 λογίζου.

322 5429 389 5491 ζ’.
414 5429 524 5482 Kal
559 5430 678 5496 πῶς
699 5430 767 5484 ἀν
793 5432 1090 5501 ίασαίμεθα
1115 5433 1243 5495 τοὺς
1274 5430 1419 5484 οὑτω
1445 5432 1834 5504 διακειμένους
1859 5455 1874 5502 ;
1895 5436 1958 5489 El

251 5518 651 5591 βουληθείησαν
677 5523 817 5592 ἡμῖν
846 5522 1058 5588 ἀνοῖξαι
1089 5524 1191 5586 τάς
1220 5522 1412 5586 ἀκοὰς,
1454 5526 1550 5576 καὶ
1576 5524 1827 5579 ἀπλῶσαι
1855 5527 1955 5597 τὴν

247 5613 516 5680 διάνοιαν,
550 5612 645 5670 καὶ
671 5617 931 5682 δέξασθαι
964 5619 1031 5672 τά
1063 5618 1358 5689 λεγόμενα.
1389 5618 1470 5671 Τά
1501 5619 1603 5686 μὲν
1635 5620 1744 5693 γάρ
1779 5621 1950 5691 άλογα

317 5762 335 5781 ’
365 5771 432 5838 ίιεΔ
461 5787 560 5823 ιηιο
599 5787 690 5838 ms.
735 5781 844 5838 post
886 5777 1162 5836 συγγενείας
1205 5777 1254 5825 in
1299 5778 1523 5838 margine
1550 5778 1747 5826 additur
1771 5781 1946 5831 eadem

250 5843 392 5883 manu
418 5835 590 5898 ισχυσε
613 5835 826 5900 ἐπισχεῖν
851 5840 935 5896 τὴν
957 5835 1219 5887 ἀκάθεκτον
1241 5835 1608 5902 ταύτηηῖόρμήν.
1639 5843 1731 5890 Καὶ
1754 5843 1818 5890 τί.

1384 354 1578 421 QUOD
1616 355 1810 410 1%.th
1849 356 2188 413 LA‘JDI'I'UR
2232 361 2367 416 NISI
2409 364 2452 417 Α
2485 363 2751 425 SEIPSO.

3685 383 3791 438 468

2102 477 2417 544 μεταθεῖναι
2441 484 2542 554 τῆς
2567 487 2883 561 ἀκαθάρτου
2911 490 3194 562 διατριϐῆς
3226 492 3319 546 καὶ
3352 493 3664 564 ἀπαγαγεῖν
3690 501 3788 552 οὑκ

2097 568 2178 622 ἔνι
2197 586 2208 598 ·
2252 569 2518 645 λογισμοῦ
2538 579 2647 651 γάρ
2669 582 2818 636 ἐστιν
2848 583 3060 655 ἔρημα⁹
3087 585 3149 638 τὸ
3167 583 3224 638 δὲ
3249 585 3610 657 ἡμερώτατον
3636 590 3791 645 τοῦτο

2097 660 2275 727 γένος,
2319 665 2413 718 καὶ
2442 665 2689 742 λογισμῷ
2719 673 2815 725 καὶ
2849 674 2995 744 λόγῳ
3028 677 3418 746 τετιμημένον,
3449 679 3549 749 τὴν
3574 680 3788 752 ἀνθρω-

2097 752 2260 806 πείαν
2308 754 2452 824 λέγω
2493 759 2676 828 φύσιν,
2694 765 2756 829 ,εί
2794 763 3104 837 βουληθείη,
3144 766 3327 838 ῥᾴδιόν
3365 785 3423 822 τε
3453 770 3547 822 καὶ
3583 769 3789 842 σφόδρα

2095 843 2321 898 εὔκολον
2351 851 2446 902 καὶ
2483 851 2576 905 τοῦ
2615 853 2882 927 βορϐόρου
2925 859 3020 911 καὶ
3071 859 3168 928 τῆς
3205 858 3490 925 δυσωδίας,
3541 862 3636 916 καὶ
3685 862 3786 932 τῆς

2096 936 2304 1010 κόπρου
2347 945 2442 997 καὶ
2479 947 2580 1017 τῆς
2632 948 2962 1023 βδελυγμίας
2997 953 3304 1018 ἀπαλλάξαι
3338 956 3575 1028 ἐκείνης.
3607 956 3706 1011 Διά
3731 958 3784 1010 τί

2094 1031 2204 1102 γάρ
2237 1035 2265 1086 6
2297 1033 2550 1102 πλοῦτος,
2602 1041 2881 1114 ἄνθρωπε,
2914 1047 3381 1118 περισπούδαστος
3419 1045 3559 1104 εἶναί
3591 1067 3674 1104 σοι
3703 1049 3786 1102 δο-

2096 1127 2218 1192 κεῖ;
2275 1130 2373 1184 Διὰ
2421 1133 2521 1206 τὴν
2554 1136 2749 1209 ἡδονὴν
2785 1140 3002 1204 πάντως
3041 1143 3139 1212 τὴν
3173 1142 3282 1196 61:6
3317 1143 3425 1197 τῶν
3453 1144 3783 1215 τραπεζῶν;

2089 1217 2181 1272 διὰ
2215 1219 2312 1293 τὴν
2352 1227 2538 1297 τιμὴν,
2588 1229 2682 1284 καὶ
2732 1231 2833 1303 τὴν
2876 1232 3203 1308 δορυφορίαν
3240 1236 3340 1308 τὴν
3388 1236 3500 1290 61:6
3543 1237 3651 1291 τῶν
3695 1238 3786 1290 61.6

2095 1309 2288 1367 τοῦτον
2330 1315 2788 1389 θεραπευόντων;
2823 1323 2910 1378 διά
2941 1324 3003 1377 τὸ
3027 1326 3288 1381 δύνασθαι
3324 1329 3452 1392 τοὺς
3479 1328 3784 1391 λυποῦντας

2089 1403 2422 1475 ἀμύνασθαι,
2462 1412 2557 1465 καὶ¹
2591 1415 2760 1467 πᾶσιν
2794 1411 2935 1468 εῐναι
2965 1415 3226 1488 φοϐερόν;
3264 1418 3400 1471 Οὐδὲ
3429 1417 3539 1490 γάρ
3570 1418 3636 1473 6v
3664 1421 3781 1474 ἐτέ-

2093 1511 2191 1566 ρας
2220 1499 2401 1564 αίτίας
2443 1501 2589 1573 ἔχοις
2619 1507 2816 1572 εἰπεῖν,
2858 1507 2976 1562 ἀλλ’
3022 1509 3055 1579 ἡ
3094 1508 3309 1580 ἡδονὴν,
3339 1509 3432 1562 καὶ
3462 1509 3777 1574 κολακείαν,

2089 1588 2184 1640 καὶ
2227 1589 2416 1658 φόϐον,
2456 1594 2550 1646 καὶ
2599 1597 2904 1668 τιμωρίαν·
2955 1598 3079 1653 οὔτε
3113 1601 3223 1672 γὰρ
3269 1600 3598 1672 σοφώτερον,
3650 1601 3774 1655 οὔτε

2091 1681 2559 1760 σωφρονέστερον,
2589 1685 2712 1740 οὔτε
2759 1690 3189 1762 ἐπιεικέστερον,
3229 1690 3354 1745 οὕτε
3410 1693 3776 1766 συνετώτερον

2088 1771 2309 1838 πάντως
2337 1776 2366 1829 6
2396 1776 2627 1843 πλοῦτος
2664 1783 2841 1835 ποιεῖν
2875 1781 3091 1849 εἴωθεν,
3122 1784 3184 1837 οὑ
3211 1783 3467 1857 χρηστὸν,
3497 1785 3559 1838 οὑ
3590 1785 3780 1856 φιλάνο

2093 1869 2339 1934 θρωπον,
2375 1869 2477 1922 οὐκ
2506 1870 2678 1942 όργῆς
2711 1871 3053 1944 κρείττοντα,
3075 1875 3138 1927 οὑ
3170 1877 3410 1947 γαστρὸς
3427 1875 3656 1948 ἀμείνω,
3679 1877 3778 1948 οὐχ

2088 1956 2297 2027 ἡδονῶν
2325 1960 2600 2034 ἀνώτερον
2622 1980 2635 1994 ·
2664 1963 2726 2018 οὐ
2763 1965 3080 2037 μετριάζειν
3107 1967 3374 2032 παιδεύει,
3399 1969 3461 2022 οὑ
3487 1969 3777 2023 συνεσπτάλ⁸

2087 2050 2179 2105 θαι
2224 2052 2490 2122 διδάσκει,
2526 2057 2627 2112 οὑκ
2659 2059 2790 2113 ἀλλο
2837 2076 2892 2113 τι
2946 2061 3114 2132 μέρος
3162 2061 3262 2131 τῆς
3314 2063 3513 2134 ἀρετῆς
3555 2067 3637 2129 είς
3675 2066 3776 2137 τὴν

2084 2141 2270 2218 ψυχὴν
2299 2149 2514 2217 είσάγει
2569 2151 2664 2206 καὶ
2697 2152 3091 2222 καταφυτεύει.
3141 2155 3264 2209 Οὐδ’
3292 2154 3360 2209 6v
3403 2155 3546 2227 ιχοις
3599 2159 3772 2214 εἰπεῖν

2087 2238 2178 2292 61.6
2215 2240 2270 2294 τί
2311 2242 2520 2297 τούτων
2561 2245 3032 2314 περισπούδαστός
3078 2246 3198 2300 ἐστί
3249 2264 3334 2301 σοι
3390 2248 3482 2302 καὶ
3527 2251 3774 2318 ποθεινός

2090 2325 2270 2397 οὗτος.
2309 2335 2386 2388 Οὑ
2414 2334 2526 2407 γάρ
2550 2336 2616 2406 δὴ
2649 2336 2812 2408 μόνον
2843 2337 2996 2391 οὑδέν
3028 2333 3135 2391 οἶδε
3164 2340 3419 2409 φυτεύειν
3439 2342 3474 2414 ἡ
3508 2349 3776 2416 γεωργεῖν

2082 2428 2193 2482 τῶν
2225 2427 2471 2498 ἀγαθῶν,
2525 2428 2662 2481 ἀλλά
2696 2430 2803 2482 κᾶν
2849 2429 3193 2500 ἀποκείμενα
3243 2429 3404 2506 εὕρῃ,
3455 2433 3774 2506 λυμαίνεται

2083 2521 2183 2577 καὶ
2208 2522 2409 2575 κωλύει
2446 2523 2542 2575 καὶ
2567 2522 2973 2592 καταμαραίνει
2994 2539 3009 2553 ο
3042 2523 3159 2577 ἔνια
3189 2524 3246 2578 δέ
3285 2527 3377 2579 καὶ
3409 2527 3647 2600 ἀνασπᾷ,
3683 2532 3774 2583 καὶ

2077 2613 2149 2668 τά
2172 2614 2391 2670 ἐναντία
2419 2613 2629 2668 τούτων
2651 2613 2959 2682 ἐπεισάγει,
2991 2614 3290 2669 ἀκολασίαν
3314 2617 3572 2690 ἀμετρον,
3601 2619 3771 2692 θυμὸν

2079 2709 2334 2780 ἄκαιρον,
2370 2706 2543 2780 ὀργὴν
2571 2705 2779 2776 ἀδικον,
2813 2706 3096 2771 ἀπόνοιαν,
3130 2707 3531 2780 ὑπερηφανίαν,
3563 2712 3769 2769 ἄνοιαν.

2091 2801 2366 2875 ’Δλλά“μὴ
2395 2803 2536 2855 εῐπω
2572 2801 2702 2872 περὶ
2738 2801 2982 2855 τούτων’
3028 2803 3079 2855 οί
3121 2802 3234 2874 γάρ
3278 2805 3345 2875 τῇ
3400 2805 3542 2877 νόσῳ
3593 2808 3769 2878 ταύτῃ

2077 2895 2384 2959 ἐαλωκότες
2426 2897 2529 2950 οὑκ
2571 2895 2639 2950 6v
2668 2895 2993 2966 ἀνάσχοιντο
3027 2895 3159 2967 περὶ
3200 2896 3405 2967 ἀρετῆς
3447 2899 3542 2953 καὶ
3572 2895 3764 2959 κακίας

2076 2987 2396 3054 ἀκούοντες,
2420 2988 2533 3058 τῆς.
2555 2988 2752 3059 ἡδονῆς
2787 2990 2941 3054 ὄντες
2984 2987 3117 3054 ὅλοι,
3163 2988 3257 3043 καὶ
3293 2989 3383 3044 διά
3411 2989 3571 3045 τοῦτο
3597 2990 3770 3064 αὐτῆς

2075 3081 2354 3154 γινόμενοι
2378 3080 2576 3147 δοῦλοι,
2610 3081 3110 3154 κατηγορουμένων
3134 3083 3316 3138 αὑτῶν
3337 3083 3474 3156 ὁμοῦ
3498 3085 3592 3140 καὶ
3622 3085 3772 3156 ἐλεγ-

2076 3175 2329 3245 χομένων
2359 3174 2489 3228 ίδεῖν
2515 3173 2565 3227 δ.
2601 3173 2741 3246 Φέρε
2791 3170 2886 3228 οὖν
2917 3175 3057 3238 τέως
3085 3175 3177 3228 τὸν
3207 3175 3336 3247 περὶ
3368 3177 3574 3232 τούτων
3613 3177 3770 3248 λόγον

2075 3269 2330 3337 ἀφέντες,
2371 3269 2441 3322 τὰ
2465 3266 2631 3321 λοιπά
2654 3270 2735 3330 είς
2767 3269 2932 3340 μέσον
2964 3269 3285 3341 ἀγάγωμεν,
3322 3271 3418 3325 καὶ
3465 3270 3686 3344 ῐδωμεν,
3719 3273 3774 3326 εῖ

2071 3376 2197 3416 τινα
2231 3361 2428 3433 ἡδονὴν
2458 3362 2487 3414 6
2530 3359 2763 3425 πλοῦτος
2803 3359 2939 3431 ἔχει,
2981 3361 3037 3414 εί
3061 3378 3184 3415 τινα
3221 3364 3420 3435 τιμήν·
3458 3365 3773 3420 τούναντίον

2073 3452 2183 3527 γὰρ
2210 3454 2359 3509 άπαν
2400 3453 2533 3525 όρώ.
2565 3454 2677 3507 Kal
2709 3454 2759 3506 εί
2795 3451 3076 3523 βούλεσθε,
3113 3455 3329 3526 πρῶτον
3368 3455 3466 3521 τὰς
3487 3457 3769 3530 τραπέζας

2072 3545 2184 3600 τῶν
2213 3544 2594 3598 πλουτούντων
2624 3544 2722 3598 καὶ
2765 3543 3080 3614 πενομένων
3111 3544 3477 3617 ἐξετάζωμεν,
3507 3550 3599 3601 καὶ
3629 3549 3771 3620 έρώ.

2077 3637 2221 3709 μεθα
2271 3638 2424 3711 [455]
2470 3640 2598 3702 τοὺς
2631 3636 3027 3709 ἑστιωμένους,
3059 3637 3207 3701 τίνες
3254 3638 3492 3708 μάλιστά
3536 3641 3674 3695 είσιν
3716 3645 3768 3694 οί

2073 3733 2323 3805 καθαρὰν
2357 3733 2454 3786 καὶ
2491 3731 2726 3801 γνησίαν
2751 3730 3127 3803 καρπούμενοι
3155 3733 3380 3804 ἡδονήν;
3411 3737 3459 3788 οί
3489 3734 3627 3807 πρὸς
3652 3737 3768 3790 δια.

2077 3825 2510 3899 μεμετρημένην
2540 3825 2642 3895 τὴν
2668 3824 2888 3896 ἡμέραν
2931 3825 3023 3878 ἐπὶ
3051 3824 3162 3879 τῶν
3197 3828 3466 3882 στιϐάδων
3512 3830 3768 3883 κατακεί-

2077 3939 2251 3996 μενοι,
2281 3922 2376 3975 καὶ
2405 3921 2476 3975 τά
2499 3919 2691 3974 δεῖπνα
2715 3923 2830 3984 τοῖς
2849 3920 3098 3992 ἀρίστοις
3126 3921 3512 3987 συνάπτοντες,
3542 3925 3636 3977 καὶ
3663 3924 3768 3995 τὴν

2072 4017 2320 4088 γαστέρα
2351 4013 2802 4088 διαρρηγνύντες,
2840 4014 2934 4067 καὶ
2965 4015 3065 4078 τάς
3113 4013 3396 4085 αἰσθήσεις
3434 4015 3763 4088 πηροῦντες,

2021 4133 2025 4137 τ
2069 4110 2164 4164 καὶ
2205 4108 2285 4182 τῷ
2314 4109 2609 4181 ὑπερόγκῳ
2641 4106 2753 4160 τῶν
2783 4105 3100 4178 ἐδεσμάτων
3129 4107 3337 4178 φορτίῳ
3367 4107 3428 4162 τὸ
3454 4108 3637 4163 πλοῖον
3662 4127 3765 4163 κα-

2067 4208 2511 4274 ταποντίζοντες,
2545 4208 2639 4261 xal
2669 4205 3007 4278 ὑπέραντλον
3039 4204 3324 4270 ποιοῦντες
3355 4206 3454 4278 τὴν
3482 4207 3638 4276 ναῦν,
3670 4209 3764 4262 καὶ

2069 4306 2324 4380 καθάπερ
2377 4309 2436 4361 ἐν
2469 4305 2722 4377 ναυαγίῳ
2761 4304 2840 4376 τῷ
2888 4304 2984 4359 τοῦ
3021 4303 3276 4376 σώματος
3327 4304 3764 4370 κατακλύζοντες

2067 4405 2263 4476 αὑτὴν,
2298 4405 2397 4459 καὶ
2446 4403 2640 4468 πέδας,
2695 4403 2791 4456 καὶ
2842 4401 3188 4473 χειροπέδας,
3225 4403 3320 4456 καὶ
3374 4402 3762 4472 γλωσσοπέδας

2067 4501 2437 4565 ἐπινοοῦντες,
2490 4500 2586 4555 καὶ⁵
2617 4501 2764 4554 ἀπαν
2789 4497 2971 4552 αὑτῶν
3009 4496 3482 4569 καταδεομοῦντες
3510 4499 3572 4553 τὸ
3603 4502 3762 4570 σῶμα

2064 4599 2316 4663 ἀλύσεως
2349 4598 2578 4668 σιδηρᾶς
2620 4594 2991 4667 χαλεπωτέρῳ
3021 4593 3206 4664 δεσμῷ
3238 4593 3318 4664 τῷ
3343 4595 3441 4666 τῆς
3469 4596 3640 4668 μέθης
3665 4601 3761 4651 καὶ

2065 4698 2166 4769 τῆς
2209 4696 2442 4769 τρυφῆς,
2477 4695 2574 4748 καὶ
2601 4697 2739 4765 μήτε
2785 4691 2953 4745 ὑπνον
2986 4690 3304 4762 αἱρούμενοι
3350 4693 3595 4763 γνήσιον,
3628 4696 3759 4746 em.

2066 4796 2252 4866 κρινῆ,
2306 4795 2444 4865 μήτε
2476 4792 2777 4863 ὀνειράτων
2809 4787 3224 4859 ἀπηλλαγμένοι
3259 4788 3529 4860 φοϐερῶν,
3565 4791 3674 4846 τῶν
3698 4809 3758 4845 τε

2068 4892 2418 4968 μαινομένων
2449 4893 2602 4954 δντες
2629 4888 2972 4960 ἀθλιώτεροι,
3010 4888 3106 4942 καὶ
3133 4887 3455 4960 αὐθαίρετόν
3498 4907 3619 4943 τινα
3644 4889 3758 4944 δαί-

2067 5009 2207 5063 μονα
2237 4989 2624 5058 ἐπεισάγοντες
2649 4989 2715 5058 τῇ
2757 4985 2927 5058 ψυχῇ,
2959 4986 3054 5039 καὶ
3093 4984 3267 5054 γέλως
3298 4985 3647 5058 προκείμενοι
3679 4987 3757 5057 τῷ

2064 5084 2278 5155 θεάτρῳ
2321 5081 2432 5135 τῶν
2462 5080 2711 5142 οἰκετῶν,
2759 5077 2960 5150 μᾶλλον
2985 5077 3043 5131 δὲ
3076 5077 3170 5131 καὶ
3197 5076 3476 5149 τραγῳδία
3522 5077 3614 5131 καὶ
3657 5077 3756 5132 δασ-

2063 5187 2249 5259 κρύων
2274 5183 2532 5246 ὑπόθεσις
2555 5185 2669 5246 τοῖς
2701 5181 3128 5251 ἐπιεικεστέροις
3163 5178 3364 5243 αὐτῶν,
3406 5181 3500 5233 καὶ
3547 5181 3752 5252 μηδένα

2061 5291 2265 5354 είδότες
2284 5288 2393 5342 τῶν
2418 5286 2725 5356 παρόντων,
2761 5285 2899 5355 μήτε
2930 5284 3106 5336 εἰπεῖν
3126 5297 3179 5333 τι
3206 5282 3300 5334 καὶ
3334 5281 3565 5336 ἀκοῦσαι
3586 5282 3752 5335 δυνά-

2063 5403 2238 5456 μενοι,
2274 5382 2411 5438 ἀλλά
2454 5381 2696 5453 φοράδην
2735 5379 2845 5435 61:6
2869 5378 2977 5431 τῶν
3003 5373 3271 5430 στιϐάδων
3304 5377 3397 5430 ἐπὶ
3425 5377 3524 5448 τὴν
3563 5376 3753 5448 κλίνην

2059 5483 2354 5552 ἀγόμενοι,
2392 5481 2425 5551 ἢ
2465 5481 2512 5533 οί
2552 5482 2818 5550 νήφοντες
2851 5476 2946 5530 καὶ
2993 5477 3042 5528 οί
3085 5476 3472 5546 ἐγρηγορότες,
3527 5477 3621 5530 καὶ
3679 5479 3748 5548 τῇ

2060 5585 2224 5656 χρείᾳ
2260 5581 2322 5634 τὸ
2358 5582 2558 5652 μέτρον
2583 5579 2882 5650 ὁρίζοντες,
2908 5575 3003 5627 καὶ
3037 5573 3096 5638 ἐξ
3125 5575 3312 5645 οὑρίας
3345 5576 3620 5638 πλέοντες,
3655 5575 3747 5626 καὶ

2061 5682 2318 5751 μέγιστον
2344 5679 2563 5749 ἥδυσμα
2593 5677 2655 5730 τὸ
2686 5676 2877 5745 πεινῇν
2899 5674 2991 5726 καὶ
3019 5672 3178 5744 διψῇν
3203 5673 3414 5744 ἔχοντες
3438 5674 3528 5726 ἐπί
3549 5690 3605 5726 τε
3638 5670 3747 5729 τῶν

2127 5837 2155 5876 ³⁸
2170 5841 2284 5893 Cod.
2315 5849 2368 5894 et
2388 5841 2436 5891 (ἶ.
2465 5840 2861 5890 Βαγὶίοωὶιιυηι
2884 5836 3013 5885 ἰδεῖν.
