4046 6434
365 362 468 417 ιω

362 479 568 543 σιτίων,
605 476 696 529 ὲπί
728 494 783 528 τε
809 476 916 529 τῶν
942 478 1118 529 ποτῶν
1146 494 1159 539 ς
1187 479 1353 531 Οὐδὲν
1392 480 1501 550 γάρ
1531 478 1675 532 οὕτω
1704 478 1798 532 καὶ
1834 478 2028 549 ἡδονὴν

360 564 453 617 καί
495 564 700 631 ὑγίειαν
752 564 1065 632 ἐργάζεται,
1098 564 1171 627 ὡς
1224 565 1285 617 τὸ
1329 566 1601 619 πεινῶντα
1653 567 1746 618 καί
1788 565 2028 635 διψῶντα

359 648 501 702 οὕτω
534 648 642 700 τῶν
666 649 1039 719 προκειμένων
1069 650 1358 716 ἅπτεσθαι,
1390 653 1484 705 καὶ
1510 653 1672 723 κόρον
1701 653 1899 706 εἰδέναι
1924 654 2026 722 τὴν

361 735 544 805 χρείαν
569 736 756 805 μόνην,
781 736 874 789 καὶ
906 737 980 808 μὴ
1005 737 1360 809 ὑπερϐαίνειν
1386 741 1590 805 ταύτης
1610 742 1679 795 τά
1703 741 2024 810 σκάμματα,

363 821 496 893 μηδὲ
526 823 715 895 μεῖζον
754 822 855 893 τῆς
888 823 1169 895 δυνάμεως
1200 825 1504 879 ἐπιτιθέναι
1535 828 1596 880 τὸ
1639 827 1802 898 ἄχθος
1824 826 1901 897 τῷ
1928 825 2028 879 σώ-

361 926 509 979 ματι.

427 1002 499 1066 η’.
516 997 578 1049 Εἰ
602 995 660 1049 δὲ
686 997 935 1061 ἀπιστεῖς
966 1016 1067 1069 μου
1086 999 1164 1070 τῷ
1179 999 1341 1071 λόγῳ,
1360 1000 1649 1071 κατάμαθε
1666 1000 1732 1054 τά
1746 1000 2024 1071 ἑκατέρων

359 1079 608 1151 σώματα,
639 1083 734 1135 καὶ
759 1084 858 1152 τὴν
889 1084 1118 1138 ἑκάστου
1142 1086 1336 1155 ψυχήν.
1374 1087 1507 1155 Οὐχὶ
1535 1087 1601 1140 τά
1630 1088 1727 1158 μέν
1751 1087 1859 1140 τῶν
1883 1086 2025 1141 οὕτω

354 1168 724 1238 διαιτωμένων
747 1170 1075 1242 συμμέτρως
1101 1173 1199 1243 (μὴ
1219 1177 1327 1245 γάρ
1353 1191 1441 1243 μοι
1474 1176 1534 1228 τὸ
1562 1176 1855 1239 σπανιάκις
1886 1193 2025 1247 συμ-

356 1254 539 1309 ϐαῖνον
561 1255 743 1328 εἴπῃς,
767 1259 861 1310 καὶ
894 1258 948 1311 εἴ
972 1276 1119 1323 τινες
1145 1262 1390 1324 ἀσθενεῖς
1417 1258 1527 1317 εἷεν
1559 1265 1623 1316 ὲκ
1649 1265 2023 1335 περιστάσεως

355 1343 545 1412 ἐτέρας
569 1344 734 1406 τινὸς,
760 1344 874 1396 ἀλλ’
902 1345 1010 1398 ἀπὸ
1047 1347 1155 1399 τῶν
1186 1348 1275 1400 ἀεὶ
1298 1349 1393 1401 καὶ
1428 1352 1666 1421 συνεχῶς
1694 1350 2021 1421 συμϐαινόν-

354 1445 461 1481 των
492 1429 589 1492 τὰς
632 1430 845 1499 ψήφους
886 1431 1173 1504 λάμϐανε),
1218 1436 1340 1505 οὐχί
1380 1436 1518 1489 τῶν-
1541 1439 1639 1509 μὲν
1688 1438 2021 1510 συμμέτρως

353 1517 697 1586 ἑστιωμένων
720 1517 970 1588 εὐρωστα
1008 1520 1075 1573 τὰ
1112 1520 1360 1590 σώματα,
1403 1525 1494 1576 καί
1520 1526 1926 1596 τετρανωμέναι
1964 1528 2019 1579 αἱ

353 1602 655 1671 αἰσθήσεις,
703 1603 802 1674 τὴν
828 1606 1035 1659 οἰκείαν
1082 1608 1270 1677 χρείαν
1316 1610 1616 1681 πληροῦσαι
1646 1613 1784 1683 μετά
1821 1614 2021 1686 πολλῆς

352 1691 451 1761 τῆς
479 1691 1002 1755 εὐκολίας;ἐκείνων
1023 1694 1078 1746 δέ
1105 1694 1354 1767 πλαδαρά
1377 1700 1469 1751 καὶ
1498 1701 1697 1763 παντὸς
1712 1701 1882 1772 κηροῦ
1909 1719 2016 1771 μα-

352 1772 656 1843 λακώτερα,
706 1774 800 1825 καί¹
845 1775 1000 1845 ἐσμῷ
1042 1778 1366 1849 νοσημάτων
1407 1781 1873 1853 πολιορκούμενας
1910 1786 2018 1839 Καὶ

350 1859 458 1932 γὰρ
476 1861 564 1914 καὶ
598 1863 867 1934 ποδάγραι
887 1866 1097 1936 ταχέως
1122 1869 1307 1933 αὐτοῖς
1322 1871 1669 1940 ἐφίπτανται,
1699 1876 1794 1929 καί
1816 1876 2019 1947 τρόμος

349 1949 595 2017 ἄκαιρος,
625 1950 718 2002 καὶ
740 1950 917 2021 γῆρας
943 1952 1142 2025 ἄωρον,
1184 1956 1276 2009 καὶ
1304 1958 1685 2028 κεφαλαλγίαι,
1714 1962 1808 2015 καὶ
1826 1962 2020 2018 νδιατάο

351 2050 483 2122 σεις,
522 2035 617 2088 καὶ
648 2036 934 2107 στομάχων
966 2040 1266 2111 πηρώσεις,
1298 2045 1393 2097 καὶ
1438 2045 1677 2117 ὀρέξεως
1713 2050 2021 2122 ἀναίρεσις,

348 2123 441 2175 καὶ
470 2121 744 2210 διηνεκῶν
761 2125 972 2179 δέονται
1008 2129 1227 2200 ἰατρῶν,
1256 2134 1351 2185 καὶ
1378 2134 1617 2204 συνεχῶν
1657 2137 1767 2191 τῶν
1793 2121 2017 2210 φαρμά-

348 2224 483 2294 κων,
526 2209 620 2262 καὶ
652 2209 1030 2283 καθημερινῆς
1060 2219 1158 2285 τῆς
1199 2216 1520 2288 θεραπείας.
1553 2222 1739 2276 Ταῦτα
1774 2209 2018 2294 οὗνίὴδοο

346 2293 474 2362 νῆς;
519 2296 638 2349 εἰπέ
682 2314 791 2366 μοι.
832 2300 941 2351 Καὶ
985 2302 1068 2365 τίς
1095 2302 1161 2356 ἀν
1192 2303 1337 2357 εἴποι
1370 2308 1477 2360 τῶν
1505 2309 1723 2363 εἰδότων
1753 2312 1781 2364 ὅ
1808 2312 1862 2365 τί
1885 2293 2015 2366 ποτέ

346 2381 495 2433 ἐστιν
530 2384 722 2454 ἡδονή;
773 2385 960 2457 Ἡδονὴ
994 2389 1103 2460 γάρ
1140 2391 1351 2458 γίνεται
1376 2396 1518 2461 τότε,
1558 2397 1686 2451 ὅταν
1720 2399 2017 2471 ἐπιθυμίας

345 2471 985 2562 ἡγουμνηςνάπόλαυσις
1020 2476 1219 2546 ἕπηται
1251 2492 1275 2520 ι
1301 2497 1314 2509 ·
1342 2480 1408 2534 ἂν
1441 2483 1807 2549 δὶὰπόλαυσις
1842 2482 2012 2562 μένῇ,

345 2557 611 2627 ἐπιθυμία
639 2559 693 2611 δὲ
752 2561 1001 2630 μηδαμοῦ
1035 2564 1309 2635 φαίνηται,
1344 2567 1412 2621 τά
1468 2571 1565 2639 τῆς
1596 2571 1788 2640 ἡδονῆς
1814 2557 2017 2643 οἴχεται

344 2644 438 2696 καὶ
471 2645 781 2714 ἠφάνισται.
816 2649 913 2701 Διά
936 2650 1187 2704 τοιτοῦτο
1216 2655 1309 2706 καὶ
1333 2656 1382 2706 οί
1411 2656 1692 2721 νοσοῦντες
1725 2658 1903 2712 καίτοι
1937 2678 2016 2714 σι-

342 2728 467 2781 τίων
500 2732 977 2808 περισπουδάστων
1011 2736 1193 2801 αὐτοῖς
1237 2740 1636 2810 προκειμένων,
1670 2744 2012 2810 ναυτιῶντες,

341 2816 434 2869 καὶ
462 2819 792 2888 ἐνοχλεῖσθαι
850 2820 1149 2888 δοκοῦντες,
1185 2825 1356 2891 οὓτως
1398 2828 1575 2882 αὐτῶν
1618 2830 2009 2901 ἀπογεύονται·

341 2904 531 2992 ἐπειδὴ
595 2906 860 2992 ἐπιθυμία
906 2910 1005 2963 οὐκ
1059 2910 1228 2975 ἔστιν,
1278 2916 1307 2983 ἡ
1346 2916 1442 2985 τὴν
1468 2917 1763 2972 ἀπόλαυσιν
1792 2921 2011 2992 ἡδίστην

343 2991 590 3045 ποιοῦσα.
622 2991 756 3045 Οῦτε
788 2995 895 3066 γάρ
923 2996 953 3065 ἠ
984 2996 1092 3049 τῶν
1139 2998 1321 3054 σιτίων
1357 3001 1535 3070 φύσις,
1569 3003 1692 3058 οὔτε
1719 3007 1752 3077 ἡ
1782 3007 1890 3060 τῶν

339 3077 467 3141 τῶν,
500 3078 611 3130 ἀλλ’
633 3081 666 3149 ἡ
694 3081 801 3133 τῶν
818 3084 1164 3153 ἑστιωμένων
1189 3086 1366 3158 δρεξις
1385 3090 1484 3161 τὴν
1502 3092 1797 3163 ἐπιθυμίαν
1811 3095 2013 3155 τίκτειν

340 3164 517 3228 εἴωθε,
542 3168 634 3249 καὶ
666 3166 764 3239 τὴν
798 3169 990 3242 ἡδονὴν
1020 3172 1347 3243 ἐργάζεσθαι
1369 3176 1713 3246 πέφυκε.Διά
1733 3182 1891 3237 τοῦτο
1920 3183 2013 3238 καί

339 3266 423 3314 τις
450 3252 608 3321 σοφὸς
630 3255 788 3325 ἀνὴρ,
821 3257 889 3310 τά
922 3258 1049 3329 περί
1080 3258 1181 3331 τῆς
1223 3262 1413 3333 ἡδονῆς
1440 3264 1684 3337 ἀκριϐῶς
1721 3268 1895 3337 εἰδὼς,
1918 3273 2013 3324 καὶ

340 3337 650 3427 φιλοσοφεῖν
695 3343 1059 3413 περὶτούτων
1104 3348 1465 3419 ἐπιστάμενος
1499 3352 1550 3415 δ,
1599 3352 1779 3423 ἐλεγεσ
1833 3358 2009 3427 Ψυχὴ

336 3425 809 3497 ἐμπεπλησμένη
830 3428 980 3503 [455]
1000 3434 1228 3501 κηρίοις
1245 3435 1534 3504 ἐμπαίζει·
1564 3439 1777 3505 δεικνὺς
1802 3442 1885 3496 ὅτι

339 3514 397 3566 ἐν
450 3516 515 3584 τῇ
564 3515 721 3581 φύσει
775 3516 875 3587 τῆς
923 3520 1222 3590 τραπέζης,
1278 3522 1478 3577 ἀλλ’ὲν
1513 3528 1579 3597 τῇ
1612 3526 1848 3583 διαθέσει
1902 3531 2008 3585 τῶν

339 3599 681 3689 ἑστιωμένων
708 3601 776 3656 τά
804 3603 902 3674 τῆς
922 3604 1119 3677 ἡδονῆς
1144 3608 1363 3680 ἐστηκε.
1392 3611 1492 3665 Διά
1512 3612 1670 3667 τοῦτο
1700 3617 1794 3669 καί
1825 3617 1855 3671 ὁ
1883 3635 2012 3689 προ-

338 3686 515 3775 φὴτης
544 3687 611 3741 τά
635 3688 693 3775 ἐν
712 3690 972 3775 Αἰγύπτῳ
984 3692 1236 3765 θαύματα
1251 3699 1347 3751 καὶ
1364 3697 1435 3752 τά
1457 3700 1514 3753 ἐν
1536 3703 1600 3772 τῇ
1627 3702 1818 3775 ἐρήμῳ
1839 3686 2009 3759 κατα-

336 3768 529 3837 λέγων,
567 3771 705 3840 μετά
730 3772 839 3826 τῶν
866 3774 1041 3829 ἀλλων
1068 3779 1161 3831 καὶ
1185 3779 1343 3833 τοῦτο
1377 3768 1615 3853 ετρηκεν,
1649 3768 1746 3838 δτῖ
1769 3768 1863 3842 ’ἐκ
1901 3792 1999 3841 πέ·

336 3878 478 3930 τρας
491 3861 631 3932 μέλι
658 3862 989 3932 ἑχόρτασεν
1007 3870 1248 3937 αὐτούς.
1292 3872 1483 3928 Καίτοι
1520 3891 1582 3943 γε
1618 3876 1855 3948 οὐδαμοῦ
1884 3879 2007 3950 μέλι

336 3951 583 4017 φαίνεται
618 3952 793 4039 πέτρα
826 3953 1010 4018 αὐτοῖς
1031 3956 1382 4014 ἀναϐλύσασα
1398 3976 1413 3992 ⁸
1437 3963 1490 4015 τί
1520 3959 1613 4017 οὗν
1636 3965 1749 4017 ἐστι
1771 3965 1833 4019 τὸ
1856 3968 2009 4039 εἰρη-

336 4037 529 4105 μένους
575 4037 792 4109 Ἐπειδὴ
842 4039 1021 4111 πολλῷ
1052 4048 1510 4119 κατειργασμένοι
1544 4049 1621 4120 τῷ
1653 4051 1885 4122 καμάτῳ
1913 4037 2006 4105 καὶ

333 4123 721 4213 τῇνὸδοιπορίᾳ,
749 4127 843 4180 καὶ
859 4128 1075 4199 σφοδρῷ
1126 4134 1473 4203 κατεχόμενοι
1513 4137 1589 4207 τῷ
1622 4138 2006 4213 δίψειψυχροῖς

330 4212 442 4272 τοῖς
472 4210 672 4280 νάμασι
720 4213 1109 4284 προσέπιπτον,
1154 4219 1276 4271 ἀντὶ
1331 4221 1638 4292 ἡδύσματος
1681 4210 1915 4295 μεγάλου
1944 4229 2005 4283 τὸ

332 4296 489 4386 διφῇν
529 4297 761 4386 ἔχοντες,
792 4300 888 4371 τὴν
916 4302 1109 4373 ἡδονὴν
1147 4303 1257 4357 τῶν
1295 4308 1553 4377 ναμάτων
1576 4311 1799 4365 ἐκείνων
1824 4330 2001 4386 παρα-

334 4384 527 4471 στῆσαι
556 4384 896 4456 βουλόμενος,
926 4389 1048 4459 μέλι
1073 4391 1134 4444 τὸ
1172 4392 1315 4464 ὓδωρ
1341 4396 1617 4461 ἐκάλεσεν,
1652 4399 1750 4469 οὐχ
1776 4401 1852 4464 ὡς
1903 4384 2003 4471 τῆς

331 4470 548 4558 φύσεως
586 4474 665 4536 εἰς
706 4473 828 4543 μέλι
858 4476 1545 4549 μεταϐληθείσης,’ἀλλ’ὼς
1562 4485 1661 4555 τῆς
1684 4486 1877 4558 ἡδονῆς
1905 4470 1999 4543 τοῦ

333 4557 521 4621 ὓδατος
565 4561 948 4635 ἀμιλλωμένης
983 4566 1164 4638 ἐκείνῃ
1205 4572 1273 4639 τῇ
1320 4568 1638 4642 γλυκύτητι,
1692 4573 1779 4628 διὰ
1823 4576 1885 4629 τὸ
1924 4577 2001 4630 δι-

328 4644 546 4714 φῶντας
592 4646 711 4700 τότε
776 4654 1101 4717 προσπεσεῖν
1155 4654 1282 4714 τοὺς
1337 4655 1771 4723 ἀπολελαυκότας
1812 4662 1996 4717 αὐτοῦ.

332 4731 500 4784 Ὀταν
547 4732 724 4787 τοίνυν
754 4733 927 4789 ταῦτα
950 4736 1136 4791 τοῦτον
1166 4739 1266 4813 ἔχῃ
1306 4741 1398 4795 τὸν
1426 4745 1649 4815 τρόπον,
1684 4748 1778 4801 καὶ
1814 4751 1999 4821 μηδεὶς

327 4818 630 4907 ἀντιλέγειν
656 4818 899 4891 δύνηται.
933 4823 1036 4876 κᾶν
1077 4826 1282 4897 σφόδρα
1320 4830 1643 4902 ἀναίσθητος
1733 4850 1746 4864 ’
1779 4818 1885 4890 οὐκ.
1908 4839 1997 4891 εὐ-

326 4906 485 4975 δηλον
514 4908 595 4959 ὃτι
622 4907 775 4978 παρά
808 4912 928 4998 ταῖς
964 4910 1074 4964 τῶν
1106 4916 1349 4984 πενήτων
1388 4906 1743 4993 τραπέζαιςνὴ
1783 4926 1997 4998 καθαρά

330 4995 423 5045 καὶ
452 4993 747 5065 εἰλικρινὴς
801 4997 895 5049 καὶ
940 4998 1143 5070 σφοδρά
1173 5001 1327 5073 ἡδονή
1357 5020 1371 5069 ;
1402 5006 1458 5057 ἐν
1490 5006 1548 5059 δὲ
1579 5011 1697 5072 ταῖς
1715 5010 1822 5063 τῶν
1844 4993 1997 5067 πλουο

332 5080 461 5131 σίων
509 5080 691 5150 ἀηδία,
722 5086 817 5136 καὶ
866 5084 1182 5156 βδελυγμία,
1230 5090 1324 5141 καὶ
1355 5091 1657 5163 μολυσμός;
1692 5097 1784 5149 καὶ
1814 5099 1995 5163 καθὼς

330 5162 481 5255 εἶπεν
508 5168 536 5219 ὁ
560 5170 718 5238 σοφὸς
750 5173 955 5235 ἐκεῖνος
986 5172 1145 5245 ἀνὴρ,
1186 5174 1295 5228 Καὶ
1323 5178 1391 5231 τὰ
1420 5162 1565 5245 ἡδέα
1597 5162 1998 5255 παρενοχλεῖκ

327 5253 504 5307 δοκει.

397 5341 615 5429 θ’,Ὰλλά
631 5345 893 5415 τιμᾶσθαι
910 5351 1313 5418 παρασκευάζει
1332 5354 1457 5416 τοὺς
1470 5353 1726 5429 ἔχονταςιό
1742 5361 1991 5426 πλοῦτος,

327 5431 481 5499 φησὶ,
515 5417 609 5483 κᾶὶ
635 5431 863 5504 ἐχθροὺς
898 5417 1202 5503 ἀμύνασθαι
1256 5441 1373 5509 μετ’
1405 5417 1809 5506 εὐκολίαςίᾏιά
1837 5417 1994 5503 τοῦτο

324 5517 439 5607 οὶν,
491 5520 611 5571 εἰπέ
665 5538 775 5589 μοι,
812 5522 1056 5607 ποθεινὸς
1108 5527 1235 5596 ύμῖν
1298 5530 1391 5581 καί
1430 5534 1799 5605 περιμάχητος
1851 5533 1991 5592 εἶναι

324 5604 490 5668 δίκετ,
520 5607 602 5659 ὅτι
638 5607 706 5661 τά
747 5604 1104 5678 χαλεπώτατα
1135 5614 1191 5666 ἐν
1224 5615 1353 5684 ἡμῖν
1395 5616 1582 5686 τρέφει
1615 5619 1781 5691 πάθη,
1819 5624 1991 5695 ὀργήν

389 5753 413 5779 α
437 5752 513 5798 Fit-
538 5756 673 5799 recte
701 5750 850 5800 Savil.
876 5752 1043 5802 Moulf.
1070 5755 1249 5803 ἕπεται.
1274 5755 1409 5804 Ευιτ.

388 5811 413 5851 ιι
434 5814 513 5863 εἰς
541 5821 639 5862 tres
657 5826 767 5863 mss.
796 5813 944 5864 Savil.
972 5825 1135 5864 autem
1158 5824 1209 5865 ει
1235 5817 1351 5867 Mor.
1372 5820 1640 5883 φιλοσοφεῖν
1665 5820 1811 5870 ταῦτα
1834 5823 1970 5872 ἐπιστ

1155 365 1210 420 S.
1251 362 1532 418 JOANNIS
1569 359 2053 418 CHRYSOSTOMI
2095 360 2412 417 ARCIIlEP.
2456 364 3007 423 (IONSTANTINOP.

3703 365 3813 421 470

2130 493 2188 529 τε
2219 480 2299 542 εἰς
2324 478 2485 548 ἔργον
2499 479 2731 547 ἐξάγων,
2759 481 2853 535 καί
2882 482 2981 553 τῆς
3000 480 3321 553 δοξομανίας
3337 481 3436 544 τάς
3450 478 3813 552 πομφόλυγας

2130 566 2212 632 εἰς
2244 565 2463 635 μείζονα
2495 565 2661 633 δγκον
2686 568 2949 640 ἐπαίρων,
2986 569 3079 621 καὶ
3110 569 3244 640 πρὸς
3272 569 3531 622 ἀπόνοιαν
3566 566 3815 636 ἀλείφων

2128 672 2187 709 τε
2234 659 2327 709 καὶ
2382 658 2704 727 διεγείρων;
2745 658 2842 711 Διά
2875 657 3051 712 ταῦτα
3082 658 3180 730 μὲν
3214 654 3307 712 οὗν
3337 659 3569 729 μάλιστα
3595 660 3814 730 ἀμετα-

2133 748 2361 817 στρεπτί
2391 746 2616 817 φεύγειν
2670 747 2830 801 αὐτὸν
2870 747 2998 819 χρὴ,
3032 748 3115 803 ὅτι
3138 749 3302 821 θηρία
3344 748 3466 802 τινὰ
3506 747 3681 819 ἄγρια
3712 748 3815 803 καὶ

2128 838 2343 909 χαλεπά
2402 840 2486 902 είς
2523 839 2622 909 τὴν
2669 839 2906 893 διάνοιαν
2934 838 3212 905 εἰσοικίζει
3239 838 3339 909 τὴν
3377 838 3679 910 ἡμετέραν,
3706 838 3815 908 τῆς

2130 931 2234 1000 μὲν
2284 930 2453 994 ὄντως
2500 930 2665 1000 τιμῆς
2689 931 2790 999 τῆς
2816 930 2967 1003 παρά
2996 932 3213 985 πάντων
3251 929 3590 1000 ἀποστερῶν,
3620 928 3724 1000 τὴν
3750 930 3814 983 δὲ

2128 1022 2377 1075 ἐναντίαν
2403 1023 2637 1093 ἐκείνης,
2658 1025 2768 1085 τοῖς
2792 1022 3006 1093 ἐκείνης
3026 1022 3695 1094 χρώμσινάναχρωννὺς,
3716 1022 3816 1074 καὶ

2126 1109 2269 1165 οὕτω
2316 1114 2608 1183 προσάγων
2639 1116 2751 1177 τοῖς
2785 1111 3179 1183 ἡπατημένοις,
3223 1113 3315 1165 καὶ
3367 1111 3571 1164 πείθων
3601 1110 3816 1182 ταύτην

2126 1202 2339 1274 ἐκείνην
2361 1199 2499 1257 εἶναι
2529 1203 2789 1275 νομίζειν,
2816 1204 2915 1256 οὐκ
2945 1198 3109 1257 οὖσαν
3130 1206 3197 1274 τῇ
3215 1201 3396 1273 φύσει,
3421 1202 3558 1256 ἀλλά
3580 1204 3647 1271 τῇ
3687 1200 3816 1270 ὄψει

2124 1293 2389 1348 δοκοῦσαν
2415 1291 2573 1349 εἶναι.
2611 1296 2877 1366 Καθάπερ
2901 1295 3012 1366 γὰρ
3036 1293 3106 1347 τὰ
3136 1293 3306 1365 κάλλη
3323 1294 3430 1347 τῶν
3458 1293 3815 1365 ἑταιριζομέ-

2125 1401 2231 1438 νων
2259 1386 2531 1454 γυναικῶν
2559 1387 2921 1457 ἐπιτρίμμασι
2953 1385 3047 1438 καὶ
3076 1385 3416 1455 ύπογραφαῖς
3445 1383 3809 1453 συγκείμενα,

2125 1475 2355 1542 κάλλους
2385 1477 2486 1549 μὲν
2514 1478 2905 1548 ἀπεστέρηται,
2938 1477 3036 1546 τὴν
3053 1476 3109 1529 δέ
3139 1474 3370 1547 αἰσχρὰν
3404 1475 3525 1544 ὄψιν
3555 1475 3653 1528 καὶ
3683 1475 3814 1527 δυσ-

2124 1568 2242 1639 ειδῆ
2282 1570 2453 1641 καλήν
2502 1587 2561 1622 τε
2598 1571 2690 1623 καὶ
2718 1569 2896 1640 εὐειδῆ
2923 1564 3062 1623 εἶναι
3090 1570 3233 1621 ποιεῖ
3274 1566 3425 1637 παρὰ
3444 1568 3557 1629 707.;
3585 1567 3679 1620 ὑπ’
3710 1568 3812 1619 αύ-

2123 1661 2222 1731 τῆς
2244 1660 2643 1734 ἡπατημένοις,
2677 1663 2778 1714 οὐκ
2798 1657 2961 1714 οὖσαν
2984 1658 3157 1731 καλὴν
3183 1676 3196 1689 ο
3221 1658 3365 1712 οὕτω
3382 1658 3448 1728 δὴ
3468 1659 3563 1710 καὶ
3590 1660 3620 1712 δ
3645 1656 3810 1711 πλοῦ-

2121 1765 2213 1812 τος
2272 1750 2369 1820 τὴν
2422 1749 2712 1803 κολακείαν
2752 1749 3072 1820 βιαζόμενος
3116 1749 3280 1821 τιμὴν
3318 1746 3594 1802 δεικνύναι
3634 1750 3804 1802 ποιεῖ.

2121 1841 2215 1908 Μὴ
2246 1840 2354 1911 γάρ
2387 1858 2476 1912 μοι
2506 1842 2605 1905 τὰς
2645 1844 2705 1894 ἐν
2721 1840 2799 1911 τῷ
2833 1840 3054 1913 φανερῷ
3091 1840 3179 1895 διά
3217 1838 3382 1909 φόδον
3408 1838 3505 1894 καὶ
3553 1838 3809 1893 θωπείαν

2121 1932 2411 2002 γινομένας
2443 1930 2720 2003 εὐφημίας
2780 1932 2895 2005 ῐδῃς
2917 1946 2929 1959 ⁸
2953 1928 3110 2001 αὗται
3142 1934 3252 2006 γάρ
3288 1936 3394 1987 ιῑσι
3430 1932 3501 1987 τὰ
3534 1931 3809 2005 χρώματα

2124 2027 2217 2078 καὶ
2250 2028 2305 2079 αἱ
2354 2026 2669 2097 ὑπογραφαί
2695 2037 2717 2063 π
2738 2041 2752 2056 ⁸
2798 2024 2935 2079 ἀλλά
2972 2026 3033 2079 τὸ
3066 2027 3297 2081 ἑκάστου
3330 2026 3569 2089 συνειδὸς
3602 2025 3715 2078 τῶν
3738 2025 3808 2079 τά

2122 2117 2349 2172 τοιαῦτά
2377 2136 2435 2171 σε
2476 2117 2880 2172 κολακευόντων
2916 2117 3243 2183 ἀνάπτυξον,
3288 2119 3378 2171 καὶ
3414 2117 3536 2187 ὕψει
3572 2118 3807 2189 μυρίους

2121 2211 2267 2263 ἔνδον
2293 2209 2677 2275 καταϐοῶντάς
2716 2226 2809 2262 σου
2857 2208 3218 2280 κατηγόρους,
3260 2208 3355 2261 καὶ
3409 2207 3519 2260 τῶν
3564 2208 3806 2279 μάλιστα

2120 2301 2331 2371 ἐχθρῶν
2392 2301 2486 2355 καὶ
2545 2300 2822 2371 πολεμίων
2895 2300 3096 2373 μᾶλλον
3144 2299 3659 2372 ἀποστρεφομένους
3710 2302 3806 2354 καὶ

2122 2392 2437 2462 μισοῦντας.
2473 2394 2583 2447 Καὶ
2607 2392 2660 2445 εί
2692 2409 2823 2446 ποτε
2847 2393 2909 2447 τὸ
2951 2394 3016 2447 ἐκ
3034 2391 3126 2447 τοῦ
3161 2391 3325 2461 φόϐου
3356 2390 3547 2445 τούτου
3572 2392 3803 2460 συγκείο

2123 2501 2283 2553 μενον
2336 2486 2682 2555 προσωπεῖον
2754 2482 3027 2556 μεταϐολὴ
3087 2482 3427 2555 πραγμάτων
3495 2482 3803 2537 ἐπελθοῦσα

2118 2576 2401 2644 ἀφανίσειέ
2426 2592 2487 2628 τε
2519 2577 2613 2628 καί
2640 2574 2955 2643 διελέγξειε,
2989 2576 3243 2645 καθάπερ
3270 2577 3368 2640 τὰς
3409 2574 3560 2645 δψεις
3583 2575 3802 2639 ἐκείνας

2117 2666 2270 2735 ἦλιος
2328 2667 2667 2739 θερμοτέραν
2719 2669 2917 2723 ἀκτῖνα
2963 2669 3142 2737 ἀφεὶς,
3174 2668 3295 2721 τότε
3335 2666 3457 2736 ὄψει
3490 2666 3675 2736 καλῶς
3718 2668 3799 2721 δτι

2120 2757 2273 2829 παρὰ
2315 2759 2491 2812 πάντα
2530 2760 2623 2813 τὸν
2680 2760 2989 2831 ἐμπροσθεν
3020 2761 3209 2831 χρόνον
3251 2760 3311 2812 ἐν
3365 2760 3572 2833 ἐσχάτῃ
3602 2759 3703 2829 μὲν
3729 2755 3794 2832 ἧς

2117 2850 2310 2919 ἀτιμία
2358 2850 2508 2920 παρὰ
2552 2853 2665 2914 τοῖς
2696 2850 3081 2921 θεραπεύουσι,
3122 2849 3286 2921 τιμῆς
3306 2848 3362 2902 δὲ
3386 2848 3637 2919 ἐνόμιζες
3664 2850 3796 2903 ἀπο.

2117 2940 2300 2995 λαύειν
2332 2943 2434 2995 ὑπὸ
2461 2942 2570 2996 τῶν
2596 2943 2831 3013 μάλιστα
2860 2942 3161 3014 μισούντων
3210 2959 3292 3006 σε,
3325 2943 3423 2997 καὶ
3457 2942 3686 3013 μυρίαις
3740 2958 3798 2995 σε

2117 3033 2257 3087 κατά
2301 3034 2540 3088 διάνοιαν
2574 3035 2879 3089 πλυνόντων
2905 3035 3213 3107 λοιδορίαις,
3237 3033 3391 3108 [455]
3417 3034 3513 3087 καὶ
3549 3034 3608 3085 ἐν
3635 3034 3799 3103 ἐσχάο

2117 3142 2236 3190 ταις
2272 3143 2330 3179 σε
2362 3129 2668 3197 συμφοραῖς
2690 3125 3098 3197 ἐπιθυμούντων
3123 3126 3268 3180 ἰδεῖν.
3296 3125 3474 3196 Τιμὴν
3506 3124 3615 3195 γάρ
3647 3123 3800 3177 οὐδὲν

2117 3218 2291 3282 οὓτως
2319 3217 2479 3272 εἴωθε
2511 3222 2707 3286 ποιεῖν,
2733 3217 2808 3283 ὡς
2841 3218 3033 3289 ἀρετὴ,
3064 3216 3228 3289 τιμὴν
3252 3216 3314 3270 οὐ
3336 3217 3799 3287 κατηναγκασμέ-

2114 3327 2233 3379 νην,
2265 3309 2431 3381 τιμὴν
2452 3309 2513 3364 οὐ
2547 3309 2959 3381 πεπλασμένην,
2985 3309 3107 3362 οὐδὲ
3142 3308 3471 3380 προσωπείῳ
3502 3309 3610 3362 τινὶ
3638 3326 3803 3377 φενα-

2114 3400 2313 3472 κισμοῦ
2340 3402 2754 3473 κεκρυμμένην,
2780 3400 2918 3455 ἀλλά
2955 3400 3133 3469 ἀληθῆ
3167 3400 3261 3453 καὶ
3294 3400 3548 3470 γνησίαν,
3582 3402 3677 3454 καὶ
3714 3404 3805 3454 οὐ-

2112 3491 2273 3565 δεμιᾷ
2298 3493 2506 3564 καιρῶν
2524 3493 2781 3563 δυσκολίᾳ
2806 3491 3186 3563 ἐλεγχομένην.

2186 3612 2235 3660 ι’.
2282 3606 2419 3659 Ἀλλ’
2453 3605 2761 3676 ἀμύνασθαι
2797 3604 2974 3675 βούλει
3003 3607 3130 3670 τοὺς
3158 3604 3696 3675 λε).υπηκότας;1ίσί
3723 3606 3795 3659 δι’

2113 3699 2244 3753 αὐτὸ
2302 3699 2400 3769 μὲν
2440 3694 2535 3751 οὖν
2574 3698 2734 3751 τοῦτο
2793 3697 3051 3769 μάλιστα,
3088 3696 3341 3768 καθάπερ
3386 3696 3559 3768 ἔφθην
3599 3698 3797 3763 εἰπὼν,

2114 3788 2343 3856 φευκτὸς
2363 3789 2391 3839 ὁ
2426 3786 2680 3851 πλοῦτος.
2721 3788 2878 3842 Κατά
2907 3789 3017 3860 γάρ
3055 3787 3255 3843 σαυτοῦ
3283 3786 3343 3841 τὸ
3361 3786 3513 3858 ξίφος
3540 3788 3707 3842 ὠθεῖν
3735 3808 3802 3845 σε

2113 3877 2541 3950 παρασκευάζει,
2585 3878 2679 3931 καὶ
2725 3876 3029 3949 βαρυτέρας
3072 3877 3170 3940 τὰς
3211 3877 3269 3929 ἐν
3309 3875 3387 3947 τῷ
3426 3875 3679 3947 μέλλοντί
3710 3896 3802 3935 σοι

2112 3970 2433 4041 καθίστησιν
2462 3968 2711 4034 εὐθύνας,
2744 3970 2837 4022 καὶ
2862 3968 3167 4039 ἀφορήτους
3203 3970 3348 4021 ποιεῖ
3364 3968 3456 4033 τὰς
3493 3971 3795 4041 τιμωρίας.

2111 4063 2374 4116 Τοσοῦτον
2392 4062 2500 4133 γὰρ
2522 4062 2691 4115 κακὸν
2728 4060 2787 4113 τὸ
2825 4059 3156 4130 ἀμύνασθαι,
3186 4060 3267 4113 ὅτι
3310 4061 3404 4114 καὶ
3434 4059 3568 4113 Θεοῦ
3600 4064 3795 4131 φιλανο

2111 4154 2356 4226 θρωπίαν
2406 4152 2790 4217 ἀνεκαλέσατο,
2839 4153 2933 4206 καὶ
2974 4150 3211 4205 δοθεῖσαι
3240 4150 3339 4222 ῆδη
3372 4152 3795 4223 ἁμαρτημάτων

2107 4247 2353 4318 ἀπείρων
2384 4243 2728 4316 συγχώρησιν
2761 4243 3065 4314 ἠκύρωσεν.
3103 4244 3164 4297 ’0
3203 4244 3312 4313 γὰρ
3349 4244 3557 4313 μυρίων
3605 4244 3795 4301 λαὸὡν

2106 4339 2383 4395 ταλάντων
2402 4339 2499 4407 τὴν
2516 4338 2731 4408 ἄφεσιν,
2755 4338 2850 4391 καὶ
2876 4338 2985 4389 ἀπὸ
3003 4337 3163 4407 ψιλῆς
3182 4336 3581 4407 παρακλήσεως
3598 4339 3792 4393 τοσαύ-

2106 4450 2206 4503 της
2237 4429 2549 4493 ἀπολαύσας
2600 4430 2827 4501 δωρεᾶς,
2868 4429 3055 4500 ἐπειδὴ
3101 4429 3296 4483 ἑκατὸν
3321 4427 3590 4499 δηναρίων
3625 4431 3793 4484 ἀπαί-

2105 4542 2264 4598 τησιν
2296 4524 2531 4575 ἐποιεῖτο
2572 4522 2720 4593 παρά
2747 4520 2841 4574 τοῦ
2875 4519 3179 4587 συνδούλου,
3213 4522 3355 4575 τοῦτ’
3392 4522 3558 4586 ἐστιν,
3595 4524 3789 4597 ἐπειδὴ

2105 4619 2216 4673 τῶν
2243 4618 2321 4679 εἰς
2357 4614 2519 4668 αὐτὸν
2548 4613 3033 4684 πλημμελημάτων
3053 4612 3251 4683 ἀπῄτει
3277 4613 3450 4677 δίκας,
3472 4614 3532 4665 ἐν
3562 4616 3629 4683 τῇ
3652 4616 3789 4687 περὶ

2105 4711 2195 4764 τὸν
2249 4705 2536 4777 ὁμόδουλον
2584 4705 2904 4776 σφοδρότητι
2956 4706 3078 4757 καθ’
3124 4704 3319 4757 ἑαυτοῦ
3361 4705 3459 4773 τὴν
3484 4705 3786 4776 καταδίκην

2105 4800 2398 4870 ἐξήνεγκε·
2434 4799 2528 4852 καὶ
2577 4798 2643 4852 δι’
2668 4798 2855 4867 ἕτερον
2896 4796 2993 4866 μὲν
3021 4796 3191 4861 οὐδὲν,
3228 4796 3315 4849 διὰ
3346 4795 3505 4848 τοῦτο
3536 4795 3593 4849 δὲ
3619 4798 3786 4868 μόνον

2107 4894 2201 4945 καὶ
2232 4894 2344 4954 τοῖς
2392 4890 2737 4960 βασανισταῖς
2780 4887 3111 4957 παρεδίδοτο,
3143 4887 3239 4942 καὶ
3274 4888 3649 4960 ἐστρεϐλοῦτο.
3686 4892 3783 4943 καὶ

2104 4987 2173 5039 τὰ
2206 4984 2375 5057 μύρια
2401 4984 2635 5039 τάλαντα
2664 4980 3011 5036 ἀπαιτεῖσθαι
3041 4980 3325 5035 ἐκελεύετο
3344 4999 3358 5012 ·
3397 4984 3489 5037 καὶ
3528 4983 3779 5052 συγγνὼ-

2108 5097 2217 5150 μης
2248 5078 2525 5147 οὐδεμιᾶς,
2564 5075 2685 5128 οὐδέ
2726 5074 3019 5142 ἀπολογίας
3066 5073 3366 5144 ἀπὴλαυεν,
3390 5075 3527 5131 ἀλλά
3565 5079 3635 5131 τὰ
3683 5078 3781 5132 ἀν-

2103 5172 2310 5241 ήκεστα
2350 5168 2575 5238 ἔπασχε,
2617 5165 2924 5229 κελευσθεὶς
2953 5166 3099 5220 ἅπαν
3129 5166 3441 5221 καταθεῖναι
3462 5170 3525 5222 τὸ
3545 5170 3728 5241 χρέος,
3747 5171 3779 5223 δ

2101 5261 2448 5333 προλαϐοῦσα
2471 5264 2503 5330 ἡ
2534 5259 2627 5314 τοῦ
2667 5259 2803 5313 Θεοῦ
2852 5258 3229 5330 φιλανθρωπία
3281 5263 3644 5334 συνεχώρησε.
3675 5264 3774 5317 Διά

2100 5355 2258 5409 τοῦτο
2284 5350 2397 5417 οὖν,
2420 5356 2539 5408 εἰπέ
2572 5372 2682 5425 μοι,
2708 5358 2736 5408 ὁ
2763 5353 2987 5418 πλοῦτός
3030 5371 3111 5407 σοι
3168 5356 3657 5425 περισπούδαστος,
3689 5360 3771 5413 ὅτι

2103 5464 2159 5500 σε
2207 5447 2286 5509 εἰς
2316 5447 2571 5516 τοιαύτην
2623 5446 2898 5516 ἁμαρτίαν
2960 5448 3076 5515 μετ’
3118 5446 3367 5510 εὐκολίας
3409 5448 3623 5516 ἐξάγεις
3660 5451 3771 5506 Καὶ

2100 5537 2205 5609 μὴν
2231 5538 2316 5591 διὰ
2336 5539 2492 5592 τοῦτο
2508 5539 2667 5592 αὐτὸν
2692 5539 2766 5601 ὡς
2807 5537 2995 5608 ἐχθρὸν
3018 5539 3112 5592 καὶ
3146 5539 3401 5610 πολέμιον
3431 5541 3527 5593 καὶ
3559 5543 3771 5613 μυρίων

2097 5633 2336 5702 γέμοντα
2377 5633 2549 5702 φόνων
2570 5632 3122 5703 ἀποστρέφεσθαιδεῖ.
3173 5632 3311 5685 Ἀλλ’
3346 5634 3378 5703 ἡ
3409 5635 3591 5699 πενία,
3611 5639 3768 5708 φησὶ,

2163 5826 2183 5853 ⁸
2214 5824 2381 5873 Morel.
2409 5830 2460 5874 et
2498 5825 2594 5873 dun
2635 5838 2743 5876 mss.
2774 5826 3063 5889 ὑπογραφαί.
3090 5826 3237 5876 Savil.
3273 5835 3327 5877 el.
3352 5844 3476 5878 unus
3498 5830 3763 5899 ἐπιγραφή.
