4046 6444
249 412 353 469 ιω

246 533 340 586 tim
375 529 613 584 habent?
662 526 802 581 Nihil
855 525 998 576 enim
1031 523 1098 575 ita
1130 530 1185 574 et
1228 517 1295 572 ad
1328 518 1652 585 voluptatem
1693 519 1748 563 et
1774 506 1839 559 ad

242 623 531 677 sanitatem
559 619 766 683 facit,ut
787 616 1117 670 esurientem
1139 625 1201 664 ac
1227 611 1520 670 sitientem,
1542 606 1612 656 ita
1630 601 1843 656 demum

240 729 361 782 quae
395 719 736 781 apponuntur
761 713 1132 777 capessere,ct
1156 701 1325 756 solam
1351 696 1725 754 necessitatem
1749 703 1846 760 pro

238 805 494 859 satietate
533 801 752 865 ducere,
776 813 948 869 neque
972 797 1088 866 ejus
1111 795 1306 849 limites
1333 789 1602 847 transilire
1627 826 1640 850 ,
1672 798 1846 854 neque

236 894 458 964 corpori
486 893 657 961 majus
687 905 846 960 quam
878 888 1016 943 ferre
1057 887 1257 956 possit,
1288 896 1424 938 onus
1470 881 1768 949 imponere.

312 985 368 1039 8.
398 981 552 1051 Quod
583 982 626 1036 si
658 979 888 1035 orationi
921 993 1054 1033 mea:
1079 994 1184 1031 non
1217 975 1384 1029 babes
1417 971 1598 1035 ﬁdem,
1621 965 1845 1023 consule

236 1088 598 1144 utrorumque
630 1087 883 1142 corpora,
911 1080 965 1124 et
1009 1069 1338 1138 singulorum
1367 1066 1622 1118 animam.
1654 1058 1845 1114 Nonne

237 1172 312 1222 ita
359 1166 642 1222 moderate
688 1163 1030 1234 viventium(
1072 1177 1140 1216 ne
1184 1159 1328 1215 enim
1373 1158 1505 1213 mihi
1549 1154 1689 1225 quod
1722 1170 1844 1207 raro

234 1260 522 1329 contingit,
554 1258 723 1324 dicas,
747 1265 803 1311 et
831 1257 872 1310 si
896 1255 985 1326 qui
1009 1269 1077 1309 ex
1107 1253 1208 1307 alia
1243 1251 1472 1321 quadam
1494 1249 1846 1304 circumstan-

237 1352 308 1406 tia
338 1350 466 1420 aegri
511 1359 666 1415 sunt,
697 1349 791 1404 sed
813 1364 879 1403 ex
910 1347 1004 1414 iis,
1031 1361 1150 1417 qua:
1176 1359 1393 1409 semper
1430 1353 1485 1397 et
1504 1339 1844 1397 continenter

233 1441 518 1507 eveniunt,
542 1441 620 1494 fer
645 1438 1018 1508 sententiam),
1052 1450 1254 1500 nonne,
1287 1437 1529 1498 inquam,
1563 1430 1843 1486 moderate

239 1535 578 1589 vescentium
602 1547 829 1602 corpora
865 1532 999 1585 bene
1029 1528 1180 1584 ﬁrma
1211 1538 1364 1590 sunt,
1397 1541 1458 1580 ac
1487 1538 1676 1580 sensus
1705 1523 1844 1577 inte-

233 1627 339 1696 gri,
370 1627 568 1696 quique
597 1639 784 1691 magna
815 1637 937 1676 cum
978 1620 1235 1675 facilitate
1256 1620 1426 1673 vicem
1456 1631 1605 1672 suam
1650 1613 1842 1683 imple-

234 1716 374 1772 ant?
407 1717 620 1771 illorum
653 1729 783 1770 vero
825 1713 992 1767 nimio
1022 1711 1248 1766 humore
1296 1709 1481 1763 vitiata
1523 1705 1669 1760 omni
1717 1718 1839 1758 cera

236 1806 487 1861 molliora
516 1848 530 1872 ,
562 1813 618 1860 et
662 1805 877 1874 agmine
932 1804 1243 1856 morborum
1299 1798 1563 1854 obsessa?
1609 1795 1742 1851 Nam
1786 1803 1842 1848 et

236 1897 492 1968 podagra:
530 1896 780 1950 celeriter
808 1893 1095 1959 invadunt,
1135 1901 1190 1946 et
1218 1900 1422 1946 tremor
1464 1888 1836 1958 importunus,

235 1997 293 2042 et
331 1997 585 2042 senectus
627 1985 939 2051 immatura,
973 1991 1026 2038 et
1053 1982 1244 2052 capitis
1265 1979 1504 2041 dolores,
1535 1977 1831 2032 distensio—

234 2093 332 2134 nes
350 2088 403 2132 ct
429 2075 825 2132 stomachorum
850 2074 1282 2147 depravationes,
1300 2071 1568 2143 appetitus
1593 2069 1836 2133 amissio;

234 2173 508 2242 perpetuis
539 2171 778 2240 indigent
819 2169 1066 2231 medicis,
1109 2165 1384 2223 continuis
1428 2161 1838 2220 medicamentis

231 2279 288 2321 et
339 2264 620 2320 curatione
664 2263 993 2333 quoudiana.
1037 2262 1284 2317 llmccine
1318 2261 1636 2331 voluptuosa
1665 2257 1838 2312 sunt?

230 2361 322 2414 dic
345 2359 496 2414 mihi.
538 2355 737 2427 Ecquis
766 2358 942 2411 sciens
979 2355 1105 2426 quid
1130 2355 1346 2410 tandem
1368 2355 1439 2408 sit
1469 2353 1736 2421 voluptas,
1757 2350 1838 2404 di-

230 2463 320 2507 cet
365 2451 528 2506 esse?
563 2449 820 2519 Voluptas
849 2449 994 2502 enim
1026 2448 1338 2518 percipitur,
1390 2461 1511 2500 cum
1561 2457 1836 2515 prmeunte

231 2543 525 2615 cupiditate
565 2541 769 2597 fructus
814 2540 1256 2610 sequiturzquod
1287 2539 1330 2594 si
1372 2537 1578 2592 fruetus
1615 2536 1833 2606 quidem

235 2645 412 2691 exstet
436 2677 452 2701 ,
487 2633 754 2704 cupiditas
784 2648 913 2687 vero
956 2646 1219 2701 nusquam
1268 2641 1558 2700 appareat,
1591 2628 1835 2696 voluptas

229 2731 513 2784 evanescit
555 2737 608 2783 et
655 2728 919 2782 exstincta
952 2733 1057 2780 est.
1109 2723 1448 2793 Quapropter
1478 2723 1638 2777 etiam
1667 2719 1832 2789 agri,

230 2834 555 2890 quamquam
595 2817 899 2874 suavissimi
939 2825 1280 2888 apponuntur
1310 2815 1411 2868 cibi
1440 2855 1453 2879 ,
1481 2828 1604 2867 cum
1637 2825 1833 2866 nausea

227 2921 412 2968 tamen
443 2910 750 2980 degustant,
779 2908 987 2978 sibique
1018 2905 1317 2961 molestiam
1343 2903 1585 2960 exhiberi
1610 2903 1834 2972 opinan—

229 3014 319 3060 tur
350 3019 364 3056 :
389 3003 640 3073 quoniam
669 3002 822 3057 abest
852 2999 1136 3072 cupiditas,
1156 3014 1274 3069 qua:
1299 2997 1526 3051 fructum
1551 2991 1831 3063 jncundis-

231 3096 428 3150 simum
473 3094 668 3150 reddit.
722 3093 906 3162 Neque
960 3093 1102 3146 enim
1131 3092 1372 3146 ciborum
1407 3097 1625 3152 natura,
1659 3100 1834 3156 neque

230 3199 414 3259 potus,
440 3187 538 3242 sed
569 3187 897 3242 vescentium
937 3180 1208 3254 appetitus
1250 3180 1596 3252 cupiditatem
1641 3193 1834 3250 parere

229 3283 392 3348 solet,
418 3291 471 3335 et
506 3288 565 3335 ut
594 3279 920 3349 voluptatem
953 3276 1142 3332 afferat
1185 3290 1215 3329 a
1257 3287 1445 3329 natura
1490 3280 1832 3341 comparatus

228 3384 334 3426 est.
369 3371 574 3426 Idcirco
600 3373 813 3440 sapiens
853 3367 1068 3438 quidam
1096 3366 1201 3434 vir,
1233 3365 1324 3436 qui
1369 3364 1697 3433 voluptatem
1737 3375 1829 3416 ac-

227 3475 416 3521 curate
458 3463 724 3534 cognitam
767 3461 987 3526 habuit,
1035 3467 1196 3531 atque
1230 3458 1298 3514 de
1340 3457 1423 3512 bis
1464 3453 1829 3526 philosophari

227 3563 460 3626 poterat,
494 3553 706 3610 dicebat
739 3569 752 3607 :
783 3553 966 3606 Anima
1004 3558 1234 3605 saturata
1258 3550 1387 3622 favis
1416 3547 1588 3602 illudit
1618 3546 1637 3618 (
1667 3544 1824 3599 Prov.

223 3643 316 3698 27.
344 3643 416 3714 7)
441 3662 456 3710 ;
484 3652 543 3697 ut
567 3639 881 3697 ostenderet
924 3653 1030 3693 non
1060 3639 1114 3694 in
1143 3646 1333 3692 natura
1362 3636 1489 3700 cibi,
1527 3634 1621 3689 sed
1651 3635 1702 3687 in
1731 3647 1827 3688 ve-

225 3735 493 3789 scentium
536 3731 823 3786 affectione
851 3730 1182 3800 voluptatem
1212 3727 1532 3783 consistere.
1555 3724 1726 3791 Quam
1756 3723 1828 3778 ob

221 3842 443 3883 causam
473 3827 636 3881 etiam
663 3823 946 3894 pr0pbeta,
983 3838 1107 3878 cum
1135 3820 1397 3876 miracula
1423 3821 1476 3874 in
1509 3817 1741 3888 Egypto
1771 3825 1827 3871 et

224 3920 279 3973 in
307 3917 596 3973 solitudine
617 3915 758 3972 edita
797 3922 1145 3980 recenseret,
1178 3914 1319 3968 inter
1342 3911 1447 3965 alia
1480 3910 1584 3965 hoc
1614 3923 1827 3979 quoque

221 4011 360 4065 dixit
390 4029 402 4065 :
432 4009 512 4063 De
542 4019 685 4080 petra
735 4008 884 4062 melle
927 4007 1170 4062 saturavit
1213 4021 1297 4060 eos
1336 4003 1356 4075 (
1395 4003 1542 4058 Psal.
1567 4002 1655 4058 80.
1684 4002 1749 4056 t7
1780 4000 1822 4072 ).

222 4103 386 4170 Atqui
439 4116 703 4171 nusquam
750 4108 973 4170 apparet
1029 4108 1238 4168 petram
1289 4097 1370 4154 eis
1411 4095 1516 4151 mel
1577 4094 1822 4151 fudisse:

219 4193 348 4263 quid
379 4208 507 4263 ergo
536 4202 620 4248 est
647 4192 792 4263 quod
813 4192 990 4248 dixit?
1020 4191 1462 4260 Quandoquidem
1496 4190 1666 4246 multo
1691 4203 1826 4244 con-

218 4285 341 4340 fecti
365 4285 549 4340 labore
574 4294 627 4340 et
678 4286 869 4340 itinere
887 4325 908 4352 ,
932 4285 1350 4354 vehementique
1381 4281 1669 4338 conflictati
1710 4282 1820 4348 siti,

220 4379 272 4432 in
303 4378 525 4450 frigidas
549 4393 714 4448 aquas
747 4378 1090 4446 inciderunt,
1123 4387 1180 4432 et
1215 4393 1314 4447 pro
1349 4392 1542 4448 magna
1579 4376 1822 4432 oblecta-

219 4470 365 4525 tione
393 4469 699 4525 babuerunt
723 4469 930 4534 bibere,
966 4478 1025 4524 ut
1051 4469 1383 4539 voluptatem
1408 4483 1668 4537 aquarum
1699 4467 1820 4521 illa-

219 4578 341 4618 rum
384 4570 819 4633 repraesentaret,
862 4577 1052 4632 aquam
1076 4562 1294 4618 vocavit
1340 4561 1447 4616 mel
1473 4603 1488 4629 ,
1534 4576 1642 4616 non
1675 4541 1818 4630 quod

214 4653 334 4723 ejus
379 4663 568 4707 natura
616 4653 670 4708 in
725 4654 831 4709 mel
882 4662 1207 4709 commutata
1259 4651 1488 4716 fuisset,
1534 4651 1629 4708 sed
1677 4651 1818 4722 quod

216 4746 463 4814 voluptas
490 4760 641 4814 aqua:
667 4754 900 4801 certaret
942 4760 1066 4800 cum
1108 4746 1198 4800 illa
1221 4745 1526 4812 dulcedine,
1551 4747 1675 4816 quia
1704 4745 1819 4799 siti-

215 4837 380 4891 bundi
419 4837 473 4892 in
499 4852 617 4891 eam
659 4836 972 4892 incidissent
992 4838 1082 4907 qui
1123 4837 1394 4893 biberunt.
1433 4839 1564 4906 Qttze
1591 4853 1712 4892 cum
1747 4839 1815 4893 ita

215 4931 342 4999 sint,
369 4946 635 5000 nemoque
664 4931 1035 4987 contradicere
1065 4931 1271 5003 possit,
1310 4932 1522 4987 etiamsi
1548 4933 1705 4987 valde
1747 4933 1818 4986 sit

213 5022 458 5093 stupidus
490 5040 503 5075 :
533 5037 712 5076 annon
740 5022 947 5077 clarum
977 5033 1080 5088 est,
1115 5039 1323 5093 puram,
1353 5023 1606 5094 liquidam
1646 5033 1700 5078 et
1724 5039 1816 5095 ge-

214 5115 434 5168 nuinam
474 5114 809 5183 voluptatem
855 5129 976 5168 esse
1028 5115 1082 5168 in
1136 5114 1339 5169 mensis
1389 5114 1718 5185 pauperum?
1759 5114 1811 5168 in

213 5208 414 5260 mensis
459 5214 639 5260 autem
667 5205 912 5270 divitum,
944 5205 1287 5272 molestiam,
1318 5203 1590 5260 fastidium
1615 5248 1628 5271 ,
1655 5221 1813 5275 spur-

210 5297 390 5352 citiem
415 5298 437 5349 ?
471 5305 632 5366 atque
657 5307 716 5351 ut
758 5297 974 5365 sapiens
1009 5297 1099 5353 ille
1119 5297 1202 5351 vir
1230 5295 1397 5363 dixit,
1426 5296 1599 5352 Etiam
1639 5297 1813 5352 dulcia

211 5390 496 5441 molestiam
526 5388 749 5458 prabere
788 5388 1020 5442 videntur
1057 5391 1075 5456 (
1111 5389 1264 5444 Prov.
1291 5391 1382 5445 27.
1413 5392 1488 5461 7).

281 5484 334 5536 9.
370 5481 419 5534 Ν
426 5498 509 5534 um
525 5481 792 5534 concilient
808 5480 1049 5534 honorem
1074 5483 1264 5537 divitior
1285 5493 1333 5538 et
1370 5485 1439 5537 ad
1460 5486 1699 5539 ultionem
1713 5486 1810 5556 ju-

209 5583 353 5635 vent;
371 5572 612 5625 honorent
638 5572 749 5626 sola
778 5573 935 5626 virtus
967 5575 1223 5629 conciliat.
1246 5605 1319 5616 —
1337 5577 1406 5632 At
1427 5577 1645 5645 divitia),
1669 5579 1811 5636 dicet

210 5665 494 5733 quispiam,
546 5665 746 5720 faciunt
773 5675 832 5721 ut
862 5681 1206 5736 possessores
1232 5685 1416 5725 earum
1449 5671 1805 5741 bonorentur,

207 5766 366 5825 atque
388 5756 631 5811 inimicos
656 5757 840 5813 ulcisci
871 5759 1022 5814 facile
1052 5764 1278 5829 possint.
1308 5763 1672 5833 PrOptcreane
1707 5767 1806 5836 igi-

208 5856 313 5914 tur,
341 5847 426 5903 dic
447 5847 597 5918 mihi,
616 5851 925 5920 expetenda
959 5862 1012 5910 et
1038 5856 1288 5914 omnibus
1307 5857 1498 5928 opibus
1516 5874 1578 5916 ac
1604 5861 1804 5917 viribus

1254 395 1439 469 QUOD
1477 391 1664 454 ΝΕΜο
1701 384 2032 446 ιηλεῡιτυῑι
2073 384 2200 440 NlSl
2245 388 2285 441 A
2327 384 2586 442 SEIPSO.

3459 384 3566 438 ιτο

1961 506 2337 569 comparanda:
2358 504 2511 557 vobis
2537 503 2785 558 videntur
2812 501 3034 568 divitiae,
3053 501 3194 573 quod
3221 501 3568 572 gravissimas

1956 595 2191 646 nutriant
2220 593 2272 647 in
2302 595 2454 647 nobis
2478 593 2842 664 egritudines,
2887 593 3014 646 dum
3050 594 3182 647 iram
3222 590 3290 645 ad
3318 590 3566 646 effectum

1955 684 2272 754 perducunt,
2322 687 2568 739 insanum
2609 685 2796 755 glorize
2839 700 3079 740 amorem
3128 683 3279 754 quasi
3308 683 3568 754 quasdam

1957 779 2128 832 bullas
2175 778 2227 832 in
2262 779 2523 847 majorem
2571 787 2836 832 tumorem
2865 777 3115 841 efferunt,
3161 777 3226 829 ad
3257 775 3566 844 superbiam

1953 870 2188 924 excitant
2211 879 2263 925 et
2303 870 2688 924 exstimulant?
2716 870 2822 924 Has
2846 883 2977 938 ergo
3016 869 3249 924 maxime
3276 868 3346 923 ob
3375 882 3569 922 causas

1957 975 2033 1015 ea:
2061 977 2167 1015 non
2198 970 2502 1016 retroversa
2547 961 2685 1017 facie
2716 961 2982 1031 fugienda:
3012 971 3160 1027 sunt,
3188 960 3330 1032 quod
3361 959 3570 1016 feroces

1953 1053 2210 1123 quasdam
2238 1069 2300 1108 ac
2329 1068 2503 1109 saevas
2533 1054 2734 1110 bestias
2761 1055 2812 1108 in
2841 1056 3078 1110 animum
3116 1063 3360 1108 nostrum
3392 1053 3567 1107 intro-

1952 1143 2174 1209 ducunt,
2206 1159 2270 1199 ac
2299 1160 2424 1200 vera
2451 1145 2693 1216 quidem,
2724 1153 2780 1200 et
2810 1161 2930 1215 quze
2966 1144 3107 1214 apud
3132 1144 3412 1200 universos
3433 1159 3567 1199 cou-

1951 1237 2119 1291 ciliari
2162 1237 2322 1303 solet,
2370 1239 2542 1308 gloria
2590 1253 2688 1292 nos
2734 1237 3001 1302 fraudant,
3054 1237 3214 1308 eique
3241 1238 3566 1293 contrariam

1953 1329 2227 1386 coloribus
2250 1331 2391 1386 illius
2414 1329 2646 1385 fucatam
2665 1329 2904 1400 deceptis
2922 1329 3170 1395 offerunt,
3188 1345 3250 1384 ac
3267 1329 3490 1384 suadent
3507 1339 3568 1384 ut

1955 1421 2092 1476 hanc
2113 1421 2259 1476 illam
2298 1437 2419 1477 esse
2447 1422 2842 1487 existimemus,
2875 1438 2994 1476 cum
3017 1437 3082 1476 ex
3113 1431 3298 1476 natura
3331 1437 3427 1476 sua
3457 1437 3565 1476 non

1951 1515 2040 1578 sit,
2074 1513 2168 1568 sed
2195 1514 2376 1582 specie
2406 1523 2560 1567 tenus
2589 1528 2709 1569 esse
2736 1513 2999 1567 videatur.
3035 1511 3103 1568 Ut
3142 1513 3288 1567 enim
3329 1513 3564 1582 pulchri-

1951 1603 2082 1658 tudo
2111 1605 2457 1660 meretricum
2499 1604 2634 1660 fncis
2660 1615 2714 1660 et
2755 1605 3044 1675 pigmentis
3071 1591 3400 1674 comparata,
3444 1605 3563 1673 pul-

1949 1693 2256 1751 chritudine
2303 1695 2592 1760 destituta,
2643 1705 2851 1766 turpem
2895 1712 2958 1750 ac
3013 1696 3312 1752 deformem
3372 1698 3560 1751 facient

1949 1786 2228 1855 pulchram
2266 1796 2322 1842 et
2361 1787 2654 1843 formosam
2682 1804 2805 1844 esse
2846 1789 2972 1843 facit
3016 1789 3148 1852 illis,
3192 1789 3280 1859 qui
3317 1803 3379 1843 ea
3418 1789 3562 1843 deei-

1946 1880 2181 1949 piuntnr,
2204 1895 2324 1935 cmn
2342 1880 2565 1951 pulchra
2579 1897 2684 1936 non
2705 1882 2775 1937 sit
2795 1900 2807 1935 :
2835 1883 2905 1937 ita
2936 1882 3097 1936 etiam
3116 1882 3318 1937 divitize
3338 1883 3557 1946 faciunt,

1946 1988 2068 2026 cum
2115 1973 2477 2029 adulationem
2532 1976 2724 2030 volunt
2781 1976 3041 2030 honorem
3089 1976 3278 2030 videri.
3311 1975 3389 2029 Ne
3415 1977 3560 2030 enim

1945 2076 2164 2133 apertas
2213 2075 2268 2119 et
2309 2083 2373 2120 ex
2424 2077 2570 2121 metu
2628 2067 3012 2138 blanditiisque
3061 2067 3329 2138 profectas
3377 2068 3563 2123 laudes

1947 2155 2226 2221 intuearis,
2277 2157 2360 2211 ha:
2411 2158 2556 2212 enim
2601 2168 2727 2213 sunt
2771 2159 2986 2214 colores
3011 2169 3065 2213 et
3093 2159 3411 2230 pigmenta;
3462 2159 3559 2212 sed

1944 2262 2163 2313 eorum,
2198 2250 2286 2319 qui
2325 2249 2395 2303 ita
2453 2250 2546 2303 tibi
2601 2251 2908 2312 adulantur,
2969 2251 3387 2322 uniuscujusque
3424 2266 3559 2306 eon-

1944 2341 2225 2394 scientiam
2263 2340 2434 2410 aperi,
2468 2351 2523 2396 et
2543 2341 2750 2397 videbis
2771 2341 3169 2396 intusinﬁnitos
3191 2351 3556 2407 accusatores,

1943 2432 2033 2502 qui
2069 2442 2256 2487 contra
2313 2443 2363 2489 te
2406 2432 2790 2501 vociferentur,
2825 2443 2983 2507 teque
3024 2437 3194 2506 magis
3239 2448 3548 2491 aversentut

1944 2533 1998 2577 et
2023 2523 2257 2590 oderint,
2293 2540 2454 2595 quam
2505 2527 2864 2582 inimicissimi
2898 2539 2954 2583 et
2979 2529 3306 2583 infestissimi
3334 2531 3552 2599 quique.

1943 2615 2022 2668 Ac
2037 2615 2080 2669 si
2099 2616 2314 2684 quando
2343 2616 2581 2672 indutam
2612 2618 2716 2671 isto
2737 2627 2882 2674 metu
2919 2619 3121 2673 larvam
3162 2621 3555 2690 superveniens

1943 2708 2168 2760 mutatio
2195 2723 2373 2762 rerum
2398 2709 2678 2764 sustulerit
2702 2725 2765 2764 ac
2805 2710 3068 2766 dctexerit
3099 2711 3552 2782 quemadmodum

1941 2801 2122 2855 vultus
2154 2801 2272 2856 illos
2294 2803 2373 2856 sol
2398 2804 2580 2858 missis
2598 2804 2761 2859 radiis
2783 2805 3147 2870 calidioribus,
3173 2814 3282 2860 tum
3311 2807 3390 2861 sic
3409 2805 3554 2860 clare

1941 2890 2148 2945 videbis
2179 2902 2230 2946 te
2255 2898 2402 2947 omni
2430 2897 2698 2964 superiori
2743 2906 2986 2967 tempore
3034 2899 3086 2952 in
3122 2900 3358 2953 maximo
3389 2899 3554 2953 fuisse

1939 2993 2252 3054 contemptu
2303 2987 2443 3056 apud
2476 3003 2571 3042 eos
2601 2990 2691 3059 qui
2723 2999 2773 3044 te
2804 2989 3076 3056 colebant,
3124 2991 3328 3060 tibique
3375 2989 3549 3044 visum

1939 3091 2062 3130 esse
2089 3075 2296 3132 honore
2326 3078 2466 3133 allici
2499 3081 2567 3134 ab
2612 3081 2676 3135 iis
2703 3083 2792 3150 qni
2823 3090 2874 3136 te
2921 3083 3154 3138 maxime
3193 3082 3435 3146 oderant,
3467 3082 3551 3138 itt-

1939 3167 2210 3239 linitisque
2235 3171 2376 3240 apud
2405 3173 2646 3228 animum
2667 3176 2925 3230 conviciis
2956 3175 3390 3246 proscindebant,
3414 3185 3470 3231 et
3495 3177 3549 3230 in

1938 3263 2196 3317 extremis
2237 3263 2636 3322 calamitatibus
2691 3268 2875 3322 videre
2911 3268 3223 3338 cupiebant.
3275 3268 3547 3324 Honorem

1937 3354 2080 3408 enim
2107 3353 2239 3409 nihil
2267 3357 2336 3410 ita
2359 3358 2652 3414 conciliare
2674 3360 2834 3428 solet,
2855 3369 2912 3415 ut
2935 3363 3126 3425 virtus,
3152 3362 3413 3418 honorem
3438 3378 3546 3418 non

1936 3457 2203 3513 coactum,
2247 3449 2506 3505 honorem
2559 3467 2666 3505 non
2710 3453 2913 3521 ﬁctum,
2977 3471 3152 3526 neque
3182 3456 3328 3510 larva
3367 3457 3546 3528 aliqua

1935 3535 2164 3593 fallacia
2213 3548 2434 3607 tectum,
2483 3542 2579 3597 sed
2631 3559 2818 3599 verum
2875 3555 2931 3601 et
2968 3552 3298 3617 genuinum,
3346 3549 3548 3620 quique

1935 3630 2083 3684 nulla
2117 3642 2421 3703 temporum
2452 3633 2773 3692 difﬁcultate
2799 3639 3083 3694 refutetur.

2011 3726 2030 3778 t
2041 3724 2095 3782 0.
2133 3725 2213 3778 An
2243 3728 2456 3797 efﬁciant
2499 3729 2690 3784 divitiis
2718 3740 2773 3784 ut
2802 3731 2969 3787 hostes
2993 3734 3334 3800 ulciscantur;
3362 3750 3536 3789 exem-

1932 3817 2020 3886 plo
2045 3815 2234 3870 Lazari
2263 3828 2609 3888 paupertatem
2637 3821 2879 3876 vindicat.
2904 3853 2977 3864 ——
3028 3827 3098 3878 At
3124 3824 3311 3880 ulcisci
3341 3826 3422 3878 vis
3449 3840 3545 3880 eos

1931 3910 2022 3979 qui
2053 3913 2106 3966 te
2130 3910 2522 3968 offenderunt?
2553 3913 2705 3970 Hanc
2736 3916 2905 3986 ipsam
2936 3918 3007 3971 ob
3030 3931 3248 3972 causam
3282 3917 3539 3980 maxime,

1931 4002 2384 4072 quemadmodum
2431 4013 2557 4062 ante
2585 4005 2716 4071 dixi,
2747 4005 3021 4078 fugienda:
3045 4018 3171 4064 sunt
3194 4008 3418 4063 divitias.
3456 4008 3542 4062 lct-

1932 4094 2117 4150 ﬁciunt
2136 4097 2302 4162 enim,
2324 4107 2382 4153 ut
2401 4113 2587 4154 ensem
2617 4100 2669 4154 in
2701 4100 2930 4170 teipsum
2953 4099 3161 4171 adigas,
3180 4109 3236 4156 et
3262 4102 3541 4172 graviores

1929 4187 1984 4242 in
2011 4188 2191 4245 futuro
2211 4193 2448 4246 rationes
2469 4191 2565 4246 tibi
2593 4191 2848 4257 reddunt,
2871 4203 2927 4248 et
2957 4191 3326 4248 intolerabiles
3351 4207 3541 4264 poenas

1931 4292 2142 4352 parant.
2181 4283 2410 4338 Tantum
2460 4300 2692 4356 namque
2737 4286 2936 4340 malum
2985 4295 3069 4340 est
3101 4285 3256 4351 ultio,
3285 4286 3536 4340 utetiam

1931 4375 2026 4430 Dei
2057 4376 2445 4448 benignitatem
2483 4381 2842 4444 revocaverit,
2872 4388 2926 4433 et
2947 4380 3061 4447 jam
3081 4380 3263 4434 datam
3301 4379 3539 4434 infinito-

1929 4484 2048 4522 rum
2079 4481 2424 4540 peccatorum
2453 4471 2663 4526 veniam
2693 4470 2884 4526 fecerit
2904 4473 3134 4526 irritam.
3168 4471 3300 4526 Nam
3331 4472 3421 4542 qui
3452 4471 3538 4526 de-

1926 4560 2037 4616 cies
2068 4561 2217 4617 mille
2249 4561 2576 4618 talentorum
2631 4563 3086 4618 condonationem
3113 4562 3364 4632 adeptus,
3401 4562 3538 4616 sola~

1925 4667 2029 4722 que
2045 4653 2405 4708 obtestatione
2432 4663 2634 4708 tantam
2664 4655 2893 4723 gratiam
2925 4664 3292 4725 consequutus
3337 4652 3533 4719 fuerat,

1923 4758 2045 4797 cum
2074 4754 2289 4799 centum
2338 4745 2591 4800 denarios
2618 4745 2858 4815 exigeret
2899 4759 3235 4811 aconservo,
3281 4743 3384 4799 hoc
3429 4753 3532 4810 est,

1923 4850 2048 4890 cum
2087 4835 2408 4891 delictorum
2455 4835 2720 4892 adversus
2749 4851 2808 4891 se
2833 4836 3196 4891 admissorum
3228 4851 3419 4906 pinnas
3448 4851 3535 4892 re

1925 4939 2219 4998 posceret,
2273 4930 2480 4985 smvitia
2525 4945 2654 5000 erga
2697 4944 3022 4985 conservum
3077 4945 3232 4983 suum
3293 4929 3534 4998 seipsum

1920 5022 2199 5076 damnavit
2247 5024 2264 5095 (
2292 5021 2480 5076 Matth.
2517 5023 2584 5077 18
2616 5021 2633 5092 )
2659 5039 2674 5088 ;
2704 5039 2879 5092 neque
2901 5037 3040 5078 vero
3062 5023 3224 5077 ullam
3246 5022 3406 5077 aliam
3431 5023 3534 5076 nisi

1923 5115 2061 5172 hanc
2087 5117 2156 5172 ob
2183 5133 2297 5173 rem
2327 5117 2621 5172 tortoribus
2655 5117 2905 5183 traditus,
2931 5126 2987 5170 et
3026 5117 3318 5180 cruciatus,
3366 5126 3422 5171 et
3449 5116 3536 5171 de-

1918 5212 2029 5265 cies
2070 5210 2216 5266 mille
2243 5211 2442 5265 talenta
2500 5210 2730 5265 reddere
2763 5209 2946 5278 jussus
2975 5219 3058 5264 est
3083 5229 3098 5266 :
3125 5211 3332 5266 nullum
3362 5213 3536 5267 veniae

1919 5314 2012 5358 aut
2066 5302 2430 5358 excusationis
2481 5304 2656 5356 locum
2701 5303 2924 5367 invenit,
2967 5303 3061 5357 sed
3113 5303 3532 5358 acerbissimum

1919 5397 2240 5468 supplicium
2286 5410 2575 5465 perpessus
2601 5406 2705 5460 est,
2729 5397 2914 5466 jussus
2942 5407 3114 5457 totum
3143 5397 3358 5452 solvere
3380 5397 3532 5453 debi-

1918 5497 2054 5555 tum,
2077 5489 2219 5559 quod
2251 5488 2589 5559 praeveniens
2617 5491 2709 5544 Dei
2752 5491 3054 5561 benignitas
3097 5489 3526 5546 condonavemt.

1919 5582 2286 5652 PrOptereane
2317 5582 2477 5652 igitur
2504 5581 2813 5636 divitiarum
2853 5582 2992 5637 adeo
3015 5584 3244 5652 cupidus
3267 5599 3347 5647 es,
3380 5582 3525 5652 quod

1918 5689 1970 5730 te
2003 5674 2157 5729 facile
2189 5673 2256 5729 ad
2287 5674 2554 5745 ejusmodi
2587 5685 2864 5746 peccatum
2898 5674 3240 5744 perducunt?
3269 5675 3431 5743 Atqui
3453 5676 3524 5729 ob

1917 5767 1970 5822 id
1988 5785 2066 5824 ea:
2097 5778 2370 5839 tamquam
2402 5770 2633 5825 inimica!
2659 5778 2712 5824 et
2748 5768 2954 5834 hostes,
2988 5777 3148 5840 atque
3177 5769 3400 5823 inﬁnitis
3440 5785 3526 5823 re-

1917 5864 2068 5919 fertze
2096 5864 2353 5931 ca'dibus,
2377 5863 2688 5922 aversanda:
2709 5874 2851 5920 sunt.
2881 5847 2953 5918 At
2989 5871 3294 5936 paupertas,
3326 5863 3520 5934 inquit,
