4046 6432
558 338 652 391 171
1301 339 1358 397 S.
1393 339 1671 398 JOANNIS
1707 340 2181 399 CHRYSOSTOMI
2219 345 2534 407 ARClllEP.
2574 354 3106 418 CONSTANTINOP.

554 448 821 503 molestias
839 459 1006 515 creat,
1051 465 1114 505 ac
1157 466 1300 523 saepe
1328 454 1488 508 etiam
1521 454 1664 520 facit,
1702 467 1758 510 ut
1786 457 2044 511 maledica
2071 459 2123 512 in

554 540 717 594 Deum
745 540 904 595 verba
931 541 1158 608 eﬂ'utias,
1199 558 1262 598 ac
1300 543 1572 598 illiberalia
1615 548 1820 616 negotia
1847 547 2130 617 suscipias.

550 630 663 686 Non
695 640 996 701 paupertas,
1044 633 1137 688 sed
1167 633 1570 704 pusillanimitas
1599 654 1613 690 :
1643 653 1763 692 nam
1799 647 1855 693 et
1899 638 2126 694 Lazarus

550 736 751 791 pauper
778 731 913 788 erat,
943 732 996 778 et
1035 724 1321 780 admodum
1367 727 1582 796 quidem
1623 731 1858 799 pauper(
1882 729 2003 783 Luc.
2039 731 2122 784 16.

550 812 622 867 20
649 814 714 884 );
762 817 1056 884 paupertati
1101 817 1388 873 accedebat
1424 818 1646 875 adversa
1691 819 1940 876 valetudo
1980 821 2124 875 omni

548 914 853 972 paupertate
887 908 1148 973 acerbior,
1177 924 1295 980 qua:
1317 919 1677 981 paupertatem
1699 929 1908 981 quoque
1937 913 2126 969 redde-

545 995 642 1048 bat'
657 998 989 1066 graviorem;
1022 993 1258 1056 adversa:
1279 1003 1563 1058 valetudini
1585 1005 1814 1060 solitudo
1830 1017 1882 1060 et
1908 1009 2124 1076 penuria

543 1101 754 1152 eorum,
776 1088 865 1158 qui
907 1089 1290 1156 ministrarent,
1315 1108 1433 1162 quae
1458 1108 1578 1148 cum
1604 1106 1988 1165 paupertatem,
2012 1107 2123 1152 tum

545 1176 822 1233 adversam
865 1180 1216 1236 valetudinem
1263 1182 1488 1238 faciebat
1533 1187 1882 1243 acerbiorem.
1925 1188 2121 1243 Horum

546 1282 772 1334 namque
787 1269 990 1338 singula
1014 1284 1188 1352 per‘se
1199 1285 1410 1342 quoque
1433 1275 1652 1331 molesta
1666 1285 1789 1331 sunt
1813 1294 1828 1342 ;
1854 1292 1973 1332 cum
1997 1293 2123 1333 vero

544 1372 718 1426 neque
755 1361 842 1427 qui
889 1361 1211 1428 ministrent,
1267 1363 1482 1432 adsunt,
1522 1365 1694 1435 major
1732 1367 1786 1420 ﬂt
1828 1368 2119 1431 calamitas,

544 1449 738 1503 savior
783 1450 1017 1514 ﬂamma,
1061 1452 1216 1508 dolor
1245 1456 1506 1522 acerbior,
1547 1466 1831 1527 tempestas
1867 1462 2119 1526 atrocior,

545 1539 734 1595 ﬂuctus
750 1541 1196 1609 vehementiores,
1215 1547 1453 1600 caminus
1469 1547 1759 1602 ardentior.
1776 1550 1926 1618 Quod
1942 1552 1987 1606 si
2003 1552 2122 1621 quis

540 1643 790 1688 accurate
812 1635 1224 1706 circumspiciat,
1267 1638 1412 1692 aliud
1440 1640 1598 1692 etiam
1630 1640 1713 1694 his
1740 1651 1984 1712 quartum
2028 1657 2121 1698 ac-

540 1721 786 1788 cedebat,
808 1740 1009 1798 nempe
1045 1726 1225 1782 divitis
1261 1729 1314 1782 in
1354 1730 1544 1785 vicinia
1581 1730 1869 1786 habitantis
1907 1733 2120 1788 licentia

541 1821 596 1866 et
616 1812 796 1868 luxus.
827 1813 922 1869 Sin
948 1815 1090 1872 aliud
1118 1818 1278 1873 etiam
1310 1820 1556 1890 quintum
1581 1821 1660 1876 vis
1686 1822 1948 1890 invenire,
1975 1824 2119 1880 ﬂam-

542 1919 642 1959 ma:
670 1904 811 1961 illius
835 1905 1094 1975 fomitem,
1123 1908 1175 1965 id
1197 1925 1407 1982 quoque
1430 1913 1480 1967 in
1498 1928 1564 1970 eo
1582 1916 1865 1985 perspicue
1891 1916 2117 1972 videbis.

540 1994 657 2051 Non
686 1998 824 2053 enim
846 1999 1128 2057 dumtaxat
1173 2005 1331 2073 genio
1361 2005 1667 2074 indulgebat
1693 2007 1845 2064 dives
1885 2009 1995 2074 ille,
2025 2026 2120 2066 ve-

542 2101 658 2142 rum
680 2089 839 2144 etiam
881 2093 982 2146 etsi
1021 2092 1234 2160 iterum,
1267 2098 1506 2162 tertium,
1543 2097 1651 2153 imo
1675 2114 1802 2154 vero
1831 2103 2026 2170 sapius
2064 2102 2116 2156 in

538 2176 627 2232 die
653 2193 776 2232 eum
807 2179 1054 2237 videbat:
1079 2184 1229 2252 juxta
1283 2185 1581 2256 ingressum
1623 2203 1852 2258 namque
1884 2190 2113 2260 iacebat,

540 2270 898 2338 spectaculum
919 2271 1091 2327 dirum
1129 2275 1448 2331 miserabilis
1478 2279 1746 2348 tragcediaa
1765 2281 1805 2344 ',
1838 2290 1890 2336 et
1909 2281 2000 2352 qui
2028 2296 2117 2337 as-

542 2367 698 2427 pectu
718 2361 832 2415 solo
853 2362 934 2416 vel
957 2363 1222 2432 lapideum
1235 2375 1420 2434 pectus
1433 2377 1638 2437 poterat
1653 2370 1920 2426 emollire:
1939 2383 2118 2429 tamen

543 2465 715 2521 neque
741 2453 842 2508 hoc
869 2454 1213 2511 inhumanum
1246 2458 1388 2512 illum
1409 2460 1476 2513 ad
1507 2475 1623 2515 eam
1651 2472 2013 2534 paupertatem
2044 2466 2116 2520 le-

539 2543 767 2600 vandam
803 2549 1066 2616 permovit
1106 2567 1120 2603 :
1161 2550 1256 2604 sed
1299 2550 1385 2606 ille
1435 2552 1771 2623 sybariticam
1819 2556 2118 2625 apponebat

536 2647 800 2705 mensam,
831 2648 1064 2694 crateras
1099 2639 1329 2696 habebat
1371 2643 1575 2712 plenas,
1608 2660 1812 2700 merum
1844 2646 1989 2717 large
2015 2649 2116 2703 dif-

536 2722 888 2795 fundendum,
928 2730 1124 2785 nitidos
1147 2747 1434 2803 coquet-um
1459 2737 1743 2803 exercitus,
1775 2739 2035 2808 parasitos
2061 2751 2116 2796 et

535 2812 837 2871 adulatores
861 2819 1030 2887 prima
1056 2821 1194 2886 luce,
1223 2832 1280 2877 et
1310 2823 1506 2878 choros
1525 2828 1848 2891 canentium.
1878 2829 1998 2883 vina
2028 2830 2114 2884 in-

536 2904 882 2970 fundentium,
906 2910 1052 2964 risus
1097 2915 1420 2967 moventium
1451 2931 1464 2965 :
1492 2931 1651 2972 omne
1696 2932 1862 2989 genus
1907 2919 2112 2975 hellua-

537 2994 695 3049 tionis
728 2999 1075 3068 excogitabat,
1132 3003 1514 3070 inebriabatur.
1567 3008 2004 3079 ingurgitabatur,
2059 3011 2110 3066 in

535 3083 661 3137 luxu
681 3086 926 3154 vestium,
956 3105 1154 3147 mensa:
1177 3093 1505 3166 aliarumque
1529 3097 1753 3167 plurium
1796 3115 1971 3154 rerum
1995 3117 2114 3170 per-

533 3187 693 3245 petuo
719 3178 950 3234 vivebat.
982 3181 1142 3255 Istum
1182 3199 1327 3250 vero,
1355 3203 1511 3257 quem
1555 3191 1700 3260 gravi
1729 3191 1891 3255 fame,
1924 3193 2111 3248 morbo

531 3267 894 3338 acerbissimo,
945 3272 1220 3331 obsidione
1259 3285 1337 3332 tot
1387 3278 1646 3345 ulcerum,
1694 3282 1997 3346 solitudine,
2057 3294 2112 3339 et

533 3357 686 3413 malis
710 3359 833 3416 inde
859 3367 1303 3434 consequentibus
1341 3368 1393 3423 in
1421 3369 1534 3425 dies
1559 3372 1796 3442 singulos
1823 3375 1990 3442 premi
2034 3377 2111 3430 vi-

531 3449 710 3516 debat,
735 3467 804 3508 ne
831 3454 883 3508 in
907 3457 1143 3512 animum
1169 3459 1380 3529 quidem
1421 3461 1704 3534 aliquando
1729 3465 1942 3522 admisit
1970 3485 1984 3523 :
2018 3483 2110 3538 pa-

531 3543 676 3597 rasiti
697 3553 751 3598 et
773 3545 1075 3604 adulatores
1086 3550 1264 3608 nimiis
1277 3552 1447 3622 epulis
1469 3570 1604 3624 pene
1619 3556 2104 3629 disrumpebantur;

527 3643 584 3686 at
608 3634 707 3690 iste
733 3651 952 3706 pauper,
976 3649 1030 3694 et
1057 3641 1190 3696 adeo
1218 3658 1438 3713 pauper,
1472 3654 1548 3700 tot
1577 3646 1728 3703 malis
1753 3649 1978 3713 cinctus,
2007 3667 2108 3708 nec

527 3722 692 3779 micas
730 3741 800 3779 ex
854 3715 937 3783 illa
975 3745 1156 3786 mensa
1187 3732 1445 3798 obtinuit,
1491 3738 1589 3792 etsi
1630 3739 1783 3794 valde
1831 3742 2103 3810 cupidus:

527 3829 699 3884 neque
729 3817 916 3873 horum
962 3821 1245 3892 quidquam
1267 3839 1388 3879 eum
1418 3827 1570 3893 stit,
1601 3845 1705 3884 non
1732 3831 1951 3886 verbum
1982 3849 2106 3904 pro-

527 3907 646 3961 tulit
671 3913 972 3977 aSperum',
1001 3929 1106 3966 non
1153 3931 1335 3970 vocem
1378 3919 1545 3973 edidit
1573 3920 1938 3990 blasphemam
1970 3943 1983 3980 :
2011 3926 2105 3981 sed

528 4003 587 4048 ut
627 4011 815 4052 aurum
874 4000 1272 4060 vehementiore
1321 4007 1564 4063 incendio
1617 4011 1783 4080 magis
1829 4023 2104 4084 purgatum

526 4086 869 4156 splendescit,
899 4092 978 4146 sic
1001 4094 1159 4148 etiam
1191 4095 1280 4150 ille
1302 4096 1676 4155 afﬂictionibus
1721 4102 1836 4157 istis
1863 4113 2101 4174 vexatus,

524 4176 771 4233 omnibus
793 4179 891 4235 fuit
925 4183 1166 4253 superior
1194 4195 1298 4240 tam
1349 4189 1536 4259 plagis,
1567 4207 1746 4262 quam,
1779 4210 1897 4264 quze
1923 4197 2103 4252 multis

526 4278 813 4324 nascuntur
859 4273 1001 4338 inde,
1052 4277 1556 4344 perturbationibus.
1602 4283 1659 4340 Si
1696 4286 1838 4340 enim
1882 4290 2102 4345 omnino

522 4372 803 4429 pauperes,
830 4377 949 4417 cum
997 4364 1189 4422 divites
1222 4369 1420 4437 vident,
1472 4374 1748 4431 tabescunt
1786 4377 2002 4444 invidia,
2047 4389 2103 4435 et

523 4452 860 4508 aemulatione
887 4455 1256 4524 conficiuntur,
1304 4476 1367 4516 ac
1390 4464 1550 4517 vitam
1607 4465 1707 4521 sibi
1735 4483 1839 4523 non
1868 4485 1988 4525 esse
2017 4470 2102 4524 vi-

524 4539 683 4593 talem
713 4542 1036 4610 existimant,
1087 4546 1245 4616 idque
1288 4564 1408 4604 cum
1451 4557 1783 4611 necessarius
1826 4558 1903 4612 eis
1930 4560 2101 4615 victus

523 4633 775 4700 suppetit,
808 4649 1012 4691 numen
1033 4638 1120 4707 qui
1148 4640 1491 4697 ministrent:
1525 4644 1624 4700 iste
1649 4661 1866 4716 pauper,
1903 4660 1959 4704 et
1985 4653 2104 4721 qui-

520 4722 642 4776 dem
671 4738 871 4794 pauper
899 4737 954 4782 ut
980 4731 1155 4785 nullus
1173 4732 1325 4798 alius,
1360 4750 1456 4789 nec
1485 4751 1686 4807 pauper
1714 4741 1891 4808 modo,
1915 4758 2097 4800 verum

519 4815 678 4869 etiam
709 4831 868 4887 ager,
893 4820 1087 4889 quique
1114 4838 1217 4877 non
1250 4824 1476 4881 habebat
1504 4831 1592 4900 qui
1621 4832 1856 4889 adstaret
1898 4845 1990 4892 aut
2013 4853 2100 4892 so-

523 4906 704 4962 latium
730 4909 899 4973 daret,
917 4912 1010 4967 sed
1041 4913 1092 4967 in
1123 4915 1291 4970 media
1326 4919 1458 4973 urbe
1483 4923 1629 4977 velut
1666 4924 1718 4978 in
1743 4934 1978 4983 extrema
2016 4929 2098 4999 ja-

521 4997 675 5050 cehat
727 5001 1194 5068 solitudine,'fame
1246 5008 1547 5065 tabescebat
1591 5016 1967 5084 acerbissima,
2020 4997 2096 5076 illi

519 5089 698 5141 omnia
743 5098 1006 5162 tamquam
1035 5111 1100 5151 ex
1151 5098 1380 5155 fontibus
1426 5103 1644 5160 afﬂuere
1686 5109 1913 5174 videbat,
1951 5115 2095 5168 omni

525 5178 758 5234 humano
778 5185 967 5239 solatio
986 5186 1286 5254 destitutus,
1307 5207 1494 5249 canum
1509 5196 1698 5266 linguis
1723 5215 1820 5255 ceu
1845 5213 2094 5272 perpetua

522 5270 762 5336 quedam
818 5289 997 5330 mensa
1050 5283 1345 5349 propositus
1407 5285 1526 5355 (ita
1576 5290 1718 5343 enim
1760 5270 1956 5347 omnia
1981 5296 2096 5363 ejus

523 5363 964 5422 membra'luxata
990 5384 1053 5424 ac
1074 5372 1324 5430 dissoluta
1355 5387 1526 5444 erant,
1552 5388 1608 5434 ut
1641 5397 1739 5437 nec
1768 5384 1885 5440 illos
1911 5401 2094 5445 arcere

525 5455 765 5523 posset),
794 5473 948 5526 quam
979 5461 1156 5532 iniquo
1186 5467 1364 5520 animo
1396 5468 1598 5537 fuisset,
1629 5473 1727 5527 nisi
1751 5474 1901 5530 valde
1929 5492 2092 5545 gene-

524 5559 674 5599 rosus
703 5562 764 5602 ac
784 5552 994 5620 sapiens
1019 5556 1346 5613 exstitisset?
1368 5559 1572 5628 Cernis,
1601 5567 1689 5635 qui
1712 5582 1770 5622 se
1788 5583 1891 5624 non
1916 5570 2090 5638 laudat,

585 5685 602 5759 ξ
638 5689 761 5759 finus
787 5693 919 5759 “fg?
945 5693 1266 5750 spectaculum
1289 5710 1418 5759 a'gre
1440 5700 1846 5758 conspiciendum.

584 5743 602 5772 ³
637 5751 750 5804 tmo,
772 5743 888 5797 nihil
910 5743 991 5800 aut
1014 5766 1092 5813 pm
1109 5768 1213 5804 mm:
1236 5743 1317 5806 aut
1333 5743 1879 5819 inaediiiiib'Eiii'LE'Ea.

3738 376 3844 429 ‘72

2241 461 2339 516 etsi
2369 464 2438 518 ab
2461 469 2711 525 omnibus
2748 471 2987 539 lmdatur,
3013 474 3140 530 nihil
3167 479 3290 532 mali
3316 484 3517 551 perpeti
3547 484 3570 536 Ρ
3595 499 3840 555 repetam

2234 551 2376 607 enim
2406 557 2648 611 eamdem
2677 563 2996 618 orationem.

2307 644 2392 696 ll.
2433 644 2570 711 Quid
2602 663 2829 719 namque
2850 653 3073 709 adversa
3103 657 3392 713 valetudo?
3419 662 3546 730 quid
3587 663 3841 718 solitudo

2231 748 2417 788 eorum
2463 738 2551 806 qui
2592 735 3060 815 adstarenttquid
3102 762 3352 805 accessus
3402 768 3595 807 canam
3629 754 3656 806 l
3703 757 3839 825 quid

2231 828 2373 883 mala
2399 829 2579 886 divitis
2610 835 2852 891 vicinitas
2879 838 2903 891 ἲ
2931 838 3056 908 quid
3106 856 3331 912 magnus
3372 843 3551 911 luxus,
3577 850 3838 918 superbia

2229 929 2282 971 et
2302 923 2598 988 arrogantia
2631 923 2770 978 illius
2795 926 3008 983 athleta:
3034 929 3156 983 huic
3185 935 3529 989 nocuerunt?
3555 953 3684 990 num
3709 954 3838 994 eun.

2229 1012 2294 1066 ad
2322 1015 2630 1070 sustinenda
2653 1032 2751 1087 pro
2783 1019 2975 1075 virtute
3005 1024 3295 1099 certamina
3323 1025 3676 1082 reddiderunt
3699 1031 3841 1084 mol-

2183 1125 2189 1140 -
2228 1102 2456 1159 liorem?
2479 1105 2606 1175 quid
2655 1123 2783 1164 vero
2811 1113 3166 1167 constantiam
3199 1115 3316 1183 ejus
3362 1115 3532 1173 ltesit?
3562 1117 3710 1173 Nihil
3745 1136 3837 1174 us-

2227 1211 2406 1264 quam,
2435 1197 2528 1253 sed
2560 1213 2682 1254 eum
2709 1202 2871 1257 etiam
2895 1206 3063 1276 magis
3085 1209 3480 1275 corroboravit,
3510 1223 3565 1266 et
3585 1212 3836 1266 inﬁnita-

2227 1301 2344 1341 rum
2402 1288 2452 1342 ei
2496 1296 2720 1346 materia
2769 1307 3113 1362 coronarum,
3165 1300 3403 1354 accessio
3455 1304 3830 1370 prazmiorum,

2227 1379 2609 1436 incrementum
2630 1385 2913 1454 mercedis,
2942 1401 3097 1458 seges
3129 1391 3342 1460 majoris
3373 1395 3831 1451 remunerationis

2225 1472 2427 1527 exstitit
2453 1473 2540 1528 illa
2582 1475 2844 1530 malorum
2871 1478 3176 1546 multitudo,
3205 1481 3489 1553 divitisque
3507 1485 3826 1541 crudelitas.

2223 1559 2407 1631 Neque
2435 1564 2576 1619 enim
2604 1566 2674 1620 ob
2719 1577 3084 1646 paupertatem
3130 1581 3417 1628 coronatus
3461 1586 3549 1630 est
3592 1586 3826 1644 tantum,

2223 1667 2398 1723 neque
2421 1655 2491 1710 ob
2517 1655 2731 1724 famem,
2766 1675 2938 1730 neque
2965 1661 3035 1715 ob
3086 1663 3286 1731 ulcera,
3315 1681 3488 1736 neque
3517 1668 3588 1723 ob
3618 1669 3832 1741 linguas

2221 1760 2435 1812 canum,
2467 1749 2560 1803 sed
2585 1751 2725 1820 quod
2745 1753 2905 1807 talem
2933 1754 3161 1809 vicinum
3177 1773 3296 1811 cum
3317 1758 3559 1826 haberet,
3579 1775 3608 1814 a
3635 1778 3746 1833 quo
3773 1763 3827 1817 in

2221 1835 2337 1890 dies
2361 1837 2689 1907 aspiceretur
2715 1851 2770 1896 et
2785 1842 3153 1913 despiceretur
3180 1857 3460 1918 perpetuo,
3489 1866 3611 1907 eam
3642 1864 3824 1908 tenta-

2223 1928 2423 1985 tionem
2454 1946 2716 2000 generoso
2749 1935 2929 1990 tulerit
2960 1938 3142 1992 animo
3170 1942 3468 2011 mag'naque
3494 1946 3822 2011 constantia,

2221 2035 2341 2089 qua:
2367 2021 2579 2091 quidem
2609 2026 2833 2081 tentatio
2856 2035 2913 2082 et
2941 2031 3236 2098 paupertati
3258 2039 3313 2084 et
3335 2031 3581 2088 adversa:
3606 2036 3821 2089 valetu-

2220 2111 2353 2178 dini,
2386 2122 2442 2169 et
2467 2115 2739 2172 solitudini
2770 2133 2876 2173 nou
2903 2119 3172 2190 exiguam,
3197 2123 3291 2177 sed
3316 2124 3636 2180 acerrimam
3667 2125 3823 2181 ﬂam-

2219 2218 2361 2259 mam
2384 2205 2633 2261 addebat.

2290 2294 2593 2365 Ampli/icat
2621 2298 2847 2353 eautdem
2870 2302 3172 2355 sententiam
3199 2303 3429 2374 exemplo
3461 2302 3620 2360 Pauli
3649 2316 3822 2361 osten-

2219 2383 2344 2439 dens
2368 2387 2615 2441 nemiuem
2639 2389 2703 2442 ab
2719 2390 3068 2460 afﬂictionibus
3088 2393 3442 2461 (tedii—Quid
3473 2411 3602 2451 vero
3628 2397 3822 2453 beatus

2221 2474 2441 2541 Paulus,
2471 2476 2557 2532 dic
2585 2480 2752 2534 mihi?
2775 2481 2906 2535 nihil
2938 2483 3080 2536 enim
3107 2482 3356 2553 prohibet
3400 2486 3593 2540 iterum
3623 2489 3818 2544 memi-

2219 2567 2365 2623 nisse
2394 2569 2514 2623 viri.
2567 2572 2758 2626 Annon
2788 2572 3023 2628 infinitos
3045 2576 3394 2629 tentationnm
3429 2586 3704 2648 tamquam
3733 2582 3817 2634 ni-

2217 2659 2359 2712 vium
2385 2660 2580 2715 imbres
2609 2664 2896 2718 sustinuit?
2916 2664 3052 2732 Quid
3074 2681 3201 2735 ergo
3230 2666 3352 2721 Inde
3369 2667 3547 2723 damni
3569 2673 3812 2742 accepit?

2216 2750 2407 2804 Annon
2433 2762 2709 2822 propterea
2736 2756 3027 2823 majoribus
3045 2755 3274 2810 donatus
3310 2770 3390 2812 est
3411 2763 3649 2828 coronis,
3667 2765 3808 2833 quod

2214 2841 2509 2903 esuriisset,
2558 2843 2700 2912 quod
2734 2845 2915 2916 algore
2962 2860 3024 2901 ac
3054 2846 3294 2903 nuditate
3333 2849 3631 2918 confectus,
3665 2859 3807 2923 quod

2213 2932 2529 2988 verberibus
2588 2950 2956 3006 smpenumero
3001 2941 3248 2995 concisus
3276 2981 3292 3004 ,
3341 2942 3485 3012 quod
3543 2945 3808 3017 lapidibus

2214 3024 2498 3092 appetitus,
2544 3028 2686 3096 quod
2732 3029 2783 3082 in
2832 3044 2980 3085 mare
3024 3029 3304 3086 demersus
3360 3033 3583 3089 fuisset?
3620 3039 3690 3091 At
3719 3039 3808 3094 ille

2214 3111 2410 3168 Paulus
2435 3127 2569 3179 erat,
2600 3117 2792 3187 inquit,
2819 3126 2874 3173 et
2895 3130 3115 3174 vocatus
3140 3135 3170 3174 a
3197 3120 3430 3176 Christo.
3456 3125 3619 3193 Atqui
3641 3126 3805 3181 ludas

2211 3208 2426 3264 quoque
2457 3207 2591 3248 unus
2632 3201 2746 3247 erat
2773 3207 2838 3247 ex
2865 3194 3169 3258 duodecim,
3201 3201 3420 3247 vocatus
3441 3197 3602 3247 etiam
3633 3199 3747 3262 ipse
3775 3210 3804 3247 ει

2206 3285 2456 3349 Christo;
2486 3301 2670 3339 verum
2693 3299 2865 3353 neque
2881 3284 3020 3353 quod
3051 3293 3275 3339 essetex
3305 3282 3611 3350 duodecim,
3631 3301 3806 3356 neque

2207 3380 2414 3432 vocatio
2441 3375 2637 3432 Christi
2686 3376 2973 3446 quidquam
3025 3376 3074 3431 ei
3118 3375 3335 3445 profuit,
3383 3378 3636 3447 quoniam
3682 3379 3804 3435 ani.-

2207 3485 2349 3522 mum
2379 3469 2446 3523 ad
2475 3469 2723 3524 virtutem
2755 3477 2996 3537 paratum
3025 3483 3132 3522 non
3169 3466 3417 3522 habebat.
3456 3466 3565 3523 Sed
3607 3468 3807 3526 Paulus

2204 3561 2420 3632 quidem
2451 3571 2504 3616 et
2530 3575 2651 3616 cum
2680 3563 2820 3615 fame
2843 3561 3073 3625 luctans,
3101 3568 3156 3615 et
3181 3561 3483 3614 necessario
3508 3575 3676 3629 egens
3701 3562 3804 3615 ali-

2201 3664 2406 3721 mento,
2426 3665 2479 3708 et
2503 3663 2644 3709 mnta
2674 3655 2726 3709 in
2753 3655 2871 3708 dies
2892 3654 3126 3724 singulos
3144 3652 3436 3734 perferens,
3461 3668 3653 3722 magna
3681 3669 3806 3708 cum

2203 3747 2480 3800 alacritate
2526 3745 2664 3799 viam
2721 3759 2842 3815 qua:
2892 3743 2958 3798 ad
2999 3744 3185 3798 caelum
3227 3742 3394 3810 ducit,
3426 3743 3677 3798 currebat
3706 3760 3722 3796 :
3753 3753 3808 3797 at

2205 3837 2297 3892 ille
2317 3848 2371 3892 et
2389 3846 2517 3891 ante
2543 3835 2685 3890 hunc
2706 3845 2947 3901 vocatus,
2965 3843 3021 3890 et
3037 3835 3246 3898 iisdem,
3271 3832 3464 3903 quibus
3486 3833 3620 3903 ipse,
3647 3835 3806 3890 bonis

2205 3929 2665 3998 potius,suprema
2686 3926 3028 3998 phil050phia
3052 3924 3318 3989 initiatus,
3336 3924 3599 3995 particeps
3644 3940 3806 3980 men-

2203 4035 2278 4076 sa:
2316 4037 2484 4077 sacra:
2519 4036 2584 4075 ac
2613 4020 2904 4075 tremendae
2931 4018 3072 4072 illius
3117 4032 3306 4082 emine,
3342 4025 3539 4070 tantam
3570 4018 3806 4087 gratiam

2201 4113 2444 4184 adeptus,
2497 4123 2555 4166 ut
2591 4112 2751 4166 etiam
2782 4118 3025 4166 mortuos
3065 4110 3344 4176 excitaret,
3374 4110 3617 4179 leprosos
3645 4125 3809 4165 mnu-

2199 4205 2375 4266 daret,
2399 4213 2454 4258 et
2483 4203 2756 4258 daemonas
2781 4202 3097 4273 expelleret,
3126 4200 3333 4257 crebris
3380 4201 3448 4255 de
3487 4208 3805 4270 paupertate

2199 4297 2536 4353 sermonibus
2582 4296 2797 4362 auditis,
2836 4305 2946 4350 tam
2978 4291 3088 4350 'diu
3135 4303 3378 4349 versatus
3406 4307 3529 4348 cum
3558 4291 3804 4357 Christo,

2199 4392 2392 4460 cuique
2445 4403 2735 4459 pauperum
2788 4388 3028 4458 pecunia:
3065 4387 3284 4441 creditae
3322 4385 3552 4450 fuerant,
3587 4393 3644 4438 ut
3675 4385 3806 4440 inde

2200 4481 2528 4550 aegritudinis
2549 4481 2796 4536 solatium
2821 4489 3038 4549 caperet
3068 4478 3190 4549 (fur
3208 4479 3350 4534 enim
3381 4487 3498 4532 erat
3522 4478 3538 4539 )
3559 4518 3575 4543 ,
3619 4493 3688 4531 ne
3717 4479 3805 4533 sic

2200 4571 2413 4641 quidem
2441 4571 2610 4625 factus
2636 4583 2718 4626 est
2738 4571 2950 4635 melior,
2974 4585 3293 4640 quamquam
3313 4578 3511 4623 tantam
3538 4578 3804 4638 expertus

2203 4666 2602 4737 indulgentiam.
2625 4665 2757 4720 Cum
2781 4665 2922 4720 enim
2951 4667 3115 4720 sciret
3142 4664 3384 4720 ChriStus
3407 4679 3529 4720 eum
3571 4679 3799 4720 avarum

2199 4773 2340 4825 esse,
2367 4768 2422 4813 et
2469 4774 2651 4813 amore
2700 4764 2938 4830 pecuniae
2992 4759 3308 4827 periturum,
3356 4773 3460 4813 non
3491 4759 3649 4813 modo
3675 4760 3804 4828 ejus

2199 4852 2275 4906 rei
2306 4861 2414 4906 tmn
2445 4853 2512 4907 ab
2537 4867 2602 4908 eo
2627 4869 2813 4922 pinnas
2839 4869 2943 4910 non
2975 4853 3299 4923 repoposcit,
3333 4868 3516 4907 verum
3543 4863 3598 4906 ut
3629 4853 3804 4922 ipsius

2198 4946 2566 5015 a‘gritudinem
2621 4947 2888 5012 delinirct,
2945 4956 3000 5001 et
3046 4948 3238 5002 minori
3293 4947 3436 5002 malo
3467 4956 3802 5013 praecaveret

2205 5022 2396 5088 majus,
2429 5021 2588 5076 etiam
2617 5036 2908 5091 pauperum
2937 5022 2985 5074 ei
3012 5022 3264 5090 pecunias
3292 5025 3545 5090 credidit,
3576 5035 3630 5080 ut
3661 5045 3788 5082 cum

2204 5113 2423 5167 haberet
2446 5112 2584 5166 unde
2610 5112 2848 5180 pecunia:
2876 5111 3220 5181 cupiditatem
3261 5113 3502 5182 satiaret,
3521 5115 3582 5180 _in
3605 5115 3792 5170 horri-

2203 5205 2308 5258 bile
2334 5204 2458 5258 llillll
2485 5202 2788 5258 barathrum
2821 5219 2925 5257 non
2953 5213 3244 5259 corrueret.

2276 5299 2360 5352 12.
2377 5297 2479 5353 Cur
2498 5298 2645 5352 etiam
2660 5297 3000 5367 improborum
3023 5298 3194 5368 lapsus
3211 5303 3456 5368 exprimat
3474 5299 3747 5367 Scriptura
3766 5318 3786 5362 ,-

2206 5391 2447 5459 parabola
2487 5390 2850 5458 tediftcantium
2895 5389 3194 5456 explicatur.
3229 5416 3295 5427 -—
3323 5390 3472 5444 Adeo
3519 5405 3785 5458 nusquam

2201 5481 2481 5551 quisquam
2527 5480 2720 5534 laedere
2763 5479 2959 5548 poterit
3003 5493 3164 5542 eum,
3210 5477 3298 5546 qui
3326 5477 3789 5547 seipsumlmdere

2203 5575 2336 5627 ltulll
2362 5590 2376 5635 ;
2425 5573 2473 5627 ei
2501 5587 2625 5625 vero
2649 5571 2737 5641 qui
2763 5571 2987 5641 vigilans
3008 5584 3071 5625 ac
3102 5569 3308 5625 sobrius
3335 5585 3451 5624 esse
3473 5610 3486 5632 ,
3526 5585 3784 5639 suamque

2203 5681 2419 5734 operam
2449 5663 2693 5719 conferre
2723 5664 2874 5730 nolit,
2900 5678 3058 5718 nemo
3085 5677 3332 5732 umquam
3360 5661 3616 5731 proderit.
3647 5662 3779 5715 Pro-

2204 5768 2381 5826 ptcrea
2428 5757 2519 5813 tibi
2571 5757 2825 5812 mirabilis
2881 5771 3091 5827 quoque
3119 5753 3511 5824 Scripturarum
3561 5752 3780 5807 historia
