4046 6428
227 505 642 578 παρασκευάζει
717 504 1121 576 δυσχεραίνειν,
1167 507 1262 559 καὶ
1311 505 1570 570 πολλάκις
1623 509 1715 562 καὶ
1761 509 1923 579 βλάσ.

231 609 400 668 φημι
463 595 684 664 ρηματα
750 593 1034 647 ἐκϐάλλειν
1092 594 1186 647 καὶ
1240 593 1574 664 ἀνελεύθερα
1621 593 1924 663 πράγματα

226 677 550 748 ὑπομένειν.
582 678 695 748 Ούχ
725 680 757 748 ἡ
796 679 979 742 πενία,
1014 679 1128 731 ἀλλ’
1157 681 1191 748 ἡ
1227 679 1560 748 μικροψυχία
1583 696 1596 707 ·
1630 678 1752 731 ἐπεὶ
1775 679 1867 730 καὶ
1895 679 1924 729 6

222 766 480 838 Λάζαρος
509 767 679 837 πένης
707 763 795 838 ἦν,
829 767 921 821 καὶ
962 783 1032 835 σφ
1065 767 1167 837 δρα
1192 784 1256 834 γε
1308 768 1504 836 πένης·
1543 766 1636 819 καὶ
1667 768 1735 836 τῇ
1766 764 1926 835 πενίᾳ

222 854 444 925 προσῆν
474 855 568 910 καὶ
593 854 877 924 ἀρρωστία
923 855 1116 914 πενίας
1145 854 1367 924 ἁπάσης
1409 857 1729 925 πικῳτέρα,
1764 853 1798 923 ἡ
1829 852 1924 906 καὶ

223 940 329 1012 τὴν
359 943 548 997 πενίαν
573 943 776 1012 ταύτην
807 942 1198 1013 χαλεπωτέραν
1225 942 1456 996 ποιοῦσα
1476 959 1490 973 ·
1525 943 1619 995 καὶ
1641 944 1706 1012 τῇ
1740 941 1924 1011 ἀρρω-

225 1031 355 1104 στίᾳ
387 1034 591 1105 ἐρημία
606 1034 715 1087 τῶν
747 1034 1229 1105 προστησομένων,
1256 1034 1349 1087 καὶ
1393 1034 1596 1104 ἀπορία
1623 1032 1733 1086 τῶν
1762 1032 1918 1104 θερα-

223 1120 524 1183 πευόντων,
564 1121 685 1190 ἥτις
726 1121 820 1174 καὶ
861 1120 958 1191 τὴν
1006 1121 1200 1174 πενίαν
1236 1122 1327 1175 καὶ
1357 1120 1458 1190 τὴν
1493 1121 1807 1191 ἀρρωστίαν
1833 1139 1923 1173 πι-

224 1207 496 1278 κροτέραν
514 1207 816 1277 εἰργάζετο.
853 1204 1073 1262 Τούτων
1099 1208 1208 1280 γὰρ
1236 1200 1467 1262 ἕκαστον
1489 1210 1582 1263 καὶ
1606 1209 1728 1263 καθ’
1762 1209 1923 1262 ἑαυτὸ

228 1293 332 1364 μὲν
361 1294 644 1364 ὀδυνηρόν,
680 1295 808 1349 ὅταν
826 1296 884 1350 δὲ
909 1297 1045 1368 μηδὲ
1072 1300 1124 1350 oi
1159 1296 1555 1368 θεραπεύοντες
1582 1291 1704 1358 ῶσι,
1736 1298 1921 1368 μεῖζον

221 1381 439 1448 γίνεται
485 1380 548 1434 16
588 1380 784 1445 δεινὸν,
837 1382 1194 1454 χαλεπωτέρα
1248 1386 1280 1454 ἠ
1342 1383 1493 1454 φλὸξ,
1531 1384 1838 1455 πικροτέρα
1883 1387 1916 1455 ἡ

219 1468 408 1539 ὀδύνη,
437 1467 776 1541 ἀγριώτερος
807 1471 837 1523 ό
869 1469 1097 1541 χειμὼν,
1131 1471 1489 1542 σφοδρότερον
1509 1473 1571 1524 τὸ
1602 1472 1918 1539 κλυδώνιον,

221 1555 641 1628 φλογωδεστέρα
673 1560 706 1628 ἡ
727 1558 983 1629 κάμινος.
1016 1559 1080 1613 Ei
1117 1559 1175 1614 δέ
1206 1577 1290 1624 τις
1334 1560 1578 1632 ἀκριϐῶς
1617 1560 1916 1627 ἐξετάσειε,

219 1645 319 1698 καὶ
343 1645 532 1716 ἕτερον
557 1646 768 1704 τούτοις
808 1646 1068 1718 τέταρτον
1098 1648 1330 1720 προσῆν,
1367 1649 1402 1720 ἡ
1435 1649 1529 1702 τοῦ
1561 1647 1920 1713 πλουτοῦντος

219 1732 288 1786 ἐκ
319 1733 578 1800 γειτόνων
605 1732 881 1796 οἰκοῦντος
931 1734 1081 1788 ἄδεια
1104 1735 1203 1789 καὶ
1235 1737 1436 1807 τρυφή.
1475 1736 1538 1789 Ei
1568 1736 1626 1789 δὲ
1657 1735 1843 1807 βούλει
1863 1753 1917 1790 τι

220 1821 319 1875 καὶ
356 1822 608 1891 πέμπτον
662 1821 794 1876 ἄλλο
833 1823 1036 1892 εὑρεῖν,
1075 1823 1407 1894 ὑπέκκαυμα
1434 1824 1533 1896 τῆς
1571 1825 1790 1894 φλογὸς,
1823 1825 1916 1879 καὶ

217 1909 383 1963 τοῦτο
412 1909 531 1980 δψει
565 1909 752 1979 σαφῶς
781 1909 932 1981 αὐτῷ
964 1912 1369 1983 περικείμενον.
1401 1913 1476 1966 Οὐ
1503 1912 1611 1983 γὰρ
1652 1912 1711 1985 δὴ
1754 1914 1914 1984 μόνον

218 1999 432 2072 ἐτρύφα
465 2000 492 2051 6
525 1998 780 2062 πλούσιος
819 2001 1046 2062 ἐκεῖνος,
1081 1999 1217 2053 ἀλλὰ
1254 2001 1348 2054 καὶ
1381 2001 1634 2073 δεύτερον
1666 2003 1760 2055 καὶ
1794 2003 1913 2073 τρί-

216 2103 334 2149 τον,
366 2086 566 2157 μᾶλλον
593 2087 651 2140 δὲ
689 2089 785 2140 καὶ
821 2087 1111 2151 πλεονάκις
1150 2089 1249 2157 τῆς
1289 2089 1502 2159 ἡμέρας
1539 2089 1701 2142 αὑτὸν
1729 2090 1873 2160 όρῶν
1896 2107 1909 2120 ·

217 2175 378 2245 παρά
407 2174 515 2245 γὰρ
542 2176 643 2246 τὴν
672 2175 878 2229 εἴσοδον
897 2176 1144 2249 ἔρριπτο,
1172 2175 1398 2249 θέατρον
1416 2179 1649 2248 χαλεπὸν
1674 2178 1914 2248 ἐλεεινῆς

217 2261 531 2333 τραγῳδίας
556 2263 631 2316 ὢν
671 2275 721 2316 ⁸.
769 2265 866 2318 καὶ
913 2267 979 2334 τῇ
1010 2262 1129 2332 ὄψει
1164 2265 1324 2334 μόνον
1361 2266 1456 2317 καὶ
1485 2263 1695 2336 λιθίνην
1727 2267 1912 2329 ἱκανὸς

216 2349 611 2420 καταμαλάξαι
645 2349 859 2423 ψυχήν·
889 2352 984 2405 καὶ
1018 2353 1168 2423 ὅμως
1207 2352 1328 2406 ούδέ
1372 2353 1532 2407 τοῦτο
1560 2354 1913 2408 ἐπεσπάσατο

214 2436 311 2491 τὸν
343 2437 711 2508 ἀπάνθρωπον
734 2439 942 2493 ἐκεῖνον
971 2442 1050 2504 είς
1074 2441 1172 2511 τὴν
1203 2441 1301 2512 τῆς
1313 2443 1504 2505 πενίας
1523 2442 1740 2515 ἐκείνης
1758 2445 1910 2497 ἀντί-

215 2523 382 2594 ληψιν
414 2543 426 2555 ·
462 2524 575 2578 ἀλλ’
609 2528 636 2578 6
676 2527 773 2596 μὲν
803 2526 1163 2599 συϐαριτικὴν
1213 2529 1538 2600 παρετίθετο
1591 2531 1908 2602 τράπεζαν,

217 2610 316 2667 καὶ
348 2611 633 2682 κρατῆρας
671 2609 814 2684 εἶχεν
845 2614 1239 2685 ἐστεμμένους,
1276 2615 1372 2669 καὶ
1425 2616 1667 2687 ἄκρατον
1721 2618 1908 2683 ἁπλῶς

217 2697 571 2768 ἐκχεόμενον,
622 2701 715 2752 καὶ
785 2700 1123 2772 στρατόπεδα
1177 2703 1458 2774 μαγείρων
1504 2704 1756 2776 λαμπρὰ,
1816 2710 1910 2759 καὶ

216 2785 557 2857 παρασίτους
590 2789 686 2842 καὶ
727 2789 966 2853 κόλακας
1018 2789 1134 2860 ἅμα
1199 2789 1349 2863 [456]
1375 2792 1542 2864 πρωῒ,
1575 2796 1669 2848 καὶ
1713 2797 1908 2866 χοροὺς

212 2873 472 2948 ᾀδόντων,
503 2876 902 2946 οἰνοχοούντων,
933 2878 1472 2946 γελωτοποιούντων·
1510 2884 1602 2936 καὶ
1635 2884 1744 2936 πᾶν
1769 2879 1908 2948 εἶδος

215 2961 449 3016 ἐπινοῶν
473 2964 730 3027 ἀσωτίας,
763 2967 857 3019 καὶ
890 2965 1105 3036 μεθύων
1131 2967 1223 3020 καλ¹
1254 2969 1593 3041 κραιπαλῶν,
1621 2973 1717 3025 καὶ
1746 2974 1906 3044 στολῇ

214 3051 310 3103 καὶ
328 3049 602 3122 τραπέζῃ,
629 3055 724 3105 καὶ
744 3054 952 3125 ἐτέροις
970 3054 1181 3110 πλείοσι
1209 3056 1430 3128 τρυφῶν
1455 3058 1669 3115 ἅπαντα
1683 3060 1908 3115 διετέλει

211 3137 306 3192 16v
354 3139 564 3210 χρόνον.
598 3139 800 3194 Τοῦτον
847 3141 900 3194 δέ
937 3141 1082 3215 λιμῷ
1109 3143 1329 3216 χαλεπῷ
1369 3146 1463 3199 καὶ
1499 3147 1781 3220 ἀρρωστίᾳ
1819 3168 1909 3203 πι-

215 3228 480 3300 κροτάτῃ,
537 3230 632 3282 καὶ
691 3230 979 3302 πολιορκίᾳ
1025 3229 1296 3312 τοσρύτων
1326 3233 1523 3300 ἑλκῶν,
1553 3239 1648 3291 καὶ
1679 3239 1907 3312 ἐρημίᾳ,

213 3314 310 3368 καὶ
339 3317 452 3378 τοῖς
475 3317 539 3369 ἐκ
573 3315 776 3371 τούτων
816 3301 1004 3383 κακοῖς
1037 3301 1180 3392 ὁρῶν
1223 3321 1344 3376 καθ’
1376 3323 1614 3395 ἑκάστην
1647 3301 1907 3381 κᾴτᾶτεὶζ

213 3397 440 3471 νόμενον
465 3399 560 3470 τὴν
583 3403 821 3472 ἡμέραν,
862 3403 985 3457 οὐδὲ
1015 3407 1094 3468 είς
1130 3405 1255 3460 νοῦν
1289 3425 1419 3463 ποτε
1452 3409 1708 3465 ἐϐάλλετο
1731 3429 1743 3441 ·
1791 3412 1908 3465 ἀλλ’

211 3491 264 3542 οί
300 3488 400 3560 μὲν
429 3490 742 3560 παράσιτοι,
777 3491 870 3545 καὶ
921 3492 971 3545 oi
1006 3493 1238 3559 κόλακες
1265 3497 1360 3549 καὶ
1393 3498 1533 3570 ὑπὲρ
1567 3499 1667 3570 τὴν
1720 3502 1909 3571 χρείαν

214 3577 603 3648 διερρήγνυντο
622 3595 636 3608 ’
658 3581 686 3632 6
713 3579 769 3632 δέ
799 3579 988 3651 πένης,
1023 3582 1116 3635 καὶ
1133 3582 1276 3637 οὕτω
1297 3585 1485 3657 πένης,
1505 3589 1601 3640 καὶ
1630 3591 1689 3642 ἐν
1721 3590 1909 3643 τοσού-

213 3679 326 3727 τοις
371 3664 625 3736 κείμενος
661 3668 772 3740 τοίς
820 3670 1028 3732 κακοῖς,
1063 3671 1185 3724 οὺδέ
1216 3672 1414 3742 ψιχίων
1444 3676 1509 3727 ἐκ
1552 3675 1654 3746 τῆς
1696 3679 1905 3749 τραπέ-

211 3751 314 3822 ζης
347 3753 631 3823 ἀπήλαυεν
660 3754 896 3826 ἐκείνης,
922 3758 1016 3809 καὶ
1041 3759 1216 3812 ταῦτα
1246 3761 1452 3832 σφόδρα
1473 3763 1758 3835 ἐπιθυμῶν
1784 3767 1908 3821 ’καὶ

211 3842 363 3909 ὅμως
392 3841 544 3896 οὐδὲν
574 3842 737 3897 αὑτὸν
766 3844 972 3898 τούτων
1004 3847 1375 3918 παρέϐλαψεν,
1411 3851 1474 3903 ού
1525 3853 1678 3924 ῥῆμα
1707 3857 1907 3927 πικρὸν

210 3927 470 3994 ἐξέϐαλεν
499 3929 550 3993 δ,
577 3931 635 3983 οὺ
659 3929 980 4002 βλάσφημον
1006 3932 1308 4003 ἐφθέγξατο
1343 3936 1500 4005 λόγον
1523 3954 1534 3966 ·
1571 3941 1686 3994 ἀλλ’
1716 3942 1905 4016 ὥσπερ

212 4016 436 4088 χρυσίον
456 4021 523 4091 τῇ
565 4020 901 4093 σφοδροτέρα
932 4021 1180 4093 πυρώσει
1216 4027 1478 4096 μειζόνως
1509 4029 1907 4102 καθαιρόμενον

210 4105 614 4177 λαμπρύνεται,
650 4108 795 4164 οὕτω
823 4109 888 4181 δὴ
920 4111 1014 4164 καὶ
1043 4111 1258 4178 ἐκεῖνος
1291 4115 1397 4168 ὑπὸ
1423 4117 1532 4170 τῶν
1561 4120 1905 4192 παθημάτων

210 4192 418 4247 τούτων
458 4195 865 4266 ἐνοχλούμενος,
921 4199 1140 4255 πάντων
1183 4201 1512 4276 ὑψηλότερος
1548 4201 1617 4279 ἦν
1657 4210 1751 4263 καὶ
1795 4210 1905 4264 τῶν

211 4279 438 4344 παθῶν,
491 4283 587 4336 καὶ
648 4284 828 4338 αὐτῶν
871 4286 981 4339 τῶν
1023 4288 1279 4344 ἐντεῦθεν
1315 4283 1530 4358 πολλοῖς
1568 4300 1904 4369 τικτομένων

207 4367 478 4458 θορύϐων.
547 4371 612 4424 Ei
664 4372 775 4443 γὰρ
833 4374 1022 4440 ἁπλῶς
1059 4377 1294 4447 πένητες
1345 4380 1635 4449 πλουσίους
1670 4367 1904 4458 όρ-ῶντες

207 4456 482 4548 τῆκονται.
499 4459 576 4529 τῷ
617 4460 817 4533 φθόνῳ,
853 4463 946 4517 καὶ
972 4466 1383 4548 κατατείνονται
1408 4473 1474 4542 τῇ
1497 4456 1788 4548 βασκανίᾳ,
1810 4479 1904 4531 καὶ

208 4542 300 4594 16v
332 4543 446 4613 βίον
474 4545 709 4601 ἀϐίωτον
749 4550 1064 4621 νομίζουσιν
1098 4547 1261 4619 εἶναι,
1289 4558 1384 4610 καὶ
1413 4558 1588 4613 ταῦτα
1617 4562 1715 4632 τῆς
1737 4542 1902 4634 ἀναγ-

210 4632 369 4721 καίας
395 4635 758 4721 εὐποροῦντες
795 4640 1022 4711 τροφῆς,
1067 4643 1163 4696 καὶ
1216 4644 1623 4715 θεραπεύοντας
1650 4632 1900 4721 ἔχοντες·

207 4722 237 4771 6
266 4720 436 4792 πένης
465 4715 620 4788 οὗτος
646 4726 721 4790 ὡς
741 4727 918 4792 οὐδεὶς
944 4729 1130 4801 ἕτερος
1152 4731 1319 4801 πένης
1346 4731 1443 4796 ὢν,
1467 4737 1559 4789 καὶ
1588 4715 1710 4808 οὐχί
1733 4715 1902 4812 πένης

211 4807 394 4902 μόνον,
427 4810 563 4864 ἀλλά
596 4814 691 4867 καὶ
720 4815 973 4886 ἀσθενὴς,
1006 4818 1101 4872 καὶ
1136 4819 1341 4889 μηδένα
1373 4821 1512 4892 ἔχων
1537 4825 1628 4879 τὸν
1654 4807 1898 4902 προστη-

211 4895 438 4988 σόμενον
497 4900 591 4953 καὶ
655 4904 1133 4974 παρακαλέσοντα,
1173 4907 1287 4961 ἀλλ’
1349 4912 1408 4963 ἐν
1455 4912 1597 4987 μέσῃ
1635 4895 1719 4988 τῇ-
1747 4895 1898 4974 πόλει

206 4983 460 5056 καθάπερ
487 4987 544 5080 ἐν
569 4990 774 5062 ἐσχάτῃ
795 4993 1045 5063 κείμενος
1074 4995 1305 5068 ἐρημία,
1351 4999 1446 5052 καὶ
1667 4983 1902 5078 τηκόμε-

205 5087 293 5133 νος
318 5074 651 5146 πικροτάτῳ,
685 5077 777 5130 καὶ
813 5080 992 5133 πάντα
1016 5081 1158 5151 ὁρῶν
1189 5083 1385 5155 ἐκείνῳ
1420 5074 1673 5161 καθάπερ
1700 5074 1765 5146 ἐκ
1800 5074 1899 5166 πη-

206 5157 317 5225 γῶν
344 5160 690 5231 ἐπιρρέοντα,
714 5166 806 5218 καὶ
832 5165 1182 5239 ἀνθρωπίνης
1201 5171 1300 5241 μὲν
1330 5173 1587 5245 οὐδεμιᾶς
1603 5157 1897 5238 ἀπολαύων

207 5248 577 5339 παραμυθίας,
616 5255 738 5339 τρῖς
765 5253 821 5307 δὲ
852 5254 960 5309 τῶν
999 5257 1178 5312 κυνῶν
1227 5259 1503 5327 γλώσσαις
1533 5269 1897 5339 προκείμενος

207 5268 577 5319 παραμυοιας,
651 5268 738 5316 αις
765 5268 821 5307 οε
852 5271 960 5309 των
999 5268 1178 5312 κυνων
1227 5268 1503 5327 γλώσσαις
1533 5269 1895 5339 προκείμενος

204 5335 450 5425 τράπεζα
468 5268 723 5410 διηνεξλς
752 5340 917 5409 (οὕτω
939 5343 1048 5415 γὰρ
1066 5340 1134 5416 ἦν
1158 5347 1220 5399 16
1251 5347 1411 5419 σῶμα
1440 5358 1772 5425 παρειμένος
1804 5366 1895 5416 καὶ

204 5421 728 5521 διαλελυμένκοςκὼς
789 5430 924 5502 μηδὲ
972 5433 1216 5499 ἐκείνους
1265 5421 1556 5495 ἀποσοϐεῖν
1587 5421 1892 5521 δύνασθαι),

201 5510 253 5608 τί
279 5510 378 5608 οὐκ
417 5511 482 5608 ἂν
512 5512 734 5608 ἔπαθεν,
761 5518 808 5569 εί
855 5520 929 5590 μὴ
962 5521 1166 5592 σφόδρα
1192 5530 1442 5591 γενναῖος
1471 5533 1565 5586 καὶ
1603 5510 1896 5608 φιλόσοφός

202 5591 302 5668 ἧνς
348 5601 508 5672 Ὁρᾷς
545 5603 628 5656 ὅτι
668 5607 693 5658 6
744 5607 935 5661 ἐαυτὸν
963 5610 1037 5680 μὴ
1081 5591 1304 5680 ἀδικῶν,
1347 5617 1449 5671 κᾶν
1485 5591 1636 5692 παρά
1675 5591 1892 5682 πάντων

264 5744 838 5837 ςἍίξὲεαΠεΞᾎ-θέατρον
870 5755 1080 5816 χαλεπῆς
1125 5761 1320 5824 θεωρίας
1346 5764 1432 5826 ὧν,
1471 5767 1568 5820 duo
1591 5769 1674 5820 alii
1697 5773 1891 5837 θέατρον

200 5808 281 5875 ατς
304 5807 428 5875 λέπη
455 5807 652 5875 θεωρίας
670 5814 753 5860 ὧν.

263 5866 290 5905 δ
317 5869 426 5920 Duo
455 5866 569 5921 mss:
596 5873 650 5920 οὐ
670 5876 803 5940 ῥῆμά
828 5893 872 5925 τι
895 5879 950 5926 ού
977 5882 1142 5942 μικρὸν
1167 5885 1224 5932 οὐ
1249 5887 1371 5949 μέγα
1393 5889 1513 5944 ἐξέε.

608 5968 882 6031 Ρλτιιοι.
929 5971 1048 6034 Gn.
1097 5975 1228 6046 LII.

1320 388 1508 454 QUOD
1549 385 1741 444 NEMO
1778 385 2115 443 LIEDITUR
2159 382 2289 439 NISI
2329 383 2374 437 Α
2414 380 2688 438 SEIPSO.

3634 381 3736 434 I71

2028 517 2299 588 ἀδικῆται,
2334 513 2488 568 οὐδὲν
2513 513 2714 582 πάσχει
2735 512 2906 565 δεινόν
2932 529 2944 575 ;
2981 510 3143 564 πάλιν
3170 506 3278 580 γὰρ
3304 509 3391 562 16v
3422 509 3584 562 αὐτὸν
3613 515 3730 568 ἀνα-

2029 606 2272 676 λήψομαι
2295 604 2473 670 λόγον.

2107 703 2274 756 ια¹.’ί“ί
2299 704 2408 772 γὰρ
2430 702 2462 770 ἡ
2488 699 2774 772 ἀρρωστία
2801 715 2813 764 ;
2842 698 2893 750 τί
2918 697 2974 750 δέ
3005 699 3037 767 ἡ
3067 696 3272 770 ἐρημία
3303 697 3412 750 τῶν
3433 713 3737 770 προστησοο

2032 791 2244 860 μένωνς
2281 790 2332 843 τί
2386 788 2442 842 δὲ
2473 788 2506 858 ἡ
2541 787 2728 856 ἔφοδος
2753 787 2861 840 τῶν
2911 786 3123 848 κυνῶνς
3151 787 3204 840 τί
3237 786 3292 840 δέ
3332 786 3394 839 16
3432 786 3736 857 γειτόνημα

2027 876 2122 932 τοῦ
2150 877 2407 932 πλουσίου
2441 876 2504 929 τὸ
2529 876 2768 947 πονηρόν
2791 894 2804 939 ;
2838 874 2964 929 τίδὲ
2989 877 3023 946 ή
3058 875 3224 944 πολλὴ
3252 874 3408 946 χλιδὴ
3432 877 3526 928 καὶ¹
3560 875 3732 945 ύπερ-

2027 967 2254 1037 ηφανία,
2286 970 2382 1021 καὶ
2409 968 2442 1036 ἡ
2474 965 2705 1018 ἀπόνοια
2754 962 2966 1016 ἐκείνου
2995 963 3086 1015 τὸν
3118 962 3357 1034 ἀθλητὴν
3384 962 3576 1016 τοῦτον
3597 981 3739 1034 παρ-

2027 1054 2326 1123 έϐλαψεν;ἢ
2345 1052 2737 1124 μαλακώτερον
2760 1051 2896 1123 πρὸς
2914 1051 2984 1104 τά
2998 1050 3140 1122 ὑπὲρ
3158 1052 3258 1122 τῆς
3274 1050 3482 1122 ἀρετῆς
3503 1050 3735 1123 ἐποίησε

2027 1143 2330 1213 σκάμματα
2351 1158 2364 1206 ;
2385 1142 2437 1195 τί
2479 1141 2540 1194 δέ
2588 1139 2758 1193 αὐτοῦ
2785 1140 2884 1210 τὴν
2913 1138 3161 1192 εὐτονίαν
3188 1139 3531 1209 ἐλυμήνατο;
3567 1140 3734 1194 Οὐδὲν

2024 1230 2288 1302 οὐδαμοῦ,
2318 1229 2456 1284 ἀλλά
2471 1230 2562 1283 καὶ
2597 1227 2800 1300 μᾶλλον
2841 1228 3006 1281 αὐτὸν
3043 1226 3355 1300 ἐπέρρωσε,
3389 1230 3484 1281 καὶ¹
3520 1229 3733 1300 μυρίων

2025 1318 2176 1390 αὐτῷ
2193 1318 2478 1388 στεφάνων
2503 1317 2762 1380 ὑπόθεσις
2778 1316 2992 1385 γέγονε,
3011 1316 3106 1369 καὶ
3124 1317 3412 1388 πωσθήκη
3433 1315 3733 1388 βραϐείων,

2025 1408 2118 1460 καὶ
2151 1403 2490 1476 πλεονασμὸς
2511 1403 2859 1480 ἀντιδόσεως,
2899 1403 2995 1456 καὶ
3033 1401 3302 1473 μειζόνων
3334 1403 3584 1475 ἁμοιϐῶν
3607 1404 3740 1458 6116-

2025 1495 2174 1557 θεσις
2188 1492 2297 1548 τῶν
2321 1492 2513 1547 δεινῶν
2541 1493 2604 1545 16
2629 1491 2829 1562 πλῆθος
2855 1492 3053 1555 ἐκεῖνο,
3077 1491 3171 1544 καὶ
3195 1493 3228 1562 ὴ
3249 1490 3344 1544 τοῦ
3371 1492 3735 1557 πλουτοῦντος

2021 1582 2266 1653 ὠμότης.
2302 1583 2378 1636 Ού
2407 1581 2516 1652 γάρ
2551 1580 2615 1651 δὴ
2664 1581 2752 1634 διὰ
2781 1581 2880 1650 τὴν
2911 1578 3103 1632 πενίαν
3137 1579 3507 1651 ἐστεφανοῦτο
3545 1582 3729 1654 μόνον,

2022 1671 2142 1725 οὐδὲ
2170 1672 2258 1724 διὰ
2280 1671 2373 1724 τὸν
2389 1671 2571 1742 λιμὸν,
2600 1670 2720 1723 οὐδὲ
2771 1669 2859 1722 διὰ
2881 1669 2951 1723 τὰ
2981 1669 3139 1740 ἕλκη,
3164 1669 3286 1722 οὐδὲ
3321 1670 3408 1724 διὰ
3432 1671 3528 1735 τὰς
3555 1670 3733 1741 γλῶσ-

2021 1775 2121 1823 σας
2162 1759 2271 1812 τῶν
2329 1759 2508 1813 κυνῶν
2535 1773 2549 1788 ⁶
2610 1759 2726 1812 ἀλλ’
2753 1759 2835 1812 61:
2900 1758 3145 1812 τοιοῦτον
3184 1758 3405 1825 γείτονα
3441 1757 3603 1828 ἔχων,
3635 1760 3732 1813 καὶ

2021 1849 2142 1901 καθ’
2166 1850 2405 1917 ἑκάστην
2428 1847 2711 1920 ὁρώμενος
2742 1846 2835 1900 ὑπ’
2867 1846 3034 1900 αὐτοῦ
3058 1847 3155 1919 τὴν
3175 1847 3412 1917 ἡμέραν,
3442 1848 3537 1900 καὶ
3560 1849 3732 1918 ὑπερεο

2019 1936 2298 2007 ορὼμενος
2325 1935 2618 2007 διηνεκῶς,
2643 1935 2834 1988 τοῦτον
2868 1935 3070 2005 ἦνεγκε
3102 1937 3372 2008 γενναίως
3404 1935 3497 1989 τὸν
3529 1953 3722 2009 πειρα-

2019 2026 2178 2094 σμὸν,
2214 2027 2308 2078 καὶ
2347 2025 2487 2095 μετά
2514 2023 2716 2095 πολλῆς
2746 2025 2844 2094 τῆς
2873 2023 3197 2094 καρτερίας,
3231 2024 3326 2076 καὶ
3348 2026 3416 2095 τῇ
3449 2025 3612 2096 πενίᾳ
3634 2026 3731 2080 καὶ

2017 2118 2084 2186 τῇ
2105 2115 2414 2186 ἀρρωστία,
2448 2114 2545 2167 καὶ
2568 2115 2635 2185 τῇ
2667 2114 2895 2184 ἐρημίᾳ,
2913 2114 2974 2165 ού
2998 2111 3381 2184 μικρὰν,ἀλλὰ
3403 2114 3498 2167 καὶ
3523 2114 3733 2187 σφόδρα.

2017 2203 2393 2272 εύτονωτάτην
2428 2202 2853 2274 συνεισφέροντα
2883 2200 2980 2272 τὴν
3000 2201 3198 2270 φλόγα.

2088 2303 2152 2353 Τί
2189 2302 2246 2355 δὲ
2281 2304 2307 2355 6
2332 2302 2605 2372 μακάριος
2636 2298 2874 2366 Παῦλος,
2901 2298 3025 2352 εἰπέ
3057 2315 3147 2369 μοι
3175 2316 3190 2361 ;
3221 2299 3374 2353 οὐδὲν
3397 2300 3506 2372 γὰρ
3531 2300 3731 2355 κωλύει

2019 2390 2185 2443 πάλιν
2242 2388 2654 2461 ἐπιμνησθῆναι
2714 2386 2812 2440 τοῦ
2873 2387 3089 2459 ἀνδρός.
3154 2389 3291 2462 Οὐχὶ
3328 2388 3484 2463 [457]
3526 2392 3730 2462 μυρίας

2017 2476 2238 2544 ἐδέξατο
2297 2475 2624 2546 πειρασμῶν
2666 2475 2947 2554 Ινιφάδας;
2988 2475 3053 2527 Τί
3079 2470 3171 2529 οὖν
3204 2475 3458 2532 ἐντεῦθεν
3485 2477 3728 2555 ἐϐλάϐης

2015 2567 2130 2618 υὺκ
2196 2563 2450 2618 ἐντεῦθεν
2483 2565 2583 2634 μὲν
2626 2551 2721 2618 οὖν
2755 2563 2851 2617 καὶ
2906 2563 3171 2634 μειζόνως
3215 2551 3607 2635 ἐστεφανοῦτό,
3648 2571 3731 2622 ὅτι

2014 2653 2336 2722 ἐλίμωττεν,
2367 2652 2449 2705 ὅτι
2488 2652 2684 2724 κρυμῷ
2716 2653 2811 2706 καὶ
2839 2651 3144 2723 γυμνότητι
3191 2658 3529 2726 κατετήκετο
3565 2668 3614 2722 ο,
3648 2659 3731 2711 ὅτι

2016 2742 2240 2816 μάστιξι
2273 2741 2536 2805 πολλάκις
2598 2742 2970 2810 κατεξαίνετο,
3002 2743 3086 2796 ὃτι
3135 2742 3302 2808 λίθοις
3333 2744 3611 2811 ἐϐάλλετο,
3648 2748 3731 2801 ὅτι

2012 2828 2463 2894 κατεποντίζετο;
2495 2829 2637 2883 Ἀλλ’
2669 2832 2877 2893 ἐκεῖνος
2905 2829 3120 2896 Παῦλος
3157 2825 3248 2901 ἦν,
3275 2832 3432 2902 φησι,
3463 2834 3560 2887 καὶ
3593 2834 3731 2904 κλη-

2011 2921 2102 2984 τὸς
2132 2919 2227 2974 τοῦ
2250 2917 2512 2992 Χριστοῦ.
2545 2915 2744 2973 Καίτοι
2774 2919 2869 2972 καὶ
2903 2919 3104 2982 Ἰούδας
3128 2913 3211 2982 ε’ίς
3249 2919 3358 2973 τῶν
3388 2920 3601 2975 δώδεκα
3633 2917 3729 2996 ἦν,

2013 3011 2110 3062 καὶ
2169 3008 2366 3080 κλητὸς
2402 3008 2498 3059 καὶ
2533 3007 2698 3070 αὐτὸς
2736 3007 2830 3061 τοῦ
2865 3007 3108 3079 Χριστοῦ
3135 3022 3148 3037 ·
3186 3008 3302 3064 ἀλλ’
3333 3007 3458 3063 οὒτε
3487 3011 3550 3064 16
3589 3006 3730 3067 είναι

2009 3097 2119 3151 τῶν
2143 3096 2372 3161 δώδεκα,
2403 3093 2529 3148 οὔτε
2546 3097 2580 3166 ἡ
2600 3096 2794 3165 κλῆσις
2818 3096 2983 3149 αὐτὸν
3006 3094 3240 3166 ὤνησεν,
3273 3097 3466 3171 ἐπειδὴ
3497 3096 3729 3174 γνώμην

2012 3187 2113 3240 ούκ
2140 3180 2258 3256 εἶχε
2309 3184 2448 3256 πρὸς
2507 3185 2714 3257 ἀρετὴν
2765 3187 3324 3258 παρεσκευασμένην.
3377 3186 3520 3242 Ἀλλ’
3566 3191 3596 3243 6
3628 3190 3728 3261 μὲν

2013 3274 2229 3338 Παῦλος
2268 3274 2363 3327 καὶ
2397 3272 2555 3344 λιμῷ
2585 3272 2858 3340 παλαίων,
2892 3275 2988 3327 καὶ⁵
3022 3274 3125 3345 τῆς
3162 3276 3476 3345 ἀναγκαίας
3497 3280 3728 3350 ἀπορῶν

2011 3363 2239 3434 τροφῆς,
2268 3363 2364 3416 καὶ
2387 3361 2627 3415 τοσαῦτα
2659 3362 2782 3416 καθ’
2809 3363 3053 3433 ἐκάστην
3094 3364 3323 3436 πάσχων
3360 3365 3461 3436 τὴν
3489 3369 3725 3439 ἡμέραν,

2015 3452 2157 3522 μετά
2184 3451 2387 3522 πολλῆς
2437 3451 2536 3520 τῆς
2589 3449 2904 3522 προθυμίας
2939 3452 3038 3524 τὴν
3079 3454 3161 3517 είς
3189 3454 3420 3525 οὐρανὸν
3449 3456 3726 3528 φέρουσαν

2013 3540 2238 3611 ἔτρεχεν
2284 3539 2404 3593 όδόν
2427 3555 2442 3571 ·
2497 3542 2707 3603 ἐκεῖνος
2745 3538 2803 3592 δὲ
2848 3546 2946 3595 καὶ
2990 3542 3097 3613 πρὸ
3129 3541 3323 3595 τούτου
3355 3543 3602 3615 κληθεὶς,
3629 3549 3725 3599 καὶ

2010 3627 2121 3679 τῶν
2145 3625 2330 3680 αὐτῶν
2362 3627 2681 3691 ἀπολαύσας
2707 3621 2896 3702 ὦνπερ
2929 3630 3023 3682 καὶ
3044 3630 3230 3697 αὐτὸς,
3249 3634 3344 3687 καὶ
3367 3633 3598 3704 μυηθεὶς
3624 3636 3724 3696 τὴν

2011 3714 2277 3770 ἀνωτάτω
2309 3715 2654 3784 φιλοσοφίαν,
2689 3716 2785 3769 καὶ
2813 3715 3098 3790 τραπέζης
3131 3719 3420 3791 μετασχὼν
3452 3722 3604 3793 ίερᾶς
3627 3727 3722 3780 καὶ

2010 3804 2120 3858 τῶν
2167 3803 2626 3876 φρικωδεστάτων
2671 3803 2898 3857 ἐκείνων
2923 3805 3177 3870 δείπνων,
3211 3807 3308 3860 καὶ
3346 3807 3509 3880 χάριν
3537 3810 3721 3865 λαϐὼν

2007 3900 2280 3973 τοσαύτην
2312 3899 2390 3963 ὡς
2427 3902 2522 3954 καὶ
2575 3901 2806 3973 νεκροὺς
2828 3902 3090 3973 ἐγείρειν,
3123 3906 3218 3958 καὶ
3247 3905 3487 3979 λεπροὺς
3523 3910 3722 3965 καθαί.

2010 4012 2148 4067 ρειν,
2184 3994 2280 4049 καὶ
2313 3996 2578 4066 δαίμονας
2602 3995 2872 4063 ἐλαύνειν,
2905 3997 3004 4051 καὶ
3033 3999 3158 4061 τοὺς
3178 4000 3307 4070 περὶ
3329 4000 3722 4077 ἀκτημοσύνης

2009 4087 2272 4153 πολλάκις
2297 4089 2538 4152 ἀκούσας
2577 4089 2770 4158 λόγους
2801 4089 2896 4142 καὶ
2911 4089 3062 4160 αὐτῷ
3083 4091 3340 4146 τοσοῦτον
3365 4096 3558 4167 χρόνον
3586 4115 3718 4168 συγ-

2008 4182 2301 4253 γενόμενος
2343 4180 2422 4251 τῷ
2457 4181 2701 4254 Χριστῷ,
2762 4181 2858 4236 καὶ
2905 4183 3015 4237 τῶν
3064 4185 3314 4262 πενήτων
3351 4188 3419 4241 τὰ
3458 4193 3720 4262 χρήματα

2006 4274 2343 4341 πιστευθεὶς,
2378 4274 2523 4328 ὥστε
2561 4274 2658 4328 τοῦ
2690 4275 2903 4340 πάθους
2927 4277 3138 4331 ἐκεῖθεν
3179 4259 3326 4350 ἔχειν
3355 4259 3718 4354 παραμυθίαν

2008 4367 2273 4438 (καὶγὰρ
2322 4368 2563 4441 κλέπτης
2610 4365 2726 4440 ἦν),
2785 4369 2909 4423 οὐδέ
2958 4370 3133 4435 οὕτως
3186 4372 3408 4438 ἐγένετο
3465 4375 3716 4447 βελτίων,

2005 4461 2187 4517 καίτοι
2237 4460 2510 4532 τοσαύτης
2563 4461 3030 4530 ωγκαταόάσεως
3103 4463 3442 4530 ἀπολαύσας.
3495 4469 3716 4544 Ἐπειδὴ

2003 4554 2113 4628 γάρ
2143 4553 2262 4627 ᾔδει
2291 4555 2321 4609 6
2357 4555 2614 4626 Χριστὸς,
2667 4557 2750 4610 ὃτι
2793 4553 3258 4630 φιλάργυροςῆν,
3302 4560 3396 4611 καὶ
3439 4560 3528 4614 διὰ
3574 4583 3714 4636 χρη-

2007 4646 2198 4718 μάτων
2224 4646 2404 4720 ἔρωτα
2453 4649 2680 4721 ἔμελλεν
2704 4649 3062 4716 ἀπόλλυσθαι,
3109 4654 3171 4705 οὐ
3221 4653 3385 4723 μόνον
3415 4656 3579 4712 αὑτὸν
3610 4663 3716 4716 οὐκ

2002 4736 2254 4809 ἀπῄτησε
2280 4740 2473 4793 τούτου
2499 4740 2653 4805 δίκας
2679 4741 2824 4804 τότε,
2861 4741 2978 4795 ἀλλ’
3007 4742 3147 4797 ὥστε
3173 4744 3342 4800 αὐτοῦ
3377 4748 3712 4807 καταλεᾶναι

2001 4830 2064 4884 16
2095 4831 2290 4897 πάθος,
2331 4833 2426 4886 καὶ
2455 4833 2523 4887 τά
2558 4836 2817 4905 χρήματα
2846 4833 2998 4905 αύτῷ
3031 4835 3142 4889 τῶν
3174 4840 3425 4910 πενήτων
3457 4842 3712 4899 ἐπίστευ-

2002 4939 2117 4990 σεν,
2139 4923 2208 4997 ἶν’
2238 4924 2379 4996 ἔχων
2402 4927 2525 4981 ὅθεν
2560 4928 2763 4998 κορέσῃ
2807 4927 2907 4998 τὴν
2942 4928 3403 5001 φιλοχρηματίαν,
3430 4935 3506 5007 μὴ
3537 4954 3710 4994 κατα-

2002 5015 2146 5094 πέσῃ
2171 5017 2254 5081 είς
2283 5017 2341 5072 16
2379 5018 2651 5090 φρικῶδες
2688 5019 2964 5093 βάραθρον
3006 5024 3205 5090 ἐκεῖνο,
3251 5026 3496 5082 ἐλάττονι
3552 5034 3708 5105 κακῷ

2000 5109 2061 5164 16
2088 5109 2273 5183 μεῖζον
2304 5113 2779 5183 προαναστέλλων.

2066 5199 2296 5276 ιβῖυῦτω
2312 5204 2594 5276 πανταχοῦ
2614 5205 2707 5260 16v
2722 5207 2822 5277 μέν
2839 5209 3033 5263 ἐαυτὸν
3055 5210 3129 5282 μὴ
3150 5211 3475 5284 βουλόμενον
3492 5217 3705 5274 ἀδικεῖν

1998 5298 2177 5363 οὐδεὶς
2214 5297 2404 5371 ἕτερος
2457 5302 2719 5374 ἀδικῆσαι
2746 5303 3067 5376 δυνήσεταιο
3094 5309 3186 5360 τὸν
3219 5310 3278 5363 δὲ
3309 5310 3409 5364 οὐκ
3448 5312 3701 5372 ἐθέλοντα

1999 5395 2210 5461 νήφειν,
2243 5395 2338 5447 καὶ
2365 5395 2433 5446 τά
2462 5397 2592 5467 παρ’
2621 5397 2815 5450 ἐαυτοῦ
2851 5402 3230 5473 συνεισφέρειν
3260 5405 3495 5471 οἴκοθεν,
3525 5410 3702 5474 οὐδεὶς

1997 5486 2253 5541 οὐδέποτε
2294 5487 2589 5561 ὠφελήσει.
2622 5493 2722 5547 Διά
2755 5494 2916 5548 τοῦτό
2958 5513 3044 5549 σοι
3086 5497 3180 5550 καὶ
3210 5500 3243 5569 ἡ
3278 5499 3559 5570 θαυμασία
3588 5505 3700 5558 τῶν

1999 5577 2232 5648 Γραφῶν
2260 5581 2494 5652 ἱστορία,
2527 5583 2781 5657 καθάπερ
2820 5587 2878 5640 ἐν
2911 5588 3082 5642 είκόνι
3115 5591 3223 5644 τινί
3259 5591 3438 5666 ὑψηλῇ
3473 5597 3568 5650 καὶ
3604 5617 3700 5670 με-

1998 5673 2141 5744 γάλῃ
2175 5675 2270 5727 καὶ
2311 5676 2446 5730 πολὺ
2473 5677 2535 5731 16
2580 5675 2740 5751 εὖρος
2770 5681 2992 5754 ἐχούσῃ,
3033 5684 3145 5739 τῶν
3190 5687 3443 5743 παλαιῶν
3471 5691 3698 5764 ἀνεγρά-

2063 5910 2084 5937 ε
2105 5908 2202 5960 Alii
2223 5914 2533 5964 κατετείνετο.
