4046 6440
383 420 493 475 475

380 538 522 606 ψατο
550 533 676 597 τοὺς
712 531 881 604 βίους.
904 533 1011 587 ἀπὸ
1038 532 1133 585 τοῦ
1170 534 1344 605 Ἀδὰμ
1370 534 1532 606 μέχρι
1556 532 1652 604 τῆς
1690 531 1783 587 τοῦ
1818 529 2054 603 Χριστοῦ

382 620 687 693 παρουσίας
715 620 1001 674 ἐκτείνασα
1025 620 1124 691 τὴν
1152 619 1407 691 διήγησιν
1432 637 1444 650 ⁸
1477 620 1573 674 zeal
1604 618 1841 672 δείκνυσί
1863 634 1944 671 σοι
1964 617 2059 671 zeal

381 709 507 772 τοὺς
543 706 1063 778 ὑποσκελιζομένους
1096 720 1147 771 ιι,
1178 709 1273 761 zeal
1299 709 1427 772 τοὺς
1452 707 1936 777 στεφανουμένους.
1973 706 2059 760 ἵνα

385 813 446 851 σε
470 795 557 851 διὰ
585 797 804 851 πάντων
827 797 1114 870 παιδεύσῃ,
1144 799 1224 852 ὅτι
1250 798 1340 852 τὸν
1360 786 1497 868 παρ’
1521 796 1713 850 ἐαυτοῦ
1746 795 1821 867 μὴ
1847 794 2061 849 ἀδικού-

385 902 547 955 μενον
584 885 759 951 οὑδεὶς
814 885 1001 958 ἐτερος
1046 885 1303 957 ἀδικῆσαι
1357 886 1663 957 δυνήσεται,
1710 884 1817 937 κᾶν
1846 884 2059 955 πᾶσαή

380 972 673 1045 οἰκουμένη
732 974 870 1045 πρὸς
925 975 1085 1028 αὑτὸν
1138 974 1373 1045 χαλεπὸν
1436 970 1769 1046 ἀναῤῥιπίςῃ
1804 970 2057 1042 πόλεμον.

356 1128 359 1131 η
384 1061 519 1116 Οὔτε
545 1062 654 1136 γὰρ
680 1064 936 1118 δυσκολία
966 1063 1329 1136 πραγμάτων,
1348 1060 1474 1117 οὗτε
1508 1061 1717 1136 καιρῶν
1745 1060 2058 1133 μεταϐολαὶ,

382 1148 506 1205 οὕτε
537 1151 970 1207 δυναστευόντων
999 1153 1274 1223 ἐπήρειαι,
1305 1149 1431 1204 οὔτε
1480 1148 1782 1204 ἐπιϐουλῶν
1816 1148 2058 1218 νιφάδες,

382 1239 509 1294 οὔτε
557 1240 853 1314 συμφορῶν
897 1241 1073 1312 ὄχλος,
1121 1239 1244 1295 οὔτε
1281 1242 1501 1297 πάντων
1532 1240 1640 1295 τῶν
1670 1241 1729 1294 ἐν
1755 1238 2062 1312 ἀνθρώποις

288 1384 291 1393 ,
384 1328 571 1381 κακῶν
648 1327 1036 1399 συλλεγόμενος
1084 1330 1113 1383 6
1158 1330 1390 1401 φορυτὸς
1438 1327 1853 1401 παρασαλεῦσαί
1881 1344 1934 1381 τι
1958 1325 2061 1382 κᾶν

296 1408 299 1423 ²
386 1416 580 1488 μικρὸν
606 1416 893 1487 δυνήσεται
912 1416 1002 1470 τὸν
1039 1420 1308 1486 γενναῖον,
1340 1418 1436 1471 καὶ
1463 1419 1725 1488 νήφοντα,
1763 1417 1861 1471 zeal
1889 1418 2058 1487 ἐγρη-

278 1556 283 1557 ,
382 1504 578 1576 γορότα
597 1518 612 1533 ⁸
638 1502 827 1574 ῶσπερ
855 1499 921 1558 αὖ
948 1503 1040 1560 τὸν
1075 1503 1339 1576 ῥᾴθυμον,
1364 1506 1462 1559 καὶ
1487 1504 1937 1567 ἀναπεπτωκότα,
1965 1506 2062 1558 zeal

381 1592 590 1646 οἴκοθεν
639 1592 1057 1664 προδεδομένον,
1115 1592 1218 1647 κᾶν
1260 1592 1448 1665 μυρίαι
1481 1593 1865 1665 προσάγωνται
1897 1592 2061 1664 θερα-

383 1683 553 1742 πεῖαι,
580 1681 734 1734 οὐδὲν
756 1680 967 1752 ἀμείνω
995 1681 1224 1736 ποιοῦσι.
1264 1678 1435 1736 Τοῦτο
1458 1682 1591 1751 γοῦν
1618 1682 1711 1736 zeal
1727 1683 1760 1753 ἡ
1778 1680 2061 1753 παραϐολὴ

383 1770 415 1837 ἡ
447 1770 571 1838 περί
602 1766 710 1822 τῶν
742 1767 1046 1841 ἀνθρώπων
1074 1771 1299 1825 ἐκείνων
1340 1769 1720 1842 παρεδήλωσεν
1747 1772 1901 1841 ἡμῖν,
1930 1762 2006 1823 ὦν
2034 1770 2062 1822 6

385 1855 482 1923 μὲν
513 1855 605 1908 ἐπὶ
632 1856 732 1926 τῆς
771 1856 1000 1928 πέτρας,
1046 1860 1076 1911 6
1116 1858 1173 1911 δὲ
1206 1858 1299 1911 ἐπὶ¹
1330 1858 1428 1929 τῆς
1468 1858 1695 1929 ψάμμου
1742 1859 1841 1931 τὴν
1883 1857 2063 1911 οἰκίαν

379 1940 698 2013 ᾠκοδόμησε
738 1942 834 2015 τὴν
883 1944 1078 1998 ἐαυτοῦ
1104 1962 1119 1977 ·
1163 1946 1261 2017 οὑχ
1296 1944 1386 2001 ἴνα
1431 1946 1657 2017 ψάμμον
1716 1945 1813 2000 zeal
1856 1942 2062 2017 πέτραν

380 2028 683 2099 νοήσωμεν,
727 2028 841 2084 οὗθ’
885 2031 972 2085 ίνα
1007 2032 1297 2104 οἰκοδομὴν
1328 2032 1514 2096 λίθων,
1539 2034 1632 2086 καὶ
1677 2033 1894 2105 ὄροφον,
1947 2022 2068 2086 οὗθ’

381 2115 468 2168 ἵνα
510 2119 805 2188 ποταμοὺς,
873 2118 1026 2192 [4581
1062 2122 1161 2174 καὶ
1219 2120 1393 2185 ὑετὸν,
1436 2121 1531 2175 zeal
1554 2120 1841 2192 πνεύματα
1895 2121 2063 2193 ἄγρια

382 2204 791 2275 προσπίπτοντα
842 2210 961 2272 ταῖς
1015 2207 1355 2279 οἰκοδομαῖς,
1418 2208 1537 2263 ἀλλ’
1581 2210 1670 2262 ἵνα
1717 2208 1921 2281 ἀρετὴν
1968 2210 2075 2269 καὶ,

380 2292 578 2346 κακίαν
624 2294 689 2347 ἐκ
736 2295 941 2350 τούτων
983 2296 1321 2367 ἐκλάϐωμεν,
1372 2298 1467 2350 zeal
1514 2296 1712 2367 ἴδωμεν
1770 2296 2062 2362 κάντεῦθεν

377 2379 461 2433 δτι
513 2380 603 2434 τὸν
664 2382 854 2436 ἐαυτὸν
916 2384 989 2455 μὴ
1055 2384 1341 2439 ἀδικοῦντα
1390 2384 1564 2448 οὐδεὶς
1620 2384 1813 2438 ἀδικεῖ.
1856 2383 2064 2439 Οὐκοῦν

378 2466 501 2520 οὔτε
522 2470 551 2522 6
581 2469 736 2534 ὑετὸς
765 2470 941 2525 καίτοι
992 2472 1261 2544 ῥαγδαίως
1300 2473 1620 2543 φερόμενος,
1650 2472 1775 2527 οὑτε
1804 2474 1855 2527 οἰ
1890 2490 2061 2528 ποτα-

384 2558 475 2624 μοὶ
524 2556 906 2634 πολλῷᾼροθίῳ
937 2560 1394 2633 προσπίπτοντες,
1430 2559 1551 2614 οὔτε
1588 2560 1657 2615 τὰ
1686 2562 1970 2634 πνεύματα
1995 2563 2065 2617 τά

380 2643 545 2715 ἄγρια
581 2631 725 2716 μετά
764 2631 998 2718 σφοδρᾶς
1033 2648 1134 2719 τῆς
1167 2648 1347 2720 ῥύμης
1384 2649 1789 2722 προσϐάλλοντα
1823 2631 2066 2724 παρεσκε-

391 2732 576 2787 ιευσάν
597 2750 647 2785 τι
682 2732 779 2805 τὴν
801 2734 991 2789 ὀἰκίαν
1018 2734 1233 2807 ἐκείνην
1289 2736 1603 2807 ἀλλ’ἔμεινε
1626 2740 1720 2792 zeal
1745 2740 2063 2813 ἀχείρωτος,

382 2818 475 2871 zeal
503 2818 761 2890 ἀκίνητος
786 2836 799 2850 ο
835 2820 924 2875 ἵνα
965 2821 1162 2893 μάθῃς,
1194 2822 1276 2876 δτι
1309 2823 1399 2876 τὸν
1434 2825 1627 2879 ἐαυτὸν
1660 2826 1721 2879 οὑ
1746 2826 2064 2897 προδιδόντα

385 2905 553 2970 οὐδεὶς
581 2908 885 2980 πειρασμὸς
933 2908 1344 2979 παρασαλεῦσαι
1373 2909 1615 2966 δύναται.
1654 2914 1716 2967 Ἡ
1741 2913 1799 2968 δέ
1830 2913 1924 2967 τοῦ
1955 2915 2066 2969 ἐτέ-

385 3009 477 3064 ρου
517 2986 850 3065 κατεφέρετο
912 2995 1145 3067 ῥαδίως,
1178 2994 1245 3051 οὗ
1305 2996 1392 3051 διά
1435 2996 1535 3071 τὴν
1577 2999 1688 3055 τῶν
1740 3001 2066 3073 πειρασμῶν

382 3080 637 3152 ἐπιϐολὴν
688 3078 745 3153 (ἦ
784 3083 810 3123 ιι
848 3082 959 3154 γὰρ
992 3083 1058 3137 ἂν
1099 3085 1195 3138 zeal
1229 3085 1263 3155 ή
1300 3084 1463 3157 ἑτέρα
1527 3087 1589 3139 τδ
1644 3088 1776 3141 αὐτὸ
1815 3087 2062 3162 ἔπαθεν),

380 3167 516 3222 ἀλλά
556 3168 646 3221 διά
703 3169 803 3240 τὴν
865 3170 1073 3223 οἰκείαν
1125 3169 1343 3226 ἀνοιανο
1397 3171 1458 3225 οὑ
1491 3175 1600 3244 γὰρ
1631 3173 1819 3246 ἐπειδὴ
1864 3175 2065 3247 ἄνεμος

382 3256 810 3327 προσέπνευσεν,
870 3256 960 3311 διά
1018 3256 1176 3311 τοῦτο
1221 3258 1437 3325 ἔπεσεν,
1481 3260 1595 3313 ἀλλ’
1629 3262 1816 3335 ἐπειδὴ
1845 3264 1937 3317 ἐπὶ
1963 3264 2065 3335 τῆς

379 3343 613 3418 ψάμμου
630 3343 699 3419 ἦν
734 3347 1171 3419 οἰκοδομηθεῖσα,
1201 3346 1345 3403 τοῦτ’
1380 3350 1527 3404 ἐστιν
1555 3352 1648 3405 ἐπὶ
1667 3351 1806 3424 ῥαθυ
1816 3354 1943 3424 μίας
1969 3355 2063 3407 zeal

381 3435 664 3505 πονηρίας,
695 3434 853 3489 τοῦτο
904 3435 1160 3491 πέπονθε.
1201 3437 1312 3491 Kal
1336 3438 1443 3509 γάρ
1486 3439 1582 3493 zeal
1609 3442 1738 3511 πρὶν
1773 3440 1923 3511 ῆητὺν
1949 3459 2063 3513 χει-

392 3522 537 3589 μῶνα
560 3521 885 3593 προσϐαλεῖν
909 3525 1134 3591 ἐκεῖνον,
1165 3524 1398 3597 ἀσθενής
1420 3542 1479 3579 τε
1506 3522 1575 3598 ῆν
1600 3528 1694 3581 zeal
1716 3529 1851 3600 πρὸς
1868 3529 1930 3583 τὸ
1960 3520 2062 3583 πε-

388 3613 498 3665 σεῖν
527 3610 740 3681 ἐτοίμη.
780 3611 845 3663 Αἰ
871 3610 981 3683 γάρ
1008 3610 1252 3667 τοιαῦται
1276 3614 1574 3685 οἰκοδομαί,
1608 3618 1701 3669 zeal
1719 3616 1949 3689 μηδενὸς
1976 3620 2062 3671 ἐν-

384 3700 682 3771 οχλοῦντος,
698 3702 992 3773 αὐτόματοι
1007 3705 1424 3777 καταφέρονται,
1444 3707 1856 3781 ὑποσυρομένης
1871 3709 2063 3773 αὑταῖς

380 3788 479 3859 τῆς
500 3788 763 3859 κρηπῖδος
814 3791 909 3844 καὶ
937 3793 1115 3862 πάντη
1142 3791 1523 3865 διαρῥεούσης.
1568 3796 1679 3848 Καὶ
1726 3795 1978 3869 καθάπερ
2003 3800 2063 3852 αἰ

384 3875 484 3945 μὲν
520 3875 752 3949 ἀράχναι
784 3877 1081 3948 αὐτόματοι
1119 3879 1474 3945 διασπῶνται,
1497 3880 1726 3953 μηδενὸς
1744 3884 1935 3947 αὑταῖς
1975 3886 2062 3937 tv-

380 3962 686 4032 οχλοῦντος,
714 3967 744 4018 6
775 3964 831 4017 δέ
857 3966 1075 4036 ἀδάμας
1113 3968 1208 4022 zeal
1237 3968 1532 4039 παιόμενος
1566 3970 1849 4035 ἀδιάλυτος
1877 3972 2055 4041 μένει·

354 4050 525 4115 ,οὕτω
545 4051 609 4123 δή
634 4052 802 4105 κα.ὶοί
834 4052 909 4123 μή
942 4055 1165 4117 ἐαυτοὺς
1197 4056 1530 4123 ἀδικοῦντες,
1568 4058 1671 4113 κᾶν
1709 4059 1815 4113 ὑπὸ
1851 4060 2061 4131 μυρίων

382 4139 672 4207 παίωνται,
707 4140 1045 4213 ἰσχυρότεροι
1076 4142 1346 4211 γίνονται·
1374 4145 1424 4196 οἱ
1457 4144 1513 4198 δέ
1540 4146 1765 4213 ἐαυτοὺς
1782 4147 2060 4219 προδιδόν-

380 4245 493 4293 τες,
528 4228 633 4282 κᾶν
664 4228 853 4300 μηδεὶς
882 4230 911 4282 6
952 4230 1183 4301 ἐνοχλῶν
1216 4227 1273 4305 ᾖ,
1313 4231 1608 4304 αὐτόματοι
1642 4234 1918 4307 φέρονται,
1964 4240 2061 4293 zeal

384 4315 713 4389 διαρρέουσι,
736 4318 831 4369 zeal
855 4317 1201 4374 ἀπόλλυνται.
1228 4320 1439 4393 Ὠσπερ
1463 4322 1557 4376 zeal
1589 4323 1618 4376 6
1646 4323 1866 4392 Ἰούδας,
1880 4326 1942 4378 ού
1965 4328 2061 4397 μό·

386 4419 471 4457 νον
494 4404 704 4467 οὐδενὸς
755 4404 1141 4478 ἐνοχλήσαντος
1170 4409 1479 4481 πειρασμοῦ
1496 4410 1760 4478 τοιούτου,
1800 4412 1937 4469 ἀλλά
1966 4416 2059 4470 zeal

387 4490 589 4559 πολλῆς
608 4490 928 4553 ἀπολαύσας
958 4493 1058 4563 τῆς
1090 4493 1409 4566 θεραπείας,
1440 4497 1703 4553 ἀπώλετο.

439 4584 505 4647 ιγ’
512 4618 525 4631 .
556 4578 743 4632 Βούλει
759 4596 839 4633 σοι
848 4580 1036 4635 τοῦτον
1048 4583 1140 4636 zeal
1151 4584 1244 4637 ἐπὶ
1260 4584 1321 4657 δή
1330 4603 1445 4655 μων
1456 4584 1647 4659 ὁλοκλή
1655 4589 1829 4659 ρων³δε
1838 4588 1931 4655 ίξω
1944 4590 2059 4645 δια.

388 4663 671 4735 λάμποντα
699 4664 790 4719 τὸν
814 4665 971 4736 λόγον
996 4684 1010 4729 ς
1035 4668 1216 4741 Πόσης
1232 4671 1261 4723 6
1289 4671 1556 4726 Ἰουδαίων
1582 4673 1753 4743 δῆμος
1776 4676 2059 4749 ἀπήλαυσε

387 4751 676 4823 προνοίας;
738 4754 813 4808 Οὑ
848 4755 999 4810 πᾶσα
1028 4757 1333 4830 ήόρωμένη
1373 4759 1549 4825 κτίσις
1588 4761 1725 4832 πρὸς
1753 4763 2059 4835 ὑπηρεσίαν

384 4840 562 4894 αὑτῶν
594 4843 1075 4913 παρεσκευάζετο;
1108 4847 1205 4901 zeal
1241 4848 1426 4912 καινός
1458 4867 1543 4915 τις
1582 4852 1763 4917 αὑτοῖς
1790 4854 1884 4908 καὶ
1911 4854 2061 4921 ξένος

385 4928 634 4999 εἰσήγετο
659 4927 941 5001 διαγωγῆς
976 4930 1093 5003 βίου
1122 4934 1356 5007 τρόπος;
1408 4937 1541 4992 Οὑδέ
1574 4937 1683 5012 γὰρ
1727 4943 1808 5005 εἰς
1852 4943 2060 5014 ἀγορὰν

382 5016 685 5108 ἐνέϐαλλον,
722 5022 813 5074 zeal
842 5020 984 5075 οὑτω
1014 5023 1122 5077 τῶν
1148 5026 1325 5081 ὠνίων
1345 5028 1644 5100 ἀπήλαυον,
1668 5033 1768 5086 οὑκ
1796 5034 2060 5108 ἀργύριον

382 5104 760 5193 κατατιθέντες
774 5124 788 5136 ·
805 5108 927 5162 οὑδὲ
944 5109 1185 5178 αὔλακας
1200 5113 1441 5187 ἔτεμνον,
1470 5118 1591 5172 οὑδέ
1608 5104 1845 5193 ἄροτρον
1856 5104 2059 5192 εἷλκον,

383 5191 509 5281 οὑδέ
534 5192 641 5263 γῆν
671 5195 1035 5266 ἐσπάραττον,
1077 5202 1197 5255 οὑδέ
1234 5204 1523 5276 σπέρματα
1553 5191 1903 5281 κατέϐαλλον,
1938 5191 2061 5268 οὑδέ

385 5280 789 5374 ὑετῶνῌέδέοντο
816 5286 913 5341 καὶ
938 5288 1157 5359 ἀνέμων
1180 5294 1275 5348 zeal
1299 5295 1407 5350 τῶν
1437 5297 1532 5351 τοῦ
1578 5299 1730 5366 ἔτους
1757 5280 1935 5374 ὡρῶν,
1964 5305 2061 5374 οὑχ

382 5368 619 5458 ήλιακῆς
668 5372 916 5440 ἀκτῖνος,
966 5378 1029 5430 οὐ
1085 5378 1386 5451 σεληνιαίου
1436 5384 1672 5457 δρόμου,
1731 5368 1818 5443 οὑ⁷
1847 5368 2061 5458 φύσεως

383 5456 567 5526 ἀέρος,
594 5458 694 5513 οὑκ
714 5460 875 5517 ἀλλου
898 5464 1007 5519 τῶν
1034 5466 1289 5524 τοιούτων
1317 5456 1564 5536 οὐδενός·
1591 5476 1686 5547 οὑχ
1716 5477 1896 5531 ἀλωνα
1919 5494 2061 5550 παρ-

382 5544 699 5641 εσκεύαζον,
746 5551 808 5604 οὑ
856 5554 1068 5625 καρπὸν
1102 5555 1336 5628 ἔτριϐον,
1374 5561 1435 5613 οὑ
1480 5544 1805 5635 πνευμάτων
1832 5544 2061 5641 ἔχρῃζον

384 5632 523 5703 πρὸς
573 5635 634 5689 τὸ
675 5637 945 5713 διακρῖναι
970 5646 1098 5709 τοὺς
1129 5648 1346 5719 πυροὺς
1378 5650 1488 5705 τῶν
1522 5632 1759 5726 ἀχύρων,
1784 5632 2059 5732 οὑμύλην

449 5757 475 5839 ἒ
500 5757 1169 5839 ἐίίίᾼὺποοςκελισθέντας,
1192 5774 1301 5831 τοὺς
1324 5754 1717 5839 στεφανωθέντας.

374 5817 475 5931 mf
492 5820 720 5941 ρτει
746 5817 894 5878 ίέοιίο
918 5817 1893 5900 ΗοειῖἱιῖἷῑνέοιῇἓοῖἶιῖἶέξινίῘΪΜοηιί.
1921 5848 2061 5912 lege-

1155 417 1214 473 S.
1256 414 1543 472 JO.~\NNIS
1579 408 2070 473 CHRYSOSTOMI
2108 409 2442 469 ARCHIEP.
2487 403 3037 470 CONSTANTINOP.

2160 529 2438 600 ἔστρεφον,
2497 524 2585 583 οὑ³
2618 529 2868 585 κλίϐανον
2915 527 3253 600 ᾠκοδόμουν,
3305 526 3368 580 οὑ
3419 525 3554 595 ξύλα
3594 527 3693 582 zeal
3736 527 3859 601 πῦρ

2162 622 2240 685 εἱς
2295 619 2395 687 τὴν
2445 621 2623 675 οἰκίαν
2649 618 2890 691 εἰσῆγον,
2921 619 3023 672 οὑκ
3060 617 3489 690 ἀρτοποιητικῆς
3524 617 3742 673 ἐδέοντο
3764 619 3861 674 τέ-

2162 728 2316 782 χνης,
2378 710 2440 764 οὑ
2483 709 2757 780 μάκελλαν
2821 708 3226 781 μετεχείριζον,
3280 708 3342 761 οὑ
3374 706 3673 779 ίδρεπάνην
3720 707 3862 780 ἡκό-

2163 816 2289 865 νων,
2320 798 2421 851 οὐκ
2450 797 2616 869 ἀλλης
2644 798 2790 861 τινὸς
2816 796 3025 852 ἐδέοντο
3068 796 3286 869 τέχνης,
3346 796 3655 868 ὑφαντικῆς
3705 797 3863 867 λέγω

2164 887 2259 942 zeal
2299 885 2688 967 οἰκοδρμικῆς,
2741 886 2837 939 zeal
2894 885 2993 955 τῆς
3052 884 3120 938 τὰ
3187 884 3512 957 ὑποδήματα
3573 886 3863 957 παρεχού-

2166 991 2265 1046 σης
2283 984 2306 1014 ο
2322 989 2337 1007 ο
2356 974 2493 1029 ἀελλά
2525 974 2705 1028 πάντα
2729 969 2797 1045 ἦν
2830 972 3013 1037 αὑτοῖς
3034 974 3063 1026 6
3085 972 3179 1027 τοῦ
3200 971 3339 1026 Θεοῦ
3353 971 3532 1041 λόγος.
3556 973 3675 1028 Καὶ
3698 976 3862 1045 taxeo

2162 1062 2463 1134 διασμένην
2514 1057 2659 1133 εἶχον
2702 1061 3005 1132 τράπεζαν,
3059 1060 3155 1115 zeal
3219 1060 3461 1133 ἱδρώτων
3514 1063 3613 1116 zeal
3670 1062 3860 1116 πόνων

2163 1151 2613 1223 ἀπηλλαγμένην.
2643 1144 2881 1218 Τοιαύτη
2914 1150 3022 1222 γάρ
3052 1148 3203 1221 ήτοῦ
3247 1150 3424 1221 μάννα
3457 1148 3621 1221 φύσις
3641 1164 3656 1179 ·
3680 1151 3861 1221 νεαρά

2164 1256 2223 1294 τε
2253 1240 2348 1294 zeal
2390 1239 2719 1311 πρόσφατος,
2748 1238 2844 1291 zeal
2872 1236 3111 1309 οὐδαμοῦ
3136 1238 3454 1310 παρέχουσα
3482 1238 3673 1302 αὐτοῖς
3705 1238 3861 1310 πρά-

2164 1345 2372 1400 γματα,
2410 1328 2531 1381 οὑδὲ
2561 1325 2955 1381 κατατείνουσα
2987 1326 3154 1397 πόνῳ.
3185 1326 3296 1381 Kal
3335 1325 3403 1379 τά
3434 1326 3627 1397 ἱμάτια
3660 1324 3722 1379 δὲ
3752 1327 3860 1380 αὐ·

2165 1412 2299 1482 τοῖς,
2328 1418 2425 1471 zeal
2443 1417 2510 1471 τά
2537 1416 2884 1488 ὑποδήματα,
2935 1416 3029 1470 zeal
3055 1416 3194 1487 αὑτὴ
3224 1418 3257 1486 ή
3288 1414 3383 1468 τοῦ
3410 1415 3667 1485 σώματος
3692 1414 3861 1485 φύσις

2165 1506 2264 1577 τῆς
2292 1504 2503 1570 οἰκείας
2530 1504 2925 1563 ἐπελανθάνετο
2946 1504 3259 1569 ἀσθενείας⁶
3286 1507 3344 1558 ἐν
3369 1503 3479 1575 γὰρ
3501 1504 3687 1577 χρόνῳ
3711 1503 3861 1558 οὕτω

2170 1593 2367 1667 μακρῷ
2389 1593 2514 1647 οὑτε
2539 1596 2723 1647 ἐκεῖνα
2751 1592 3014 1671 ἐτρίϐετο,
3042 1592 3167 1647 οὔτε
3201 1594 3252 1647 οἰ
3281 1592 3440 1657 πόδες
3464 1592 3649 1647 αὑτῶν
3673 1593 3860 1647 καίτοι

2164 1683 2401 1738 τοσαῦτα
2431 1682 2582 1755 [459]
2618 1680 2944 1754 βαδιζόντων
2981 1681 3351 1755 ἐτυλώθησαν.
3391 1682 3618 1751 ’ἰατρῶν
3670 1683 3859 1747 αὑτοῖς

2167 1773 2262 1826 zeal
2290 1774 2618 1845 φαρμάκων,
2644 1774 2739 1827 zeal
2761 1772 2860 1840 τῆς
2893 1770 3059 1842 ἄλλης
3087 1771 3186 1843 τῆς
3210 1770 3340 1843 περὶ
3364 1770 3625 1842 τοιαύτην
3652 1769 3859 1841 τέχνην

2168 1858 2427 1929 σπουδῆς,
2466 1857 2586 1911 οὑδὲ
2623 1859 2809 1929 μνήμη
2832 1875 2917 1921 τις
2944 1853 3012 1929 ἦν
3051 1856 3109 1909 ἐν
3144 1854 3359 1918 αὐτοῖς’
3396 1853 3541 1907 οὑτω
3577 1852 3736 1906 πᾶσα
3760 1853 3855 1905 ἐκ·

2170 1940 2344 1995 ποδὼν
2375 1942 2659 2015 ἀρῥωστία
2692 1937 2783 2015 ῆν.
2832 1942 3116 2011 Ἐ’ξήγατε
3148 1940 3261 2011 γὰρ
3294 1937 3521 2005 αὐτοὺς
3554 1936 3629 1990 ἐν
3671 1936 3857 2006 ἀργυ-

2158 2025 2272 2092 ρίφ
2304 2024 2405 2082 καί
2455 2027 2706 2094 χρυσίῳ,
2743 2026 2910 2099 φησί’
2942 2026 3041 2081 καί
3088 2026 3202 2080 οὐκ
3241 2018 3322 2096 ἦν
3361 2022 3431 2077 ἐν
3464 2022 3595 2085 ταῖς
3627 2020 3858 2091 φυλαῖς

2167 2106 2367 2162 αὐτῶν
2407 2109 2441 2162 d
2478 2108 2774 2164 ἀσθενῶν.
2830 2110 2970 2163 Ἀλλ’
3016 2109 3206 2181 ὥσπερ
3257 2107 3350 2162 τὸν
3400 2106 3610 2176 κόσμον
3661 2106 3856 2159 τοῦτον

2166 2191 2417 2260 ἀφέντες,
2445 2192 2696 2264 καὶπρὸς
2723 2193 2917 2263 ἑτέραν
2944 2192 3187 2263 βελτίονα
3210 2190 3650 2265 μετοικισθέντες
3675 2192 3859 2243 οἰκου-

2170 2276 2360 2346 μένην,
2395 2275 2567 2341 οῦτως
2611 2276 2817 2348 ἤσθιον,
2858 2276 3031 2341 οὕτως
3073 2276 3277 2344 ἔπινον,
3304 2275 3413 2331 ’καὶ
3446 2274 3573 2330 οῦτε
3615 2278 3650 2346 ή
3694 2274 3858 2337 ἀκτὶς

2168 2358 2471 2433 θερμοτέρα
2500 2360 2759 2431 γινομένη
2798 2362 2894 2424 τὶς
2916 2360 3172 2432 κεφαλὰς
3197 2360 3428 2431 ἐπληττε
3455 2360 3555 2425 τὰς
3582 2360 3814 2414 ἐκείνων
3838 2375 3853 2391 ·

2166 2440 2448 2513 διετείχιζε
2469 2442 2577 2514 γὰρ
2600 2442 2697 2514 τὴν
2723 2444 2896 2513 φλόγα
2918 2444 3117 2515 νεφέλη
3142 2444 3405 2499 πάντοθεν
3428 2444 3785 2517 αἰωρουμένη
3800 2442 3853 2509 ἀ.

2168 2527 2263 2580 zeal
2306 2526 2663 2599 ¹περιιρορήτεί]
2704 2528 2961 2600 γινομένη
3018 2529 3185 2599 στέγη
3236 2532 3347 2592 τοῖς
3407 2529 3601 2599 δήμοις
3646 2529 3855 2583 ἅπασιν

2166 2612 2415 2675 ἐκείνοις.
2452 2611 2591 2664 Ἀλλ’
2621 2612 2743 2666 οὔτε
2764 2616 2821 2667 ἐν
2848 2614 3004 2667 νυκτί
3027 2613 3309 2683 λαμπάδος
3338 2613 3549 2667 ἐδέοντο
3581 2612 3683 2685 τῆς
3713 2614 3858 2668 διαι-

2170 2697 2370 2769 ρούσης
2402 2698 2464 2751 τὸ
2515 2699 2724 2762 σκότος,
2764 2697 2879 2752 ἀλλ’
2914 2693 2983 2769 ῆν
3023 2698 3207 2761 αὑτοῖς
3251 2700 3280 2752 6
3315 2697 3507 2762 στῦλος
3539 2698 3636 2751 τοῦ
3677 2698 3859 2770 πυρὸς

2168 2781 2321 2852 πηγὴ
2355 2781 2533 2851 φωτὸς
2565 2782 2797 2852 ἀφάτου,
2840 2781 2933 2836 δύο
2962 2782 3156 2853 χρείας
3194 2782 3473 2853 παρέχων,
3514 2784 3619 2854 τήν
3655 2799 3719 2837 τε
3743 2784 3858 2837 ἀπὸ

2166 2865 2260 2917 τοῦ
2292 2866 2523 2934 φαίνειν,
2554 2870 2653 2938 τήν
2672 2882 2733 2918 τε
2762 2864 2870 2919 ἀπὸ
2889 2866 2985 2918 τοῦ
3010 2864 3362 2919 κατευθύνειν
3384 2867 3567 2929 αὑτοῖς
3588 2866 3693 2935 τὴν
3714 2868 3858 2921 ἀπο-

2164 2946 2387 3017 δημίαν.
2429 2951 2503 3007 Οὑ
2543 2951 2654 3021 γάρ
2684 2948 2976 3021 φωτοειδὴς
3025 2950 3184 3021 μόνον
3214 2945 3303 3021 ἦν,
3340 2950 3479 3004 ἀλλά
3507 2952 3603 3004 zeal
3654 2952 3858 3024 ὁδηγοῖ

2167 3030 2371 3094 παντὸς
2420 3032 2812 3104 ἀκριϐέστερον
2858 3032 3219 3105 ἐχειραγώγει
3262 3033 3403 3087 κατά
3435 3034 3535 3107 τὴν
3578 3034 3792 3109 ἔρημον
3830 3047 3859 3079 ο

2168 3115 2383 3184 ἐκείνην
2420 3116 2509 3169 τὸν
2557 3117 2782 3188 ἀπειρον
2815 3118 2984 3189 δῆμον
3023 3119 3252 3172 ἐκεῖνον.
3299 3117 3579 3183 Ἐϐάδιζον
3626 3121 3706 3187 δέ,
3755 3123 3860 3177 οὐκ

2168 3199 2260 3252 ἐπὶ
2283 3199 2386 3268 γῆς
2415 3202 2594 3270 μόνον,
2629 3200 2765 3254 ἀλλά
2803 3202 2897 3255 zeal
2924 3201 3017 3255 ἐπὶ
3050 3201 3151 3273 τῆς
3179 3200 3455 3271 θαλάσσης
3479 3200 3557 3265 ὡς
3590 3204 3688 3258 ἐπὶ
3714 3206 3821 3275 γῆς
3841 3221 3857 3236 ·

2167 3282 2416 3337 καὶλτῶν
2468 3284 2609 3353 ὅρων
2660 3284 2757 3354 τῆς
2810 3284 3026 3354 φύσεως
3076 3284 3445 3356 κατετόλμων,
3500 3287 3564 3341 τὸ
3614 3287 3859 3359 χαλεπὸν

2168 3366 2344 3419 ἐκεῖνο
2374 3364 2694 3430 πεζεύοντες
2733 3367 2990 3436 πέλαγος,
3025 3369 3100 3432 ὡς
3134 3368 3221 3423 διὰ
3251 3372 3463 3443 πέτρας
3492 3372 3736 3445 στερρᾶς
3761 3374 3862 3428 zeal

2166 3450 2462 3503 ἀντιτύπου
2488 3449 2632 3514 τινός
2661 3450 3095 3524 ὁδοιποροῦντεςο
3127 3455 3224 3507 zeal
3263 3454 3351 3508 ὅτε
3380 3454 3481 3526 μὲν
3517 3455 3712 3523 αὐτοῖς
3752 3458 3860 3511 ὑπ-

2167 3534 2479 3607 εστόρεστο,
2506 3537 2610 3607 γῆν
2631 3537 2883 3607 ἐμιμεῖτο
2915 3537 3150 3609 στερρὰν
3172 3537 3234 3591 τὸ
3266 3541 3552 3610 στοιχεῖον,
3572 3541 3671 3595 zeal
3692 3542 3860 3596 πεδία

2168 3616 2352 3681 ῦπτια,
2382 3618 2475 3673 zeal
2509 3620 2782 3691 ἀρούρας·
2818 3621 2906 3675 ὅτε
2943 3620 3002 3675 δέ
3037 3620 3166 3684 τοὺς
3211 3622 3441 3693 ἐχθροὺς
3480 3622 3744 3691 ἐπέλαϐε,
3784 3630 3856 3680 τὰ

2166 3699 2439 3771 θαλάττης
2472 3705 2891 3775 κατειργάζετο·
2928 3706 3020 3758 zeal
3053 3705 3238 3769 αὑτοῖς
3271 3706 3371 3776 μὲν
3392 3706 3613 3774 ἐγένετο
3641 3707 3855 3781 ὄχημα,

2165 3789 2278 3851 τοῖς
2309 3787 2366 3840 δὲ
2401 3787 2727 3858 πολεμοῦσιν
2766 3789 2962 3852 αὐτοὺς
2993 3790 3195 3859 τάφος·
3227 3791 3354 3854 τοὺς
3398 3792 3497 3862 μὲν
3529 3793 3654 3864 μετ’
3692 3796 3857 3849 εὐκο-

2165 3870 2287 3935 λίας
2317 3871 2786 3942 παραπέμπουσα,
2817 3874 2943 3935 τοὺς
2974 3872 3031 3926 δέ
3065 3873 3203 3944 μετά
3246 3874 3443 3947 πολλῆς
3479 3876 3582 3947 τῆς
3622 3878 3859 3951 σφοδρό-

2165 3970 2326 4025 τητος
2355 3954 2846 4020 καταποντίζουσα.
2868 3956 2980 4009 Kal
3000 3958 3033 4028 ὴ
3063 3957 3295 4020 ἀτακτος
3312 3959 3421 4013 τῶν
3441 3960 3653 4016 ὑδάτων
3678 3964 3853 4036 ῥύμη,

2168 4036 2376 4108 ἀνδρῶν
2404 4037 2639 4106 λογικῶν
2662 4039 2756 4090 zeal
2782 4035 3170 4092 συνετωτάτών
3203 4040 3298 4094 zeal
3324 4041 3579 4109 εὐταξίαν
3610 4045 3712 4097 zeal
3754 4035 3860 4099 ὑπ-

2168 4123 2337 4193 ακοὴν
2365 4121 2729 4184 ἐπεδείκνυτο,
2762 4121 2857 4175 νῦν
2879 4122 2981 4194 μὲν
3007 4123 3267 4193 φύλακος,
3308 4123 3405 4177 νῦν
3434 4124 3492 4179 δὲ
3514 4124 3720 4197 δημίου
3761 4131 3858 4183 τά·

2168 4202 2249 4272 ξιν
2278 4204 2575 4275 ἐπέχουσα,
2617 4204 2711 4258 zeal
2745 4207 2801 4259 ἐν
2827 4206 3013 4282 μέρᾳ
3041 4209 3141 4277 μιᾷ
3166 4207 3235 4261 τά
3262 4207 3480 4262 ἐναντία
3502 4208 3705 4282 ἀθρόον
3733 4216 3858 4267 ἐπι-

2163 4290 2511 4361 δεικνυμένη.
2547 4289 2614 4343 Τί
2642 4289 2707 4344 ἀν
2738 4280 2837 4354 τις
2871 4292 3017 4344 είποι
3062 4293 3162 4354 τὰς
3196 4291 3422 4362 πέτρας,
3455 4294 3514 4348 αἳ
3566 4280 3857 4369 ὼτηιοὺς

2165 4374 2407 4453 ᾑφίεσαν
2425 4375 2667 4453 ὑδάτωνς
2696 4374 2748 4427 τί
2773 4374 2829 4453 δὲ
2854 4374 3081 4453 τάῥνέφη
3103 4374 3217 4453 τῶν
3247 4376 3496 4453 όρνίθων,
3530 4378 3580 4431 οἶ
3609 4380 3691 4453 τῷ
3715 4383 3857 4453 πλή.

2167 4446 2249 4499 θει
2283 4446 2391 4499 τῶν
2425 4446 2694 4516 σωμάτων
2744 4445 2844 4515 τὴν
2881 4447 2982 4517 γῆν
3022 4445 3351 4518 ἀπέκρυψαν
3395 4445 3747 4517 ἀπασαν;’τί
3784 4445 3857 4507 τά

2165 4531 2226 4600 ἐν
2270 4529 2533 4601 Αἰγύπτῳ
2584 4528 2873 4599 θαύματα,
2901 4529 2955 4582 τί
2985 4530 3057 4583 τά
3106 4532 3163 4583 ἐν
3200 4533 3392 4604 ἐρήμῳ
3443 4533 3765 4605 παράδοξα;
3800 4540 3857 4592 τί

2166 4618 2235 4671 τὰ
2262 4616 2499 4687 τρόπαια
2521 4616 2620 4669 zeal
2655 4616 2754 4679 τὰς
2788 4614 2940 4678 νίκας
2978 4616 3078 4679 τάς
3102 4616 3371 4686 ἀναιμωτὶ
3401 4618 3724 4689 γινομένας;
3764 4622 3856 4689 Ὠς

2164 4698 2273 4772 γὰρ
2310 4699 2647 4771 χορεύοντες,
2682 4700 2782 4771 οὑχ
2825 4699 2900 4763 ώς
2940 4697 3299 4770 πολεμοῦντες
3325 4702 3453 4765 τοὺς
3496 4702 3857 4761 ἀντιπίπτον-

2164 4801 2264 4848 τας
2305 4783 2631 4857 ἐχειροῦντο.
2671 4784 2782 4837 Kal
2821 4782 2931 4835 τῶν
2965 4784 3063 4853 μὲν
3108 4783 3323 4838 οἰκείων
3361 4784 3640 4850 δεσποτῶν
3677 4792 3859 4863 χωρὶς

2168 4869 2348 4925 ὅπλων
2378 4870 2719 4941 ἐκράτησαν·
2759 4868 2869 4922 τῶν
2892 4867 2948 4921 δὲ
2981 4867 3122 4939 μετά
3158 4868 3257 4941 τήν
3286 4866 3562 4938 Αἴγυπτον
3597 4877 3856 4947 μαχομέ-

2167 4972 2275 5010 νων
2303 4955 2506 5021 αὑτοῖς,
2550 4952 2900 5018 σαλπίζοντες
2934 4953 3028 5005 zeal
3073 4951 3388 5022 ψάλλοντες,
3420 4952 3566 5011 οὕτω
3594 4961 3858 5032 περιεγέ.

2169 5054 2350 5098 νοντο*
2382 5041 2475 5095 zeal
2526 5036 2594 5113 ἦν
2626 5040 2813 5113 χορεία
2866 5038 3133 5111 μᾶλλονῆ
3176 5038 3415 5111 πόλεμος
3450 5041 3519 5097 τά
3560 5046 3853 5117 γινόμενα,

2172 5126 2533 5196 μυσταγωγία
2558 5126 2757 5197 μᾶλλον
2777 5124 2810 5195 ἢ
2838 5123 3008 5195 μάχη.
3033 5124 3143 5177 Kal
3167 5124 3274 5195 γὰρ
3296 5126 3475 5181 πάντα
3498 5129 3565 5184 τὰ
3584 5133 3854 5203 τεράστια

2166 5208 2339 5263 ταῦτα
2366 5211 2426 5263 οὑ
2460 5209 2549 5262 διὰ
2574 5209 2734 5263 τοῦτο
2761 5210 2977 5278 ἐγένετο
3006 5208 3187 5278 μόνον,
3223 5209 3310 5263 ἵνα
3330 5211 3430 5283 τὴν
3450 5215 3642 5285 χρείαν
3665 5219 3857 5285 αὐτοῖς

2170 5293 2453 5366 πληρώσῃ,
2504 5293 2619 5347 ἀλλ’
2668 5295 2754 5347 ἵνα
2795 5295 2892 5348 zeal
2929 5293 3029 5364 τὴν
3070 5293 3444 5363 διδασκαλίαν,
3475 5298 3544 5369 ήν
3587 5301 3857 5377 ἐνέθηκεν

2167 5382 2351 5443 αὑτοῖς
2388 5383 2417 5433 6
2450 5381 2709 5451 Μωὺσῆς,
2749 5380 2848 5451 τῆς
2877 5380 3209 5466 θεογνωσίας
3250 5381 3641 5458 ἀκριϐέστερον
3662 5389 3856 5466 διατη.

2171 5467 2377 5536 ρήσωσι
2397 5482 2409 5495 ·
2442 5467 2534 5518 zeal
2563 5466 2738 5533 φωναὶ
2777 5464 3116 5550 πανταχόθεν
3153 5466 3409 5539 ἐφέροντο
3448 5468 3538 5524 τὸν
3567 5464 3854 5550 Δεσπότηήν

2169 5550 2664 5622 ἁνακηρύττουσαι.
2719 5550 2830 5605 Kal
2858 5550 2966 5621 γὰρ
3007 5551 3040 5621 ή
3073 5549 3310 5606 θάλαττα
3350 5552 3527 5608 ταῦτα
3575 5557 3728 5626 ἐϐόα,
3754 5549 3854 5620 νῦν

2233 5662 2255 5689 ε
2300 5658 2714 5730 Μαιηιιεςτίριὶηει
2753 5658 2907 5730 Savil.
2954 5660 3020 5730 in_
3047 5670 3201 5730 παρτε.
3246 5658 3302 5730 οὐ
3333 5666 3424 5730 τῆς
3458 5663 3519 5730 ea;
3545 5666 3854 5730 ὑποδήματα

2236 5685 2253 5689 ““
2300 5685 2615 5720 ιῐιθιιιιδιιιμιι
2656 5685 2710 5707 ει
2755 5685 2907 5708 οιινιι.
2956 5685 3003 5706 ΙΙΙ
3048 5685 3201 5721 ιιηιιδ.
3246 5685 3302 5707 υυ
3458 5685 3517 5711 τα

2167 5723 2497 5833 περιεχΙούσης,
2523 5721 2675 5799 SEN".
2702 5719 2751 5797 ἰιι
2779 5722 3025 5802 l'exlu’zeal
3047 5726 3131 5778 τῆς
3167 5723 3368 5799 περῆτά
3405 5726 3692 5789 ὑποδήματα

2169 5802 2273 5859 «me,
2296 5850 2309 5859 Δ
2332 5785 2471 5859 ,ιιι-οἰ.
2492 5799 2573 5830 και
2594 5789 2678 5841 τῆς
2700 5800 2761 5859 τα
2782 5785 3068 5859 ὑποδήματα
3084 5799 3403 5859 παρεχονσῃς.
3467 5848 3479 5859 “
3561 5851 3573 5859 _
3760 5857 3767 5859 A

2232 5847 2259 5918 ᾖ
2405 5846 2789 5918 ἀπαὶιωρουμνη,
2815 5845 2897 5895 alii
2922 5845 3300 5909 ἐπαιωρουμένη,
3328 5846 3499 5899 Morel.
3526 5851 3849 5918 αἰωρουμνη.

2236 5911 2261 5939 ⁸
2280 5905 2379 5958 Alii
2399 5910 2523 5956 κατὰ
2544 5905 2628 5967 τὴν
2643 5905 2853 5974 ἤπειρον.
