4046 6456
203 468 316 524 ἵοτῧ

212 585 356 641 celtu
386 584 437 638 in
461 581 637 654 effigie
665 582 889 654 quadaut
918 581 1131 636 sublmu
1159 595 1459 650 magnaque
1483 620 1497 644 ,
1525 588 1580 633 et
1607 577 1659 632 in
1689 590 1804 630 ma-

205 691 368 744 gnam
399 675 730 730 latitudinem
759 681 976 730 extensa
1003 714 1018 738 ,
1058 681 1297 726 veterum
1329 673 1466 724 vitas
1495 668 1807 738 descripsit,

210 768 521 822 narratione
551 767 619 820 ab
644 768 813 819 Adam
846 779 1014 834 usque
1044 762 1111 818 ad
1139 763 1338 818 Christi
1373 762 1659 816 adventum
1688 772 1813 829 pro.

209 859 372 913 ducta
398 877 412 913 :
441 859 778 926 ostenditque
807 857 1035 911 tibitam
1075 855 1445 924 sopplantatos
1469 894 1483 918 ,
1531 865 1691 922 quam
1721 864 1813 904 co—

211 961 437 1006 renatos
461 994 475 1017 ,
525 961 582 1005 ut
629 950 867 1004 omnium
899 948 1166 1017 exemplis
1195 958 1244 1002 te
1273 946 1498 1011 doceat,
1545 957 1667 1000 eum
1719 943 1811 1014 qui

209 1043 452 1110 seipsum
480 1057 585 1098 non
611 1042 791 1108 laedat,
822 1057 852 1096 a
877 1041 1093 1096 nemine
1119 1040 1224 1094 alio
1255 1039 1373 1093 lmdi
1404 1052 1584 1108 posse,
1603 1035 1809 1090 etiamsi

211 1141 360 1187 totus
383 1133 528 1188 orbis
547 1149 709 1204 grave
731 1143 918 1187 contra
943 1133 1091 1187 illum
1117 1132 1350 1187 concitet
1377 1131 1598 1185 bellum.
1628 1127 1812 1196 Neque

214 1225 363 1277 enim
404 1225 687 1281 difficultas
711 1239 931 1292 rerum,
978 1239 1077 1279 nec
1118 1233 1418 1291 temporum
1453 1221 1808 1282 mutationes,

215 1330 319 1370 nec
365 1327 640 1384 potentum
677 1316 923 1385 injuriai,
969 1330 1144 1384 neque
1190 1315 1502 1369 insidiarum
1543 1321 1810 1379 tamquam

215 1408 420 1462 nivium
453 1408 668 1474 imbres,
704 1423 874 1476 neque
903 1409 1265 1462 calamitatum
1297 1405 1610 1470 multitudo,
1639 1419 1815 1473 neque

214 1500 455 1553 omnium
475 1539 492 1562 ,
531 1499 723 1569 quibus
751 1499 994 1554 homines
1019 1507 1336 1569 premuntur
1361 1540 1375 1563 ,
1415 1497 1678 1552 malorum
1706 1497 1814 1551 eol-

219 1590 390 1646 lectus
434 1606 658 1646 acervus
683 1633 698 1658 ,
752 1606 1111 1662 generosum,
1159 1591 1395 1646 sobrtum
1423 1605 1488 1644 ac
1508 1590 1814 1659 vigilantem

219 1683 302 1737 vel
328 1697 512 1752 parum
543 1683 865 1738 labefactare
891 1683 1091 1752 poterit
1117 1700 1129 1734 :
1158 1681 1613 1751 quemadmodum
1648 1681 1811 1734 vicis-

223 1774 328 1828 sim
383 1776 668 1844 ignavum,
715 1776 1048 1846 collapsum,
1099 1786 1154 1831 et
1206 1791 1237 1830 a
1281 1777 1461 1846 seipse
1511 1774 1812 1844 proditum,

221 1865 438 1920 etiamsi
477 1866 698 1921 infinita:
733 1868 1040 1922 curationes
1070 1867 1491 1932 admoveantur,
1535 1867 1702 1920 nihilo
1742 1866 1818 1919 fa-

219 1957 370 2010 ciunt
400 1958 694 2013 meliorem.
725 1959 838 2013 lloc
862 1960 1121 2029 siquidem
1153 1959 1635 2014 etiaminsinuavit
1664 1959 1818 2013 nobis

219 2048 310 2103 illa
341 2051 594 2119 parabola
621 2051 690 2107 de
721 2053 1028 2108 hominibus
1055 2054 1190 2120 illis,
1219 2069 1449 2124 quorum
1490 2054 1628 2108 alter
1656 2068 1821 2123 super

218 2149 426 2210 petram
454 2184 470 2209 ,
508 2158 668 2212 super
692 2159 909 2199 arenam
940 2145 1077 2200 alter
1125 2159 1276 2200 suam
1324 2144 1542 2200 domum
1589 2145 1821 2200 mdilicao

221 2232 298 2285 vit
329 2231 555 2304 (Matth.
588 2236 637 2289 7.
669 2235 759 2291 24.
795 2238 945 2307 sqq.)
976 2255 988 2291 :
1018 2253 1125 2293 non
1157 2248 1216 2293 ut
1251 2254 1470 2293 arenam
1513 2249 1568 2294 et
1609 2250 1818 2310 petram

224 2322 619 2396 intelligamus,
670 2344 771 2383 nec
813 2338 1142 2385 structuram
1183 2331 1418 2402 lapidum
1443 2374 1455 2396 ,
1498 2341 1554 2386 et
1583 2341 1814 2396 tectum,

220 2430 398 2486 neque
423 2425 482 2472 ut
509 2418 723 2474 flumina
749 2461 764 2486 ,
806 2432 860 2476 et
907 2423 1138 2492 pluviam
1162 2463 1178 2489 ,
1215 2433 1269 2479 et
1304 2437 1483 2479 saevos
1517 2425 1737 2494 spiritus
1763 2426 1815 2480 in

221 2507 447 2564 aedificia
476 2521 777 2577 irruentes;
808 2514 902 2568 sed
945 2524 1002 2568 ttt
1039 2515 1293 2570 virtutem
1325 2525 1378 2571 et
1404 2517 1590 2571 vitium
1629 2533 1694 2572 ex
1735 2517 1819 2573 his

220 2599 536 2672 colligamus
555 2643 573 2669 ,
603 2611 764 2672 atque
788 2606 949 2660 etiam
976 2606 1103 2662 hinc
1128 2610 1515 2678 perspiciamus
1534 2651 1550 2677 ,
1573 2626 1695 2666 cum
1727 2611 1817 2682 qui

218 2704 282 2746 se
319 2691 434 2762 ipse
470 2708 574 2748 non
609 2694 766 2750 lmdat
793 2712 824 2751 a
852 2699 1068 2754 nemine
1114 2700 1256 2753 laedi.
1304 2701 1447 2771 Ergo
1488 2717 1588 2758 nec
1627 2703 1818 2774 pluvia:

218 2797 412 2852 magna
441 2799 762 2857 quamquam
794 2789 843 2842 vi
882 2788 1109 2858 delatae,
1154 2806 1333 2863 neque
1369 2790 1588 2848 flumina
1625 2810 1818 2866 magno

218 2874 422 2946 impetu
452 2880 733 2946 irruentia,
763 2897 936 2952 neque
956 2884 1083 2938 εξενί
1113 2886 1334 2955 spiritus
1365 2889 1666 2943 vehementi
1693 2905 1815 2945 cum

221 2967 422 3025 insulto
452 2969 665 3038 adorti,
716 2983 922 3043 partem
951 2976 1112 3030 ullam
1142 2977 1334 3035 domus
1363 2981 1504 3037 illius
1531 2981 1817 3039 labefacta-

218 3071 377 3127 runt;
427 3062 522 3118 sed
549 3065 746 3120 mansit
769 3077 823 3122 et
864 3069 1319 3140 inexpugnabilis,
1362 3084 1417 3130 et
1463 3076 1681 3131 immota
1714 3097 1726 3132 :
1762 3086 1820 3133 ut

217 3150 418 3218 discas,
450 3155 542 3224 qui
573 3169 632 3210 se
659 3157 772 3226 ipse
799 3175 906 3214 non
935 3163 1155 3231 prodat,
1191 3179 1313 3220 eum
1333 3167 1492 3221 nulla
1525 3169 1819 3225 tcntatioue

215 3259 379 3314 posse
407 3245 735 3303 labefactari.
778 3251 847 3306 At
876 3253 964 3307 illa
1011 3254 1230 3310 alterius
1279 3257 1439 3313 facile
1480 3275 1666 3316 eversa
1697 3272 1815 3330 est,

217 3350 323 3390 non
352 3337 423 3392 ob
455 3341 806 3398 tentationum
831 3344 1086 3415 impetum
1106 3330 1376 3420 (alioquin
1414 3352 1568 3407 alteri
1596 3369 1810 3426 quoque

216 3427 357 3482 idem
389 3431 732 3505 accidisset),
766 3436 861 3491 sed
892 3437 962 3492 ob
989 3438 1155 3508 ipsius
1180 3444 1519 3499 vecordiam:
1545 3461 1652 3502 non
1673 3449 1816 3504 enim

215 3524 339 3591 quia
370 3534 560 3580 ventus
580 3525 802 3595 afflavit,
828 3529 949 3586 ideo
970 3532 1186 3602 cecidit,
1217 3537 1310 3592 sed
1338 3538 1480 3607 quod
1506 3554 1670 3611 super
1697 3556 1817 3598 are-

216 3627 364 3680 nam,
399 3614 500 3670 hoc
528 3625 632 3684 est,
665 3633 827 3689 super
853 3621 1116 3693 ignaviam
1148 3635 1202 3681 et
1233 3630 1521 3699 nequitiam
1554 3632 1815 3689 mdificata

216 3703 352 3773 fuit,
395 3707 602 3762 ruinam
644 3710 788 3766 fecit.
830 3713 961 3769 Nam
1007 3719 1154 3785 prius
1185 3720 1346 3774 etiam
1377 3738 1536 3791 quam
1564 3724 1650 3778 illa
1683 3734 1817 3780 tem-

215 3805 398 3865 pestas
440 3799 742 3870 ingrueret,
796 3805 1004 3859 infirma
1045 3818 1162 3864 erat
1199 3820 1254 3864 et
1294 3812 1361 3868 ad
1397 3828 1579 3870 casum
1609 3829 1812 3887 parata.

217 3887 599 3956 llujusccmodi
625 3894 766 3948 enim
795 3896 1041 3964 aedificia,
1073 3901 1232 3957 etiam
1263 3905 1480 3961 nemine
1510 3907 1813 3978 infestante,

214 3979 343 4035 dum
374 3981 708 4040 subtrahitur
734 4001 796 4042 ac
817 3988 1009 4046 diffluit
1030 3989 1435 4053 fundamentum
1461 4042 1477 4067 ,
1505 4015 1601 4056 sua
1623 4014 1817 4073 sponte

214 4085 494 4130 corruunt.
529 4078 599 4132 At
621 4087 678 4133 ut
714 4094 925 4138 aranea:
950 4084 1090 4140 ultro
1111 4127 1125 4151 ,
1175 4090 1390 4146 nemine
1421 4092 1551 4161 ipsis
1579 4093 1774 4151 infesto
1797 4138 1812 4162 ,

214 4163 626 4230 distrahuntur,
671 4169 886 4228 adamas
937 4184 1124 4230 contra
1168 4179 1331 4234 etiam
1384 4197 1668 4251 percussus
1706 4203 1813 4242 non

214 4254 479 4328 frangitur
508 4277 521 4312 :
554 4262 630 4316 sic
661 4264 820 4318 etiam
843 4266 931 4335 qui
953 4269 1226 4339 semetipsi
1257 4287 1364 4326 non
1391 4273 1729 4340 lmdunt,etsi
1747 4281 1815 4336 ab

213 4347 439 4406 infinitis
461 4351 738 4422 feriantur,
769 4357 1014 4415 fortiores
1043 4362 1280 4418 evadunt
1312 4383 1326 4416 :
1352 4367 1443 4436 qui
1462 4382 1590 4423 vero
1615 4381 1816 4427 semet-

201 4441 361 4512 ipsos
393 4445 644 4513 produnt,
674 4451 775 4503 etsi
798 4466 956 4506 nemo
981 4454 1049 4508 sit
1077 4453 1301 4510 infestus
1327 4499 1340 4520 ,
1381 4473 1476 4513 sua
1499 4471 1691 4530 sponte
1720 4463 1816 4518 de-

210 4533 518 4604 volvuntur,
537 4537 784 4596 diffluunt
804 4557 866 4597 ac
891 4555 1135 4613 pereunt.
1161 4548 1622 4618 Quemadmodum
1645 4553 1812 4610 Judas

209 4642 456 4698 quoque,
507 4647 612 4686 non
637 4635 796 4689 modo
817 4639 960 4691 nulla
990 4638 1274 4696 infestante
1303 4641 1608 4713 hujusmodi
1637 4657 1811 4702 tenta-

212 4720 358 4774 tione
378 4762 392 4784 ,
426 4722 519 4776 sed
549 4737 736 4794 magna
767 4727 927 4781 etiam
956 4731 1231 4786 curatione
1261 4734 1526 4802 adhibita,
1560 4739 1736 4807 periit.

284 4813 373 4866 ’23.
399 4810 728 4870 Providentia
753 4817 850 4871 Dei
875 4837 994 4891 erga
1022 4821 1234 4878 ,Ιηάιιιοε
1257 4842 1275 4889 ;
1302 4828 1547 4883 miracula
1582 4833 1720 4888 edita
1757 4835 1809 4889 in

209 4906 348 4959 exitu
376 4922 442 4960 ea:
462 4905 718 4979 Αῑῃῃριο.
736 4941 807 4950 -
823 4911 915 4966 Vis
943 4915 1269 4985 integrarum
1295 4922 1530 4989 gentium
1547 4927 1810 4996 exemplis

207 4999 348 5054 hanc
383 5001 682 5056 orationem
715 5003 974 5061 illustrem
999 5008 1020 5061 ?
1047 5007 1256 5076 Quanta
1283 5011 1590 5072 Judzeorum
1634 5020 1809 5088 gentis

208 5091 307 5147 fttit
349 5095 725 5163 providentia?
769 5101 961 5155 Annon
1007 5111 1113 5156 tota
1159 5120 1278 5174 qua:
1323 5107 1534 5163 videtur
1562 5123 1807 5168 creatura

204 5187 273 5240 ad
301 5204 489 5243 eorum
522 5190 836 5260 obsequium
887 5191 981 5247 fuit
1020 5201 1364 5266 comparata?
1407 5212 1461 5256 et
1500 5218 1634 5256 nova
1661 5222 1809 5274 qua:-

201 5280 329 5336 dam
358 5282 486 5350 ipsis
523 5297 586 5337 ac
611 5284 748 5337 inira
797 5285 1006 5341 vivendi
1055 5290 1193 5343 ratio
1236 5291 1582 5348 introducta?
1622 5294 1806 5366 Neque

201 5375 348 5429 enim
377 5375 448 5429 ad
493 5375 664 5430 forum
687 5378 1006 5445 mittebant,
1060 5382 1239 5452 itaque
1269 5400 1375 5440 non
1403 5395 1679 5443 numerata
1708 5405 1805 5460 pc-

200 5464 359 5520 cunia
384 5465 661 5522 venalibus
693 5468 856 5524 rebus
900 5469 1213 5529 fruebantur
1242 5492 1254 5528 :
1289 5491 1390 5532 nec
1427 5479 1608 5534 sulcos
1635 5480 1804 5537 finde-

200 5553 347 5620 bant,
380 5569 554 5626 neque
579 5567 816 5616 aratrum
847 5561 1166 5632 trahebant,
1202 5581 1302 5622 nec
1328 5576 1525 5623 terram
1555 5574 1800 5640 proscin-

198 5642 429 5713 debant,
478 5662 578 5704 nec
608 5651 813 5706 semina
841 5654 1146 5723 jaeiebaut,
1179 5674 1352 5729 neque
1378 5661 1575 5730 pluviis
1603 5664 1806 5735 indige-

198 5734 327 5789 bant
370 5748 424 5791 et
457 5741 632 5796 ventis
652 5750 704 5797 et
730 5747 853 5798 anni
889 5750 1218 5816 temporibus
1239 5792 1254 5818 ,
1298 5767 1405 5806 non
1436 5753 1568 5810 solis
1597 5734 1759 5812 radiis
1784 5801 1800 5826 ,

196 5844 305 5885 non
336 5845 496 5888 cursu
526 5834 666 5892 luna:
686 5879 702 5905 ,
746 5855 849 5893 non
889 5842 1029 5896 aeris
1073 5853 1264 5900 natura
1287 5887 1304 5914 ,
1349 5862 1456 5902 non
1482 5849 1589 5904 ulla
1616 5849 1803 5920 hujus-

195 5927 344 5984 modi
384 5944 445 5988 re
474 5932 619 5997 alia;
667 5946 774 5989 non
805 5947 985 5990 aream
1015 5938 1423 6009 prmparabant,
1473 5957 1581 5999 non
1617 5943 1795 6011 fruges

1226 460 1427 531 eum)
1463 460 1656 517 mnu
1684 457 1807 513 ωε

1919 456 2019 514 'Ull
2058 456 2189 514 NlSl
2229 457 2271 512 Α
2311 455 2569 513 SEIPSO.
3410 453 3518 508 δτι

1926 575 2274 643 triturabattt,
2308 591 2415 631 non
2442 584 2635 630 ventos
2659 568 3042 629 desiderabant
3078 568 3147 624 ad
3191 568 3521 623 secernenda

1918 683 2081 738 grana
2110 682 2140 722 a
2174 668 2376 738 paleis,
2405 682 2511 722 non
2539 664 2738 722 molam
2770 663 3054 720 versabant
3078 702 3094 724 .
3122 676 3229 716 non
3254 660 3523 715 clibanum

1917 757 2253 812 aedificabant
2275 799 2291 824 ,
2339 773 2447 813 non
2476 757 2616 827 ligna
2644 766 2697 810 et
2722 757 2897 825 ignem
2927 753 3147 808 domum
3183 751 3524 814 inferebant,

1917 867 2024 907 non
2050 852 2278 923 panifica
2307 852 2535 922 egebant
2571 859 2688 906 arte
2709 890 2724 916 ,
2756 865 2862 903 non
2912 848 3148 918 ligonem
3180 845 3481 901 tractabant
3504 884 3522 908 ,

1917 959 2027 1000 non
2056 945 2242 999 falcem
2270 945 2553 1012 acuebant,
2581 958 2688 998 non
2713 943 2891 1013 aliqua
2921 941 3024 996 alia
3051 938 3363 1010 indigebant
3387 946 3526 1002 arte,

1918 1039 2144 1090 textoria
2171 1069 2188 1098 ,-
2237 1035 2451 1104 inquam
2477 1075 2494 1101 ,
2546 1033 2962 1089 architectonica
2989 1073 3004 1098 ,
3062 1041 3118 1087 et
3154 1031 3356 1086 sutoria
3379 1044 3400 1085 z
3429 1027 3528 1084 scd

1919 1129 2097 1182 omnia
2128 1129 2206 1183 eis
2225 1136 2350 1182 erat
2385 1127 2608 1182 verbum
2643 1126 2758 1181 Dei.
2809 1125 3049 1181 Mensam
3082 1123 3350 1179 habebant
3377 1137 3531 1193 para-

1923 1231 2030 1274 tam
2077 1238 2139 1275 ex
2191 1231 2464 1291 tempore,
2514 1222 2802 1276 sudoribus
2843 1234 2900 1276 et
2953 1220 3234 1275 laboribus
3279 1233 3526 1274 vacuam.

1889 1379 1892 1382 ,
1919 1315 2048 1382 Ejus
2070 1315 2212 1369 enim
2238 1325 2439 1369 natura:
2461 1325 2818 1379 eratmanna;
2844 1329 2999 1374 nova,
3027 1327 3241 1377 recens,
3265 1325 3528 1382 nusquam

1922 1408 2052 1476 ipsis
2074 1409 2283 1478 negotia
2308 1406 2612 1471 facessens,
2642 1422 2816 1475 neque
2847 1405 3036 1459 labore
3063 1404 3380 1459 conficiens.
3409 1401 3531 1457 .lam

1920 1499 2241 1554 vestimenta
2284 1514 2471 1553 eorum
2515 1508 2566 1554 et
2597 1498 2762 1554 calcei
2807 1508 2859 1553 et
2887 1499 2999 1567 ipsa
3047 1496 3292 1567 corporis
3339 1503 3533 1550 natura

1920 1591 2321 1660 quodammodo
2347 1607 2458 1646 sure
2487 1591 2791 1663 fragilitatis
2822 1591 3279 1646 obliviscebantur
3332 1607 3345 1642 :
3394 1600 3533 1644 tem-

1923 1697 2052 1751 pore
2079 1683 2220 1737 enim
2251 1685 2320 1736 ita
2350 1683 2509 1754 loogo
2537 1699 2710 1753 neque
2737 1683 2826 1738 illa
2858 1683 3173 1738 ferebantur
3193 1723 3208 1747 ,
3236 1695 3412 1750 neque
3443 1695 3535 1750 pe-

1923 1775 2023 1830 des
2050 1789 2235 1829 eorum
2261 1784 2338 1828 tul.
2364 1784 2617 1846 tantaque
2644 1775 2772 1830 licet
2797 1775 2985 1829 itinera
3009 1773 3416 1830 decurrentium
3438 1785 3531 1826 oc-

1923 1867 2243 1921 calluerunt.
2284 1867 2611 1922 Medicorum
2636 1908 2653 1932 ,
2695 1865 3060 1922 remediorum
3111 1874 3435 1934 caetermquc
3482 1862 3535 1916 itt

1923 1958 2025 2012 hae
2050 1965 2167 2013 arte
2202 1972 2344 2013 cura:
2383 1974 2452 2014 ne
2497 1959 2755 2014 memoria
2801 1957 3018 2027 quidem
3047 1956 3189 2026 apud
3231 1971 3326 2012 eos
3366 1964 3484 2011 erat
3518 1973 3532 2009 :

1924 2051 2060 2106 adeo
2091 2050 2248 2121 longe
2277 2051 2466 2106 aberat
2493 2052 2671 2106 omnis
2697 2049 3027 2105 invalctudo.
3068 2048 3264 2102 Eduxit
3293 2048 3426 2102 enim
3454 2063 3540 2101 eos

1925 2147 1978 2199 in
2007 2162 2134 2200 auro
2159 2155 2205 2200 et
2230 2155 2468 2217 argento,
2514 2145 2718 2215 inquit;
2763 2155 2811 2199 et
2840 2162 2941 2200 non
2969 2153 3079 2200 erat
3104 2145 3159 2197 in
3189 2141 3414 2197 tribubus
3447 2157 3537 2195 eo-

1924 2255 2040 2291 rum
2088 2238 2324 2306 inﬁrmus
2351 2237 2535 2310 (.Psaf.
2581 2239 2704 2294 104.
2748 2237 2881 2308 '57).
2913 2236 3114 2292 Verum
3160 2235 3312 2307 quasi
3349 2235 3540 2290 relicto

1927 2330 2030 2386 hoc
2052 2330 2253 2385 mundo
2278 2374 2292 2398 ,
2325 2340 2380 2386 et
2410 2331 2462 2385 in
2489 2330 2654 2386 alium
2684 2331 2964 2386 meliorem
3001 2329 3191 2386 orbem
3236 2327 3540 2384 inhabitan-

1926 2422 2050 2477 dum
2080 2423 2355 2490 translati,
2387 2422 2465 2478 sic
2493 2422 2852 2478 comedebant
2871 2465 2884 2487 ,
2919 2424 2998 2477 sic
3023 2422 3307 2486 bibebant,
3348 2435 3412 2476 ac
3437 2435 3540 2476 nc-

1925 2532 2030 2586 que
2055 2516 2192 2572 radii
2215 2517 2501 2572 calidiores
2530 2515 2708 2571 effecti
2739 2517 2916 2586 capita
2963 2515 3176 2571 illorum
3233 2513 3536 2570 feriebant:

1925 2610 2332 2666 disterminabat
2358 2612 2500 2666 enim
2533 2609 2812 2665 flammam
2840 2610 3019 2666 nubes
3042 2609 3283 2679 undique
3321 2608 3538 2679 impen-

1925 2703 2095 2766 dens,
2142 2712 2198 2758 et
2223 2703 2474 2758 omnibus
2507 2703 2612 2757 illis
2642 2701 2857 2758 familiis
2887 2701 3163 2772 gestatorii
3204 2702 3328 2757 tecti
3371 2701 3540 2756 instar

1925 2804 2061 2850 erat.
2093 2795 2278 2865 Neque
2305 2811 2434 2851 vero
2462 2805 2623 2851 noctu
2652 2795 2767 2852 face
2799 2796 3114 2867 indigebant
3140 2810 3259 2865 quas
3286 2792 3542 2849 tenebras

1923 2887 2257 2954 discuteret,
2305 2888 2549 2946 sederat
2592 2888 2672 2943 eis
2711 2888 2964 2944 columna
3007 2888 3187 2959 ignis,
3239 2885 3360 2941 fons
3404 2886 3542 2941 lucis

1926 2980 2210 3036 ineffabilis
2242 2983 2292 3035 in
2317 2981 2588 3051 duplicem
2617 2996 2798 3049 usum,
2833 2991 2942 3036 tum
2973 2991 3031 3036 ut
3057 2981 3298 3047 luceret,
3331 2991 3442 3035 tum
3474 2975 3533 3034 ut

1929 3073 2030 3129 iter
2055 3074 2331 3145 dirigeret.
2361 3074 2547 3146 Neque
2580 3075 2720 3130 enim
2752 3075 2927 3130 lucida
2955 3074 3233 3130 dumtaxat
3258 3082 3412 3140 erat,
3443 3089 3538 3128 vc-

1923 3181 2042 3220 rum
2064 3167 2224 3221 etiam
2256 3167 2402 3222 omni
2435 3168 2534 3221 via:
2555 3169 2692 3222 duce
2721 3157 2924 3224 ceftius
2954 3166 3220 3222 infinitum
3249 3167 3397 3221 illum
3427 3180 3528 3236 po-

1926 3259 2109 3330 pulum
2135 3275 2231 3330 per
2257 3260 2600 3316 solitudinem
2628 3261 2776 3315 illam
2797 3259 3050 3316 ducebat.
3082 3259 3237 3314 Ibant
3263 3275 3369 3313 non
3393 3268 3536 3314 terra

1923 3353 2137 3417 solum,
2185 3352 2280 3408 sed
2306 3353 2466 3407 etiam
2508 3353 2642 3407 mari
2685 3353 2837 3423 quasi
2869 3362 3033 3408 terra.
3083 3352 3214 3407 Ausi
3241 3361 3367 3406 sunt
3393 3359 3539 3406 tran-

1925 3446 2185 3501 scendere
2214 3445 2348 3501 fines
2376 3454 2603 3512 natura),
2631 3460 2753 3500 cum
2785 3462 2994 3502 smvum
3025 3445 3154 3500 illtttl
3177 3446 3400 3518 pelagus
3420 3460 3540 3499 am-

1924 3538 2208 3605 bularent,
2255 3540 2410 3609 quasi
2451 3553 2548 3609 per
2576 3539 2808 3594 solidam
2839 3555 2903 3594 ac
2929 3539 3140 3595 firmam
3179 3551 3387 3611 petram
3433 3541 3538 3595 iter

1925 3629 2200 3696 facerent;
2231 3645 2462 3703 cumque
2511 3631 2614 3687 illis
2661 3632 2990 3688 substratum
3029 3641 3176 3688 esset
3203 3632 3538 3689 elementum

1925 3721 2076 3788 illud,
2107 3722 2336 3777 solidam
2370 3733 2567 3778 terram
2592 3765 2607 3790 ,
2632 3739 2962 3795 camposque
2993 3727 3247 3794 supinos,
3287 3733 3342 3781 et
3377 3739 3541 3797 agros

1922 3815 2233 3870 imitabatur
2263 3835 2275 3869 ε
2308 3831 2428 3871 cum
2457 3831 2586 3872 vero
2623 3816 2805 3872 hostes
2834 3819 3166 3887 excepisset,
3215 3818 3380 3873 maris
3415 3833 3537 3872 mu-

1923 3923 2026 3964 nus
2074 3910 2471 3980 exsequebatur
2513 3928 2526 3964 :
2575 3912 2680 3967 illis
2745 3911 2842 3965 fuit
2888 3912 3234 3978 vehiculum,
3291 3910 3537 3967 hostibus

1922 4001 2162 4072 ipsorum
2193 4003 2498 4073 sepulcrum
2525 4020 2540 4067 ;
2571 4003 2693 4058 illos
2724 4002 2885 4059 facile
2915 4003 3248 4068 transmisit,
3296 4003 3396 4058 hos
3422 4017 3538 4057 ma-

1920 4107 2024 4164 gna
2073 4110 2195 4150 cum
2241 4094 2586 4152 vehementia
2631 4096 2940 4152 submersit.
2982 4094 3323 4151 lnordinatus
3367 4109 3536 4166 aqua-

1921 4202 2040 4241 rum
2073 4188 2324 4258 impetus,
2355 4188 2596 4244 virorum
2625 4189 2835 4244 ratione
2858 4189 3205 4260 praeditorum
3226 4197 3385 4261 atque
3406 4205 3536 4261 pru-

1921 4277 2361 4334 dentissimorum
2389 4279 2635 4335 ordinem
2661 4289 2716 4335 et
2741 4280 3102 4335 obedientiam
3143 4295 3253 4350 prae
3284 4267 3348 4336 se
3388 4280 3534 4337 fere-

1920 4371 2032 4439 bat,
2061 4371 2306 4441 cumjam
2335 4371 2594 4440 custodis,
2616 4373 2726 4443 jam
2755 4373 3022 4428 carnificis
3040 4375 3211 4429 vicem
3231 4374 3528 4439 obtineret,

1919 4479 2134 4535 unoque
2160 4464 2248 4520 die
2279 4466 2549 4521 contraria
2589 4474 2812 4536 repente
2848 4473 3150 4535 praestaret.
3200 4466 3340 4533 Quid
3383 4481 3535 4522 com.

1919 4573 2216 4613 memorem
2247 4569 2427 4629 petras
2448 4599 2462 4623 ,
2495 4574 2614 4627 qua:
2653 4558 2847 4614 fluvios
2884 4558 3190 4615 effuderunt
3228 4561 3531 4630 aquarum?

1919 4651 2045 4721 quid
2091 4649 2260 4705 nubes
2305 4651 2583 4706 volucrum
2611 4694 2627 4718 ,
2695 4667 2814 4722 qua:
2855 4667 3144 4723 corporum
3191 4652 3531 4708 multitudine

1920 4752 2085 4796 totam
2133 4749 2330 4796 terram
2383 4744 2675 4798 texerunt?
2721 4744 2848 4812 qttid
2895 4745 3155 4800 miracula
3212 4753 3421 4816 patrata
3472 4745 3528 4799 in

1918 4832 2189 4904 Egypto?
2215 4834 2339 4903 quid
2363 4834 2601 4906 prodigia
2627 4850 2746 4906 quae
2763 4837 3104 4906 contigerunt
3127 4837 3178 4891 in
3192 4835 3527 4891 solitudine!

1919 4925 2046 4995 quid
2080 4935 2281 4995 tropaea
2318 4934 2372 4980 et
2399 4926 2707 4985 incruentas
2732 4928 3022 4983 victorias?
3051 4927 3347 4999 Tamquam
3379 4929 3527 4984 enim

1916 5015 2143 5072 choreas
2172 5019 2452 5082 ducerent,
2485 5035 2592 5075 non
2622 5019 2824 5076 bellum
2844 5030 3131 5092 gererent,
3160 5022 3232 5076 ita
3263 5021 3524 5077 adversa-

1915 5110 2028 5165 rios
2051 5110 2402 5165 domuerunt.
2438 5113 2514 5167 Ac
2539 5112 2787 5168 dominos
2814 5113 3032 5182 quidem
3062 5129 3189 5168 suos
3215 5115 3335 5170 sine
3358 5117 3528 5170 armis

1916 5214 2274 5273 superarunt;
2315 5206 2406 5276 qui
2433 5220 2566 5261 vero
2593 5217 2742 5262 extra
2769 5207 3065 5280 Egyptum
3110 5224 3235 5263 cum
3268 5209 3398 5280 ipsis
3429 5224 3526 5280 pu-

1914 5306 2179 5366 gnarunt,
2225 5311 2320 5352 eos
2358 5298 2498 5353 tubis
2524 5299 2770 5354 canendo
2813 5300 3200 5372 psallendoque
3236 5302 3478 5358 vicerunt
3512 5319 3522 5356 :

1916 5403 2114 5458 resque
2137 5390 2246 5456 illa,
2279 5389 2477 5445 chorea
2507 5392 2685 5464 potius
2711 5401 2828 5448 erat
2857 5379 3017 5463 quam
3041 5393 3266 5460 bellum,
3297 5393 3525 5450 initiatio
3555 5439 3563 5447 .

1912 5484 2091 5551 potius
2115 5498 2274 5552 quain
2307 5499 2505 5553 pugna.
2530 5483 2718 5539 Omnia
2748 5499 2980 5556 namque
3013 5487 3114 5541 ista
3141 5487 3381 5558 prodigia
3411 5505 3518 5543 non

1911 5574 1982 5626 oh
2012 5572 2064 5627 id
2111 5575 2286 5628 solum
2335 5574 2649 5630 acciderunt
2687 5584 2747 5630 ut
2794 5576 2876 5632 eis
2916 5578 3280 5633 necessarium
3320 5577 3523 5633 ferrent

1911 5668 2208 5744 subsidium
2235 5710 2249 5734 ,
2302 5684 2491 5724 verum
2532 5678 2590 5724 ut
2631 5669 2933 5725 doctrinam
2960 5686 3173 5741 quoque
3201 5671 3521 5741 cognitioni.-

1911 5759 2029 5824 Dei,
2056 5775 2155 5828 qua
2179 5773 2272 5814 eos
2294 5759 2504 5831 Moyses
2526 5761 2847 5829 instituerat,
2879 5764 3078 5818 certius
3097 5772 3519 5827 conservarent;

1910 5854 2143 5922 undique
2196 5868 2356 5909 voces
2398 5854 2733 5921 edebantur,
2777 5871 2897 5924 qua:
2944 5854 3227 5910 Dominum
3255 5853 3519 5925 pradica-

1911 5957 2048 6003 rcnt.
2083 5947 2209 6004 lla'c
2240 5949 2382 6005 enim
2411 5964 2561 6006 mare
2588 5949 2963 6016 declamabat,
3016 5963 3137 6005 cum
3179 5963 3319 6003 nunc
3344 5947 3516 6019 pede-
