4050 6462
575 419 679 475 475

574 536 667 587 stri
714 536 901 591 itinere
942 536 1294 607 trajiceretur,
1324 550 1465 590 nunc
1502 535 1567 590 ad
1610 534 1877 603 ingenium
1917 533 2158 595 rediret;

574 626 709 681 hanc
738 643 919 683 vocem
941 628 1169 684 edebant
1199 629 1354 683 unda!
1375 628 1475 684 Nili
1502 628 1553 681 in
1579 626 1889 695 sanguinem
1917 634 2156 689 mutatm,

573 732 716 770 rana:
739 764 755 787 ,
790 719 1107 774 locustarum
1140 719 1230 773 ille
1258 720 1553 781 exercitus,
1580 726 1756 772 erucm
1777 759 1793 781 ,
1841 726 1896 771 et
1940 715 2157 786 rubigo,

574 806 852 863 Ιιςνιιοιιιιιί
899 810 1093 879 populo
1130 811 1522 880 loquebantur:
1566 807 1803 879 prodigia
1846 822 2058 878 quoque
2104 806 2157 860 in

571 899 886 964 solitudine,
924 916 1150 966 manna,
1194 902 1470 965 columna,
1514 899 1715 966 nubes,
1757 907 2152 971 ortygometra,

569 1000 761 1044 (‘zt'lﬂ‘ﬂ
792 994 968 1046 omnia
993 993 1203 1049 fuerunt
1231 994 1310 1049 eis
1340 993 1452 1048 vice
1477 991 1596 1047 libri
1623 1001 1677 1047 ct
1702 990 1974 1047 literarum
1993 1033 2007 1057 ,
2038 1006 2157 1061 qua:

564 1094 863 1149 numquam
878 1082 1147 1144 delentur,
1166 1100 1289 1140 eum
1312 1084 1624 1141 memoriam
1652 1083 1730 1140 eis
1754 1083 1991 1154 quotidie
2006 1083 2158 1139 refri-

566 1188 788 1241 earcnt,
830 1186 883 1232 et
928 1178 1162 1247 ipsorum
1192 1178 1372 1232 animo
1402 1178 1730 1233 insonarent.
1779 1177 2153 1232 Verumtamen

567 1278 687 1337 post
718 1279 914 1324 tantam
946 1281 1158 1342 tamque
1203 1271 1551 1340 multiplicem
1600 1270 1989 1339 provisionem,
2036 1280 2157 1339 post

569 1360 851 1414 ineffabilia
880 1362 963 1415 illa
992 1361 1268 1428 beneﬁcia,
1295 1372 1413 1431 post
1435 1370 1577 1415 tanta
1606 1360 1878 1423 miracula,
1905 1367 2024 1429 post
2044 1361 2154 1415 inc-

568 1451 886 1506 narrabilem
917 1468 1100 1507 curam
1122 1496 1135 1515 ,
1166 1464 1287 1523 post
1337 1453 1547 1522 longam
1578 1451 1995 1519 institutionem,
2035 1463 2154 1521 post

569 1544 972 1600 instructionem
998 1546 1303 1614 verborum,
1326 1556 1445 1617 post
1466 1547 1893 1601 adhortationem
1918 1548 2149 1615 ipsarmn

566 1651 773 1703 rerum,
814 1648 936 1708 post
961 1640 1191 1710 insignes
1216 1639 1497 1705 victorias,
1526 1649 1647 1709 post
1675 1639 2009 1693 admirabilia
2041 1648 2150 1693 tro-

568 1743 697 1795 pica,
764 1742 878 1797 post
906 1730 1163 1785 lautitiam
1189 1745 1497 1785 mensarum
1519 1771 1534 1794 ,
1569 1740 1687 1798 post
1714 1730 2010 1785 ubertatem
2038 1730 2152 1785 illa-

565 1834 681 1871 rum
712 1835 967 1889 aquarum
994 1864 1007 1883 ,
1053 1830 1173 1889 post
1202 1820 1520 1876 ineffabilem
1548 1821 1790 1889 gloriam,
1823 1837 1985 1890 quam
2008 1822 2148 1891 apud

565 1907 837 1963 hominum
882 1925 1048 1979 genus
1088 1912 1394 1967 universum
1434 1910 1643 1967 fuerant
1680 1912 2033 1982 consequuti,
2062 1913 2148 1968 iu-

560 1999 693 2065 grati
720 2006 777 2053 et
801 2000 993 2069 stupidi
1024 2015 1145 2055 eum
1176 2011 1385 2063 essent,
1428 2002 1645 2055 vitulum
1674 2001 2063 2070 adoravcrunt,
2095 2013 2152 2060 et

564 2086 715 2143 bovis
740 2098 900 2157 caput
923 2090 1222 2155 coluerunt,
1250 2091 1485 2161 deosque.
1514 2092 1615 2147 sibi
1646 2092 1756 2145 ﬁeri
1787 2094 2148 2162 postularunt,

561 2192 681 2231 cum
710 2180 943 2234 recentia
992 2180 1369 2237 beneﬁciorum
1417 2183 1507 2236 Dei
1538 2183 1588 2237 in
1630 2182 1864 2255 {Egypto
1897 2196 2146 2257 accepto-

561 2285 678 2323 rum
701 2281 1045 2327 monumenta
1078 2281 1339 2338 tenerent,
1372 2289 1433 2329 ac
1457 2274 1634 2329 multis
1654 2277 1812 2330 etiam
1838 2276 1956 2330 aliis
1976 2278 2146 2335 adhuc

563 2360 888 2417 fruerentur.

636 2459 722 2512 Η.
771 2457 928 2512 Aliud
956 2460 1236 2529 exemplum
1262 2459 1603 2515 Ninivitarum
1628 2464 1894 2531 conﬁrmat
1920 2464 2147 2535 nﬂiictio-

559 2569 646 2606 nes
676 2552 866 2607 homini
885 2570 1059 2608 nocere
1085 2571 1185 2609 non
1211 2571 1375 2626 posse.
1404 2586 1475 2595 -—
1498 2556 1847 2611 Ninivitarum
1894 2573 2020 2612 vero
2055 2574 2148 2628 po-

560 2646 737 2716 pulus,
772 2646 1026 2702 barbarus
1061 2664 1181 2702 cum
1203 2658 1348 2704 esset
1373 2659 1531 2719 atque
1560 2649 1879 2720 alienigena,
1911 2650 2148 2721 nihilque

560 2738 750 2792 horum
772 2739 1159 2810 .participasset,
1194 2755 1298 2794 non
1330 2755 1570 2811 parvum,
1607 2757 1709 2794 non
1738 2756 2013 2811 magnum,
2040 2757 2146 2797 non

558 2832 849 2898 orationes,
883 2846 987 2885 non
1020 2832 1294 2899 miracula,
1330 2846 1433 2886 non
1468 2847 1581 2897 res,
1614 2846 1720 2886 non
1750 2833 1904 2887 verba
1933 2849 1947 2896 ;
1980 2832 2144 2888 vidis-

557 2934 746 2995 setque
770 2924 1037 2978 hominem
1059 2939 1124 2978 cx
1148 2923 1417 2994 naufragio
1439 2932 1832 2987 conservatum.
1854 2941 2143 2995 numquam

515 3048 519 3057 ι
557 3031 741 3071 secum
772 3026 928 3071 antea
953 3026 1220 3070 versatum
1239 3059 1254 3081 ,
1290 3017 1383 3072 sed
1418 3027 1524 3071 tum
1554 3017 1779 3087 primum
1810 3019 1979 3073 visum
2010 3062 2023 3085 ,
2065 3020 2145 3074 in~

554 3123 834 3179 gressum,
875 3122 937 3163 ac
970 3107 1234 3163 dicentem
1278 3125 1291 3161 :
1341 3107 1522 3161 Adhuc
1564 3119 1661 3163 tres
1690 3108 1830 3175 dies,
1877 3122 1924 3164 et
1963 3108 2147 3165 Ninivc

553 3200 861 3254 subvertetur
892 3198 1048 3270 (Jan.
1081 3200 1132 3253 5.
1165 3197 1230 3268 4)
1267 3215 1280 3252 :
1311 3198 1446 3254 adeo
1472 3198 1629 3253 nudis
1652 3198 1798 3255 hisce
1824 3200 2000 3257 verbis
2027 3217 2147 3257 mu—

556 3293 650 3347 tati
676 3308 738 3347 ac
762 3292 1012 3349 meliores
1042 3291 1163 3347 facti
1184 3300 1307 3347 sunt
1332 3331 1347 3357 ,
1396 3300 1450 3346 ct
1478 3291 1716 3362 deposita
1744 3293 1905 3364 priori
1940 3294 2145 3357 vitiosi-

553 3376 662 3440 tate
707 3384 773 3439 ad
817 3385 1063 3440 virtutem
1091 3400 1188 3456 per
1222 3383 1591 3454 paenitentiam
1621 3384 2043 3450 contenderunt,
2086 3399 2143 3443 ιιι

554 3478 827 3533 decretum
859 3478 953 3533 Dei
979 3488 1309 3543 revocarent,
1344 3486 1618 3534 nutantem
1651 3478 1835 3534 urbem
1867 3480 2135 3547 sisterent,

555 3570 808 3625 divinitus
838 3568 1227 3639 impendentem
1266 3568 1397 3623 iram
1444 3569 1847 3639 propulsarent,
1891 3571 2141 3641 omnique

552 3661 841 3717 afﬂictione
871 3661 1244 3717 liberarentur.
1279 3661 1414 3715 Vidit
1437 3663 1578 3717 enim
1616 3661 1771 3726 Deus,
1806 3662 1995 3732 inquit,
2020 3667 2140 3727 quia

554 3773 757 3810 aversus
794 3764 868 3810 est
897 3755 1239 3826 unusquisque
1280 3754 1343 3809 de
1362 3755 1440 3808 via
1466 3771 1559 3808 sua
1589 3754 1725 3808 mala
1746 3796 1762 3821 ,
1802 3766 1849 3809 et
1875 3772 2142 3811 canversus

552 3859 624 3905 est
653 3850 721 3902 ad
752 3847 1023 3902 Dominum
1053 3848 1159 3918 (Ib.
1192 3848 1385 3917 v.-10).
1414 3846 1693 3915 Quomodo
1714 3862 2007 3902 conversus
2036 3857 2138 3915 est,

551 3941 638 3995 die
667 3941 837 3995 mihi?
864 3940 1025 4009 Atqui
1056 3956 1244 4011 magna
1276 3954 1465 3993 eorum
1486 3946 1603 3993 erat
1626 3939 1856 4003 malitia,
1894 3938 2141 3994 ineffabi-

552 4033 626 4087 lis
656 4033 911 4103 nequitia,
942 4031 1117 4086 ulcera
1157 4039 1343 4087 curatu
1371 4030 1639 4095 difﬁcilia;
1671 4031 1830 4102 idque
1856 4042 1911 4086 ut
1938 4032 2140 4087 indica-

549 4133 634 4179 ret
663 4124 920 4193 propheta
943 4164 955 4185 ,
984 4122 1117 4177 divit
1144 4140 1157 4176 :
1190 4122 1429 4177 Ascendit
1456 4123 1651 4177 malitia
1678 4138 1852 4177 eorum
1892 4140 2048 4194 usque
2073 4126 2142 4179 ad

549 4218 729 4269 (mlum
757 4213 900 4286 (Jan.
931 4216 981 4269 l.
1009 4214 1067 4285 Ξ)
1095 4232 1107 4268 :
1140 4215 1387 4271 distantia
1426 4214 1528 4269 loci
1574 4215 1993 4285 magnitudinem
2024 4232 2139 4272 ma-

551 4312 678 4365 litia:
717 4312 953 4381 ipsorum
1000 4310 1337 4380 signiﬁcavit.
1376 4308 1481 4365 Sed
1516 4319 1690 4364 tamen
1724 4318 1919 4364 tantam
1951 4313 2137 4379 ncqui-

553 4406 710 4471 tiam,
744 4418 913 4472 usque
938 4401 1071 4456 adeo
1095 4402 1288 4456 elatam
1317 4410 1367 4456 et
1396 4400 1679 4455 exaltatam
1700 4442 1715 4463 ,
1763 4410 1820 4454 ιιι
1856 4402 1921 4456 ad
1950 4403 2137 4457 cmlum

548 4510 761 4565 quoque
794 4494 1151 4563 pertingeret,
1196 4491 1361 4546 tribus
1408 4490 1631 4556 diebus,
1683 4491 1828 4545 brevi
1880 4493 2136 4561 temporis

551 4594 842 4650 momento,
874 4586 1056 4654 paucis
1082 4585 1281 4651 verbis,
1313 4598 1431 4654 qua:
1457 4584 1525 4638 ab
1554 4597 1660 4637 uno
1689 4582 1905 4637 homine
1927 4583 2142 4639 audive-

550 4686 708 4740 rant,
742 4678 942 4745 ignoto,
977 4676 1186 4745 hospite
1208 4717 1223 4740 ,
1267 4674 1599 4743 naufragium
1627 4687 1783 4743 passo
1805 4715 1818 4735 ,
1853 4675 1921 4727 ita
1964 4675 2143 4743 profli-

548 4777 811 4840 gaverunt
831 4808 845 4832 ,
878 4769 949 4821 ita
977 4766 1362 4830 aboleverunt,
1410 4766 1478 4817 ita
1510 4780 1540 4819 e
1572 4764 1747 4819 medio
1775 4766 2138 4832 sustulerunt,

553 4870 611 4914 ut
642 4859 732 4913 tali
760 4873 892 4913 voce
915 4866 1291 4914 mercarentur
1322 4874 1336 4910 :
1374 4854 1512 4910 Vidit
1542 4854 1674 4911 Deus
1700 4858 1818 4924 quia
1838 4874 2042 4912 aversus
2070 4869 2143 4913 est

549 4951 893 5020 unusquisque
934 4949 997 5003 de
1033 4949 1114 5003 via
1149 4964 1243 5004 sua
1282 4948 1419 5001 mala
1442 4989 1458 5011 ,
1500 4956 1547 5000 et
1592 4948 1822 5017 pmnituit
1853 4966 1965 5002 eum
1992 4966 2143 5019 super

548 5043 746 5097 malitia
764 5084 779 5109 ,
808 5058 960 5111 quam
987 5043 1219 5113 loquutus
1244 5045 1411 5114 fuerat
1440 5039 1577 5093 Deus
1605 5051 1660 5093 ut
1698 5041 1884 5109 faceret
1929 5042 2018 5095 eis.
2054 5041 2143 5097 Vi-

552 5136 722 5190 desne
741 5133 979 5190 sobrium
1002 5150 1065 5187 ac
1087 5134 1387 5205 vigilantem
1418 5147 1523 5186 non
1554 5131 1712 5186 modo
1738 5131 1806 5187 ab
1838 5132 2141 5188 hominibus

550 5243 657 5283 non
684 5226 805 5282 laedi
830 5267 847 5293 ,
891 5242 1077 5281 verum
1104 5227 1265 5282 etiam
1305 5227 1435 5279 iram
1463 5224 1715 5279 divinitus
1744 5226 2139 5296 impendentem

547 5320 836 5378 avertere?
866 5320 954 5391 qui
980 5334 1109 5376 vero
1144 5318 1488 5387 semetipsum
1520 5317 1709 5388 prodat
1736 5332 1799 5373 ac
1831 5318 2008 5384 laedat,
2041 5318 2141 5373 etsi

550 5414 756 5470 infinita
788 5412 1013 5483 accipiat
1040 5410 1295 5465 beneﬁcia
1317 5452 1331 5475 ,
1366 5425 1471 5463 non
1500 5411 1723 5464 multum
1751 5409 1881 5478 lucri
1914 5408 2140 5465 facere?

547 5507 636 5563 Sic
661 5505 801 5561 enim
825 5520 997 5575 neque
1024 5503 1129 5558 illis
1158 5499 1471 5573 profuerunt
1498 5510 1639 5556 tanta
1667 5509 1932 5571 portenta,
1971 5517 2143 5571 neque

551 5598 634 5652 his
664 5596 833 5651 obfuit
862 5594 1049 5650 iisdem
1081 5594 1319 5649 caruisse
1350 5611 1360 5645 :
1393 5608 1573 5646 verum
1604 5607 1724 5647 cum
1751 5602 1934 5647 natura
1968 5592 2142 5647 iorcnt

548 5687 760 5744 candidi
786 5730 800 5753 ,
832 5688 1080 5757 exiguum
1108 5686 1249 5741 nacti
1280 5694 1603 5739 momentum
1627 5727 1641 5751 ,
1675 5684 1926 5738 meliores
1951 5699 2138 5739 evase-

548 5794 673 5842 runt
702 5824 717 5849 ,
764 5797 1084 5853 quamquam
1130 5781 1340 5837 barbari
1390 5789 1443 5834 et
1488 5780 1797 5849 alienigencc
1827 5820 1841 5845 ,
1888 5778 2139 5833 inauditis

550 5879 796 5937 emnibus
818 5877 1009 5933 divinis
1032 5876 1281 5941 oraculis,
1306 5875 1567 5946 longeque
1588 5889 1615 5927 a
1638 5873 1919 5929 Palmstina
1939 5873 2135 5930 dissiti.

1252 418 1305 470 S.
1349 414 1624 470 Jt).\.‘i;\'l3
1657 409 2126 471 CIIRYSOSTOMI
2170 406 2476 467 ARCIIIEP.
2519 409 3047 469 CUNSTANTINUP.

3766 412 3871 468 ιτδ

2346 535 2432 589 15.
2463 533 2534 587 De
2565 535 2721 589 tribus
2746 537 2915 604 pueris
2951 533 3174 587 Dunielis
3205 536 3366 589 sociis.
3400 564 3466 576 ~~
3492 530 3632 600 Quid
3664 550 3798 589 vero
3822 537 3871 590 il-

2271 624 2441 677 lorum
2492 625 2647 679 trium
2696 640 3029 695 pucrortun,
3081 623 3167 679 die
3196 624 3361 691 mihi,
3390 624 3573 678 virtuti
3600 639 3867 695 superve.

2270 716 2470 769 nientia
2502 716 2642 770 mala
2685 715 3027 771 ofl‘ccerunt?
3052 710 3246 770 Annon
3277 714 3454 770 adhuc
3491 714 3725 785 juvenes
3750 756 3767 781 ,
3816 727 3868 769 ct

2267 806 2549 862 admodum
2578 807 2790 877 quidem
2812 808 3060 876 juvenes,
3092 808 3145 861 iu
3188 808 3470 861 immatura
3497 814 3659 861 tetate
3703 822 3868 876 grave.

2272 900 2401 953 illud
2433 901 2646 955 subiere
2666 901 2985 970 supplicium
3015 908 3070 956 et
3096 901 3483 970 captivitatem,
3520 899 3738 968 longam
3773 914 3867 967 pc-

2267 990 2679 1059 regrinatimzem
2709 990 3031 1061 peregrinati
3072 998 3195 1045 sunt
3220 1005 3250 1045 a
3276 990 3446 1061 patria
3471 1031 3487 1056 ,
3515 989 3704 1055 domo,
3736 998 3867 1042 tem-

2266 1081 2372 1150 plo,
2404 1082 2577 1145 altari,
2610 1083 2909 1146 sacriﬁciis,
2944 1082 3299 1138 oblationibus
3321 1123 3337 1150 ,
3367 1080 3720 1137 libationibus
3747 1122 3765 1145 ,
3798 1082 3868 1133 ab

2264 1173 2379 1241 ipso
2407 1188 2618 1244 quoque
2647 1174 2972 1243 psalmorum
2991 1184 3173 1237 cantu,
3202 1173 3290 1229 ubi
3330 1174 3382 1227 in
3414 1173 3647 1228 alienam
3681 1172 3863 1241 regio.

2262 1282 2382 1322 nem
2410 1277 2666 1321 venerunt
2698 1308 2712 1331 ,
2756 1266 2986 1334 separati
3016 1266 3183 1319 sunt?
3215 1264 3332 1321 Non
3372 1265 3515 1321 enim
3546 1264 3752 1318 domus
3783 1264 3866 1314 eis

2259 1358 2540 1413 dinutaxat
2569 1373 2687 1413 eam
2718 1358 2788 1412 ob
2826 1372 3041 1411 causam
3075 1355 3344 1411 inaccessa
3376 1363 3512 1421 erat,
3541 1354 3639 1410 sed
3690 1353 3863 1408 multa

2259 1464 2469 1520 quoque
2492 1450 2654 1503 divini
2685 1450 2856 1503 cultus
2882 1462 3100 1518 genera.
3134 1448 3328 1501 Annon
3356 1444 3715 1501 barbarorum
3747 1458 3865 1499 rna-

2259 1545 2415 1598 nibus
2440 1543 2606 1619 dediti
2634 1552 2778 1609 sunt,
2810 1542 2946 1611 lupis
3000 1540 3180 1611 potius
3225 1553 3387 1609 quam
3425 1538 3739 1593 hominibus
3761 1580 3777 1604 ,
3808 1546 3863 1590 et

2256 1636 2399 1707 quod
2420 1645 2502 1691 est
2531 1634 2929 1705 gravissimum,
2961 1634 3012 1687 in
3039 1643 3144 1688 tam
3168 1631 3327 1702 longe
3352 1630 3598 1687 dissitam
3641 1646 3709 1687 ac
3740 1632 3863 1686 bar-

2257 1731 2439 1785 baram
2470 1729 2685 1785 abducti
2717 1736 2936 1792 terram,
2993 1735 3047 1782 et
3074 1726 3388 1781 servitutem
3416 1725 3789 1796 gravissimam
3821 1727 3859 1788 ί,

2257 1840 2363 1879 non
2385 1824 2697 1893 magistrum
2731 1820 3037 1884 habebant,
3072 1836 3176 1874 non
3205 1820 3543 1889 prophetam,
3574 1834 3686 1873 non
3716 1822 3861 1890 prin-

2254 1916 2478 1985 eipem?
2509 1913 2631 1968 Non
2674 1914 2817 1968 enim
2861 1922 2934 1969 est
2961 1952 2976 1978 ,
3009 1911 3198 1982 inquit,
3231 1911 3467 1983 princeps
3491 1951 3507 1975 ,
3540 1927 3707 1981 neque
3736 1928 3861 1979 pro-

2255 2010 2428 2081 pheta,
2448 2022 2605 2077 neque
2630 2006 2756 2071 dux,
2779 2020 2946 2077 (neque
2975 2003 3114 2073 locus
3141 2001 3468 2069 sacriﬁcandi
3488 2017 3666 2054 coram
3696 2010 3776 2062 te,
3814 2010 3859 2053 rt

2252 2080 2540 2155 inveniendi
2568 2096 2968 2151 miscricordiam
2990 2094 3153 2165 (Dan.
3177 2080 3183 2085 ’
3209 2094 3259 2149 5.
3293 2094 3407 2161 38).
3439 2093 3579 2162 Quin
3612 2095 3775 2147 etiam
3808 2097 3858 2145 in

2254 2192 2475 2248 domum
2505 2190 2731 2261 regiam,
2778 2196 3053 2258 tamquam
3087 2188 3135 2240 in
3168 2186 3449 2255 scopulum
3473 2186 3767 2255 quemdam
3798 2202 3860 2238 ac

2253 2283 2625 2355 prmcipitium,
2662 2291 2716 2336 et
2756 2281 2975 2351 pelagus
3020 2280 3164 2333 saxis
3186 2280 3455 2349 petrisque
3483 2281 3584 2334 sub
3612 2294 3747 2348 aqua
3782 2280 3831 2331 la

2254 2376 2491 2434 tcntibus
2522 2373 2802 2440 refertum,
2836 2372 3123 2426 introducti
3155 2382 3299 2434 sunt,
3330 2372 3448 2426 sine
3468 2370 3855 2442 gubernatore,

2252 2471 2369 2525 sine
2391 2475 2624 2538 proreta,
2643 2466 2759 2520 sine
2790 2463 2985 2529 nautis,
3009 2462 3126 2517 sine
3148 2462 3298 2525 velis,
3330 2476 3532 2516 s:evum
3560 2462 3689 2515 illud
3710 2479 3855 2516 tuan~

2251 2564 2505 2633 navigare
2528 2558 2733 2623 coacti;
2764 2567 2924 2628 atque
2954 2557 3006 2611 in
3037 2557 3155 2611 aula
3176 2557 3316 2626 regia
3342 2565 3614 2625 tamquam
3646 2556 3697 2609 in
3740 2571 3859 2610 car~

2251 2673 2376 2714 cere
2406 2658 2615 2713 inclusi.
2639 2658 2772 2713 Cum
2792 2658 2935 2713 enim
2962 2654 3329 2728 philosophari
3351 2663 3597 2712 nossent.
3626 2664 3678 2709 ct
3699 2654 3859 2707 rebus

2251 2748 2599 2804 szeeularibus
2629 2758 2811 2804 essent
2828 2748 3155 2818 superiores,
3182 2760 3397 2800 omnem
3427 2760 3642 2815 quoque
3666 2744 3859 2798 huma-

2250 2857 2379 2898 num
2427 2841 2622 2896 fastum
2659 2840 3087 2905 conculcassent,
3121 2838 3337 2908 alasque
3369 2838 3469 2891 sibi
3501 2838 3650 2892 leves
3673 2837 3855 2891 reddi--

2251 2933 2484 2999 dissent,
2517 2934 2885 2987 accessionem
2943 2931 3205 2985 malorum
3233 2930 3394 2984 etiam
3439 2929 3584 2983 illam
3614 2943 3833 2984 connno

2242 3026 2513 3091 rationem
2535 3038 2656 3079 esse
2683 3022 3077 3079 existimabant.
3110 3022 3166 3078 Si
3189 3023 3331 3077 enim
3362 3021 3491 3075 foris
3521 3020 3770 3082 fuissent,
3804 3033 3858 3076 et

2252 3118 2305 3172 in
2336 3117 2499 3171 domo
2541 3118 2745 3185 privata
2772 3158 2785 3181 ,
2816 3115 3004 3183 majori
3045 3114 3290 3169 libertate
3347 3112 3560 3167 l'ruitnri
3589 3122 3748 3167 erant
3771 3132 3782 3165 :
3802 3123 3858 3167 at

2251 3222 2383 3264 vero
2410 3206 2704 3262 introducti
2747 3206 2800 3260 in
2855 3206 3003 3260 illum
3035 3220 3307 3260 carcerem
3334 3205 3589 3275 (carcere
3625 3220 3858 3273 namque

2249 3316 2465 3357 omnem
2496 3300 2637 3354 illam
2659 3298 2963 3369 splendoris
2991 3305 3044 3353 et
3075 3296 3485 3367 niagniticcntim
3515 3297 3853 3364 specicni,et

2249 3393 2557 3465 praecipitiis
2588 3391 2931 3462 scapulisquc
2961 3392 3129 3445 nihilo
3158 3390 3454 3445 censebant
3501 3405 3629 3445 esse
3659 3391 3854 3445 melio—

2250 3487 2415 3556 rem),
2443 3484 2701 3541 continuo
2727 3498 2943 3553 gravem
2972 3482 3337 3537 diflicultatem
3370 3481 3704 3536 sustinuere.
3736 3480 3849 3535 Res

2247 3581 2391 3634 enim
2419 3592 2515 3633 eos
2556 3576 2698 3631 illius
2750 3575 3086 3644 voluptuosa:
3139 3574 3472 3643 impuneque
3520 3582 3577 3627 et
3618 3573 3857 3643 profatur

2248 3683 2447 3724 mcusm
2490 3682 2601 3721 sua:
2636 3666 2796 3735 jussit
2829 3680 2950 3720 esse
3000 3664 3177 3719 socios
3201 3705 3215 3729 ,
3248 3663 3299 3718 id
3344 3663 3487 3733 quod
3525 3663 3606 3718 eis
3633 3663 3857 3718 interdi-

2247 3770 2393 3814 ctum
2413 3768 2547 3824 erat,
2582 3766 2635 3813 et
2676 3767 2853 3812 morte
2882 3757 3094 3827 gravius
3124 3755 3402 3811 videbatur
3436 3774 3449 3808 :
3483 3770 3547 3810 ac
3576 3756 3678 3810 soli
3707 3757 3855 3811 velut

2248 3852 2368 3923 agni
2396 3851 2448 3904 iu
2488 3849 2665 3906 medio
2686 3857 2765 3904 tot
2793 3849 3037 3919 luporum
3063 3857 3215 3903 erant
3237 3848 3446 3903 inclusi.
3482 3846 3855 3904 Necesse‘erat

2248 3952 2339 3997 aut
2386 3942 2522 3996 fame
2566 3940 2859 4004 tabescere,
2898 3940 3005 3993 imo
3034 3954 3162 3995 vero
3212 3939 3278 3993 ad
3324 3948 3552 3993 mortem
3583 3940 3722 4007 rapi,
3763 3951 3856 3993 ant

2251 4036 2518 4108 prohibita
2561 4034 2738 4089 edulia
2785 4034 3091 4103 degustare.
3121 4031 3258 4098 Quid
3291 4047 3419 4103 ergo
3452 4030 3657 4086 faciunt
3698 4032 3856 4101 juve-

2251 4144 2367 4193 nes,
2396 4128 2651 4198 orphani,
2702 4126 2920 4196 captivi,
2962 4127 3249 4195 peregrini,
3302 4125 3440 4179 servi
3484 4124 3703 4178 illorum
3762 4142 3853 4195 qm

2248 4218 2364 4273 hmc
2395 4217 2767 4287 imperabant?
2798 4216 2913 4271 Non
2933 4217 3312 4272 existimarunt
3335 4216 3723 4270 necessitatem
3749 4219 3853 4272 situ

2246 4309 2313 4363 ad
2344 4310 2749 4363 excusationem
2782 4306 3031 4362 sufficere
3056 4350 3070 4370 ,
3116 4323 3289 4377 neque
3318 4308 3657 4378 tyrannidem
3689 4309 3808 4378 ejus
3837 4352 3851 4367 .

2246 4401 2335 4469 qui
2385 4400 2572 4455 urbem
2642 4400 3082 4463 obtinebat;sed
3146 4400 3324 4454 omnia
3404 4400 3854 4454 machinahanim-

2251 4493 2737 4562 moliebanturque,
2783 4503 2839 4545 ut
2889 4502 3168 4561 peccatum
3196 4490 3511 4560 effugerent,
3544 4493 3693 4546 omni
3728 4494 3855 4545 licet

2248 4603 2314 4643 ex
2340 4596 2491 4657 parte
2517 4586 2737 4642 deserti.
2768 4585 2949 4655 Neque
2970 4585 3112 4640 enim
3147 4584 3384 4653 pecuniis
3410 4586 3739 4655 persuadere
3763 4604 3855 4656 pu-

2250 4688 2425 4735 tcraut
2448 4720 2463 4745 ,
2497 4687 2683 4749 utpote
2712 4676 2905 4747 captivi
2932 4692 2946 4739 ;
2976 4691 3079 4730 non
3107 4676 3340 4730 amicitia
3365 4684 3417 4729 et
3446 4674 3849 4737 familiaritate.

2249 4782 2432 4843 utpote
2462 4771 2728 4843 peregrini
2761 4787 2776 4835 ;
2822 4784 2927 4824 non
2958 4770 3191 4840 potentia
3216 4784 3492 4839 superare,
3523 4779 3709 4839 utpote
3732 4786 3849 4824 ser-

2252 4872 2340 4935 vi;
2392 4886 2498 4923 non
2543 4866 2886 4923 multitudine
2933 4866 3169 4929 vincere,
3188 4874 3199 4917 ἠ
3226 4874 3411 4934 utpote
3463 4873 3573 4918 tres
3617 4874 3852 4919 tantum.

2249 4960 2529 5017 Accedunt
2572 4960 2734 5029 igitur
2777 4959 2842 5013 ad
2863 4958 3169 5012 eunuchum
3202 4999 3215 5021 ,
3258 4958 3346 5025 qui
3375 4971 3494 5011 eam
3522 4965 3853 5027 potestatem

2248 5053 2547 5119 obtinebat,
2575 5052 2734 5122 eique
2761 5050 2937 5105 verbis
2965 5049 3311 5120 persuadent.
3357 5048 3493 5104 Cum
3522 5049 3669 5104 enim
3704 5050 3855 5103 inve-

2249 5149 2455 5201 nissent
2480 5162 2601 5201 cum
2636 5145 2899 5214 trepidum
2927 5159 2988 5198 ae
3022 5143 3268 5198 timidum
3290 5184 3314 5206 ,.
3335 5142 3506 5212 deque
3530 5144 3705 5199 salute
3758 5160 3855 5199 sua

2250 5239 2535 5294 sollicitum
2558 5282 2569 5302 ,
2596 5246 2648 5292 et
2672 5248 2844 5291 metus
2867 5236 3053 5289 mortis
3086 5234 3454 5289 intolerandus
3473 5235 3711 5288 animum
3737 5236 3857 5302 ejus

2249 5342 2559 5389 concuteret
2592 5347 2605 5385 :
2641 5330 2813 5383 Timeo
2849 5329 2991 5383 enim
3019 5344 3129 5398 ego,
3161 5328 3363 5396 inquit,
3388 5328 3652 5379 denuntio:
3685 5344 3857 5380 meum

2250 5446 2436 5499 regem,
2467 5426 2735 5496 nequando
2762 5426 2923 5479 rideat
2947 5425 3109 5477 vultus
3132 5432 3319 5476 vestros
3350 5421 3725 5474 ntacilcntiorcs
3749 5438 3857 5488 prec

2251 5521 2441 5575 «cteris
2464 5517 2852 5572 adolescentulis
2877 5517 3055 5569 cowvis
3078 5514 3275 5577 vestris,
3305 5525 3348 5567 ct
3375 5512 3720 5566 condemnetis
3768 5530 3857 5566 m-

2252 5624 2340 5681 put
2364 5629 2525 5665 meum
2548 5611 2653 5679 regi
2677 5609 2839 5679 (Dan.
2875 5610 2925 5662 l.
2963 5606 3052 5677 10)
3082 5625 3093 5661 :
3125 5622 3189 5661 co
3222 5608 3417 5661 timore
3450 5604 3735 5659 liberatum
3770 5606 3849 5658 io-

2252 5703 2475 5769 ducuut,
2524 5711 2583 5756 ut
2613 5702 2764 5756 daret
2797 5702 2926 5771 ipsis
2957 5715 3074 5755 eam
3120 5698 3370 5769 gratiam.
3436 5698 3511 5751 Ac
3566 5708 3853 5766 postquam

2321 5885 2331 5911 '
2375 5881 2480 5939 Alii,
2508 5888 2549 5931 ct
2577 5886 2890 5930 dttrtssnnom
2914 5874 3155 5928 servitutis
3178 5873 3351 5941 legem.
