4050 6422
220 407 326 463 475

222 526 321 593 μὲν
347 522 709 594 πεζευομένη,
743 523 834 575 νύν
875 521 932 574 δέ
970 519 1207 573 θάλαττα
1236 519 1497 589 γινομένη
1519 534 1532 546 ·
1566 514 1657 569 καὶ
1689 512 1756 565 τά
1784 511 1907 563 Νει-

218 611 332 682 λῷα
370 611 590 681 νάματα
625 609 831 680 ταύτην
862 609 1011 680 ἠφίει
1042 608 1140 678 τὴν
1165 607 1349 678 φωνὴν
1376 604 1514 677 πρὸς
1552 604 1783 672 αἵματος
1814 616 1911 668 με·

214 700 596 770 ταϐαλλόμενα
635 699 825 770 φύσιν·
858 700 953 754 καὶ
990 699 1041 752 οἰ
1076 697 1364 770 βάτραχοι,
1394 697 1487 750 καί
1523 695 1585 748 τὸ
1613 692 1723 746 τῶν
1750 690 1910 763 ἀκρί-

213 787 320 840 δων
349 788 714 860 στρατόπεδον
762 789 960 853 ἐκεῖνο,
993 787 1089 843 καὶ
1137 789 1170 858 ή
1222 789 1441 857 κάμπη,
1475 784 1571 838 καὶ
1615 786 1648 852 ἡ
1679 779 1910 853 ἐρυσίϐη

211 876 389 930 ταῦτα
435 877 709 942 διελέγετο
745 875 824 947 τῷ
862 876 1022 948 δήμῳ
1050 876 1242 930 παντί⁶
1283 876 1378 928 καὶ
1415 873 1483 926 τά
1523 872 1616 926 ἐπὶ
1645 871 1745 942 τῆς
1776 872 1907 942 ἐρή-

215 983 319 1036 μου
356 967 641 1038 τεράστια,
677 968 740 1021 τὸ
786 969 980 1038 μάννα,
1025 970 1053 1021 ό
1084 966 1297 1024 στῦλος.
1332 969 1364 1037 ή
1413 966 1634 1036 νεφέλη,
1677 967 1710 1035 ή
1744 965 1910 1035 ὀρτυ-

211 1058 490 1128 γομήτρα,
520 1056 588 1111 τά
618 1056 752 1110 ἄλλα
799 1058 974 1110 πάντα
1018 1058 1138 1111 ἀντὶ
1169 1056 1373 1128 βιϐλίου
1402 1055 1524 1108 τότε
1555 1055 1743 1118 αὐτοῖς
1786 1053 1911 1122 ἐγέ-

211 1162 335 1198 νετο
370 1146 463 1197 καὶ
495 1147 841 1216 γραμμάτων
887 1146 1144 1199 οὐδέποτε
1189 1145 1644 1216 ὲξαλειφομένων,
1689 1141 1909 1196 ἔναυλον

210 1234 334 1286 καθ’
360 1233 601 1306 ἑκάστην
638 1235 856 1304 ἡμέραν
894 1235 1252 1306 παρεχόμενα
1304 1236 1489 1297 αὐτοῖς
1517 1235 1616 1303 τὴν
1659 1234 1905 1303 μνήμην,

211 1321 303 1372 καὶ
338 1319 637 1389 ὲνηχοῦντα
681 1321 863 1375 αὐτῶν
909 1321 1061 1394 [460]
1105 1323 1205 1392 τὴν
1253 1323 1514 1376 διάνοιαν.
1567 1320 1712 1373 Ἀλλ’
1755 1321 1908 1390 ὅμως

212 1411 352 1480 μετὰ
379 1410 650 1483 τοσαύτην
673 1414 766 1465 καὶ
795 1412 1132 1485 τηλικαύτην
1156 1414 1437 1484 πρόνοιαν,
1466 1414 1607 1484 μετά
1626 1413 1725 1477 τάς
1751 1413 1908 1483 εὐερο

207 1498 402 1565 γεσίας
430 1500 530 1564 τάς
563 1502 808 1570 ἀφάτους
835 1502 1074 1567 ἐκείνας,
1114 1503 1253 1572 μετά
1282 1502 1344 1556 τὸ
1367 1502 1604 1572 μέγεθος
1633 1502 1743 1555 τῶν
1774 1500 1908 1554 θαυ-

209 1587 420 1656 μάτων,
480 1591 623 1662 μετά
655 1591 755 1661 τὴν
795 1591 1124 1661 κηδεμονίαν
1176 1593 1275 1661 τὴν
1323 1591 1586 1664 ἄρρητον,
1631 1591 1772 1662 μετά
1805 1591 1906 1664 τὴν

204 1676 561 1733 διδασκαλίαν
593 1681 694 1752 τὴν
727 1681 980 1752 διηνεκῆ,
1019 1680 1157 1752 μετά
1193 1682 1293 1752 τὴν
1327 1683 1636 1752 κατήχησιν
1670 1680 1770 1752 τὴν
1796 1682 1907 1735 ἀπὸ

206 1764 316 1818 τῶν
352 1769 640 1837 ῥημάτων,
693 1769 833 1840 μετά
865 1768 965 1840 τὴν
1011 1769 1337 1840 παραίνεσιν
1383 1769 1483 1840 τὴν
1517 1770 1626 1823 ἀπὸ
1660 1769 1769 1822 τῶν
1814 1769 1907 1841 έρ-

204 1871 339 1920 γων.
383 1857 520 1922 μετά
548 1857 646 1918 τὰς
674 1857 831 1920 νίκας
856 1857 958 1921 τὰς
985 1857 1273 1929 λαμπρὰς,
1308 1859 1449 1930 μετά
1474 1858 1543 1911 τά
1567 1858 1805 1928 τρόπαια
1836 1857 1905 1911 τά

205 1942 506 2013 παράδοξα,
545 1944 684 2014 μετά
711 1945 811 2014 τὴν
837 1943 947 1998 τῶν
979 1947 1271 2015 τραπεζῶν
1310 1946 1596 2016 ἀφθονίαν,
1625 1948 1766 2017 μετὰ
1805 1947 1906 2018 τὴν

202 2031 488 2100 δαψίλειαν
509 2032 617 2086 τῶν
638 2035 897 2104 ναμάτων
919 2036 1171 2102 ἐκείνων,
1201 2037 1342 2107 μετά
1360 2038 1462 2109 τὴν
1489 2037 1699 2107 ἄφατον
1721 2035 1903 2102 δόξαν,

202 2119 270 2187 ῆν
303 2119 730 2191 περιεϐάλλοντο
761 2123 914 2195 παρά
954 2126 1118 2178 παντὶ
1148 2125 1226 2194 τῷ
1257 2124 1368 2180 τῶν
1397 2126 1706 2198 ἀνθρώπων
1734 2126 1904 2195 γένει,

201 2209 393 2279 ἐπειδὴ
435 2211 758 2280 ἀγνώμονες
788 2207 930 2282 ἦσαν
980 2215 1074 2267 καὶ
1113 2215 1456 2285 ἀναίσθητοι,
1488 2217 1694 2287 μόσχον
1737 2234 1907 2289 προσ-

200 2297 500 2368 εκύνησαν,
536 2300 630 2352 καὶ
661 2299 784 2370 βοὸς
825 2302 1069 2374 κεφαλὴν
1096 2303 1455 2375 ἐθεράπευον,
1476 2305 1570 2357 καὶ
1590 2304 1749 2370 θεοὺς
1774 2308 1905 2360 ἐπευ

201 2385 404 2457 ζήτουν
439 2389 626 2454 αὐτοῖς
683 2390 960 2459 γενέσθαι,
993 2392 1168 2463 νεαρὰ
1197 2394 1266 2447 τά
1291 2394 1664 2465 ὑπομνήματα
1699 2395 1809 2448 τῶν
1845 2397 1903 2448 ὲν

199 2475 470 2546 Αἰγύπτῳ
506 2477 846 2549 εὐεργεσιῶν
882 2481 1099 2550 ἔχοντες
1127 2482 1219 2536 τοῦ
1251 2481 1410 2549 Θεοῦ,
1441 2485 1538 2537 καί
1565 2484 1778 2538 πολλῶν
1805 2487 1903 2540 καὶ

197 2563 381 2618 ἄλλων
413 2565 784 2630 ἀπολαύοντες
815 2567 914 2620 ἔτι.

274 2653 358 2706 ιδ’.
402 2654 460 2707 Ὀ
482 2653 539 2706 δὲ
559 2654 671 2709 τῶν
689 2655 737 2708 Ν
745 2655 992 2710 ινευῖτῶν
1018 2656 1214 2727 δῆμος,
1242 2657 1520 2730 βάρϐαρος
1537 2659 1613 2712 ῶν
1632 2662 1726 2715 καί
1744 2662 1894 2716 ἀλλό-

199 2741 395 2811 φυλος,
429 2743 644 2807 οὐδενὸς
688 2743 897 2798 τούτων
930 2746 1308 2816 μετεσχηκὼς,
1342 2748 1404 2801 οὐ
1444 2749 1668 2820 μικροῦ,
1700 2751 1762 2804 οὐ
1808 2770 1905 2823 με-

198 2829 394 2896 γάλου,
426 2831 488 2884 οὐ
511 2829 710 2901 λόγων,
735 2833 796 2886 οὐ
821 2833 1140 2904 θαυμάτων,
1166 2836 1270 2888 οὐκ
1287 2835 1491 2906 ἔργων,
1521 2839 1581 2890 οὐ
1613 2840 1901 2910 ῥημάτων,

197 2918 392 2989 ἐπειδὴ
423 2919 713 2992 ἄνθρωπον
760 2917 900 2975 εἶδον
939 2925 1003 2975 ἐκ
1052 2922 1316 2990 ναυαγίου
1351 2923 1710 2992 διασωθέντα,
1753 2929 1904 2981 οὐδέ-

198 3021 334 3058 ποτε
368 3006 557 3070 αὐτοῖς
584 3009 990 3078 συγγενόμενον
1027 3009 1366 3081 ἔμπροσθεν,
1405 3013 1544 3066 ἀλλά
1594 3015 1716 3069 τότε
1751 3015 1905 3087 πρῶ-

193 3108 292 3145 τον
312 3093 575 3163 ὀφθέντα,
601 3097 918 3153 εἰσελθόντα
940 3101 1035 3153 καὶ
1064 3101 1310 3165 εἰπόντα,
1341 3102 1466 3157 Ἔτι
1485 3105 1644 3172 τρεῖς
1665 3105 1901 3176 ἡμέραι,

196 3183 301 3238 καί
329 3185 556 3255 Νινευὴ
584 3189 1155 3259 καταστραερήσεται
1175 3211 1187 3223 ·
1222 3192 1398 3257 οὕτως
1438 3195 1548 3248 ἀπὸ
1580 3195 1691 3274 τῶν
1727 3197 1905 3268 ψιλῶν

195 3273 409 3326 τούτων
433 3276 698 3346 ῥημάτων
726 3277 1211 3348 μετεϐάλοντοικαί
1235 3281 1482 3352 βελτίους
1507 3273 1778 3354 ἐγένοντο,
1807 3289 1906 3342 καὶ

193 3363 299 3433 τὴν
319 3363 595 3434 προτέραν
623 3365 956 3437 ἀποθέμενοι
985 3370 1204 3434 κακίαν,
1231 3371 1369 3442 πρὸς
1391 3373 1595 3445 ἀρετὴν
1619 3374 1708 3428 διά
1741 3393 1907 3446 μετα-

195 3453 349 3516 νοίας
379 3453 647 3518 ὥδευσαν,
696 3455 774 3519 ὡς
808 3456 1086 3526 ἀπόφασιν
1125 3461 1572 3516 ἀνακαλέσασθαι
1608 3463 1767 3531 Θεοῦ,
1810 3467 1907 3518 καὶ

198 3542 495 3615 σειομένην
528 3545 729 3616 στῆσαι
767 3545 945 3610 πόλιν,
976 3548 1071 3600 καὶ
1115 3546 1380 3620 θεήλατον
1412 3550 1583 3622 όργὴν
1626 3553 1906 3625 ἀποκρού-

198 3629 424 3698 σασθαι,
478 3632 575 3684 καὶ
622 3634 807 3706 πάσης
846 3635 1234 3706 ἀπαλλαγῆναι
1281 3639 1501 3703 κακίας.
1541 3640 1681 3696 Εἷδε
1722 3643 1839 3715 γὰρ
1871 3647 1904 3697 ό

199 3717 371 3785 Θεὸς,
413 3721 605 3790 φησὶν,
635 3721 725 3775 ὅτι
762 3723 1000 3792 ἀπέστη
1037 3724 1297 3792 ἕκαστος
1335 3727 1454 3782 ἀπὸ
1481 3727 1595 3797 τῆς
1629 3730 1777 3786 ὀδοῦ
1797 3735 1906 3787 αὺ-

198 3806 308 3860 τοῦ
335 3805 447 3875 τῆς
472 3807 766 3878 πονηρᾶς,
805 3811 905 3864 καί
947 3812 1329 3882 ἐπέστρεψεν
1372 3816 1472 3868 ἐπὶ
1503 3818 1625 3870 ῒύν
1659 3821 1901 3888 Κύριον.

203 3893 330 3957 Πῶς
359 3895 604 3967 ἀπέστη,⁵
635 3898 758 3951 εἰπέ
794 3916 917 3968 μοι;
948 3901 1143 3955 Καίτοι
1176 3902 1388 3974 μεγάλη
1425 3899 1496 3974 ἦν
1528 3906 1764 3979 αὐτῶνή
1803 3927 1905 3963 κα-

201 3981 317 4047 κία,
349 3983 558 4052 ἀφατος
583 3987 616 4055 ή
648 3988 910 4058 πονηρία,
937 3987 1165 4042 δυσίατα
1198 3989 1269 4043 τά
1299 3991 1464 4062 ἕλκη⁸
1495 3995 1773 4050 καὶτοῦτο
1807 3998 1904 4068 δη-

200 4071 312 4125 λῶν
339 4073 369 4125 6
397 4075 688 4146 προφήτης
706 4075 893 4145 έ-λεγεν
909 4096 920 4108 ·
954 4079 1153 4148 Ἀνέϐη
1178 4082 1216 4149 ἠ
1241 4083 1422 4137 κακία
1439 4083 1644 4138 αὐτῶν
1662 4085 1775 4153 ἕως
1794 4089 1904 4144 τοῦ

198 4161 496 4230 οὐρανοῦ·
532 4163 612 4233 τῷ
636 4162 972 4237 διαστήματι
1006 4167 1101 4221 τοῦ
1134 4169 1304 4223 τόπου
1334 4170 1398 4224 τὸ
1432 4172 1665 4241 μέγεθος
1685 4175 1786 4244 τῆς
1809 4192 1908 4230 κα-

199 4252 328 4315 κίας
375 4251 556 4306 αὐτῶν
605 4252 1040 4326 ἐνδεικνύμενος.
1085 4257 1228 4311 Ἀλλ’
1281 4259 1432 4330 ὅμως
1481 4263 1582 4331 τὴν
1631 4264 1905 4336 τοσαύτην

199 4341 490 4412 πονηρίαν,
528 4342 629 4410 τὴν
662 4343 808 4398 οὕτω
857 4346 1275 4416 κορυφωθεῖσαν
1299 4349 1394 4403 καὶ
1443 4350 1776 4420 ὐφωθεῖσαν,
1827 4353 1907 4416 ῶς

201 4430 298 4484 καὶ
331 4429 439 4494 ἕως
463 4429 560 4485 τοῦ
586 4431 821 4504 οὐρανοῦ
849 4434 1078 4502 φθάσαι,
1108 4436 1315 4508 ταύτην
1340 4439 1398 4492 ἐν
1435 4440 1614 4510 τρισὶν
1638 4441 1900 4512 ήμέραις,

199 4521 261 4573 έν
293 4518 530 4592 βραχείᾳ
561 4521 759 4592 καιροῦ
804 4525 969 4594 ῥοπῇ,
1017 4524 1107 4578 διά
1155 4527 1416 4597 ῥημάτων
1455 4527 1674 4598 ὀλίγων,
1703 4529 1739 4584 ἀ
1774 4532 1906 4603 παρ’

198 4610 323 4674 ἐνὸς
352 4612 598 4682 ἥκουσαν
628 4612 944 4683 ἀνθρώπου,
979 4614 1285 4682 ἀγνώστου,
1318 4617 1496 4683 ξένου,
1536 4620 1782 4687 ναυαγοῦ
1807 4638 1902 4689 γε·

199 4700 532 4770 γενημένου,
563 4699 707 4754 οὕτω
730 4699 1249 4767 κατέλυσαν,“οὐτιρ›ς
1281 4704 1578 4774 ἠφάνισαν,
1603 4706 1780 4772 οὕτως
1813 4711 1905 4762 ἐκ·

203 4788 381 4842 ποδῶν
398 4789 684 4860 ἐποίησαν,
704 4790 778 4852 ὡς
794 4791 1051 4862 τοιαύτης
1067 4793 1376 4848 ἀπολαῦσαι
1402 4795 1610 4865 φωνῆς,
1626 4798 1707 4851 ότι
1729 4801 1771 4851 Ε
1778 4795 1905 4853 ἴδεν

198 4876 236 4928 ὀ
267 4878 430 4942 Θεὸς.
481 4877 572 4930 ὅτι
602 4878 841 4948 ἀπέστη
881 4879 1144 4946 ἕκαστος
1185 4882 1306 4935 ἀπὸ
1355 4881 1462 4949 τῆς
1501 4885 1647 4938 ὀδοῦ
1706 4884 1906 4940 αὐτῶν

201 4961 314 5027 τῆς
356 4963 650 5031 πονηρᾶς»
693 4963 791 5018 καὶ
830 4969 1206 5036 μετενόησεν
1251 4969 1368 5022 ἀπὶ
1426 4970 1535 5039 τῆς
1582 4974 1802 5039 κακίας
1832 4969 1908 5042 ἧς

185 5047 374 5104 -εἷπεν
409 5054 442 5104 ὁ
477 5052 623 5119 Θεὸς
656 5053 907 5121 ποιῆσαι
940 5056 1167 5122 αὐτοῖς.
1214 5058 1379 5128 Ὁρᾷς
1413 5059 1495 5111 ὅτι
1523 5062 1551 5113 ό
1590 5062 1689 5131 μὲν
1716 5063 1906 5132 νήφων

203 5143 298 5193 καὶ
327 5142 650 5214 ἐγρηγορὼς
682 5145 741 5196 οὐ
771 5147 933 5214 μόνον
969 5147 1120 5217 παρά
1157 5148 1466 5218 ἀνθρώπων
1515 5151 1668 5203 οὐδὲν
1696 5153 1903 5206 ἀδικεῖ-

202 5246 317 5292 ται,
349 5230 486 5284 ἀλλά
517 5233 611 5284 καὶ
658 5233 921 5304 θεήλατον
951 5236 1122 5306 όργὴν
1161 5237 1494 5307 ἁνατρέπει;
1533 5241 1560 5291 ό
1592 5239 1647 5292 δὲ
1690 5242 1904 5295 οἴκοθεν

203 5319 398 5373 ἑαυτὸν
437 5321 722 5391 προδιδοὺς
762 5325 856 5376 καὶ
902 5325 1325 5385 καταϐλάπτων,
1357 5328 1458 5377 κᾶν
1500 5329 1702 5397 μυρίας
1750 5331 1904 5401 εὐερ-

178 5408 398 5488 ,Ιγεσίας
447 5411 698 5484 ἀπολάϐῃ
730 5424 777 5475 α,
829 5413 984 5466 οὐδὲν
1037 5414 1184 5483 μέγα
1233 5415 1536 5482 κερδαίνεις
1580 5417 1738 5471 Οὕτω
1773 5420 1903 5487 γοῦν

204 5498 358 5549 οὐδὲν
383 5499 626 5563 ἐκείνους
649 5501 902 5571 ὠφέλησε
933 5504 1001 5558 τά
1031 5503 1272 5556 τοσαῦτα
1304 5508 1530 5574 σημεῖα,
1567 5509 1676 5561 οὐδ’
1706 5513 1905 5574 αὐτοὺς

205 5585 430 5649 τούτους
482 5588 544 5640 τὸ
605 5589 678 5660 μὴ
731 5593 1022 5661 μετασχεῖν
1082 5594 1289 5646 τούτων
1345 5596 1731 5665 παρέϐλαᾲεν·
1789 5600 1903 5652 ἀλλ’

208 5674 637 5745 ἐπειδὴοίκοθεν
682 5673 824 5748 ἦσαν
859 5681 1228 5750 εὐγνώμονες,
1264 5687 1468 5753 μικρᾶς
1516 5688 1904 5758 ἐπιλαϐόμενοι

210 5762 406 5832 ῥοπῆς,
466 5764 711 5834 βελτίους
759 5768 1026 5836 ἐγένοντο,
1078 5773 1255 5825 καίτοι
1290 5774 1558 5844 ϐάρϐαροι
1591 5777 1765 5842 ὄντες,
1813 5779 1902 5831 καὶ

276 5929 301 5958 ³
328 5928 474 5984 δενιι.
509 5941 705 5985 etunus
726 5937 818 5985 κᾶν
836 5938 1026 6001 μυρίων
1040 5940 1330 6005 εὐεργεσιῶν
1353 5941 1574 6005 ἁηολάνι)

1295 395 1490 466 QUOD
1533 393 1723 450 NEMO
1766 352 2102 447 ιίειιιτιυιι
2145 389 2277 445 Νιει
2324 391 2362 442 ,ι
2408 389 2670 444 smso.

3630 376 3721 404 ίτιζ

3619 382 3723 429 ρπϐ

2020 507 2332 576 ἀλλόφυλοι,
2362 508 2457 559 καὶ
2484 508 2702 560 πάντων
2727 506 2953 575 ἀνήκοοι
2977 502 3086 556 τῶν
3115 502 3279 554 θείων
3319 498 3602 570 χρησμῶν,
3632 499 3728 549 καὶ

2023 596 2214 670 πόρρω
2253 615 2357 648 που
2392 596 2494 664 τῆς
2535 594 2902 662 Παλαιστίνης
2931 590 3334 661 ἀπῳκισμένοι.

2092 691 2174 738 ιε’.
2205 685 2269 736 Τί
2291 686 2346 737 δὲ
2380 685 2487 737 τῶν
2512 683 2717 736 παίδων
2742 681 2852 735 τῶν
2879 681 3070 752 τριῶν,
3103 679 3226 732 εἰπέ
3250 695 3362 748 μοι,
3398 677 3498 747 τὴν
3523 675 3726 746 ἀρετὴν

2021 775 2088 828 τὰ
2117 773 2414 827 ἐπελθόντα
2441 773 2589 825 κακά
2627 771 2970 842 ὲλυμήνατο;
3007 769 3144 839 υύχὶ
3175 760 3255 819 ἔτι
3290 766 3400 819 νέοι
3447 765 3602 827 ὄντες
3633 765 3724 816 καὶ

2022 864 2133 917 νέοι
2160 862 2387 934 κομιδῆ,
2418 864 2478 915 ἐν
2516 860 2706 930 ήλικίᾳ
2731 859 2898 930 ἀώρῳ
2927 859 3026 927 τὴν
3060 857 3306 928 χαλεπὴν
3338 857 3556 926 ἐκείνην
3592 855 3707 907 ὐπέι

2023 970 2218 1023 μειναν
2242 951 2514 1022 τιμωρίαν
2539 951 2634 1004 καὶ
2666 948 3068 1020 αἰχμαλωσίαν,
3099 947 3191 1000 καὶ
3214 947 3312 1017 τὴν
3342 944 3565 1017 μακράν
3588 946 3722 997 ἁπε-

2017 1046 2271 1117 δὴμησαν
2306 1043 2644 1113 ἀποδημίαν,
2676 1043 2770 1096 καὶ
2802 1041 3063 1112 πατρίδος
3100 1042 3194 1093 καὶ
3231 1041 3432 1106 οἰκίας,
3463 1040 3559 1092 καὶ
3589 1036 3710 1092 ναοῖ

2020 1137 2115 1188 καὶ
2143 1132 2328 1205 βωμοῦ
2360 1134 2455 1186 καὶ
2481 1132 2706 1194 θυσιῶν,
2745 1130 2899 1204 [461]
2939 1131 3034 1183 καὶ
3065 1130 3396 1202 προσφορῶν
3433 1129 3525 1183 καὶ
3559 1145 3692 1181 σπον

2018 1223 2147 1286 δῶν,
2199 1225 2295 1278 καὶ
2333 1222 2500 1277 αὐτοῦ
2537 1222 2594 1276 δὲ
2627 1220 2720 1274 τοῦ
2760 1221 3009 1291 ψάλλειν,
3040 1221 3120 1283 εἰς
3164 1221 3263 1290 τὴν
3309 1219 3600 1289 ἀλλοτρίαν
3635 1217 3721 1268 ἐλ-

2019 1311 2206 1375 θόντες
2232 1312 2358 1382 γῆν,
2397 1310 2808 1382 ἐχωρίσθησαν;
2856 1311 2931 1364 Οὐ
2961 1310 3071 1381 γάρ
3100 1311 3134 1379 ή
3166 1310 3316 1363 οἰκία
3348 1309 3533 1371 αὐτοῖς
3559 1308 3724 1378 μόνον

2017 1401 2220 1464 ἄϐατος
2243 1395 2333 1471 ἦν,
2367 1400 2503 1454 ἀλλά
2545 1401 2637 1453 καὶ
2669 1399 2839 1454 πολλὰ
2860 1399 2960 1470 τῆς
2994 1398 3248 1469 λατρείας
3301 1396 3552 1450 ἐντεῦθεν
3581 1397 3720 1464 εἴδη.

2017 1489 2156 1558 Οὐχὶ
2193 1487 2563 1560 βαρϐαρικαῖς
2595 1487 2917 1558 ἐξεδόθησαν
2946 1488 3125 1558 χερσὶ,
3163 1487 3259 1539 καὶ
3297 1485 3485 1548 λύκοις
3521 1483 3723 1555 μᾶλλον

2017 1578 2050 1648 ῆ
2087 1576 2421 1650 ἀνθρώποις,
2454 1577 2570 1640 καὶ,
2602 1578 2664 1630 το
2686 1577 2751 1647 δὴ
2780 1576 3188 1647 χαλεπώτατον,
3223 1575 3304 1637 εἰς
3335 1575 3555 1645 μακράν
3578 1572 3724 1625 οὕτω

2016 1665 2283 1737 κειμένην
2316 1666 2409 1718 καὶ
2446 1665 2724 1737 βάρϐαρον
2767 1665 3186 1728 ἀποικισθέντες
3224 1665 3351 1734 γῆν,
3386 1664 3481 1717 καὶ
3513 1664 3723 1732 αἰχμακ

2016 1755 2220 1809 λωσίαν
2271 1755 2669 1826 χαλεπωτάτην
2704 1763 2754 1817 b,
2797 1756 2857 1808 οὐ
2906 1753 3231 1808 διδάσκαλον
3273 1751 3442 1824 εἶχον,
3487 1752 3549 1806 οὐ
3592 1767 3724 1823 προ-

2016 1845 2217 1915 φήτην,
2255 1845 2356 1898 οὐκ
2413 1845 2690 1916 ἀρχοντα;
2742 1847 2826 1900 Οὐ
2873 1845 2984 1914 γάρ
3042 1844 3196 1908 ἐστι,
3250 1843 3439 1913 φησὶν,
3495 1840 3723 1910 ἄρχων,

2014 1932 2158 1988 οὐδὲ
2193 1932 2531 2003 προφήτης,
2557 1934 2656 1987 καὶ
2683 1933 3042 2003 ἡγούμενος,
3074 1932 3219 1987 οὐδὲ
3241 1937 3429 2008 τόπος
3451 1930 3558 1986 τοῦ
3590 1948 3725 1998 acap-

2014 2021 2215 2077 πῶσαι
2248 2020 2508 2076 ἐνώπιόν
2541 2038 2682 2086 σου,
2729 2023 2825 2076 καὶ
2861 2021 3065 2089 εὑρεῖν
3096 2023 3292 2088 ἕλεος.
3330 2019 3496 2074 ’Λλλά
3517 2021 3614 2074 καὶ
3641 2021 3721 2084 εἰς

2014 2110 2304 2182 βασιλικὴν
2345 2111 2544 2174 οἰκίαν,
2589 2110 2666 2174 ὼς
2700 2111 2779 2174 εἰς
2820 2110 3084 2164 σκόπελόν
3132 2127 3253 2163 τινα
3305 2109 3402 2164 καὶ
3451 2109 3720 2181 κρημνὸν,

2014 2201 2109 2254 καὶ
2152 2199 2394 2269 πέλαγος
2438 2199 2662 2270 ὐφάλων
2698 2200 2874 2272 γέμον
2913 2199 3008 2254 καὶ
3050 2199 3348 2263 σπιλάδων,
3379 2197 3554 2261 οὕτως
3605 2199 3721 2251 είσ-

2013 2287 2283 2360 ήχθησαν,
2316 2289 2490 2360 χωρὶς
2519 2289 2888 2360 κυϐερνήτου,
2916 2288 3012 2342 καὶ
3034 2289 3333 2360 πρωρέως,·
3361 2289 3455 2341 καὶ
3485 2287 3718 2352 ναυτῶν,

2014 2377 2106 2430 καί
2139 2377 2347 2439 ἱστίων,
2384 2375 2826 2448 ἀναγκαζόμενοι
2854 2377 2951 2448 τὴν
2986 2375 3233 2446 χαλεπὴν
3269 2375 3492 2445 ἐκείνην
3525 2374 3725 2429 θάλατ-

2009 2482 2110 2520 ταν
2148 2465 2302 2519 πλεῖν
2323 2482 2337 2495 ο
2369 2467 2466 2520 καὶ
2500 2465 2752 2538 καθάπερ
2782 2469 2839 2519 ἐν
2867 2466 3230 2538 δεσμωτηρίῳ
3257 2467 3376 2530 ταῖς
3413 2464 3725 2539 βασιλικαῖς

2011 2555 2203 2618 αὐλαῖς
2226 2555 2486 2625 ἐναπειλη
2498 2557 2714 2626 μμένοι.
2762 2554 2986 2625 Ἐπειδὴ
3017 2555 3126 2625 γάρ
3152 2554 3468 2624 φιλοσοφεῖν
3495 2553 3719 2624 ᾔδεσαν,

2011 2645 2105 2698 καὶ
2149 2646 2256 2698 τῶν
2293 2644 2564 2715 βιωτικῶν
2598 2640 2741 2716 ἦσαν
2791 2642 3056 2715 ἀνώτεροι
3099 2643 3467 2713 πραγμάτων.
3503 2642 3598 2695 καὶ
3629 2642 3724 2694 τὸν

2011 2732 2182 2804 τῦφον
2212 2733 2431 2789 ἀπαντα
2479 2734 2873 2804 κατεπάτησαν
2901 2732 2992 2786 τὸν
3037 2731 3403 2802 ἀνθρώπινον,
3453 2731 3547 2785 καί
3589 2731 3718 2785 κοῦ-

2012 2841 2114 2893 φον
2148 2825 2334 2889 αὐτοῖς
2358 2824 2420 2877 τὸ
2444 2824 2642 2894 πτερὸν
2674 2823 3022 2892 εἰργάσαντο,
3049 2823 3375 2894 προσθήκην
3409 2823 3595 2876 κακῶν
3630 2817 3723 2874 καὶ

2009 2911 2110 2984 τὴν
2143 2911 2335 2965 αὐτόθι
2365 2911 2651 2983 διατριϐὴν
2680 2911 2934 2981 ἐνόμιζον
2970 2905 3130 2964 εἶναι.
3170 2911 3318 2976 "Eia:
3354 2911 3452 2981 μὲν
3494 2909 3607 2981 γάρ
3633 2911 3727 2963 δν·-

2010 3017 2123 3065 τες,
2160 3002 2254 3054 καὶ
2285 3004 2342 3054 ὲν
2380 3001 2623 3072 ἰδιωτικῇ
2667 2999 2835 3070 οίκία,
2875 2999 3122 3062 πλείονος
3157 2999 3386 3070 ἔμελλον
3415 2999 3724 3054 ἀπολαύσει

2015 3089 2141 3144 σθαι
2180 3091 2284 3162 τῆς
2317 3089 2597 3156 ἐξουσίας·
2632 3091 2716 3152 εἰς
2755 3089 2813 3142 δὲ
2850 3089 2912 3142 τὸ
2950 3090 3334 3162 δεσμωτήριον
3371 3090 3722 3159 εἰσαχθέντες

2011 3180 2192 3232 ἐκεῖνο
2221 3178 2624 3250 (δεσμωτηρίου
2677 3177 2788 3249 γάρ
2818 3177 2918 3250 τὴν
2965 3179 3274 3245 φαντασίαν
3309 3179 3531 3233 ἃπασαν
3570 3178 3721 3232 ἐκεί-

2012 3285 2132 3338 νην,
2181 3267 2276 3321 καὶ
2323 3267 2610 3338 κρημνῶν,
2643 3267 2738 3334 καὶ
2788 3265 3072 3319 σκοπέλων
3095 3266 3250 3320 οὐδὲν
3301 3267 3527 3337 ἄμεινον
3580 3262 3722 3321 εἶναι

2012 3356 2313 3427 ἐνόμιζον),
2350 3355 2555 3418 εὐθέως
2575 3354 2867 3408 δυσκολίαν
2895 3355 3200 3425 ὑπέμειναν
3225 3354 3494 3426 χαλεπήν.
3535 3357 3595 3409 ὐ
3622 3356 3719 3426 μὲν

2013 3445 2122 3513 γὰρ
2156 3443 2414 3515 βασιλεὺς
2445 3443 2701 3497 ἐκέλευσε
2746 3444 3042 3507 κοινωνοὺς
3072 3444 3273 3508 αὐτοὺς
3300 3442 3404 3514 τῆς
3436 3444 3722 3517 τραπέζης

2012 3543 2154 3600 εἶναι
2179 3547 2281 3617 τῆς
2307 3545 2526 3611 ἑαυτοῦ,
2560 3545 2661 3616 τῆς
2686 3546 3049 3618 συϐαριτικῆς
3081 3547 3322 3618 ἐκείνης,
3349 3547 3445 3601 καί
3471 3548 3720 3618 ἀκαθάρ-

2010 3650 2107 3688 του
2144 3633 2241 3686 καὶ
2272 3633 2524 3704 βεϐήλου.
2563 3633 2751 3698 αὐτοῖς
2779 3633 2838 3686 δὲ
2868 3634 3252 3706 ἀπηγορεύετο
3281 3634 3462 3700 τοῦτο,
3492 3637 3585 3688 καὶ
3629 3635 3722 3689 θα-

2013 3725 2178 3777 νάτου
2229 3722 2617 3794 χαλεπώτερον
2660 3718 2805 3777 εἶναι
2857 3723 3071 3777 ἐδόκει·
3112 3724 3209 3777 καὶ
3258 3725 3410 3795 μόνοι
3467 3725 3722 3795 καθάπερ

2009 3812 2174 3882 ἀρνία
2205 3811 2389 3865 λύκων
2422 3809 2631 3882 μεταξύ
2665 3811 2940 3866 τοσούτων
2967 3807 3108 3883 ἦσαν
3139 3812 3571 3884 ἀπειλημμένοι.
3611 3815 3724 3868 Καὶ

2011 3900 2230 3969 ἀνάγκη
2258 3894 2349 3971 ἧν,
2378 3899 2413 3971 ἢ
2441 3899 2588 3971 λιμῷ
2614 3900 2904 3970 τήκεσθαι,
2935 3902 3137 3972 μᾶλλον
3161 3900 3220 3955 δὲ
3253 3903 3349 3956 καὶ
3376 3902 3476 3971 τὴν
3505 3903 3596 3955 ἐπὶ
3628 3903 3723 3957 θά-

2011 4007 2171 4044 νατον
2208 3988 2528 4061 ἀγεσθαι,ἦ
2574 3989 2685 4044 τῶν
2738 3989 3141 4061 κεκωλυμένων
3191 3989 3565 4060 ἀπογεύεσθαι
3610 3992 3724 4045 ἐδε-

2015 4081 2260 4151 σμάτων.
2295 4080 2361 4134 Τί
2384 4075 2478 4134 οὖν
2502 4079 2754 4135 ποιοῦσιν
2776 4079 2825 4132 οἱ
2847 4078 2980 4142 νέοι,
3008 4081 3053 4132 οἱ
3080 4081 3137 4132 ἐν
3157 4079 3414 4152 ὀρφανίᾳ,
3439 4084 3488 4134 οἱ
3518 4083 3724 4151 αἰχμά-ο

2010 4170 2205 4232 λωτοι,
2263 4171 2311 4222 οἱ
2364 4168 2540 4234 ξένοι,
2604 4170 2655 4222 οί
2717 4167 2895 4221 δοῦλοι
2966 4167 3076 4220 τῶν
3126 4167 3298 4240 ταῦτα
3349 4171 3721 4236 κελευόντων;

2012 4261 2128 4313 Οὐκ
2157 4258 2422 4329 ἐνόμισαν
2454 4258 2647 4329 ἀρκεῖν
2674 4257 2859 4320 αὐτοῖς
2888 4257 2969 4320 εἰς
3001 4256 3302 4326 ἀπολογίαν
3321 4257 3420 4329 τὴν
3446 4260 3719 4330 ἀνάγκην,

2011 4347 2133 4402 οὐδὲ
2171 4346 2271 4418 τὴν
2307 4345 2597 4418 τυραννίδα
2637 4344 2732 4399 τοῦ
2766 4343 2865 4415 τὴν
2895 4345 3052 4399 πόλιν
3092 4345 3339 4416 ἔχοντος’
3373 4346 3510 4401 ἀλλά
3542 4350 3723 4402 πάντα

2015 4435 2393 4508 μηχανῶνται,
2435 4436 2530 4488 καὶ
2572 4431 3087 4506 πραγματεύονται,
3119 4433 3263 4487 ὥστε
3298 4433 3396 4503 τὴν
3447 4437 3725 4506 ἁμαρτίαν

2013 4526 2231 4593 φυγεῖν,
2263 4523 2444 4577 καίτοι
2475 4522 2817 4593 πανταχόθεν
2845 4522 3254 4594 προδεδομένοι.
3282 4523 3422 4577 Οὔτε
3449 4525 3560 4595 γάρ
3586 4529 3724 4596 χρή-

2017 4630 2148 4682 μασι
2205 4612 2414 4665 πείθειν
2469 4611 2768 4680 ἡδύναντο’
2832 4610 2950 4674 πῶς
2999 4611 3109 4682 γάρ
3151 4614 3200 4664 οἱ
3253 4614 3624 4683 αἰχμάλωτοι;
3660 4617 3722 4669 οὐ

2014 4702 2167 4772 φιλία
2214 4703 2307 4754 καὶ
2351 4701 2645 4772 συνουσία·
2693 4699 2812 4764 πῶς
2847 4700 2958 4770 γὰρ
2996 4703 3045 4753 οἱ
3096 4698 3270 4766 ξένοι;
3318 4702 3379 4754 οὐ
3427 4703 3722 4777 δυναστεία

2012 4799 2404 4870 περιγενέσθαι
2425 4814 2440 4827 °
2474 4800 2594 4862 πῶς
2621 4799 2733 4870 γὰρ
2762 4801 2811 4852 οἱ
2840 4798 3051 4865 δοῦλοι;
3083 4801 3144 4853 οὐ
3177 4799 3377 4870 πλήθει
3404 4803 3681 4875 κρατῆσαι
3704 4823 3717 4837 ο

2013 4897 2131 4960 πῶς
2166 4897 2277 4967 γὰρ
2317 4898 2364 4949 οἱ
2396 4898 2544 4966 τρεῖς
2580 4897 2767 4965 μόνοις
2804 4896 3207 4968 Προσελθόντες
3241 4900 3424 4955 τοίνυν
3470 4902 3718 4957 πείθουσι

2011 4995 2104 5048 τὸν
2134 4995 2391 5064 εὐνοῦχον
2419 4996 2628 5047 ἐκεῖνον
2655 4993 2859 5064 λόγοις,
2883 4995 2977 5048 τὸν
3006 4995 3217 5069 ταύτην
3240 4997 3436 5068 ἔχοντα
3458 4999 3556 5072 τὴν
3578 5000 3721 5066 ἐξου-

2016 5092 2157 5145 σίαν,
2206 5090 2428 5160 Ἐπειδὴ
2472 5090 2580 5162 γάρ
2621 5085 2784 5163 εὗρον
2815 5092 2981 5146 αὐτὸν
3012 5093 3240 5166 περιδεῆ
3291 5097 3391 5161 καὶ,
3419 5097 3717 5168 τρέμοντα,

2013 5189 2111 5241 καὶ
2143 5189 2272 5259 περὶ
2315 5187 2418 5256 τῆς
2463 5188 2673 5253 οἰκείας
2706 5190 2984 5262 σωτηρίας
3033 5191 3379 5260 ἀγωνιῶντα,
3429 5195 3522 5248 καὶ
3555 5196 3721 5264 φόϐος

2013 5286 2288 5355 ἀφόρητος
2337 5278 2405 5354 ἦν
2429 5286 2458 5338 ὁ
2502 5285 2630 5356 περί
2665 5285 2763 5339 τοῦ
2801 5285 3035 5349 θανάτου
3072 5289 3382 5342 κατασείων
3421 5291 3588 5344 αὐτοῦ
3622 5293 3718 5361 τὴν

2010 5383 2219 5452 ψυχήν·
2252 5381 2553 5453 Φοϐοῦμαι
2577 5383 2689 5453 γάρ
2714 5383 2849 5453 ἐγὼ,
2880 5386 3036 5454 φησί,
3068 5385 3177 5440 τὸν
3207 5387 3418 5455 κύριόν
3442 5407 3563 5457 μοι.»
3612 5394 3668 5444 π’
3688 5412 3718 5441 ι·

2013 5477 2298 5541 βασιλέα,
2324 5476 2577 5545 μήποτε
2610 5475 2708 5546 ἴδῃ
2736 5479 2808 5533 τὰ
2849 5483 3148 5548 πρόσωπα
3188 5481 3360 5552 ὑμῶν
3389 5488 3717 5552 σκυθδίῖιοιξῖτὶ

2013 5577 2164 5642 ὑπὲρ
2195 5577 2263 5628 τὰ
2294 5575 2575 5642 παιδάρια
2602 5575 2673 5627 τὰ
2714 5577 3025 5641 συνήλικα
3054 5579 3244 5648 ὑμῶν,
3269 5580 3369 5632 καὶ
3399 5582 3719 5634 καταδικά-

2013 5687 2163 5739 can?
2202 5672 2315 5737 τὴν
2365 5671 2646 5741 κεφαλήν
2691 5692 2813 5742 μου
2862 5675 2940 5739 τῷ
2985 5676 3270 5739 ,βασιλεῖ’
3305 5679 3721 5744 ἀπαλλάξαντῑς

2012 5776 2175 5828 αὑτὸν
2205 5773 2397 5826 τούτου
2438 5774 2533 5827 τοῦ
2568 5775 2722 5840 δέους
2752 5778 3001 5830 πείθουσι
3032 5777 3218 5834 δουναι
3261 5781 3360 5852 τὴν
3398 5783 3576 5852 χάριν.
3615 5785 3722 5836 Καὶ

2083 5939 2106 5978 δ
2133 5939 2228 5988 Alii
2253 5943 2336 5989 xui
2356 5943 2695 6004 αἰχμαλωσίας
2716 5943 2848 6005 νόμῳ
2871 5945 3199 6007 χαλεπωτάτῳ
