4050 6424
215 377 317 435 s77

208 509 371 548 «inme
399 487 635 548 ofﬁcium
657 504 811 545 suum
841 487 1114 548 fecissent,
1150 484 1289 539 Deus
1313 495 1527 553 quoque
1553 479 1812 549 deinceps

209 586 335 642 fecit
355 600 532 640 suum.
560 583 749 655 Neque
793 581 938 638 enim
967 577 1135 634 solius
1184 576 1279 630 Dei
1324 583 1443 631 erat
1491 572 1812 643 przeclarum

209 675 342 732 illud
387 674 593 732 facinus
637 675 691 729 in
749 671 853 737 iis,
899 684 1127 741 quorum
1171 667 1342 736 gratia
1397 661 1703 720 mercedem
1734 661 1812 716 illi

207 776 366 822 erant
395 765 687 837 accepturi,
718 764 812 818 sed
839 760 1158 832 principium
1180 767 1231 812 et
1260 754 1481 812 exordia
1505 753 1814 825 proﬁcisce-

210 857 408 912 bantur
441 857 511 913 ab
562 855 776 912 illorum
821 852 1038 917 animo,
1087 864 1248 921 quem
1291 861 1413 902 cum
1443 845 1817 916 prmstitisnent

205 965 531 1020 generosum
557 963 622 1005 ac
650 946 870 1012 fortem,
901 944 996 1000 Dei
1023 942 1261 999 favorem
1291 941 1392 996 sibi
1421 939 1775 995 conciliarunt
1796 978 1809 1002 ,

206 1052 264 1097 et
291 1041 359 1096 ad
380 1041 544 1097 ﬁnem
572 1039 716 1111 quod
743 1038 1105 1094 moliebantur
1139 1033 1526 1106 perduxerunt.

285 1132 374 1189 16.
403 1131 587 1200 Vides,
605 1131 696 1202 qui
727 1130 1090 1201 seipsnmnon
1108 1126 1274 1191 laedit,
1292 1125 1341 1179 ei
1359 1124 1629 1179 neminem
1647 1121 1813 1178 alium

209 1237 374 1295 posse
404 1222 639 1279 nocere?
667 1221 811 1277 Ecce
854 1221 996 1274 enim
1049 1233 1149 1274 nec
1191 1217 1468 1288 juventus,
1509 1228 1682 1285 neque
1727 1228 1816 1268 ca-

209 1315 452 1385 ptivitas,
477 1331 653 1385 neque
683 1313 908 1378 orbitas,
951 1325 1124 1381 neque
1154 1309 1407 1365 obductio
1438 1308 1491 1362 in
1536 1305 1813 1377 regionem

206 1409 467 1476 alienam,
498 1422 601 1464 nec
647 1405 882 1463 solitudo
912 1415 968 1461 et
1015 1404 1293 1460 destitutio
1344 1416 1532 1457 eorum
1559 1441 1574 1467 ,
1625 1399 1718 1471 qui
1747 1397 1816 1452 ab

211 1500 348 1571 ipsis
401 1508 641 1568 starent,
679 1514 780 1554 nec
829 1497 1145 1567 mandatum
1201 1509 1402 1565 grave,
1446 1507 1547 1550 nec
1589 1505 1816 1563 magnus

209 1594 405 1650 mortis
434 1595 594 1650 timor
616 1635 634 1662 ,
679 1593 772 1664 qui
807 1591 1038 1649 eunuchi
1067 1580 1313 1661 eingebat
1356 1588 1595 1642 animum
1625 1587 1665 1653 ¹,
1715 1600 1817 1640 nec

211 1693 521 1757 paupertas,
562 1700 664 1742 nec
688 1684 951 1756 paucitas,
996 1697 1103 1738 non
1128 1679 1355 1752 quodin
1409 1678 1587 1734 medio
1619 1676 1815 1732 barba-

207 1793 398 1832 rorum
423 1784 631 1845 essent,
661 1791 767 1832 non
810 1775 953 1848 quod
1003 1773 1188 1830 hostes
1216 1771 1476 1828 haberent
1515 1769 1765 1824 dominos
1795 1810 1808 1830 ,

207 1885 319 1924 non
342 1869 486 1941 quod
515 1870 568 1924 in
599 1868 766 1940 ipsius
793 1869 933 1939 regis
957 1881 1151 1922 manus
1190 1874 1374 1922 essent
1402 1863 1605 1927 traditi,
1638 1877 1814 1932 neque

203 1973 558 2033 cognatorum
585 1963 827 2019 omnium
862 1961 1154 2032 separatio,
1191 1973 1366 2029 neque
1392 1957 1730 2013 sacerdotum
1762 1967 1817 2013 et

206 2057 627 2126 prophetarum,
655 2063 711 2110 et
737 2053 991 2127 aliorum,
1022 2051 1114 2124 qui
1145 2066 1335 2108 curam
1376 2051 1619 2120 ipsorum
1652 2063 1813 2121 gere-

204 2148 338 2204 bant
361 2189 379 2215 ,
406 2147 681 2212 alienatio,
731 2163 833 2204 nec
869 2146 1185 2202 libationum
1208 2154 1264 2201 et
1288 2145 1675 2199 sacriﬁciorum
1696 2158 1816 2199 ces-

203 2243 366 2306 satio,
401 2257 577 2314 neque
602 2243 785 2314 templi
835 2249 889 2298 et
938 2242 1267 2313 psalmorum
1297 2233 1610 2309 ademptio',
1639 2255 1816 2309 neque

202 2335 502 2407 quidquam
521 2335 712 2391 horum
739 2336 819 2391 eis
848 2335 1060 2400 nocuit;
1089 2334 1185 2389 sed
1215 2343 1324 2388 tum
1348 2333 1400 2386 in
1429 2332 1617 2401 majori
1644 2331 1813 2402 gloria

203 2431 632 2500 tuerunt,quam
657 2443 779 2485 cum
810 2427 875 2482 iis
919 2428 1082 2484 rebus
1110 2412 1182 2481 'in
1227 2425 1396 2496 patria
1426 2439 1523 2479 sua
1569 2425 1814 2480 frueren-

204 2534 312 2581 tur.
347 2523 462 2581 Hoc
516 2524 692 2595 primo
717 2522 1016 2580 certamine
1063 2521 1302 2588 perfecto
1327 2563 1342 2588 ,
1376 2519 1570 2590 insigni
1614 2533 1813 2575 corona

204 2618 444 2676 redimiti
468 2661 484 2687 ,
538 2617 657 2689 lege
687 2617 742 2673 in
791 2617 968 2672 aliena
1005 2630 1220 2686 quoque
1265 2615 1490 2685 regione
1546 2621 1761 2669 servata
1794 2654 1810 2680 ,
1847 2613 1853 2617 ’

203 2711 524 2766 conculcato
568 2708 781 2782 tyranni
826 2708 1100 2770 mandato.
1132 2706 1277 2762 victo
1301 2704 1812 2771 daemonisterrore,

204 2817 389 2872 neque
419 2801 528 2858 ullo
564 2801 672 2856 ulla
721 2815 787 2856 ex
817 2808 969 2871 parte
1005 2798 1205 2854 damno
1249 2797 1448 2864 allecti,
1477 2797 1629 2868 quasi
1671 2795 1814 2850 domi

203 2891 482 2960 sederent,
512 2901 562 2948 et
589 2893 842 2949 omnibus
870 2891 975 2947 illis
1005 2891 1337 2956 fruerentur,
1369 2904 1536 2960 opere
1563 2889 1634 2943 ita
1682 2886 1816 2944 libe-

204 3001 265 3041 re
294 2985 558 3057 perfecto,
587 2986 654 3040 ad
682 2985 823 3041 alios
851 2999 1039 3040 rursus
1075 2998 1278 3056 agones
1323 2993 1449 3038 sunt
1479 2981 1677 3037 vocati.
1711 2978 1816 3036 lte-

204 3091 326 3132 rum
352 3087 508 3132 erant
529 3074 724 3142 iidem;
749 3084 803 3133 et
827 3083 1102 3132 certamen
1137 3074 1316 3145 priore
1359 3073 1634 3129 difﬁcilius
1684 3073 1816 3145 ipsis

206 3169 630 3240 proponebatur,
661 3171 904 3227 caminus
935 3168 1347 3234 incendebatur,
1371 3168 1685 3225 barbaricus
1713 3168 1812 3224 ad-

207 3275 430 3319 versum
456 3275 551 3317 eos
574 3262 845 3317 exercitus
878 3276 1003 3317 cum
1032 3273 1159 3331 rege
1188 3260 1557 3316 instruebatur
1584 3259 1732 3316 velut
1757 3259 1810 3314 in

204 3354 359 3409 acie:
391 3360 503 3409 tota
553 3351 770 3408 Persica
826 3351 1063 3422 potentia
1100 3351 1444 3415 incitabatur,
1505 3351 1686 3405 omnia
1746 3349 1815 3404 ad

204 3444 453 3501 fraudem
500 3458 566 3501 ac
619 3443 726 3499 vim
771 3444 903 3514 ipsis
953 3442 1287 3499 all‘ercndam
1319 3445 1812 3513 comparabantur;

202 3538 420 3593 diversa
448 3535 757 3592 cantionum
805 3551 1026 3607 genera,
1068 3535 1232 3590 varia:
1276 3535 1664 3606 suppliciorum
1705 3539 1817 3593 for-

205 3650 331 3698 nnc,
355 3633 537 3702 minae,
561 3641 813 3704 aspectus
837 3632 985 3687 omni
1007 3647 1073 3687 ex
1101 3644 1254 3702 parte
1279 3631 1557 3700 terribilis,
1580 3641 1635 3688 et
1655 3632 1814 3688 verba

204 3735 432 3796 aspectu
460 3723 781 3780 terribiliora
816 3742 829 3777 :
863 3725 961 3780 sed
999 3731 1179 3778 tamen
1209 3724 1465 3795 quoniam
1493 3725 1818 3795 semetipsos

206 3835 314 3873 non
371 3815 747 3889 prodiderunt,
794 3817 890 3873 sed
937 3833 1154 3874 omnem
1191 3832 1343 3871 suam
1384 3833 1606 3888 operam
1635 3832 1820 3876 contu-

206 3913 408 3978 lerunt,
432 3910 567 3967 nihil
594 3926 846 3981 umquam
886 3910 1070 3966 damni
1092 3920 1421 3981 acceperunt
1455 3930 1468 3966 :
1499 3913 1626 3983 quin
1653 3913 1816 3968 etiam

201 4004 464 4071 coronis,
494 4017 654 4075 quam
681 4004 888 4074 priores
913 4005 1146 4068 fuerant,
1179 4002 1560 4060 illustrioribus
1582 4003 1816 4060 redimiti

203 4106 356 4151 sunt.
407 4096 587 4152 Vinxit
611 4097 754 4152 enim
783 4111 877 4152 eos
921 4095 1420 4152 Nabuchodonosor
1443 4136 1458 4162 ,
1490 4103 1544 4151 et
1572 4095 1624 4151 in
1653 4097 1814 4152 cami-

206 4205 339 4244 num
385 4190 640 4260 conjecit,
671 4205 778 4245 neu
811 4199 986 4244 tamen
1018 4189 1238 4253 damno,
1267 4189 1397 4259 quin
1430 4189 1607 4258 potius
1652 4191 1816 4246 etiam

203 4279 496 4336 commodo
518 4279 720 4346 aliecit,
744 4290 800 4337 et
822 4282 1145 4336 illustriores
1165 4280 1418 4336 reddidit.
1449 4279 1692 4352 Cumque
1718 4298 1818 4339 nec

207 4374 472 4445 templum
501 4374 720 4444 (iterum
741 4376 887 4431 enim
915 4374 1107 4430 eadem
1134 4375 1360 4447 dicam),
1393 4389 1569 4445 neque
1598 4377 1764 4431 altare
1800 4419 1812 4442 ,

205 4484 316 4522 non
351 4466 580 4538 patriam
610 4506 628 4535 ,
664 4483 774 4522 non
804 4467 1117 4523 sacerdotes
1141 4509 1156 4533 ,
1190 4482 1298 4522 non
1332 4466 1625 4538 prophetas
1654 4468 1818 4524 habe-

207 4568 350 4624 rent,
379 4560 432 4615 in
464 4561 641 4617 aliena
669 4570 728 4616 et
754 4561 985 4618 barbara
1016 4562 1259 4632 regione,
1294 4563 1346 4616 in
1378 4547 1559 4618 medio
1584 4564 1814 4630 camini,

206 4655 484 4725 totiusque
514 4654 662 4710 illius
684 4657 976 4721 exercitus,
1010 4671 1137 4725 rege
1165 4658 1359 4709 harum
1395 4671 1574 4710 rerum
1597 4665 1818 4712 auctore

206 4746 886 4816 spectante,splendidum
933 4756 1239 4802 statuerunt
1295 4757 1557 4818 tropreutn
1600 4759 1652 4803 et
1685 4749 1817 4803 insi-

202 4856 369 4912 gnem
395 4849 741 4911 repertarum
771 4840 1070 4904 victoriam,
1115 4839 1418 4896 admirabili
1443 4841 1533 4895 illa
1565 4851 1620 4896 ct
1646 4841 1821 4913 inOpi-

205 4943 330 4991 nata
361 4933 616 4991 cantione
636 4935 941 5002 decantata,
975 4951 1095 5008 qua:
1146 4949 1210 4988 ex
1252 4933 1343 4989 illo
1366 4934 1659 4990 etiamnum
1699 4937 1819 4991 ubi-

204 5041 316 5098 que
344 5024 612 5083 terrarum
635 5037 902 5093 cantatur,
937 5036 990 5083 et
1027 5027 1333 5083 cantabitur
1359 5028 1523 5082 etiam
1553 5028 1604 5082 in
1635 5042 1817 5098 poste-

205 5135 264 5173 ra
295 5119 515 5176 scecula.
547 5119 637 5175 Sic
663 5135 794 5191 ergo
834 5121 880 5175 si
913 5137 1071 5176 nemo
1118 5121 1355 5190 seipsum
1391 5121 1569 5186 laedat,
1620 5123 1688 5178 ab
1717 5123 1820 5179 alio

207 5211 328 5266 laedi
360 5228 469 5266 non
499 5213 697 5282 poterit
722 5231 734 5267 :
761 5229 866 5268 non
894 5214 1037 5268 enim
1066 5215 1290 5270 cessabo
1315 5214 1416 5269 hoc
1447 5214 1651 5271 dictum
1687 5233 1821 5271 eon-

211 5306 449 5362 latenter
475 5304 786 5363 decantare.
818 5307 954 5363 Nam
979 5309 1022 5363 si
1051 5310 1338 5378 captivitas
1364 5351 1379 5375 ,
1413 5311 1662 5374 servitus,
1688 5313 1821 5367 soli-

212 5394 342 5455 tudo
361 5437 378 5464 ,
404 5398 592 5468 patria:
619 5399 860 5464 amissio,
894 5409 951 5455 et
972 5401 1213 5457 omnium
1245 5412 1618 5472 cognatorum,
1653 5421 1818 5468 tnors,

213 5487 542 5554 incendium,
571 5499 751 5544 tantus
779 5492 1072 5558 exercitus,
1108 5502 1370 5564 tyrannus
1403 5505 1507 5549 tam
1536 5495 1770 5551 crudelis
1805 5538 1819 5563 ,

218 5595 327 5638 non
354 5581 642 5638 valuerunt
669 5586 841 5641 tribus
872 5589 1072 5655 pueris,
1099 5588 1408 5658 juvenibus,
1433 5592 1678 5660 captivis,
1711 5611 1819 5647 ser-

213 5673 314 5736 vis,
351 5676 652 5745 percgrinis
679 5719 693 5743 ,
729 5679 782 5731 in
814 5679 988 5734 aliena
1035 5682 1254 5750 regione
1295 5686 1637 5739 versantibus
1663 5688 1820 5754 quid-

213 5780 374 5837 quam
397 5781 592 5824 nocere
618 5771 793 5839 quoad
816 5784 968 5827 suam
996 5772 1269 5837 virtutem,
1304 5775 1397 5833 scd
1421 5777 1641 5847 majoris
1663 5780 1819 5835 etiam

280 5875 296 5908 ¹
342 5874 513 5943 -ὶΙίιτιιι,
538 5877 864 5935 timiditatem.

1223 366 1409 436 QUOD
1447 363 1640 421 NEMO
1680 360 2008 417 ιιιεῡιτυιι
2053 363 2179 421 \‘ISl
2221 367 2266 422 Α
2306 365 2564 423 SEIPSO.

3428 359 3533 417 {'18

1930 477 2180 549 loquendi
2211 481 2474 537 libertatis
2496 483 2712 537 occasio
2754 483 2966 538 fuerunt
2998 483 3100 539 illa:
3124 485 3335 541 insidite
3361 504 3376 539 ι
3400 487 3531 556 quid

1925 571 2165 626 sobrium
2194 572 2395 628 lasdere
2417 574 2653 644 poterit?
2681 573 2797 630 Non
2823 587 2906 631 est
2947 576 3260 646 quidquam,
3307 578 3410 634 etsi
3454 590 3536 634 to-

1925 670 2035 715 tum
2085 662 2272 718 orbem
2317 665 2689 720 adversarium
2743 665 2989 720 haberet.
3061 669 3133 721 At
3197 669 3338 724 Deus
3391 679 3531 737 tum,

1925 751 2114 822 inquit,
2138 753 2218 809 eis
2239 753 2466 820 adstitit,
2489 770 2693 826 eosque
2707 771 2774 812 ex
2798 755 3013 812 ﬂamma
3044 759 3261 829 eripuit.
3287 759 3528 817 Maxime

1924 841 1975 897 id
2005 845 2259 914 quidem:
2320 854 2377 901 tu
2401 861 2617 918 quoque
2643 848 2688 902 si
2717 849 2919 916 omnia,
2945 865 3064 920 quae
3091 865 3123 906 a
3151 861 3203 907 le
3251 852 3538 924 requirun-

1927 945 2031 1001 tur,
2057 937 2395 1006 praestiteris,
2424 939 2665 994 divinum
2696 941 2954 996 auxilium
2998 953 3259 1014 sequetur
3287 946 3532 1002 omnino.

1997 1031 2085 1084 17.
2117 1014 2497 1088 verumtamen
2526 1048 2628 1104 ego
2658 1050 2856 1104 pueros
2885 1052 2992 1091 non
3019 1051 3086 1092 eo
3105 1037 3291 1104 miror,
3313 1039 3525 1096 beatos-

1923 1136 2028 1192 que
2053 1137 2119 1178 ac
2148 1121 2336 1180 felices
2372 1126 2606 1191 aestimo,
2637 1127 2781 1197 quod
2823 1127 3096 1184 ﬂammam
3123 1132 3531 1198 conculcarunt,

1923 1222 1980 1269 et
2005 1214 2112 1268 vim
2145 1215 2284 1286 ignis
2317 1216 2562 1273 vicerunt
2588 1235 2603 1284 ;
2635 1219 2730 1274 sed
2758 1219 2904 1290 quod
2939 1235 3190 1276 verorum
3220 1222 3536 1294 dogmatum

1922 1319 2084 1361 causa
2113 1308 2297 1375 vincti,
2326 1309 2378 1366 in
2409 1312 2680 1367 caminum
2709 1315 2938 1381 conjecti
2964 1325 3020 1371 et
3047 1314 3155 1386 igni
3182 1318 3361 1375 traditi
3382 1332 3533 1376 sunt.

1926 1397 2023 1455 llic
2049 1401 2193 1456 enim
2219 1401 2302 1458 eis
2333 1411 2504 1459 totum
2530 1410 2792 1475 trepaeu'm
2820 1407 3126 1462 absolutum
3156 1419 3262 1477 est,
3287 1419 3345 1467 ot
3370 1413 3531 1468 simul
3574 1426 3594 1442 '

1923 1494 2159 1563 atquein
2185 1496 2460 1551 caminum
2490 1498 2725 1568 conjecti
2754 1509 2906 1577 sunt,
2939 1500 3189 1570 imposita
3213 1518 3414 1559 corona
3433 1547 3449 1572 ,
3480 1514 3538 1562 et

1921 1585 1992 1640 ab
2019 1585 2127 1641 illis
2148 1587 2327 1643 verbis
2348 1588 2456 1644 texi
2483 1598 2662 1660 empta
2695 1589 2857 1644 etiam
2896 1602 3025 1647 ante
3055 1607 3233 1648 rerum
3257 1609 3530 1662 eventura,

1921 1693 2042 1746 qua:
2066 1693 2256 1749 magna
2309 1695 2432 1736 cum
2485 1681 2681 1738 ﬁducia
2733 1683 3089 1756 libertateque
3142 1688 3395 1758 loquendi
3464 1692 3533 1746 ad

1923 1785 2103 1840 regem
2134 1771 2279 1828 ducti
2313 1773 2365 1827 in
2400 1775 2635 1830 medium
2659 1778 3001 1846 protulerunt
3033 1800 3046 1834 ε
3081 1779 3205 1836 Non
3235 1794 3434 1852 oportet
3465 1786 3530 1839 de

1921 1864 2020 1918 hac
2045 1882 2100 1919 re
2119 1867 2431 1934 respondere
2458 1870 2566 1922 tibi.
2597 1868 2777 1926 Potest
2801 1872 2936 1926 enim
2973 1871 3119 1929 Deus
3145 1884 3315 1930 noster
3340 1878 3428 1947 qui
3463 1889 3538 1932 est

1920 1957 2152 2019 iucwlis,
2183 1975 2334 2028 quem
2357 1976 2450 2014 nos
2464 1960 2703 2027 colimus,
2732 1965 2929 2033 eripere
2953 1981 3046 2019 nos
3075 1982 3143 2021 ea:
3167 1969 3368 2022 camino
3402 1971 3538 2043 ignis

1921 2049 2192 2118 ardentis;
2215 2059 2262 2106 et
2297 2052 2362 2107 de
2389 2054 2488 2107 tuis
2526 2053 2782 2122 manibus,
2813 2071 2844 2110 ο
2885 2071 2999 2124 rex,
3024 2055 3258 2112 liberabit
3291 2077 3384 2115 nos
3414 2076 3430 2114 :
3458 2063 3538 2116 sin

1921 2140 2114 2208 minus,
2148 2152 2328 2198 notum
2344 2144 2414 2200 sit
2435 2144 2544 2210 tibi,
2573 2161 2682 2211 rex,
2715 2147 2840 2217 quia
2862 2147 2987 2203 deos
3010 2156 3123 2204 tuos
3145 2166 3246 2204 non
3276 2152 3490 2208 colimus
3518 2195 3536 2220 ,

1920 2241 1967 2287 et
1987 2243 2210 2289 statuam
2237 2253 2474 2304 auream,
2498 2253 2653 2308 quam
2677 2239 2905 2308 erexisti,
2931 2257 3036 2295 non
3061 2240 3339 2298 adoramus
3365 2243 3534 2315 (Dan.

1920 2328 1974 2383 5.
2007 2328 2154 2384 16.-1
2168 2329 2246 2399 8).
2277 2328 2396 2385 Jam
2428 2330 2552 2385 inde
2582 2331 2651 2387 ab
2679 2330 2785 2386 illis
2813 2331 2992 2388 verbis
3013 2349 3111 2390 eos
3151 2335 3386 2393 victores
3423 2353 3540 2407 pro-

1920 2420 2286 2490 nuntio;jam
2335 2421 2461 2477 inde
2483 2422 2550 2478 ab
2596 2411 3007 2493 illis/repertam
3034 2426 3274 2481 victoria:
3314 2431 3542 2500 pra'mio

1920 2513 1987 2568 ad
2016 2515 2280 2586 insignem
2307 2518 2552 2588 martyrii
2577 2532 2859 2585 coronam,
2890 2520 3219 2576 con.essioni
3250 2523 3539 2579 verborum

1922 2605 2106 2661 addita
2133 2609 2479 2664 conl'eSsione
2515 2625 2720 2676 rerum,
2745 2623 3120 2668 cucurrerunt.
3164 2612 3260 2670 Sin
3293 2615 3432 2687 ignis
3453 2632 3540 2672 re-

1921 2700 2125 2756 veritus
2152 2711 2236 2756 est
2265 2701 2507 2758 immissa
2535 2718 2725 2759 eorum
2743 2719 2974 2777 corpora
3005 2717 3057 2762 et
3087 2708 3297 2765 vincula
3335 2711 3538 2779 solvit,

1921 2809 2168 2851 securum
2192 2794 2517 2852 descensum
2550 2799 2779 2868 praebuit
2798 2841 2812 2864 ,
2837 2817 2951 2856 sua:
2979 2803 3191 2858 virtutis
3217 2804 3414 2861 oblitus
3443 2848 3458 2871 ,
3485 2817 3540 2862 et

1921 2887 2165 2942 caminus
2189 2888 2328 2960 ignis
2356 2888 2528 2945 factus
2550 2898 2637 2946 est
2658 2890 2779 2948 fons
2818 2892 3132 2965 frigidarum
3163 2914 3424 2968 aquarunt
3447 2918 3459 2954 ε
3487 2901 3539 2956 id

1915 2979 2026 3052 jam
2074 2982 2272 3038 divina:
2316 2985 2526 3056 gratim,
2555 2994 2614 3042 et
2641 3001 2893 3056 supernze
2931 2993 3320 3062 stupendarum
3357 3013 3538 3053 rerum

1919 3074 2252 3142 operationis
2297 3077 2615 3131 miraculum
2660 3079 2776 3133 luit.
2825 3079 3005 3149 Quare
3051 3084 3272 3142 athletae
3320 3088 3538 3159 quidem

1919 3166 2074 3236 prius
2104 3167 2266 3222 etiam
2297 3184 2458 3238 quam
2508 3170 2626 3226 hinc
2671 3172 2895 3240 tierent,
2944 3175 3103 3230 simul
3153 3191 3219 3233 ac
3265 3178 3539 3239 ﬂammam

1922 3258 2150 3328 ingrcssi
2198 3270 2346 3327 sunt,
2389 3271 2442 3316 et
2483 3271 2746 3334 trepaeom
2799 3275 3122 3336 statuerunt,
3166 3280 3223 3326 et
3249 3272 3533 3331 victoriam

1922 3358 2290 3419 reportarunt,
2311 3364 2365 3407 et
2395 3369 2597 3409 corona
2628 3357 2888 3422 redimiti,
2933 3368 2988 3414 et
3023 3359 3078 3414 in
3128 3362 3266 3417 caelo
3289 3372 3542 3437 terraque

1921 3440 2267 3511 depraalicati
2296 3457 2456 3512 sunt,
2502 3454 2559 3502 et
2601 3447 2731 3515 nihil
2770 3448 2850 3504 eis
2875 3449 2942 3505 ad
2986 3451 3216 3522 gloriam
3248 3468 3366 3512 erat
3416 3460 3543 3514 reli-

1920 3549 2109 3604 quum.
2133 3535 2269 3604 Quid
2287 3553 2418 3608 ergo
2439 3539 2621 3595 dicere
2643 3542 2886 3611 poteris?
2914 3543 3246 3604 lii-exsilium
3272 3551 3541 3623 relegatus

1922 3640 2002 3693 es,
2033 3637 2088 3682 et
2119 3629 2289 3698 patria
2317 3630 2568 3700 ejectus?
2611 3633 2749 3690 Ecce
2794 3640 2958 3693 etiam
3007 3640 3116 3696 isti.
3151 3643 3536 3714 Captivitatem

1923 3719 2227 3775 sustinuisti
2256 3731 2313 3776 et
2360 3723 2462 3778 sub
2493 3724 2738 3782 barbaris
2763 3727 3001 3787 dominis
3035 3733 3051 3764 ⁸
3095 3731 3278 3791 fuisti?
3325 3744 3394 3794 At
3441 3741 3544 3796 hoc

1922 3827 2139 3884 quoque
2185 3813 2306 3870 istis
2338 3817 2635 3889 contigisse
2681 3822 2944 3891 reperies.
2987 3826 3056 3879 At
3107 3842 3213 3883 non
3249 3827 3418 3886 habes
3469 3833 3559 3888 ibi-

1922 3910 2012 3977 qui
2063 3907 2158 3964 tibi
2201 3908 2368 3978 adsit,
2400 3904 2736 3983 rcsquetuas
2768 3915 3115 3986 moderetur,
3150 3937 3329 3992 neque
3358 3925 3448 3995 qui
3489 3937 3544 3984 te

1924 4001 2216 4057 admoneat
2262 4012 2318 4059 et
2370 4003 2601 4060 doceat?
2658 4007 2768 4063 llae
2817 4024 3036 4081 quoque
3072 4011 3161 4068 isti
3211 4030 3341 4069 cura
3387 4029 3544 4075 erant

1927 4093 2178 4150 fraudati.
2212 4098 2282 4152 At
2330 4097 2543 4154 vinctus
2597 4101 2700 4154 es?
2730 4109 2787 4156 at
2824 4102 3139 4161 combustus
3183 4108 3277 4163 es?
3305 4120 3362 4164 at
3394 4128 3544 4167 mor-

1929 4197 2050 4243 tuus
2073 4204 2132 4244 es
2155 4190 2179 4242 ?
2207 4189 2338 4244 nihil
2366 4192 2511 4246 enim
2538 4192 2620 4247 his
2649 4205 2804 4263 potes
2833 4195 3016 4252 dicere
3041 4200 3277 4268 gravius.
3305 4202 3384 4258 'At
3415 4219 3545 4261 ecce

1930 4282 2016 4336 isti
2041 4297 2254 4353 quoque
2285 4299 2380 4354 per
2407 4285 2524 4343 haec
2545 4289 2724 4343 omnia
2752 4291 3122 4360 tetenderunt,
3149 4303 3204 4351 et
3230 4310 3326 4366 per
3354 4315 3545 4353 eorum

1925 4377 2134 4448 singula
2162 4379 2484 4436 illustriores
2504 4384 2852 4450 exstiterunt,
2886 4387 3154 4459 longeque
3182 4392 3463 4457 clariores,
3489 4409 3543 4447 et

1927 4471 2173 4526 caelestes
2203 4486 2418 4528 merces
2441 4485 2730 4531 auxerunt.
2759 4476 2929 4534 ,Ιυάᾶί
2961 4480 3180 4550 quidem
3209 4498 3332 4537 eum
3379 4483 3546 4540 habe-

1928 4571 2049 4616 rent
2081 4562 2362 4633 templum,
2395 4565 2588 4633 altare,
2621 4583 2826 4633 arcam,
2859 4569 3176 4635 Cherubim,
3211 4575 3530 4644 propitiato-

1929 4655 2090 4721 rium,
2122 4654 2302 4711 velum
2325 4699 2338 4721 ,
2373 4657 2639 4713 inﬁnitam
2690 4661 3036 4718 sacerdotum
3094 4666 3495 4724 multitudinem
3527 4713 3540 4734 ,

1926 4749 2130 4803 cultum
2186 4751 2281 4805 Dei
2330 4753 2744 4821 quotidianum,
2796 4756 3062 4813 sacriﬁcia
3105 4773 3227 4815 cum
3284 4763 3550 4818 matutina

1928 4854 2039 4899 tum
2071 4845 2404 4916 vespertina,
2437 4854 2492 4901 et
2521 4849 2870 4906 continenter
2916 4851 3210 4922 prophetas
3252 4855 3504 4912 audirent
3537 4901 3549 4919 .

1927 4939 2100 5004 vivos,
2127 4951 2392 5006 mortuos,
2421 4941 2513 5011 qui
2536 4958 2700 5000 aures
2727 4943 2969 5015 ipsorum
3005 4948 3390 5018 personabant,
3447 4938 3550 5006 mi-

1929 5032 2234 5087 raculorum
2282 5033 2335 5086 in
2416 5032 2685 5107 Egypto,
2742 5036 2794 5090 in
2863 5037 3155 5094 solitudine
3225 5040 3540 5111 editorum,

1929 5127 2171 5181 omnium
2205 5125 2442 5182 aliorum
2473 5130 2793 5188 memoriam
2818 5142 3192 5199 renovarent,
3223 5149 3394 5205 eaque
3437 5153 3552 5190 ma-

1930 5219 2089 5273 nibus
2112 5228 2416 5284 versarent,
2452 5219 2500 5274 in
2534 5222 2779 5289 postibus
2829 5224 3088 5293 inscripta
3122 5224 3407 5296 baberent,
3459 5245 3545 5283 re-

1933 5309 2137 5380 busque
2168 5313 2352 5365 multis
2393 5321 2504 5365 tum
2539 5329 2700 5384 supra
2732 5317 3035 5371 naturalem
3063 5327 3387 5386 potestatem
3416 5338 3547 5376 con-

1931 5403 2104 5469 fectis,
2131 5414 2436 5476 eteteraque
2462 5408 2546 5461 sui
2579 5423 2708 5462 cura
2734 5408 3065 5477 fruerentur,
3085 5427 3191 5467 non
3213 5414 3375 5468 modo
3403 5416 3551 5469 nullo

1933 5497 2323 5562 emolumento,
2353 5515 2539 5553 verum
2585 5501 2748 5554 etiam
2773 5501 2974 5558 damno
3006 5514 3131 5558 sunt
3161 5505 3359 5571 allecti,
3384 5509 3547 5562 simu-

1935 5590 2094 5644 lacris
2129 5591 2177 5644 in
2234 5593 2353 5660 ipso
2395 5594 2597 5662 templo
2635 5595 2817 5659 cultis,
2851 5599 3099 5652 mactatis
3135 5597 3257 5652 ﬁliis
3304 5609 3358 5653 et
3416 5600 3548 5654 lilia-

1934 5687 2035 5741 bus
2084 5686 2183 5741 Sub
2219 5686 2538 5749 albul'iblls,
2572 5699 2624 5743 et
2657 5689 2761 5743 illis
2785 5689 2900 5760 lege
2948 5691 3126 5746 vetitis
3171 5694 3547 5748 exsecranzlis-

1934 5795 2036 5849 que
2064 5778 2232 5834 sacris
2275 5779 2325 5834 in
2380 5782 2529 5836 etnni
2561 5783 2952 5853 prepemodum
2988 5786 3099 5856 agri
3136 5785 3402 5842 l‘ala:stini
3431 5786 3547 5845 loco

2006 5907 2012 5926 ε
2057 5893 2195 5946 ξείγὶι.
2224 5894 2273 5946 in
2301 5901 2458 5945 textu.
2489 5898 2723 5959 (artius.
2753 5900 2799 5948 ia
2819 5911 2994 5961 marg,
3026 5900 3262 5959 deicitur.
