4050 6426
516 389 620 445 ιτς)

510 498 683 566 factis,
710 496 930 567 aliisque
955 497 1274 553 facinoribus
1296 496 1516 552 infinitis
1541 496 1941 552 absurdioribus
1960 510 2084 566 per-

510 590 749 657 petratis.
774 589 841 643 At
867 602 997 644 vero
1019 587 1107 643 i8ti
1132 588 1182 642 in
1216 588 1390 643 media
1441 587 1705 649 barbaria,
1736 587 1786 640 in
1819 597 1959 640 terra
1997 584 2088 638 lio-

509 680 615 733 stili
642 689 695 735 et
736 680 970 745 inimica,
1003 679 1055 733 in
1083 676 1245 733 dumo
1288 679 1559 750 tyrannica
1602 686 1897 741 versantes,
1945 676 2088 729 omni

516 772 603 826 illa
644 785 769 825 cura
799 770 1062 834 destituti,
1093 769 1160 824 ad
1188 770 1506 839 supplicium
1536 768 1769 837 abrepti,
1802 768 1927 831 usti,
1983 781 2089 820 non

512 862 683 915 solum
715 859 837 915 hinc
860 860 971 915 Ιωεὶ
1000 874 1107 915 non
1125 868 1265 924 sunt,
1290 872 1393 913 non
1420 871 1609 928 parum
1635 897 1650 921 ,
1682 870 1788 912 non
1815 856 2039 910 multum
2069 871 2085 920 ;

506 965 690 1004 verum
717 949 885 1021 magis
928 950 1089 1005 etiam
1133 948 1459 1004 claruerunt.
1488 947 1584 1001 His
1626 947 1786 1016 igitur
1814 945 2043 1016 cognitis
2069 987 2086 1011 ,

508 1041 805 1111 horumque
852 1040 1117 1096 similibus
1141 1054 1175 1095 e
1224 1038 1496 1110 Scriptum
1537 1039 1793 1094 divinitus
1828 1039 2087 1113 inspirata

506 1132 746 1188 collectis
767 1131 948 1203 (multa
978 1132 1120 1187 enim
1142 1130 1510 1201 hujuscemodi
1536 1139 1826 1202 suppetunt
1843 1128 2087 1200 exempla

504 1227 559 1280 in
584 1225 810 1281 diversis
830 1225 987 1279 etiam
1020 1225 1262 1295 personis
1291 1224 1434 1296 aliis)
1461 1265 1477 1291 ,
1519 1239 1695 1294 neque
1718 1222 2084 1278 difficultatem

506 1328 798 1387 temporum
821 1326 911 1371 aut
939 1333 1116 1373 rerum
1142 1358 1157 1385 ,
1186 1331 1361 1387 neque
1391 1316 1768 1373 necessitatem
1795 1324 1849 1371 et
1882 1318 1992 1370 vim
2021 1328 2085 1369 ac

450 1418 461 1429 ‘
505 1407 837 1478 tyrannidem
860 1408 1153 1477 potentium
1180 1408 1427 1464 sufficere
1453 1406 1988 1462 nobisexistimemus
2015 1406 2084 1462 ad

504 1499 900 1565 defensionem,
944 1500 1157 1571 quando
1206 1498 1607 1570 deliquerimus.
1654 1497 1807 1565 Quod
1854 1498 2002 1555 enim
2027 1499 2081 1554 in

1229 385 1281 441 8.
1322 384 1601 441 JOANNIS
1639 372 2114 439 CIIRYSOSTOMI
2154 379 2471 435 AftClllEP.
2512 379 3043 437 CUNS’I‘ANTINUP.

3688 381 3798 436 489

2198 494 2445 559 nabo;si
2491 493 2613 563 quis
2654 493 2907 548 damnum
2953 509 3014 547 ac
3049 494 3425 548 detrimentum
3465 491 3721 565 aeciznat,
3763 512 3796 551 ει

2193 582 2371 653 seipse
2398 597 2619 653 prorsus
2641 584 2693 639 id
2715 626 2729 651 ,
2771 600 2876 638 non
2916 584 2984 639 ab
3010 585 3128 637 aliis
3154 584 3397 653 accipere
3421 626 3436 651 ,
3466 583 3569 640 etsi
3594 586 3795 639 infiniti

2191 674 2300 727 sint
2330 671 2421 743 qui
2461 673 2657 728 damna
2686 684 2741 729 et
2783 673 3004 743 injurias
3031 672 3281 728 inferant.
3312 672 3445 728 Nam
3473 674 3519 729 si
3564 674 3793 746 quidem

2193 763 2305 820 lucc
2329 779 2361 819 a
2392 767 2682 835 semetipso
2731 778 2837 819 non
2865 764 3114 835 accipiat,
3148 765 3193 819 si
3224 765 3384 821 totius
3407 774 3563 821 terra:
3591 766 3793 821 rearis-

2189 871 2295 927 que
2342 856 2529 913 incolae
2586 857 2859 913 communi
2902 858 3125 913 consilio
3175 858 3423 925 irruant,
3474 874 3543 914 ne
3592 874 3790 930 parum

2189 946 2405 1015 quidem
2426 946 2621 1004 laedere
2643 959 2896 1020 poterunt
2924 964 3069 1014 eum,
3116 950 3208 1020 qui
3246 950 3299 1005 in
3333 949 3561 1005 Domino
3602 951 3792 1020 vigilat

2189 1052 2253 1093 ac
2278 1039 2489 1094 sobrius
2517 1049 2620 1094 est.
2642 1039 2822 1095 Simus
2847 1056 2997 1111 ergo,
3043 1055 3249 1111 quaeso,
3284 1042 3484 1106 sobrii,
3517 1052 3571 1096 et
3599 1043 3790 1111 vigile-

2189 1143 2312 1183 mus
2331 1143 2565 1200 semper,
2592 1140 2648 1188 et
2686 1132 2879 1189 acerba
2918 1134 3098 1188 omnia
3136 1148 3398 1203 generoso
3423 1135 3604 1188 animo
3642 1135 3789 1189 fera-

2187 1236 2331 1287 mus,
2357 1232 2415 1278 ut
2441 1225 2659 1279 mtemis
2680 1224 2784 1280 illis
2812 1234 2867 1281 et
2894 1226 3287 1281 immortalibus
3307 1226 3459 1281 bonis
3488 1226 3786 1295 potiantur,

2189 1312 2244 1368 in
2274 1312 2492 1371 Christo
2518 1315 2647 1372 Jesu
2678 1317 2906 1373 Domino
2954 1329 3161 1385 nostro,
3204 1320 3287 1374 cui
3333 1318 3501 1389 gloria
3526 1328 3584 1372 et
3613 1319 3787 1387 impc-

2192 1408 2364 1473 rium,
2409 1426 2549 1469 nunc
2605 1423 2659 1467 et
2702 1426 2934 1481 semper,
2998 1422 3055 1468 et
3099 1414 3151 1467 in
3195 1414 3392 1467 smcula
3431 1412 3783 1467 SJECUIOI'IIHI.

2188 1502 2391 1561 Amen.

508 1592 768 1661 principio
793 1591 905 1647 dixi
931 1635 945 1659 ,
974 1592 1026 1647 in
1066 1606 1131 1647 eo
1156 1605 1296 1647 nunc
1322 1604 1536 1660 quoque
1564 1590 1865 1647 orationem
1900 1600 2085 1646 termi-

802 2081 883 2143 lN
927 2082 1219 2143 LIBRUM
1260 2083 1362 2144 AD
1403 2083 1546 2147 EOS
1586 2081 1718 2155 QUI
1757 2082 2294 2153 SCANDALIZATI
2331 2081 2530 2150 SUNT
2573 2083 2671 2143 ΟΒ
2713 2079 3313 2153 ADVEllSlTATES,
3364 2087 3533 2139 trra!

580 2288 843 2346 Ordinem
873 2289 1156 2360 sequimur
1191 2290 1261 2344 ab
1292 2290 1412 2361 ipso
1439 2287 1835 2361 Chrysostomo
1868 2288 2088 2347 indicati

2203 2288 2344 2344 infra
2376 2304 2494 2359 cap.
2539 2291 2605 2346 15
2634 2309 2647 2344 :
2681 2291 2772 2362 Μὴ
2822 2290 3002 2344 τοίνυν
3049 2306 3140 2361 μοι
3189 2289 3315 2358 λέγε
3366 2291 3493 2355 τοὺς
3540 2288 3787 2346 ἀπολλυο

514 2402 731 2473 μένους’
775 2403 913 2475 ὅπερ
956 2403 1067 2475 γὰρ
1116 2404 1174 2455 ὲν
1217 2402 1298 2473 τῷ
1339 2402 1650 2476 ἔμπροσθεν
1678 2398 1829 2457 εἷπον
1857 2400 2024 2473 λόγῳ,
2046 2401 2225 2467 οὐδεὶς
2253 2401 2362 2455 τῶν
2394 2376 2624 2467 ἑαυτοὺς
2653 2403 2729 2474 μὴ
2772 2402 3100 2457 ἀδικούντων
3124 2403 3251 2474 παρ’
3280 2401 3485 2471 ἑτέρων
3514 2402 3785 2455 danai-:15

512 2530 666 2581 ποτε,
685 2512 791 2571 κᾶν
818 2514 897 2581 εἰς
928 2513 1061 2570 αὐτὸ
1094 2515 1153 2569 τὸ
1183 2514 1282 2587 ζῇν
1304 2515 1591 2589 κινδυνεύῃ
1622 2535 1634 2571 :
1670 2515 1799 2572 Noli
1829 2531 1951 2588 ergo
1982 2516 2088 2569 mili

2204 2533 2228 2571 s
2268 2532 2679 2571 commemorare
2712 2517 2803 2586 qui
2844 2526 3061 2586 pereunt
3100 2532 3117 2569 :
3162 2518 3301 2587 quod
3338 2532 3479 2570 enim
3524 2517 3576 2569 in
3606 2516 3786 2585 priore

511 2634 649 2689 libra
679 2633 817 2698 dixi,
849 2632 1030 2695 nullus
1057 2649 1123 2688 ea:
1147 2633 1235 2697 iis,
1269 2634 1360 2703 qui
1395 2635 1597 2705 seipsos
1623 2634 1824 2704 injuria
1853 2649 1959 2689 non
1985 2634 2245 2703 afﬁciunt,
2276 2638 2341 2688 ab
2373 2632 2498 2687 aliis
2532 2632 2655 2687 (redi
2679 2642 2869 2703 potest,
2908 2632 3147 2703 quamvis
3175 2631 3239 2688 de
3269 2634 3377 2686 vita
3401 2632 3516 2702 ipsa
3541 2633 3612 2687 sit
3641 2632 3787 2699 peri-

512 2751 691 2807 culum
726 2752 1076 2809 subcrudum.
1108 2752 1321 2820 Quibus
1352 2753 1639 2812 manifeste
1662 2754 1907 2811 declarat
1938 2755 2140 2811 librum
2178 2755 2354 2824 illum,
2387 2754 2542 2823 Quod
2564 2770 2713 2809 nemo
2742 2754 2959 2810 lwditur
2996 2755 3101 2811 nisi
3139 2771 3173 2810 α
3200 2755 3372 2825 seipse
3410 2752 3586 2826 [465],
3630 2756 3787 2825 prius

514 2868 585 2924 ab
612 2882 673 2924 se
695 2867 899 2925 factum
926 2884 1071 2935 esse,
1093 2884 1258 2942 quam
1288 2870 1437 2927 hunc
1469 2871 1673 2938 ederet,
1703 2880 2003 2943 utrumque
2039 2886 2169 2927 vero
2203 2871 2545 2928 continenter
2568 2873 2869 2941 eodemque
2900 2880 3144 2943 tempore
3170 2870 3554 2928 elucubratum
3587 2868 3785 2925 fuisse.

515 2978 717 3037 Verum
752 2981 917 3053 igitur
942 2983 1191 3040 ordinem
1216 2998 1327 3039 non
1362 2984 1539 3041 t‘enuit
1563 2983 1821 3051 Savilius,
1859 2985 1955 3056 qui
1988 2986 2135 3041 hunc
2165 2984 2401 3055 priorem
2436 2985 2654 3055 posuit:
2703 2984 2933 3040 alterum
2961 2998 3128 3049 vero,
3168 2982 3262 3054 qui
3289 2981 3547 3055 praemitti
3575 2980 3786 3036 debue-

515 3104 623 3156 rat.
657 3094 786 3149 huic
819 3096 1103 3166 subjunxit
1129 3113 1145 3163 ;
1173 3096 1269 3152 sed
1294 3097 1399 3152 hoc
1433 3105 1674 3153 erratum
1705 3098 1822 3168 ipse
1849 3107 2033 3168 postea
2056 3096 2467 3153 animadvertit.
2500 3095 2707 3152 Fronto
2737 3096 2966 3152 Duemus
2991 3110 3086 3153 eos
3120 3096 3283 3169 longe
3311 3093 3599 3151 intervallo
3626 3106 3787 3163 sepa-

517 3212 677 3275 ravit,
713 3212 805 3283 qui
838 3212 1076 3282 priorem
1103 3214 1159 3270 in
1186 3213 1368 3270 medio
1400 3212 1575 3270 Tomo
1614 3223 1813 3286 quarto
1854 3214 2083 3281 loeavit,
2117 3198 2479 3287 posteriorem
2513 3229 2663 3281 vero,
2715 3213 2831 3269 sive
2868 3212 3015 3267 hunc
3047 3212 3113 3267 de
3163 3226 3275 3281 quo
3320 3212 3556 3282 agimus,
3589 3223 3790 3265 versus

518 3334 682 3389 ﬁnem
716 3332 874 3390 Tomi
904 3335 1081 3406 quinti
1106 3337 1309 3406 posuit,
1341 3345 1438 3393 aut
1469 3337 1782 3407 ponendum
1814 3337 2054 3408 reliquit.

590 3446 855 3519 Georgius
882 3450 1288 3507 Alexandrinus
1321 3451 1377 3508 in
1412 3449 1956 3523 Vita’Chrysostomi,
1986 3467 2108 3523 quae
2132 3450 2274 3507 infra
2310 3447 2523 3513 edetur,
2560 3463 2616 3503 n.
2641 3446 2733 3515 67,
2768 3448 2844 3502 ait
2866 3446 3012 3501 hunc
3050 3444 3250 3501 librum
3280 3440 3481 3498 Cucusi
3516 3452 3555 3509 ει
3593 3435 3653 3494 S.
3684 3438 3789 3494 de-

519 3575 673 3621 ctore
716 3563 918 3623 factum
978 3566 1151 3624 fuisse
1195 3568 1263 3623 ad
1315 3566 1747 3623 consolationem
1794 3566 2305 3637 institutionemque
2352 3566 2538 3637 populi
2586 3559 3202 3632 Constantinopolitani,
3246 3571 3477 3628 esseque
3525 3556 3579 3610 in
3608 3555 3797 3626 capita.

527 3683 729 3752 viginti
748 3696 986 3753 quatuor
1017 3686 1277 3753 divisum,
1310 3700 1434 3757 qua:
1456 3684 1656 3743 divisio
1684 3686 1753 3742 ad
1782 3686 1887 3743 hoc
1916 3700 2089 3758 usque
2116 3695 2331 3757 tempus
2354 3684 2411 3739 in
2446 3682 2838 3755 manuscriptis
2881 3679 3175 3737 Codicibus
3209 3686 3265 3734 et
3294 3677 3351 3732 in
3382 3674 3555 3732 Editis
3594 3674 3801 3731 obser--.

526 3807 703 3855 vatur.

597 3910 887 3969 Existimat
917 3929 967 3967 v.
1009 3914 1078 3969 cl.
1121 3914 1506 3971 Tillemontius
1534 3912 1683 3970 hunc
1724 3913 1924 3969 librum
1960 3911 2120 3985 quasi
2164 3909 2232 3966 ad
2274 3908 2651 3983 Olympiadem
2702 3907 2933 3964 missum
2979 3902 3399 3962 commemorari
3446 3902 3499 3956 in
3546 3899 3792 3972 Epistula

526 4042 718 4105 quarta
747 4032 813 4089 ad
849 4034 1118 4100 eamdem,
1153 4035 1244 4091 ubi
1267 4035 1507 4092 dicitur:
1545 4037 1810 4109 Ἔπεμψά
1841 4053 1921 4090 σοι
1945 4034 2087 4105 ἅπερ

2203 4035 2334 4105 ηψα.
2363 4034 2577 4108 πρῴην,
2606 4034 2689 4091 ὅτι
2716 4033 2808 4089 τὸν
2850 4027 3045 4088 ἑαυτὸν
3088 4028 3376 4087 ἀδικοῦντα
3400 4024 3577 4091 οὐδεὶς
3603 4028 3791 4097 ’ἐτερος

716 4311 3763 4341 ῤ-ι-αῶ-ῠ-Μ

1666 4535 1784 4622 EJ
1812 4532 2200 4625 USDEM
2277 4534 2632 4623 LIBER

534 4861 614 4905 ,ιθ
659 4858 769 4902 EOS
812 4855 929 4909 ρυι-
965 4853 1411 4897 εοΔΝυΑι-ιῑΔτι
1456 4853 1612 4895 SUNT
1654 4853 1733 4894 OB
1766 4850 2088 4895 ADVERSIT.

2208 4850 2237 4892 S
2266 4848 2406 4902 QUA‘J
2438 4844 2904 4899 CONTIGERUNT,
2936 4842 3287 4895 POPULIQUE
3340 4842 3418 4884 ΕΤ
3452 4840 3808 4884 Μυιτυιιυκ

608 4961 1027 5008 ΒΔΟΕΒΒΟἸἪΜ
1075 4958 1645 5012 ΡΕιιεΕρυυτιοΝΕΜ
1695 4956 1764 5001 AC
1811 4955 2088 5001 PERVERS

2211 4954 2320 5007 ΕΜ,
2370 4954 2447 4995 ΕΤ
2494 4952 2573 4994 DE
2618 4946 3289 4995 INCOMPBEHENSIBILI,
3338 4945 3418 4988 ΕΤ
3483 4943 3808 4988 Αυνιςιίδυε

608 5064 859 5110 δυωεοε
905 5047 1014 5126 (a).

1993 5161 2395 5196 m—

598 5290 784 5348 Medici
803 5289 1036 5361 quidem,
1060 5290 1102 5342 si
1119 5288 1329 5357 quando
1346 5288 1621 5358 qu05piam
1647 5287 1790 5341 l‘ebre
1813 5290 2109 5352 correptos,

446 5428 449 5431 .
518 5394 615 5438 aut
642 5384 818 5453 aliquo
847 5382 951 5434 alio
978 5380 1164 5434 inorbo
1187 5379 1485 5434 laborantes
1512 5378 1777 5433 sanandus
1802 5377 2112 5447 suscipiant,

531 5476 581 5529 id
612 5474 838 5545 primum
867 5471 1097 5537 student,
1122 5483 1178 5524 ut
1204 5485 1372 5539 azgres
1402 5453 1627 5534 videant,
1662 5468 1802 5539 quod
1836 5468 2021 5537 procul
2050 5469 2116 5521 ab

530 5567 608 5623 eis
636 5564 787 5635 positi
810 5605 827 5631 ,
869 5577 967 5617 suo
992 5577 1095 5616 non
1142 5568 1357 5631 possent
1394 5574 1486 5615 eos
1522 5561 1758 5616 subsidio
1792 5559 1980 5629 juvare
2012 5578 2023 5614 :
2052 5574 2114 5614 ea

595 5764 665 5821 (ιι)
699 5759 873 5813 Cullala
896 5772 1003 5806 cum
1028 5766 1129 5807 313s.
1155 5760 1312 5821 ltegiu
1340 5758 1473 5819 1819,
1511 5755 1649 5813 2291.
1680 5757 1973 5810 tielberltn'ts
2025 5770 2109 5807 Vc-

540 5860 587 5896 τ’)
612 5842 714 5900 Ἠῖῧ,
734 5837 841 5900 0'39,
862 5841 980 5890 740333

541 5884 585 5896 ..ί
618 5886 714 5905 μγ-.

2221 5278 2413 5347 quippe
2444 5275 2577 5330 artis
2607 5274 2746 5329 illius
2769 5281 2853 5329 est
2882 5270 3137 5334 conditio,
3169 5284 3230 5323 ea
3259 5268 3564 5322 morborum
3598 5268 3807 5322 illorum

2224 5378 2431 5424 natura.
2460 5366 2567 5421 Nos
2594 5379 2741 5431 vero,
2771 5364 2861 5434 qui
2892 5378 2997 5417 non
3021 5376 3182 5416 unum
3211 5361 3440 5430 aliquem
3476 5360 3771 5413 alterumve
3796 5400 3810 5420 ,

2222 5460 2315 5518 sed
2340 5473 2528 5515 omnes
2556 5457 2645 5527 qui
2675 5458 2843 5534 totum
2876 5456 3111 5509 incolunt
3138 5454 3321 5507 orbem
3350 5460 3630 5512 terrarum,
3661 5463 3812 5503 sean-

2221 5552 2399 5608 dalum
2427 5563 2613 5620 passos
2640 5560 2831 5617 sanare
2858 5545 3157 5610 studemus,
3189 5543 3317 5597 nihil
3346 5544 3448 5597 tale
3469 5542 3811 5611 requirimus.

2223 5644 2402 5712 Neque
2431 5641 2573 5697 enim
2605 5637 2865 5710 petimus,
2895 5646 2951 5691 ut
3006 5638 3056 5691 in
3082 5634 3225 5690 mdes
3250 5633 3473 5703 alicujus
3507 5650 3572 5687 ex
3602 5635 3815 5701 a‘grutis

2224 5744 2399 5805 pateat
2424 5734 2629 5795 aditus,
2661 5739 2752 5785 aut
2775 5731 2860 5784 tibi
2885 5729 3094 5798 jaceant
3114 5768 3126 5789 ,
3176 5726 3441 5779 discamus
3464 5766 3478 5787 ,
3507 5724 3599 5777 sed
3646 5739 3815 5790 llcqttt'

2224 5833 2366 5900 ipsus
2384 5843 2550 5899 a‘gt'us
2574 5826 2814 5895 cupimus
2839 5824 3027 5877 intueri
3073 5820 3183 5874 an
3210 5819 3447 5873 inanibus
3469 5820 3814 5873 instrumenti
