4050 6430
505 335 610 392 δεῖ

505 446 805 520 ποιούμεθα
842 445 1110 514 δαπάνην,
1148 444 1218 500 τά
1257 445 1394 515 πρὸς
1438 445 1680 518 ἰατρείαν
1720 442 1977 498 ὠνεῖσθαι
2006 458 2101 495 κε-

502 533 745 597 λεύοντες
771 533 897 597 τοὺς
920 529 1280 595 ἀσθενοῦντας
1302 548 1315 562 ·
1357 530 1493 585 ἀλλά
1538 529 1640 589 κᾶν
1668 530 1934 598 ἄγνωστοι
1968 530 2099 599 ἡμῖν

501 616 624 685 ὦσι,
683 620 785 676 κᾶν
834 620 971 693 πρὸς
1011 619 1183 683 αὐτάς
1224 618 1595 692 ἀπῳκισμένοι
1648 619 1745 682 τὰς
1786 619 1886 691 τῆς
1918 620 2099 672 οἰκουο

503 710 675 783 μένης
717 711 994 782 ἐσχατιάς.
1044 708 1149 763 κάν
1204 709 1264 762 ἐν
1324 708 1510 781 μέσοις
1550 708 1865 781 βαρϐάροις,
1898 710 2003 763 κᾶν
2037 710 2097 761 ἐν

501 799 651 871 αύτῷ
672 800 917 873 κείμενοι
935 798 1017 870 τῷ
1036 799 1135 871 τῆς
1156 798 1431 871 πτωχείας
1455 798 1712 870 πυθμένι,
1739 799 1846 852 κᾶν
1868 797 2099 869 πένητες

499 888 768 961 τοσαύτην
794 890 1000 955 πενίαν,
1044 887 1187 943 ὥστε
1237 888 1333 943 καὶ
1368 888 1468 960 τῆς
1515 888 1822 957 ἀναγκαίας
1868 887 2096 959 ἀπορεῖν

500 979 723 1049 τροφῆς,
753 978 903 1032 οὐδὲν
932 980 1064 1048 ἡμῖν
1091 976 1295 1032 τούτων
1322 976 1459 1049 πρὸς
1476 976 1579 1045 τὴν
1612 976 1853 1047 ἰατρείαν
1882 974 2094 1044 γίνεται

500 1065 748 1136 κώλυμαο
782 1064 897 1118 ἀλλ’
935 1065 1018 1119 ἐνὶ
1056 1062 1335 1136 [465466]
1373 1064 1647 1136 ἱδρυμένοι
1688 1062 1891 1134 χωρίῳ,
1923 1062 2097 1133 χωρὶς

499 1152 766 1225 ὀργάνων,
798 1152 893 1207 καὶ
922 1151 1253 1223 φαρμάκων,
1281 1151 1378 1206 καὶ
1404 1149 1610 1217 σιτίων,
1647 1150 1741 1204 καὶ
1766 1149 1969 1213 ποτῶν,
1989 1150 2097 1203 ’καί

500 1244 817 1317 χρημάτων,
861 1243 957 1297 καὶ
998 1242 1219 1315 μακράς
1257 1241 1589 1313 ἀποδημίας,
1638 1240 1739 1311 τὴν
1799 1239 1955 1294 νόσον
1988 1240 2095 1293 ἀπ-

499 1330 794 1404 ελαύνομεν
832 1330 1054 1401 ταύτην.
1104 1330 1233 1394 Πῶς
1268 1329 1365 1383 καὶ
1410 1328 1550 1401 ποίῳ
1582 1327 1769 1401 τρόπῳ
1794 1340 1856 1394 II;
1896 1326 1959 1382 τὸ
1997 1327 2092 1382 τοῦ

494 1419 656 1489 λόγου
696 1417 1195 1483 κατασκευάζοντες
1234 1418 1545 1490 φάρμακον,
1587 1416 1649 1470 τὸ
1684 1414 1861 1471 ταῦτα
1913 1417 2093 1472 πάντα

495 1506 777 1579 γινόμενον
815 1507 926 1571 τοῖς
954 1504 1190 1571 νοσοῦσι,
1236 1507 1331 1559 καὶ
1380 1505 1603 1575 ἄμεινον
1637 1503 1670 1574 ἢ
1714 1502 1785 1558 τά
1822 1503 2092 1575 εἰρημένα

496 1594 733 1650 ᾶπαντα.
763 1595 876 1649 Καὶ
909 1592 1019 1666 γάρ
1044 1594 1139 1648 καὶ⁸
1162 1593 1329 1665 ἀρτου
1361 1591 1552 1665 τρέφει
1584 1591 1803 1662 μᾶλλον,
1830 1590 1927 1646 καὶ
1949 1608 2092 1663 φαρ-

500 1684 681 1756 μάκου
736 1672 1041 1755 διορθοῦται
1093 1680 1253 1737 πλέον
1276 1721 1292 1745 ,
1352 1681 1447 1736 καὶ
1502 1680 1674 1752 πυρὸς
1730 1679 2091 1751 εὐτονώτερον

496 1770 665 1833 καίει,
693 1769 958 1841 ἀλγηδόνα
1005 1769 1105 1841 μιν
1149 1767 1405 1838 οὐδεμίαν
1455 1768 1714 1839 παρέχον,
1752 1768 1861 1820 τῶν
1894 1767 1953 1822 δὲ
1987 1778 2105 1821 ποο·

493 1856 675 1931 νηρῶν
699 1856 972 1929 λογισμῶν
1004 1855 1074 1911 τά
1096 1848 1304 1927 δυσώδη
1337 1854 1584 1928 ῥεύματα
1609 1854 1932 1910 ἀναστέλλον
1951 1871 1965 1884 ·
1991 1856 2086 1910 καὶ

495 1943 714 2019 σιδήρου
756 1944 1066 2019 τομώτερον
1107 1942 1296 2015 τέμνει
1331 1942 1402 1996 τά
1450 1941 1727 2011 σεσηπότα
1768 1940 2086 2006 ἀνωδύνως·

491 2033 589 2088 καὶ
621 2031 778 2088 τοῦτο
814 2032 1000 2088 ποιοῦν
1042 2031 1288 2103 δαπάνην
1324 2028 1581 2100 οὐδεμίαν
1622 2028 1915 2099 ἐργάζεται
1952 2047 2088 2101 χρη-

494 2122 703 2195 μάτων,
732 2123 852 2178 οὐδὲ
883 2122 1155 2195 ἐπιτρίϐει
1189 2120 1399 2176 πενίαν.
1427 2120 1599 2174 Τοῦτο
1622 2116 1714 2173 οὖν
1742 2119 2086 2178 κατασκευά-

492 2226 684 2275 σαντες
731 2209 793 2265 τὸ
841 2210 1167 2283 φάρμακον,
1214 2210 1350 2263 πᾶσι
1406 2206 1890 2279 παραπεμπόμεθα
1915 2248 1931 2272 ,
1988 2207 2085 2262 καὶ

490 2300 694 2364 πάντες
717 2293 811 2353 οἷδ’
837 2299 917 2352 ὅτι
938 2297 1336 2358 ἀπολαύσονται
1358 2295 1676 2368 θεραπείας,
1712 2296 1872 2367 μόνον
1904 2296 1952 2349 εί
1972 2298 2084 2360 τοῖς

486 2382 964 2459 λεγομένοιςμετά
1005 2384 1288 2457 ἀκριϐείας
1320 2384 1416 2439 καὶ
1454 2382 1876 2456 εὐγνωμοσύνης
1913 2400 2083 2456 προσο

487 2474 686 2547 ἔχοιεν.

556 2564 699 2633 Κεφ.
716 2568 788 2618 α’.
824 2560 1039 2633 Ἐπειδὴ
1057 2560 1115 2615 δὲ
1136 2562 1229 2615 καὶ.
1244 2561 1465 2615 ἐπὶτῶν
1489 2562 1767 2633 σωμάτων
1783 2565 1845 2618 ού
1864 2565 2080 2637 μικρὸν,

484 2651 624 2709 αλλά
640 2643 733 2706 καὶ
756 2651 1011 2724 μέγιστον
1035 2651 1170 2720 πρδς
1193 2650 1293 2723 τὴν
1314 2650 1415 2722 τῆς
1436 2652 1746 2722 ἀρρωστίας
1763 2652 2083 2729 ἀπαλλαγήν

489 2740 762 2795 συντελεῖν
792 2738 951 2797 εῖωθε
981 2738 1044 2791 τδ
1077 2737 1268 2810 μαθεῖν
1311 2740 1404 2794 τὸν
1450 2740 1729 2809 κάμνοντα
1768 2742 1868 2813 τῆς
1898 2744 2083 2815 ἀρρω-

488 2827 642 2893 στίας
665 2828 764 2900 τήν
800 2826 1057 2882 ὑπόθεσιν
1092 2824 1175 2897 (οὐ
1217 2825 1327 2898 γάρ
1377 2826 1442 2899 δὴ
1488 2827 1649 2899 μόνον
1687 2828 1786 2900 τῆς
1821 2829 2083 2901 κατεχού-

488 2933 592 2988 σης
621 2914 781 2971 αὐτὸν
818 2914 1264 2985 ἀπαλλαγήσεται
1299 2914 1456 2969 νόσου
1499 2914 1660 2969 τοῦτο
1700 2916 1910 2987 μαθὼν,
1963 2918 2079 2972 ἀλλ’

484 3005 606 3062 οὐδὲ
629 3002 769 3075 μετά
789 3002 961 3058 ταῦτα
987 3004 1126 3077 αὐτῇ
1150 3007 1549 3076 περιπεσεῖται,
1577 3005 1675 3078 τὴν
1693 3007 1872 3061 αἰτίαν
1893 3009 2078 3077 γνοὺς,

484 3096 579 3165 ἀφ
622 3088 693 3166 ἧς
733 3094 870 3165 αὐτῇ
919 3094 1249 3166 περιέπεσεν
1296 3093 1464 3161 άπαξ,
1503 3095 1599 3150 καὶ
1630 3096 2077 3170 φυλαττόμενος),

483 3182 619 3256 φέρε
643 3182 738 3237 καὶ
765 3184 924 3255 ήμεῖς
945 3182 1103 3236 τοῦτο
1132 3180 1349 3253 πρῶτον
1373 3184 1497 3246 τοὺς
1528 3181 1593 3237 τά
1619 3183 1845 3238 τοιαῦτα
1869 3183 2082 3240 νοσοῦν-

405 3339 409 3343 ,
482 3289 582 3336 τας
603 3269 921 3343 διδάξωμεν,
949 3270 1110 3325 πόθεν
1139 3272 1322 3334 αὐτοῖς
1358 3269 1418 3323 τὸ
1452 3270 1665 3342 νόσημα
1701 3270 1860 3325 τοῦτο
1886 3272 2079 3341 γέγονε

482 3359 579 3415 τοῦ
609 3358 927 3415 σκανδάλου.
958 3360 1020 3430 Εἰ
1053 3357 1163 3430 γάρ
1188 3358 1253 3429 δὴ
1284 3358 1442 3412 τοῦτο
1484 3357 1728 3429 μάθοιεν,
1755 3360 1850 3413 καὶ
1887 3360 2079 3433 βουληέ

482 3447 626 3506 θεῖεν
664 3446 1003 3518 φυλάξασθαι
1057 3445 1197 3517 μετά
1234 3445 1523 3518 ἀκριϐείας
1562 3445 1727 3509 αὐτὸ,
1769 3447 1830 3501 ού
1873 3447 2078 3519 ταύτης

485 3536 646 3607 μόνον
684 3535 1157 3607 ἀπαλλαγήσονται
1203 3535 1306 3606 τῆς
1334 3535 1662 3607 ἀρρωστίας,
1696 3535 1817 3590 οὐδὲ
1853 3536 1950 3592 νῦν
1987 3541 2078 3610 μό-

481 3641 591 3690 νον,
616 3622 752 3678 ἀλλά
779 3624 875 3678 καὶ
896 3622 1159 3695 διηνεκῶς
1190 3624 1283 3677 καὶ
1310 3622 1515 3694 ταύτης
1537 3622 1633 3677 καὶ
1662 3623 1866 3693 ἐτέρων
1896 3625 2076 3679 πλειό-

480 3728 608 3767 νων.
633 3711 868 3784 Τοιαύτη
889 3711 1007 3784 νγάρ
1026 3711 1123 3767 καὶ
1156 3712 1189 3782 ἡ
1234 3710 1332 3765 τοῦ
1376 3710 1669 3782 φαρμάκου
1699 3710 1891 3765 τούτου
1913 3713 2075 3781 φύσις

479 3800 649 3865 ἔστὶν,
686 3799 764 3864 ὡς
800 3798 976 3855 καὶτὸ
1018 3800 1193 3871 παρὸν
1223 3798 1582 3870 θεραπεῦσαι,
1636 3798 1732 3852 καὶ
1758 3799 1867 3853 τῶν
1899 3799 2076 3855 ἄλλων

479 3888 732 3959 γενέσθαί
764 3887 1198 3960 προφυλακτικδν
1241 3887 1449 3942 παθῶν.
1495 3888 1572 3943 Οὐ
1608 3886 1716 3960 γάρ
1748 3886 1808 3942 ἐν
1845 3889 1940 3942 καὶ⁵
1980 3889 2092 3950 δύο,

480 3978 577 4033 καὶ
604 3976 749 4046 τρία,
772 3976 908 4031 ἀλλά
938 3976 1032 4031 καὶ
1056 3975 1226 4029 πολλά
1263 3974 1407 4029 κατὰ
1426 3974 1518 4028 τὸν
1542 3975 1789 4047 παρόντα
1812 3975 1925 4046 βίον
1956 3978 2074 4032 ἐστὶ

477 4067 550 4121 τά
597 4064 1016 4129 σκανδαλίζοντα
1056 4066 1182 4129 τοὺς
1226 4064 1683 4135 ἀσθενεστέρους⁸
1731 4064 1829 4118 καὶ
1868 4063 2073 4119 τούτων

478 4155 732 4212 ἀπάντων
776 4157 805 4210 ὁ
842 4154 1001 4224 λόγος
1040 4152 1199 4226 ἡμῶν
1234 4152 1629 4221 ἐπαγγέλλεται
1673 4154 1800 4216 τοὺς
1846 4152 2075 4218 ἀλόντας

477 4244 815 4318 ἐλευθεροῦν,
860 4244 1021 4318 μόνον
1074 4246 1124 4298 εἰ
1167 4242 1476 4315 βουληθεῖεν
1531 4242 1687 4315 (ὅπερ
1730 4243 1827 4297 καὶ
1873 4242 2076 4317 ἐμπροο

478 4331 605 4386 σθεν
648 4329 823 4397 εἷπον)
871 4332 967 4389 καὶ
1022 4329 1213 4403 μαθεῖν
1260 4330 1353 4385 καὶ
1395 4330 1629 4400 φυλάξαι
1672 4329 1743 4385 τὰ
1779 4331 2068 4403 λεγόμενα.

479 4417 758 4489 ίῐοιοῦμαι,
787 4418 845 4472 δὲ
894 4417 993 4490 τὴν
1040 4418 1333 4490 θεραπείαν
1372 4416 1603 4489 ταύτην,
1651 4418 1753 4473 οὐκ
1801 4418 1910 4472 ἀπὸ
1961 4420 2078 4473 τῶν

478 4506 677 4561 θεῖκῶν
712 4506 868 4576 μόνον
904 4505 1140 4578 Γραφῶν
1190 4504 1476 4571 συντιθεὶς,
1522 4504 1662 4560 ἀλλά
1692 4506 1788 4561 καὶ
1833 4508 1941 4562 ἀπὺ
1963 4506 2103 4565 τῶν

476 4593 616 4651 κατά
649 4593 744 4647 τὸν
783 4592 1028 4665 παρόντα
1068 4592 1181 4664 βίον
1206 4593 1507 4664 γινομένων
1541 4594 1637 4647 καὶ
1665 4594 2071 4667 συμβαινόντων

475 4682 770 4753 διηνεκῶς·
802 4682 943 4737 ὥστε
974 4684 1069 4737 καὶ⁸
1096 4685 1207 4745 τοῖς
1240 4682 1663 4755 μὲι-προσέχουσι
1684 4685 1927 4755 Γραφαῖς
1958 4702 2073 4739 κοι-

477 4774 572 4844 νὴν
597 4773 849 4843 γενέσθαι
877 4773 976 4845 τὴν
1018 4772 1326 4845 διόρθωσιν,
1370 4775 1419 4827 εἰ
1466 4772 1806 4843 βουληθεῖενο
1853 4775 1914 4828 οὐ
1959 4775 2069 4849 γάρ

478 4860 759 4932 παύσομαι
784 4860 942 4915 τοῦτο
968 4860 1208 4932 συνεχῶς
1234 4860 1521 4930 ἐπιλέγων.
1558 4860 1795 4934 Ἀνάγκη
1828 4862 1937 4935 γὰρ
1977 4852 2070 4918 καὶ

480 4947 706 5020 βίᾳ,καί
743 4948 818 5020 μὴ
849 4948 1155 5021 βουλομένῳ
1193 4950 1293 5003 οὐκ
1337 4948 1417 5002 ἐνι
1476 4948 1683 5020 ταύτην
1732 4951 1863 5003 ποτὲ
1913 4950 2069 5021 θερα-

477 5034 739 5105 πευθῆναι
768 5035 868 5107 τὴν
896 5036 1155 5107 ἰατρείαν,
1197 5038 1293 5090 καὶ
1344 5037 1471 5098 τοὺς
1511 5036 1690 5100 θείους
1731 5038 1806 5108 μὴ
1840 5039 2065 5091 καταδε-

476 5120 691 5193 χομένῳ
742 5123 1049 5193 χρησμούςο
1104 5123 1200 5178 καὶ
1251 5124 1521 5188 ἐντεῦθεν,
1558 5124 1757 5195 μᾶλλον
1810 5125 1866 5177 δέ
1908 5126 2066 5179 πλέον

475 5209 787 5281 ἐντεῦθενῆ
831 5211 897 5263 ἐκ
947 5210 1047 5281 τῆς
1100 5212 1211 5265 τῶν
1258 5214 1599 5283 πραγμάτων
1656 5212 1983 5277 ἀποδείξεως
2014 5214 2061 5267 b.

475 5296 597 5350 Τῶν
623 5297 732 5369 γάρ
758 5298 1051 5371 ὁρωμένων
1082 5299 1523 5372 ἀξιοπιστοτέραν
1555 5301 1635 5354 δεῖ
1670 5302 1773 5374 τὴν
1803 5300 1896 5354 τοῦ
1929 5301 2062 5355 Θεοῦ

473 5386 748 5458 ἀπόφασιν
773 5388 1048 5443 πιστεύειν
1080 5385 1241 5443 εἶναι.
1272 5389 1372 5443 Διά
1402 5407 1480 5445 τοι
1508 5390 1665 5444 τοῦτο
1692 5392 1787 5444 καὶ
1819 5392 2063 5461 χαλεπω-

472 5475 605 5546 τέρα
636 5474 855 5541 τούτους
900 5477 1048 5548 μένει
1091 5476 1331 5550 τιμωρία
1386 5477 1460 5549 μὴ
1506 5478 1942 5552 διορθουμένους,
1982 5480 2062 5535 ὅτι

538 5633 565 5699 ξι
586 5631 624 5699 Δ
635 5633 688 5683 lii
711 5633 792 5681 καί
806 5635 896 5699 τίνι
918 5635 1096 5699 τρόπῳ.

535 5690 563 5766 ἰ)
586 5693 713 5766 ’γι-βε
733 5709 849 5766 mss.
873 5696 927 5744 ἐκ
944 5690 1027 5753 τῆς
1049 5690 1146 5766 τῷν
1165 5697 1363 5766 maga»;
1384 5697 1670 5766 60:08.0}1320
1690 5700 1807 5766 vitio
1832 5700 1996 5766 labora
2006 5715 2059 5766 re

472 5757 845 5870 ἓὲἒσὶιδειίιίοε
874 5772 884 5807 :
910 5766 1046 5809 certe
1071 5757 1262 5811 videtur
1288 5762 1337 5810 in
1366 5757 1497 5811 serie
1522 5760 1689 5813 Graeca
1710 5763 1895 5825 aliquid
1922 5764 2057 5815 desi-

565 5832 590 5867 a
641 5852 658 5869 .

1242 332 1300 388 S.
1338 329 1626 388 J‘OANNI‘S
1660 326 2155 389 CIIRYSOSTOIH
2197 325 2513 383 ARCIUEP.
2555 326 3115 388 CONSTANTINOP.

3690 333 3817 391 482'

2204 441 2483 515 δεξάμενοι
2516 444 2617 507 τάς
2650 444 2892 515 Γραφάς,
2926 446 3081 502 οὐδὲν
3124 447 3335 502 ἐκεῖθεν
3365 449 3447 512 είς
3474 449 3577 521 τὴν
3620 449 3808 505 τοιαύ·

2202 555 2302 609 την
2356 538 2691 608 καρποῦνται
2733 538 3023 610 ὠφέλειαν.
3061 535 3291 609 ’Ῑνλοῦν
3350 540 3425 612 μὴ
3471 542 3635 598 τοῦτο
3688 541 3809 597 πά·

2207 647 2394 701 σχωσι,
2429 632 2562 702 φέρε
2603 632 2869 704 ἀψιὶιμεθα
2912 633 3012 705 τῆς
3052 620 3389 705 διορθώσεως
3437 636 3647 707 λοιπὸν,
3700 639 3811 712 τὴν

2204 724 2379 777 αἰτίαν
2407 724 2651 789 εἰπόντες
2682 723 2777 778 τοῦ
2805 726 3108 797 νοσήματος
3142 725 3381 798 πρῶτον.

2279 814 2428 888 [467]
2442 817 2581 884 Κεφ.
2601 815 2667 886 β’.
2680 816 2773 881 Τίς
2788 812 2881 870 οὖν
2894 817 2927 888 ἡ
2941 816 3089 872 αἰτία
3104 817 3203 888 τῆς
3225 817 3540 890 ἀρρωστίας
3555 818 3658 891 τῆς
3674 836 3811 874 τοσ-

2202 908 2373 979 αύτης
2397 908 2574 975 ἐστίν;
2620 909 2683 963 Ἦ
2709 908 3119 981 πολυπράγμων
3141 912 3236 964 καὶ
3255 911 3549 984 περίεργος
3572 911 3807 984 γνώμη,

2203 1000 2295 1054 καὶ
2312 1000 2373 1053 τὸ
2390 999 2676 1070 βούλεσθαι
2692 1001 2907 1056 πάντων
2926 1001 3035 1055 τῶν
3056 1002 3361 1076 γινομένων
3381 1004 3583 1059 είδέναι
3600 1007 3704 1066 τὰς
3726 1008 3809 1061 αἰ-

2198 1090 2320 1155 τίας
2341 1092 2581 1157 ἀπάσας,
2602 1094 2695 1147 καὶ
2709 1093 3031 1163 φιλονεικεῖν
3056 1093 3153 1167 τὴν
3169 1095 3557 1166 ἀκατάληπτον
3580 1098 3678 1152 καὶ
3700 1099 3809 1169 ἄῤ-

2199 1186 2364 1257 ρητον
2378 1184 2474 1239 τοῦ
2490 1185 2626 1241 Θεοῦ
2649 1187 2927 1257 πρόνοιαν,
2944 1187 3043 1261 τὴν
3061 1188 3365 1261 ἀπέραντον
3381 1192 3475 1244 καὶ
3489 1191 3779 1264 ἀνεξιχνία
3790 1224 3809 1235 ο

2200 1294 2326 1332 στον
2364 1279 2819 1352 περιεργάζεσθαι
2845 1280 3235 1354 ἀναισχύντως,
3265 1284 3357 1338 καὶ
3391 1283 3799 1357 πολυπραγμο-

2196 1376 2327 1429 νεῖν.
2352 1375 2545 1430 Καίτοι
2574 1375 2659 1439 τίς
2679 1374 2772 1430 τοῦ
2795 1376 3011 1431 Παύλου
3038 1376 3344 1450 σοφώτερος
3368 1377 3629 1448 γέγονεν;
3661 1379 3806 1434 Είπέ

2196 1468 2305 1539 γάρ
2330 1484 2439 1538 μοι,
2470 1468 2532 1521 οὐ
2565 1468 2758 1535 σκεῦος
2789 1469 3019 1542 ἐκλογῆς
3037 1465 3108 1541 ἦν
3143 1465 3336 1538 οὗτος
3367 1472 3429 1525 ού
3463 1471 3670 1545 πολλὴν
3701 1472 3807 1527 καὶ

2195 1560 2401 1624 ἄφατον
2450 1560 2800 1617 ἐπεσπάσατο
2842 1562 2936 1617 τοῦ
2972 1564 3290 1636 Πνεύματος
3335 1565 3436 1639 τὴν
3490 1566 3695 1639 χάριν;
3734 1566 3803 1621 ού

2193 1653 2284 1708 τὸν
2314 1654 2549 1727 Χριστὸν
2584 1649 2731 1725 εἶχεν
2769 1657 2828 1710 ἐν
2868 1655 3049 1729 ἑαυτῷ
3087 1656 3382 1726 λαλοῦντας
3411 1659 3513 1714 οὐκ
3542 1660 3807 1732 ἀπορρή-

2193 1763 2302 1800 των
2339 1747 2662 1821 ἐκοινώνησε
2704 1749 2799 1804 τοῦ
2849 1740 2986 1805 Θεοῦ
3035 1751 3330 1823 ῥημάτωνς
3372 1751 3474 1823 οὐχ
3518 1752 3556 1808 ἀ
3601 1752 3805 1825 μηδενὶ

2192 1840 2511 1911 ἀνθρώπωνκ
2538 1843 2767 1915 λαλῆσαι
2812 1844 2931 1911 ἐξὸν
2962 1840 3052 1917 ἦν,
3089 1846 3250 1917 μόνος
3282 1846 3516 1918 ῆκουσεν
3544 1847 3800 1912 ἐκεῖνοςῖ

2190 1932 2292 1986 οὐκ
2321 1934 2403 1998 εἰς
2430 1935 2758 2007 παράδεισον
2797 1937 3059 2010 ήρπάγη;
3104 1938 3206 1993 ούκ
3236 1940 3318 2003 εἰς
3346 1938 3530 2010 τρίτον
3562 1938 3804 2009 οὐρανὸν

2192 2023 2497 2097 ἀνηνέχθη;
2539 2027 2602 2080 ού
2657 2027 2763 2098 γῆν
2804 2028 2898 2083 καὶ
2944 2027 3218 2085 θάλασσαν
3270 2028 3683 2102 περιέδραμεν;
3731 2027 3802 2081 οὗ

2192 2114 2500 2189 βαρϐάρους
2526 2118 2838 2190 φιλοσοφεῖν
2865 2119 3116 2187 ἐπεισεν;
3141 2122 3205 2176 οὐ
3233 2121 3435 2186 πολλάς
3482 2122 3578 2175 καὶ
3606 2120 3802 2174 ποικί-

2189 2206 2289 2270 λας
2309 2202 2423 2278 εἶχε
2444 2206 2543 2261 τοῦ
2566 2208 2885 2281 Πνεύματος
2906 2209 2992 2264 ἐνε
3001 2211 3216 2283 ργείας;
3243 2212 3305 2265 ού
3329 2211 3393 2283 δή
3402 2228 3538 2283 μους
3568 2210 3803 2283 ὁλοκλή-

2190 2317 2319 2372 ρους
2345 2300 2438 2354 καὶ
2460 2302 2645 2368 πόλεις
2668 2301 3034 2376 ἐρῤύθμιζεν;
3080 2304 3143 2359 οὐ
3169 2304 3270 2375 τὴν
3290 2304 3616 2376 οἰκουμένην
3646 2304 3794 2358 ᾶπα-

2189 2409 2289 2447 σαν
2322 2395 2404 2458 είς
2451 2397 2641 2467 χεῖρας
2690 2395 2843 2469 αὐτῷ
2892 2399 3077 2469 φέρων
3128 2396 3324 2469 έθηκεν
3363 2398 3393 2451 6
3429 2396 3602 2465 Θεός;
3651 2396 3802 2452 Ἀλλ’

2186 2482 2335 2552 ὅμως
2377 2485 2406 2536 δ
2448 2484 2705 2551 τοσοῦτος
2749 2488 2845 2541 καί
2891 2486 3229 2557 τηλικοῦτος,
3257 2488 3493 2557 όλσοφδς
3521 2486 3667 2542 οὕτω
3698 2488 3800 2543 καὶ

2186 2574 2410 2639 δυνατὸς
2448 2577 2542 2631 καὶ
2568 2578 2934 2650 πνευματικὸς
2960 2579 3171 2652 άνὴρ,”ὁ
3196 2578 3467 2633 τοσούτων
3488 2577 3799 2634 ἀπολελαυ-

2188 2664 2321 2730 κὼς,
2352 2667 2480 2722 ὅταν
2517 2670 2597 2733 είς
2646 2669 2747 2741 τήν
2795 2670 3040 2737 ἐξέτασιν
3081 2671 3182 2743 τῆς
3218 2671 3311 2725 τοῦ
3357 2669 3494 2725 Θεοῦ
3530 2670 3800 2742 προνοίας

2187 2759 2426 2833 ἐμπέσῃ,
2456 2760 2551 2814 καὶ
2593 2760 2715 2815 οὐδὲ
2766 2761 3065 2833 ὁλοκλήρου
3116 2762 3397 2834 προνοίας,
3442 2761 3581 2818 ἀλλά
3629 2764 3799 2835 μόνον

2187 2852 2267 2915 εἰς
2302 2862 2323 2891 ε
2359 2852 2526 2923 μέρος
2566 2851 2759 2925 αὐτῆς,
2811 2853 3047 2909 ἄκουσον
3076 2853 3211 2927 πῶς
3252 2855 3638 2928 ἐκπλήττεται,
3677 2855 3799 2922 πῶς

2187 2941 2415 3027 ῖλιγγιᾷ,
2448 2944 2565 3009 πῶς
2594 2944 2851 3019 ἀποπηδᾷ
2878 2945 3189 3019 ταχέωςτῷ
3211 2947 3585 3019 ἀκαταλήπτῳ
3614 2965 3799 3022 παρα-

2184 3024 2398 3106 χωρῶν.
2421 3036 2550 3091 Ὅτε
2588 3032 2681 3091 οῦν
2713 3038 3021 3103 ἐσκοπεῖτο,
3059 3038 3158 3111 οὐχ
3190 3041 3340 3106 ὅπως
3376 3040 3629 3110 ἀγγέλων
3658 3058 3799 3114 προ-

2183 3127 2295 3180 νοεῖ
2318 3127 2413 3179 κα)⁵
2439 3128 2797 3199 άρχαγγέλων
2826 3128 2855 3180 δ
2884 3127 3040 3193 Θεὸς,
3064 3130 3162 3184 καὶ
3194 3129 3301 3185 τῶν
3334 3131 3665 3203 ηχερουσεὶμ,
3695 3134 3798 3188 καὶ

2184 3220 2293 3271 τῶν
2337 3224 2629 3299 σεραφείμ,
2673 3220 2768 3299 καὶ
2808 3220 2918 3276 τῶν
2967 3221 3143 3278 ἀλλων
3189 3223 3440 3295 ἀοράτων
3480 3223 3794 3299 δυνάμεων,

2183 3313 2302 3367 οὐδὲ
2335 3315 2452 3378 πῶς
2477 3297 2647 3387 ἡλίου,
2694 3296 2790 3370 κάὶ
2833 3316 3086 3389 σελήνης,
3120 3317 3217 3373 καὶ
3251 3317 3508 3389 ούρανοῦ,
3537 3296 3639 3374 καῖ
3663 3319 3795 3394 γῆς,

2183 3408 2279 3462 καὶ
2321 3408 2616 3480 θαλάσσης,
2659 3409 2779 3465 οὐδὲ
2824 3411 2943 3476 πῶς
2984 3410 3079 3465 τοῦ
3113 3410 3306 3480 γένους
3336 3411 3446 3468 τῶν
3483 3412 3797 3485 ἀνθρώπων

2182 3500 2404 3565 παντὸς,
2446 3501 2566 3556 ούδέ
2611 3500 2731 3565 πῶς
2768 3501 3002 3572 ἀλόγων,
3036 3502 3134 3557 καὶ
3166 3505 3372 3573 φυτῶν,
3404 3505 3505 3559 καὶ
3532 3505 3795 3579 σπερμά-

2179 3610 2309 3657 των,
2356 3593 2450 3646 καὶ
2486 3592 2747 3662 βοτανῶν,
2799 3596 2897 3650 καὶ
2942 3595 3142 3669 ἀέρων,
3167 3597 3261 3650 καὶ
3305 3597 3662 3668 πνευμάτων,
3694 3600 3795 3665 καί

2182 3683 2396 3754 πηγῶν,
2416 3685 2511 3741 καὶ
2535 3684 2813 3756 ποταμῶν,
2839 3685 2961 3740 οὐδὲ
2986 3687 3089 3756 τῆς
3111 3686 3252 3741 κατά
3269 3686 3434 3756 φύσιν
3457 3689 3789 3759 γεννήσεως,

2180 3777 2275 3829 καὶ
2312 3774 2617 3845 αὐξήσεως,
2660 3777 2756 3830 καὶ
2803 3776 3119 3849 διατροφῆς,
3154 3779 3250 3832 καὶ
3297 3779 3407 3850 τῶν
3457 3780 3636 3836 ἄλλων
3678 3782 3792 3837 τῶν

2177 3869 2461 3925 τοιούτων-
2498 3868 2614 3923 ἀλλ’
2653 3868 2713 3922 ἐν
2752 3886 2806 3921 τι
2848 3870 3014 3941 μέρος
3040 3862 3344 3925 ’ἀπολαϐὼν
3383 3872 3485 3943 τῆς
3526 3876 3792 3945 προνοίας

2177 3961 2344 4016 αὑτοῦ
2375 3961 2437 4014 τδ
2467 3960 2611 4015 κατά
2637 3959 2924 4024 Ἰουδαίους
2960 3963 3055 4016 καὶ
3076 3962 3354 4029 Ἕλληνας·
3368 3963 3484 4036 (καὶ
3518 3966 3630 4037 γάρ
3656 3972 3791 4040 περὶ

2176 4055 2384 4108 τούτων
2411 4054 2503 4107 τὸν
2537 4053 2753 4109 ἅπαντα
2785 4053 2985 4126 διεξῄει
3017 4055 3197 4126 λόγον,
3225 4057 3493 4112 διδάσκων
3531 4059 3653 4125 πῶς
3684 4061 3789 4131 μὲν

2177 4145 2304 4208 τοὺς
2355 4144 2413 4211 ἐξ
2466 4143 2637 4198 ἐθνῶν
2684 4144 2934 4213 ἐκάλεσε,
2983 4146 3102 4211 πῶς
3144 4147 3204 4204 δὲ
3243 4147 3369 4215 τοὺς
3411 4150 3473 4218 ἐξ
3515 4150 3789 4209 Ἰουδαίων

2176 4234 2435 4290 ἀπώσατο
2456 4278 2473 4303 ,
2518 4236 2614 4291 καὶ
2656 4237 2775 4301 πῶς
2825 4237 2961 4310 ἐλέῳ
3016 4239 3117 4310 τήν
3178 4240 3456 4314 ἑκατέρων
3505 4252 3786 4317 σωτηρίαν

2177 4328 2713 4405 ἐπραγματεύσατο),
2745 4329 2978 4386 ἄκουσον
3006 4328 3096 4386 οἷά
3132 4349 3319 4403 φησιν.
3364 4331 3511 4387 Ἰδὼν
3540 4334 3651 4407 γάρ
3680 4338 3784 4390 πέ-

2174 4421 2340 4491 λαγος
2362 4422 2560 4493 ἀχανὲς
2590 4422 2882 4494 ἀνεωχθέν,
2913 4424 3006 4477 καὶ
3031 4425 3090 4477 ἐν
3118 4423 3268 4496 αὐτῷ
3295 4424 3375 4497 τῷ
3405 4424 3563 4497 μέρει
3584 4428 3781 4497 τούτῳ,

2178 4513 2272 4566 καί¹
2314 4513 2450 4585 πρὸς
2482 4512 2615 4567 αὐτὸ
2641 4514 2737 4584 τῆς
2775 4515 3032 4586 προνοίας
3074 4514 3240 4569 αὐτοῦ
3283 4515 3489 4588 ταύτης
3525 4517 3587 4571 τὺ
3617 4518 3783 4589 βάθος

2175 4601 2434 4673 διακύψαι
2452 4603 2753 4674 βουληθεὶς,
2773 4604 2959 4676 ὥσπερ
2982 4606 3088 4659 τινὶ
3111 4604 3400 4677 σκοτοδίνῳ
3417 4607 3781 4678 κατασχεθεὶς

2174 4694 2252 4770 τῷ
2284 4695 2509 4767 ἀρρήτῳ
2532 4695 2630 4766 τῆς
2654 4696 2966 4764 οἰκονομίας
2993 4694 3217 4767 ταύτης,
3247 4696 3343 4750 καὶ
3364 4694 3653 4771 θαυμάσας
3683 4696 3781 4750 καὶ

2174 4784 2463 4856 ἐκπλαγεὶς
2475 4789 2537 4840 τὸ
2552 4787 2778 4855 ἄφατον,
2789 4785 2851 4839 τὸ
2865 4786 3193 4857 ἀπέραντον,
3209 4785 3270 4837 τὸ
3285 4786 3521 4856 ἄρρητον
3537 4787 3631 4839 καί⁵
3646 4787 3778 4840 ἀκα-

2172 4876 2306 4948 τάλη
2316 4895 2446 4931 πτον
2466 4878 2568 4947 τῆς
2593 4876 2687 4930 τοῦ
2707 4876 2843 4931 Θεοῦ
2862 4877 3053 4947 σοφίας
3072 4894 3132 4929 τε
3154 4876 3249 4931 καὶ
3270 4877 3547 4947 προνοίας,
3565 4878 3779 4949 ἀπεπήο

2171 4968 2321 5039 δησε,
2350 4968 2551 5031 ταύτας
2577 4968 2733 5034 ἀφεὶς
2762 4967 2864 5030 τὰς
2889 4967 3095 5037 φωνάς,
3126 4968 3219 5021 καὶ
3259 4968 3399 5039 μετά
3444 4968 3645 5039 πολλῆς
3674 4972 3777 5040 τῆς

2170 5062 2485 5133 ἐκπλήξεως
2514 5060 2905 5132 ἀνακεκραγὼς
2931 5061 3102 5115 ταῦτα
3125 5062 3192 5115 τά
3225 5063 3465 5133 ῥήματασ
3490 5064 3559 5116 Ὢ
3582 5062 3775 5130 βάθος

2170 5158 2439 5211 πλούτου
2472 5155 2570 5209 καὶ
2605 5158 2827 5226 σοφίας
2852 5154 2950 5208 καί
2981 5154 3260 5223 γνώσεως
3285 5153 3469 5209 Θεοῦί
3495 5149 3633 5208 Εἶτα
3662 5154 3771 5208 δει-

2170 5250 2320 5313 κνὺς,
2364 5250 2447 5303 ὅτι
2489 5249 2549 5303 τὸ
2586 5249 2747 5319 βάθος
2791 5248 2892 5319 μὲν
2935 5241 3064 5311 εἶδε,
3110 5247 3275 5301 πόσον
3314 5247 3371 5305 δὲ
3423 5247 3621 5319 μαθεῖν
3670 5247 3771 5301 οὐκ

2168 5343 2432 5415 ἠδυνήθη,
2456 5344 2736 5414 ἐπήγαγεν
2755 5358 2769 5371 ο
2810 5342 2900 5407 Ὠς
2936 5340 3381 5409 ἀνεξερεύνητια
3414 5342 3486 5394 τὰ
3515 5341 3770 5409 κρίματα

2164 5439 2376 5503 αὐτοῦ,
2433 5439 2533 5492 καὶ
2580 5438 3027 5507 ἀνεξιχνίαστοι
3074 5440 3132 5490 αὶ
3182 5434 3309 5489 (5δοί
3372 5436 3606 5490 αὐτοῦ]
3655 5437 3768 5490 Οὐκ

2164 5519 2318 5579 εἶπεν
2349 5526 2709 5595 ἀκατάληπτα
2735 5524 2887 5597 [468]
2926 5525 3107 5597 μόνον,
3133 5523 3271 5579 ἀλλά
3304 5524 3399 5580 καὶ
3442 5525 3767 5594 Ἀνεξερεύ-
3812 5574 3813 5577 η

2165 5634 2317 5688 ruta
2349 5620 2418 5672 τὰ
2451 5618 2703 5687 κρίματα
2729 5618 2936 5674 αὐτοῦ.
2981 5618 3057 5674 Ού
3095 5618 3254 5689 μόνον
3295 5619 3403 5690 γάρ
3440 5618 3769 5673 καταλαςεῖν

2232 5806 2251 5828 Γ
2276 5802 2373 5855 Alii
2400 5802 2499 5851 ἀλγ
2526 5801 2636 5851 ὅταν
2667 5803 2775 5869 εἷς..
