4050 6428
227 367 328 426 431

225 489 520 536 tractamus
545 474 561 507 ί
589 517 605 543 ,
632 489 737 532 non
765 471 1110 544 pecuniarum
1136 477 1382 537 sumptus
1411 463 1633 518 facimus
1657 502 1671 524 ,
1704 457 1832 513 dum

223 579 291 624 ad
314 568 645 623 curationem
672 562 972 619 necessaria
999 573 1247 615 coemere
1267 557 1517 626 jubemus
1545 553 1787 606 inﬁrmos
1819 565 1831 600 :

225 662 322 718 sed
349 660 594 733 quamvis
637 656 804 728 ignoti
845 654 954 710 sint
992 652 1147 708 nobis
1173 693 1188 716 ,
1220 648 1464 722 quamvis
1507 644 1572 700 ad
1619 643 1837 698 ultimos

216 755 376 808 orbis
411 763 572 807 terra:
599 754 738 805 lines
777 745 1056 803 amendati
1087 746 1221 810 sint,
1263 743 1520 813 quamvis
1547 743 1602 795 in
1637 738 1820 796 medio

219 842 620 904 barbarorum,
639 838 896 909 quamvis
911 837 966 890 in
989 838 1109 906 ipso
1130 833 1505 890 mendicitatis
1525 831 1826 900 fundotver-

221 945 442 997 sentur,
463 931 722 1003 quamvis
734 937 884 982 tanta
910 937 1233 998 premantur
1256 926 1439 995 inopia
1463 933 1520 980 ut
1542 924 1706 979 etiam
1725 939 1827 980 nc-

220 1024 485 1081 cessariis
515 1022 888 1077 destituantur
918 1020 1218 1082 alimentis,
1253 1018 1466 1072 nullum
1501 1025 1681 1071 tamen
1721 1016 1825 1070 ista

221 1111 500 1166 curationi
525 1116 731 1164 nostra:
753 1107 1014 1162 adhibent
1032 1106 1484 1177 impedimentum
1506 1102 1628 1158 :sed
1643 1103 1697 1157 in
1716 1117 1827 1156 uno

222 1200 522 1256 constituti
539 1197 1364 1264 Ioco,sineinstrumentis,sine
1385 1194 1824 1256 medicamentis,

224 1297 350 1352 sine
369 1295 496 1350 cibo
517 1308 581 1350 ac
604 1292 850 1364 potu,vel
870 1291 1144 1363 pecuniis,
1164 1291 1250 1344 vel
1271 1289 1569 1360 longinqua
1593 1287 1830 1358 peregri-

224 1386 452 1440 natione
467 1385 718 1440 morbum
738 1384 902 1440 istum
915 1379 1619 1453 depellimus.Quotanderu
1638 1378 1827 1432 modo?

227 1475 368 1531 Dum
395 1476 665 1532 orationis
692 1473 1020 1530 medicinam
1045 1473 1453 1543 componimus,
1485 1485 1607 1541 quae
1629 1469 1850 1523 horunv

225 1570 479 1626 omnium
496 1570 647 1625 vices
660 1568 802 1640 apud
815 1577 1049 1638 aegrotos
1062 1582 1124 1623 su
1134 1565 1359 1637 pplebit,
1373 1565 1485 1619 imo
1499 1577 1621 1634 quae
1633 1559 1827 1618 melior

231 1659 305 1715 sit
329 1659 443 1716 illis
471 1658 742 1716 omnibus.
771 1657 902 1714 Nam
932 1667 988 1713 et
1011 1656 1240 1726 amplius
1271 1670 1428 1726 quam
1456 1652 1610 1724 panis
1634 1651 1752 1715 alit,
1787 1660 1843 1705 et

222 1750 456 1821 amplius
497 1749 745 1806 medetur
773 1764 932 1821 quam
961 1749 1314 1819 pharmacum
1337 1785 1355 1814 ,
1384 1754 1435 1800 et
1467 1742 1841 1799 vehementius

221 1856 386 1912 quam
427 1841 564 1912 ignis
593 1842 701 1896 urit
724 1881 739 1906 ,
785 1856 888 1896 nec
918 1849 1094 1896 tamen
1125 1839 1291 1893 ullum
1338 1837 1580 1892 dolorem
1627 1833 1792 1887 inurit
1823 1862 1836 1898 ε

222 1948 510 2004 pravarum
529 1943 705 1990 autem
724 1934 1102 2006 cogitationum
1127 1932 1368 1988 fretidum
1386 1930 1585 1984 fluxum
1603 1927 1840 1983 adstrin-

221 2025 322 2096 git,
353 2035 408 2080 et
446 2027 654 2080 acutius
683 2041 842 2096 quam
875 2025 1078 2081 ferrum
1107 2023 1316 2094 putrida
1343 2033 1490 2077 secat
1520 2022 1698 2075 ulcera
1725 2018 1842 2073 sine

224 2118 415 2174 dolore
440 2137 454 2184 ;
483 2129 538 2174 et
567 2118 669 2174 hoc
691 2119 820 2175 dum
846 2119 970 2174 facit
994 2159 1008 2184 ,
1034 2118 1212 2174 nullos
1257 2117 1568 2187 impendere
1597 2124 1841 2185 sumptus

223 2209 390 2280 cogit,
418 2225 516 2265 nec
545 2209 611 2263 ad
635 2211 793 2264 ullam
825 2210 1019 2280 redigit
1047 2220 1364 2281 egestatem.
1395 2209 1508 2264 lloc
1534 2208 1694 2278 igitur
1727 2221 1842 2262 me-

223 2299 534 2355 dicamento
569 2299 815 2356 confecto
837 2339 854 2367 ,
899 2299 967 2354 ad
991 2314 1180 2355 omnes
1219 2299 1354 2354 illud
1386 2298 1798 2354 transmittimus
1821 2335 1837 2361 ,

223 2397 388 2459 atque
417 2403 608 2445 omnes
637 2390 862 2444 dubium
885 2405 992 2444 non
1030 2400 1113 2444 est
1139 2392 1269 2460 quin
1297 2391 1580 2445 sanitatem
1610 2405 1841 2460 recupe-

226 2482 399 2537 saturi
430 2483 561 2549 sint,
593 2481 886 2538 dummodo
917 2481 1095 2538 verbis
1122 2482 1323 2539 nostris
1351 2483 1614 2540 benevole
1636 2499 1699 2540 ac
1721 2485 1841 2541 dili-

227 2587 422 2643 genter
444 2573 744 2629 attendant.

299 2667 432 2724 CAP.
472 2667 514 2723 1.
557 2667 917 2730 Necessarium
955 2684 1063 2724 esse
1093 2677 1150 2722 ut
1183 2685 1338 2725 causa
1366 2670 1598 2733 dicatur,
1637 2687 1700 2725 ex
1740 2687 1840 2740 qua

224 2760 529 2817 scandalum
553 2771 722 2816 ortum
757 2772 852 2818 est.
874 2791 946 2802 —
966 2761 1232 2830 Quoniam
1258 2775 1438 2818 autem
1469 2765 1522 2818 in
1550 2778 1837 2833 corporum

223 2852 389 2907 etiam
433 2853 711 2908 curatione
749 2867 856 2908 non
904 2853 1250 2908 mediocriter
1272 2894 1288 2917 ,
1321 2855 1430 2908 imo
1458 2853 1745 2924 plurimum
1771 2854 1836 2910 ad

225 2942 542 3013 abigendam
580 2944 950 3015 :egritudinem
973 2943 1218 3000 conferre
1235 2945 1406 3013 solet,
1428 2956 1480 3000 ut
1500 2947 1837 3002 occasionem

223 3034 561 3104 aegritudinis
601 3033 776 3091 discat
803 3045 1037 3106 aegrotus
1067 3041 1284 3108 (neque
1325 3039 1466 3092 enim
1498 3047 1704 3094 tantum
1736 3038 1839 3095 hoc

224 3128 462 3197 cognito,
499 3129 814 3185 liberabitur
841 3130 1031 3186 morbo
1059 3147 1165 3202 quo
1191 3132 1460 3188 detinetur
1483 3173 1498 3197 ,
1533 3133 1626 3188 sed
1658 3147 1759 3188 nec
1785 3133 1836 3186 in

224 3233 350 3272 eutn
377 3227 562 3288 postea
590 3220 789 3277 incidet
808 3261 834 3288 ,,
858 3222 947 3276 ubi
982 3237 1199 3278 causam
1235 3225 1593 3290 intellexerit,
1638 3241 1708 3280 ex
1734 3243 1837 3296 qua

222 3310 276 3362 in
301 3323 424 3364 eum
452 3311 618 3366 semel
643 3312 906 3380 inciderit,
931 3323 986 3369 et
1004 3315 1103 3371 sibi
1133 3316 1198 3370 ab
1221 3331 1284 3371 ea
1308 3317 1590 3389 cavebit),
1622 3333 1719 3388 age
1742 3333 1840 3373 nos

224 3399 390 3455 etiam
435 3401 536 3456 hoc
578 3404 809 3472 primum
855 3421 1027 3474 regros
1054 3406 1382 3472 doceamus,
1431 3408 1571 3463 unde
1615 3409 1721 3463 illis
1753 3409 1839 3464 hic

234 3492 474 3547 scandali
519 3494 741 3549 morbus
767 3497 1041 3551 acciderit.
1086 3498 1216 3554 Nam
1247 3501 1289 3553 si
1319 3500 1424 3555 hoc
1445 3503 1796 3571 cognmerint
1818 3545 1834 3569 ,

225 3596 281 3641 et
309 3587 377 3641 ab
406 3602 472 3642 eo
497 3587 597 3643 sibi
627 3587 910 3658 diligenter
935 3606 1126 3647 cavere
1144 3595 1431 3658 voluerint,
1463 3610 1567 3649 non
1593 3595 1693 3652 bac
1724 3605 1840 3652 tzzn-

225 3687 340 3733 tum
365 3720 379 3743 ,
408 3689 500 3733 aut
528 3695 671 3737 nunc
699 3690 905 3736 tantum
955 3683 1272 3753 (egritudine
1301 3685 1672 3742 liberabuntur
1693 3730 1708 3753 ,
1741 3689 1838 3743 sed

226 3782 282 3825 et
311 3772 362 3824 in
384 3784 719 3842 perpetuum,
747 3774 883 3831 etab
910 3776 1008 3831 hac
1034 3787 1088 3832 et
1112 3792 1142 3830 a
1168 3778 1408 3848 pluribus
1428 3782 1658 3836 caeteris.
1685 3782 1840 3851 Ejus-

224 3863 370 3917 modi
411 3865 556 3919 enim
602 3874 683 3920 est
731 3867 889 3937 hujus
937 3868 1310 3923 medicamenti
1341 3880 1532 3925 natura
1559 3913 1573 3938 ,
1604 3879 1663 3926 ut
1692 3881 1748 3927 et
1781 3873 1832 3926 in

227 3956 480 4028 pra'scnti
515 3963 705 4022 sanet,
750 3966 806 4011 et
845 3959 961 4012 usui
1009 3959 1080 4014 sit
1107 3959 1174 4013 ad
1218 3960 1450 4030 reliquas
1493 3962 1838 4031 mgritndines

226 4046 622 4116 pra-cavendas.
653 4047 838 4118 Neque
865 4050 1008 4105 enim
1051 4067 1216 4106 unum
1241 4093 1255 4117 ,
1290 4053 1376 4106 vel
1404 4052 1512 4106 duo
1537 4094 1551 4117 ,
1582 4054 1663 4107 vel
1697 4056 1794 4107 tria
1819 4095 1835 4118 ,

223 4136 322 4195 Sed
360 4147 414 4191 et
457 4138 622 4194 multa
663 4151 788 4195 sunt
828 4141 879 4195 in
929 4140 1029 4195 bac
1058 4142 1164 4196 vita
1190 4184 1204 4208 ,
1251 4158 1368 4212 qua:
1401 4144 1592 4198 imberi
1618 4143 1838 4198 lioribus

229 4229 546 4284 scandalum
592 4231 859 4300 afferunt,
908 4242 961 4287 et
1006 4233 1103 4287 hos
1150 4249 1340 4289 omnes
1384 4250 1442 4288 se
1491 4235 1836 4289 liberaturam

223 4329 458 4391 aegrotos
479 4323 652 4376 oratio
675 4333 853 4378 nostra
878 4325 1183 4394 pollicetur,
1216 4324 1260 4377 si
1291 4325 1576 4390 voluerint,
1598 4335 1657 4380 ut
1677 4326 1836 4380 etiam

224 4421 352 4466 ante
378 4412 509 4476 dixi,
543 4422 597 4466 et
624 4412 852 4479 discere,
882 4422 935 4468 et
965 4415 1253 4469 observare
1273 4430 1391 4484 qua.-
1424 4415 1682 4470 dicemus.
1713 4416 1838 4471 llaec

223 4513 404 4559 autem
431 4519 459 4558 a
483 4520 567 4559 me
585 4506 869 4560 adhibetur
898 4506 1183 4575 medicina,
1216 4523 1320 4562 non
1349 4524 1412 4562 ex
1438 4512 1603 4563 sacris
1632 4519 1836 4564 tantum

221 4595 521 4664 Scripturis
546 4597 862 4666 composita,
890 4598 982 4651 sed
1014 4598 1176 4652 etiam
1204 4614 1269 4652 ex
1297 4600 1360 4652 iis
1386 4615 1505 4669 quae
1529 4600 1581 4654 in
1612 4600 1711 4655 hac
1729 4603 1837 4657 vita

223 4689 385 4750 riunt,
417 4696 470 4742 et
491 4697 748 4758 perpetuo
769 4690 1083 4758 contingunt
1115 4707 1126 4742 :
1160 4691 1237 4745 sic
1260 4701 1314 4743 nt
1340 4691 1401 4744 iis
1424 4691 1583 4745 etiam
1612 4691 1662 4745 in
1685 4708 1836 4746 com-

223 4795 386 4832 mune
418 4780 717 4848 medeatur,
746 4785 832 4850 qui
859 4783 1161 4851 Scripturas
1186 4798 1290 4837 non
1324 4784 1527 4853 legunt,
1554 4785 1711 4840 modo
1737 4801 1834 4838 vo-

222 4872 426 4927 luerint
453 4891 466 4925 :
497 4888 670 4942 neque
697 4874 837 4928 enim
863 4874 962 4929 hoc
995 4865 1285 4931 identidem
1317 4877 1592 4932 inculcare
1622 4876 1834 4934 desino.

223 4963 339 5018 Non
363 4965 503 5020 enim
528 4965 640 5021 ﬁeri
665 4974 861 5036 potest,
880 4979 928 5020 υ·
954 4969 1270 5022 necessitate
1291 4984 1352 5023 ac
1370 4969 1439 5025 vi.
1465 4978 1520 5024 et
1537 4970 1700 5023 invito
1722 4985 1838 5024 mv-

223 5055 419 5111 deatur
437 5073 684 5126 umquam
704 5058 817 5112 lucc
831 5061 1115 5128 medicina,
1134 5062 1212 5115 vel
1235 5061 1282 5115 ei
1300 5062 1386 5131 qui
1401 5062 1592 5116 divinis
1608 5063 1837 5115 oraculis

233 5164 337 5200 non
369 5150 641 5216 paruerit:
672 5158 725 5203 et
751 5149 873 5204 inde
897 5159 1162 5215 sumetur,
1193 5161 1245 5204 ct
1271 5151 1396 5205 inde
1429 5152 1655 5220 amplius
1679 5168 1836 5220 quam

233 5253 299 5293 ex
337 5239 439 5292 ulla
463 5249 748 5294 eventuum
775 5255 836 5294 ac
859 5257 1036 5296 rerum
1057 5242 1533 5296 demonstratione.
1563 5243 1836 5311 Siquidem

235 5330 497 5399 prolatam
519 5345 548 5383 a
580 5332 690 5387 lico
716 5333 1037 5386 sententiam
1062 5333 1164 5388 fide
1184 5333 1478 5402 digniorem
1506 5349 1646 5397 esse,
1680 5350 1837 5403 quam

234 5436 354 5490 quae
379 5421 548 5474 oculis
577 5437 894 5491 usurpamus
919 5424 1246 5478 credendum
1274 5434 1371 5477 est.
1410 5426 1577 5491 Quam
1610 5425 1678 5476 ob
1709 5441 1837 5479 cau-

234 5530 348 5568 sam
371 5525 425 5568 et
447 5514 531 5566 his
554 5516 766 5582 gravius
785 5517 1101 5584 supplicium
1126 5516 1387 5579 imminet,
1420 5518 1462 5569 si
1486 5518 1710 5569 correcti
1736 5535 1838 5570 non

239 5608 438 5668 fuerint
459 5649 475 5674 ,
514 5607 655 5678 quod
686 5623 808 5662 cum
838 5607 1140 5677 Scripturas
1167 5607 1497 5674 audiverim,
1533 5609 1728 5661 nullam
1761 5621 1840 5662 ta—

239 5758 605 5878 nen
639 5761 856 5814 manibus
900 5761 1214 5814 ἱηδιννηηεηια
1258 5768 1538 5825 malum“,
1586 5763 1840 5814 desumit]

1050 353 1142 409 AD
1185 350 1310 409 EOS
1349 348 1476 419 QUI'
1504 338 2001 405 SCANDALIZATI
2042 339 2246 398 SUNT.
2291 340 2418 396 LIB.
2466 340 2686 399 UNUS..

3443 343 3567 400 ὸὸἳδ

1947 471 2068 511 men
2101 456 2225 512 inde
2253 459 2412 511 talem
2441 457 2724 512 utilitatem
2755 455 3114 527 perceperint.
3147 455 3225 512 Ne
3267 457 3424 527 igitur
3453 458 3556 513 illis

1944 548 2044 604 hoc
2063 549 2292 614 eveniat,
2321 564 2419 617 age
2434 548 2544 618 jam
2566 547 2632 604 ad
2655 549 3046 603 correctionem
3071 563 3168 603 nos
3185 549 3552 619 accingamus,

1941 649 2102 710 atque
2129 640 2180 695 in
2217 640 2402 710 primis
2427 655 2642 695 causam
2671 639 3004 710 mgrittidinis
3031 639 3353 695 indicemus.

2012 731 2142 788 CAP.
2168 731 2232 786 ll.
2255 731 2609 786 Periculosum
2636 747 2744 785 esse
2758 747 2818 784 ac
2841 731 3108 785 dementire
3136 735 3338 801 plenum
3358 731 3558 786 curiose

1941 824 2196 895 inquirere
2214 834 2260 878 et
2275 825 2495 879 scrutari
2509 840 2751 877 arcanam
2763 823 2862 878 Dei
2877 825 3199 894 sapientiam.
3216 854 3286 863 —
3297 824 3556 892 Quaenam

1943 916 2106 986 igitur
2128 924 2288 970 tanta:
2312 915 2642 986 (egritudinis
2664 923 2748 970 est
2774 915 2969 969 causa?
2991 914 3271 970 Curiosum
3297 916 3554 971 nimirum

1941 1019 1995 1061 et
2020 1020 2478 1076 supervacaneum
2509 1006 2739 1060 istorum
2768 1005 3029 1070 studium,
3064 1015 3119 1060 et
3143 1006 3284 1076 quod
3312 1007 3554 1062 omnium

1943 1116 2061 1169 quae
2090 1099 2242 1166 ﬁunt,
2269 1099 2509 1168 singulas
2531 1098 2700 1153 velint
2721 1111 2912 1152 causas
2935 1112 3282 1167 cognoscere,
3313 1099 3454 1170 quod
3478 1099 3559 1154 in-

1943 1190 2491 1258 comprehensibilem
2534 1197 2589 1244 et
2616 1188 2939 1244 ineﬂ‘abilem
2979 1189 3072 1244 Dei
3119 1190 3558 1258 providentiam,

1944 1281 2227 1347 inlinitam,
2258 1289 2313 1336 et
2342 1280 2765 1352 investigabilem
2791 1281 3040 1347 serutari,
3071 1292 3125 1336 et
3148 1282 3201 1335 in
3233 1297 3350 1336 eam
3380 1282 3559 1352 impu-

1943 1374 2135 1430 denter
2159 1390 2222 1430 ac
2243 1376 2454 1430 curiose
2481 1383 2748 1430 conentur
2766 1374 3058 1444 inquirere.
3082 1374 3416 1444 Quamquam
3437 1377 3561 1445 quis

1947 1481 2198 1536 umquam
2240 1465 2540 1536 sapientior
2583 1465 2789 1521 exstitit
2831 1465 3040 1520 Paulo?
3084 1467 3178 1520 Dic
3208 1466 3352 1519 enim
3386 1465 3554 1533 mibi,

1946 1570 2125 1610 nonne
2152 1570 2246 1609 vas
2273 1555 2548 1610 electionis
2568 1565 2684 1610 erat
2711 1554 2855 1610 iste?
2883 1569 3061 1610 nonne
3079 1570 3326 1625 magnam
3351 1565 3406 1610 et
3427 1557 3561 1612 inef-

1945 1648 2160 1704 fabilem
2205 1649 2307 1703 sibi
2352 1649 2584 1718 Spiritus
2625 1650 2857 1719 gratiam
2909 1648 3336 1704 conciliaverat?
3380 1665 3562 1708 nonne

1946 1741 2217 1797 Christum
2252 1741 2308 1795 in
2345 1755 2405 1796 se
2431 1742 2738 1810 loquentem
2766 1740 3040 1796 habebat?
3067 1756 3247 1797 nonne
3273 1741 3560 1798 verborum

1947 1833 2121 1888 factus
2140 1834 2409 1904 particeps
2437 1841 2493 1887 et
2511 1831 2606 1887 Dei
2629 1832 2799 1887 fuerat
2825 1847 3145 1886 arcanorum
3170 1833 3194 1886 ?
3221 1848 3402 1888 nonne
3440 1848 3564 1904 quas

1946 1926 2080 1980 nulli
2112 1925 2318 1980 homini
2339 1923 2484 1994 loqui
2507 1923 2719 1988 licebat,
2750 1923 2841 1980 ille
2862 1925 3008 1979 solus
3037 1923 3355 1980 audiverat?
3379 1940 3563 1982 nonne

1946 2020 2001 2074 in
2035 2011 2337 2088 paradisum
2360 2005 2545 2088 raptus
2563 2017 2782 2072 fuerat?
2809 2031 2987 2073 nonne
3007 2017 3249 2073 sublatus
3267 2018 3322 2073 in
3343 2019 3561 2074 tertium

1944 2112 2173 2167 escium?
2220 2126 2399 2166 nonne
2431 2121 2628 2166 terram
2672 2119 2729 2166 et
2759 2125 2909 2165 mare
2939 2113 3329 2180 percurrcrat?
3374 2127 3559 2170 nonne

1947 2205 2205 2260 barbaros
2228 2203 2593 2273 philosophari
2615 2202 2874 2258 docuerat
2890 2202 2916 2256 ?
2937 2219 3116 2257 nonne
3136 2204 3312 2259 varias
3333 2203 3565 2274 Spiritus

1945 2296 2290 2367 operatioues
2336 2295 2667 2352 exhibebat?
2711 2309 2894 2351 nonne
2925 2298 3150 2366 populos
3195 2297 3436 2367 integros
3471 2313 3564 2354 ur-

1944 2390 2150 2460 besque
2193 2388 2618 2444 moderabatur?
2659 2401 2838 2444 nonne
2868 2398 3039 2444 totum
3079 2390 3265 2445 orbem
3296 2399 3560 2446 terrarum

1947 2483 2086 2539 Deus
2117 2482 2364 2537 manibus
2376 2481 2494 2552 ejus
2505 2480 3261 2537 eommiserat?Verumtamcn
3277 2481 3367 2538 ille
3384 2492 3564 2540 tantus

1944 2592 2006 2631 ac
2037 2577 2180 2644 tilis,
2205 2575 2272 2632 ad
2305 2591 2341 2631 ο
2371 2576 2587 2645 sapiens
2608 2588 2670 2630 ac
2691 2583 2901 2646 potens,
2929 2590 2993 2630 ac
3021 2576 3313 2645 spiritualis
3341 2577 3428 2632 ille
3459 2578 3561 2646 vir,

1942 2667 2037 2735 ψςὶ
2061 2675 2166 2720 tam
2200 2669 2371 2720 multa
2407 2666 2749 2730 obtinuerat,
2779 2682 2903 2721 cum
2941 2666 3006 2720 ad
3032 2667 3430 2722 extendendam
3462 2669 3559 2724 Dei

1946 2749 2333 2830 providentiam
2371 2774 2431 2813 se
2466 2757 2761 2822 convertit,
2807 2767 2861 2812 et
2891 2772 2997 2813 non
3022 2758 3135 2828 jam
3182 2768 3345 2812 totam
3377 2761 3562 2829 provi-

1943 2853 2176 2910 dentiam
2204 2894 2218 2918 ,
2265 2852 2360 2907 sed
2394 2867 2552 2905 unam
2583 2851 2699 2921 ejus
2743 2851 2919 2906 solum
2958 2861 3166 2922 partem
3212 2854 3560 2924 considerat,

1944 2946 2064 3001 audi
2091 2961 2198 3016 quo
2228 2954 2385 3016 pauo
2412 2945 2638 2999 miretur
2661 2988 2675 3011 ,
2708 2961 2816 3016 quo
2845 2955 3004 3016 pacto
3032 2948 3294 3018 vertigine
3321 2947 3562 3014 laboret,

1942 3056 2048 3111 quo
2071 3048 2226 3110 pacto
2251 3038 2535 3094 confestim
2559 3038 2783 3104 resiliat,
2813 3053 2979 3109 seque
3006 3039 3146 3094 illam
3171 3040 3391 3095 minimc
3411 3056 3560 3096 com-

1943 3135 2276 3206 prehendere
2294 3151 2450 3206 posse
2469 3134 2575 3193 [διο
2591 3143 2715 3191 itur.
2734 3133 2959 3202 Quando
2985 3134 3144 3205 igitur
3164 3133 3567 3205 contemplaba-

1947 3243 2033 3285 tur
2056 3271 2070 3294 ,
2101 3245 2208 3285 non
2240 3227 2514 3299 quomodo
2541 3227 2749 3297 angelis
2785 3225 3092 3297 provideret
3127 3235 3181 3281 et
3224 3225 3578 3298 archangelis.

1948 3324 2105 3386 Deus,
2135 3330 2194 3375 et.
2212 3318 2558 3386 Cherubinis,
2581 3328 2672 3372 aut
2696 3315 3031 3387 Seraphinis,
3059 3326 3150 3372 aut
3165 3318 3377 3373 czeteris
3407 3325 3564 3389 pote-

1945 3415 2174 3470 S'atibus
2198 3454 2213 3478 ,
2245 3429 2367 3483 qua:
2410 3412 2512 3467 sub
2537 3421 2814 3482 aspectum
2861 3410 3082 3466 minime
3112 3411 3313 3466 cadunt
3337 3454 3352 3480 ,
3387 3426 3565 3484 neque

1943 3522 2048 3576 quo
2078 3516 2232 3575 pacto
2261 3505 2362 3560 soli
2388 3546 2403 3570 ,
2431 3503 2606 3571 lunae,
2636 3502 2773 3558 ctelo
2792 3544 2808 3572 ,
2842 3511 3000 3558 terra!
3021 3544 3036 3570 ,
3068 3502 3225 3567 mari,
3260 3518 3434 3572 neque
3457 3518 3574 3574 quo.

1947 3607 2104 3668 pacto
2125 3596 2564 3669 humanogeneri
2588 3597 2868 3663 universo,
2890 3610 3066 3666 neque
3085 3609 3194 3666 quo
3212 3604 3368 3665 pacto
3391 3596 3566 3651 brutis

1945 3690 2338 3754 animantibus,
2371 3699 2425 3744 et
2455 3688 2653 3759 plantis
2673 3729 2688 3754 ,
2721 3697 2776 3743 et
2806 3687 3150 3752 seminibus,
3178 3695 3232 3741 et
3259 3685 3443 3742 herbis
3464 3729 3480 3754 ,
3508 3696 3566 3744 et

1944 3784 2084 3849 aeri,
2117 3792 2173 3838 et
2200 3781 2375 3838 ventis
2395 3823 2408 3845 ,
2442 3789 2497 3834 et
2521 3777 2859 3848 fontibus,et
2885 3777 3226 3844 fluminibus,
3257 3792 3432 3849 neque
3456 3793 3574 3850 quo

1946 3884 2101 3945 pacto
2131 3875 2360 3928 naturali
2390 3888 2571 3928 rerum
2598 3872 2738 3927 ortui
2769 3878 2826 3928 et
2849 3871 3138 3927 accretioni
3159 3912 3174 3938 ,
3204 3881 3256 3926 et
3296 3880 3568 3928 sustenta-

1945 3966 2099 4032 tioni,
2121 3980 2184 4019 ac
2207 3965 2427 4034 reliquis
2448 3962 2720 4034 ejusmodi
2741 3981 2754 4017 :
2773 3962 2867 4018 sed
2891 3977 3050 4018 unam
3073 3962 3190 4044 ejus
3210 3963 3567 4034 providentia:

1945 4069 2149 4128 partem
2180 4072 2501 4123 assumens,
2546 4055 2798 4109 nimirum
2828 4070 2955 4126 erga
2994 4054 3216 4111 Judmos
3245 4066 3300 4111 et
3333 4057 3569 4126 gentiles

1945 4156 1960 4220 (
1987 4149 2251 4218 siquidem
2279 4157 2445 4204 totam
2471 4149 2540 4203 de
2568 4148 2670 4203 illis
2697 4148 3002 4203 orationem
3033 4159 3377 4218 pertexucrat
3396 4163 3568 4217 ,cum

1943 4241 2166 4295 doceret
2192 4283 2207 4306 ,
2250 4256 2357 4310 quo
2402 4250 2557 4310 pacto
2601 4239 2739 4295 alios
2780 4251 2999 4295 voearat
3041 4255 3106 4295 ex
3138 4226 3386 4310 gentibus
3411 4282 3426 4308 ,
3461 4258 3572 4313 quo

1944 4342 2100 4404 pacto
2127 4350 2191 4388 ex
2219 4334 2420 4390 Iud-cis
2448 4333 2719 4404 profectos
2743 4333 3026 4402 rcjecerat,
3057 4343 3110 4389 et
3133 4349 3241 4405 quo
3271 4347 3428 4404 pacto
3462 4338 3568 4390 mi-

1947 4425 2242 4503 sericordia
2295 4435 2473 4481 motus
2521 4436 2876 4494 utrorumque
2919 4425 3078 4480 saluti
3126 4427 3569 4496 consuluerat),

1944 4518 2070 4573 audi
2099 4534 2219 4588 qua:
2258 4519 2426 4573 dicat.
2470 4515 2921 4573 Animadvertens
2963 4518 3105 4572 enim
3147 4516 3308 4587 qu‘am
3340 4518 3575 4572 immen-

1945 4625 2064 4663 sum
2109 4624 2168 4663 se
2198 4609 2418 4678 pelagus
2463 4608 2696 4677 aperiret
2745 4609 2907 4663 etiam
2937 4608 2988 4661 in
3023 4609 3123 4662 hac
3155 4609 3266 4677 ipsa
3296 4615 3480 4680 parte,
3517 4615 3574 4663 et

1949 4701 2000 4754 in
2032 4700 2356 4771 profundum
2403 4701 2577 4771 ipsum
2611 4701 2729 4770 ejus
2772 4700 3120 4770 providentia
3157 4702 3347 4755 volens
3386 4702 3576 4772 despi-

1947 4809 2091 4856 ccre,
2122 4801 2390 4862 tamquam
2420 4782 2680 4861 vertigine
2700 4801 2980 4860 correptus
3000 4800 3052 4846 et
3076 4791 3327 4846 inell‘ahili
3351 4791 3585 4862 dispen-

1947 4888 2172 4943 s'itionis
2210 4887 2372 4957 hujus
2408 4889 2668 4959 mysterio
2697 4897 3000 4943 commotus
3024 4930 3040 4956 ,
3087 4889 3361 4946 admirans
3387 4897 3442 4944 et
3469 4889 3568 4950 ob-

1947 4990 2261 5048 stupescens
2293 4982 2637 5046 immensam,
2670 4979 2998 5036 ineffabilem
3027 4991 3079 5036 et
3108 4982 3570 5051 incomprehensi-

1949 5071 2107 5125 bilem
2139 5072 2236 5126 Dei
2265 5073 2581 5141 sapientiam
2624 5088 2686 5126 ac
2725 5071 3155 5143 providentiam,
3200 5073 3424 5134 resiliit,
3471 5073 3570 5128 has

1945 5178 2110 5219 voces
2139 5163 2430 5227 emittens,
2465 5171 2520 5216 et
2560 5164 2724 5216 multa
2767 5177 2888 5215 eum
2919 5163 3084 5215 animi
3131 5166 3570 5218 consternatione

1948 5258 1999 5311 in
2030 5257 2145 5311 lucc
2170 5256 2332 5325 verba
2361 5255 2602 5324 prorupit
2628 5272 2640 5306 :
2670 5253 2714 5308 0
2740 5253 2959 5308 altitudo
2982 5256 3271 5309 divitiarum
3293 5266 3340 5310 et
3358 5258 3568 5327 sapien-

1949 5353 2033 5403 tia:
2071 5360 2116 5402 et
2150 5349 2374 5402 scicntia:
2404 5346 2502 5401 Dei
2529 5346 2720 5418 (Rom.
2747 5346 2836 5402 11.
2873 5329 2987 5416 ’55)
3014 5349 3027 5401 ε
3067 5348 3267 5403 Deinde
3296 5360 3350 5402 ut
3379 5360 3566 5404 osten-

1947 5443 2103 5495 deret
2149 5441 2484 5494 altitudinem
2526 5453 2585 5492 se
2615 5437 2829 5506 quidem
2876 5437 3097 5500 videre,
3143 5439 3237 5492 sed
3277 5451 3476 5508 quanta
3503 5442 3572 5495 sit

1949 5534 2162 5588 discere
2177 5532 2396 5588 minime
2419 5544 2600 5601 posse,
2619 5529 2874 5599 subjecit:
2896 5529 3060 5594 Quam
3083 5529 3431 5582 inscrutubilia
3453 5542 3569 5585 sinit

1942 5625 2143 5697 judicia
2164 5627 2293 5696 ejus,
2317 5633 2363 5678 et
2388 5622 2760 5694 iiwestigabiles
2791 5622 2886 5676 via:
2905 5621 3058 5693 ejus!
3078 5621 3192 5676 Non
3214 5622 3348 5676 dixit
3371 5624 3569 5676 incom-

1957 5719 2337 5787 prehensibilia
2367 5717 2544 5773 solum
2570 5759 2584 5783 ,
2616 5715 2710 5771 sed
2742 5724 2796 5770 et
2821 5713 3186 5770 Inscrutabiiia
3206 5715 3408 5782 judicia
3432 5731 3561 5782 epis.

1956 5813 2075 5869 Non
2104 5813 2244 5868 enim
2271 5812 2441 5868 solum
2468 5809 2929 5878 comprehendere
2953 5824 3057 5866 non
3085 5818 3257 5875 petest
3283 5807 3444 5868 ullus.
3476 5807 3572 5864 Sed
