4050 6430
516 380 626 437 485

517 508 691 565 neque
732 484 1169 561 perscrutationis
1209 483 1526 554 principium
1570 481 1809 539 invenire
1842 498 1855 535 :
1890 481 1960 536 ita
1990 493 2098 535 non

516 583 675 640 modo
695 580 762 636 ad
783 580 939 635 linem
966 577 1243 647 pervenire
1269 589 1375 629 non
1390 574 1551 641 valet,
1576 572 1668 628 sed
1690 586 1864 642 neque
1893 570 2102 626 initium

414 688 419 693 ‘
511 675 967 748 dispensationum
994 670 1111 740 ejus
1137 668 1476 738 investigare.
1494 666 1625 722 Cum
1652 672 1829 719 autem
1854 662 2100 728 dixisset,

516 769 681 834 Quam
691 762 961 820 inscrutabi
967 761 1035 815 lia
1044 760 1244 832 judicia
1264 760 1390 828 ejus,
1414 767 1461 811 et
1478 753 1844 827 investigabiles
1859 754 1951 809 uite
1967 754 2099 824 ejus,

513 869 569 913 et
586 857 881 913 admiratus
900 866 1066 920 esset,
1097 862 1149 908 et
1168 849 1548 919 obstupuisset,
1573 846 1959 918 gloriﬁcatione
1983 858 2105 900 ser-

513 964 727 1007 monem
776 946 1105 1010 terminavit,
1148 942 1262 998 hinc
1303 940 1555 1011 adjicicns
1577 979 1591 1003 ,
1621 952 1684 992 ac
1716 937 1900 992 dicens
1930 954 1943 989 :
1976 936 2103 1004 Quis

511 1043 742 1114 cognovit
770 1055 970 1094 sensum
990 1036 1219 1101 Domini,
1240 1043 1328 1087 aut
1349 1032 1461 1104 quis
1480 1028 1802 1084 consiliarius
1829 1031 1941 1099 ejus
1964 1028 2103 1099 fuit?

509 1146 598 1191 aut
626 1136 736 1206 quis
760 1134 900 1205 prior
926 1130 1063 1186 dedit
1091 1130 1200 1195 illi,
1239 1137 1284 1181 et
1309 1126 1609 1180 retribuetur
1643 1126 1686 1179 ei
1708 1124 1734 1178 2’
1761 1122 2015 1189 Quoniam
2039 1138 2103 1176 ea:

510 1229 623 1300 ipso
643 1269 661 1295 ,
692 1239 736 1282 et
760 1243 847 1297 per
866 1226 1052 1296 ipsum,
1083 1233 1128 1276 et
1151 1222 1201 1274 in
1220 1221 1331 1291 ipso
1355 1230 1468 1274 sunt
1490 1218 1661 1273 omnia
1692 1232 1711 1271 :
1740 1216 1837 1288 ipsi
1864 1215 2028 1287 gloria
2049 1214 2102 1269 in

510 1335 716 1375 sitcum.
750 1318 911 1371 Amen
937 1312 1127 1387 (Rom.
1157 1314 1244 1367 ii.
1275 1310 1440 1366 Iit—36
1460 1310 1499 1380 ).
1529 1308 1727 1364 [lorum
1774 1316 1950 1361 autem
1978 1319 2099 1359 ver-

507 1412 700 1467 borum
724 1408 812 1463 hic
836 1420 1025 1463 sensus
1049 1412 1128 1460 est
1164 1421 1177 1459 :
1208 1404 1323 1474 ipse
1349 1400 1469 1456 fons
1497 1409 1614 1464 est,
1647 1399 1761 1469 ipse
1786 1406 1971 1452 auctor
2002 1395 2099 1450 ho-

510 1515 722 1567 norum,
751 1498 901 1553 nullo
926 1496 1125 1566 indiget
1156 1492 1435 1565 participe,
1466 1490 1610 1546 nullo
1635 1486 1958 1552 consiliario;
1992 1501 2100 1542 non

509 1591 578 1646 ab
624 1591 796 1645 altero
852 1587 1144 1643 fmneratur
1185 1585 1545 1656 cognitionem
1579 1590 1669 1636 aut
1700 1579 2098 1650 intell'gentiam

508 1681 626 1752 ipse
649 1679 843 1750 opifex,
875 1678 991 1749 ipse
1017 1675 1195 1732 omnia
1224 1690 1346 1730 cum
1374 1689 1480 1729 non
1509 1681 1704 1736 essent,
1740 1670 2015 1740 produxit,
2046 1678 2101 1725 et

508 1771 623 1843 ipse
654 1768 910 1841 producta
938 1756 1224 1823 conservat
1252 1776 1306 1821 et
1338 1773 1516 1819 tuetur
1552 1773 1608 1818 ut
1638 1762 1739 1833 ipsi
1770 1761 1961 1832 placet.
2005 1759 2097 1815 Illa

506 1864 648 1919 enim
679 1862 837 1917 verba
863 1902 879 1928 ,
925 1857 1012 1913 Ea:
1053 1859 1165 1929 ipso
1209 1866 1257 1912 et
1288 1873 1381 1927 per
1409 1857 1576 1926 ipsum
1600 1863 1644 1908 et
1667 1855 1721 1907 in
1747 1853 1859 1923 ipso
1889 1853 2059 1907 omnia
2082 1892 2096 1916 ,

505 1956 638 2011 nihil
666 1952 808 2010 aliud
838 1951 1102 2016 indicant,
1151 1949 1253 2004 nisi
1280 1957 1555 2004 auctorem
1587 1961 1767 2002 rerum
1799 1953 2099 2001 creatarum

505 2048 654 2103 illum
681 2061 834 2110 esse,
865 2055 1023 2115 atque
1048 2043 1117 2099 ab
1158 2042 1250 2097 illo
1286 2041 1508 2096 retineri
1535 2047 1729 2095 cuncta
1751 2080 1765 2105 ,
1798 2046 1853 2093 et
1879 2050 2101 2092 c0nscr-

504 2142 639 2198 vari.
667 2140 866 2196 Deinde
890 2154 1096 2195 memor
1126 2135 1362 2191 muneris
1399 2147 1508 2203 quo
1536 2146 1635 2187 nos
1670 2130 1890 2186 donavit
1912 2170 1929 2195 ,
1969 2128 2097 2184 alibi

505 2233 580 2288 ait
604 2250 618 2286 :
648 2230 850 2286 Gratias
871 2228 980 2283 Deo
1008 2242 1159 2297 super
1184 2222 1515 2278 inenarrabili
1538 2220 1673 2275 dono
1713 2220 1824 2287 eius
1851 2217 1943 2289 (2.
1976 2217 2094 2274 Cor.

512 2329 566 2379 υ.
598 2322 725 2392 15).
762 2319 881 2376 Jam
911 2333 1098 2388 pacem
1128 2330 1339 2386 quoque
1363 2355 1378 2376 ,
1412 2326 1569 2383 quam
1602 2309 1755 2365 nobis
1781 2308 1958 2375 dedit,
1993 2324 2097 2363 non

504 2412 667 2470 modo
696 2428 801 2468 non
825 2424 983 2483 posse
1010 2422 1107 2464 nos
1132 2407 1375 2464 oratione
1401 2402 1701 2472 complecti,
1733 2415 1907 2471 neque
1930 2400 2100 2469 expli-

502 2520 649 2573 care,
677 2502 772 2560 sed
799 2514 853 2559 et
880 2515 1097 2557 omnem
1125 2506 1357 2554 mentem
1387 2493 1645 2550 excedere
1674 2491 1947 2553 declarat,
1976 2506 2098 2545 cum

503 2600 578 2653 ait
602 2614 616 2652 :
638 2596 757 2651 Pax
780 2594 875 2650 Dei
896 2638 910 2661 ,
942 2608 1055 2661 quae
1079 2597 1350 2659 exsuperat
1376 2602 1574 2642 onmem
1593 2602 1795 2640 sensum
1816 2624 1830 2649 ,
1856 2587 2103 2639 custodiet

503 2688 659 2743 corda
694 2682 1156 2755 uestra.(PIiilipp.
1186 2680 1239 2734 4.
1266 2678 1370 2748 7).
1412 2675 1467 2732 Si
1509 2675 1668 2746 igitur
1704 2673 1927 2729 altitudo
1968 2669 2103 2727 divi-

504 2781 695 2836 tiarum
716 2786 772 2833 et
796 2774 1069 2845 sapientia:
1097 2781 1152 2828 et
1177 2770 1413 2826 scientias
1434 2768 1601 2840 ipsius
1622 2768 1882 2821 immensa
1908 2774 1993 2820 est
2011 2806 2025 2827 ,
2056 2764 2101 2820 si

503 2868 864 2932 inserutabilia
881 2866 1077 2937 judicia
1105 2864 1221 2935 ejus
1244 2904 1259 2931 ,
1292 2872 1350 2921 et
1370 2862 1471 2917 vim
1492 2860 1659 2931 ipsius
1682 2855 2095 2927 investigabiles,

503 2940 548 3023 si
569 2964 767 3021 donum
789 2961 905 3032 ejus
922 2970 1005 3016 est
1022 2956 1395 3021 inenarrabile,
1415 2964 1466 3011 et
1482 2968 1583 3024 pax
1599 2951 1715 3025 ejus
1732 2964 1945 3007 onmem
1972 2964 2099 3005 sen-

503 3072 622 3115 sum
648 3061 955 3125 exsuperat,
985 3066 1090 3107 non
1116 3065 1292 3106 meum
1325 3058 1559 3125 tantum.
1589 3056 1643 3101 et
1669 3054 1817 3100 tuum
1839 3085 1855 3111 ,
1887 3044 1970 3099 vel
2000 3044 2101 3098 ali-

502 3145 654 3218 cujus
684 3145 925 3210 alterius,
954 3155 1127 3212 neque
1154 3139 1337 3205 Pauli,
1367 3137 1456 3193 vel
1483 3136 1628 3192 Petri
1655 3144 1859 3190 tantum
1879 3177 1894 3200 ,
1926 3136 2017 3190 sed
2048 3144 2103 3191 et

502 3246 677 3313 ipsum
692 3235 1208 3309 archangelorum'et
1222 3243 1572 3302 supernarum
1588 3241 1804 3283 sensum
1822 3228 2100 3297 virtutum,

502 3346 609 3404 qua
637 3338 693 3387 tu
746 3328 1091 3387 excusatione
1138 3325 1329 3397 dignus
1353 3364 1369 3390 ,
1412 3339 1517 3393 qua
1548 3323 1701 3377 venia
1727 3320 2052 3392 judicaberis
2082 3364 2098 3390 ,

502 3439 703 3497 qumso,
733 3422 821 3493 qui
848 3431 991 3476 tanta
1018 3418 1285 3475 dementia
1309 3430 1548 3487 praeceps
1576 3412 1768 3469 feraris
1794 3423 1849 3469 et
1871 3413 2097 3480 insania,

504 3528 565 3574 ut
581 3532 701 3588 quae
720 3511 1102 3584 investigabilia
1125 3518 1270 3576 sunt,
1288 3507 1498 3563 curiose
1515 3505 1733 3561 studeas
1750 3504 2102 3575 comprehen-

502 3610 632 3665 dere
651 3649 666 3673 ,
695 3606 868 3677 deque
894 3604 1041 3658 omni
1086 3601 1181 3657 Dei
1214 3598 1846 3670 providentiaratiouem
1876 3593 2100 3662 exigas?

502 3701 635 3758 Nam
661 3700 704 3755 si
732 3700 778 3754 is
803 3697 894 3769 qui
922 3704 1070 3751 tanta
1097 3692 1317 3749 scientia
1343 3690 1575 3745 donatus
1600 3698 1682 3744 est
1703 3729 1716 3752 ,
1743 3688 1941 3756 quique
1987 3694 2097 3740 tam

502 3794 764 3849 immensa
802 3787 940 3859 apud
970 3786 1134 3841 Deum
1166 3779 1614 3843 fiduciavalehat,
1644 3786 1698 3833 et
1722 3777 1887 3848 gratia
1914 3785 2097 3845 totque

501 3880 868 3955 spiritualibus
893 3877 1051 3934 donis
1079 3877 1281 3931 ditatus
1308 3871 1515 3937 fuerat,
1544 3868 1721 3935 cedit,
1752 3876 1807 3967 et
1835 3881 1894 3921 se
1922 3867 2098 3967 scien-

500 3975 630 4031 tiam
659 3974 929 4044 inquirere
970 3982 1130 4040 posse
1160 3965 1394 4032 tiiftidit,
1436 3973 1493 4018 et
1519 3977 1626 4018 non
1662 3959 1824 4016 modo
1865 3959 2102 4028 repet-ire

504 4081 613 4123 non
628 4065 825 4132 valere,
839 4061 932 4119 sed
946 4076 1013 4116 ne
1028 4075 1057 4115 a
1076 4056 1336 4129 principio
1348 4054 1565 4126 quidem
1585 4051 1832 4117 scrutari,
1855 4049 2092 4119 quando-

502 4156 721 4233 quidem
747 4164 803 4212 et
826 4155 929 4210 hoc
954 4163 1039 4210 est
1066 4149 1419 4221 impossibile,
1450 4160 1630 4202 nonne
1652 4144 1890 4200 omnium
1921 4142 2098 4198 infeli-

502 4254 751 4310 cissimus
776 4265 858 4319 es,
886 4258 943 4305 et
966 4245 1292 4318 gravissimo
1319 4244 1497 4298 furore
1520 4247 1817 4308 correptus,
1849 4238 1937 4308 qui
1966 4252 2098 4293 con-

503 4345 719 4405 trariam
766 4342 843 4397 illi
892 4341 1029 4394 viam
1078 4335 1347 4392 insistas?
1388 4330 1574 4402 Neque
1619 4330 1764 4386 enim
1807 4328 1936 4383 dicit
1982 4327 2099 4384 haec

503 4445 709 4492 tantum
722 4474 738 4499 ,
762 4432 857 4489 sed
877 4440 930 4487 et
950 4429 1015 4487 ad
1033 4425 1338 4485 Corinthios
1354 4424 1481 4480 olim
1498 4422 1565 4479 de
1591 4421 1812 4477 scientia
1835 4419 2093 4486 scribens,

501 4524 897 4592 ostendensque
947 4534 1053 4589 quo
1096 4525 1293 4588 pacto,
1342 4514 1468 4569 licet
1513 4512 1679 4569 multa
1716 4510 2095 4576 didicerimus,

508 4631 685 4673 tamen
716 4614 905 4685 exigua
945 4610 1103 4667 valde
1143 4624 1208 4664 ac
1232 4608 1453 4663 minima
1479 4612 1564 4661 est
1614 4602 1851 4659 scientia:
1901 4612 2100 4657 nostra:

509 4720 755 4769 mensura
766 4703 867 4769 ,sic
881 4703 955 4757 ait
973 4701 1055 4756 :Si
1069 4700 1182 4769 quis
1194 4715 1246 4753 se
1257 4698 1507 4752 existimat
1520 4695 1647 4749 scire
1658 4693 2100 4763 aliquid,nondum

507 4800 734 4868 cognovit
758 4790 1184 4864 quemadmodum
1212 4794 1405 4857 Oportet
1426 4801 1536 4840 eum
1559 4785 1689 4839 scire
1716 4783 1793 4856 (i.
1813 4783 1930 4837 Cor.
1948 4782 1999 4837 8.
2016 4782 2095 4851 2).

507 4888 641 4945 Tum
667 4884 972 4957 signiﬁcans
992 4881 1215 4937 multum
1239 4878 1391 4934 nobis
1418 4874 1656 4932 scientia:
1681 4875 1889 4939 deesse,
1914 4888 2100 4928 cumu-

509 4979 748 5037 latiorem
776 4990 905 5031 vero
931 4983 986 5029 et
1010 4972 1325 5042 ampliorem
1369 4978 1573 5038 partem
1618 4967 1671 5021 in
1702 4965 1878 5021 futuro
1904 4966 2100 5020 saeculo

508 5069 799 5135 reservari,
826 5076 1077 5122 caeterum
1103 5062 1449 5135 perexiguum
1476 5058 1603 5129 quid
1634 5057 1785 5114 nobis
1819 5071 1939 5112 esse
1964 5072 2099 5111 cou-

509 5175 720 5216 cessum
746 5199 762 5225 ,
794 5156 991 5226 adjecit
1022 5171 1037 5209 :
1072 5152 1154 5207 Ea:
1202 5164 1345 5221 parte
1369 5151 1714 5219 cognoscimus
1738 5190 1752 5213 ,
1794 5158 1840 5201 ct
1866 5163 1928 5200 et:
1957 5156 2101 5216 parte

510 5250 887 5320 prapitetamus.
917 5244 1045 5301 Cum
1082 5252 1252 5297 autem
1291 5241 1476 5295 uenerit
1503 5240 1639 5311 quod
1666 5239 1940 5308 perfectum
1986 5247 2058 5291 est
2081 5277 2096 5301 ,

510 5353 628 5396 tunc
656 5337 977 5394 evacuabitur
1002 5336 1137 5406 quod
1166 5350 1227 5389 ea:
1254 5342 1395 5403 parte
1417 5343 1485 5386 est
1511 5332 1529 5403 (
1552 5333 1604 5386 i.
1631 5330 1749 5387 Cor.
1777 5332 1863 5386 i5.
1888 5332 1941 5386 9.
1978 5331 2097 5397 10).

510 5433 690 5505 Neque
706 5432 792 5487 hic
826 5430 1087 5496 Subsistit,
1117 5427 1212 5484 sed
1230 5442 1350 5482 cum
1372 5426 1531 5481 vellet
1546 5426 1825 5481 ostendere
1842 5435 2099 5495 quantum

512 5528 649 5583 inter
668 5524 806 5579 hanc
825 5523 1100 5578 scientiam
1123 5528 1179 5577 et
1202 5520 1347 5575 illam
1375 5518 1604 5583 intersit,
1632 5517 1961 5585 multumque
1983 5530 2103 5571 esse

512 5615 807 5679 defectum,
842 5613 944 5668 hoc
970 5612 1198 5667 diversis
1242 5606 1732 5678 comparationibus
1761 5606 2101 5661 manifestum

515 5705 727 5761 reddit:
760 5702 888 5759 Cum
915 5719 1069 5757 essent
1121 5701 1362 5771 pntt'ttltts
1388 5742 1402 5765 ,
1438 5699 1672 5769 loquebar
1716 5709 1768 5751 ttt
1814 5698 2052 5769 parvulus
2086 5715 2102 5751 :

496 5793 761 5865 sepiebant
796 5804 854 5848 ut
878 5798 1149 5865 paruulus,
1186 5792 1461 5865 cogitabam
1508 5799 1565 5843 ut
1592 5789 1828 5859 parvulus
1858 5806 1870 5842 :
1901 5791 2102 5861 quando

1167 370 1225 426 S.
1267 368 1548 426 JOANNIS
1583 364 2065 425 CHRYSOSTOMI
2105 363 2421 420 Al‘tClliEl‘.
2463 365 2997 425 CONSTANTINOP.

3716 360 3827 415 ιδι

2210 488 2378 534 autem
2425 484 2594 550 factus
2637 498 2749 537 sum
2788 485 2898 549 uir,
2950 501 3182 540 εντα-[ιαμ
3230 506 3349 557 quin
3374 506 3529 550 erant
3572 494 3827 565 paruuli.

2224 568 2455 625 Videmus
2485 574 2619 627 enim
2646 590 2781 629 nunc
2808 592 2896 647 per
2938 577 3195 646 speculum
3244 580 3294 633 in
3337 582 3615 653 (enigmata
3639 626 3655 649 ,
3691 595 3820 639 tunc

2208 673 2375 717 autem
2395 666 2611 735 faciead
2632 667 2816 737 faciem
2844 669 2916 740 (l.
2938 667 3056 724 Cor.
3086 671 3168 727 i3.
3198 672 3283 727 il.
3313 671 3605 743 12).Vides
3636 691 3819 747 quan-

2210 767 2321 814 tum
2348 759 2561 816 intersit
2581 761 2605 816 ?
2625 762 2889 830 Quantqu
2912 765 3050 819 inter
3073 766 3351 834 parvulum
3374 783 3623 837 puerum,
3650 778 3713 825 et
3738 771 3816 826 vi-

2211 866 2330 905 rum
2364 852 2683 921 perfectum;
2706 868 2962 925 quantum
2994 857 3132 912 inter
3150 860 3446 928 speculum,
3468 869 3527 917 et
3549 863 3816 934 :enigma,

2208 942 2292 996 vel
2317 941 2475 997 aliam
2504 943 2786 1000 obscuram
2815 962 2995 1003 rerum
3027 950 3310 1018 visionem,
3336 962 3388 1007 et
3416 954 3622 1010 claram
3656 958 3819 1012 visio-

2209 1047 2331 1087 nem
2365 1050 2378 1088 :
2408 1034 2509 1089 hoc
2539 1034 2680 1089 enim
2706 1047 2808 1101 est,
2842 1036 2998 1093 Facie
3029 1040 3097 1092 ad
3117 1041 3317 1110 faciem.
3348 1043 3457 1097 Cur
3484 1045 3651 1115 igitur
3678 1046 3819 1103 furis

2208 1132 2263 1179 et
2284 1123 2502 1191 insanis,
2525 1124 2651 1181 dum
2674 1142 2737 1181 ea
2753 1144 2870 1198 quae
2896 1131 3157 1199 prohibita
3181 1142 3307 1186 sunt
3330 1133 3587 1190 audacter
3609 1134 3815 1192 frustra

2208 1224 2264 1271 et
2300 1216 2570 1273 incassum
2619 1221 3086 1291 aggrederisicur
3128 1239 3255 1279 vero
3302 1225 3465 1281 i‘aulo
3496 1242 3605 1282 non
3651 1244 3817 1299 pares

2206 1306 2403 1362 dicenti
2433 1325 2450 1364 :
2477 1306 2596 1363 lmo
2621 1326 2737 1365 vero
2780 1322 2833 1365 tu
2863 1314 2949 1382 qui
2991 1331 3042 1367 es
3062 1353 3077 1378 ,
3103 1330 3134 1369 ο
3163 1316 3314 1370 homo
3336 1357 3351 1383 ,
3379 1318 3466 1387 qui
3492 1320 3817 1388 respondeas

2208 1397 2354 1453 Deo.’
2396 1398 2673 1471 Numquid
2693 1401 2823 1457 dicet
2842 1405 3150 1475 ﬁgmentum
3204 1408 3252 1462 ei
3274 1450 3290 1474 ,
3332 1409 3419 1479 qui
3454 1425 3510 1464 se
3555 1411 3768 1480 ﬁnxerit
3794 1453 3812 1479 ,

2210 1489 2347 1558 Quid
2371 1507 2451 1547 me
2485 1493 2650 1564 fecisti
2675 1494 2749 1548 sic
2781 1492 2956 1564 (Rom.
2986 1495 3041 1551 9.
3069 1496 3206 1568 20)?

2277 1581 2515 1639 Liberum
2542 1585 2827 1640 arbitrium.
2850 1617 2923 1627 —
2955 1587 3113 1643 Vides
3152 1600 3404 1661 quantam
3435 1592 3811 1650 obedientiam

2205 1674 2467 1751 requirat?
2491 1684 2749 1745 quantum
2778 1676 3075 1733 silentium?
3102 1678 3217 1735 Non
3240 1682 3383 1736 enim
3407 1683 3551 1754 quod
3578 1683 3812 1741 libenun

2206 1764 2354 1818 tollat
2386 1765 2703 1832 arbitrium,
2736 1767 2837 1823 hoc
2874 1768 3035 1832 dicit;
3063 1769 3243 1826 absit:
3276 1771 3372 1828 sed
3415 1772 3521 1828 hoc
3564 1774 3809 1843 indicat,

2204 1870 2327 1911 cum
2359 1856 2447 1927 qui
2471 1857 2574 1912 ista
2601 1859 2824 1929 quierit,
2850 1859 2921 1914 ita
2957 1870 3164 1916 mutum
3192 1877 3315 1919 esse
3355 1862 3559 1920 debere
3584 1908 3601 1934 ,
3637 1876 3697 1920 ut
3724 1877 3815 1922 est

2206 1947 2317 2018 ipsa
2346 1947 2443 2002 luti
2472 1957 2661 2004 natura
2679 1990 2697 2016 ,
2718 1964 2841 2020 quas
2868 1951 3138 2010 artiﬁcem
3176 1954 3439 2024 sequitur,
3464 1970 3813 2029 quocumque

2203 2037 2383 2104 ducat,
2416 2040 2590 2109 neque
2636 2042 2889 2097 resistere
2909 2083 2924 2106 ,
2947 2050 3042 2098 aut
3078 2043 3290 2100 curiose
3327 2044 3619 2115 inquirere.
3652 2047 3811 2116 Quo-

2203 2128 2345 2184 circa
2377 2138 2577 2185 nostra:
2625 2139 2830 2187 natura;
2869 2147 2969 2187 nos
3010 2131 3302 2203 admonet,
3348 2146 3403 2192 et
3430 2135 3527 2192 luti
3565 2148 3620 2193 et
3657 2140 3813 2210 ﬁguli

2205 2222 2533 2277 méntionem
2556 2221 2702 2278 facit.
2734 2223 2966 2280 Tametsi
2998 2225 3143 2297 ﬁguli
3163 2235 3218 2283 et
3242 2228 3337 2284 luti
3364 2240 3446 2286 est
3474 2232 3664 2288 eadem
3686 2235 3813 2290 sub-

2205 2315 2428 2369 stantia.
2453 2313 2609 2381 Quod
2635 2317 2681 2371 si
2724 2316 2815 2373 ubi
2862 2318 3158 2375 substantia
3188 2330 3273 2377 est
3293 2322 3482 2379 eadem
3501 2365 3516 2389 ,
3548 2334 3694 2382 tanta
3724 2339 3815 2384 est

2204 2403 2505 2460 obedientia
2538 2424 2552 2461 :
2585 2405 2674 2462 ubi
2702 2406 2994 2465 discrimen
3019 2418 3103 2465 est
3122 2411 3446 2468 immensum
3472 2423 3527 2470 et
3550 2417 3813 2473 substan-

2207 2496 2294 2550 tia:
2316 2504 2371 2551 et
2400 2497 2640 2554 scientiis
2669 2513 2735 2555 ac
2754 2500 3086 2573 reliquorum
3107 2505 3369 2572 omnium,
3399 2522 3557 2577 quam
3585 2512 3807 2568 veniam

2206 2589 2490 2656 obtinebit,
2514 2592 2604 2662 qui
2625 2592 2759 2649 adeo
2786 2596 3106 2652 temerarius
3129 2607 3212 2651 est
3228 2607 3281 2653 et
3306 2598 3609 2669 impudens,
3631 2613 3693 2657 ut
3721 2619 3812 2661 res

2208 2678 2305 2735 Dei
2334 2682 2594 2737 creatoris
2613 2684 2694 2737 sui
2728 2685 2940 2740 curiose
2968 2689 3277 2742 scrutetur?
3298 2689 3504 2761 Cogita,
3534 2709 3568 2748 ο
3597 2692 3765 2749 homo
3786 2738 3804 2761 ,

2205 2774 2323 2844 quis
2350 2774 2427 2829 sis
2460 2792 2473 2828 :
2507 2773 2611 2830 hoc
2643 2775 2786 2831 enim
2812 2777 3116 2848 signiﬁcant
3158 2795 3221 2835 ea
3249 2796 3368 2851 qua:
3397 2782 3555 2849 dicit,
3580 2782 3662 2839 Tu
3691 2788 3810 2858 quis

2204 2878 2258 2918 es
2275 2862 2299 2916 φ
2318 2862 2507 2920 Nonne
2536 2864 2704 2921 lutum
2729 2866 2753 2921 ?
2782 2882 2961 2923 nonne
3006 2868 3142 2923 cinis
3168 2878 3224 2925 et
3253 2872 3464 2941 pulvis?
3490 2889 3672 2931 nonne
3721 2877 3809 2932 fa-

2204 2953 2327 3009 villa
2343 2954 2367 3008 i
2386 2969 2565 3011 nonne
2590 2954 2809 3012 fumus?
2832 2973 3015 3015 nonne
3038 2959 3280 3017 fratrum?
3309 2979 3485 3020 ncnne
3515 2966 3615 3022 ﬁos
3636 2967 3765 3026 fami
3781 2972 3810 3027 ?

2207 3044 2315 3100 Has
2343 3046 2485 3101 enim
2514 3062 2703 3103 omnes
2730 3048 3112 3108 similitudines
3138 3050 3448 3124 frequenter
3486 3059 3539 3113 in
3566 3060 3809 3117 medium

2205 3135 2479 3192 adducunt
2522 3138 2798 3210 prophetae
2823 3180 2838 3205 ,
2871 3140 2998 3196 dum
3062 3152 3268 3199 natura:
3310 3155 3511 3202 nostra;
3564 3150 3810 3208 nituntur

2204 3228 2510 3298 exprimam
2532 3229 2809 3285 veitatem.
2832 3232 2991 3302 Atqui
3024 3233 3068 3288 is
3092 3249 3252 3306 quem
3275 3236 3489 3294 curiose
3516 3243 3803 3311 scrutaris,

2205 3319 2525 3375 immortalis
2574 3328 2697 3387 est,
2722 3322 3069 3378 immutabilis
3090 3365 3107 3391 ,
3144 3340 3359 3398 semper
3378 3337 3500 3395 est,
3531 3340 3586 3385 et
3612 3334 3807 3389 eodem

2206 3410 2366 3465 modo
2394 3420 2494 3477 est,
2528 3411 2645 3465 sine
2667 3413 2951 3482 principio,
2980 3414 3097 3471 sine
3126 3414 3255 3483 ﬁne,
3284 3418 3466 3473 animo
3494 3420 3808 3491 incompre-

2205 3500 2500 3569 hensibilis,
2526 3510 2760 3558 mentem
2791 3513 3083 3574 exsuperat
3110 3548 3127 3573 ,
3153 3508 3534 3577 cogitationem
3554 3514 3803 3579 excedit,

2205 3592 2610 3663 inexplicabilis,
2631 3594 2939 3662 ineii‘abilis,
2966 3598 3524 3669 incomprehensibilis
3541 3618 3649 3657 non
3673 3606 3804 3662 mihi

2207 3686 2409 3756 tibique
2435 3672 2772 3753 solum,'non
2792 3688 3070 3760 prophetis
3090 3699 3144 3745 et
3164 3693 3422 3761 apostolis
3441 3734 3457 3760 ,
3485 3695 3580 3750 sed
3610 3706 3667 3751 et
3695 3712 3803 3752 cac-

2216 3776 2438 3831 lestibus
2470 3776 2776 3844 virtutibus,
2797 3795 2916 3849 qua:
2944 3794 3092 3849 pura:
3114 3790 3259 3850 sunt,
3284 3782 3602 3856 invisibiles,
3631 3790 3808 3845 incor-

2207 3882 2385 3938 porea:
2404 3908 2418 3933 ,
2443 3884 2564 3937 quae
2596 3878 2855 3939 perpetuo
2880 3881 3165 3927 versantur
3187 3874 3241 3929 in
3265 3875 3435 3930 caelis.

2275 3960 2404 4015 Car.
2436 3959 2523 4014 lil.
2557 3959 2682 4016 Non
2726 3962 2868 4017 nobis
2896 3964 3092 4031 solum,
3121 3967 3212 4021 sed
3251 3978 3298 4023 et
3326 3968 3611 4025 caelestibus
3638 3972 3800 4027 virtu-

2206 4050 2335 4105 tibus
2360 4051 2914 4122 incomprehensibilem
2936 4069 3043 4110 esse
3061 4056 3396 4113 divinitatem.
3422 4089 3495 4101 —
3514 4060 3649 4117 Cum
3671 4079 3803 4136 ergo

2206 4140 2531 4213 Scraphinos
2557 4143 2753 4199 videris
2791 4144 2931 4201 circa
2959 4147 3244 4204 sublimem
3291 4150 3441 4205 illum
3496 4153 3805 4226 elatumque

2206 4236 2457 4291 thronum
2477 4236 2717 4291 volantes
2751 4237 2956 4293 alarum
3001 4240 3226 4297 obtentu
3254 4257 3382 4299 suos
3409 4245 3597 4300 oculos
3635 4247 3803 4303 obve-

2202 4329 2338 4394 lare,
2364 4326 2634 4397 pedesque
2660 4342 2807 4394 suos,
2838 4338 2894 4383 et
2920 4339 3066 4399 terga
3091 4373 3105 4397 ,
3130 4342 3184 4386 et
3203 4326 3365 4388 facies
3393 4335 3669 4392 occultare
3692 4379 3709 4403 ,
3740 4352 3804 4395 ac

2202 4418 2492 4472 clamorem
2544 4418 2759 4485 plenum
2800 4418 3172 4476 admirationis
3216 4421 3528 4491 effundere,
3553 4441 3624 4481 ne
3647 4436 3804 4497 putes

2203 4509 2316 4562 alas
2336 4515 2394 4561 et
2422 4506 2584 4576 pedes
2612 4507 2741 4576 ipsis
2765 4523 2885 4564 esse
2909 4552 2924 4576 ,
2957 4511 3158 4580 quippe
3183 4527 3305 4567 cum
3326 4514 3664 4585 incorporea:
3691 4519 3806 4574 sint

2205 4598 2309 4653 illa:
2338 4599 2581 4664 virtutes;
2608 4598 2703 4655 sed
2728 4615 2793 4656 ex
2831 4601 2916 4656 his
2946 4601 3131 4672 ﬁguris
3161 4604 3492 4659 inaccessum
3522 4616 3576 4661 et
3602 4608 3802 4664 incom-

2206 4690 2617 4759 pi-ehensibilem
2643 4705 2765 4746 esse
2808 4692 2959 4746 illum
2999 4692 3235 4765 intelligo
3262 4695 3353 4764 qui
3383 4695 3436 4749 in
3471 4697 3668 4753 throno
3714 4714 3804 4755 sc-

2204 4780 2295 4835 dct
2315 4779 2416 4851 (Is.
2439 4780 2494 4836 6.
2520 4781 2575 4835 2.
2603 4782 2682 4853 3).
2714 4780 2849 4837 Nam
2886 4792 2941 4837 et
2969 4783 3073 4838 illis
3112 4795 3197 4839 est
3238 4786 3808 4858 incomprehensibilis

2203 4882 2258 4926 ct
2282 4872 2583 4927 inaccessus
2607 4911 2622 4936 ,
2657 4874 2867 4927 tametsi
2897 4874 2941 4927 si
2981 4873 3273 4930 inﬁrmitati
3311 4886 3511 4932 nostra:
3531 4888 3805 4950 attempe—

2207 4972 2288 5016 rct
2316 4980 2329 5015 :
2355 4977 2526 5033 neque
2547 4961 2691 5017 enim
2731 4962 2784 5017 id
2812 4963 2955 5033 quod
2981 4974 3131 5031 erat,
3164 4974 3274 5020 tum
3320 4968 3630 5038 apparebat.
3664 4970 3807 5025 Dens

2206 5054 2349 5107 enim
2395 5068 2501 5109 non
2545 5054 2733 5120 sedet,
2783 5070 2957 5124 neque
3002 5058 3200 5112 throno
3244 5060 3572 5127 continetur,
3631 5078 3808 5131 neque

2210 5144 2326 5199 loco
2353 5144 2827 5200 circumscribitur.
2861 5148 3014 5212 Quod
3034 5149 3079 5203 si
3105 5148 3407 5219 sedentem,
3439 5158 3496 5206 ct
3519 5152 3573 5208 in
3607 5153 3806 5208 throno

2206 5238 2521 5293 collocatum
2541 5278 2558 5306 ,
2584 5248 2744 5308 atque
2768 5240 2837 5294 ab
2862 5240 2988 5309 ipsis
3018 5242 3405 5298 circumdatum
3440 5245 3585 5316 (qua:
3614 5248 3799 5301 omnia

2208 5337 2332 5383 sunt
2374 5328 2441 5383 ad
2481 5338 2718 5383 nostram
2758 5329 3120 5386 inﬁrmitatem
3172 5348 3231 5388 se
3278 5338 3716 5405 attemperantis,
3748 5348 3802 5393 ct

2210 5436 2313 5474 non
2345 5421 2600 5491 sedentis)
2629 5422 2821 5476 intueri
2846 5426 3062 5479 minimc
3094 5437 3398 5494 potuerunt.
3432 5431 3524 5485 sed
3548 5433 3801 5486 exsilien-

2211 5526 2314 5568 tem
2363 5514 2487 5569 inde
2535 5515 2801 5585 fulgorem
2849 5532 2955 5597 non
3002 5517 3268 5586 ferentes,
3316 5522 3518 5577 alarum
3575 5524 3797 5579 obtentu

2210 5605 2393 5659 oculos
2420 5605 2737 5660 obvclubant
2760 5647 2774 5671 ,
2803 5617 3112 5676 tantuman
3153 5611 3522 5678 gloriﬁcabuut
3546 5656 3560 5679 ,
3592 5625 3795 5668 tantum

2213 5696 2435 5767 hymnus
2467 5698 2761 5763 cauebant,
2792 5708 2845 5751 et
2875 5700 3042 5751 ιηιιιιυ
3084 5715 3202 5753 t‘ntn
3238 5713 3468 5759 tremore
3517 5710 3795 5775 mysticum

2216 5790 2360 5843 illum
2389 5788 2825 5846 sanctificatioms
2846 5803 3058 5847 tantum
3088 5795 3377 5851 oll‘cx‘cbant
3448 5815 3551 5853 non
3590 5810 3643 5855 tu
3676 5802 3797 5857 luuc
