4050 6430
254 411 366 471 185

259 528 555 593 lacessens,
591 533 640 580 te
663 523 837 592 ipsum
866 521 918 576 in
947 528 1145 574 terram
1175 517 1342 573 abdes
1365 530 1429 570 ac
1465 510 1710 568 dcl'odies
1733 549 1748 576 ,
1773 507 1865 579 qui

261 617 590 674 inell'abilem
636 625 691 671 et
729 611 1160 683 inexplicabilem
1207 615 1263 664 et
1301 604 1550 678 supernis
1585 600 1872 658 virtutibus

258 706 861 780 ineomprchensibilem
883 703 1096 758 virtutis
1119 700 1314 756 divina:
1340 697 1734 769 providentiam
1762 709 1868 748 non

257 804 475 860 dubites
509 802 726 858 curiose
757 808 902 854 tanta
941 813 1064 853 cum
1093 795 1398 851 temeritate
1439 789 1712 848 scrutari?
1739 789 1872 855 Quze

254 896 403 953 enim
436 894 578 950 illius
603 902 749 958 sunt,
777 891 952 946 solum
981 889 1119 945 Filio
1142 897 1196 943 ct
1221 887 1444 958 Spiritui
1471 892 1658 941 sancto
1682 890 1870 937 exacte

257 996 386 1044 nota
413 996 539 1047 sunt
568 985 770 1052 omnia,
798 983 931 1038 nulli
958 997 1088 1038 vero
1115 981 1267 1036 alteri
1299 995 1314 1035 :
1346 988 1398 1035 et
1429 993 1493 1034 ex
1524 977 1608 1032 his
1637 975 1868 1030 alterum

253 1083 476 1154 quidem
534 1081 774 1137 Joannes
817 1076 1146 1148 evangelista
1175 1117 1190 1142 ,
1227 1074 1457 1129 alterum
1499 1085 1628 1125 vero
1671 1065 1868 1123 Paulus

253 1173 535 1244 apostolus
582 1171 893 1227 declaravit.
941 1167 1126 1240 Itaque
1179 1165 1422 1223 Touitrui
1475 1162 1657 1228 illius,
1693 1160 1865 1230 ctqui

252 1263 475 1320 Christo
499 1262 788 1319 admodum
834 1275 993 1316 carus
1019 1259 1119 1314 fuit
1139 1300 1154 1326 ,
1183 1258 1380 1328 quique
1412 1256 1514 1310 hac
1561 1266 1684 1308 nota
1715 1252 1865 1308 desi-

254 1355 548 1426 gnabatur;
580 1353 722 1426 quod
775 1362 894 1408 erat
920 1365 1146 1406 summa:
1177 1348 1391 1403 virtutis
1421 1347 1676 1400 indicium
1704 1360 1718 1410 ;
1763 1344 1854 1414 qui

261 1457 463 1504 tantam
495 1447 724 1503 habebat
747 1443 1031 1508 ﬁduciam,
1066 1451 1124 1496 ut
1149 1452 1203 1497 et
1224 1453 1384 1510 supra
1416 1448 1604 1508 pectus
1632 1437 1749 1505 ejus
1782 1451 1862 1488 re-

258 1540 574 1605 cumberet,
605 1539 683 1594 sic
732 1538 806 1591 ait
832 1553 847 1591 :
884 1535 1048 1589 Deum
1091 1548 1236 1588 nemo
1260 1532 1382 1586 vidit
1413 1546 1677 1605 umquam;
1701 1527 1863 1581 visio-

255 1650 383 1690 nem
411 1633 644 1708 appella_t
669 1630 1032 1701 cognitionem
1057 1645 1073 1695 ;
1109 1626 1412 1698 Unigenitus
1437 1624 1606 1680 Filius
1628 1665 1642 1688 ,
1674 1623 1760 1692 qui
1792 1631 1864 1676 est

253 1747 310 1784 sn
348 1730 465 1783 sinu
491 1726 660 1781 Patris
681 1767 696 1791 ,
723 1726 830 1796 ipse
860 1721 1120 1777 enarravit
1149 1719 1328 1793 (Joan.
1361 1721 1413 1774 1.
1455 1720 1520 1774 18
1556 1722 1592 1787 ).
1649 1717 1760 1771 lloc
1809 1723 1863 1770 et

253 1821 375 1890 ipse
397 1818 641 1874 Christus
664 1817 943 1871 insinuans
969 1811 1119 1879 olim,
1149 1812 1276 1866 dum
1327 1811 1580 1881 populum
1611 1808 1856 1876 alloque-

253 1921 408 1967 retur
426 1909 710 1965 Hebraeum
731 1950 746 1974 ,
772 1907 1013 1972 dicebat,
1041 1902 1208 1959 Nemo
1244 1904 1369 1957 uidit
1412 1902 1621 1956 Pal-rein
1639 1945 1654 1968 ,
1685 1900 1782 1955 nisi
1820 1901 1864 1954 is

252 2003 344 2076 qui
363 2013 434 2057 est
457 2018 490 2056 a
513 2001 620 2055 Deo
651 2016 670 2055 :
694 2000 776 2054 hic
793 2000 916 2054 vidit
939 1997 1152 2052 Patrem
1179 1994 1362 2070 (Joan.
1392 1995 1445 2051 6.
1476 1995 1593 2065 46).
1626 1994 1734 2049 Vas
1760 2009 1856 2048 au-

255 2107 367 2153 tem
399 2095 678 2160 electionis
702 2136 716 2160 ,
747 2108 869 2148 cum
907 2093 960 2147 in
987 2106 1295 2148 sermonem
1331 2090 1401 2145 de
1440 2090 1605 2160 ipsius
1648 2089 1862 2158 dispen-

252 2187 466 2244 satione
492 2186 769 2243 iucidisset
792 2225 809 2250 ,
837 2199 1070 2255 cumque
1095 2183 1258 2240 vellet
1295 2198 1492 2238 arcana
1518 2191 1710 2236 cuncta
1740 2197 1864 2251 quae

252 2279 560 2347 didicerat,
600 2293 710 2351 quo
750 2286 910 2349 pacto
952 2277 1333 2348 cognovisset,
1373 2277 1647 2337 indicare,
1675 2274 1761 2328 his
1809 2284 1864 2329 et

253 2375 372 2444 ipse
393 2373 569 2429 verbis
597 2373 762 2427 utitur
792 2389 808 2426 :
833 2371 1114 2442 Loquimur
1139 2379 1310 2424 autem
1339 2370 1644 2439 sapientiam
1670 2368 1721 2421 in
1747 2386 1860 2438 my-

251 2468 427 2535 sterio,
450 2483 564 2538 qua:
588 2465 882 2521 asbcondita
899 2474 990 2532 est,
1005 2481 1155 2535 quam
1173 2464 1553 2534 prcedestinavit
1581 2461 1722 2516 Deus
1746 2473 1862 2517 ante

251 2563 445 2616 sucula
475 2562 527 2615 in
552 2561 768 2633 gloriam
791 2569 1037 2624 nostram,
1057 2575 1211 2630 quam
1229 2575 1373 2612 nemo
1401 2558 1691 2628 principum
1708 2558 1860 2627 hujus

249 2655 426 2710 seaculi
452 2655 701 2726 cognovit.
738 2654 800 2710 Si
821 2654 954 2708 enim
976 2653 1346 2723 cognovissent,
1378 2668 1652 2722 numquam
1682 2652 1860 2706 Domi-

249 2764 374 2801 num
403 2746 582 2818 gloriae
610 2746 1002 2816 rruriﬁxissent.
1033 2743 1139 2800 Sed
1165 2745 1295 2798 sicut
1326 2743 1577 2813 scriptum
1595 2753 1669 2798 est
1691 2786 1705 2808 ,
1734 2743 1861 2810 Quae

248 2841 428 2896 oculus
457 2858 557 2893 non
587 2840 732 2907 vidit,
766 2851 812 2894 et
837 2817 979 2893 auris
1000 2854 1102 2892 non
1124 2836 1321 2891 audivit
1341 2879 1356 2903 ,
1381 2847 1429 2891 et
1448 2837 1500 2890 in
1525 2851 1614 2889 cor
1642 2836 1860 2890 hominis

247 2951 353 2987 non
380 2933 742 2998 ascenderunt,
772 2948 884 3002 quis
904 2930 1212 3002 praeparavit
1258 2927 1398 2984 Deus
1431 2930 1493 2983 iis
1521 2929 1607 2999 qui
1635 2928 1857 3000 diligunt

246 3025 400 3080 illum
439 3023 514 3096 (1.
548 3022 667 3080 Cor.
704 3025 759 3078 2.
795 3023 938 3095 7-9).
991 3023 1276 3090 Quomodo
1327 3038 1460 3093 ergo
1503 3023 1857 3090 cognovimus

248 3131 350 3172 nos
376 3160 388 3182 ,
413 3135 447 3171 υ
472 3117 673 3173 Paule?
700 3117 818 3187 quis
844 3115 934 3170 illa
965 3115 1222 3170 revelavit
1241 3157 1256 3182 ,
1287 3123 1340 3170 et
1368 3115 1648 3170 manifeSta
1681 3114 1857 3168 reddi-

246 3207 329 3264 dit
358 3209 444 3262 illa
477 3209 604 3262 nulli
635 3217 921 3278 compecta
943 3249 959 3275 ,
991 3206 1075 3262 vel
1103 3206 1284 3261 audlta
1313 3247 1325 3269 ,
1355 3217 1548 3276 etquae
1581 3205 1778 3262 nullius
1801 3205 1856 3262 lu

245 3318 343 3359 cor
368 3303 764 3358 ascenderunt?
794 3303 909 3370 Dic,
942 3311 998 3358 et
1040 3301 1217 3357 indica
1247 3301 1370 3372 quis
1401 3302 1491 3356 ille
1517 3303 1587 3357 sit
1613 3302 1706 3372 qui
1739 3310 1860 3356 tan-

246 3404 358 3452 tam
393 3396 546 3450 nobis
592 3394 873 3451 scientiam
911 3394 1171 3450 advexit?
1201 3393 1369 3449 Nobis
1411 3405 1582 3449 autem
1622 3395 1858 3450 rerelavit

247 3486 390 3542 Deus
434 3501 531 3557 per
566 3487 824 3557 Spiritum
854 3503 1002 3542 suum
1031 3487 1110 3558 (1.
1161 3487 1281 3542 Cor.
1326 3487 1380 3541 2.
1415 3487 1528 3556 10).
1559 3486 1762 3542 Deinde
1791 3502 1858 3542 ne

244 3579 370 3649 quis
397 3595 518 3634 eum
554 3589 764 3648 putaret
792 3578 910 3635 haec
937 3593 1098 3635 nosse
1127 3589 1334 3634 tantum
1359 3621 1372 3644 ,
1402 3595 1523 3650 qua:
1557 3595 1652 3649 per
1680 3580 1854 3648 ipsum

246 3670 406 3725 nobis
437 3672 574 3725 Deus
603 3671 858 3726 revelavit
881 3713 895 3736 ,
930 3688 1038 3727 non
1076 3681 1259 3728 autem
1304 3688 1523 3728 omnem
1573 3673 1855 3727 scientiam

244 3762 448 3816 Callere
476 3802 492 3829 ,
541 3762 768 3832 subjecit
812 3779 827 3818 :
883 3761 1116 3832 Spiritus
1161 3765 1298 3819 enim
1351 3766 1522 3818 omnia
1576 3776 1855 3831 scrutatur,

245 3857 398 3912 etiam
429 3856 689 3928 profunda
706 3855 825 3912 Dei.
860 3856 987 3926 Quis
1018 3858 1153 3913 enim
1183 3858 1445 3914 hominum
1467 3859 1582 3923 scit,
1603 3876 1717 3930 qua:
1741 3869 1858 3913 sunt

245 3949 487 4016 hominis,
510 3951 610 4004 nisi
637 3951 849 4020 spiritus
866 3951 1085 4005 hominis
1106 3952 1192 4022 qui
1215 3952 1267 4004 in
1287 3952 1399 4012 ipso
1429 3951 1546 4005 est?
1569 3954 1642 4005 ita
1671 3962 1717 4005 et
1748 3968 1862 4022 qua:

244 4043 345 4098 Dei
386 4053 525 4110 sunt,
575 4060 722 4098 nemo
751 4045 1014 4115 cognovit,
1044 4044 1145 4099 nisi
1193 4043 1423 4116 Spiritus
1466 4043 1566 4099 Dei
1599 4043 1761 4117 (Ilid.
1807 4061 1854 4100 υ.

244 4137 362 4204 11).
401 4135 604 4190 Horum
658 4147 836 4190 autem
868 4137 1160 4191 verborum
1203 4135 1290 4190 hic
1325 4150 1518 4191 sensus
1549 4148 1631 4191 est
1668 4155 1680 4192 :
1710 4138 1862 4193 Sicut

240 4204 411 4282 homo
444 4227 591 4281 novit
641 4242 702 4282 ea
743 4242 864 4299 qua:
891 4230 1060 4296 ipsius
1085 4236 1243 4293 sunt,
1276 4243 1506 4298 quisque
1534 4229 1771 4298 cogitat,
1805 4239 1860 4283 et

245 4317 408 4373 habet
431 4320 484 4373 in
512 4319 713 4384 animo,
735 4329 930 4374 cuncta
957 4320 1057 4374 scit
1083 4329 1292 4383 exacte,
1329 4320 1407 4374 sic
1433 4320 1594 4374 etiam
1628 4320 1861 4389 Spiritus

244 4421 464 4466 sanctus
487 4427 742 4466 arcanam
774 4412 866 4465 Dei
898 4411 1182 4466 scientiam
1217 4427 1432 4466 omnem
1461 4422 1651 4468 exacte
1684 4413 1857 4468 novit.

244 4504 383 4561 Cum
436 4508 593 4576 igitur
624 4505 790 4570 dixit,
817 4504 904 4558 Ita
930 4515 975 4559 et
1010 4521 1124 4574 quia
1154 4504 1246 4560 Dei
1283 4517 1401 4559 sunt
1428 4523 1574 4566 nemo
1600 4510 1857 4579 cognovit,

246 4599 346 4652 nisi
378 4600 606 4670 Spiritus
633 4599 751 4665 Dei,
783 4614 889 4652 non
919 4599 1166 4653 homines
1187 4599 1361 4653 solum
1385 4639 1399 4662 ,
1433 4598 1529 4654 sed
1558 4608 1612 4655 et
1641 4614 1858 4654 omnem

245 4693 519 4748 exelestcm
563 4701 863 4747 creaturam
914 4693 981 4747 ab
1025 4691 1126 4746 hac
1153 4691 1388 4760 perlecta
1418 4695 1730 4762 cognitione
1771 4708 1862 4747 sr-

246 4787 427 4842 rlusit.
458 4787 630 4852 Quam
653 4786 722 4840 ob
747 4800 966 4840 causam
995 4797 1049 4839 et
1071 4787 1289 4856 sapiens
1311 4786 1528 4855 quidam
1554 4802 1737 4842 sermo
1768 4787 1865 4840 ad-

249 4891 436 4938 monet
477 4899 489 4936 :
520 4880 823 4953 Difﬁciliora
853 4891 900 4935 te
945 4898 1008 4936 ne
1053 4881 1313 4950 quaesieris
1337 4923 1351 4946 ,
1384 4892 1432 4935 et
1463 4882 1683 4951 fortiora
1732 4891 1778 4935 te
1805 4897 1868 4934 ne

249 4983 504 5030 scrutatus
535 4974 732 5043 fueris;
769 4989 885 5044 qua:
928 4982 1182 5045 prwcepta
1209 4983 1326 5028 sunt
1364 4974 1452 5027 tibi
1476 5015 1490 5038 ,
1520 4975 1630 5027 ha'c
1652 4975 1819 5045 cogita
1846 4989 1864 5026 :

249 5065 474 5139 plurima
500 5065 634 5119 enim
680 5081 838 5134 supra
867 5082 1072 5120 sensum
1118 5065 1339 5119 hominis
1381 5076 1585 5120 ostensa
1629 5078 1746 5120 sunt
1777 5065 1866 5120 tibi

249 5157 442 5228 (Eccli.
474 5160 526 5216 3.
549 5158 640 5212 22.
673 5156 788 5229 25).
822 5158 975 5228 Quod
1023 5167 1204 5214 autem
1235 5157 1400 5226 dicit,
1430 5168 1513 5214 est
1543 5159 1810 5229 ejusmodi
1850 5177 1862 5212 :

244 5251 327 5308 Ne
358 5253 474 5306 haec
499 5251 716 5322 quidem
749 5265 868 5321 quae
900 5249 1068 5308 habes
1094 5292 1109 5318 ,
1141 5260 1228 5307 tua
1279 5251 1540 5307 industria
1569 5261 1759 5306 cuncta
1785 5253 1867 5306 di-

247 5345 425 5400 dicisti
449 5362 464 5399 :
490 5359 669 5414 neque
689 5354 896 5398 natura:
922 5354 1025 5399 tua:
1043 5345 1248 5400 viribus
1266 5345 1421 5400 nixus
1442 5346 1580 5400 hanc
1599 5344 1867 5415 cognitio-

247 5456 374 5496 nem
403 5439 628 5510 adipisci
659 5439 906 5511 potuisti,
927 5439 1023 5496 sed
1047 5439 1256 5498 catlitus
1278 5442 1498 5495 missam
1525 5447 1667 5496 hanc
1693 5441 1869 5496 scien-

248 5535 378 5589 tiam
420 5534 718 5605 accepisti:
754 5532 924 5589 multo
964 5533 1164 5604 quippe
1215 5533 1420 5604 majora
1471 5544 1660 5600 erant,
1707 5550 1868 5605 quam

249 5637 308 5680 ut
355 5633 444 5680 tua
474 5634 701 5701 possent
731 5626 1082 5698 intelligentia
1133 5627 1547 5696 Comprehendi.
1580 5628 1690 5682 Cur
1729 5643 1863 5698 ergo

252 5717 359 5772 tuis
387 5718 591 5774 viribus
619 5718 777 5773 nixus
801 5719 1016 5773 conaris
1046 5718 1392 5789 proluudiora
1424 5721 1654 5775 scrutari
1683 5761 1698 5786 ,
1737 5735 1863 5776 eum

248 5812 507 5884 pleraque
533 5827 598 5867 ex
631 5810 841 5881 iisquae
871 5810 1032 5877 nosti,
1068 5821 1215 5867 tuum
1250 5828 1471 5868 sensum
1498 5821 1824 5886 exsuperent
1851 5856 1865 5877 ,

249 5914 303 5960 et
335 5903 546 5960 aliunde
578 5907 640 5957 ad
675 5918 724 5960 te
757 5905 994 5961 derivata
1031 5905 1118 5959 illa
1163 5905 1482 5975 possideas?
1511 5906 1622 5962 lloc
1650 5919 1702 5966 et
1751 5907 1864 5979 ipse

1088 400 1182 458 AD
1214 394 1352 457 EOS
1388 391 1504 468 QUI
1538 386 2050 452 'SCANDALIZATI
2080 387 2281 448 SUNT.
2324 392 2456 452 LIB.
2511 389 2722 452 UNUS.

3487 394 3594 456 £36

1984 505 2182 562 Paulus
2198 515 2253 562 ut
2278 507 2616 576 declararet,
2645 508 2826 565 aiebat
2856 527 2868 564 :
2901 509 3042 576 Quid
3079 510 3216 565 enim
3242 510 3428 580 habes,
3454 522 3594 582 quod

1980 615 2084 654 non
2111 601 2392 670 accepisti?
2412 603 2457 657 si
2483 612 2652 656 autem
2677 601 2916 672 accepisti
2941 643 2955 668 ,
2988 602 3113 672 quid
3139 603 3381 675 gloriaris
3403 644 3416 668 ,
3441 607 3601 674 quasi

1979 707 2082 744 non
2110 692 2364 761 acceperis
2411 694 2486 762 (1.
2512 693 2631 747 Cor.
2662 694 2718 748 ι.
2747 694 2832 764 7)?
2859 693 3089 748 Tantum
3142 696 3305 766 igitur
3333 709 3588 753 conatum

1977 783 2268 853 aliquando
2296 785 2512 839 tandem
2534 785 2730 841 omitte
2751 827 2766 851 ,
2797 793 2852 841 et
2875 786 3278 857 sapientissimo
3300 787 3373 843 illi
3402 789 3591 845 consi-

1979 876 2051 930 lio
2077 891 2269 946 parere
2285 876 2526 946 dignare,
2559 877 2704 948 quod
2733 887 2918 932 monet
2939 921 2954 946 ,
2987 877 3074 933 Ne
3098 879 3308 946 dixeris,
3345 880 3486 948 Quid
3515 892 3591 938 est

1977 967 2102 1021 hoc?
2127 969 2194 1020 ad
2213 968 2336 1038 quid
2368 967 2492 1021 hoc?
2517 969 2694 1022 omnia
2723 970 2858 1024 enim
2885 973 2954 1023 ad
2989 987 3136 1024 usum
3163 973 3394 1043 ipsorum
3423 985 3595 1028 creata

1975 1071 2093 1116 sunt
2125 1060 2312 1133 (Eccli.
2347 1061 2438 1116 59.
2466 1061 2579 1130 2|).

2047 1155 2180 1211 Car.
2211 1154 2296 1208 IV.
2333 1155 2566 1226 Moysen:
2606 1157 2908 1229 prophetam
2951 1158 3296 1229 periculosam
3325 1159 3598 1214 curiosita-

1975 1257 2072 1302 tem
2094 1249 2155 1304 in.
2175 1249 2387 1302 exordio
2417 1248 2534 1303 libri
2562 1267 2662 1304 uno
2684 1251 2830 1305 verba
2855 1250 3140 1307 sustulisse.
3168 1282 3241 1292 —
3271 1251 3420 1307 lianc
3450 1254 3595 1308 enim

1973 1341 2043 1396 ob
2066 1355 2306 1403 causam,
2338 1357 2461 1396 cum
2484 1353 2598 1397 orta
2632 1353 2778 1398 esset
2812 1349 2991 1398 omnis
3019 1355 3264 1399 creatura
3287 1387 3302 1412 ,
3327 1359 3595 1416 suumquo

1971 1437 2274 1506 accepisset
2299 1446 2550 1492 ornatum
2571 1479 2586 1504 ,
2613 1448 2668 1493 et
2695 1437 2986 1494 admodum
3033 1440 3358 1494 concinnum
3380 1480 3394 1504 ,
3424 1439 3596 1494 mira-

1970 1529 2098 1592 bile.
2119 1545 2183 1584 ac
2199 1540 2421 1599 stupore
2439 1529 2660 1601 dignum
2682 1532 2697 1561 ¹
2717 1545 2855 1600 Opus
2878 1532 3233 1602 processisset
3251 1531 3306 1586 in
3327 1531 3591 1600 medium,

1969 1637 2201 1692 euntque
2225 1621 2540 1692 insipientes
2562 1631 2615 1677 et
2645 1623 2820 1676 insani
2853 1622 3096 1678 nennulli
3127 1637 3215 1678 res
3259 1634 3470 1680 creatas
3499 1637 3594 1679 es-

1974 1724 2095 1769 sent
2140 1714 2524 1787 reprehensuri
2554 1733 2568 1769 :
2593 1714 2716 1770 vide
2747 1730 2854 1785 quo
2882 1725 3040 1786 pacto
3069 1715 3439 1785 importunum
3467 1713 3594 1772 illo-

1971 1821 2092 1860 rum
2133 1804 2395 1875 judicium
2420 1849 2434 1872 ,
2464 1821 2530 1860 ac
2573 1808 2833 1862 furiosam
2879 1805 3205 1862 sententiam
3257 1808 3426 1862 multo
3468 1817 3595 1864 ante

1970 1898 2274 1967 reprimens
2299 1897 2581 1967 legislator
2610 1911 2719 1951 uno
2759 1898 2926 1953 verbo
2958 1898 3244 1967 impudens
3279 1899 3508 1968 quodvis
3530 1914 3596 1956 os

1973 2001 2162 2043 eorum
2191 1989 2478 2044 occluserit
2499 2031 2515 2054 ,
2555 2004 2678 2044 cum
2700 1989 2875 2044 dixit:
2916 1991 3055 2045 Vidit
3081 1991 3225 2047 Deus
3268 2005 3450 2048 cuncta
3478 2009 3598 2064 quas

1970 2086 2182 2154 fecerat,
2213 2091 2260 2136 et
2280 2098 2396 2136 ecce
2425 2082 2557 2136 bona
2581 2083 2730 2136 valde
2754 2081 2906 2154 (Gen.
2939 2085 2988 2139 1.
3018 2083 3132 2157 51).
3166 2084 3301 2140 Nam
3330 2087 3586 2156 quoniam

1968 2175 2111 2230 inter
2147 2189 2211 2230 ea
2238 2190 2360 2247 qua:
2386 2173 2730 2244 videbantur,
2757 2185 2912 2231 erant
2956 2193 3064 2233 non
3096 2178 3183 2232 lux
3214 2187 3424 2234 tantum
3445 2221 3460 2244 ,
3485 2181 3581 2235 sed

1968 2278 2022 2321 et
2051 2267 2293 2322 tenebra:
2325 2285 2338 2321 :
2367 2282 2475 2323 non
2519 2266 2701 2339 fruges
2759 2277 2966 2326 tantum
2988 2314 3001 2336 ,
3031 2271 3128 2346 sed
3163 2281 3216 2328 et
3243 2274 3456 2344 spina:
3486 2290 3592 2330 non

1970 2362 2195 2416 arbores
2233 2369 2443 2416 tantum
2475 2362 2662 2418 sativze
2687 2405 2702 2430 ,
2732 2363 2826 2418 sed
2859 2375 2910 2419 et
2951 2365 3230 2421 silvestres
3264 2383 3280 2423 :
3311 2382 3422 2423 non
3448 2368 3593 2438 plani

1968 2455 2142 2510 solum
2170 2457 2370 2526 campi,
2405 2455 2502 2511 sed
2533 2455 2694 2512 etiam
2726 2467 2960 2523 montes,
2995 2468 3050 2513 et
3074 2474 3116 2513 ci
3139 2458 3180 2515 11
3198 2476 3262 2525 ες,
3294 2470 3350 2516 et
3379 2460 3551 2517 valles
3577 2479 3592 2518 :
3622 2516 3636 2535 ,

1966 2564 2074 2602 non
2116 2547 2365 2604 homines
2406 2549 2584 2604 solum
2611 2591 2626 2615 ,
2649 2550 2744 2605 sed
2787 2558 2840 2604 et
2888 2550 3100 2620 reptilia
3125 2559 3396 2607 venenata
3429 2571 3443 2608 :
3475 2568 3584 2609 non

1967 2641 2146 2710 pisces
2175 2653 2380 2696 tantmn
2404 2683 2422 2710 ,
2449 2642 2546 2697 sed
2575 2643 2738 2698 etiam
2781 2652 2903 2698 cete
2929 2660 2942 2697 :
2976 2659 3084 2698 non
3131 2645 3468 2715 frequentata
3497 2661 3587 2701 so-

1967 2732 2079 2788 lum
2126 2749 2380 2806 aequora,
2426 2734 2524 2791 sed
2569 2735 2732 2790 etiam
2777 2737 3591 2807 mareinnavigabilc:nonsol

1967 2835 2175 2883 tantum
2209 2838 2263 2884 et
2294 2829 2443 2896 luna,
2476 2838 2531 2884 et
2555 2828 2755 2896 sidera,
2778 2828 2874 2885 sed
2896 2832 3057 2886 etiam
3093 2830 3338 2897 fulmina,
3364 2841 3421 2887 et
3447 2833 3589 2902 ignei

1968 2924 2213 2981 turbines
2243 2943 2256 2982 :
2289 2941 2396 2980 non
2426 2925 2571 2980 venti
2596 2924 2772 2980 solum
2801 2925 3059 2990 secundi,
3088 2943 3130 2981 si
3150 2926 3186 2981 d
3213 2935 3267 2980 et
3292 2926 3540 2997 proctlla:
3569 2943 3592 2987 ς

1969 3034 2077 3074 non
2098 3019 2366 3075 columbae
2396 3030 2605 3074 tantum
2625 3062 2639 3084 .
2667 3030 2721 3076 et
2741 3035 2869 3076 aves
2894 3035 3129 3085 canorae,
3156 3021 3251 3076 sed
3297 3031 3352 3078 et
3399 3015 3547 3082 milvi
3567 3063 3587 3091 ,

1965 3119 2021 3168 et
2045 3111 2346 3181 accipitres,
2381 3121 2436 3167 et
2464 3112 2725 3180 vultures,
2749 3121 2804 3167 et
2832 3112 2934 3168 alia
2967 3113 3251 3169 carnivora
3279 3113 3534 3170 animalia
3569 3133 3582 3172 :

1967 3219 2075 3259 non
2107 3205 2339 3275 pecudes
2365 3216 2568 3260 tantum
2602 3215 2658 3260 et
2687 3207 2884 3273 boves,
2915 3205 3010 3261 Sed
3034 3217 3086 3261 et
3139 3205 3286 3276 lupi,
3318 3217 3372 3262 et
3396 3208 3547 3277 pardi
3569 3251 3590 3276 ,

1966 3309 2022 3354 et
2049 3298 2236 3355 leones
2264 3317 2279 3357 ;
2310 3315 2417 3354 non
2466 3300 2614 3355 cervi
2639 3310 2845 3355 tantum
2873 3343 2887 3368 ,
2918 3309 2972 3355 et
3015 3301 3230 3370 lepores
3255 3341 3271 3367 ,
3303 3307 3359 3357 et
3382 3299 3592 3369 damas,

1965 3390 2062 3446 sed
2095 3398 2151 3444 et
2193 3391 2389 3460 scorpii
2418 3433 2432 3455 ,
2466 3399 2523 3445 ct
2555 3392 2754 3460 vipera:
2780 3433 2795 3456 ,
2822 3400 2878 3446 ct
2905 3391 3174 3447 dracones
3207 3409 3220 3446 :
3250 3401 3413 3463 atque
3453 3395 3594 3450 inter

1969 3481 2167 3538 herbas
2197 3499 2412 3553 quoque
2443 3501 2548 3538 non
2577 3485 2823 3539 salubres
2853 3486 3014 3539 modo
3042 3485 3262 3555 planus,
3295 3484 3391 3541 sed
3419 3495 3474 3541 et
3499 3501 3595 3542 ve-

1967 3586 2217 3644 nenato,
2252 3592 2315 3633 ac
2342 3576 2580 3633 [murum
2626 3589 2744 3634 erat
2785 3588 2842 3634 ut
2869 3578 2984 3634 haec
3021 3580 3209 3635 multis
3257 3579 3588 3636 ollendicula

1967 3679 2189 3734 essent,
2233 3677 2289 3724 et
2341 3669 2467 3725 hinc
2519 3670 2758 3726 haereses
2813 3672 3443 3743 oiircntur:postquam
3495 3687 3588 3729 res

1966 3775 2157 3818 omnes
2182 3770 2382 3816 creatis
2403 3771 2531 3816 sunt
2561 3771 2720 3829 natie,
2747 3778 3013 3834 suumque
3038 3763 3263 3835 singula:
3292 3772 3418 3820 sunt
3434 3779 3592 3821 orna-

1969 3862 2083 3907 tum
2109 3852 2340 3922 adeptae,
2372 3862 2675 3908 creatorem
2699 3854 2939 3909 ostendit
2966 3855 3018 3908 in
3051 3856 3277 3926 singulis
3302 3898 3317 3924 ,
3360 3855 3413 3912 id
3441 3855 3590 3934 quod

1968 3955 2218 4001 exortum
2241 3956 2379 4013 erat,
2411 3946 2652 4013 laudare,
2687 3947 2795 4001 imo
2822 3962 2952 4003 vero
2985 3964 3419 4020 unamquamque
3436 3949 3593 4020 sigil-

1970 4038 2122 4093 latim
2149 4048 2202 4093 et
2227 4053 2418 4095 omnes
2449 4039 2608 4094 simul
2638 4081 2653 4107 ,
2678 4049 2736 4094 ut
2772 4039 2993 4110 cognito
3025 4039 3168 4096 illius
3190 4039 3399 4110 judicio
3419 4082 3433 4108 ,
3461 4041 3590 4097 licet

1969 4131 2291 4186 temerarius
2335 4131 2602 4201 quispiam
2651 4132 2722 4186 sit
2764 4140 2818 4186 ct
2845 4130 3170 4202 impudens,
3202 4132 3334 4186 nihil
3357 4132 3594 4202 amplius

1967 4238 2193 4287 eorum,
2226 4238 2348 4295 qua:
2390 4224 2491 4278 sub
2534 4224 2723 4279 oculos
2770 4224 3003 4291 cadunt,
3033 4224 3251 4280 curiose
3297 4225 3593 4282 scrutetur.

1971 4315 2098 4372 Ideo
2139 4315 2226 4370 ubi
2252 4315 2390 4372 dixit
2419 4315 2614 4371 factam
2642 4331 2765 4372 esse
2797 4315 2971 4371 lucem
2995 4357 3012 4384 ,
3051 4315 3342 4388 adjunxit:
3373 4316 3440 4372 Et
3471 4318 3598 4372 vidit

1970 4407 2115 4464 Deus
2146 4409 2329 4475 lucem,
2363 4409 2501 4479 quod
2527 4420 2652 4463 esset
2669 4409 2802 4462 bona
2838 4407 2991 4482 (Gen.
3022 4410 3072 4464 l.
3105 4410 3187 4481 4),
3209 4418 3267 4466 ct
3293 4409 3367 4466 ita
3391 4410 3460 4467 dc
3479 4413 3596 4467 sin-

1969 4502 2132 4573 gulis.
2161 4501 2367 4558 Deinde
2391 4519 2458 4556 ne
2482 4544 2494 4566 ,
2530 4502 2571 4556 si
2604 4511 2797 4557 cuneta
2841 4518 3200 4574 persequmur
3230 4506 3594 4576 nominatim,

1972 4598 2324 4668 prolixiorem
2355 4597 2548 4652 reddat
2594 4598 2894 4652 orationem
2917 4639 2932 4663 ,
2963 4598 3125 4654 simul
3157 4601 3473 4669 pronuntiat
3523 4599 3594 4656 de

1971 4693 2254 4759 omnibus,
2285 4701 2339 4748 ct
2365 4691 2439 4746 ait
2471 4706 2660 4747 rursus
2693 4709 2707 4746 :
2750 4690 2888 4745 Vidit
2922 4692 3058 4747 Deus
3101 4704 3282 4747 cuncta
3320 4709 3437 4764 quis
3461 4697 3594 4766 [ece-

1971 4798 2077 4855 rat,
2109 4797 2292 4842 etecce
2337 4788 2469 4841 bona
2513 4788 2662 4841 valde
2707 4786 2876 4858 (Gen.
2910 4787 2964 4844 1.
3006 4787 3122 4857 51).
3168 4787 3286 4844 Non
3315 4787 3462 4860 quod
3503 4788 3593 4846 ubi

1972 4883 2112 4938 facta
2158 4881 2405 4948 fuerant,
2430 4883 2747 4952 cognoverit
2778 4883 2918 4938 Deus
2947 4883 3088 4939 bona
3129 4897 3251 4938 esse
3287 4897 3408 4954 quae
3457 4883 3595 4946 facta

1974 4986 2132 5030 erant
2166 4995 2179 5030 :
2209 4975 2369 5030 absit.
2400 4976 2455 5030 Si
2485 4975 2628 5030 enim
2657 4974 2852 5030 artifex
2882 4975 3046 5030 homo
3069 5017 3082 5042 ,
3116 4975 3281 5032 etiam
3301 4984 3594 5049 antequam

1977 5068 2110 5123 (iant
2129 5083 2191 5123 ea
2220 5084 2342 5139 quae
2381 5077 2507 5123 sunt
2534 5068 2667 5122 artis
2687 5109 2703 5134 ,
2739 5069 2889 5123 novit
2912 5110 2925 5132 ,
2955 5068 3182 5124 edoctus
3208 5083 3272 5124 ea
3304 5070 3445 5124 bona
3475 5082 3597 5124 εεςθ

1975 5177 2097 5231 qua:
2137 5162 2206 5217 ab
2232 5162 2352 5231 ipso
2375 5159 2492 5215 ﬁeri
2523 5159 2727 5217 debent
2757 5178 2770 5214 ε
2800 5162 2972 5216 multo
2996 5162 3168 5232 magis
3197 5161 3484 5219 inetl'abilis
3508 5163 3595 5219 illa

1978 5255 2278 5328 Sapientia,
2319 5272 2441 5326 qua:
2487 5256 2603 5311 sola
2653 5271 2748 5310 sua
2788 5256 3069 5311 voluntate
3122 5269 3360 5326 nutuque
3399 5267 3596 5315 cuncta

1977 5350 2231 5420 produxit
2260 5392 2272 5415 ,
2303 5351 2467 5404 etiam
2497 5361 2788 5420 antequam
2834 5335 3060 5413 ﬂerent,
3090 5364 3152 5405 ea
3181 5350 3321 5404 bona
3347 5365 3469 5407 esse
3495 5367 3598 5406 no-

1978 5453 2153 5500 verat.
2202 5444 2390 5516 Neque
2439 5445 2585 5498 cnim
2628 5444 2716 5497 illa
2767 5443 3144 5514 produxisset,
3189 5443 3234 5499 si
3274 5444 3454 5515 ignota
3496 5444 3599 5515 ipsi

1981 5523 2360 5596 fuissentJCnr
2385 5539 2545 5609 igitur
2574 5541 2646 5594 ita
2671 5539 2926 5611 loquutus
2949 5539 3070 5596 est?
3090 5541 3170 5596 0b
3197 5556 3314 5596 eam
3345 5553 3594 5610 causam,

1981 5651 2140 5705 quam
2186 5635 2357 5705 attigi.
2389 5632 2522 5688 Cum
2557 5633 2722 5704 igitur
2760 5633 3084 5704 prophetam
3133 5634 3372 5690 audieris
3412 5633 3598 5689 dicen-

1982 5738 2090 5784 tem
2124 5728 2215 5781 tibi
2250 5727 2416 5782 Deum
2453 5727 2539 5780 illa
2574 5725 2773 5782 vidisse
2797 5769 2811 5790 ,
2841 5735 3004 5797 atque
3033 5725 3308 5795 laudasse,
3341 5727 3451 5781 noli
3487 5727 3599 5794 jam

1982 5821 2213 5890 amplius
2240 5820 2404 5874 ullum
2431 5834 2658 5875 examen
2693 5818 2779 5875 vel
2802 5817 3060 5877 indicium
3084 5834 3332 5892 quaerere
3361 5816 3604 5892 pulchri-

2049 5919 2064 5947 ¹
2105 5915 2218 5976 Alii,
2254 5912 2445 5977 plenum
2471 5910 2718 5962 miraculi.
