4050 6426
557 344 653 401 ιὸἾ

559 460 757 516 tudinis
785 472 1021 515 mserum
1049 473 1258 529 ,neque
1282 457 1428 514 dicas
1452 500 1468 526 ,
1496 456 1777 526 Quomodo
1805 456 1942 512 bona
1965 454 1989 508 ‘i
2020 452 2137 525 Ipsa

559 556 698 610 enim
729 570 793 610 ex
818 553 1068 624 operibus
1093 552 1552 610 demonstratione
1584 553 1779 608 clarior
1813 559 1894 606 est
1919 558 2142 606 senten-

557 648 627 701 tia
648 687 661 708 ,
689 661 808 717 qua:
836 662 900 701 ex
929 644 1136 701 calculo
1152 655 1207 700 et
1227 644 1431 716 judicio
1458 644 1749 701 conditoris
1775 651 2009 698 emanat.
2041 642 2139 696 At-

554 752 657 806 que
696 737 893 793 idcirco
939 736 1246 794 rudiaribus
1271 737 1448 794 verbis
1472 746 1556 793 est
1595 750 1744 791 usus.
1777 735 1910 790 Nam
1951 749 2141 806 quem-

553 829 839 885 admodum
870 844 916 885 s.
941 831 1062 902 quis
1105 846 1351 887 coemere
1386 829 1776 886 medicamenta
1807 827 1965 895 velit,
1999 827 2136 882 alio-

552 924 680 992 quin
704 923 982 994 imperitus
1008 967 1023 989 ,
1046 940 1212 994 caque
1234 924 1456 994 jusserit
1483 922 1692 978 medico
1715 923 1861 992 prius
1886 921 2093 977 ostendi
2119 964 2133 986 ,

552 1014 750 1068 nullam
778 1014 936 1069 aliam
967 1014 1179 1068 virtutis
1209 1029 1392 1068 eorum
1422 1012 1933 1069 demonstrationem
1955 1013 2138 1084 requi-

551 1108 659 1170 rit,
693 1107 778 1160 ubi
804 1115 953 1160 certo
979 1106 1230 1160 didicerit
1253 1106 1342 1161 illa
1369 1105 1438 1162 ab
1466 1121 1532 1162 eo
1556 1106 1669 1161 visa
1701 1104 1864 1162 fuisse
1883 1145 1899 1172 ,
1929 1119 1993 1160 ac
2025 1106 2136 1160 lau-

548 1199 694 1266 data,
718 1199 810 1254 sed
837 1199 1054 1254 artificis
1076 1200 1284 1255 calculo
1299 1206 1585 1256 contentus
1609 1198 1741 1264 abit,
1769 1214 1890 1254 cum
1910 1198 2136 1253 audierit

548 1291 638 1345 illa
663 1291 858 1347 vidisse
904 1291 1200 1360 medicum,
1223 1296 1394 1364 atque
1434 1293 1682 1349 laudasse
1716 1311 1728 1348 :
1761 1291 1840 1348 sic
1882 1293 2131 1349 nimirum

548 1382 790 1455 Moyses,
823 1398 942 1439 cum
986 1399 1200 1439 omnem
1231 1385 1395 1441 vellet
1435 1385 1772 1441 occasionem
1807 1383 2135 1455 impudentis

546 1475 871 1531 curiositatis
885 1487 1162 1545 amputare
1180 1476 1302 1544 illis,
1333 1477 1419 1547 qui
1433 1476 1692 1532 creaturis
1708 1475 2129 1541 essentfruituri,

545 1564 879 1623 denuntiavit
904 1569 1002 1629 eis.
1026 1583 1087 1623 ac
1120 1568 1272 1633 dixit,
1302 1568 1470 1624 Deum
1497 1567 1589 1624 illa
1607 1567 1832 1633 vidisse,
1861 1568 2127 1632 laudasse,

544 1673 607 1713 ac
636 1658 775 1713 bona
807 1673 928 1714 esse
946 1659 1245 1729 judicasse,
1283 1675 1456 1730 neque
1494 1660 1810 1730 simpliciter
1833 1661 1970 1716 bona
1992 1703 2007 1727 ,
2034 1661 2130 1718 sed

543 1748 679 1805 bona
711 1749 886 1806 valde.
931 1749 1049 1804 Noli
1078 1767 1207 1823 ergo
1253 1753 1464 1808 curiose
1511 1753 1816 1824 inquirere,
1842 1767 2015 1824 neque
2039 1769 2130 1809 ra-

541 1842 845 1899 tiocinando
888 1853 1130 1899 scrutare
1158 1859 1276 1913 qua:
1303 1845 1437 1899 facta
1468 1854 1591 1900 sunt
1611 1885 1628 1912 ,
1661 1860 1787 1900 cum
1813 1845 1902 1900 tali
1933 1846 2002 1901 de
2029 1861 2127 1903 eo-

539 1949 657 1989 rum
699 1937 1004 2005 praastantia
1067 1936 1374 1993 testimonio
1421 1937 1498 1993 sis
1542 1938 1852 1995 instructus.
1883 1939 1938 1996 Si
1981 1939 2126 1997 enim

539 2025 760 2082 minime
775 2036 1064 2082 contentus
1092 2027 1192 2084 hoc
1218 2031 1405 2097 verbo,
1429 2029 1496 2085 ad
1519 2030 1914 2100 inquisitionem
1945 2047 2126 2089 rerum

539 2126 840 2176 enatorum
881 2121 1131 2191 progredi
1177 2123 1333 2186 velis,
1364 2132 1524 2193 teque
1573 2124 1627 2178 in
1656 2124 2124 2182 ratiocinationum

536 2209 779 2278 euripum
824 2223 886 2266 ac
913 2210 1104 2266 fluctus
1122 2212 1295 2268 solum
1327 2213 1532 2284 iujicias
1551 2256 1565 2280 ,
1591 2230 1659 2272 ex
1683 2216 1877 2286 quibus
1902 2219 2124 2274 multam

536 2303 736 2356 senties
762 2302 1044 2357 excitatam
1085 2304 1374 2374 procellam
1395 2347 1410 2372 ,
1441 2305 1571 2362 nihil
1601 2308 1815 2378 quidem
1856 2309 2124 2380 intelliges

533 2392 795 2460 amplius,
834 2394 928 2448 sed
975 2394 1027 2448 in
1069 2394 1398 2467 naufragium
1444 2408 1496 2454 te
1539 2399 1711 2468 ipsum
1752 2402 2122 2470 gravissimum

534 2483 859 2552 praecipitem
906 2499 1054 2554 ages.
1100 2485 1279 2557 Neque
1320 2488 1464 2543 enim
1503 2489 1742 2544 rationes
1771 2506 1961 2548 omnes
2010 2493 2116 2548 sin-

532 2573 774 2643 gulorum
821 2591 939 2643 qua:
968 2575 1104 2632 facta
1135 2587 1262 2633 sunt
1299 2581 1495 2649 poteris
1522 2583 1758 2652 reperire
1778 2625 1792 2648 ,
1822 2584 1918 2640 sed
1945 2596 1999 2641 et
2027 2601 2121 2642 eo-

533 2679 650 2718 rum
679 2681 796 2735 quze
825 2665 962 2722 bona
992 2669 1084 2723 tibi
1113 2685 1254 2724 nunc
1270 2671 1538 2739 videntur,
1570 2676 1731 2729 multa
1754 2676 2117 2747 vituperabis,

531 2755 577 2810 si
625 2757 863 2812 animum
914 2759 1224 2815 adhibueris
1270 2761 1642 2832 depravatum.
1690 2767 1839 2824 Adeo
1889 2785 2121 2841 namque

533 2849 818 2905 imbecillis
847 2863 927 2906 εει
953 2851 1227 2910 hominum
1257 2857 1412 2922 ratio,
1439 2867 1496 2913 ut
1519 2873 1890 2928 smpenumero
1916 2865 1969 2920 in
1991 2880 2120 2920 con-

532 2943 752 2996 trarium
786 2952 993 3013 agatur,
1039 2955 1096 2999 et
1150 2946 1203 3000 in
1238 2946 1440 3016 judicio
1491 2950 1560 3005 de
1606 2961 1847 3008 creatura
1897 2954 2118 3015 ferendo

531 3032 683 3086 tnulti
713 3033 913 3089 directe
943 3037 1169 3106 oppositi
1193 3038 1332 3093 inter
1358 3055 1417 3095 se
1443 3053 1696 3113 pugnent.
1726 3043 1858 3099 Nam
1888 3050 2117 3118 gentiles

530 3126 743 3195 quidem
775 3143 897 3182 cum
929 3132 1045 3199 plus
1073 3146 1231 3199 quam
1258 3147 1392 3201 opus
1416 3135 1484 3188 sit
1510 3137 1680 3206 ipsam
1709 3139 1885 3196 mirati
1909 3153 2113 3207 essent,

531 3215 748 3278 modum
795 3231 1181 3286 excesserunt,
1225 3237 1452 3292 eamque
1497 3224 1657 3281 deum
1705 3243 1829 3286 esse
1874 3232 2117 3291 arbitrati

530 3318 658 3361 sunt
681 3325 694 3361 :
724 3307 998 3366 Manichzei
1027 3328 1158 3368 vero
1182 3354 1197 3379 ,
1221 3326 1276 3369 et
1304 3315 1393 3370 alii
1421 3333 1609 3374 rursus
1637 3319 1876 3379 haeretici
1903 3325 2116 3396 quidam

531 3400 617 3456 dei
667 3401 888 3459 minime
914 3403 1038 3460 boui
1076 3407 1152 3478 (α)
1195 3422 1331 3478 opus
1365 3425 1483 3465 eam
1525 3427 1647 3469 esse
1672 3415 1960 3474 dixerunt:
1992 3421 2115 3492 qui-

531 3492 651 3547 dam
680 3508 836 3548 unam
867 3495 980 3566 ejus
1004 3509 1210 3566 partem
1239 3501 1478 3556 avulsam
1507 3518 1538 3557 a
1569 3507 1779 3562 caeteris
1803 3521 2116 3580 spontanea:

529 3585 738 3641 cuidam
771 3590 1007 3645 materia:
1027 3592 1415 3663 attribuerunt,
1445 3611 1670 3670 eamque
1699 3600 1968 3674 indignam
1994 3621 2116 3663 esse

530 3677 625 3734 Dei
654 3679 872 3749 opifieio
900 3681 1228 3751 judicarunt.
1267 3684 1340 3740 lta
1362 3729 1377 3754 ,
1402 3688 1540 3744 sicut
1579 3699 1705 3748 ante
1741 3693 1878 3762 dixi,
1924 3697 1970 3751 si
1995 3699 2117 3768 quis

528 3772 790 3827 rationem
820 3789 882 3829 ac
907 3786 1140 3832 mentem
1166 3777 1509 3848 depravatam
1541 3783 1826 3852 adhibeat,
1863 3790 2028 3844 multa
2052 3808 2118 3846 ex

531 3864 630 3930 iis,
657 3880 777 3935 quae
821 3865 959 3922 bona
989 3883 1108 3924 esse
1137 3871 1419 3939 videntur,
1449 3876 1741 3930 accusabit.
1792 3878 1930 3945 Quid
1973 3885 2116 3937 enim

534 3957 626 4011 tibi
655 3959 768 4012 sole
799 3960 1073 4029 pulchrius
1096 3963 1340 4019 videtur?
1361 3968 1607 4022 Attamen
1622 3969 1958 4038 Splendidum
1978 3974 2116 4031 istud

530 4060 584 4105 et
632 4050 927 4120 jucundum
974 4061 1176 4109 astrum
1224 4063 1280 4111 et
1333 4058 1519 4114 oculos
1566 4061 1712 4118 laedit
1764 4063 2035 4134 infirmos,
2064 4077 2119 4124 et

528 4156 652 4197 cum
679 4144 856 4198 radios
895 4145 1226 4203 ardentiores
1255 4149 1488 4219 emittit,
1533 4160 1728 4209 terram
1777 4157 1911 4226 urit,
1943 4157 2118 4217 febres

529 4234 716 4304 gignit,
745 4233 924 4307 fruges
948 4253 1318 4309 saepenumero
1345 4242 1565 4299 arefacit
1591 4255 1645 4303 et
1669 4247 1887 4307 inutiles
1915 4252 2114 4321 reddit,

530 4327 754 4384 arbores
779 4328 1093 4387 infecundas
1117 4332 1319 4400 efficit,
1346 4349 1411 4392 ac
1429 4348 1634 4407 partem
1675 4341 1822 4396 orbis
1854 4351 2115 4401 terrarum

533 4431 731 4478 nostra;
762 4423 994 4495 ineptam
1033 4426 1348 4484 habitationi
1396 4441 1451 4485 et
1479 4431 1724 4488 infestam
1755 4437 1947 4492 reddit.
1978 4439 2115 4508 Quid

529 4516 700 4585 ergo?
728 4533 850 4571 num
869 4560 886 4584 ,
916 4533 1117 4588 quaeso,
1148 4520 1316 4576 solem
1350 4521 1550 4579 idcirco
1581 4527 1978 4585 accusabimus?
2011 4533 2118 4585 Ah-

532 4607 640 4671 sit;
666 4606 774 4661 imo
804 4624 927 4664 vero
971 4611 1232 4667 rationem
1277 4613 1562 4683 quiescere
1594 4616 1882 4688 jubentes,
1909 4631 2116 4692 petram

531 4699 677 4754 illam
724 4700 1133 4770 occupabitnus,
1160 4713 1214 4758 et
1240 4704 1440 4761 dictum
1481 4707 1651 4776 illud,
1703 4709 1772 4766 Et
1809 4713 1934 4768 vidit
1976 4714 2118 4771 Deus

529 4800 712 4844 cuncta
760 4806 872 4859 qua:
895 4791 1113 4859 fecerat,
1140 4801 1184 4846 et
1213 4810 1326 4850 ecce
1361 4796 1493 4851 bona
1533 4799 1680 4854 valde
1720 4799 1871 4873 (Gen.
1900 4805 1951 4860 1.
1981 4808 2071 4879 5i)
2101 4826 2113 4862 :

527 4880 790 4947 siquidem
823 4891 875 4936 et
902 4883 988 4935 illa
1017 4883 1127 4952 ipsa
1145 4899 1264 4954 qua:
1296 4900 1435 4942 nunc
1459 4901 1775 4947 enumerata
1798 4907 1923 4951 sunt
1947 4913 1977 4952 a
2006 4916 2112 4964 me,

532 4971 667 5023 bona
697 4970 847 5027 valde
877 4981 1000 5026 sunt
1027 4982 1083 5028 et
1119 4977 1419 5032 commoda.
1454 4978 1560 5034 Sed
1589 4988 1646 5035 ut
1693 4988 1938 5055 superius
1968 4988 2074 5043 disi
2099 5032 2113 5055 ,

529 5061 592 5114 ad
635 5076 822 5116 vocem
865 5061 1009 5117 illam
1041 5067 1420 5122 recurrendum
1451 5079 1534 5124 est
1575 5085 1810 5143 semper,
1844 5092 1907 5132 ac
1929 5077 2115 5136 dieen-

526 5153 654 5208 dum
688 5172 699 5206 :
734 5153 870 5208 Ecce
897 5155 1095 5220 omnia,
1123 5173 1238 5225 qua:
1262 5158 1386 5214 fecit
1417 5161 1557 5216 Deus
1578 5204 1592 5229 ,
1623 5163 1760 5221 bona
1792 5180 1915 5225 sunt
1940 5175 2114 5229 valde.

530 5247 636 5301 Sed
667 5263 845 5302 nonne
893 5248 1097 5304 deliciis
1124 5265 1315 5307 vacare
1339 5294 1354 5318 ,
1380 5254 1546 5322 jocari
1570 5299 1584 5323 ,
1615 5268 1669 5313 et
1695 5261 1952 5332 voluptati
1985 5283 2115 5335 ope-

528 5357 641 5395 ram
663 5341 812 5404 dare,
843 5342 1036 5395 bonuttt
1068 5352 1150 5396 est
1173 5343 1355 5400 ?Audi
1383 5346 1747 5419 Salomonem,
1777 5357 1865 5426 qui
1893 5359 2114 5417 delicia-

527 5447 642 5487 rum
675 5447 834 5485 omue
873 5447 1039 5501 genus
1069 5436 1322 5502 tentavit,
1351 5448 1405 5493 et
1452 5441 1559 5506 ait,
1595 5442 1782 5501 Melius
1823 5459 1894 5504 est
1938 5453 2012 5506 ire
2049 5457 2118 5509 ad

532 5517 735 5576 domum
759 5525 920 5579 lactus
939 5565 955 5592 ,
977 5542 1130 5596 quam
1155 5528 1227 5580 ire
1246 5529 1313 5580 ad
1343 5530 1548 5584 domum
1573 5537 1784 5593 convivii
1814 5541 2033 5611 (Eccles.
2062 5548 2113 5602 7.

524 5613 606 5689 8).
630 5620 697 5673 At
725 5619 860 5672 mala
890 5633 975 5676 res
1001 5634 1103 5674 nox
1127 5622 1240 5675 est?
1259 5621 1490 5692 (oportet
1517 5627 1660 5683 enim
1688 5631 2112 5698 adversariorum

586 5769 662 5833 (η)
696 5771 932 5822 itanicluei
967 5772 1142 5824 malum
1165 5776 1310 5826 deum
1343 5777 1678 5836 admittebant.

1291 341 1348 399 Β.
1388 339 1666 398 JOANMS
1704 331 2176 395 CllliYSOSTUMl
2212 330 2527 388 ARCHIEP.
2571 329 3106 388 CONSTANTI'NOP.

3761 329 3870 384 183

2251 450 2326 506 uti
2355 449 2582 520 verbis.)
2613 450 2724 505 Imo
2752 452 2863 521 ipsa
2891 451 3136 507 laborum
3167 462 3250 508 est
3276 453 3534 508 relaxatio
3555 497 3570 520 ,
3606 452 3869 509 lleI‘MiO

2245 557 2278 598 a
2305 543 2450 599 curis
2469 586 2486 612 ,
2518 546 2828 600 morborum
2852 546 3101 601 solatium
3121 587 3137 610 ,
3165 560 3194 599 a
3218 554 3363 600 metu
3389 561 3452 602 ac
3481 548 3748 617 periculis
3773 563 3865 602 re-

2244 636 2397 706 quies
2435 651 2539 691 non
2593 637 2924 695 mediocris:
2952 638 3192 708 juvenile
3218 639 3396 695 reddit
3435 655 3662 711 corpus,
3695 657 3861 697 men-

2243 736 2352 784 tem
2379 729 2608 806 vividam
2633 772 2649 796 ,
2683 732 2919 787 membra
2952 732 3221 788 laboribus
3267 731 3480 804 fatigata
3527 745 3750 790 recreat
3777 751 3866 790 re-

2245 807 2479 892 ficitque.
2511 822 2581 876 At
2609 823 2746 876 mala
2773 837 2862 878 res
2893 833 2977 878 est
3007 824 3260 879 morbus?
3287 823 3440 881 Unde
3485 826 3655 896 igitur
3684 825 3861 881 Laza-

2242 925 2335 965 rus
2369 926 2621 966 coronam
2649 914 2981 984 reportavit?
3009 913 3114 969 Sed
3164 915 3303 970 mala
3337 917 3670 985 paupertas?
3703 917 3861 972 Unde

2240 1017 2370 1056 vero
2388 1002 2491 1058 Joh
2511 1003 2735 1074 gloriam
2766 1015 2848 1060 est
2873 1008 3278 1076 consequutus?
3303 1011 3372 1061 At
3399 1009 3574 1064 noxiae
3603 1009 3856 1065 afflictio-

2241 1108 2336 1148 nes
2363 1092 2689 1165 frequentes,
2722 1103 2778 1151 et
2803 1097 3113 1152 continuae?
3145 1095 3299 1153 Unde
3328 1109 3506 1154 autem
3538 1099 3748 1155 factum
3777 1110 3860 1156 est

2241 1193 2298 1240 ut
2323 1187 2552 1256 apostoli
2578 1186 2820 1244 celebres
2844 1196 2899 1243 et
2931 1189 3169 1244 iltustres
3185 1189 3476 1245 evaderent
3495 1191 3518 1245 ?
3537 1207 3664 1260 qua:
3694 1207 3862 1261 porm

2238 1279 2320 1334 via
2368 1279 2516 1334 ducit
2561 1281 2628 1335 ad
2679 1281 2885 1336 vitam?
2914 1297 3092 1337 nonne
3119 1292 3265 1337 arcta
3319 1293 3374 1338 et
3420 1286 3692 1354 angusta?
3736 1285 3859 1340 Noti

2236 1386 2364 1442 ergo
2402 1371 2604 1439 dicere,
2637 1372 2745 1428 Cur
2775 1373 2915 1428 hoc?
2955 1373 3022 1428 ad
3048 1373 3173 1444 quid
3221 1373 3362 1429 hoc?
3387 1376 3480 1430 sed
3512 1387 3622 1429 tam
3662 1376 3715 1430 in
3747 1377 3861 1431 dis-

2237 1466 2641 1536 pensationibus
2691 1482 2852 1537 quam
2904 1467 2958 1521 in
3001 1468 3267 1522 creaturis
3307 1469 3434 1533 Dei,
3471 1469 3618 1538 quod
3683 1469 3861 1523 silen—

2237 1556 2368 1611 tium
2414 1557 2618 1630 prarbet
2667 1559 2834 1614 lutum
2887 1558 3086 1630 figulo,
3119 1558 3260 1614 idem
3291 1570 3345 1615 et
3394 1560 3512 1630 ipse
3561 1559 3857 1615 Conditori

2235 1655 2326 1703 tuo
2355 1650 2567 1719 prrebe,
2596 1650 2669 1705 mi
2697 1651 2880 1709 homo.

2303 1740 2516 1796 ΟΑΡΛῙ.
2546 1741 2869 1798 Credendttm
2896 1759 3003 1799 esse
3033 1743 3349 1814 providentia
3380 1743 3476 1799 Dei
3498 1745 3608 1816 regi
3637 1747 3856 1800 omnia:

2231 1832 2435 1904 ejusque
2465 1833 2539 1888 rei
2575 1835 2851 1889 maximam
2891 1835 3367 1890 demonstrationem
3387 1836 3450 1890 iis
3469 1837 3557 1908 qui
3586 1836 3850 1903 dubitant,

2229 1939 2263 1977 a
2292 1923 2439 1979 rebus
2470 1925 2650 1981 creatis
2667 1926 3002 1997 suppeditari.
3021 1957 3094 1968 —
3117 1927 3255 1997 Quid
3289 1929 3455 1999 ergo?
3471 1928 3849 2000 dicetaiiquis;

2229 2031 2338 2072 non
2363 2016 2443 2072 vis
2487 2033 2574 2074 me
2614 2026 2768 2074 certe
2809 2017 2968 2088 scire,
2991 2033 3056 2074 ac
3097 2019 3322 2075 credere
3364 2019 3456 2076 Dei
3503 2019 3850 2092 providentia

2227 2121 2318 2184 res
2341 2123 2532 2165 omnes
2556 2110 2709 2180 regi?
2757 2110 2894 2167 Volo
2923 2110 3173 2183 equidem
3200 2119 3254 2166 et
3280 2121 3426 2180 opto,
3456 2126 3520 2167 ac
3543 2111 3852 2168 vehemen-

2228 2211 2311 2258 ter
2334 2203 2582 2260 desidero
2618 2221 2629 2258 :
2655 2208 2761 2260 non
2789 2212 2968 2261 tamen
3005 2203 3122 2276 ejus
3150 2203 3550 2276 providentiam
3579 2207 3844 2269 scrutari.

2227 2308 2398 2360 neque
2423 2295 2634 2350 curiose
2665 2295 2718 2350 in
2744 2310 2862 2351 eam
2891 2295 3185 2366 inquirere.
3217 2293 3273 2352 Si
3299 2296 3444 2352 enim
3466 2295 3576 2366 jam
3621 2298 3757 2363 scis,
3791 2307 3847 2354 ct

2229 2385 2387 2442 fidem
2417 2387 2615 2444 habere
2640 2388 2894 2457 statuisti,
2914 2389 3023 2445 noli
3051 2403 3295 2460 quatrere
3323 2408 3337 2444 :
3366 2390 3448 2445 sin
3475 2399 3654 2446 autem
3685 2391 3848 2446 dubi-

2227 2486 2328 2543 tas,
2375 2488 2570 2533 terram
2615 2480 2905 2552 interroga,
2938 2481 3152 2549 caaium,
3198 2481 3390 2548 solent,
3437 2480 3642 2550 lunam,
3691 2486 3847 2539 varia

2225 2569 2500 2626 hrutarum
2529 2572 2877 2628 animantium
2905 2587 3102 2643 genera
3125 2572 3419 2644 interroga,
3440 2574 3672 2642 semina,
3695 2576 3848 2646 plan~

2226 2672 2327 2728 tas,
2362 2672 2537 2718 mutos
2580 2665 2773 2734 pisces,
2821 2678 2972 2732 saxa,
3011 2674 3246 2732 montes,
3289 2666 3481 2733 saltus,
3512 2666 3706 2731 colles,
3732 2683 3842 2720 no-

2223 2765 2384 2820 ctem,
2417 2756 2580 2811 diem.
2613 2757 2886 2828 Siquidem
2925 2759 3040 2814 sole
3062 2773 3126 2814 ac
3152 2758 3316 2814 radiis
3344 2759 3461 2828 ejus
3501 2759 3708 2815 clarior
3748 2771 3843 2816 est

2223 2847 2318 2903 Dei
2348 2849 2771 2918 providentia,et
2798 2850 2989 2921 quovis
3019 2858 3280 2921 tempore,
3321 2851 3511 2922 quovis
3537 2852 3591 2907 in
3618 2851 3763 2918 loco,
3782 2856 3840 2908 in

2219 2941 2526 3007 desertis,in
2543 2943 2849 3014 regionibus
2869 2943 3024 2999 cultis
3037 2951 3089 2998 et
3102 2942 3337 3009 incultis,
3353 2943 3405 2998 in
3423 2944 3656 3009 terra,in
3672 2949 3837 3013 mari,

2218 3043 2274 3089 et
2291 3049 2627 3106 quocumque
2656 3044 2708 3091 te
2727 3035 3040 3103 contuleris,
3063 3034 3343 3092 manifesta
3365 3042 3419 3090 et
3447 3034 3638 3092 idonea
3665 3076 3683 3101 ,
3712 3051 3842 3092 eum

2219 3134 2399 3182 vetera
2425 3136 2536 3181 tum
2564 3141 2699 3181 nova
2730 3126 3078 3196 providentia:
3107 3127 3261 3182 istius
3303 3137 3649 3182 monumenta
3697 3143 3841 3184 eon-

2219 3218 2434 3289 spicies,
2457 3233 2722 3290 vocesque
2753 3220 2986 3290 undique
3016 3221 3207 3275 missas
3233 3223 3333 3276 hac
3354 3210 3539 3277 nostra
3577 3223 3841 3279 rationali

2219 3326 2352 3368 voce
2376 3313 2651 3382 clariores,
2686 3328 2717 3368 a
2746 3313 2937 3384 quibus
2967 3313 3036 3369 de
3064 3313 3166 3368 hac
3196 3314 3311 3384 ejus
3349 3329 3474 3370 cura
3501 3314 3829 3384 instructor,

2221 3404 2310 3474 qui
2336 3418 2495 3459 aures
2522 3403 2752 3459 voluerit
2790 3403 3097 3460 admovere.
3141 3404 3347 3460 idcirco
3385 3405 3650 3477 propheta
3696 3423 3838 3479 quo-

2220 3509 2324 3564 que
2369 3509 2558 3550 vocum
2602 3495 2824 3550 istarum
2870 3495 3234 3565 prmstantiam
3281 3498 3467 3553 volens
3513 3500 3832 3565 ostendere,

2219 3588 2430 3644 dicebat
2462 3607 2476 3644 :
2506 3587 2630 3642 Non
2675 3597 2795 3644 sunt
2839 3589 3069 3660 loquelis,
3103 3605 3262 3662 neque
3306 3607 3586 3659 sermones,
3615 3611 3838 3664 quorum

2221 3695 2321 3733 non
2342 3680 2618 3734 audiantur
2660 3695 2802 3735 voces
2845 3681 3211 3753 eorum(Psal.
3248 3683 3431 3754 18.4).
3461 3683 3595 3740 Nam
3648 3696 3835 3743 nostra

2223 3773 2436 3843 quidem
2465 3784 2590 3829 nota
2619 3784 2700 3830 est
2728 3775 2831 3832 illis
2879 3783 3106 3839 tantum,
3139 3777 3228 3846 qui
3273 3778 3514 3846 ejusdem
3550 3787 3680 3834 sunt
3725 3780 3833 3835 lin-

2222 3879 2339 3934 guzn
2373 3884 2383 3918 :
2416 3881 2522 3920 non
2570 3867 2696 3921 item
2743 3867 2846 3922 illis
2893 3869 2984 3938 qui
3029 3869 3256 3924 diversa:
3293 3887 3306 3924 :
3338 3878 3393 3924 at
3422 3870 3508 3926 illa
3552 3887 3662 3926 vox
3710 3889 3835 3943 qua

2226 3957 2454 4012 mittitur
2481 3972 2510 4011 a
2540 3959 2824 4026 creaturis,
2856 3959 2923 4015 ab
2945 3959 3217 4026 omnibus,
3254 3977 3374 4031 qua:
3423 3971 3597 4018 totum
3642 3965 3833 4022 orbem

2226 4059 2490 4105 terrarum
2515 4050 2773 4117 incolunt,
2796 4052 3102 4109 nationibus
3131 4062 3307 4125 potest
3331 4053 3524 4109 audiri.

2294 4142 2422 4197 Car.
2456 4142 2544 4198 Vl.
2577 4143 2657 4197 De
2680 4145 2890 4199 caritate
2905 4144 3002 4199 Dei
3016 4161 3131 4216 quia
3159 4147 3422 4202 caritatem
3450 4165 3654 4204 omnem
3680 4151 3834 4225 longe

2221 4235 2446 4299 excedit;
2466 4237 2751 4305 exemplum
2789 4235 3001 4304 aﬂertur
3023 4254 3087 4293 ea:
3117 4239 3328 4296 historia
3352 4239 3503 4296 Iona:
3528 4243 3826 4300 deductum.

2221 4329 2467 4396 —Atque
2496 4328 2634 4396 apud
2653 4329 2853 4398 probos
2874 4330 3086 4400 quidem
3115 4346 3177 4388 ac
3199 4332 3492 4398 modestos,
3515 4343 3642 4392 ante
3662 4338 3830 4392 ullam

2221 4433 2287 4474 ex
2317 4418 2566 4488 operibus
2612 4419 3145 4486 demonstrationem,
3180 4423 3294 4493 ipsa
3332 4425 3447 4480 sola
3490 4425 3585 4486 Dei
3626 4427 3832 4484 sufficit

2222 4510 2530 4578 affirmatio,
2561 4526 2666 4566 non
2706 4511 2770 4567 ad
2819 4512 3206 4582 providentiam
3249 4523 3476 4582 tantum,
3521 4517 3619 4573 sed
3659 4528 3717 4574 et
3760 4521 3829 4575 ad

2223 4616 2461 4657 amorem
2491 4603 2648 4657 etiam
2672 4602 2810 4657 illius
2839 4619 2964 4674 erga
2993 4619 3093 4659 nos
3123 4605 3374 4661 eximium
3403 4609 3825 4668 ostendendum.

2224 4691 2340 4748 Non
2392 4693 2533 4748 enim
2581 4694 2770 4764 quovis
2805 4693 2965 4750 modo
3005 4696 3247 4764 providet
3290 4697 3463 4763 nobis,
3508 4700 3606 4755 sed
3654 4701 3727 4756 ita
3773 4714 3829 4758 ut

2223 4793 2367 4838 amet
2410 4783 2587 4850 simul,
2611 4795 2666 4839 et
2713 4784 3019 4841 vehementi
3065 4801 3164 4842 nos
3189 4795 3244 4843 et
3273 4788 3541 4844 immenso
3587 4792 3826 4862 quodam

2224 4890 2407 4930 amore
2457 4886 2826 4947 prosequatur,
2875 4877 2943 4932 ab
2985 4879 3130 4934 omni
3172 4880 3386 4950 quidem
3437 4883 3686 4953 passione
3725 4889 3826 4941 iut-

2228 4967 2394 5032 muni,
2440 4968 2533 5023 sed
2578 4968 2955 5029 ardentissimo
2983 4980 3036 5024 et
3068 4971 3449 5029 intentissimo.
3477 4975 3712 5041 sincero,
3747 4980 3827 5032 iu-

2225 5059 2542 5129 dissolubili,
2571 5069 2626 5117 et
2650 5063 2738 5132 qui
2784 5078 3073 5133 numquam
3125 5065 3293 5134 possit
3331 5067 3622 5139 exstingui.
3651 5072 3828 5140 Atque

2226 5149 2327 5205 hoc
2371 5152 2524 5207 nobis
2571 5167 2692 5208 cum
2750 5154 2911 5210 vellet
2957 5155 3230 5211 insinuare
3280 5156 3558 5229 Scriptura
3602 5161 3813 5226 divina,

2227 5243 2426 5314 profert
2453 5245 2664 5315 quidem
2693 5245 3070 5301 similitudines
3102 5247 3289 5302 ductas
3309 5264 3337 5302 a
3363 5249 3525 5304 rebus
3551 5251 3823 5319 humanis,

2227 5337 2426 5408 profert
2444 5347 2499 5394 et
2522 5340 2740 5405 amoris,
2771 5338 3137 5408 providentire,
3157 5355 3406 5411 cursuque
3433 5344 3678 5413 exempla
3703 5360 3821 5414 per-

2227 5430 2407 5484 multa.
2437 5428 2551 5484 Non
2578 5441 2753 5485 tamen
2784 5431 2835 5484 in
2863 5429 2947 5484 his
2976 5439 3179 5484 tantum
3211 5433 3325 5486 vult
3367 5447 3466 5487 nos
3500 5435 3820 5502 subsistere,

2224 5522 2318 5578 sed
2358 5523 2517 5578 etiam
2546 5523 2787 5592 exempla
2817 5532 2997 5578 mente
3026 5526 3428 5581 transcendere.
3463 5527 3647 5599 Neque
3677 5532 3821 5586 enim

2226 5624 2493 5684 tamquam
2524 5613 2842 5670 sufficientia
2871 5613 2939 5668 ad
2965 5616 3080 5683 ejus
3103 5617 3537 5674 benevolentiam
3575 5621 3820 5675 indicati.

2223 5703 2347 5759 dam
2391 5704 2487 5758 ista
2538 5704 2788 5773 protulit,
2828 5704 2922 5760 sed
2977 5713 3248 5775 tamquam
3290 5707 3624 5765 auditoribus
3673 5722 3816 5775 nota,

2226 5809 2448 5867 quaeque
2474 5795 2643 5866 magis
2671 5811 2830 5867 quam
2861 5795 2963 5852 alia
3000 5798 3201 5869 quzevis
3230 5798 3330 5854 hoc
3377 5812 3597 5872 possent
3635 5813 3814 5859 osten-
