4050 6430
176 325 307 378 687'

175 442 379 509 αὑτῶν,
423 441 558 514 μηδὲ
587 441 731 513 λέγε·
762 441 886 504 Πῶς
919 443 1093 507 καλά;
1124 442 1237 512 Τῆς
1269 442 1376 514 γάρ
1414 442 1501 495 διὰ
1541 441 1651 494 τῶν
1687 441 1776 513 ἐρ-

177 555 292 603 γων
324 535 655 601 ἀποδείξεως
685 535 995 606 σαφεστέρα
1021 535 1054 604 ἡ
1087 535 1174 588 διὰ
1207 534 1308 604 τῆς
1339 535 1523 606 ψήφου
1554 535 1649 587 καὶ
1678 533 1778 604 τῆς

175 629 414 699 κρίσεως
442 627 538 680 τοῦ
569 628 901 698 ποιήσαντος
931 626 1227 696 ἀπόφασις.
1257 626 1356 678 Διά
1383 642 1465 678 τοι
1495 625 1653 678 τοῦτο
1688 628 1779 678 καὶ

176 721 466 792 παχυτέρα
499 720 763 792 κέχρηται
794 723 862 790 τῇ
891 719 1053 784 λέξει.
1081 721 1293 790 Ὥσπερ
1317 719 1426 789 γάρ
1454 719 1506 770 εί
1529 735 1614 781 τις
1641 718 1780 788 φάρ-

181 830 332 883 μακα
363 810 689 882 βουλόμενος
717 809 994 873 ὠνεῖσθαι,
1024 809 1251 880 ἄπειρος
1281 806 1378 874 ὢν,
1411 805 1627 860 κελεύοι
1655 806 1781 879 πρό·

180 922 340 976 τερον
373 903 781 959 ἐπιδείκνυσθαι
811 903 889 973 τῷ
917 887 1091 974 ίατρῷ
1129 901 1325 963 ταῦτα,
1357 899 1460 954 κᾶν
1497 900 1647 972 μάθῃ
1686 915 1781 953 σα-

179 997 335 1065 φῶς,
378 997 461 1050 ὅτι
500 993 624 1049 ἰδὼν
675 995 897 1057 ἐκεῖνος.
936 994 1226 1065 ἐπῄνεσεν,
1274 992 1530 1062 οὐδεμίαν
1583 991 1781 1063 ἑτέραν

179 1085 464 1152 ἀπόδειξιν
490 1085 591 1156 τῆς
619 1085 828 1138 τούτων
863 1084 1066 1156 άρετῆς
1093 1080 1362 1153 ἐπιζητεῖ,
1395 1081 1511 1135 ἀλλ’
1537 1082 1781 1146 ἀκούσας

182 1178 266 1230 ὅτι
299 1173 444 1230 εἶδεν
483 1175 626 1230 αὑτὰ
671 1179 699 1230 6
736 1176 919 1247 ίατρδς
955 1176 1052 1229 καὶ
1091 1174 1381 1246 ἐπῄνεσεν,
1422 1175 1678 1246 ἀρκεῖται
1714 1177 1780 1246 τῇ

180 1268 350 1340 ψήφῳ
385 1268 483 1321 τοῦ
533 1270 809 1340 τεχνίτου·
857 1268 1001 1322 οὕτω
1031 1267 1095 1340 δὴ
1135 1269 1229 1321 καὶ
1272 1269 1301 1322 6
1344 1268 1552 1339 Μωσῆς
1599 1268 1782 1321 πᾶσαν

183 1360 515 1432 περιεργίαν
561 1359 922 1432 ἀναίσχυντον
972 1359 1245 1432 περιελεῖν
1300 1357 1628 1429 βουλόμενος
1673 1357 1784 1410 τῶν

188 1453 332 1522 μετὰ
379 1452 556 1507 ταῦτα
625 1453 935 1524 μελλόντων
992 1453 1291 1509 ἀπολαύειν
1354 1453 1454 1524 τῆς
1513 1452 1782 1526 κτίσεως,

185 1543 491 1616 ἀπήγγειλε
547 1547 642 1600 καὶ
681 1542 857 1608 εἶπεν,
908 1547 992 1600 δτι
1044 1541 1184 1600 εἶδεν
1240 1544 1382 1599 αὐτὰ
1428 1547 1457 1598 6
1502 1544 1638 1608 Θεὸς
1691 1546 1785 1600 καὶ

186 1638 444 1709 ἐπῄνεσε,
473 1639 566 1691 καὶ
595 1638 903 1709 ἐψηφίσατο
944 1634 1086 1692 εἶναι
1119 1635 1283 1700 καλὰ,
1321 1637 1416 1689 και
1456 1636 1556 1708 οὑχ
1600 1636 1787 1700 ἁπλῶς

188 1729 354 1795 καλὰ,
388 1730 524 1785 ἀλλά
555 1732 650 1785 καὶ
688 1731 830 1786 καλά
860 1730 1000 1785 λίαν.
1030 1730 1123 1800 Μὴ
1169 1729 1352 1783 τοίνυν
1393 1728 1784 1801 περιεργάζου,

191 1820 328 1891 μηδὲ
344 1821 788 1894 πολυπραγμόνει
821 1821 1100 1891 λογισμοῖς
1119 1819 1188 1873 τὰ
1215 1819 1586 1892 γεγενημένα,
1603 1819 1785 1874 τοιαύ-

189 1929 292 1982 την
332 1913 472 1983 ιχων
533 1913 631 1967 τοῦ
693 1913 924 1976 κάλλους
965 1911 1148 1966 αὑτῶν
1198 1912 1527 1985 μαρτυρίαν.
1571 1912 1635 1967 El
1679 1912 1788 1982 γὰρ

193 2005 272 2077 μὴ
310 2003 587 2076 ἀρκεσθῇς
627 2003 706 2076 τῷ
749 2005 958 2077 ῥήματι
991 2003 1192 2073 τούτῳ,
1234 2003 1372 2058 ἀλλά
1407 2003 1677 2076 βουληθῇς
1707 2007 1789 2068 είς

191 2096 423 2168 ζήτησιν
451 2097 558 2151 τῶν
597 2096 982 2166 γεγενημένων
1014 2093 1210 2159 ἐλθεῖν,
1255 2094 1337 2158 είς
1375 2095 1603 2168 εὔριπον
1645 2096 1791 2165 λογι-

193 2171 351 2259 σμῶν
381 2188 474 2243 καὶ
509 2187 731 2258 κύματα
779 2189 947 2241 πολὺν
978 2185 1325 2260 ἐργαζόμενα
1373 2188 1623 2259 χειμῶνα
1655 2205 1788 2242 σαυ-

189 2282 286 2333 τὸν
327 2279 583 2350 ἐμϐαλὼν
615 2280 796 2351 μόνον,
835 2282 958 2354 είσῃ
991 2283 1089 2353 μὲν
1119 2282 1282 2337 πλέον
1322 2282 1500 2346 οὐδὲν,
1533 2281 1793 2348 ναυάγιον

191 2371 248 2426 δὲ
276 2371 485 2444 ἆργάσῃ
518 2371 732 2444 σεαυτῷ
758 2372 1014 2443 χαλεπόν.
1043 2373 1179 2426 Οὐδὲ
1202 2373 1312 2444 γάρ
1332 2373 1536 2444 δυνήσῃ
1559 2372 1688 2436 τοὺς
1707 2371 1795 2424 λόο

193 2481 326 2532 γους
352 2463 598 2528 ἅπαντας
627 2463 862 2516 ἑκάστου
887 2463 994 2516 τῶν
1021 2467 1404 2536 γεγενημένων
1427 2464 1630 2534 εὑρεῖν,
1657 2463 1784 2517 ἀλλὸ

195 2555 295 2610 καὶ
322 2555 430 2621 τῶν
461 2556 764 2613 δοκούντων
795 2550 936 2609 εἷναί
970 2573 1053 2608 σοι
1086 2555 1182 2609 νῦν
1204 2555 1384 2609 καλῶν
1407 2555 1578 2610 πολλά
1609 2556 1792 2610 διαϐα-

196 2647 331 2712 λεῖς,
358 2647 454 2701 ἐὰν
483 2646 763 2717 άγνώμονι
792 2646 1135 2718 κεχρημένος
1163 2643 1230 2720 ᾖς
1271 2650 1340 2720 τῇ
1372 2646 1589 2718 γνώμη.
1637 2647 1794 2699 Οὑττη

196 2741 310 2813 γὰρ
335 2739 569 2811 ἀσθενὴς
597 2740 707 2795 τῶν
735 2739 1041 2811 ἀνθρώπων
1067 2743 1096 2795 6
1128 2740 1409 2812 λογισμὸς,
1443 2740 1519 2804 ὼς
1546 2743 1625 2803 εἰς
1651 2744 1798 2793 ἐναν-

198 2835 292 2889 τία
342 2833 711 2906 περιαχθῆναι
745 2832 1042 2898 πολλάκις,
1087 2832 1183 2886 καὶ
1227 2833 1292 2886 ἐκ
1323 2831 1626 2904 διαμέτρου
1659 2832 1798 2884 κατὰ

198 2926 447 2996 ἀλλήλων
491 2928 682 2998 στῆναι
740 2925 964 2990 πολλοὺς
1014 2927 1073 2978 ἐν
1124 2927 1192 2997 τῇ
1239 2925 1369 2996 περὶ
1414 2924 1519 2996 τῆς
1573 2923 1804 2986 κτίσεως

201 3017 388 3088 ψήφῳ.
427 3017 699 3088 Ἑλλήνων
743 3017 842 3089 μὲν
881 3017 990 3089 γὰρ
1040 3017 1228 3080 παῖδες
1259 3017 1401 3089 ὑπὲρ
1433 3017 1496 3072 τὸ
1536 3016 1658 3072 δέον
1707 3017 1806 3072 αὑ-

202 3110 304 3180 τὴν
335 3110 743 3181 θαυμάσαντες,
782 3109 846 3163 τὸ
891 3111 1091 3180 μέτρον
1128 3108 1534 3181 ὑπερεκϐάντες
1558 3111 1654 3165 καὶ
1682 3110 1806 3165 θεὸν

201 3197 345 3257 εἶναι
369 3202 539 3274 αὑτὴν
572 3202 864 3272 ἐνόμισαν·
895 3202 1190 3274 Μανιχαῖοι
1219 3200 1277 3255 δὲ
1313 3201 1407 3254 καὶ
1430 3201 1608 3276 ἓτεροι
1643 3201 1806 3256 πάλιν

203 3294 490 3364 αίρετικοὶ,
519 3294 568 3347 οι
607 3293 709 3364 μὲν
735 3293 838 3348 οὑκ
866 3293 1075 3363 ἀγαθοῦ
1113 3292 1239 3348 θεοῦ
1272 3291 1434 3365 ἔργον
1463 3293 1676 3364 ἔφησαν
1708 3294 1805 3348 αὑ-

203 3386 306 3456 τὴν
342 3380 513 3438 εἶναι·
544 3387 594 3439 οι
626 3385 683 3440 δὲ
721 3386 780 3439 ἓν
809 3385 982 3456 αὑτῆς
1013 3385 1383 3455 ἀποτεμόντες
1424 3383 1614 3456 μέρος,
1649 3384 1809 3437 αὑτο-

211 3477 369 3548 μάτῳ
394 3477 498 3530 τινὶ
524 3477 900 3550 προσέρριψαν
932 3477 1054 3549 ὕλῃ,
1077 3478 1173 3530 και⁵
1199 3475 1426 3542 ἀναξίαν
1457 3476 1680 3548 ἔκριναν
1708 3476 1810 3547 τῆς

207 3567 304 3620 τοῦ
351 3567 487 3620 Θεοῦ
530 3569 896 3642 δημιουργίας
947 3563 1108 3623 εἶναι.
1160 3565 1370 3632 οὕτως,
1415 3566 1605 3637 ὥσπερ
1639 3565 1809 3638 ἔφθην

205 3657 403 3720 εἰπὼν,
432 3658 486 3711 εἴ
512 3676 596 3722 τις
630 3659 912 3729 λογισμοῖς
948 3659 1043 3711 καὶ.
1078 3657 1354 3727 ἀγνώμονι
1384 3661 1646 3728 χρήσαιτο
1672 3659 1813 3726 γνώ-

214 3767 314 3821 μῃ.
341 3750 435 3802 καὶ
466 3749 574 3803 τῶν
603 3752 902 3806 δοκούντων
940 3745 1080 3805 εἶναι
1113 3748 1294 3802 καλῶν
1330 3748 1504 3801 πολλὰ
1540 3749 1807 3805 διαϐαλεῖ.

210 3843 256 3893 Τ
263 3843 278 3892 ί
308 3842 416 3913 γάρ
446 3859 527 3896 σοι
553 3844 884 3915 ὡριιότερον
913 3844 1065 3914 ἡλίου
1099 3837 1238 3900 εἶναι
1269 3842 1450 3907 δοκεῖ;
1492 3842 1632 3895 Ἀλλ’
1662 3844 1812 3913 ὅμως

211 3933 371 3988 τοῦτο
402 3935 461 3986 τὺ
495 3935 718 4006 φαιδρὸν
751 3936 952 4006 ἄστρον
1001 3936 1093 3988 καὶ
1143 3934 1318 4001 γλυκὺ
1367 3935 1463 3988 καὶ
1495 3934 1812 4006 ὀφθαλμοὺς

212 4025 536 4096 λυμαίνεται
575 4027 960 4091 ἀσθενοῦντας,
1003 4030 1097 4082 καὶ
1141 4028 1245 4098 γῆν
1280 4027 1569 4081 κατακαίει
1617 4031 1816 4101 θερμο-

211 4115 382 4186 τέρας
414 4117 574 4185 ἀφεὶς
604 4117 703 4179 τὰς
749 4118 999 4180 ἀκτῖνας,
1034 4118 1128 4171 καὶ
1159 4118 1431 4186 πυρετοὺς
1464 4117 1672 4182 τίκτει,
1721 4121 1815 4173 καὶ

215 4206 429 4278 καρπὸν
454 4207 714 4271 πολλάκις
731 4207 931 4278 κατεξή
941 4225 1067 4278 ρανε
1087 4209 1182 4261 καὶ
1198 4205 1351 4279 [475]
1370 4207 1628 4278 ἐποίησεν
1644 4209 1788 4282 άχρη
1806 4241 1817 4250 -

216 4317 365 4362 στον,
408 4300 502 4353 καὶ
529 4300 723 4370 δένδρα
766 4301 991 4372 ἄκαρπα
1035 4300 1350 4371 είργάσατο,
1385 4301 1481 4354 καὶ
1517 4301 1684 4372 μέρος
1717 4304 1819 4372 τῆς

214 4391 544 4461 οἰκουμένης
572 4392 826 4462 ἀοίκητον
857 4391 1192 4461 κατέστησεν
1235 4393 1388 4464 ἡμῖν.
1435 4392 1501 4444 Τί
1545 4389 1659 4457 οὖν,
1693 4395 1816 4448 εἰπέ

220 4501 344 4554 μοι;
375 4482 738 4555 διαϐαλοῦμεν
764 4483 855 4536 τὸν
878 4484 1028 4553 ῆλιον
1054 4483 1143 4536 διά
1179 4483 1374 4548 τοῦτο;
1403 4485 1617 4553 ’Λπαγε
1640 4503 1652 4515 ·
1682 4487 1819 4538 ἀλλὰ

217 4573 348 4635 τοὺς
383 4573 678 4645 λογισμοὺς
726 4574 1020 4644 ἡσυχάζειν
1071 4573 1304 4643 ἀφέντες
1340 4575 1432 4627 καὶ
1478 4574 1572 4628 τὸν
1612 4577 1819 4629 τούτων

218 4662 474 4734 θόρυϐον,
502 4664 898 4734 ἐπιληοζνώμεθα
935 4665 1036 4735 τῆς
1066 4665 1272 4736 πέτρας
1313 4667 1551 4736 ἐκείνης,
1587 4669 1682 4720 καὶ
1722 4670 1820 4739 τῆς

223 4758 438 4827 ρήσεως
472 4758 568 4827 τῆς
600 4757 887 4828 λεγούσης,
914 4758 1024 4812 Καὶ
1053 4755 1213 4812 εἶδεν
1237 4762 1268 4812 ό
1304 4758 1449 4826 Θεὸς
1476 4760 1674 4813 πάντα
1705 4761 1821 4815 ὅσα

221 4846 500 4914 ἐποίησε,
552 4848 650 4900 καί
687 4847 816 4901 ίδοὺ
853 4848 1010 4901 καλὰ
1046 4849 1217 4900 λίαν·
1256 4850 1382 4901 ἐπεὶ
1437 4851 1530 4902 καὶ
1580 4851 1739 4909 αὑτὰ.
1787 4854 1822 4905 ἃ

222 4937 702 5008 ἀπηριθμησάμην
749 4939 866 5001 νῦν,
908 4939 1049 4992 καλά
1083 4941 1204 4994 λίαν
1242 4942 1334 4992 καὶ
1380 4942 1611 5013 χρηστά.
1659 4945 1819 5007 Ἀλλ’,

225 5035 367 5103 ὅπερ
413 5031 722 5103 ἔμπροσθεν
747 5028 920 5095 εἷπον,
954 5031 1046 5084 ἐπὶ
1084 5033 1181 5102 τὴν
1223 5034 1380 5103 ῥῆσιν
1417 5035 1633 5105 ἐκείνην
1657 5037 1823 5089 ἐπαν-

230 5124 368 5176 ιέναι
414 5124 520 5196 χρὴ
557 5122 851 5184 διαπαντὸς
900 5123 997 5176 καὶ
1051 5123 1255 5191 λέγειν,
1314 5124 1444 5177 Ἰδοὺ
1485 5126 1684 5189 πάντα,
1725 5128 1824 5182 ὅσα

226 5216 484 5287 ἐποίησεν
511 5219 539 5270 6
574 5215 740 5278 Θεὸς,
793 5215 936 5270 καλά
982 5215 1120 5268 λίαν.
1165 5216 1325 5270 Ἀλλὰ
1359 5217 1419 5270 τὸ
1461 5222 1694 5289 τρυφᾷν,
1731 5222 1825 5274 καὶ

227 5305 414 5374 γελᾷν,
449 5306 544 5358 καὶ
573 5305 629 5357 ἐν
660 5305 822 5376 ἡδονῇ
867 5301 1027 5370 εἶναι,
1061 5305 1260 5370 καλόν;
1299 5307 1508 5360 Οὑκοῦν
1538 5308 1703 5362 ἄκουε
1738 5312 1826 5363 Σο-

225 5394 524 5463 λομῶντος,
566 5393 659 5447 τοῦ
697 5396 805 5448 πᾶν
834 5390 977 5458 εἶδος
1014 5395 1226 5465 τρυφῆς
1259 5395 1599 5462 ἐπελθόντος,
1642 5399 1828 5469 λέγον-

226 5502 348 5549 τος,
389 5487 632 5553 Ἀγαθὸν
677 5487 1044 5556 πορευθῆναι
1093 5491 1181 5552 εἰς
1234 5490 1404 5542 οἷκον
1454 5492 1736 5558 πένθους,
1786 5497 1824 5562 ἢ

228 5574 601 5643 πορευθῆναι
649 5579 734 5642 εὶς
767 5572 934 5629 οἶκον
976 5578 1185 5631 πότου.
1253 5577 1414 5630 Ἀλλά
1471 5578 1569 5644 νὺξ
1623 5582 1827 5650 φαῦλον

229 5666 336 5727 (δεῖ
351 5666 460 5734 γάρ
486 5655 555 5718 ’ἐκ
587 5665 694 5717 τῶν
728 5668 983 5720 ἐναντίων
1008 5669 1492 5737 μεταχειρίσασθαι
1515 5670 1605 5723 τὸν
1625 5672 1824 5742 λόγον);

244 5758 406 5811 Ἀλλά
440 5761 533 5812 καὶ
564 5758 702 5829 αῦτη
736 5758 913 5811 πόνων
956 5759 1286 5824 ἀνάπαυσις,
1320 5762 1617 5830 φροντίδων
1651 5766 1827 5820 άπαλ-

571 5868 845 5932 ΡΑτιιοῐ..
886 5868 1004 5928 Gn.
1051 5869 1182 5930 ιιι.

1003 325 1094 380 AD
1135 325 1267 382 EOS
1304 325 1424 394 QUI
1460 326 1965 383 SCANDALIZATI
2005 325 2209 382 SUNT.
2253 325 2381 379 LIB.
2429 323 2636 379 UNUS.

3381 325 3491 380 488

1879 441 2042 512 λαγὴ,
2095 442 2421 513 νοσημάτων
2477 437 2826 512 παραμυθία,
2865 437 3046 507 φόϐων
3087 438 3193 490 ’καὶ
3229 438 3494 492 κινδύνων

1878 537 1940 589 οὑ
1993 535 2167 608 μικρά
2201 535 2492 606 ἀναψυχή·
2544 534 2737 605 νεαρὸν
2782 536 2930 588 ποιεῖ
2965 533 3025 586 τὸ
3074 533 3258 603 σῶμα,
3303 533 3493 604 ἀκμά-

1882 635 2084 698 ζουσαν
2122 635 2224 705 τὴν
2270 634 2535 698 διάνοιαν,
2582 632 2856 686 ἀναπαύει
2886 630 2988 700 τὴν
3035 629 3217 700 σάρκα
3251 646 3494 702 πεπονη-

1881 735 2062 787 κυῖαν.
2103 731 2264 785 Ἀλλά
2287 731 2443 794 νόσος
2472 730 2674 796 κακόν;
2702 728 2875 782 Πόθεν
2897 723 2992 782 οὖν
3017 730 3047 781 6
3067 729 3323 801 Λάζαρος
3346 730 3498 782 ἐστε-

1881 830 2145 901 φανώθη;
2191 829 2354 882 Ἀλλά
2397 827 2594 893 πενία;
2629 827 2740 880 Καὶ
2776 825 2943 880 πόθεν
2979 827 3009 879 6
3045 824 3170 882 Ἰὼϐ
3203 826 3496 898 εὐδοκίμη-

1882 944 2012 991 σενς
2055 925 2221 979 mm:
2268 925 2481 995 θλίψεις
2533 923 2833 994 ἐπάλληλοι
2884 924 2981 976 καὶ
3038 924 3330 994 συνεχεῖς;
3383 923 3496 976 Καὶ

1882 1024 2049 1078 πόθεν
2077 1025 2126 1076 οί
2161 1022 2456 1076 ἀπόστολοι
2502 1020 2994 1091 άνεκηρύχθησαν;
3043 1020 3174 1073 ποία
3205 1019 3264 1075 δὲ
3304 1016 3424 1081 ὁδὸς
3455 1020 3491 1089 ἡ

1882 1118 1962 1178 εἰς
1990 1116 2091 1186 τὴν
2133 1113 2280 1184 ζωὴν
2310 1114 2552 1182 άγουσα;
2582 1113 2683 1184 οὑχ
2711 1114 2744 1182 ἠ
2789 1111 2956 1181 στενὴ
2989 1112 3084 1165 καὶ
3112 1109 3492 1181 τεθλιμμένη;

1881 1210 1968 1282 Μὴ
2005 1211 2182 1264 τοίνυν
2227 1211 2375 1278 λέγε,
2423 1209 2522 1262 Διά
2571 1207 2623 1262 τί
2659 1207 2861 1273 τοῦτο;
2902 1209 2983 1272 εἰς
3018 1208 3071 1261 τί
3121 1206 3311 1274 τοῦτο;
3357 1201 3499 1262 ἀλλὰ

1882 1308 1977 1362 καὶ
2005 1306 2100 1360 ἐπὶ
2140 1306 2252 1360 τῶν
2277 1306 2603 1376 οἰκονομιῶν
2629 1305 2725 1358 καὶ
2766 1304 2860 1358 ἐπὶ
2898 1303 3009 1357 τῶν
3038 1301 3359 1373 κτισμάτων
3397 1298 3496 1355 τοῦ

1882 1402 2042 1470 Θεοῦ,
2085 1403 2153 1475 ἢν
2191 1401 2428 1474 παρέχει
2461 1400 2622 1472 σιγὴν
2651 1403 2681 1454 6
2719 1399 2892 1471 πηλὸς
2934 1399 3016 1472 τῷ
3057 1400 3329 1470 κεραμεῖ,
3373 1395 3500 1450 ταὺ-

1883 1518 1983 1571 την
2019 1499 2113 1555 καὶ
2170 1498 2335 1563 αὑτὸς
2378 1498 2459 1569 τῷ
2504 1497 2795 1569 ποιήσαντί
2846 1513 2906 1551 σε
2952 1495 3076 1570 Θεῷ
3127 1497 3362 1570 πάρεχε,
3398 1495 3497 1552 ἄνευ

1887 1599 2096 1672 θρωπε.

1958 1782 2100 1850 Κεφ.
2130 1786 2192 1835 ε’.
2223 1779 2290 1834 Τί
2311 1775 2437 1846 οῦν;
2464 1780 2658 1851 φησίν·
2682 1780 2746 1833 οὑ
2779 1778 2962 1851 βούλει
2995 1796 3061 1849 με
3088 1778 3289 1833 εἰδέναι
3314 1777 3500 1847 σαφῶς

1888 1880 1983 1933 καὶ
2001 1877 2284 1932 πιστεύειν
2303 1879 2386 1931 ὅτι
2405 1879 2625 1948 προνοεῖ
2642 1876 2863 1931 πάντων
2879 1879 2908 1930 6
2924 1875 3060 1940 Θεός
3080 1876 3222 1942 ;Καὶ
3241 1874 3390 1945 μάλα
3405 1874 3502 1931 καὶ

1890 1975 2156 2047 βούλομαι
2181 1975 2278 2029 καὶ⁸
2309 1974 2566 2046 εὔχομαι,
2596 1974 2692 2028 καὶ
2725 1971 2984 2044 ἐπιθυμῶ
3016 1972 3259 2044 σφόδρα·
3290 1971 3354 2026 οὑ
3391 1971 3500 2042 μὴν

1890 2068 2357 2144 περιεργάζεσθαι
2383 2069 2485 2143 τὴν
2520 2069 2801 2141 πρόνοιαν,
2829 2069 2953 2123 οὐδὲ
2991 2069 3501 2140 πολυπραγμονεῖν.

1889 2171 1956 2225 Εἰ
2000 2169 2101 2242 μὲν
2142 2170 2251 2240 γάρ
2281 2163 2442 2223 οῐσθα
2474 2167 2572 2223 καὶ
2610 2166 2887 2231 πέπεικας
2919 2167 3169 2233 σεαυτὸν,
3206 2166 3281 2240 μὴ
3312 2166 3499 2239 ζήτει·

1891 2269 1941 2321 εί
1969 2267 2026 2321 δέ
2070 2265 2456 2338 ἀμφιϐάλλεις,
2500 2263 2785 2336 ἐρώτησον
2822 2264 2924 2336 τὴν
2956 2264 3082 2336 γῆν,
3124 2264 3217 2318 τὸν
3249 2262 3502 2337 οὐρανὸν,

1891 2365 1983 2418 τὸν
2025 2365 2198 2436 ἥλιον,
2237 2363 2338 2433 τὴν
2386 2363 2644 2434 σελήνην,
2693 2359 2974 2433 ἐρώτησον
3008 2361 3078 2417 τά
3120 2360 3343 2416 ποικίλα
3392 2359 3505 2414 τῶν

1895 2461 2105 2530 ἀλόγων
2141 2460 2297 2532 γένη,
2343 2457 2414 2514 τά
2445 2459 2762 2530 σπέρματα,
2789 2459 2858 2513 τὰ
2891 2458 3058 2529 φυτά,
3091 2473 3220 2523 τους
3251 2457 3506 2528 ἀφώνους

1899 2557 2109 2630 ἰχθύας,
2129 2556 2229 2620 τὰς
2252 2557 2483 2628 πέτρας,
2502 2556 2570 2610 τὰ
2599 2557 2720 2629 ὅρη.
2749 2556 2849 2620 τάς
2880 2558 3078 2621 νάπας,
3100 2558 3227 2620 τοὺς
3255 2554 3505 2626 βουνοὺς,

1898 2654 1996 2724 τὴν
2023 2653 2216 2718 νύκτα,
2236 2653 2588 2726 τὴνὴμέραν.
2619 2653 2726 2707 Τοῦ
2758 2653 2866 2726 γάρ
2886 2653 3038 2724 ἡλίου
3064 2653 3157 2706 καὶ
3177 2651 3509 2724 τῆςάκτῖνος

1899 2751 2072 2821 αὐτῆς
2118 2752 2476 2822 φανερωτέρα
2521 2753 2554 2822 ὴ
2606 2749 2702 2804 τοῦ
2743 2749 2880 2804 Θεοῦ
2923 2749 3182 2823 πρόνοια,
3236 2749 3332 2802 καὶ
3382 2745 3506 2801 καθ’

1900 2847 2128 2903 ’ἑκαστον
2168 2849 2380 2918 καιρὸν,
2410 2848 2506 2902 καὶ
2539 2847 2660 2903 καθ’
2685 2846 2919 2900 ἕκαστον
2948 2848 3136 2910 τόπον,
3165 2846 3259 2900 καὶ
3287 2846 3346 2898 ἐν
3379 2847 3510 2921 ἐρη-

1906 2944 2025 3017 μίᾳ,
2068 2945 2162 2997 καὶ
2195 2946 2254 2998 ἐν
2284 2944 2606 3016 οἰκουμένῃ,
2646 2945 2743 2999 καὶ
2775 2945 2834 2998 ἐν
2865 2945 3133 3016 ἀοικήτῳ,
3186 2942 3282 2997 καὶ
3315 2945 3374 2996 ἐν
3411 2943 3505 3019 γῇ,

1903 3041 2000 3096 καὶ
2028 3044 2086 3095 ἐν
2112 3039 2379 3112 θαλάσσῃ,
2413 3041 2507 3094 καὶ
2539 3042 2786 3116 ὅπουπερ
2817 3040 2885 3095 ἂν
2920 3040 3510 3116 ἀφίκῃ,ὑπομνήματα

1902 3138 2023 3209 ὕψει
2061 3140 2160 3209 τῆς
2195 3139 2452 3210 προνοίας
2485 3139 2690 3210 ταύτης
2718 3139 2866 3210 σαφῆ
2901 3140 2996 3192 καί
3025 3139 3247 3212 διαρκῆ,
3277 3140 3373 3193 καὶ
3407 3155 3514 3193 παι-

1903 3235 2032 3288 λαιά
2066 3235 2162 3290 καὶ
2199 3235 2324 3302 νέα,
2374 3236 2468 3290 καὶ
2501 3235 2686 3302 φωνὰς
2719 3236 2820 3305 τῆς
2862 3237 3051 3308 φωνῆς
3095 3235 3254 3309 ἡμῶν
3303 3234 3512 3308 ταύτης

1905 3333 2002 3402 τῆς
2030 3332 2256 3405 λογικῆς
2290 3332 2625 3404 τρανοτέρας
2655 3333 2999 3403 πανταχόθεν
3047 3333 3386 3406 φερομένας,
3418 3334 3513 3393 καὶ

1905 3428 1997 3482 τὸν
2032 3429 2356 3500 βουλόμενον
2399 3428 2624 3482 ἀκούειν
2673 3427 3037 3494 παιδευούσας
3072 3429 3243 3486 αὑτοῦ
3275 3431 3376 3501 τὴν
3409 3446 3514 3500 κηο

1905 3525 2182 3597 δεμονίαν.
2213 3524 2314 3580 Διά
2339 3517 2503 3584 τοῦτο
2529 3525 2624 3582 καὶ
2650 3524 2679 3578 6
2707 3527 2999 3597 προφήτης
3029 3526 3139 3579 τῶν
3177 3527 3371 3597 φωνῶν
3399 3526 3516 3580 τού.

1906 3639 2015 3676 των
2042 3622 2106 3678 τὸ
2150 3621 2430 3693 ἐξαίρετον
2456 3621 2634 3692 δηλῶν
2674 3621 2887 3692 ἔλεγεν·
2939 3626 3064 3677 Οὐκ
3097 3625 3219 3678 εισι
3272 3623 3480 3678 Julia!
3501 3664 3516 3688 ,

1909 3719 2053 3774 οὐδὲ
2079 3721 2271 3788 λόγοι,
2301 3711 2392 3772 ὧν
2420 3718 2558 3787 οὐχὶ
2599 3718 2930 3774 ἀκούονται
2967 3722 3028 3774 αἱ
3061 3720 3257 3790 φωναί
3293 3719 3514 3775 αὐτῶν.

1923 3819 1985 3870 ἰι
2021 3817 2120 3887 μὲν
2157 3815 2267 3888 γὰρ
2297 3816 2546 3887 ἡμετέρα
2573 3819 2688 3882 τοῖς
2722 3817 3032 3888 όμοφώνοις
3077 3821 3197 3873 ἐστὶ
3238 3819 3520 3892 γνώριμος

1914 3915 2095 3986 μόνον,
2121 3911 2549 3984 ἑτερογλώσσοις
2581 3913 2637 3966 δὲ
2659 3912 2846 3968 οὑκέτι
2863 3930 2877 3943 ·
2907 3916 2942 3987 ἡ
2968 3915 3024 3968 δὲ
3049 3915 3139 3970 διά
3167 3915 3268 3988 τῆς
3288 3916 3520 3980 κτίσεως

1912 4015 2064 4086 φωνὴ
2093 4016 2228 4067 πᾶσι
2249 4016 2362 4077 τοῖς
2386 4012 2565 4066 ἔθνεσι
2594 4016 2706 4077 τοῖς
2729 4014 2871 4068 κατά
2895 4016 2995 4084 τὴν
3020 4015 3350 4093 οἰκουμένην
3371 4017 3521 4077 ἐστιν

1913 4115 2047 4166 ἀκου
2057 4114 2152 4184 στή
2164 4152 2178 4165 .

1988 4313 2129 4371 λεφ.
2163 4308 2239 4367 ς’.
2264 4301 2389 4365 Τοῖς
2413 4301 2511 4372 μὲν
2530 4295 2624 4354 οῦν
2640 4300 2985 4372 εὑγνώμοσιν
3004 4303 3166 4372 άρκεῐ
3189 4302 3285 4354 καὶ
3301 4300 3409 4373 πρὸ
3423 4301 3524 4373 τῆς

1915 4399 2004 4454 διὰ
2033 4399 2140 4452 τῶν
2167 4399 2345 4472 ἐργων
2369 4398 2700 4464 ἀποδείξεως
2726 4401 2759 4471 ἡ
2789 4398 3066 4469 ἀπόφασις
3097 4398 3236 4472 αὑτὴ
3267 4399 3404 4471 μόνη
3426 4399 3524 4453 τοῦ

1916 4496 2076 4562 Θεοῦ,
2107 4497 2230 4566 οὐχὶ
2275 4497 2376 4567 τὴν
2429 4497 2690 4568 πρόνοιαν
2726 4497 2894 4550 αὑτοῦ
2944 4497 3124 4564 δεῖξαι
3165 4496 3346 4569 μόνον,
3387 4497 3524 4554 ἀλλά

1919 4593 2014 4647 καὶ
2047 4593 2140 4645 τὸν
2205 4593 2439 4665 σφοδρὸν
2496 4592 2680 4664 ἔρωτα
2738 4595 2830 4647 τὸν
2883 4595 3015 4666 περὶ
3068 4596 3237 4667 ἡμᾶς.
3291 4595 3366 4648 Οὐ
3415 4597 3526 4665 γὰρ

1917 4690 2108 4755 ἁπλῶς
2131 4689 2455 4763 [ΠΗήμῶν
2483 4692 2719 4760 προνοεῖ,
2743 4689 2880 4743 ἀλλά
2899 4692 2993 4744 καὶ
3016 4692 3179 4762 ἐρῶν,
3195 4693 3290 4746 καὶ
3321 4692 3526 4764 σφόδρα

1922 4788 2064 4858 ιρῶν
2092 4787 2275 4858 ἔρωτά
2300 4803 2424 4839 τινα
2458 4787 2765 4857 ἀμήχανον,
2802 4787 2983 4858 ἔρωτα
3023 4789 3207 4860 ἀπαθῆ
3238 4790 3361 4861 μὲν,
3398 4789 3528 4860 θερς

1926 4885 2160 4956 μότατον
2192 4883 2248 4936 δὲ
2278 4883 2374 4936 καὶ
2425 4881 2816 4945 εὑτονώτατον,
2860 4885 2952 4938 καὶ
3000 4887 3226 4960 γνήσιον
3272 4886 3366 4949 καὶ
3393 4887 3532 4945 ἀκει-

1922 4981 2185 5047 τάλυτον,
2222 4981 2319 5033 καὶ
2364 4977 2663 5049 σϐεσθῆναι
2715 4979 2790 5051 μὴ
2842 4980 3160 5058 δυνάμενον,
3211 4984 3322 5035 Καὶ
3370 4984 3534 5039 τοῦτο

1928 5079 2275 5149 παραστῆναι
2307 5078 2606 5149 βουλομένη
2640 5081 2673 5149 ἡ
2726 5080 2847 5133 θεία
2885 5079 3102 5156 Γραφὴ,
3146 5082 3388 5151 παράγει
3433 5083 3534 5153 μὲν

1924 5179 2139 5240 εἰκόνας
2187 5177 2286 5240 τὰς
2339 5179 2395 5230 ἐν
2435 5175 2770 5248 ἀνθρώποις,
2821 5179 3065 5248 παράγει
3113 5178 3171 5230 δὲ
3232 5179 3328 5232 καὶ
3360 5179 3535 5242 πολλὰ

1926 5274 2129 5345 ἔρωτος
2169 5273 2546 5344 ὑποδείγματα
2593 5274 2688 5327 καὶ
2736 5268 2994 5345 προνοίας
3049 5275 3143 5328 καὶ
3180 5275 3530 5350 κηδεμονίας.

1927 5375 2004 5426 Οὑ
2041 5373 2147 5444 μὴν
2191 5372 2356 5443 μέχρι
2386 5371 2594 5428 τούτων
2633 5373 2785 5443 ἡμᾶς
2819 5373 2980 5443 μόνον
3011 5372 3264 5443 βούλεται
3289 5375 3535 5445 ἑστάναι,

1927 5471 2063 5524 ἀλλά
2085 5471 2179 5524 καὶ
2202 5471 2557 5539 ὑπερϐαίνειν
2581 5470 2650 5524 τά
2689 5469 3116 5540 παραδείγματα
3150 5471 3229 5541 τῷ
3262 5471 3530 5542 λογισμῷ.

1928 5571 2066 5622 Οὑδέ
2112 5571 2221 5641 γάρ
2251 5571 2327 5634 ὡς
2366 5569 2644 5640 ἀρκοῦντα
2697 5568 2866 5632 δεῖξαι
2924 5569 2983 5620 τὸ
3028 5570 3253 5640 φίλτρον
3292 5571 3537 5640 παράγει

1930 5670 2125 5733 ταῦτα,
2147 5668 2261 5721 ἀλλ’
2281 5669 2356 5730 ὡς
2377 5666 2634 5736 γνώριμα
2656 5669 2766 5728 τοῖς
2795 5665 3077 5730 ἀκούουσι,
3111 5668 3204 5719 καὶ
3227 5667 3336 5719 τῶν
3357 5667 3538 5727 ἄλλων

1933 5769 2137 5841 μᾶλλον
2176 5767 2450 5836 δυνάμενα
2508 5764 2679 5829 δεῖξαι
2708 5763 2885 5818 τοῦτο.
2921 5759 3046 5818 Οἷόν
3080 5783 3129 5818 τι
3173 5765 3338 5834 λέγω·
3390 5766 3539 5839 Πρός,

3193 5873 3232 5936 ’ἵ
