4050 6430
251 385 360 442 439

250 495 406 551 dere.
435 495 685 567 Exempli
710 511 870 552 causa
896 514 910 552 :
941 496 1066 550 dum
1094 499 1203 566 agit
1224 511 1346 551 cum
1379 496 1484 550 illis
1510 495 1600 566 qui
1645 495 1852 550 lamen—

255 586 524 651 labantur,
541 602 606 641 ac
641 588 926 659 gemebant
970 587 1121 655 olim,
1166 599 1220 642 et
1247 588 1498 643 dicebant
1531 605 1544 642 :
1577 585 1859 656 Dereliquit

253 694 331 731 me
362 677 633 745 Dominus,
666 690 715 735 et
741 680 921 734 oblitus
945 691 1019 735 est
1068 681 1164 734 mei
1191 679 1332 736 Deus
1357 679 1546 747 Israel,
1581 688 1691 734 tum
1714 678 1851 747 adji-

251 768 324 822 cit
348 768 464 823 ha:c
493 769 654 824 verba
685 770 944 839 prOpheta
978 788 992 823 :
1029 769 1297 840 Numquid
1321 769 1640 825 obliviscetur
1662 768 1845 822 mulier

251 861 454 928 parvuli
478 862 578 926 sui,
602 863 682 915 vel
703 872 757 915 ut
784 878 885 916 non
907 865 1202 916 misereatur
1230 868 1423 934 fetuum
1448 864 1579 917 uteri
1595 863 1676 917 sui
1697 860 1852 931 (Isai.

248 953 340 1008 49.
380 953 466 1007 ts.
495 954 612 1024 15)?
640 954 752 1010 lloc
779 955 1031 1010 nimirum
1076 956 1205 1010 dicit
1235 974 1249 1010 ε
1277 954 1727 1025 quemadmodum
1771 954 1858 1008 illa

251 1046 442 1114 nequit
469 1046 713 1100 oblivisci
744 1048 1089 1116 parvulorum
1129 1061 1373 1114 suorum,
1406 1047 1483 1101 sic
1514 1062 1691 1124 neque
1719 1045 1862 1100 Deus

249 1135 463 1203 generis
491 1134 730 1189 humani.
784 1137 985 1191 Deinde
1011 1147 1067 1192 ut
1093 1131 1361 1210 intelligas
1403 1139 1542 1194 hanc
1575 1138 1858 1194 adductam

248 1237 373 1280 esse
400 1238 431 1278 a
461 1226 724 1296 propheta
750 1228 1176 1296 similitudinem,
1212 1245 1316 1286 non
1347 1231 1491 1300 quod
1523 1241 1723 1286 tantam
1746 1232 1858 1285 vel-

248 1313 328 1370 let
349 1315 639 1372 ostendere
680 1318 774 1373 Dei
816 1320 1056 1374 caritatis
1105 1334 1227 1375 esse
1278 1335 1622 1389 mensuram,
1663 1334 1859 1392 quanta

247 1406 323 1462 sit
363 1408 552 1463 matris
593 1424 719 1480 erga
763 1411 901 1466 lctus
943 1413 1081 1469 uteri
1120 1415 1238 1480 sui;
1281 1415 1376 1470 sed
1421 1416 1672 1486 quoniam
1717 1415 1860 1470 hunc

247 1497 507 1553 eximium
537 1515 648 1570 pra:
673 1503 887 1558 cancris
914 1513 1100 1560 notum
1131 1504 1316 1562 habuit
1354 1508 1596 1562 caritatis
1642 1510 1858 1562 modum

248 1592 504 1659 (tametsi
536 1594 706 1650 multo
754 1596 927 1666 major
963 1597 1059 1652 illo
1101 1598 1196 1654 Dei
1240 1600 1451 1670 amor),
1487 1600 1684 1670 adjecit
1716 1619 1727 1653 :
1763 1601 1858 1655 Sin

245 1693 416 1736 autem
444 1695 491 1738 et
516 1685 697 1739 horum
717 1686 873 1740 oblita
895 1690 1047 1759 fuerit
1075 1690 1275 1757 mulier,
1291 1707 1384 1762 ego
1408 1701 1575 1746 tamen
1597 1708 1699 1746 non
1726 1691 1858 1745 obti-

245 1773 418 1827 visca'r
436 1777 528 1842 tui,
558 1777 679 1830 dicit
701 1775 956 1833 Dominus
973 1778 1027 1852 (Ι
1033 1780 1187 1851 bid.).
1213 1781 1375 1837 Vides
1394 1791 1450 1836 ut
1469 1781 1700 1837 materni
1715 1796 1859 1837 amo-

247 1864 326 1918 ris
347 1864 568 1920 modum
585 1869 846 1925 excedat?
863 1871 1039 1940 Atque
1057 1881 1118 1926 ut
1134 1869 1718 1951 intelligas‘maternum
1737 1875 1858 1927 all'e-

246 1964 391 2010 ctum
414 1966 469 2011 et
483 1959 650 2026 patris
672 1961 724 2013 in
750 1960 890 2015 lilios
911 1961 1338 2054 benevolentiam
1359 1979 1482 2020 eum
1505 1966 1666 2036 longo
1691 1966 1859 2020 inter-

247 2046 390 2100 vallo
415 2051 778 2118 superare,ait
797 2052 1013 2122 quidem
1034 2046 1291 2125 propheta
1321 2073 1335 2108 :
1365 2056 1634 2125 Quomodo
1655 2059 1857 2112 misere-

247 2147 332 2186 tur
361 2147 505 2206 pater
530 2138 778 2208 filiorum,
818 2143 1051 2199 misertus
1089 2155 1163 2200 est
1204 2145 1455 2202 Dominus
1496 2149 1860 2204 timentibusse

246 2223 420 2296 (Psal.
445 2219 567 2281 {02.
588 2229 699 2300 15).
716 2229 969 2302 idemque
984 2249 1171 2291 rursus
1191 2235 1330 2293 hanc
1344 2239 1586 2294 caritatis
1611 2239 1849 2294 similitu-

242 2319 428 2372 dinem
463 2321 718 2376 adducit:
753 2325 950 2394 quippe
988 2327 1079 2397 qui
1120 2328 1282 2384 sciret
1303 2345 1414 2399 prie
1454 2332 1667 2385 cmtcris
1716 2333 1857 2387 lianc

243 2412 534 2467 excellere.
555 2416 623 2467 At
643 2410 1027 2488 prophetarum
1047 2431 1100 2475 et
1114 2422 1356 2477 onmium
1377 2423 1656 2491 Dominus,
1681 2435 1737 2481 ut
1758 2426 1854 2481 Dei

245 2504 641 2571 providentiam
678 2519 734 2562 et
770 2524 954 2565 curam
988 2513 1299 2570 estcndcret
1334 2514 1497 2586 hujus
1541 2533 1852 2574 tneusuram

245 2596 406 2666 longe
429 2597 716 2654 intervallo
736 2616 1014 2670 superare,
1033 2615 1396 2678 quantumque
1418 2608 1557 2664 inter
1589 2611 1760 2666 lucem
1790 2629 1853 2665 ac

244 2689 516 2752 tenebras,
554 2701 610 2744 ct
655 2691 795 2746 inter
830 2693 1123 2752 bonitatem
1154 2712 1216 2753 ac
1249 2700 1506 2755 malitiam
1551 2714 1632 2757 cst
1664 2704 1853 2759 discri-

245 2793 392 2843 men,
434 2789 638 2835 tantum
677 2798 707 2834 a
741 2782 921 2839 divina
962 2786 1200 2843 bonitate
1221 2792 1633 2860 acprovidentia
1671 2804 1850 2862 pater-

242 2886 374 2924 num
403 2885 644 2927 amorem
691 2878 1100 2944 superati,audi
1142 2881 1269 2949 quid
1323 2883 1465 2937 dicat
1500 2901 1512 2936 :
1547 2884 1673 2951 Quis
1696 2897 1765 2938 est
1791 2902 1854 2941 ex

242 2961 380 3014 vobis
403 2962 573 3028 homo,
593 2980 624 3016 a
652 2979 750 3032 quo
777 2967 822 3020 si
851 2968 1049 3036 petierit
1078 2970 1216 3037 ﬁlius
1246 2973 1357 3043 ejus
1375 2991 1574 3041 panem,
1606 2977 1851 3047 numquid

243 3051 467 3120 lapidem
507 3056 727 3126 porriget
753 3057 897 3111 ei?et
923 3060 966 3112 si
990 3062 1187 3129 petierit
1229 3065 1439 3132 piscem,
1477 3067 1722 3136 numquid
1747 3085 1850 3120 ser.

239 3155 442 3209 pentem
477 3149 700 3217 porriget
726 3149 806 3203 ei?
834 3148 985 3215 Quod
1010 3153 1055 3207 si
1083 3168 1191 3221 eos,
1219 3171 1335 3209 cum
1371 3159 1482 3211 sitis
1520 3161 1662 3226 nudi,
1693 3163 1851 3214 nostis

241 3238 375 3288 bona
401 3236 526 3290 data
552 3239 676 3292 dare
700 3240 823 3310 ﬁliis
852 3244 1059 3308 restria,
1086 3247 1245 3299 multo
1288 3252 1450 3320 iungis
1481 3249 1631 3305 Pnter
1671 3265 1845 3319 vester,

237 3327 330 3396 qui
357 3329 408 3381 in
435 3330 573 3384 cretis
594 3341 688 3399 est,
715 3333 852 3387 dabit
879 3335 1009 3388 bona
1036 3337 1120 3403 iis,
1142 3341 1228 3409 qui
1253 3357 1352 3396 ase
1378 3344 1609 3412 petierint
1636 3345 1847 3418 (iilatiti.

241 3421 297 3475 7.
350 3421 442 3476 9-1
462 3423 544 3492 l);
574 3424 837 3494 iudicins,
863 3439 1121 3498 quantum
1152 3435 1402 3492 estinter
1441 3441 1732 3508 nequitiam
1758 3443 1850 3496 be-

238 3514 572 3585 nitatcmquc
585 3517 894 3588 discrimen,
915 3531 1062 3577 tanto
1082 3536 1300 3594 paterna
1319 3530 1681 3588 Sollicitudinc
1693 3536 1848 3589 subii-

237 3604 464 3659 miorcm
497 3596 731 3663 divinam
758 3625 879 3667 esse
901 3612 1310 3685 benignitatem.
1347 3621 1473 3676 ιιιυο
1500 3633 1678 3679 autem
1708 3641 1737 3678 a
1761 3643 1846 3683 llic

235 3696 441 3751 idcirco
466 3704 710 3772 exempla
737 3715 862 3760 sunt
886 3708 1065 3776 allata,
1096 3720 1148 3764 ut
1182 3712 1227 3765 si
1263 3716 1479 3782 quando
1521 3719 1654 3771 alias
1692 3736 1845 3775 coni-

234 3791 547 3858 parationcs
592 3795 874 3864 induxcro,
927 3816 994 3854 ne
1041 3803 1178 3856 intra
1227 3804 1424 3860 limites
1469 3824 1679 3876 eorum,
1727 3829 1844 3882 qua:

229 3881 608 3950 exprimuntur
636 3900 664 3938 a
700 3888 996 3957 prOphctis,
1022 3904 1255 3950 mentem
1287 3899 1720 3968 circumscribas,
1749 3908 1845 3963 sed

232 3971 336 4026 hac
377 3983 531 4030 utens
575 3979 779 4048 regula,
818 3983 1141 4052 cogitatione
1180 3993 1427 4059 superius
1471 3999 1754 4067 ascendas,
1789 4015 1844 4058 et

233 4080 556 4121 ninnensum
580 4072 824 4126 caritatis
845 4078 962 4144 ejus
1010 4094 1290 4136 excessum
1340 4101 1620 4155 agnoscas.
1654 4091 1840 4164 Neque

229 4159 377 4212 enim
431 4169 634 4215 naturae
677 4165 872 4220 linibus
897 4179 980 4222 est
1009 4182 1312 4243 contentus,
1340 4179 1435 4233 sed
1478 4180 1585 4236 illis
1625 4187 1839 4242 emissis

226 4261 390 4318 atque
437 4255 704 4322 superatis
751 4259 853 4310 alia
920 4277 1106 4316 rursus
1149 4265 1393 4339 adjuugit
1441 4277 1708 4346 exempla.
1758 4279 1834 4333 Ea

225 4344 428 4412 quippe
453 4347 688 4404 conditio
718 4361 800 4405 est
827 4359 1061 4410 amantis
1088 4375 1100 4410 :
1135 4362 1316 4418 multis
1344 4371 1673 4435 argumentis
1703 4374 1754 4427 id
1786 4376 1833 4428 ei

225 4444 453 4489 conatur
480 4439 785 4507 ostendere,
815 4459 972 4512 quem
1016 4465 1200 4505 amore
1241 4459 1618 4525 complectitur
1648 4480 1660 4515 :
1690 4467 1830 4534 quod

224 4537 279 4580 ct
307 4528 421 4596 ipse
449 4526 607 4595 facit,
633 4533 759 4587 dum
787 4536 853 4589 ad
887 4538 1128 4596 locorum
1156 4544 1436 4604 intervalla
1481 4569 1832 4628 magnamque

223 4619 685 4690 intercapedinem
730 4631 1029 4687 orationem
1081 4638 1328 4707 ttadueit,
1381 4661 1486 4699 non
1539 4660 1594 4702 ut
1639 4652 1827 4706 iterum

224 4725 428 4769 Lautum
473 4717 592 4786 ejus
625 4734 746 4776 esse
785 4724 1031 4782 atl’ectum
1082 4734 1379 4801 arbitreris,
1415 4741 1508 4793 sed
1555 4745 1697 4812 quod
1727 4746 1828 4804 hoc

224 4807 492 4877 prarcipuc
522 4825 788 4867 mensura:
816 4830 985 4886 genus
1012 4825 1226 4878 eat-leris
1273 4829 1437 4882 sciret
1477 4836 1822 4904 ainecellcrc,

221 4910 381 4969 atque
407 4902 740 4959 auditoribus
765 4922 886 4962 esse
923 4923 1130 4967 uotum.
1164 4920 1357 4986 ACper
1402 4922 1654 4979 Davidcm
1701 4932 1824 4997 (ιω--

219 4993 340 5048 dem
372 4994 446 5048 ait
479 5012 490 5046 :
525 4995 821 5051 Secundum
858 5003 1176 5060 altitudinem
1207 5011 1319 5064 ραἸὶ
1349 5031 1377 5063 a
1403 5027 1535 5068 terra
1584 5021 1823 5075 corrobo-

213 5089 343 5141 ravit
385 5086 638 5143 Dominus
681 5092 1082 5151 misericordium
1123 5118 1269 5155 suam
1313 5124 1465 5176 super
1507 5112 1733 5169 timentes
1772 5135 1826 5169 se

212 5181 388 5251 (l’sal.
424 5183 546 5236 102.
569 5182 678 5254 ii):
707 5194 782 5253 et,
814 5187 1076 5255 Quantum
1103 5195 1257 5249 distat
1287 5211 1430 5255 ortus
1457 5204 1515 5256 ab
1546 5208 1819 5274 occidente,

211 5275 364 5343 longe
407 5275 528 5343 fecit
553 5293 584 5328 a
617 5279 760 5333 nobis
802 5281 1092 5352 iniquitates
1123 5301 1323 5346 nostras
1348 5294 1453 5367 (Ib.
1487 5314 1534 5353 υ.
1573 5303 1655 5372 lt!)
1684 5320 1696 5356 :
1727 5320 1823 5373 per

214 5365 404 5419 Isaiam
438 5381 588 5433 vero,
620 5367 800 5443 Neque
820 5378 952 5428 enim
1001 5391 1118 5432 sunt
1158 5385 1483 5454 cogitationes
1527 5409 1652 5446 mea:
1693 5398 1820 5450 sicut

208 5460 539 5530 cogitationes
568 5474 766 5532 vestris,
798 5485 957 5540 neque
993 5475 1087 5528 vita
1121 5493 1245 5531 mea:
1292 5481 1418 5534 sicut
1465 5485 1557 5540 uia:
1602 5501 1818 5558 restria;

206 5560 299 5611 sed
339 5560 467 5613 sicut
510 5563 663 5617 distat
707 5567 886 5620 cadum
911 5585 943 5621 a
970 5579 1126 5638 terra,
1167 5576 1240 5627 sic
1277 5576 1468 5631 distant
1511 5583 1604 5636 via:
1638 5601 1762 5640 mea:
1788 5608 1817 5640 η

207 5653 302 5704 riis
331 5655 526 5720 vestris,
558 5667 606 5709 et
637 5660 974 5729 cogitationes
1013 5678 1138 5717 metu
1158 5681 1189 5718 α
1219 5670 1609 5737 cogitationibus
1641 5683 1819 5735 vestris

208 5743 362 5813 μιαί.
395 5744 481 5803 55.
511 5746 560 5801 8.
587 5748 666 5815 9).
700 5749 824 5804 Haec
857 5768 1016 5822 porro
1042 5755 1273 5825 dicebat,
1306 5763 1446 5831 quod
1476 5767 1634 5833 paulo
1657 5786 1816 5840 supc-

206 5838 319 5890 rius
335 5836 734 5896 deremissioue
764 5859 1100 5903 peccatorum
1132 5850 1477 5925 disserui-rat,
1511 5871 1558 5914 et
1583 5860 1806 5931 diXt't'at;

1115 383 1208 438 AD
1240 381 1368 438 EOS
1407 381 1522 450 QUI
1562 378 2062 436 SCANDALIZATI
2096 381 2296 438 SUNT.
2341 382 2467 437 LIB.
2517 381 2713 439 UNUS.

3479 389 3585 446 490

1981 494 2112 560 Quia
2134 499 2346 552 multum
2370 500 2625 555 dimittam
2655 503 2944 574 iniquitates
2972 517 3158 565 vestras
3188 511 3341 583 (lsai.
3491 515 3519 567 't'
3541 517 3591 583 ).

1971 583 2175 642 Deinde
2196 592 2490 647 ostendens
2510 604 2769 663 quantum
2793 600 2863 653 sit
2885 601 3012 656 illud
3035 604 3282 673 multum,
3305 605 3408 664 hoc
3431 609 3553 681 adje
3569 642 3592 653 -

1969 677 2044 733 cit
2066 683 2376 752 exemplum
2407 701 2418 738 :
2452 687 2550 742 sed
2599 705 2777 760 neque
2813 693 2946 749 solis
2986 697 3102 752 istis
3150 709 3438 760 contentus
3476 715 3597 774 est,

1969 785 2155 827 verum
2181 777 2342 831 etiam
2368 778 2436 833 ad
2478 782 2704 840 alteram
2748 790 3072 847 crassiorem
3121 797 3585 865 comparationem

1969 867 2269 924 orationem
2293 871 2537 930 dimittit.
2555 876 2688 933 Nam
2716 881 2858 950 apud
2884 882 3023 940 Osee
3046 886 3260 944 dicebat
3284 908 3298 946 :
3333 891 3476 960 Quid
3504 899 3586 964 [a-

1968 957 2101 1010 ciam
2120 959 2231 1026 tibi,
2251 961 2504 1031 Epltraim
2517 967 2544 1020 ?
2560 970 2684 1038 quid
2701 973 2895 1042 faciam
2917 976 3026 1044 tibi,
3044 975 3077 1030 J
3085 978 3189 1033 uda
3203 980 3256 1035 ’ἲ
3275 957 3426 1038 Sicut
3440 957 3582 1039 Ada-

1969 1064 2053 1103 nta
2079 1067 2269 1120 ponam
2296 1064 2364 1121 te,
2388 1067 2436 1110 et
2459 1058 2590 1113 sicut
2606 1060 2832 1118 Seboim.
2864 1064 3173 1127 Conuersunt
3203 1084 3275 1127 est
3301 1092 3391 1129 cor
3414 1094 3578 1132 meum

1968 1140 2022 1192 in
2067 1140 2220 1212 ipso;
2261 1148 2563 1204 conturbata
2607 1164 2681 1207 est
2729 1159 2991 1226 pamitudo
3032 1178 3142 1218 mea
3187 1162 3344 1233 (Osee
3379 1167 3466 1223 ll.
3499 1170 3578 1240 8).

1969 1230 2171 1288 llorum
2214 1249 2392 1292 autem
2441 1241 2726 1299 verborum
2756 1248 2872 1304 huic
2897 1261 2981 1306 est
3004 1256 3272 1312 sententia
3300 1274 3314 1311 :
3345 1258 3425 1315 Ne
3454 1277 3582 1317 ver-

1971 1321 2095 1377 bum
2155 1325 2370 1395 quidem
2436 1335 2705 1390 minarum
2758 1338 2998 1396 toleravi.
3041 1346 3121 1400 Ac
3165 1346 3406 1418 loquitur
3457 1355 3579 1424 qui-

1969 1413 2089 1468 dem
2124 1415 2403 1475 hominum
2452 1436 2634 1493 more,
2655 1443 2762 1484 non
2795 1442 2853 1486 ut
2873 1433 3171 1493 humanum
3200 1442 3457 1510 quiddam
3485 1461 3580 1500 su-

1967 1505 2214 1574 spiceris,
2251 1510 2425 1579 absit,
2455 1514 2553 1570 sed
2583 1528 2639 1572 ut
2666 1518 2768 1575 hac
2791 1527 3048 1581 crassiori
3081 1505 3337 1600 loquendi
3371 1536 3582 1594 ratione

1967 1597 2248 1655 caritatem
2274 1606 2562 1674 quamdam
2588 1611 2699 1666 Deo
2722 1617 3156 1688 convenientem,
3193 1626 3494 1693 sinceram,
3525 1639 3583 1684 et

1968 1685 2404 1751 indissolubilem
2430 1697 2723 1773 intelligas.
2745 1705 2880 1761 Nam
2904 1685 3361 1780 quemadmodum
3385 1721 3430 1774 si
3457 1685 3580 1791 quis

1968 1777 2158 1837 insano
2183 1788 2492 1857 quempiam
2514 1806 2701 1851 amore
2722 1796 2930 1869 diligat,
2961 1817 3029 1858 ne
3054 1806 3338 1864 verborum
3359 1813 3579 1881 quidem

1967 1877 2122 1926 tenus
2149 1887 2272 1929 eum
2303 1879 2465 1936 vellet
2509 1883 2808 1954 oﬂ'endcrc,
2837 1907 2998 1961 quem
3032 1895 3103 1950 ita
3145 1897 3323 1970 diligit
3349 1877 3474 1958 z-sic
3497 1908 3578 1958 ui-

1966 1960 2160 2016 mirum
2181 1973 2237 2019 et
2258 1965 2373 2036 ipse
2395 1970 2570 2043 inquit
2595 1995 2609 2032 :
2632 1960 2898 2045 Quoniam
2927 1981 3036 2039 dixi
3062 1960 3289 2056 tantum,
3313 2000 3372 2047 et
3396 1994 3576 2050 verbis

1965 2052 2186 2122 olTendi,
2219 2056 2530 2117 Conversion
2558 2081 2629 2121 est
2660 2085 2750 2124 cor
2777 2088 2944 2128 meum
2974 2077 3026 2130 in
3055 2078 3187 2148 ipso.
3217 2081 3405 2154 Neque
3431 2087 3575 2143 enim

1964 2148 2260 2205 crassiores
2287 2151 2422 2208 istas
2462 2162 2902 2229 comparationes
2947 2171 3189 2237 proferre
3218 2174 3572 2246 dedignatur,

1965 2245 2024 2290 ut
2068 2253 2308 2296 amorem
2350 2249 2622 2318 ostendat,
2675 2254 2818 2322 quod
2868 2270 2951 2311 εει
2996 2263 3228 2319 maxime
3282 2245 3573 2338 diligentis.

1962 2325 2146 2399 Neque
2193 2330 2281 2387 hic
2313 2337 2575 2407 substitit,
2621 2344 2718 2398 sed
2762 2350 2937 2419 pergit
2979 2352 3221 2425 ulterius,
3249 2370 3303 2413 et
3343 2325 3573 2419 aitcrum

1963 2433 2152 2475 rursus
2180 2427 2418 2484 crassius
2439 2435 2748 2504 exemplum
2777 2441 3043 2514 adjungit,
3071 2446 3140 2501 ita
3169 2450 3356 2508 dicens
3389 2471 3403 2509 :
3437 2455 3573 2524 Quo-

1962 2513 2112 2566 modo
2162 2516 2417 2574 lwtabitur
2470 2541 2690 2594 sponsus
2741 2548 2896 2602 super
2931 2553 3151 2609 sponsa,
3196 2546 3272 2598 sic
3318 2547 3573 2606 (vetabitur

1962 2601 2194 2660 Christus
2218 2625 2370 2682 super
2398 2625 2445 2669 te
2466 2617 2618 2686 (lsai.
2655 2623 2744 2677 62.
2779 2627 2835 2698 5)
2871 2647 2882 2680 :
2913 2601 3056 2700 quod
3089 2601 3240 2691 initio
3271 2601 3572 2709 pra-scrtit‘u

1960 2695 2303 2759 ardentiores
2327 2721 2390 2762 ae
2416 2710 2796 2785 ferventiores,
2822 2731 2876 2774 et
2899 2724 3185 2783 viridiores
3203 2733 3314 2788 sint
3334 2751 3569 2794 amores.

1962 2786 2036 2842 Ita
2070 2805 2236 2859 porro
2281 2796 2536 2869 loquutus
2576 2817 2680 2874 est,
2711 2825 2818 2865 non
2858 2826 2912 2868 ut
2957 2814 3251 2878 humanum
3295 2828 3571 2899 quidpiam

1959 2883 2252 2950 suspiceris
2301 2889 2517 2959 (iterum
2549 2898 2693 2953 enim
2742 2902 2874 2959 illud
2916 2907 3098 2966 dicere
3133 2929 3243 2969 non
3276 2883 3568 2996 desiit-am),

1961 2973 2052 2996 μη,
2189 2993 2202 2996 _
2278 2980 2328 2996 ..
2486 2986 2498 2996 .

3400 2973 3566 2996 ,___,-,_

1959 2973 2055 3028 scd
2083 2987 2139 3032 ut
2179 2993 2249 3034 ex
2273 2980 2361 3038 his
2403 2986 2688 3060 ardorem,
2718 2995 3104 3069 sinceritatem,
3141 3007 3566 3085 vehementiam,

1961 3065 2018 3085 ,,_
2294 3074 2305 3085 .
2385 3077 2394 3085 .

1960 3065 2231 3126 ﬂammam
2273 3074 2506 3148 denique
2559 3089 2803 3144 caritatis
2856 3095 3144 3167 intelligas.
3198 3101 3405 3162 Dcimlc
3444 3125 3567 3170 cum

1958 3158 2203 3230 dixisset,
2239 3167 2387 3225 Sicut
2420 3172 2588 3245 diligit
2622 3189 2796 3248 pater,
2829 3195 2883 3240 et
2919 3158 3155 3259 amplius
3184 3210 3345 3266 quam
3377 3216 3564 3272 pater,

3011 3251 3026 3259 .
3199 3251 3216 3266 ι
3281 3251 3286 3252 γ
3317 3251 3343 3253 η
3377 3251 3518 3270 τ-νω
3548 3251 3564 3272 ι

1958 3251 2094 3308 sicut
2116 3266 2307 3326 tiiatcr,
2334 3268 2637 3336 ctatnplius
2667 3288 2827 3342 quam
2855 3291 3050 3349 mater,
3076 3285 3214 3342 sicut
3238 3305 3493 3361 Sponsus,
3515 3307 3568 3353 ct

1957 3349 2190 3418 amplius
2216 3368 2375 3423 quam
2403 3372 2658 3430 sponsus,
2690 3381 2948 3436 quantum
2973 3386 3057 3429 est
3085 3349 3426 3440 inlata-ilium
3449 3349 3567 3446 cit-li

1957 3453 1985 3491 a
2019 3449 2184 3510 terra,
2217 3456 2270 3500 ct
2292 3450 2527 3520 amplius
2556 3471 2715 3525 quam
2748 3460 2902 3530 illud,
2935 3482 3194 3537 quantum
3221 3476 3386 3534 distat
3414 3491 3566 3541 ortus

1955 3531 2023 3584 ab
2045 3536 2330 3595 occidente
2350 3582 2364 3608 ,
2390 3553 2445 3598 et
2473 3550 2706 3617 amplius
2732 3570 2894 3625 quam
2921 3531 3050 3616 illud
3072 3604 3087 3629 ,
3119 3581 3185 3621 ne
3229 3531 3323 3626 hic
3347 3531 3563 3643 quidem

1955 3625 2192 3682 substitit
2245 3644 2741 3705 comparationibus
2788 3661 2963 3718 utens,
3015 3659 3112 3712 scd
3165 3660 3390 3720 ulterius
3433 3685 3564 3740 pro-

1953 3721 2222 3790 greditur,
2278 3740 2333 3783 ut
2374 3734 2547 3790 multo
2609 3740 2871 3810 abjectius
2924 3754 3229 3822 exemplum
3305 3721 3559 3818 ostetitet.

1952 3811 2084 3868 Cum
2111 3820 2254 3873 enim
2294 3822 2459 3882 Jonas
2491 3843 2614 3899 post
2653 3834 2866 3906 fugam,
2903 3841 3102 3914 Deique
3141 3862 3265 3904 cum
3309 3852 3560 3913 Ninivitis

1953 3912 2452 3975 recoucdiationcm
2502 3925 2657 3996 inops
2696 3934 2908 3988 consilii
2953 3948 3134 4008 esset,
3178 3952 3235 3998 et
3279 3956 3558 4018 aistuarct,

1949 4003 2093 4071 quod
2121 4020 2184 4061 ea
2214 4025 2332 4080 qua:
2363 4015 2598 4075 minatus
2627 4034 2765 4093 erat,
2797 4027 2850 4082 in
2879 4044 3145 4100 opusnon
3177 4042 3556 4112 procederent,

1949 4103 2004 4148 ct
2042 4093 2279 4155 humano
2325 4107 2558 4174 quodam
2613 4117 2927 4176 turbaretur
2964 4126 3180 4196 aii'cctu,
3225 4147 3291 4188 ac
3333 4147 3560 4194 mestus

1948 4197 2112 4255 esset,
2142 4205 2265 4247 cum
2288 4197 2391 4251 soli
2421 4199 2737 4272 imperasset
2765 4210 2928 4280 Deus,
2963 4227 3020 4271 ut
3039 4219 3379 4283 ardentiores
3404 4231 3560 4285 cmit-

1948 4286 2085 4336 teret
2115 4284 2315 4355 radios,
2345 4303 2410 4344 ac
2432 4292 2631 4352 deinde
2659 4310 2816 4356 terra:
2838 4303 3115 4380 jussisset,
3149 4323 3209 4368 ut
3241 4316 3314 4371 illi
3345 4328 3556 4391 tegmen

1945 4387 2010 4426 ex
2044 4374 2211 4432 herba
2251 4383 2516 4443 subitario
2547 4405 2710 4461 opere
2754 4408 3028 4469 strueret,
3071 4420 3193 4463 cum
3230 4427 3558 4487 magnopere

1947 4464 2089 4487 ...ωδ
2134 4470 2144 4487 ,
2351 4485 2360 4487 Α

3012 4464 3022 4469 -
3321 4464 3555 4487 υ-ητ--ν

1944 4464 2094 4520 illum
2132 4470 2367 4530 levasset
2407 4487 2571 4550 atque
2603 4499 2938 4559 recreasset,
2968 4493 3167 4554 deinde
3203 4517 3396 4561 rursus
3432 4524 3555 4564 cum

1941 4561 2011 4613 ob
2036 4560 2310 4632 sublatum
2341 4585 2371 4623 e
2399 4573 2579 4628 medio
2608 4586 2820 4648 tegmen
2850 4584 2979 4640 illud
3002 4602 3126 4644 eum
3152 4595 3552 4669 contristasset,

1941 4662 2222 4724 postquam
2251 4660 2421 4718 altero
2445 4681 2770 4742 reeteatum,
2800 4686 2857 4732 et
2880 4678 3052 4736 altero
3074 4685 3372 4745 cruciatum
3401 4693 3552 4750 illum

1940 4749 2089 4815 vidit,
2119 4755 2242 4810 audi
2285 4760 2413 4827 quid
2445 4764 2493 4818 ci
2525 4767 2708 4824 dicat:
2743 4770 2818 4826 Ta
2855 4777 3062 4845 quidem
3095 4786 3367 4853 pepercisti
3398 4806 3553 4861 super

1935 4845 2214 4911 cucurbita,
2243 4866 2336 4916 pro
2365 4869 2467 4922 qua
2511 4874 2611 4912 non
2654 4861 2918 4934 luborasti,
2961 4887 3119 4941 neque
3146 4877 3372 4933 nutriisti
3400 4897 3420 4936 :
3460 4900 3553 4955 ego

1937 4949 2104 4991 autem
2131 4957 2231 4994 non
2255 4960 2466 5011 parcam
2497 4968 2651 5022 super
2676 4955 2864 5014 Ninive
2894 4965 3096 5021 civitate
3125 4986 3344 5042 magna,
3370 4976 3423 5030 in
3454 4996 3556 5051 quq

1941 5032 1963 5051 Δ.
1981 5031 2027 5051 ..1.
2045 5033 2073 5051 ῗι
2089 5049 2106 5051 -ν
2155 5045 2164 5051 -
2240 5037 2252 5051 '

3209 5031 3234 5041 υ
3303 5031 3343 5042 ..
3461 5031 3554 5051 sus

1935 5031 2164 5087 habitant
2197 5037 2371 5105 plures
2403 5059 2557 5113 quam
2602 5061 2802 5108 centum
2841 5057 3017 5130 viginti
3055 5052 3221 5132 millia
3259 5059 3554 5148 hominum,

2892 5127 2904 5130 -
3133 5127 3137 5132 η
3176 5127 3179 5132 -
3484 5127 3554 5148 --τι

1932 5127 2019 5194 qui
2059 5144 2160 5182 non
2206 5149 2456 5192 noverunt
2501 5140 2765 5201 dexteram
2799 5161 2891 5204 aut
2921 5154 3184 5228 sinistram
3222 5180 3371 5219 suam
3398 5166 3456 5241 (Ι
3469 5188 3555 5224 οη.

1943 5222 1959 5241 ι
2020 5223 2035 5241 ι
2052 5221 2083 5241 n
2158 5225 2173 5241 ι
2195 5226 2209 5241 ι
2228 5227 2238 5241 \
2265 5227 2288 5241 n
2319 5229 2357 5241 II

1932 5221 2106 5277 4.10.
2155 5225 2288 5296 ii)?
2316 5229 2520 5287 [lorum
2564 5249 2744 5295 autem
2794 5245 3084 5329 verborum
3131 5224 3249 5310 hinc
3290 5267 3373 5312 est
3400 5221 3554 5332 κδεῖμα

1933 5318 2098 5371 tentia
2124 5335 2139 5370 z
2170 5319 2286 5377 Non
2316 5323 2388 5379 ita
2414 5333 2678 5387 recreavit
2707 5343 2758 5389 te
2785 5323 2971 5394 umbra
2994 5343 3179 5411 oleris,
3205 5357 3263 5404 ut
3289 5365 3377 5406 me
3409 5355 3555 5422 salus

1934 5406 2288 5468 Ninivitarum
2319 5417 2642 5485 exhilaravit
2670 5441 2685 5479 :
2721 5441 2896 5506 neque
2925 5432 2997 5486 ita
3028 5442 3078 5488 te
3106 5420 3553 5516 destructioeju-.

1932 5507 2294 5575 contristavit,
2324 5521 2382 5565 ut
2410 5530 2495 5569 me
2524 5517 2740 5577 illorum
2768 5523 3037 5582 interitus.
3066 5529 3141 5582 Ita
3165 5545 3364 5602 praeter
3395 5525 3546 5593 ineo--

1937 5605 2043 5650 tcm
2100 5614 2276 5656 meam
2332 5604 2545 5662 illorum
2605 5611 2828 5668 exitium
2881 5619 3185 5699 accidisset.
3243 5625 3407 5684 Vides
3465 5633 3549 5699 ir;

1931 5704 2144 5762 quoque
2188 5702 2651 5767 comparationem
2694 5705 2846 5762 illum
2893 5695 3194 5772 excellere?
3233 5719 3352 5788 Non
3401 5728 3547 5796 enin,

1996 5895 2005 5914 τ
2048 5886 2173 5935 ςιςνκ,
2203 5879 2317 5941 ομιτ]
2344 5883 2518 5941 (Enim:
2546 5883 2648 5943 tibi,
2675 5889 2805 5936 Jtula
2830 5888 2853 5935 Υ
2877 5890 3072 5941 aliunde
3095 5895 3352 5960 desuntgvla
3381 5915 3487 5966 sti-'2,
