4050 6434
546 367 636 423 001
1266 359 1322 414 S.
1377 359 1650 416 JOANNIS
1687 353 2156 414 CHRYSOSTOMI
2197 355 2510 414 ARCHIEP.
2551 358 3079 416 CONSTANTINOP.

539 482 690 546 dixit,
709 477 789 533 Tu
809 477 1005 540 quidem
1024 474 1284 546 pepercisti
1299 474 1736 546 super-cucurbita,
1751 481 1802 528 et
1819 470 2070 527 conticuit
2094 486 2106 527 :

540 572 636 626 sed
675 569 916 640 adjunxit
943 586 956 620 :
989 567 1093 620 Pro
1121 583 1222 637 qua
1258 583 1358 620 non
1402 563 1658 626 laoorasti,
1705 578 1860 631 neque
1893 559 2113 612 nntriisti

539 679 671 717 eum.
704 661 834 716 Nam
875 658 1126 729 quoniam
1166 672 1258 712 eas
1299 657 1629 726 potissimum
1676 654 1886 722 plantas
1933 661 2113 704 amant

545 752 821 822 agricolze,
852 750 905 803 in
933 765 1065 820 quas
1093 748 1380 819 plurimum
1410 746 1605 800 laboris
1635 743 2024 813 impenderim,
2057 751 2114 795 ut

544 844 646 896 hoc
672 854 885 911 quoque
913 854 972 894 se
1000 853 1198 908 genere
1227 836 1426 892 amoris
1454 834 1735 904 complecti
1765 832 2008 887 homines
2037 833 2115 883 in-

542 933 770 996 dicaret,
802 931 905 984 hoc
947 927 1146 982 addidit
1171 944 1186 983 :
1215 925 1272 981 Si
1311 927 1453 981 enim
1495 934 1552 978 tu
1595 924 1827 978 alienum
1867 936 2004 992 opus
2046 919 2112 973 ita

542 1021 806 1086 defendis,
841 1019 1028 1089 inquit,
1061 1018 1228 1072 multo
1253 1016 1418 1085 magis
1438 1030 1537 1084 ego
1561 1015 1855 1086 proprium,
1885 1021 1940 1066 et
1964 1013 2114 1081 cujus

541 1128 662 1164 sum
685 1109 948 1165 conditor.
982 1108 1183 1163 Deinde
1210 1108 1416 1177 mitigat
1441 1106 1835 1160 accusationem
1862 1104 2071 1157 illorum
2095 1142 2111 1164 ,

543 1219 663 1256 cum
703 1202 815 1256 ait:
860 1200 961 1266 Qui
1003 1215 1105 1253 non
1151 1209 1397 1254 noverunt
1440 1198 1695 1252 dexteram
1734 1205 1823 1250 aut
1861 1195 2115 1249 sinistram

539 1310 706 1359 suam,
735 1299 794 1347 ut
817 1290 1155 1361 simplicitate
1198 1293 1377 1360 potius
1405 1304 1561 1359 quam
1602 1288 1804 1342 malitia
1827 1287 1955 1342 illos
1978 1286 2115 1339 deli-

540 1386 724 1456 quisse
750 1383 1004 1448 declaret,
1039 1383 1090 1437 id
1115 1381 1256 1452 quod
1287 1391 1343 1436 et
1367 1382 1691 1452 poenitentia:
1719 1379 1838 1434 ﬁnis
1861 1378 2112 1434 ostendit.

543 1477 831 1532 Enimvero
858 1489 979 1529 cum
1005 1474 1140 1527 alios
1168 1487 1380 1542 quoque
1410 1471 1784 1540 reprehendit,
1817 1469 1906 1540 qui
1932 1483 2114 1537 geme—

543 1566 692 1632 bant,
715 1574 900 1635 utpote
928 1563 1166 1619 derelicti
1188 1605 1204 1629 ,
1238 1562 1321 1616 bis
1346 1576 1441 1618 eos
1477 1561 1654 1615 verbis
1683 1560 1874 1613 all'atur
1901 1575 1917 1618 :
1951 1556 2118 1611 Inter-

540 1666 714 1728 rogate
739 1672 818 1710 me
841 1655 903 1710 de
923 1655 1043 1725 [iliis
1058 1639 1200 1718 meis,
1227 1665 1275 1708 et
1295 1653 1358 1707 de
1376 1651 1605 1722 aperibus
1631 1665 1870 1704 manuum
1896 1665 2119 1702 mearum

543 1747 780 1802 mandate
802 1747 925 1801 mihi
956 1744 1106 1817 (Isai.
1151 1746 1352 1815 45.”).
1385 1743 1544 1810 Quasi
1572 1741 1778 1796 diceret
1809 1759 1821 1793 :
1865 1740 2000 1806 Quis
2025 1754 2116 1808 pa.

533 1850 677 1894 trem
703 1837 974 1903 admonet,
1007 1838 1355 1904 hortaturque
1399 1843 1459 1887 ut
1489 1833 1580 1886 lilii
1610 1832 1690 1886 sui
1716 1846 1897 1886 curam
1927 1829 2120 1900 gerat?

543 1941 634 1985 aut
673 1927 930 1984 artiﬁcem
974 1937 1029 1983 et
1063 1928 1344 1998 opiﬁcem,
1392 1942 1461 1980 ne
1489 1939 1643 1979 suttm
1688 1936 1825 1992 opus
1854 1922 1988 1976 sinat
2040 1921 2119 1974 in-

545 2019 743 2074 terire?
770 2019 915 2073 ltane
961 2033 1089 2073 vero
1132 2019 1271 2070 inter
1307 2015 1550 2070 homines
1592 2012 1790 2068 sufﬁcit
1837 2013 1986 2066 vobis
2025 2026 2119 2066 na-

545 2122 678 2168 tura:
717 2111 803 2165 vel
835 2110 966 2164 artis
988 2109 1257 2174 conditio,
1305 2115 1363 2162 ut
1402 2108 1470 2161 de
1509 2105 1866 2160 sollicitudine
1905 2104 2121 2157 minime

548 2205 820 2260 dubitetur
855 2222 865 2256 :
896 2203 1023 2256 mihi
1055 2216 1182 2255 vero
1210 2201 1407 2270 putatis
1436 2199 1708 2253 hortatore
1734 2211 1869 2267 opus
1889 2210 2030 2260 esse,
2062 2203 2118 2247 ut

548 2297 744 2352 liberos
768 2308 917 2349 meos
952 2293 1036 2346 vel
1065 2307 1226 2360 opera
1254 2302 1406 2345 tuear
1444 2301 1496 2344 et
1531 2287 1845 2343 delendam?
1873 2285 1998 2341 Hmc
2012 2301 2120 2338 anu-

544 2398 650 2441 tein
675 2383 918 2449 dicebat,
951 2399 1054 2435 non
1097 2391 1148 2434 ut
1194 2382 1365 2450 ipsum
1400 2394 1506 2434 non
1551 2380 1908 2441 hortarentur,
1946 2377 2040 2431 sed
2067 2386 2124 2430 nt

544 2478 681 2530 scire
721 2485 936 2546 possent
982 2473 1150 2528 Deum
1185 2472 1345 2526 etiam
1391 2479 1514 2525 ante
1537 2469 1957 2524 cohortatiouem
2001 2481 2123 2520 suas

546 2575 724 2636 partes
768 2579 947 2636 agere,
974 2562 1110 2618 velle
1141 2572 1317 2616 tamen
1344 2569 1403 2615 ut
1438 2561 1527 2614 alii
1564 2573 1623 2614 se
1657 2558 2037 2620 cohortentur,
2070 2567 2124 2610 et

545 2662 752 2726 rogent,
781 2653 922 2724 quod
951 2653 1087 2708 sciat
1117 2649 1187 2706 ad
1221 2650 1524 2705 hortatores
1553 2662 1796 2718 magnam
1824 2647 1944 2702 inde
1973 2647 2119 2700 utili-

546 2756 709 2802 tatem
735 2745 1026 2801 dimanare.
1053 2744 1217 2798 Vides
1241 2752 1298 2797 ut
1327 2733 1756 2796 manifestissime
1783 2753 1847 2794 ac
1875 2737 1988 2793 sole
2016 2739 2125 2793 cla-

544 2840 656 2892 rius
679 2851 773 2906 per
795 2835 910 2891 htec
938 2834 1180 2903 exempla
1207 2832 1490 2888 inelIabilis
1509 2831 1626 2901 ejus
1657 2829 2005 2901 providentia:
2026 2829 2124 2882 de—

545 2929 860 2985 monstratio
905 2926 1208 2982 elneescat?
1263 2924 1539 2994 Perpende
1585 2932 1784 2978 autem.
1811 2922 2021 2978 Patrem
2071 2924 2121 2976 in

548 3022 781 3076 mediam
829 3019 1064 3088 protulit,
1103 3025 1350 3082 matrem,
1395 3031 1668 3088 sponsum,
1725 3029 2010 3086 sponsam,
2041 3015 2124 3068 di-

545 3113 792 3169 stantiam
841 3111 958 3167 cadi
985 3120 1040 3166 et
1083 3120 1261 3177 terrm,
1309 3109 1644 3164 intervallum
1681 3108 1820 3178 quod
1860 3117 1944 3163 est
1987 3107 2126 3162 inter

542 3217 716 3268 ortum
747 3215 801 3261 et
835 3220 1116 3270 occasum,
1148 3203 1458 3273 agricolam,
1489 3210 1544 3258 et
1589 3191 1795 3257 olerum
1826 3201 2086 3256 cultorem
2109 3242 2122 3262 ,

545 3300 916 3360 architectum,
951 3297 1268 3367 genitorem,
1295 3294 1668 3350 vehementem
1690 3303 2003 3356 amatorem,
2033 3294 2124 3362 qui

546 3389 806 3455 turbetur,
841 3390 886 3444 si
912 3389 996 3443 vel
1023 3388 1182 3444 etiam
1209 3386 1373 3443 verbo
1402 3397 1555 3441 tenus
1581 3400 1725 3451 eum,
1754 3400 1913 3455 quem
1944 3395 2118 3440 amat.

544 3481 825 3536 offenderit
854 3496 869 3539 :
897 3487 952 3533 ct
989 3493 1184 3534 omnes
1203 3477 1323 3532 illos
1353 3486 1554 3531 tantum
1582 3490 1831 3545 superare
1864 3474 1955 3531 Dei
1985 3475 2128 3528 boni-

547 3581 709 3628 tatem
737 3571 970 3626 ostendit
1011 3569 1093 3623 his
1119 3569 1364 3624 omnibus
1381 3608 1398 3634 ,
1427 3561 1680 3638 quantum
1723 3566 1972 3621 malitiam
2000 3581 2124 3635 pro-

544 3667 684 3721 bitas
715 3665 897 3718 vincit.

621 3756 751 3810 Car.
792 3753 903 3809 VII.
946 3751 1320 3807 Demonstrdtio
1349 3751 1532 3805 diuinae
1555 3750 1879 3820 providentia
1898 3764 1959 3802 ea:
1982 3764 2125 3801 crea-

545 3845 689 3899 turis.
729 3873 800 3888 —-
836 3843 914 3898 Ac
938 3843 1116 3912 probis
1141 3841 1352 3913 quidem
1375 3852 1429 3896 et
1451 3840 1704 3896 modestis
1727 3879 1742 3903 ,
1766 3850 1824 3894 ut
1853 3838 1962 3892 dixi
1985 3879 1999 3902 ,
2028 3842 2128 3893 ista

549 3936 819 3991 sufﬁciunt
849 3951 864 3987 :
893 3933 990 3989 sed
1031 3933 1281 4002 quoniam
1321 3931 1564 3986 nonnulli
1606 3937 1729 3984 sunt
1763 3929 1906 3992 lutei,
1938 3937 2128 3982 contu-

549 4041 746 4092 maces,
799 4023 1109 4087 refractarii,
1155 4022 1303 4078 carni
1351 4022 1564 4083 addicti.
1617 4034 1714 4088 age
1761 4020 1844 4074 vel
1893 4035 1956 4074 ex
2004 4019 2131 4088 ipsis

550 4116 801 4186 operibus
822 4154 836 4176 ,
864 4124 1116 4182 quantum
1150 4115 1200 4166 in
1230 4113 1382 4168 nobis
1409 4114 1568 4168 situm
1597 4111 1784 4172 fuerit,
1812 4111 1928 4180 ejus
1947 4110 2128 4180 provi-

555 4206 788 4261 dentiam
844 4202 1294 4257 demonstremus.
1334 4201 1463 4255 Nam
1505 4211 1667 4255 totam
1712 4199 1924 4268 quidem
1965 4199 2126 4264 illam,

551 4297 661 4352 imo
690 4311 772 4354 ne
799 4294 1072 4348 minimam
1098 4292 1311 4363 quidem
1337 4293 1453 4359 ejus
1483 4301 1685 4360 partem
1717 4290 1946 4359 aliquam
1976 4288 2130 4344 facile

553 4387 711 4440 fuerit
739 4384 1064 4454 expressisse
1109 4400 1120 4435 :
1152 4383 1287 4436 adeo
1316 4383 1573 4436 immensa
1599 4391 1680 4436 est
1708 4389 1761 4435 et
1808 4380 2008 4434 inﬁnita
2032 4421 2046 4444 ,
2079 4389 2131 4435 et

555 4489 665 4532 tum
690 4492 752 4531 ex
781 4477 970 4544 parvis,
997 4485 1106 4528 ttun
1138 4491 1200 4530 ex
1233 4475 1434 4544 ninguis
1459 4476 1617 4527 rebus
1645 4477 1849 4536 elucet,
1881 4477 1989 4528 sive
2015 4492 2131 4543 qua!

554 4569 657 4625 sub
678 4559 860 4622 oculos
886 4566 1116 4628 cadunt,
1147 4567 1257 4618 sive
1284 4579 1402 4633 qua:
1430 4565 1645 4619 minime
1674 4575 1980 4619 cernuntur.
2028 4563 2128 4617 Vc-

554 4670 851 4715 rumtamen
874 4672 934 4709 ex
965 4657 1028 4708 iis
1049 4672 1171 4724 quae
1200 4655 1298 4708 sub
1323 4654 1504 4708 oculos
1523 4654 1738 4716 cadunt,
1767 4656 2130 4722 probationem

553 4751 911 4805 instituamus.
975 4745 1123 4800 lianc
1167 4745 1306 4799 enim
1360 4743 1655 4797 mirabilem
1707 4746 2131 4812 concinnamque

555 4846 855 4896 creaturam
880 4844 1094 4906 propter
1113 4835 1271 4887 alium
1290 4834 1496 4888 nullum
1519 4833 1773 4894 condidit,
1799 4834 1899 4886 nisi
1920 4844 2132 4902 propter

560 4946 609 4989 te
630 4949 642 4997 ;
667 4946 728 4986 ac
759 4940 865 4984 tam
894 4928 1166 4999 pulchram
1185 4936 1238 4982 et
1268 4940 1534 4996 magnam,
1567 4932 1673 4977 tam
1697 4929 1892 4978 variam
1919 4937 1973 4978 et
2012 4941 2133 4994 pre-

557 5027 768 5087 tiosam,
794 5032 859 5075 ac
884 5035 1192 5090 perennem,
1233 5017 1412 5072 utilem
1443 5060 1458 5083 ,
1499 5025 1554 5069 et
1580 5016 1724 5070 omni
1757 5031 1818 5069 ex
1850 5027 1997 5085 parte
2030 5016 2134 5070 fru-

563 5125 821 5176 ctuosam,
847 5120 900 5165 et
929 5112 995 5165 ad
1017 5111 1257 5179 corporis
1273 5109 1718 5164 sustentationem
1741 5117 1795 5161 et
1819 5108 2135 5163 corrobora-

558 5206 780 5265 tionem,
812 5209 866 5254 et
894 5200 961 5253 ad
990 5200 1176 5252 animo:
1203 5199 1626 5264 instructionem,
1655 5207 1708 5251 et
1729 5211 1903 5265 aptam
1918 5197 1982 5250 ad
1997 5199 2132 5251 viam

557 5291 898 5350 sternendam
954 5291 1019 5342 ad
1070 5289 1420 5358 cognitionem
1480 5290 1590 5355 Dei,
1639 5299 1726 5342 tua
1779 5291 1933 5341 unius
1980 5305 2134 5343 causa

559 5387 776 5442 creavit.
818 5383 998 5451 Neque
1029 5385 1166 5436 enim
1200 5381 1368 5449 angeli
1401 5381 1700 5450 indigebant
1729 5382 1811 5433 illa
1837 5400 1847 5431 :
1873 5384 2169 5448 ιιυοιιιοιίυ·

563 5478 705 5534 enim
761 5476 1087 5543 indigerent,
1131 5475 1217 5541 qui
1259 5474 1556 5542 priusquam
1605 5475 1832 5525 oriretur
1873 5476 2002 5539 ipsa,
2029 5473 2134 5540 jam

565 5569 758 5626 erant?
791 5567 914 5620 Illos
940 5567 1078 5636 enim
1129 5568 1225 5618 ista
1267 5565 1434 5618 multo
1477 5565 1798 5632 antiquiores
1847 5580 1985 5628 esse,
2019 5568 2135 5616 andi

565 5677 666 5730 quo
696 5668 847 5729 pacto
877 5658 1048 5710 verbis
1071 5658 1169 5708 illis
1197 5655 1443 5709 ostendat
1474 5656 1626 5716 Dens.
1648 5656 1840 5724 quibus
1866 5659 1928 5708 ita
1949 5657 2136 5710 .lobnm

560 5749 842 5821 alloquitur
897 5767 911 5800 :
974 5746 1185 5811 Quando
1239 5747 1373 5800 facta
1409 5756 1522 5800 sunt
1568 5747 1767 5814 sidera,
1815 5747 2140 5800 laudauerunt

3706 359 3814 418 ιω

2221 490 2300 526 me
2335 490 2503 528 omnes
2528 476 2692 546 angeli
2720 477 2836 540 mei,
2877 484 2924 528 et
2963 490 3078 528 voce
3121 489 3302 544 magna
3345 473 3633 527 cecinerunt
3687 475 3814 544 (Job
3849 483 3852 486 ’

2215 565 2305 620 58.
2325 565 2392 635 Ἲ)
2426 585 2439 620 :
2470 566 2568 620 hoc
2594 577 2677 621 est
2695 566 3043 635 obstupefacti
3063 566 3419 628 multitudine,
3451 567 3812 634 pulchritudir

2218 671 2306 720 ne,
2359 658 2481 719 situ,
2515 658 2762 723 utilitate,
2804 658 3078 720 varietate,
3115 657 3444 718 amoenitate,
3492 657 3809 725 splendore.

2217 744 2597 813 concinnitate,
2631 746 2839 799 caeteris
2865 746 3132 810 omnibus,
3164 760 3281 814 qua:
3321 746 3478 815 longe
3508 746 3705 798 melius
3741 748 3812 796 illi

2217 853 2375 907 quam
2404 852 2500 892 nos
2541 838 2888 908 perspiciunt.
2931 837 3116 906 Neque
3150 852 3277 890 vero
3306 836 3571 890 sideribus
3603 847 3812 889 tantum

2219 931 2512 994 exornavit,
2542 931 2635 984 sed
2656 940 2708 983 et
2733 931 2844 984 sole
2872 939 2926 984 et
2945 930 3066 983 luna
3093 929 3383 988 decoravit,
3411 937 3641 996 utroque
3673 935 3813 979 tem-

2220 1035 2347 1089 pore
2373 1020 2589 1073 multaut
2635 1020 2728 1074 tibi
2776 1019 3125 1088 voluptatem,
3182 1019 3403 1073 multam
3454 1034 3522 1071 ex
3579 1027 3814 1086 utroque

2218 1111 2558 1179 suppeditans
2588 1112 2890 1165 utilitatem.

2293 1201 2496 1256 Utilitas
2529 1202 2749 1256 siderum
2771 1218 2882 1271 quin
2905 1203 2968 1256 de
3004 1203 3126 1255 caelo
3157 1218 3246 1255 nos
3274 1209 3470 1270 regunt.
3499 1199 3675 1253 Solent
3709 1201 3811 1252 uti-

2222 1289 2506 1360 litatemque
2541 1293 2649 1361 ejus
2695 1293 3050 1356 commendat;
3086 1291 3266 1344 deinde
3315 1290 3636 1359 singularum
3687 1304 3812 1358 par-

2221 1381 2346 1434 tium
2415 1392 2612 1435 natura:
2675 1381 2944 1434 utilitatem
2989 1382 3263 1452 generatim
3310 1381 3507 1435 laudat.
3547 1409 3624 1421 -—
3674 1379 3812 1447 Quid

2220 1472 2353 1526 caelo
2379 1471 2668 1541 pulchrius,
2692 1471 2831 1541 quod
2851 1485 2991 1525 nunc
3011 1488 3040 1524 a
3060 1471 3173 1525 sole
3195 1471 3425 1539 lunaque
3446 1469 3811 1534 collustratur,

2223 1575 2365 1616 nunc
2407 1563 2568 1616 veluti
2610 1561 2924 1631 quibusdam
2953 1562 3229 1616 oculorum
3262 1560 3513 1630 jactibns,
3547 1561 3815 1616 immenso

2221 1653 2452 1708 siderum
2474 1654 2718 1709 examine
2747 1663 2944 1709 terram
2975 1654 3256 1716 illuminat,
3279 1663 3332 1708 et
3357 1653 3533 1708 nautis
3552 1668 3617 1709 ac
3647 1654 3814 1709 viato-

2223 1747 2369 1801 ribus
2413 1747 2614 1801 indices
2654 1747 2754 1801 viae
2792 1745 3053 1816 quosdam
3094 1746 3364 1816 ducesque
3402 1744 3815 1800 subministrat?

2221 1837 2319 1903 Qui
2342 1838 2484 1892 enim
2519 1839 2739 1908 pelagus
2761 1838 2952 1902 sulcat,
2975 1846 3030 1892 et
3052 1836 3117 1891 ad
3150 1836 3358 1890 clavum
3384 1836 3561 1902 sedet,
3589 1837 3815 1890 incursi-

2223 1931 2321 1985 bus
2341 1929 2591 1984 ﬂuctuum
2608 1969 2624 1994 ,
2648 1939 2705 1984 et
2733 1930 3063 1984 turbatarum
3103 1928 3364 1983 undarum
3416 1928 3729 1991 insultibus,
3755 1942 3815 1982 ac

2221 2019 2456 2075 violento
2480 2029 2760 2074 ventorum
2788 2011 3013 2085 Efflatui,
3047 2020 3322 2088 noctisque
3353 2019 3535 2073 illunis
3579 2018 3816 2073 tenebris

2223 2111 2456 2179 seipsum
2484 2112 2731 2180 exponit,
2762 2110 2898 2165 adeo
2924 2111 3068 2166 illius
3108 2110 3352 2180 regimini
3379 2109 3605 2164 conﬁdit
3629 2119 3689 2164 et
3716 2107 3816 2163 du-

2222 2200 2330 2254 ctui
2361 2219 2374 2253 :
2402 2201 2619 2271 etquod
2648 2201 2698 2254 in
2724 2200 2935 2255 sublimi
2966 2200 3127 2254 situm
3151 2207 3234 2254 est
3252 2207 3478 2264 astrum,
3498 2199 3653 2254 illum
3673 2206 3819 2253 tanto

2223 2289 2467 2346 dissitum
2492 2291 2797 2355 intervallo,
2827 2292 2978 2360 quasi
3001 2289 3233 2345 vicinum
3266 2290 3332 2345 sit
3355 2298 3408 2344 et
3433 2291 3818 2360 propinquum,

2227 2383 2297 2437 ita
2324 2397 2509 2438 secure
2539 2382 2777 2448 deducit,
2809 2391 2863 2439 et
2889 2382 2956 2438 ad
2985 2392 3195 2451 portum
3224 2380 3479 2451 appellit,
3512 2395 3614 2436 nec
3642 2391 3822 2435 tamen

2225 2474 2388 2527 ullam
2418 2488 2605 2528 vocem
2661 2475 2840 2538 mittit,
2892 2473 2986 2528 sed
3036 2482 3322 2543 conspectu
3376 2488 3475 2529 suo
3519 2474 3664 2526 viam
3714 2472 3822 2526 illis

2227 2573 2507 2630 monstrat,
2535 2574 2589 2618 et
2609 2565 2713 2619 illis
2739 2565 2942 2629 tribuit,
2971 2573 3027 2618 ιιι
3057 2565 3222 2618 maria
3255 2573 3370 2618 tuto
3392 2563 3601 2632 possint
3624 2564 3820 2618 emeti-

2227 2655 2294 2715 ri,
2325 2654 2451 2707 dum
2480 2654 2582 2709 illis
2608 2663 2846 2722 tempora
2881 2654 3124 2722 designat
3148 2695 3161 2715 ,
3192 2654 3270 2709 sic
3311 2662 3372 2708 ut
3423 2668 3566 2707 nunc.
3601 2651 3822 2721 quidem

2230 2745 2363 2797 intra
2398 2755 2604 2813 portum
2636 2745 2914 2799 retinenda
2942 2745 3012 2798 sit
3036 2745 3220 2807 navis,
3260 2759 3398 2796 nunc
3436 2753 3616 2798 autem
3648 2743 3703 2796 in
3729 2758 3823 2812 pe-

2229 2835 2375 2906 lagus
2396 2836 2727 2891 conﬁdenter
2747 2835 3043 2898 educenda,
3065 2846 3119 2889 et
3148 2851 3253 2888 non
3280 2834 3578 2901 improvide
3601 2843 3823 2903 pr0pter

2229 2928 2577 2996 ignorantiam
2625 2927 2788 2983 futuri
2844 2930 2895 2982 in
2947 2928 3088 2983 diem
3142 2928 3438 2982 incidentes
3485 2926 3775 2981 hiemalem
3805 2966 3822 2991 ,

2230 3017 2556 3089 naufragium
2583 3021 2868 3090 patiantur.
2910 3019 3092 3089 Neque
3109 3035 3236 3073 vero
3263 3029 3464 3073 tantum
3490 3021 3822 3089 integrorum

2229 3124 2488 3165 annorum
2509 3126 2787 3165 mensuras
2816 3121 2871 3165 et
2894 3119 3238 3180 tempestates
3267 3111 3354 3164 illa
3376 3111 3660 3180 designant
3678 3153 3694 3180 ,
3727 3113 3824 3166 sed

2230 3211 2285 3255 et
2307 3202 2567 3272 cujusque
2593 3203 2766 3257 noctis
2797 3202 2980 3255 horam
3013 3211 3067 3256 et
3090 3201 3502 3255 conversionem
3537 3201 3826 3272 diligenter

2231 3301 2648 3362 repraesentant,
2681 3303 2736 3347 et
2764 3294 2999 3348 efﬁciunt
3019 3334 3033 3359 ,
3065 3304 3119 3346 ut
3159 3308 3221 3347 ex
3253 3293 3368 3361 ipso
3392 3302 3608 3361 aspectu
3641 3291 3822 3348 disca-

2232 3399 2371 3441 mus.
2420 3384 2631 3454 quando
2679 3385 2852 3452 major
2886 3384 3002 3453 ejus
3043 3398 3166 3452 pars
3216 3385 3556 3452 praeterierit,
3605 3384 3826 3452 quando

2230 3474 2405 3528 minor
2420 3473 2592 3529 adhuc
2624 3483 2811 3540 restet,
2837 3484 2893 3530 et
2921 3485 3104 3529 contra
3126 3474 3489 3541 rursus,quod
3515 3490 3622 3530 non
3645 3475 3823 3530 solum

2233 3567 2430 3630 nautis,
2456 3566 2551 3621 sed
2579 3568 2737 3621 etiam
2768 3567 3058 3621 viatoribus
3085 3567 3422 3621 commodum
3448 3576 3548 3629 est,
3568 3581 3635 3621 ne
3665 3581 3826 3622 noc:e

2234 3658 2551 3726 intempesta
2606 3661 2742 3712 viam
2800 3658 3200 3729 ingrediantur,
3256 3674 3428 3728 neque
3479 3662 3825 3715 convenienti

2234 3756 2472 3814 tempore
2499 3748 2641 3803 dumi
2673 3749 2965 3804 resideant.
3023 3749 3137 3804 Hoc
3163 3765 3267 3804 una
3296 3765 3416 3805 cum
3458 3751 3630 3805 stellis
3659 3753 3826 3806 etiam

2232 3852 2294 3891 ex
2329 3838 2466 3891 luna!
2492 3840 2739 3893 cursibus
2771 3849 2951 3893 notum
2995 3841 3281 3910 diligenter
3320 3840 3658 3895 observatur.
3686 3841 3826 3899 Nam

2235 3931 2678 3996 quemadmodum
2709 3933 2791 3987 sol
2816 3932 3055 3998 diurnas,
3088 3935 3155 3987 ita
3195 3934 3317 3986 luna
3349 3943 3637 3989 nocturnas
3665 3934 3828 3990 horas

2233 4021 2433 4092 dirigit,
2451 4023 2687 4093 aliasque
2719 4025 2913 4079 multas
2934 4027 3191 4081 utilitates
3211 4027 3366 4093 parit,
3391 4035 3444 4079 et
3459 4038 3667 4095 gratam
3684 4029 3827 4081 aeris

2238 4117 2567 4182 temperiem,
2596 4125 2649 4169 et
2670 4118 2806 4170 roris
2829 4119 3251 4186 generationem,
3289 4129 3339 4180 ut
3371 4117 3583 4181 irrigala
3617 4119 3826 4171 semina

2233 4207 2534 4271 germinent
2554 4248 2567 4267 ,
2600 4223 2660 4259 ae
2688 4209 2848 4261 multa
2876 4225 2942 4261 ex
2974 4224 3030 4261 se
3061 4208 3338 4262 commoda
3366 4207 3430 4260 ad
3470 4209 3830 4262 corroboran-

2233 4295 2359 4348 dum
2385 4311 2550 4364 genus
2574 4299 2857 4350 humanum
2889 4298 3209 4367 suppeditat,
3229 4299 3461 4367 dumque
3484 4300 3660 4354 media
3686 4300 3828 4355 inter

2235 4389 2502 4439 stetlarum
2555 4388 2795 4450 chorum,
2839 4403 2899 4442 et
2941 4391 3070 4442 Solis
3111 4390 3449 4457 splendorem
3492 4391 3822 4459 interjaCet:

2237 4473 2338 4529 hoc
2378 4475 2588 4543 quidem
2631 4479 2819 4540 minnr,
2877 4479 2979 4532 illis
3023 4493 3152 4532 vero
3201 4478 3538 4546 pnestantior
3594 4494 3713 4544 est,
3765 4504 3828 4536 ac

2238 4565 2400 4617 multo
2429 4565 2618 4632 major.
2660 4566 2838 4636 Neque
2865 4583 2996 4621 vero
3025 4569 3310 4621 inediocris
3355 4570 3591 4623 nascitur
3629 4586 3696 4625 ex
3743 4575 3825 4625 illa

2239 4657 2492 4707 varietate
2511 4659 2903 4723 spectatoribus
2932 4658 3181 4728 voluptas
3208 4671 3261 4713 et
3290 4661 3489 4714 utilitas
3515 4703 3529 4726 ,
3557 4671 3616 4715 ut
3649 4678 3826 4734 neque

2237 4749 2465 4816 vulgaris
2491 4750 2841 4804 commoditas
2872 4767 2934 4804 ex
2966 4752 3295 4820 temporibus
3315 4794 3328 4816 ,
3361 4763 3415 4806 et
3442 4765 3671 4823 quatuor
3702 4759 3825 4810 anni

2241 4842 2673 4907 tempestatibus,
2711 4857 2804 4895 seu
2831 4857 3159 4907 mensuram,
3189 4859 3285 4897 seu
3317 4844 3738 4909 magnitudinem
3768 4864 3827 4904 ac

2241 4931 2548 4984 brevitatem
2572 4976 2585 4998 ,
2627 4935 2739 4987 sive
2771 4935 3029 4988 inﬁnitam
3068 4935 3430 4991 diversitatem
3475 4939 3826 4996 COﬂSidGl‘ea:

2239 5023 2391 5074 aliam
2417 5025 2558 5075 enim
2591 5025 2886 5090 minorem,
2917 5027 3072 5079 aliam
3101 5026 3356 5094 majorem
3397 5042 3459 5080 ac
3501 5029 3831 5096 splendidio-

2239 5129 2352 5166 rem
2382 5123 2620 5182 spectare
2647 5117 2796 5182 licet,
2827 5126 2882 5170 et
2917 5117 3172 5186 quasdam
3205 5133 3269 5171 ex
3301 5119 3404 5171 illis
3429 5118 3655 5174 diversis
3693 5131 3800 5177 tein

2241 5202 2455 5270 poribus
2499 5219 2775 5272 apparere.
2818 5207 3032 5260 Summa
3084 5207 3330 5260 nimirum
3371 5222 3434 5260 ac
3474 5209 3831 5266 solertissinm

2245 5295 2333 5346 Dei
2364 5296 2620 5359 sapientia
2653 5297 2872 5349 multam
2912 5296 3105 5367 ubique
3132 5298 3440 5350 varietatem
3473 5296 3673 5362 efﬁcit,
3712 5316 3829 5353 θυι.»

2245 5397 2298 5437 ut
2348 5388 2596 5454 potentia:
2640 5404 2750 5441 suae
2793 5391 3167 5442 miraculorum
3225 5390 3508 5443 cﬂ‘ectricis
3551 5394 3828 5459 specimen

2244 5477 2384 5538 edat,
2426 5489 2533 5530 tum
2564 5489 2617 5531 ut
2644 5496 2819 5533 rerum
2846 5499 2964 5548 qnze
2994 5491 3289 5535 cernuntur
3315 5485 3504 5540 oculis.
3530 5488 3826 5537 commodi-

2250 5571 2337 5619 tati
2391 5571 2686 5636 provideat,
2743 5589 2801 5625 ac
2851 5575 3065 5625 inuitam
3114 5575 3536 5641 immensamque
3594 5577 3826 5643 praebeat

2250 5659 2625 5721 utilitatemet
2671 5676 2790 5713 cum
2840 5664 2922 5715 his
2971 5664 3222 5717 omnibus
3270 5667 3426 5716 etiam
3483 5669 3822 5735 voinpiatem.

2249 5750 2380 5812 Quid
2414 5753 2551 5803 enim
2580 5752 2709 5804 caelo
2737 5753 3022 5820 jucundius
3044 5796 3056 5816 ,
3088 5755 3226 5824 quod
3279 5769 3415 5807 nunc
3444 5765 3694 5823 tanquam
3727 5756 3820 5808 lin-
