4050 6434
251 334 352 388 ιθι

252 453 349 506 καὶ
386 449 621 502 ἐνταῦθα
665 446 985 517 ὑπερῦαίνει
1029 446 1126 514 τὴν
1176 445 1382 499 εἰκόνα.
1434 443 1511 498 Οὐ
1557 443 1666 516 γὰρ
1705 441 1850 512 εἷπε,

249 539 336 594 Σὺ
356 537 476 607 μὲν
503 538 726 607 ἐφείσω
757 534 910 603 ὑπὲρ
945 531 1056 602 τῆς
1085 535 1484 600 κολοκύντης,
1532 535 1624 586 καὶ
1663 534 1852 606 ἐσίγη-

251 644 377 688 σεν,
431 625 549 678 ἀλλ’
584 623 902 694 ἐπήγαγενο
949 621 1068 690 Ἐφ’
1107 615 1146 693 ᾗ
1199 624 1311 674 οὐκ
1362 620 1850 690 ἐκακοπάθησας,

249 713 396 768 οὐδὲ
414 713 746 780 ἐξέθρεψας
770 709 986 778 αὐτήν.
1018 710 1238 780 Ἐπειδὴ
1268 709 1377 780 γάρ
1401 711 1585 762 ἐκεῖνα
1614 710 1854 780 μάλιστα

254 802 474 869 φιλοῦσι
507 801 614 853 τῶν
642 799 826 868 φυτῶν
848 801 917 868 οί,
936 799 1187 869 γηπόνοι,
1220 800 1349 870 περὶ
1381 799 1417 852 ἀ
1447 801 1614 853 πολὺν
1644 801 1855 854 ἐπεδεί·

251 889 414 952 ξαντο
445 887 626 949 πόνον,
665 885 836 951 δεῖξαι
865 887 1036 940 θέλων
1062 888 1143 939 ὅτι
1194 888 1287 940 καὶ
1333 887 1475 940 κατά
1507 887 1666 940 τοῦτο
1710 888 1855 957 φιλεῖ

247 975 312 1028 τὸ
347 971 484 1038 εἶδος
516 975 608 1027 τοῦ
650 974 877 1046 φίλτρου
923 976 1051 1037 τοὺς
1090 974 1443 1044 ἀνθρώπους,
1483 974 1639 1028 τοῦτο
1678 993 1852 1046 προσο

250 1064 480 1134 έθηκεν·
517 1063 577 1116 Εί
606 1064 716 1134 γάρ
746 1065 810 1116 σὺ
843 1062 938 1115 τοῦ
965 1063 1252 1134 ἀλλοτρίου
1282 1063 1446 1136 ἔργου
1477 1065 1650 1128 οὕτως
1673 1067 1852 1118 ἀντεί-

248 1169 370 1222 χου,
403 1153 561 1221 φησὶ,
615 1151 799 1222 πολλῷ
846 1150 1049 1221 μᾶλλον
1092 1151 1203 1220 ἐγὼ
1232 1152 1333 1206 τοῦ
1387 1153 1613 1218 οἰκείου,
1649 1155 1743 1207 καὶ
1788 1147 1850 1208 οὗ

249 1243 487 1310 ποιητής
517 1241 653 1309 ειίμι.
687 1233 819 1292 Εἶτα
847 1239 941 1291 καὶ
983 1239 1351 1309 ὑποτέμνεταί
1385 1258 1439 1292 τι
1465 1241 1568 1310 τῆς
1608 1260 1851 1314 κατηγο-

253 1329 376 1400 ρίας
415 1327 594 1380 αὐτῶν
626 1326 824 1394 λέγων,
851 1327 933 1379 ὅτι
966 1329 1090 1380 Οὐκ
1121 1327 1401 1394 ἔγνωσαν
1429 1327 1639 1393 δεξιὰν
1659 1331 1696 1398 ἢ
1723 1332 1852 1400 ἀρι-

247 1415 504 1483 στεράν·
531 1415 760 1484 ἀφελείᾳ
790 1414 990 1485 μᾶλλον
1017 1413 1050 1484 ἦ
1083 1414 1252 1485 κακία
1273 1427 1297 1454 ⁸
1323 1417 1853 1489 πεπλημμεληκέναι

245 1503 450 1565 αὐτοὺς
482 1502 928 1572 ἀποφηνάμενος,
960 1502 988 1554 ὃ
1019 1504 1112 1554 καὶ
1146 1501 1313 1567 ἔδειξε
1342 1503 1406 1556 16
1432 1504 1535 1574 τῆς
1563 1507 1852 1574 μετανοίας

245 1589 423 1652 τέλος.
454 1589 562 1642 Καὶ
597 1590 804 1656 ἑτέροις
836 1590 892 1642 δέ
943 1589 1215 1659 ἐπιτιμῶν
1245 1590 1536 1663 θρηνοῦσιν
1563 1594 1638 1658 ῶς
1685 1597 1854 1662 ἐγκα-

243 1677 606 1746 ταλειφθείσι.
631 1677 806 1731 ταῦτα
832 1676 978 1746 λέγει
1006 1677 1071 1730 τὰ
1102 1679 1324 1747 ῥήματα
1343 1696 1355 1708 ο
1386 1680 1754 1747 Ἐρωτήσατέ
1775 1698 1853 1751 με

245 1766 384 1833 περὶ
416 1763 537 1819 τῶν
564 1764 710 1819 υἱῶν
729 1783 872 1834 μου.
907 1766 1008 1818 καί
1039 1769 1171 1834 περὶ
1206 1765 1325 1819 τῶν
1355 1767 1546 1836 ἔργων
1583 1768 1702 1822 τῶν
1729 1788 1851 1838 χει-

241 1852 370 1920 ρῶν
378 1869 500 1923 μου
537 1853 891 1907 ἐντείλασθέ
913 1872 1035 1923 μοι.
1069 1856 1133 1907 ’0
1158 1855 1214 1908 δὲ
1244 1853 1392 1923 λέγει
1422 1855 1664 1910 τοιοῦτόν
1695 1859 1846 1912 ἐστι·

248 1940 346 2004 Τίς
377 1941 594 2012 πατέρα
615 1945 1048 2014 ἀναμιμνήσκει,
1073 1945 1166 1996 καὶ
1189 1945 1518 2015 παρακαλεῖ,
1547 1944 1688 1999 ὥστε
1721 1964 1853 2019 προ-

245 2028 443 2099 νοῆσαι
474 2029 699 2095 παιδός;
735 2031 768 2101 ἢ
798 2033 1052 2101 τεχνίτην
1080 2033 1174 2084 καὶ
1208 2032 1564 2102 δημιουργὸν,
1598 2034 1739 2087 ῶστε
1777 2036 1852 2108 μὴ

243 2119 470 2187 ἀφεῖναι
500 2119 779 2173 διαπεσεῖν
806 2120 867 2173 τὸ
896 2120 1092 2191 ἔργονς
1127 2116 1259 2174 Εἶτα
1291 2123 1380 2175 ἐπ’
1413 2123 1722 2192 ἀνθρώπων
1753 2126 1853 2195 μὲν

243 2209 509 2278 ἀρκεῖσθε
548 2213 614 2279 τῇ
659 2208 822 2276 φύσει
853 2209 945 2261 καὶ
997 2213 1062 2280 τῇ
1103 2210 1267 2282 τέχνῃ
1309 2211 1388 2273 εἰς
1434 2211 1711 2277 ἀπόδειξιν
1751 2214 1852 2283 τῆς

247 2298 601 2369 κηδεμονίας,
635 2298 736 2366 ἐμὲ
774 2297 830 2349 δὲ
862 2295 1040 2350 οἴεσθε
1081 2296 1306 2369 χρῄζειν
1341 2300 1434 2352 τοῦ
1466 2303 1852 2371 παρακαλοῦν-

243 2384 338 2446 τός
384 2403 474 2454 με,
510 2386 600 2438 ἵνα
628 2385 738 2437 τῶν
783 2385 990 2438 τέκνων
1029 2385 1138 2438 τῶν
1189 2387 1340 2455 ἐμῶν
1381 2391 1476 2441 καὶ
1517 2390 1626 2442 τῶν
1675 2391 1852 2462 ἔργων

241 2472 666 2544 ἀντιλήψωμαι;
701 2473 889 2526 Ταῦτα
915 2473 970 2525 δὲ
996 2474 1204 2540 ἔλεγεν,
1229 2475 1327 2545 οὐχ
1363 2477 1448 2529 ἵνα
1483 2479 1556 2549 μὴ
1593 2497 1850 2549 παρακα-

243 2559 436 2628 λῶσιν,
471 2561 584 2616 ἀλλ’
611 2563 699 2614 ἵνα
731 2561 931 2614 εἰδέναι
957 2561 1154 2631 ἔχωσιν
1184 2564 1266 2616 ὃτι
1296 2565 1390 2617 καὶ
1418 2565 1524 2635 πρὸ
1548 2567 1645 2636 τῆς
1674 2585 1851 2638 παρα-

243 2648 497 2721 κλήσεως
546 2653 575 2704 6
622 2650 754 2713 Θεὸς
793 2650 860 2702 τά
916 2651 1111 2703 ἑαυτοῦ
1155 2655 1317 2717 ποιεῖ,
1371 2652 1617 2723 βούλεται
1667 2655 1723 2708 δὲ
1759 2659 1851 2710 καὶ

244 2738 708 2808 παρακαλεῖσθαι,
734 2738 921 2808 ἐπειδὴ
969 2740 1115 2809 μέγα
1148 2735 1256 2792 οἶδε
1288 2743 1402 2804 τοῖς
1437 2743 1853 2812 παρακαλοῦσιν

241 2825 498 2880 ἐντεῦθεν
531 2826 777 2897 ὑπάρχον
813 2827 874 2879 τὸ
915 2826 1128 2898 κέρδος.
1177 2823 1334 2892 Εἶδες
1361 2828 1479 2891 πῶς
1517 2832 1852 2903 σαφέστερον

247 2911 340 2965 καὶ
374 2911 528 2984 ἡλίου
561 2914 917 2984 φαιδρότερον
957 2913 1046 2965 διὰ
1071 2914 1181 2966 τῶν
1203 2915 1622 2988 ὑποδειγμάτων
1647 2918 1854 2973 τούτων

241 2998 344 3067 τῆς
379 3000 592 3067 ἀφάτου
630 3001 887 3071 προνοίας
918 2999 1087 3052 αὑτοῦ
1120 3003 1151 3072 ἡ
1196 3001 1472 3066 ὑπόδειξις
1506 3003 1850 3074 δι-αλάμπει;

241 3087 447 3141 Σκόπει
495 3089 574 3141 δέ·
629 3090 964 3160 Παρήγαγεν
1016 3091 1095 3151 εἰς
1133 3088 1300 3160 μέσον
1331 3090 1424 3143 τὸν
1471 3095 1704 3164 πατέρα,
1755 3094 1853 3164 τὴν

245 3175 486 3246 μητέρα,
528 3176 620 3229 τὸν
655 3177 913 3246 νυμφίον,
944 3179 1042 3247 τὴν
1076 3176 1320 3248 νύμφην,
1363 3179 1421 3231 τὸ
1449 3179 1725 3252 διάστημα
1760 3182 1853 3236 τοῦ

242 3264 479 3336 ούρανοῦ
514 3266 609 3318 καὶ
658 3265 757 3336 τῆς
789 3267 913 3336 γῆς,
947 3265 1006 3318 τὸ
1039 3266 1206 3335 μέσον
1239 3267 1349 3319 τῶν
1395 3270 1674 3323 ἀνατολῶν
1717 3273 1854 3342 πρὸς

242 3351 480 3422 δυσμάς,
511 3352 600 3406 τὸν
629 3353 933 3423 φυτουργὸν
963 3354 1058 3405 καὶ
1090 3353 1220 3423 περὶ
1247 3354 1461 3424 λάχανα
1497 3358 1852 3428 πονούμενον,

242 3437 338 3489 τὸν
364 3436 646 3507 οἰκοδόμον
666 3437 774 3490 τῶν
796 3437 1204 3508 γενησομένων,
1223 3442 1321 3508 τὸν
1343 3442 1572 3512 σφοδρὸν
1594 3443 1851 3514 ἐραστήν,

243 3522 340 3576 τὸν
366 3525 796 3593 ταραττόμενον,
833 3527 880 3577 εί
929 3528 1022 3578 καὶ
1059 3527 1225 3597 μέχρι
1277 3531 1542 3599 ῥημάτων
1591 3532 1853 3604 λυπήσειε

243 3609 338 3664 τὸν
366 3612 646 3683 ἐρώμενον
667 3630 678 3642 ·
719 3614 813 3666 καὶ
836 3614 1092 3667 τοσοῦτον
1123 3616 1381 3669 ἁπάντων
1407 3619 1854 3689 ὑπερακοντίζειν

243 3699 335 3754 διὰ
365 3702 584 3756 πάντων
626 3701 833 3755 τούτων
865 3704 1035 3770 ἔδειξε
1071 3706 1170 3772 τὴν
1211 3705 1307 3759 τοῦ
1337 3708 1474 3761 Θεοῦ
1514 3711 1853 3781 ἁγαθότητα,

243 3792 372 3844 ὅσον
405 3791 670 3861 πονηρίαν
708 3793 1099 3863 χρηστότητος.

320 3877 474 3950 [⁸⁷⁷1
507 3879 645 3947 KP??-
675 3880 738 3942 ζ’.
776 3880 885 3932 Καὶ
918 3884 1029 3943 τοῖς
1072 3882 1170 3951 μὲν
1192 3877 1287 3935 οὖν
1321 3883 1684 3953 εύγνώμοσιν,
1717 3886 1854 3958 ὅπερ

245 3966 410 4035 Ιφην,
442 3968 604 4037 ἀρκεῖ
635 3969 727 4020 καὶ
756 3966 950 4020 ταῦτα·
983 3968 1096 4022 ἀλλ’
1116 3969 1302 4040 ἐπειδή
1323 3971 1467 4033 τινές
1489 3972 1594 4023 είσι
1616 3972 1852 4043 πήλινοι,

248 4056 346 4110 καὶ
355 4056 417 4109 δυ
426 4057 755 4124 σανάγωγοι,
771 4056 1210 4126 καὶδυσπειθείς,
1227 4059 1321 4112 καὶ
1340 4059 1699 4130 αύτόσαρκες,
1722 4063 1854 4134 φέρε

245 4146 312 4218 δὴ
348 4146 439 4200 καὶ
470 4146 557 4199 διὰ
591 4147 702 4199 τῶν
742 4147 918 4218 ἔργων
951 4149 1131 4201 αὐτῶν
1155 4149 1530 4220 ἀποδείξωμεν
1553 4153 1720 4206 αὑτοῦ
1755 4153 1854 4224 τὴν

245 4233 528 4305 πρόνοιαν,
551 4235 673 4287 καθ’
699 4236 822 4288 ὅσον
849 4237 980 4306 ἡμῖν
1002 4231 1112 4291 οἶόν
1140 4255 1222 4292 τε.
1251 4240 1508 4292 Ἂπασαν
1529 4240 1638 4311 γὰρ
1660 4243 1853 4313 αὐτὴν,

249 4321 454 4394 μᾶλλον
473 4322 531 4375 δὲ
559 4322 681 4374 οὐδὲ
705 4323 765 4374 τὸ
794 4323 1083 4376 πολλοστὸν
1106 4325 1278 4395 αὐτῆς
1300 4326 1466 4398 μέρος
1499 4330 1854 4401 παραστῆσαι

247 4411 468 4483 ῥᾴδιονο
517 4411 874 4474 οὕτωςοέστὶν
922 4414 1151 4483 ἄπειρος
1190 4417 1287 4468 καὶ
1329 4418 1578 4485 ἄφατός,
1625 4421 1720 4473 καὶ
1765 4421 1854 4474 διὰ

243 4497 357 4552 τῶν
392 4499 602 4570 μικρῶν
633 4501 730 4552 καὶ
759 4498 847 4552 διά
883 4499 989 4552 τῶν
1024 4503 1278 4571 μεγάλων
1320 4504 1728 4577 διαλάμπουσα,
1758 4511 1853 4563 καὶ

244 4586 356 4641 τῶν
377 4588 674 4659 ὁρωμένων
726 4589 821 4642 καὶ
843 4589 951 4641 τῶν
979 4590 1077 4659 οὐχ
1099 4594 1414 4662 ὁρωμένων.
1437 4597 1583 4666 Πλὴν
1608 4597 1723 4650 ἀλλ’
1744 4598 1852 4651 ἀπὸ

243 4674 354 4730 ⁴τῶν
388 4675 682 4747 ὁρωμένων
713 4680 855 4739 τέως
890 4677 1248 4749 ποιησώμεθα
1277 4682 1379 4750 τὴν
1409 4683 1707 4749 ἀπόδειξιν.
1739 4687 1850 4758 Τὴν

245 4763 358 4836 γάρ
385 4763 701 4834 Θαυμασίαν
750 4763 957 4836 ταύτην
997 4768 1092 4819 καὶ
1145 4769 1525 4840 παναρμόνιον
1559 4773 1738 4826 κτίσιν
1782 4776 1849 4828 δι’

243 4852 438 4906 οὐδένα
467 4852 655 4922 ἕτερον
691 4853 971 4922 ἐποίησεν,
1009 4854 1041 4924 ἢ
1083 4855 1172 4907 διὰ
1204 4856 1291 4908 σέ·
1330 4859 1425 4910 καὶ
1458 4861 1632 4930 καλὴν
1681 4861 1844 4928 οὕτω,

246 4936 342 4990 καὶ
377 4936 620 5007 μεγάλην
663 4936 824 4995 οὓτω,
861 4939 953 4990 καὶ
1001 4939 1275 5008 ποικίλην,
1306 4943 1401 4994 καὶ
1433 4945 1723 5017 πολυτελῆ,
1757 4950 1850 5000 καὶ

243 5019 467 5090 διαρκῆ,
491 5021 583 5072 καὶ
611 5020 893 5090 χρησίμην
920 5023 1012 5074 καὶ
1038 5025 1375 5093 πανταχόθεν
1404 5027 1722 5098 κερδαλέαν,
1755 5032 1849 5084 καὶ

246 5108 386 5177 πρὸς
425 5105 675 5176 σώματος
729 5108 1028 5180 διατροφὴν
1081 5110 1176 5163 καὶ
1229 5115 1529 5179 σύστασιν,
1582 5119 1848 5190 καὶπρὸς

242 5193 424 5263 ψυχῆς
456 5193 794 5262 φιλοσοφίαν,
827 5197 919 5248 καὶ
955 5199 1090 5268 πρὸς
1124 5199 1457 5268 θεογνωσίας
1495 5205 1613 5258 ὁδὸν
1651 5209 1846 5277 ἐπιτη-

240 5283 392 5336 δείαν
423 5283 796 5337 κατεσκεύασε
836 5285 926 5338 διὰ
950 5287 1029 5339 σέ.
1067 5289 1200 5342 Ούδὲ
1242 5292 1353 5362 γὰρ
1385 5295 1609 5364 ἄγγελοι
1639 5297 1846 5368 ταύτης

243 5368 483 5424 ἐδέοντο·
509 5372 626 5435 πῶς
648 5371 756 5444 γὰρ
780 5375 828 5424 οί
857 5378 950 5426 καὶ
977 5378 1104 5446 πρὶν
1131 5378 1160 5446 ἢ
1185 5381 1438 5444 γενέσθαι
1464 5385 1633 5455 αὐτὴν
1656 5386 1843 5452 δντες;

245 5457 369 5512 Ὀτι
401 5459 509 5529 γὰρ
540 5461 738 5514 ἐκεῖνοι
785 5462 965 5533 πολλῴ
999 5464 1205 5536 ταύτης
1252 5470 1641 5543 πρεσϐύτεροι,
1677 5476 1844 5528 ἄκουε

243 5545 298 5598 τί
324 5563 488 5616 φησιν
516 5549 544 5600 6
579 5549 710 5613 Θεὸς
738 5550 815 5620 τῷ
851 5549 970 5602 Ἰὼϐ
1001 5551 1412 5626 διαλεγόμενος·
1449 5560 1585 5614 ’Ὅτε
1605 5563 1845 5632 ἐγένετο

244 5635 459 5704 ἄστρα,
486 5638 718 5705 ᾕνεσάι·
746 5657 821 5707 με
845 5639 1066 5708 πάντες
1095 5643 1341 5714 ἄγγελοί
1365 5666 1504 5717 μου,
1540 5653 1637 5708 καὶ
1671 5655 1843 5726 ὕλη-η·

310 5829 336 5855 "
357 5828 458 5883 Alii
483 5832 700 5896 πονηρία.

1081 326 1172 380 AD
1210 327 1342 382 EOS
1381 327 1500 392 QUI
1539 327 2044 384 SCANDALIZATI
2087 328 2292 384 SUNT.
2348 328 2479 382 LIB.
2528 325 2732 382 UNUS.

3453 321 3562 376 ινα

1955 465 2079 504 σαν
2098 449 2270 519 φωνῇ
2292 450 2530 520 μεγάλη
2547 466 2561 479 ·
2591 445 2735 501 τοῦτ’
2752 445 2921 506 ἐστιν,
2948 443 3316 513 ἐκπλαγέντες
3334 441 3395 494 τὸ
3427 441 3565 511 ττλῆ-

1953 538 2066 603 θος,
2091 539 2151 591 τὸ
2177 538 2393 600 κάλλος,
2420 537 2517 607 τὴν
2548 534 2720 598 θέσιν,
2745 531 2845 604 τήν
2879 533 3092 604 χρείαν,
3134 530 3233 601 τὴν
3263 529 3562 594 ποικιλίαν,

1950 628 2054 696 τὴν
2071 627 2426 697 φαιδρότητα,
2440 625 2540 696 τὴν
2555 623 2898 694 λαμπηδόνα,
2920 621 3018 691 τὴν
3036 618 3326 692 ἁρμονίαν,
3340 618 3410 672 τὰ
3427 617 3565 673 ἀλλα

1955 715 2156 778 πάντα,
2191 716 2337 785 ἀπερ
2376 713 2769 783 ἀκριὸέστερον
2802 710 2962 781 ἡμῶν
3005 707 3306 780 συνορῶσιν
3336 708 3558 762 ἐκεῖνοι.

1955 803 2069 856 Ούκ
2099 802 2334 872 ἀστράσι
2370 801 2426 854 δὲ
2479 799 2818 854 ἐκαλλώπισε
2866 799 3049 870 μόνον,
3098 795 3238 850 ἀλλά
3284 796 3378 849 καὶ
3425 794 3564 866 ἡλίῳ

1956 892 2050 943 καὶ
2098 889 2296 962 σελήνῃ
2352 889 2801 959 κατεκόσμησεν,
2846 887 2906 940 ἐν
2959 886 3207 956 ἑκατέρῳ
3255 885 3333 955 τῷ
3385 883 3554 962 καιριξ

1958 976 2161 1048 πολλὴν
2191 977 2290 1047 μέν
2324 993 2406 1029 σοι
2440 976 2540 1048 τὴν
2582 975 2802 1046 ἡδονὴν,
2834 973 3040 1045 πολλὴν
3079 972 3138 1027 δὲ
3174 971 3431 1043 παρέχων
3464 970 3578 1042 τὴν

1959 1065 2149 1137 χρείαν
2181 1064 2242 1131 ἐξ
2264 1064 2616 1137 ἀμφοτέρων.

2027 1154 2096 1207 Τί
2127 1153 2240 1225 γὰρ
2267 1152 2597 1225 ὠραιότερον
2635 1150 2891 1222 οὐρανοῦ,
2929 1148 3025 1202 νῦν
3056 1150 3156 1220 μὲν
3183 1149 3277 1217 ὑφ’
3317 1147 3471 1218 ἡλίου
3504 1163 3562 1199 τε

1955 1242 2050 1298 καὶ
2073 1241 2300 1311 σελήνης
2332 1238 2859 1308 καταλαμπομένου,
2894 1236 2990 1290 νῦν
3013 1237 3090 1302 δέ,
3129 1236 3386 1305 καθάπερ
3418 1235 3563 1287 τισὶν

1952 1327 2250 1400 ὀφθαλμῶν
2301 1326 2506 1398 βολαῖς,
2559 1324 2638 1395 τῷ
2676 1324 2891 1396 ἀπείρῳ
2933 1323 3044 1376 τῶν
3088 1325 3309 1394 ἄστρων
3367 1322 3564 1393 πλήθει

1955 1417 2398 1484 καταυγάζοντος
2429 1415 2528 1486 τὴν
2561 1415 2687 1482 γῆν,
2721 1413 2816 1465 καὶ
2855 1412 3080 1475 ναύταις
3127 1413 3222 1465 καὶ
3259 1411 3563 1481 ὁδοιπόροις

1952 1504 2183 1576 ὁδηγούς
2215 1520 2369 1567 τινας
2401 1502 2636 1564 διδόντος
2671 1502 2767 1554 καὶ
2806 1498 3217 1570 χειραγωγούς;
3255 1499 3314 1552 ’0
3346 1500 3454 1570 γὰρ
3501 1499 3567 1550 τὸ

1955 1594 2192 1662 πέλαγος
2218 1591 2454 1662 τέμνων,
2485 1592 2578 1643 καὶ
2608 1591 2703 1643 ἐπὶ
2734 1590 2842 1642 τῶν
2867 1589 3074 1642 οἰάκων
3106 1587 3439 1658 καθήμενος,
3469 1589 3564 1639 καὶ

1955 1685 2218 1755 κυμάτων
2249 1681 2528 1752 ἐμϐολαῖς,
2572 1682 2666 1733 καὶ
2704 1680 2914 1733 ὑδάτων
2957 1678 3212 1732 ἀτάκτων
3254 1677 3425 1748 ῥύμῃ.
3469 1676 3564 1729 καὶ

1959 1773 2284 1842 πνευμάτων
2311 1771 2503 1842 βιαίων
2535 1771 2678 1841 φορᾷ
2695 1769 2744 1832 δ,
2768 1769 2862 1821 καὶ
2884 1767 3083 1829 νυκτὸς
3108 1767 3360 1837 ἀσελήνῳ
3387 1765 3565 1834 σκότῳ

1953 1859 2237 1914 ἐκδίδωσιν
2270 1858 2463 1912 ἑαυτὸν
2485 1899 2500 1924 ,
2528 1860 2595 1928 τῇ
2645 1857 2799 1925 παρὰ
2850 1856 3044 1908 τούτου
3079 1853 3276 1925 ὁδηγία
3305 1852 3525 1924 θαρρῶν

1956 1951 2050 2002 καὶ
2083 1950 2110 2002 6
2142 1949 2200 2001 ἐν
2241 1947 2366 2016 ὕψει
2399 1947 2652 2018 κείμενος
2687 1945 2866 2017 ἀστὴρ
2898 1946 2990 1998 τὸν
3023 1947 3088 1998 ἐκ
3129 1943 3390 1997 τοσούτου
3429 1943 3562 1995 καθ-

1955 2038 1987 2108 ή
1998 2054 2158 2107 μενον
2185 2037 2581 2107 διαστήματος,
2611 2035 2804 2105 ὥσπερ
2834 2034 3002 2102 ἐγγὺς
3032 2032 3125 2087 καὶ
3163 2033 3392 2103 πλησίον
3420 2047 3560 2102 παρ-

1954 2126 2052 2188 ὼν,
2089 2126 2234 2180 οὕτω
2278 2126 2416 2196 μετά
2439 2124 2727 2197 ἀκριϐείας
2751 2125 3106 2195 χειραγωγεί,
3132 2123 3227 2176 κάὶ
3248 2122 3386 2193 πρὸς
3408 2121 3566 2191 λιμέ-

1954 2233 2051 2278 νας
2081 2213 2319 2286 όρμίζει,
2342 2215 2527 2286 φωνὴν
2560 2215 2659 2284 μὲν
2684 2215 2784 2266 οὐκ
2810 2215 3015 2283 ἀφιεὶς,
3034 2215 3098 2283 τῇ
3123 2212 3180 2264 δὲ
3205 2211 3325 2280 ὄψει
3349 2210 3566 2273 δεικνὺς

1954 2304 2136 2360 αὐτοῖς
2157 2305 2255 2366 τάς
2275 2302 2448 2366 ὁδοὺς,
2469 2304 2564 2356 καὶ
2591 2303 2689 2372 τὴν
2713 2301 2989 2356 θάλασσαν
3012 2302 3233 2372 τέμνειν
3255 2300 3441 2361 αὐτοῖς
3466 2315 3562 2368 χα-

1955 2392 2243 2462 ριζόμενος
2278 2392 2395 2461 μετ’
2421 2389 2748 2457 ἀσφαλείας,
2779 2391 3010 2459 καιροὺς
3041 2389 3386 2453 ὑποδεικνὺς,
3417 2386 3563 2439 ὥστε

1953 2479 2048 2531 νῦν
2085 2480 2184 2549 μὲν
2217 2478 2350 2531 εἴσω
2380 2478 2475 2532 τοῦ
2509 2477 2729 2548 λιμένος
2759 2477 3014 2549 κατέχειν
3051 2477 3116 2530 1'0
3136 2474 3474 2549 11}.0'£0y,_v§v

1955 2545 2295 2621 θαρροῦντας
2336 2552 2416 2611 είς
2453 2549 2513 2601 τὸ
2549 2545 2786 2616 πέλαγος
2823 2547 3062 2614 ἐξάγειν,
3105 2548 3200 2600 καὶ
3241 2548 3317 2616 μή
3345 2545 3436 2598 διὰ
3464 2546 3562 2614 τὴν

1953 2639 2048 2692 τοῦ
2085 2639 2372 2709 μέλλοντος
2407 2636 2633 2708 ἀδηλίαν
2662 2636 2995 2707 ἀπροόπτως
3029 2639 3110 2699 είς
3149 2636 3430 2706 χειμέριον
3460 2637 3561 2704 ἐμ-

1954 2728 2258 2789 πίπτοντας
2282 2726 2497 2797 ἡμέραν
2537 2724 2798 2794 ναυάγιον
2834 2725 3150 2795 ὑπομένειν.
3180 2725 3289 2778 Καὶ
3320 2724 3416 2792 οὐχ
3443 2723 3560 2775 όλοο

1956 2815 2174 2886 κλήρων
2203 2815 2259 2867 δὲ
2304 2813 2568 2867 ἐνιαυτῶν
2607 2813 2784 2882 μέτρα
2819 2811 2981 2883 μόνον
3014 2812 3109 2864 καὶ
3137 2812 3368 2883 καιροὺς
3398 2828 3564 2882 χαρα-

1954 2903 2311 2975 κτηρίζουσιν
2360 2897 2536 2968 οὗτοι,
2587 2900 2726 2954 ἀλλά
2773 2901 2868 2954 καὶ
2923 2901 3165 2970 ἑκάστης
3217 2901 3413 2963 νυκτὸς
3465 2899 3562 2951 καὶ

1955 2989 2104 3061 ὥραν
2134 2990 2228 3042 καὶ
2264 2989 2474 3060 τροπὴν
2507 2988 2647 3059 μετὰ
2687 2987 2891 3057 πολλῆς
2920 2987 3230 3059 παριστῶσι
3259 2988 3360 3057 τῆς
3402 2990 3564 3060 ἀκρι-

1953 3080 2128 3144 ϐείας,
2162 3081 2253 3132 καὶ
2298 3079 2546 3131 ποιοῦσιν
2575 3079 2776 3130 είδέναι
2820 3079 2947 3139 τοὺς
2993 3077 3259 3148 ὁρῶντας,
3295 3077 3425 3129 πότε
3465 3080 3563 3146 μὲν

1953 3169 2014 3222 τὸ
2047 3169 2209 3222 πλέον
2242 3169 2413 3238 αύτῆς
2447 3166 2716 3238 παρῆλθε,
2761 3165 2888 3218 πότε
2917 3167 2971 3218 δέ
3000 3166 3062 3218 τὸ
3099 3165 3323 3219 ἔλαττον
3370 3165 3564 3218 ὑπολέ-

1953 3258 2194 3320 λειπται,
2224 3257 2319 3309 καὶ
2359 3251 2425 3308 αὖ
2457 3253 2772 3308 τούναντίον
2818 3253 3004 3315 πάλιν,
3057 3255 3194 3325 ὅπερ
3223 3259 3284 3306 ού
3338 3255 3564 3316 ναύταις

1958 3346 2138 3416 μόνον,
2173 3344 2313 3397 ἀλλά
2344 3345 2440 3396 καὶ
2462 3342 2766 3413 όδοιπόφις
2802 3344 3096 3412 χρήσιμον,
3133 3341 3274 3396 ὥστε
3315 3342 3390 3412 μὴ
3422 3343 3562 3413 ἀωρὶ

1953 3433 2053 3503 τῆς
2079 3433 2275 3496 νυκτὸς
2321 3432 2420 3501 τῆς
2450 3430 2761 3502 ὁδοιπορίας
2794 3430 3086 3494 ἅπτεσθαι,
3122 3432 3260 3500 μήτε
3293 3433 3350 3482 ἐν
3387 3429 3565 3502 καιρῷ

1954 3522 2032 3592 τῷ
2096 3523 2431 3593 προσήκοντι
2481 3521 2624 3572 οἶκοι
2681 3519 2973 3590 καθῆσθαι.
3024 3519 3198 3573 Τοῦτο
3255 3521 3396 3590 μετά
3454 3521 3568 3574 τῶ)

1955 3613 2203 3683 ἀστέρων
2235 3612 2329 3664 καὶ
2376 3612 2424 3663 οἱ
2469 3610 2742 3680 σεληναῖοι
2776 3609 2930 3682 [478]
2973 3609 3167 3682 δρόμοι
3219 3611 3357 3681 μετά
3404 3612 3564 3681 ἀκρι-

1956 3708 2110 3770 ϐείας
2138 3707 2274 3760 εἰσὶν
2317 3703 2843 3775 ἐμπεπιστευμένοι.
2880 3702 3149 3775 Καθάπερ
3172 3702 3282 3773 γὰρ
3328 3705 3358 3756 6
3413 3704 3564 3774 ἡλιος

1955 3797 2053 3860 τὰς
2086 3797 2237 3867 ὥρας
2283 3797 2381 3866 τῆς
2411 3794 2645 3865 ἡμέρας,
2695 3793 2840 3846 οὕτω
2889 3794 3043 3863 καὶὴ
3093 3792 3292 3864 σελήνη
3325 3793 3425 3856 τὰς
3463 3793 3565 3862 τῆς

1956 3890 2154 3952 νυκτὸς
2177 3887 2476 3951 κανονίζει,
2503 3887 2598 3939 καὶ
2627 3885 2831 3956 πολλὴν
2863 3885 3058 3955 ἑτέραν
3090 3887 3282 3958 χρείαν
3307 3885 3563 3957 παρέχει,

1957 3983 2054 4036 καὶ
2097 3982 2260 4052 ἀέρος
2302 3979 2572 4051 εὔκρατον
2609 3979 2788 4051 χύσιν,
2819 3980 2915 4032 καὶ
2944 3978 3141 4050 δρόσου
3177 3979 3392 4047 γένεσιν
3425 3978 3564 4047 πρὸς

1953 4075 2054 4145 τὴν
2083 4074 2189 4126 τῶν
2231 4072 2566 4143 σπερμάτων
2597 4071 2861 4143 βλάστην,
2891 4071 2986 4124 καὶ
3016 4069 3218 4142 πολλὴν
3241 4069 3453 4133 οἴκοθεν
3480 4071 3562 4134 είς

1953 4169 2051 4239 τὴν
2083 4168 2344 4221 σύστασιν
2376 4166 2486 4219 τῶν
2516 4165 2822 4236 ἀνθρώπων
2871 4163 3226 4236 παρεχομένη
3272 4163 3371 4235 τὴν
3416 4165 3560 4234 ὠφέ-

1955 4262 2126 4326 λειαν,
2162 4261 2259 4314 καὶ
2294 4260 2437 4332 μέση
2487 4259 2582 4312 τοῦ
2638 4258 2802 4330 χοροῦ
2847 4258 2959 4312 τῶν
3013 4259 3266 4330 ἀστέρων
3312 4259 3409 4312 καὶ
3461 4260 3562 4330 τῆς

1955 4354 2188 4428 ἡλιακῆς
2245 4352 2510 4424 ἱσταμένη
2555 4351 2939 4421 λαμπηδόνος·
2987 4350 3081 4404 τοῦ
3122 4353 3220 4422 μὲν
3255 4352 3364 4422 γάρ
3413 4353 3562 4404 ἐστιν

1954 4447 2218 4510 ἐλάττων,
2248 4444 2359 4498 τῶν
2391 4443 2448 4496 δὲ
2493 4442 2735 4514 ἀμείνων
2765 4443 2861 4496 καὶ
2899 4442 3084 4513 πολλῷ
3121 4441 3347 4514 μείζων.
3373 4444 3447 4496 Οὐ
3481 4463 3563 4514 μι-

1955 4541 2065 4613 κρά
2085 4541 2143 4594 δὲ
2183 4541 2277 4594 καὶ
2313 4543 2378 4595 ἐκ
2412 4540 2512 4611 τῆς
2542 4538 2820 4601 ποικιλίας
2848 4536 3054 4609 ταύτης
3085 4538 3250 4608 ἡδονὴ
3283 4541 3399 4600 τοῖς
3431 4536 3560 4589 θεα-

1953 4635 2074 4694 ταῖς
2109 4631 2203 4683 καὶ
2229 4630 2411 4701 χρεία,
2445 4629 2636 4700 ὥσπερ
2668 4629 2789 4682 οὐδὲ
2816 4628 3059 4698 τυχοῦσα
3097 4631 3130 4700 ή
3163 4629 3353 4699 ὄνησις
3390 4630 3421 4699 ἡ
3453 4629 3562 4682 ἀπὸ

1949 4721 2059 4775 τῶν
2088 4721 2319 4792 καιρῶν,
2350 4722 2382 4792 ἡ
2413 4721 2522 4774 ἀπὸ
2548 4721 2659 4773 τῶν
2703 4719 2886 4791 ὡρῶν,
2924 4721 2958 4789 ἡ
2986 4718 3097 4771 ἀπὸ
3126 4719 3217 4773 τοῦ
3259 4720 3485 4790 μέτρου,
3525 4721 3561 4792 ἡ

1951 4813 2060 4868 ἀπὸ
2090 4813 2183 4867 τοῦ
2241 4813 2504 4885 μεγέθους
2539 4815 2634 4866 καὶ
2667 4815 2767 4883 τῆς
2818 4810 3188 4883 βραχύτητος,
3230 4817 3264 4883 ἡ
3305 4813 3416 4866 ἀπὸ
3457 4813 3561 4882 τῆς

1948 4905 2218 4977 διαφορᾶς
2250 4905 2350 4974 τῆς
2393 4905 2604 4972 ἀφάτου
2626 4923 2637 4934 ο
2673 4905 2765 4957 τὸν
2807 4905 2907 4974 μὲν
2940 4904 3048 4976 γάρ
3096 4905 3310 4956 ἐλάττω
3333 4946 3346 4970 ,
3383 4905 3472 4957 τὸν
3502 4905 3561 4957 δέ

1954 5001 2126 5070 μείζω
2161 5002 2256 5054 καὶ
2288 5001 2644 5071 φαιδρότερον
2683 4999 2830 5052 ἔστιν
2868 5000 3019 5066 ἰδεῖν,
3056 5001 3151 5051 καὶ
3189 4999 3331 5052 κατά
3373 4999 3561 5068 διαφό-

1955 5110 2082 5164 ρους
2108 5093 2335 5162 καιροὺς
2362 5092 2728 5163 φαινομένους
2752 5091 2933 5145 αὐτῶν
2961 5109 3138 5155 τινας.
3172 5092 3237 5144 Ἠ
3267 5092 3374 5162 γὰρ
3403 5108 3561 5162 περι-

1950 5186 2108 5238 ουσία
2156 5187 2255 5256 τῆς
2286 5186 2600 5256 εὐμηχάνου
2635 5186 2830 5254 σοφίας
2881 5185 3084 5258 πολλὴν
3134 5187 3414 5255 πανταχοῦ
3459 5186 3558 5254 τὴν

1949 5277 2226 5330 ποικιλίαν
2275 5277 2607 5348 ἐργάζεται,
2657 5277 2794 5347 ὁμοῦ
2842 5278 2940 5347 μὲν
2990 5279 3087 5349 τῆς
3150 5280 3362 5339 οἰκείας
3429 5278 3558 5330 θαυ·

1950 5370 2292 5442 ματουργίας
2322 5369 2420 5440 τὴν
2459 5370 2734 5436 ἀπόδειξιν
2757 5371 3363 5442 ἐπιδεικνυμένῳ-ὁμοῦ
3387 5371 3444 5425 δὲ
3464 5372 3558 5424 καὶ

1946 5461 2046 5530 τῆς
2078 5459 2187 5512 τῶν
2217 5459 2472 5532 ὁρώντων
2500 5461 2803 5530 προνοοῦσα
2848 5463 3059 5534 χρείας,
3093 5465 3191 5516 καὶ
3231 5463 3436 5532 πολλὴν
3462 5461 3557 5517 καὶ

1947 5553 2155 5621 ἄφατον
2193 5551 2290 5621 τὴν
2326 5551 2596 5620 ὠφέλειαν
2625 5553 3004 5625 παρεχομένη,
3038 5556 3132 5608 καὶ
3167 5554 3308 5625 μετά
3347 5554 3555 5606 τούτων

1949 5646 2205 5698 ἁπάντων
2238 5647 2330 5698 καὶ
2353 5645 2452 5716 τὴν
2488 5645 2702 5716 ἡδονήν.
2730 5648 2773 5700 Τ
2781 5648 2795 5701 ί
2839 5647 2947 5720 γὰρ
2987 5650 3352 5722 τερπνότερον
3389 5648 3556 5721 οὑραο

2011 5849 2039 5886 b
2059 5849 2157 5898 Alii
2177 5848 2458 5911 πνευμάτων
2480 5849 2655 5914 ἀγρίων
2677 5857 2814 5916 φορᾷ.
