4050 6428
523 291 629 347 493

518 406 634 469 νοῦ,
661 404 756 458 νῦν
788 405 887 476 μὲν
916 407 991 471 ὡς
1027 406 1260 473 σινδόνος
1283 409 1531 482 καθαρᾶς
1564 413 1656 465 καὶ
1677 411 1930 480 διαυγοῦς
1958 411 2097 481 ὐπέρ

518 494 765 564 κεφαλῆς
792 494 1138 567 ήπλωμένου,
1155 496 1252 551 νῦν
1277 498 1335 551 δὲ
1363 499 1440 563 ὼς
1472 499 1738 570 λειμῶνος
1765 500 2099 563 πολυανθοῧς

518 581 953 652 ποικιλλομένου,
999 584 1096 638 καὶ
1134 584 1226 639 τὸν
1270 586 1435 640 αὐτοῦ
1480 587 1759 655 φαίνοντος
1793 588 2096 657 στέφανον;

516 670 652 724 Οὐδὲ
678 671 788 742 γὰρ
811 670 986 737 οὕτως
1021 673 1121 745 ἡδὺ
1148 673 1392 746 λειμῶνα
1424 675 1551 729 ἰδεῖν
1569 677 1626 728 ἐν
1661 676 1865 747 ἡμέρᾳ,
1893 676 1969 740 ὡς
1998 677 2096 749 ήδύ

517 758 611 810 καὶ
636 758 866 827 τερπνὸν
888 760 1116 830 οὐρανὸν
1137 760 1265 814 ἰδεῖν
1285 762 1345 814 ἐν
1368 763 1522 815 νυκτὶ
1547 780 1637 833 μι.⁸
1663 779 1760 826 ,οις
1781 762 1965 817 ἄνθεσι
1982 767 2097 829 τοῖς

513 845 625 899 τῶν
675 847 922 921 ἀστέρων
971 850 1307 920 πανταχόθεν
1352 851 1836 923 κατεστεμμένον,
1877 852 2094 907 ἄνθεσιν

513 932 771 989 οὐδέποτε
797 936 1233 1008 μαραινομένοις,
1253 936 1368 990 ἀλλ’
1390 937 1691 1009 ἀκραιφνὲς
1711 938 1797 991 ἀεὶ
1818 939 1879 993 τὸ
1896 940 2095 993 οἰκεῖον

514 1020 712 1086 κάλλος
745 1022 1225 1095 ἐπιδεικνυμένοις.
1256 1024 1321 1078 Τί
1366 1024 1423 1079 δὲ
1455 1025 1619 1079 αὑτοῦ
1658 1024 1935 1099 ήδύτερον,
1963 1027 2093 1080 ὅταν

511 1109 612 1179 τῆς
643 1108 835 1173 νυκτὸς
867 1109 1229 1181 ἀπελθούσης,
1259 1110 1354 1165 καὶ
1381 1111 1605 1183 μηδέπω
1635 1113 1733 1184 τῆς
1754 1113 1971 1178 ἀκτῖνος
2000 1113 2093 1167 άν-

515 1194 791 1267 ισχούσης,
825 1195 1075 1269 καθάπερ
1103 1198 1367 1270 κροκωτῷ
1398 1216 1502 1253 τινι
1533 1200 1723 1272 πέπλῳ
1761 1204 1874 1265 τοῖς
1904 1217 2091 1273 προοι-

513 1282 658 1353 μίοις
693 1283 797 1354 τῆς
836 1284 1102 1354 ἀνατολῆς
1130 1284 1223 1339 τοῦ
1258 1284 1409 1356 ἡλίου
1441 1288 1850 1359 φοινισσόμενος
1882 1288 2092 1342 καλλω-

509 1368 769 1442 πίζηταις
797 1372 852 1425 τί
881 1373 937 1426 δὲ
977 1372 1129 1444 ἡλίου
1174 1363 1371 1443 γένοιτ’
1417 1373 1484 1427 ἂν
1529 1375 1861 1449 ὡραιότερον
1909 1374 2091 1447 θέαμα

509 1457 819 1530 ἀνίσχοντος
850 1460 954 1515 ὐπὸ
981 1461 1079 1531 τὴν
1107 1462 1200 1527 ἕω,
1236 1464 1329 1517 καὶ
1362 1465 1534 1536 μικρᾷ
1572 1463 1765 1535 καιροῦ
1800 1464 1940 1536 ῥοπῇ
1984 1465 2088 1517 πᾶ-

510 1562 612 1600 σαν
644 1548 743 1619 μὲν
780 1548 905 1619 γῆν,
937 1552 1115 1611 πᾶσαν
1143 1550 1201 1605 δέ
1248 1551 1546 1618 θάλασσαν,
1588 1555 1697 1609 πᾶν
1732 1554 1789 1608 δὲ
1830 1553 1957 1625 δρος
1993 1556 2088 1607 καί

508 1634 688 1699 νάπας
710 1637 804 1690 καὶ
830 1636 1070 1707 βουνοὺς,
1096 1639 1274 1694 πάντα
1305 1640 1362 1695 δὲ
1391 1641 1621 1713 οὐρανὸν
1655 1645 1777 1707 ταῖς
1798 1643 1907 1698 τῶν
1930 1644 2088 1700 ἀκτίι-

507 1739 615 1776 νων
647 1725 1093 1798 καταλάμποντος
1125 1729 1329 1799 βολαῖς,
1364 1730 1457 1784 καὶ
1487 1730 1592 1802 τῆς
1623 1732 1818 1796 νυκτὸς
1844 1732 1906 1786 τὺ
1931 1750 2088 1803 περι-

506 1808 722 1866 ϐόλαιον
762 1812 1235 1891 ἀπαμφιεννύντος
1278 1816 1386 1870 τῶν
1414 1816 1739 1889 ὁρωμένων,
1774 1820 1871 1873 καὶ
1903 1821 2087 1891 γυμνά

504 1896 687 1952 πάντα
725 1900 834 1971 πρὸ
863 1888 972 1955 τῶν
1002 1901 1296 1974 ὀφθαλμῶν
1326 1888 1633 1968 δεικνύντος
1659 1907 1827 1977 mm;
1864 1888 1991 1972 Πῶς
2017 1907 2085 1963 ἀν

503 1998 589 2049 τις
609 1985 777 2041 αὐτοῦ
802 1986 1103 2059 ἐκπλαγείη
1129 1990 1259 2054 τούς·
1279 1988 1531 2061 δρόμους,
1552 1992 1651 2063 τὴν
1678 1992 1953 2060 εὐταξίαν,
1982 1994 2084 2069 τὴν

504 2073 567 2125 ἐν
593 2072 885 2138 τοσαύταις
909 2075 1046 2131 ἐτῶν
1069 2077 1337 2149 περιόδοις
1358 2077 1778 2151 ἀπαράλλακτον
1800 2082 1894 2136 καὶ
1915 2084 2083 2154 ἀνεμ-

506 2159 756 2221 πόδιστον
803 2162 1112 2229 διακονίαν,
1150 2153 1213 2217 τὸ
1258 2164 1455 2230 κάλλος
1499 2167 1666 2221 αὐτοῦ
1714 2168 1777 2223 τὸ
1819 2153 2082 2241 διηνεκῶς

504 2249 783 2319 ἀκμάζον,
810 2250 911 2322 τὴν
942 2251 1297 2324 λαμπηδόνα,
1328 2254 1427 2326 τὴν
1460 2255 1821 2327 φαιδρότητα,
1850 2256 1947 2329 τὴν
1981 2276 2082 2314 κα*

505 2336 803 2411 θαρότητα,
825 2338 924 2412 τὴν
946 2339 1221 2404 τοσούτοις
1244 2340 1542 2412 ὁμιλοῦσαν
1569 2342 1807 2415 σώμασι,
1839 2345 1934 2399 καὶ
1970 2363 2079 2418 μη·

502 2424 682 2496 δαμοῦ
704 2426 1107 2499 μολυνομένην;
1134 2428 1280 2501 Πρὸς
1306 2428 1364 2483 δέ
1389 2429 1621 2496 τούτοις,
1642 2431 1952 2505 τὴν.χρείαν
1981 2433 2079 2506 τὴν

502 2512 733 2585 ἄφατον,
768 2514 867 2588 τὴν
892 2516 950 2569 ἐν
971 2506 1272 2589 σπέρμασι,
1302 2517 1401 2589 τὴν
1436 2519 1496 2573 ἐν
1526 2522 1735 2587 φυτοῖς,
1755 2522 1850 2582 καὶ
1881 2523 1938 2575 ἐν
1970 2521 2079 2576 σώ-

506 2620 678 2671 μασιν
694 2600 1017 2672 ἀνθρώπων,
1040 2604 1406 2681 τετραπόδων,
1434 2606 1654 2687 ἰχθύων,
1672 2608 1870 2687 ἀέρων,
1891 2608 2077 2674 λίθων,

505 2688 766 2757 βοτανῶν,
804 2688 905 2765 τὴν
942 2692 1001 2747 ἐν
1024 2694 1123 2763 γῇ,
1158 2692 1259 2765 τὴν
1305 2692 1364 2747 έν
1388 2693 1653 2768 Θαλάσσῃ,
1694 2695 1792 2773 τὴν
1838 2699 1897 2751 ἐν
1931 2698 2076 2771 ἀέρι,

502 2778 605 2852 τὴν
650 2778 711 2834 ἐν
755 2779 920 2833 πᾶσιν
963 2778 1147 2844 ἀπλῶς
1192 2781 1304 2845 τοῖς
1350 2781 1682 2853 ὁρωμένοιςς
1732 2782 1916 2839 Πάντα
1967 2787 2080 2859 γάρ

502 2865 669 2923 αὐτοῦ
701 2866 871 2926 δεῖται
908 2867 1003 2945 καὶ
1050 2868 1322 2931 ἀπολαύει
1364 2870 1465 2941 τῆς
1495 2871 1704 2943 χρείας,
1746 2874 1839 2926 καὶ⁵
1871 2875 2080 2946 ἀμείνω

506 2953 712 3022 γίνεται
742 2953 945 3026 ταύτης
974 2956 1292 3028 μετέχοντα.
1314 2958 1382 3015 οὐ.
1398 2957 1629 3030 σώματα
1659 2960 1715 3014 δὲ
1749 2960 1939 3033 μόνον,
1960 2963 2080 3025 οὐδὲ

503 3041 667 3110 φυτά,
695 3042 831 3105 ἀλλά
879 3043 971 3105 καὶ
1004 3042 1195 3107 ὕδατα,
1238 3048 1333 3101 καὶ
1365 3046 1574 3116 λίμναι,
1618 3049 1713 3103 καὶ
1756 3036 1953 3120 πηγαὶ,
1984 3052 2081 3106 καὶ

510 3130 768 3201 ποταμοὶ,
793 3131 887 3185 καὶ
920 3132 1059 3204 αὐτὴ
1088 3131 1183 3191 τοῦ
1218 3132 1380 3204 ἀέρος
1421 3134 1455 3205 ή
1499 3134 1662 3204 φύσις
1705 3134 2080 3210 λεπτυνομένη

508 3216 597 3271 καὶ
640 3217 1012 3295 καθαιρομένη
1048 3218 1143 3279 καὶ
1178 3218 1511 3290 διειδεστέρα
1555 3221 1836 3295 γινομένη.
1882 3223 1980 3281 Διά
2012 3223 2077 3294 δή

505 3297 660 3361 τοῦτο
690 3301 780 3361 καὶ
810 3294 839 3355 ό
868 3301 1156 3373 ψαλμῳδρς
1192 3303 1247 3356 τὸ
1270 3300 1467 3364 κάλλος
1494 3294 1659 3356 αὐτοῦ
1686 3303 2079 3375 παραδηλῶσαι

506 3383 869 3455 βουλόμενος,
902 3384 963 3438 τὺ
1001 3384 1265 3457 διηνεκῶς
1302 3385 1559 3459 φαιδρὸν,
1594 3385 1692 3457 τὴν
1726 3388 2080 3457 ἀκμάζουσαν

504 3466 675 3540 ὥραν,
708 3467 769 3521 τὸ
806 3468 1074 3545 μηδέποτε
1106 3467 1396 3524 διαπῖπτον
1436 3468 1618 3532 ἀνθος,
1664 3468 1817 3545 [479Ῑ
1855 3474 1957 3543 τὴν
1983 3474 2078 3527 εὐ-

504 3550 774 3623 πρέπειαν
796 3593 812 3617 ,
848 3541 949 3622 τὴν
996 3551 1324 3623 εὐμορφίαν,
1344 3551 1457 3623 τὴν
1490 3541 1933 3621 ἀπαραπόδιστον
1965 3556 2081 3610 διας

506 3632 711 3709 κονίάν,
737 3634 881 3689 οὓτω
911 3652 1027 3699 πως
1073 3634 1289 3703 ἔλεγεν·
1335 3634 1440 3689 Ἐγ
1483 3634 1564 3701 τῷ
1608 3636 1762 3704 ἡλίῳ
1802 3636 1970 3693 ἔθετο
2014 3639 2081 3693 τὸ

503 3717 794 3788 σκήνωμα
828 3718 1035 3780 αὐτοῦ,
1070 3717 1217 3771 τοῦτ’
1243 3718 1411 3783 ἔστιν,
1447 3719 1506 3771 ἐν
1538 3720 1725 3784 αὐτοῖς
1762 3722 1876 3785 τοῖς
1916 3720 2082 3794 οὐρα..

504 3805 643 3867 νοῖς·
671 3803 850 3865 τοῦτο,
883 3803 1149 3873 σκήνωμα
1188 3800 1325 3863 Θεοῦ
1368 3802 1567 3873 λέγων,
1608 3805 1934 3859 αἰνίττεται.
1974 3807 2083 3860 Καὶ

504 3886 689 3953 αὐτὸς
714 3886 794 3953 ὡς
816 3886 1075 3955 νυμφίος
1111 3884 1589 3955 ἐκπορευόμενος
1612 3887 1687 3941 ἐκ
1705 3889 1945 3943 παστοῦ
1974 3891 2083 3943 αὐ-

506 3969 633 4024 τοῦ.
668 3966 803 4024 Εἶτα
824 3969 919 4023 καὶ
948 3969 1009 4022 τὸ
1040 3967 1261 4022 εὔκολον
1287 3969 1387 4040 τῆς
1413 3969 1689 4035 διακονίας
1716 3972 1882 4033 αὐτοῦ
1907 3972 2084 4044 δηλῶν

507 4053 807 4122 ἐπήγαγεν,
861 4050 1307 4120 Ἀγαλλιὰοέται
1346 4054 1428 4120 ὡς
1460 4054 1631 4124 γίγας
1663 4054 1911 4125 δραμεῖν
1938 4056 2084 4113 ὁδὸν

505 4136 711 4192 αὐτοῦ.
747 4132 880 4191 Εἶτα
916 4135 978 4189 τὸ
1003 4136 1225 4207 διαρκὲς
1254 4138 1349 4191 καὶ
1385 4138 1645 4209 ἀποχρῶν
1682 4141 1747 4209 τῇ
1788 4140 2085 4219 οίκουμένῃ

505 4222 677 4293 πάσῃ,
725 4221 841 4278 Ἀπ’
882 4220 1071 4289 ἄκρου
1107 4222 1215 4281 τοῦ
1248 4222 1508 4289 οὐρανοῦ
1548 4224 1587 4290 ἠ
1618 4222 1830 4290 ἔξοδος
1872 4226 2080 4293 αὑτοῦ,

506 4307 605 4359 καὶ
632 4304 699 4359 τὸ
724 4304 1071 4375 κατάντημα
1092 4304 1279 4360 αὑτοῦ
1308 4305 1418 4371 ἕως
1450 4305 1639 4373 ἄκρου
1665 4306 1771 4361 τοῦ
1796 4308 2080 4375 οὐρανοῦ.

507 4384 643 4442 Εἶτα
671 4387 732 4440 τὸ
751 4388 1067 4458 πᾶσι“χρήσι
1077 4404 1175 4457 μον
1195 4388 1290 4441 καὶ
1314 4386 1611 4457 ὠφέλιμον,
1634 4389 1746 4443 Καὶ
1772 4393 1882 4445 οὐκ
1910 4391 2083 4449 ἔστιν

507 4472 577 4538 ὃς
607 4469 1090 4539 ἀποκρυόήονεται
1136 4470 1247 4539 τῆς
1284 4470 1508 4540 θέρμης
1554 4473 1762 4527 αὐτοῦ.
1812 4473 2081 4541 Ἔξεστιν,

506 4558 557 4609 εί
584 4554 658 4625 μὴ
678 4554 987 4624 ἀπέκαμες,
1032 4554 1221 4624 μαθεῖν
1247 4555 1408 4609 αὐτοῦ
1430 4555 1529 4626 τὴν
1559 4555 1816 4627 πρόνοιαν
1842 4558 1937 4613 καὶ
1965 4560 2083 4614 ἐτέν

508 4640 684 4711 ρωθεν
708 4653 721 4668 '
769 4638 876 4692 ἀπὸ
922 4638 1031 4691 τῶν
1061 4639 1261 4707 νεφῶν,
1305 4640 1411 4692 ἀπὸ
1445 4638 1552 4693 τῶν
1590 4640 1749 4710 ὡρῶν
1772 4682 1786 4706 ,
1826 4642 1935 4696 ἀπὸ
1973 4644 2085 4697 τῶν

504 4721 743 4786 τροπῶν,
766 4720 875 4774 ἀπὸ
904 4720 1010 4774 τῶν
1034 4721 1271 4791 ἀνέμων,
1300 4721 1409 4775 ἀπὸ
1434 4722 1535 4790 τῆς
1564 4720 1837 4795 θαλάσσης
1859 4725 2085 4779 καὶτῶν

508 4812 566 4863 ἐν
588 4808 726 4878 αὐτῇ
749 4805 1009 4859 ποικίλων
1032 4805 1225 4874 γενῶν,
1243 4806 1352 4858 ἀπὸ
1371 4806 1468 4876 τῆς
1489 4807 1592 4876 γῆς
1622 4808 1715 4860 καὶ
1738 4808 1847 4863 τῶν
1868 4812 1926 4863 ἐν
1947 4810 2083 4882 αὐτῇ

504 4892 872 4962 τετραπόδων,
914 4888 1184 4959 ἑρπετῶν,
1220 4890 1439 4959 πτηνῶν
1472 4889 1585 4942 τῶν.
1614 4892 1949 4965 ἀεροπόρων,
1976 4896 2087 4955 τῶν

504 4974 796 5045 χερσαίων,
820 4972 927 5025 ἀπὸ
951 4974 1059 5027 τῶν
1088 4974 1365 5045 ἀμφιϐίων
1394 4973 1503 5028 τῶν
1526 4978 1584 5029 ἐν
1606 4976 1824 5047 λίμναις
1856 4980 1950 5034 καὶ
1978 4998 2086 5052 πη-

506 5060 632 5125 γαῖς
665 5057 757 5111 καὶ
797 5059 1090 5126 ποταμοῖς,
1129 5058 1238 5111 ἀπὸ
1277 5059 1377 5129 τῆς
1427 5060 1793 5133 οἰκουμένης,
1833 5064 1944 5117 ἀπὸ
1988 5066 2087 5136 τῆς

504 5140 787 5209 ἀοικήτου,
830 5138 939 5192 ἀπὸ
984 5140 1093 5193 τῶν
1124 5141 1407 5211 φυομένων
1438 5144 1791 5213 σπερμάτων,
1831 5146 2085 5218 δένδρων,

508 5222 772 5293 βοτανῶν,
809 5222 993 5292 φυτῶν
1020 5224 1077 5275 ἐν
1122 5226 1245 5287 ταῖς
1282 5225 1529 5297 ἐρήμοις,
1570 5229 1629 5279 ὲν
1658 5231 1779 5291 ταῖς
1816 5230 1916 5281 οὐκ
1959 5232 2089 5302 ἐρή-

509 5323 651 5375 μοις,
674 5306 784 5360 ἀπὺ
806 5305 916 5360 τῶν
946 5306 1351 5375 βλαστανόντων
1376 5310 1434 5359 ἐν
1463 5310 1686 5375 πεδίοις,
1713 5312 1772 5365 ἐν
1794 5312 2085 5382 φάραγξιν,

506 5390 565 5442 ἐν
598 5390 798 5459 ὄρεσιν,
825 5390 885 5443 ἐν
912 5392 1133 5455 νάπαις,
1160 5391 1268 5443 ἀπὸ
1289 5391 1399 5444 τῶν
1424 5394 1747 5463 αὐτομάτως
1778 5398 2086 5465 φυομένων,

506 5473 617 5526 ἀπὸ
657 5471 765 5525 τῶν
797 5474 934 5543 μετά
974 5474 1137 5528 πόνου
1168 5474 1265 5528 καὶ
1305 5476 1597 5546 γεωργίας,
1644 5479 1752 5531 ἀπὸ
1797 5480 1907 5533 τῶν
1936 5481 2090 5545 ζώων

511 5558 618 5609 τῶν
644 5558 887 5629 ήμέρων,
919 5561 1026 5612 τῶν
1047 5561 1359 5632 ἀνημέρων,
1386 5560 1494 5613 τῶν
1522 5562 1748 5632 ἀγρίων,
1780 5563 1890 5617 τῶν
1913 5582 2093 5637 χειρο-

512 5641 678 5710 ήθων,
714 5641 820 5696 τῶν
852 5645 1085 5714 μικρῶν,
1128 5645 1235 5698 τῶν
1276 5644 1551 5715 μεγάλων.
1588 5647 1698 5699 ἀπὸ
1734 5647 1842 5701 τῶν
1876 5648 1934 5701 ἐν
1987 5667 2093 5719 χει-

510 5722 675 5795 μῶνι,
715 5724 821 5781 τῶν
868 5727 923 5781 ἐν
961 5727 1127 5799 θέρει,
1169 5728 1271 5782 τῶν
1316 5729 1373 5784 ὲν
1417 5728 1719 5800 μετοπώρῳ
1750 5731 2090 5803 φαινομένων

1255 296 1311 350 S.
1348 292 1634 352 JOANNIS
1671 250 2153 353 (ΖΙΠΠέΟΞΤΟΜΙ
2198 291 2513 348 ARCHIEI‘.
2565 287 3116 347 CONSTANTINOP.

3706 289 3810 339 £94

2207 408 2433 480 ὀρνίθων
2461 407 2554 461 καὶ
2581 409 2951 480 τετραπόδων,
2980 406 3071 461 καὶ
3101 403 3323 475 ἰχθύων,
3348 403 3445 456 καὶ
3476 400 3689 471 φυτῶν,
3715 400 3809 453 καὶ

2207 490 2479 561 βοτανῶν,
2512 489 2623 544 ἀπὸ
2643 490 2751 543 τῶν
2794 494 2853 544 ἐν
2886 490 3044 544 νυκτὶ
3076 486 3379 559 γινομένων
3399 525 3414 549 ,
3452 485 3565 538 ἀπὸ
3595 483 3712 537 τῶν
3749 484 3811 537 ἐν

2204 572 2409 645 ἡμέρα,
2431 574 2541 626 ἀπὸ
2562 574 2669 626 τῶν
2689 573 2884 635 ὑετῶν,
2903 572 3011 626 ἀπὸ
3033 571 3126 625 τοῦ
3153 570 3353 642 μέτρου
3371 568 3483 622 τῶν
3507 566 3804 626 ἐνιαυτῶν,

2203 654 2312 708 ἀπὸ
2338 654 2591 720 θανάτου,
2622 656 2731 708 ἀπὸ
2777 656 2924 727 ζωῆς
2944 694 2960 719 ,
2990 654 3098 707 ἀπὸ
3125 653 3221 707 τοῦ
3267 652 3429 706 πόνου
3468 650 3567 704 τοῦ
3600 666 3809 717 συγκε-

2203 737 2560 810 κληρωμένου
2603 739 2760 808 ἡμῖν,
2807 737 2917 791 ἀπὸ
2945 736 3204 808 ἀθυμίας,
3238 735 3347 790 ἀπὸ
3382 734 3664 797 ἀνέσεως,
3696 733 3808 786 ἀπὺ

2204 822 2367 878 σίτων
2400 822 2496 875 καὶ
2523 820 2707 875 ποτῶν
2736 820 2845 874 τῶν
2869 820 3171 891 δεδομένων
3200 821 3357 889 ἡμῖν,
3388 818 3498 873 ἀπὸ
3528 818 3643 871 τῶν
3676 820 3806 869 ἐπιο

2200 903 2581 975 ῖηδευμάτων,
2629 903 2738 957 ἀπὸ
2775 902 3015 974 τεχνῶν,
3058 902 3168 956 ἀπὸ
3197 900 3406 968 ξύλων,
3454 901 3567 955 ἀπὺ
3609 899 3802 959 λίθων.

2200 988 2310 1042 ἀπὸ
2336 986 2446 1042 τῶν
2477 986 2622 1059 όρῶν
2657 986 2767 1041 τῶν
2815 984 3176 1058 μεταλλικῶν,
3205 985 3316 1039 ἀπὸ
3344 985 3445 1056 τῆς
3484 982 3803 1054 πλεομένης

2200 1069 2491 1142 θαλάττης,
2520 1070 2632 1124 ἀπὸ
2663 1070 2763 1142 τῆς
2808 1067 3094 1130 ἀπλώτου,
3133 1066 3243 1122 ἀπὸ
3270 1065 3382 1121 τῶν
3412 1068 3601 1137 νήσων
3620 1108 3635 1131 ,
3691 1064 3803 1119 ἀπὸ

2197 1152 2306 1209 τῶν
2332 1154 2543 1227 ὅρμων,
2573 1152 2682 1207 ἀπὸ
2704 1151 2815 1207 τῶν
2838 1150 3043 1217 ἀκτῶν,
3081 1150 3191 1204 ἀπὸ
3216 1149 3318 1220 τῆς
3346 1150 3684 1220 ἐπιφανείας
3708 1146 3799 1202 τοῦ

2200 1236 2492 1305 πελάγους,
2532 1236 2642 1289 ἀπὺ
2681 1234 2774 1290 τοῦ
2811 1233 3009 1306 βάθους
3032 1232 3142 1286 τῶν
3167 1232 3397 1297 ὑδάτων,
3421 1232 3533 1288 ἀπὸ
3566 1232 3673 1303 τῆς
3704 1229 3800 1301 φύ-

2199 1336 2337 1385 σεως
2360 1320 2470 1375 τῶν
2502 1320 2805 1391 στοιχείων,
2831 1318 2926 1389 ἀφ’
2960 1311 3035 1371 ὧν
3067 1316 3329 1388 ὁκκόσμος
3355 1319 3490 1388 ἡμῖν
3530 1316 3797 1385 συνέστη-

2197 1418 2317 1467 κεν,
2348 1402 2459 1467 ἀπὸ
2491 1403 2592 1474 τῆς
2618 1400 2919 1467 διατάξεως
2942 1399 3052 1454 τῶν
3081 1398 3313 1471 καιρῶν,
3338 1399 3447 1454 ἀπὸ
3471 1400 3578 1471 τῆς
3600 1399 3795 1468 διαφο-

2199 1488 2300 1559 ρᾶς
2346 1484 2442 1541 τοῦ
2494 1486 2696 1559 μέτρου
2740 1486 2838 1557 τῆς
2874 1484 3092 1557 ἡμέρας
3137 1485 3230 1538 καὶ
3256 1484 3359 1556 τῆς
3406 1482 3647 1549 νυκτός,
3686 1479 3796 1536 ἀπὸ

2193 1560 2351 1623 νόσου
2381 1569 2476 1624 καὶ
2504 1569 2749 1639 ὑγιείας,
2782 1568 2891 1624 ἀπὸ
2928 1568 3041 1623 τῶν
3097 1567 3276 1640 μελῶν
3319 1567 3430 1622 τῶν
3462 1566 3791 1639 ἡμετέρων,

2194 1652 2301 1706 ἀπὸ
2324 1652 2433 1723 τῆς
2455 1652 2808 1723 κατασκευῆς
2842 1652 2939 1723 τῆς
2971 1651 3170 1725 ψυχῆς,
3192 1650 3300 1706 ἀπὸ
3326 1651 3436 1706 τῶν
3459 1648 3674 1722 τεχνῶν
3698 1648 3792 1703 καὶ

2192 1736 2293 1808 τῆς
2351 1735 2545 1806 σοφίας
2580 1736 2682 1807 τῆς
2725 1736 2784 1790 ἐν
2832 1735 3026 1799 αὐταῖς
3068 1735 3512 1812 παρασχεθείσης
3563 1733 3647 1805 τῷ
3681 1733 3793 1787 τῶν

2192 1817 2498 1890 ἀνθρώπων
2528 1818 2709 1887 γένει,
2744 1817 2853 1872 ἀπὸ
2884 1818 2986 1887 τῆς
3025 1818 3215 1890 χρείας
3250 1817 3362 1872 τῶν
3400 1816 3790 1890 ὑπηρετουμέ-

2190 1919 2295 1955 νων
2322 1901 2457 1973 ήμτν
2494 1900 2710 1970 ἀλόγων
2741 1902 2837 1955 καὶ
2867 1900 3052 1971 φυτῶν
3078 1902 3174 1957 καὶ
3205 1902 3410 1974 ἐτέρων
3439 1901 3787 1971 κτισμάτων,

2190 1983 2297 2038 ἀπὸ
2321 1983 2430 2038 τῶν
2454 1984 2799 2055 μικροτάτων
2827 1985 2922 2040 καὶ
2948 1985 3348 2041 εὐτελεστάτων
3375 1983 3556 2052 ζώων.
3578 1985 3649 2038 Τί
3679 1983 3790 2055 γάρ

2192 2066 2449 2139 μελίττης
2489 2066 2827 2141 βραχύτερον
2860 2068 2955 2122 καὶ
2988 2070 3429 2143 είδεχθέστερον;
3462 2069 3519 2122 τί
3550 2068 3611 2123 δὲ
3647 2085 3789 2140 μυρ-

2183 2140 2383 2223 μήκων
2416 2151 2512 2204 καὶ
2548 2140 2815 2219 τεττίγων
2862 2140 3465 2225 εὐτελέστερον;”Αλλν
3500 2154 3657 2224 ὅμως
3696 2144 3789 2206 καί

2187 2230 2359 2282 ταῦτα
2401 2227 2666 2301 λαμπράν
2711 2230 2907 2300 ἀφίησι
2952 2231 3135 2303 φωνὴν
3179 2232 3322 2302 ὑπὲρ
3378 2235 3481 2304 τῆς
3519 2231 3618 2285 τοῦ
3648 2231 3786 2284 Θεοῦ

2187 2311 2443 2384 προνοίας
2473 2314 2570 2365 καὶ
2602 2311 2889 2382 δυνάμεως
2926 2315 3021 2368 καὶ
3057 2315 3268 2382 σοφίας.
3300 2314 3400 2369 Διά
3432 2313 3598 2368 τοῦτο
3635 2314 3731 2368 καὶ
3760 2316 3789 2367 ὁ

2186 2395 2498 2466 προφήτης,
2530 2396 2560 2448 ὁ
2601 2395 2858 2448 τοσούτου
2885 2396 3204 2469 Πνεύματος
3250 2398 3578 2469 ἠξιωμένος,
3610 2395 3787 2450 ἐπιὼν

2184 2478 2285 2549 τῆς
2322 2477 2552 2542 κτίσεως
2583 2477 2645 2532 τὸ
2698 2479 2892 2551 σῶμα,
2926 2480 3023 2535 καὶ
3074 2481 3231 2551 ὀλίγα
3281 2483 3421 2538 άττα
3464 2481 3781 2548 διεξελθὼν,

2186 2560 2450 2633 ἀνεϐόησε
2480 2562 2597 2632 μετ’
2619 2561 2935 2634 ἐκπλήξεως
2960 2563 3162 2635 πολλῆς
3184 2565 3283 2637 τὴν
3305 2564 3622 2637 θαυμασίαν
3643 2566 3784 2619 ἐκείο

2184 2664 2282 2716 νην
2313 2647 2525 2718 φωνήν·
2570 2646 2669 2713 Ὠς
2695 2648 3074 2719 ἐμεγαλύνθη
3106 2649 3181 2704 τὰ
3221 2648 3369 2721 ἔργα
3391 2663 3532 2717 σου,
3568 2648 3783 2719 Κύριε-Ι

2185 2729 2382 2790 πάντα
2402 2729 2474 2783 ἐν
2497 2731 2688 2799 σοφίᾳ
2712 2730 3030 2799 ἐποίησας.

2255 2813 2364 2866 Καὶ
2384 2810 2557 2870 ταῦτα
2590 2814 2789 2880 πάντα,
2819 2813 3093 2885 ἄνθρωπε,
3117 2812 3205 2870 διά
3235 2813 3315 2870 σέ.
3347 2814 3500 2889 [480]
3527 2814 3643 2869 Καὶ
3670 2814 3784 2887 γὰρ

2186 2895 2277 2950 καὶ
2323 2895 2515 2967 ἄνεμοι
2566 2895 2654 2951 διά
2695 2896 2755 2951 σὲ
2804 2896 2938 2967 (ἐπὶ⁹
2982 2897 3094 2975 γάρ
3123 2899 3226 2969 τὴν
3273 2898 3452 2971 ἀρχὴν
3486 2897 3581 2952 τὸν
3617 2898 3785 2967 λόγον

2185 2980 2546 3050 ἐπανάξομεν
2586 2981 2823 3051 πάλιν),
2874 2982 2964 3038 ἵνα
3004 2982 3073 3037 τά
3134 2982 3367 3056 σώματα
3426 2982 3785 3054 πεπονηκότα

2187 3064 2495 3135 ριπίζωσιν,
2521 3063 2607 3117 ῐνα
2637 3064 2729 3118 τὸν
2761 3064 2871 3119 ἀπὺ
2908 3064 3003 3120 τοῦ
3045 3066 3310 3139 βορϐόρου
3349 3067 3650 3137 μολυσμὸν,
3686 3066 3786 3120 καὶ

2185 3146 2283 3219 τὴν
2332 3147 2625 3219 γινομένην
2656 3147 2939 3221 βαρύτητα
2982 3149 3093 3203 ἀπὸ
3136 3148 3232 3203 τοῦ
3272 3149 3486 3204 καπνοῦ
3522 3149 3618 3203 καὶ
3669 3147 3785 3203 τῶν

2186 3230 2434 3301 καμίνων
2475 3230 2571 3284 καὶ
2611 3231 2814 3303 ἐτέρων
2860 3231 3281 3303 ἀναθυμιάσεων
3322 3231 3782 3303 διακαθαίρωσιν.

2187 3313 2274 3367 ἵνα
2295 3312 2391 3385 τὴν
2410 3314 2476 3367 ἐκ
2500 3312 2600 3383 τῆς
2626 3313 2847 3377 ἀκτῖνος
2871 3314 3183 3388 θερμότητα
3208 3314 3669 3389 παραμυθῶνται,
3692 3314 3784 3369 ῖνα

2188 3395 2389 3466 κοῦφον
2414 3397 2609 3450 ποιῶσι
2632 3396 2691 3449 τὸ
2716 3400 2927 3466 πνῖγος,
2960 3399 3046 3453 ἵνα
3066 3400 3134 3453 τά
3161 3400 3451 3471 σπέρματα
3477 3397 3782 3470 τρέφωσιν,

2188 3480 2276 3534 ἵνα
2304 3480 2374 3533 τὰ
2402 3480 2547 3550 φυτά
2579 3479 2819 3545 αὐξωσιν
2840 3520 2855 3544 ,
2893 3482 2980 3535 ἵνα
3018 3500 3100 3536 σοι
3135 3484 3228 3537 καὶ
3270 3486 3330 3538 ἐν
3362 3484 3609 3555 θαλάσσῃ
3656 3500 3785 3540 συν-

2186 3564 2532 3635 οδοιπορῶσι,
2554 3564 2647 3617 καὶ
2678 3565 2735 3615 ἐν
2760 3567 2830 3635 γῇ
2860 3566 2959 3635 τῆς
2985 3566 3259 3637 γεωργίας
3283 3567 3554 3638 ὑπηρέται
3579 3567 3784 3637 γένωνο

2187 3665 2308 3711 ται,
2348 3648 2465 3700 ἐκεῖ
2507 3646 2607 3718 μὲν
2642 3646 2830 3717 βέλους
2878 3648 3134 3719 ὀξύτερον
3178 3651 3249 3704 τά
3274 3650 3435 3705 πλοῖα
3475 3652 3780 3721 παραπέμ·

2188 3743 2417 3791 ποντες,
2461 3725 2607 3779 οὕτω
2639 3726 2729 3780 τὸν
2771 3728 2940 3781 πλοῦν
2984 3729 3186 3799 κοῦφον
3222 3730 3317 3783 καὶ
3355 3730 3575 3801 εὐμαρῆ
3606 3746 3782 3785 κατα·

2191 3810 2571 3874 σκευάζοντες,
2602 3809 2837 3865 ἐνταῦθα
2869 3811 2926 3865 δὲ
2964 3813 3101 3883 μετὰ
3135 3812 3229 3866 σοῦ
3258 3813 3360 3877 τὰς
3391 3814 3607 3878 ἀλωνας
3646 3815 3784 3868 ἀνα-

2188 3892 2569 3965 καθαίροντες,
2608 3895 2699 3948 καὶ
2728 3894 2796 3948 τὰ
2837 3896 3015 3967 ἄχυρα
3045 3895 3139 3949 τοῦ
3170 3896 3387 3968 καρποῦ
3425 3898 3781 3969 διαχωρίζον-

2188 3995 2298 4044 τες,
2329 3979 2442 4032 καῖ’
2462 3978 2559 4049 τὴν
2591 3981 2656 4033 ἐκ
2700 3981 2800 4051 τῆς
2842 3982 3106 4050 ἐργασίας
3140 3982 3518 4053 ταλαιπωρίαν
3553 3985 3781 4037 ἐπικου-

2190 4061 2461 4132 φίζοντες,
2484 4064 2571 4120 ἵνα
2603 4081 2681 4118 σοι
2708 4064 2799 4117 τὸν
2828 4064 2966 4135 ἀέρα
2990 4064 3192 4135 κοῦφον
3221 4066 3315 4119 καὶ
3342 4067 3592 4138 προσηνῆ
3613 4084 3784 4121 κατα-

2192 4147 2555 4214 σκευάσωσιν,
2598 4148 2684 4201 ἵνα
2719 4165 2779 4207 σε
2823 4150 2918 4201 καὶ
2947 4149 3215 4221 ἑτέρωθεν
3244 4149 3518 4221 τέρπωσι,
3549 4151 3648 4206 νῦν
3681 4151 3782 4220 μὲν

2190 4235 2365 4304 γλυκύ
2400 4235 2493 4295 καὶ
2522 4236 2793 4306 προσηνὲς
2828 4234 3159 4308 συρίζοντες,
3182 4236 3279 4291 νῦν
3297 4238 3353 4291 δὲ
3372 4237 3558 4313 ἠρέμα
3590 4240 3780 4308 φυτοῖς

2193 4317 2621 4389 προσ6άλλοντες
2655 4319 2751 4371 καὶ
2786 4319 2996 4373 πέταλα
3022 4321 3254 4397 δένδρων
3284 4320 3539 4385 σείοντες,
3574 4323 3661 4374 ἴνα
3698 4339 3783 4376 σοι

2188 4402 2279 4456 τὸν
2314 4402 2480 4457 ὐπνον
2511 4403 2605 4456 καὶ
2630 4403 2822 4474 θέρους
2856 4406 2951 4458 κα)⁴
2990 4405 3149 4475 ἔαρος
3176 4405 3297 4476 ὥρα
3328 4405 3463 4476 ἡδίω
3495 4406 3590 4457 καὶ
3624 4404 3781 4475 μέλιο

2185 4502 2277 4549 τος
2307 4484 2641 4557 γλυκύτερον
2679 4488 3047 4559 ἐργάσωνται,
3083 4488 3171 4551 ἵν’,
3210 4490 3349 4560 ὅπερ
3390 4488 3484 4541 ἐπὶ
3520 4488 3632 4540 τῶν
3655 4488 3781 4543 δέν-

2186 4568 2327 4639 δρων
2359 4568 2593 4633 ποιοῦσι,
2630 4571 2789 4624 τοῦτο
2822 4572 2915 4624 καὶ
2964 4571 3056 4625 ἐπὶ
3106 4571 3217 4626 τῶν
3252 4570 3556 4624 θαλαττίων
3591 4569 3780 4625 νώτων

2186 4652 2576 4726 ἐργαζόμενοι,
2620 4655 2712 4708 ἐπί
2745 4672 2803 4707 τε
2860 4656 2970 4708 τῶν
3028 4655 3309 4726 ποταμίων
3353 4654 3645 4725 ναμάτων,
3687 4657 3783 4709 καὶ

2186 4739 2286 4807 τὴν
2320 4736 2643 4806 ἐπιφάνειαν
2676 4738 2855 4793 αὐτῶν
2882 4737 3326 4810 μετεωρίζοντες,
3354 4739 3557 4809 πολλήν
3586 4756 3670 4792 σοι
3694 4740 3783 4792 ἐκ.-

2189 4819 2379 4873 τεῦθεν
2401 4820 2686 4891 παρέχωσι
2714 4823 2814 4891 τὴν
2855 4822 2963 4875 ἀπὸ
2995 4823 3091 4891 τῆς
3136 4823 3266 4887 θέας
3296 4824 3511 4894 τέρψιν.
3545 4824 3641 4875 καί⁵
3672 4822 3782 4893 πρὸ

2188 4899 2288 4967 τῆς
2318 4898 2563 4969 τέρψεως
2600 4899 2655 4951 δὲ
2691 4900 2895 4970 ταύτης
2923 4902 3015 4953 καὶ
3051 4901 3319 4969 ὠφέλειαν
3353 4902 3639 4972 μεγίστην.
3668 4902 3782 4955 Καὶ

2188 4983 2295 5053 γάρ
2324 4984 2419 5037 καὶ
2446 4986 2559 5047 τοῖς
2594 4982 2779 5039 ὕδασιν
2818 4981 2962 5039 οὗτοι
3010 4984 3103 5037 καὶ
3138 4986 3313 5051 ἄλλως
3348 4988 3643 5057 χρήσιμοι,
3676 4987 3782 5041 οὐκ

2187 5066 2437 5133 ἀφιέντες
2479 5066 2742 5136 διηνεκῶς
2790 5068 3001 5119 ἑστῶτα
3029 5068 3096 5120 τὰ
3122 5068 3290 5121 ῦδατα
3320 5070 3741 5141 κατασήπεσθαι
3763 5110 3779 5132 .

2188 5148 2324 5202 ἀλλά
2348 5149 2424 5219 τῷ
2453 5149 2691 5219 συνεχῶς
2720 5150 2859 5202 αὐτὰ
2887 5153 3058 5203 κινεῖν
3080 5153 3175 5203 καὶ
3206 5154 3584 5224 ἀναρριπίζειν
3608 5156 3782 5224 νεαρά

2189 5232 2286 5283 καὶ
2322 5232 2641 5301 ἀκμάζοντα
2688 5232 3089 5299 καθιστῶντες,
3128 5237 3223 5287 καὶ
3252 5236 3387 5307 πρὸς
3420 5238 3625 5307 τροφὴν
3672 5239 3780 5291 τῶν

2190 5316 2247 5367 ἐν
2279 5315 2464 5377 αὐτοῖς
2495 5314 2807 5384 νηχομένων
2839 5316 2994 5380 ζώων
3040 5320 3467 5391 ἐπιτηδειότερα.
3505 5323 3566 5375 Εἰ
3596 5323 3652 5375 δὲ
3686 5325 3779 5376 καὶ

2190 5396 2359 5467 αὐτὴν
2395 5397 2715 5467 βουληθείης
2772 5400 3237 5471 περιεργάζεσθαι
3273 5403 3373 5473 τὴν
3424 5404 3616 5461 νύκτα.
3659 5404 3780 5473 ὄψει

2191 5481 2285 5532 καὶ
2316 5480 2565 5533 ἐντεῦθεν
2595 5481 2797 5551 πολλὴν
2831 5484 2924 5535 τοῦ
2960 5485 3194 5555 Ιιοιητοῦ
3222 5486 3318 5556 τὴν
3354 5486 3633 5557 πρόνοιαν.
3671 5488 3781 5539 Καὶ

2193 5564 2300 5634 γάρ
2339 5563 2610 5617 ἀναπαύει
2648 5581 2729 5617 σοι
2751 5566 2811 5619 τὸ
2852 5566 3013 5637 σῶμα
3048 5568 3380 5639 πεπονηκὸς,
3411 5571 3505 5622 καὶ
3536 5571 3605 5625 τὰ
3642 5570 3779 5640 μέλη

2196 5666 2279 5700 σοι
2321 5648 2749 5718 καταπινόμενα
2792 5653 2904 5713 τοῖς
2937 5652 3324 5723 μεθημερινοῖς
3373 5654 3557 5718 πόνοις
3594 5656 3780 5726 ἀνίησι

2198 5732 2288 5785 καὶ
2321 5730 2475 5803 χαλᾷ,
2503 5732 2786 5787 ἀλλοιούοα
2819 5736 2910 5789 καὶ
2934 5735 3067 5807 πρὸς
3099 5737 3283 5809 ἀκμὴν
3310 5736 3396 5791 διὰ
3425 5737 3525 5807 τῆς
3551 5740 3779 5812 ἡσυχίας
