4050 6432
201 333 306 391 493

202 461 346 502 tcum
382 444 654 517 quoddam
699 443 952 501 mundum
997 458 1060 498 ac
1108 443 1432 514 pellucidum
1459 458 1622 512 super
1649 451 1811 512 caput

203 551 300 590 nos
316 546 459 592 trum
488 552 786 607 expansum
813 546 914 603 est,
939 551 1082 593 nunc
1109 545 1380 606 tamquam
1409 536 1632 592 ﬂoribus
1651 535 1817 592 refer-

214 635 328 684 tum
360 643 422 685 ac
451 629 782 700 variegatam
804 630 1043 684 cernitur
1076 638 1288 699 pratum
1318 670 1335 696 ,
1368 643 1630 699 suamque
1664 642 1817 682 coro-

216 737 342 777 nam
372 723 651 778 ostentat?
675 721 860 792 Neque
889 722 1030 777 enim
1061 737 1215 792 aeque
1235 717 1530 791 jucundum
1544 731 1627 776 est
1654 721 1816 775 inter—

214 813 307 868 diu
337 822 545 884 pratum
571 829 815 877 cernere,
845 828 910 869 ac
929 814 1222 885 jucundum
1250 823 1334 868 est
1360 822 1416 868 et
1439 828 1605 870 suave
1625 812 1816 868 ett-lum

223 905 286 962 de
313 915 468 962 nocte
491 917 760 977 spectare,
794 907 1092 962 innumeris
1120 907 1394 963 stellarum
1419 906 1640 963 ﬂoribus
1666 906 1819 961 undi-

218 1011 324 1068 que
347 1007 683 1060 coronatum,
724 998 945 1054 ﬂoribus
976 1001 1065 1069 qui
1098 1014 1391 1068 numquam
1437 1007 1813 1064 marcescunt,

216 1085 314 1141 std
345 1085 570 1141 illaesam
600 1102 752 1142 suam
797 1086 1246 1157 pulchritudinem
1281 1103 1497 1158 semper
1522 1098 1816 1145 ostentant.

215 1178 355 1245 Quid
389 1177 480 1236 illo
517 1194 702 1235 rursus
743 1179 1066 1250 jucundius,
1102 1196 1224 1239 cum
1275 1189 1436 1240 nocte
1477 1180 1592 1251 jam
1643 1181 1816 1251 pulsa,

217 1271 451 1326 necdum
499 1280 677 1336 tamen
714 1273 924 1328 oriente
959 1273 1096 1340 sole,
1122 1273 1289 1328 veluti
1334 1287 1530 1329 croceo
1584 1271 1818 1343 quodam

219 1364 387 1429 peplQ
406 1377 616 1418 aurora
641 1362 950 1434 primordiis
971 1373 1322 1435 purpuratum
1343 1365 1606 1419 ornatur?
1632 1363 1816 1430 Quod-

219 1468 344 1516 nam
371 1468 534 1524 porro
567 1454 933 1524 spectaculum
962 1455 1238 1526 pulchrius
1286 1455 1496 1511 oriente
1532 1456 1634 1514 sub
1659 1471 1820 1511 auro-

217 1560 336 1610 ram
369 1546 506 1612 sole,
534 1561 655 1601 cum
698 1563 862 1618 parvo
889 1549 1150 1619 temporis
1189 1558 1466 1606 momento
1496 1559 1695 1608 terram
1738 1558 1820 1603 to-

222 1647 354 1702 tum,
384 1646 559 1698 totum
585 1654 760 1706 mare,
799 1649 1016 1695 montes
1049 1656 1259 1705 omnes,
1288 1641 1475 1707 saltus,
1518 1650 1572 1697 et
1623 1641 1814 1709 colles,

219 1729 413 1788 caelum
442 1731 749 1786 universum
778 1731 1052 1790 radiorum
1069 1733 1440 1802 sparsionibus
1465 1732 1733 1796 illustrat,
1764 1742 1821 1790 ct

220 1831 386 1874 exuto
440 1835 776 1894 excussaque
821 1839 852 1878 a
903 1824 1084 1886 rebus,
1135 1839 1268 1895 quas
1322 1825 1492 1881 oculis
1523 1826 1816 1893 cernimus,

219 1917 419 1974 amictu
439 1919 629 1984 noctis,
649 1919 800 1975 nobis
818 1929 940 1977 ante
962 1922 1149 1978 οευιιι
1168 1921 1347 1978 omnia
1370 1925 1507 1980 nuda
1527 1923 1821 1996 proponit?

220 2007 354 2075 Quis
384 2010 513 2063 satis
538 2010 765 2064 iniretur
788 2024 977 2067 cursus
1001 2012 1119 2082 ejus
1145 2025 1351 2070 rectum
1379 2016 1647 2085 ordinem,
1679 2018 1821 2072 inter

221 2108 304 2157 tot
328 2116 590 2157 annorum
617 2103 875 2160 circuitus
915 2105 1250 2164 immutabile
1279 2124 1342 2164 ac
1365 2125 1624 2180 nusquam
1655 2111 1820 2165 inter-

220 2203 438 2266 ruptum
468 2196 845 2265 ministerium,
873 2213 1088 2270 semper
1114 2201 1399 2258 ﬂorentem
1430 2205 1547 2274 ejus
1579 2205 1817 2274 pulchri-

223 2285 861 2357 tudinem,splendorem,
889 2289 1169 2361 fulgorem,
1203 2295 1510 2363 puritatem.
1536 2281 1672 2367 quae,
1698 2297 1821 2352 licet

219 2390 344 2430 cum
361 2384 439 2432 tot
454 2379 768 2446 corporibus
786 2381 1360 2454 misceatur,nusquam
1382 2395 1557 2442 tamen
1578 2389 1793 2457 inquina
1806 2419 1819 2429 -

223 2465 448 2524 Iur‘t’ilis
472 2469 611 2526 adde
647 2472 926 2533 utilitatem
966 2472 1282 2531 immensam
1332 2477 1384 2532 in
1432 2478 1743 2544 seminibus,
1767 2480 1817 2534 in

222 2559 496 2626 plantis,in
511 2561 784 2617 hominum
798 2566 1273 2638 corporibus,quad
1281 2585 1339 2622 ru
1349 2569 1813 2640 pedum,piscimn,

221 2649 386 2717 aeris,
413 2651 668 2722 lapidum,
697 2654 980 2712 herbarum
1005 2657 1056 2712 in
1081 2659 1314 2726 terra,ip
1337 2664 1489 2727 mari,
1518 2662 1573 2718 in
1595 2679 1740 2729 aere,
1765 2666 1819 2720 in

219 2741 474 2796 omnibus
498 2741 738 2810 demum,
769 2760 890 2815 qua:
927 2748 1099 2810 oculis
1140 2765 1480 2820 usurpamus.
1514 2754 1570 2809 Si
1601 2753 1818 2824 quidem

219 2831 405 2893 omnia
439 2832 555 2902 ejus
578 2849 682 2904 ope
709 2836 965 2908 indigent,
1005 2847 1060 2894 et
1097 2840 1141 2894 si
1193 2857 1254 2896 ea
1300 2841 1564 2908 fruantur,
1593 2845 1818 2901 meliora

220 2923 518 2986 redduntur
544 2942 557 2979 :
585 2940 760 2996 neque
803 2928 975 2991 solum
1000 2944 1246 3000 corpora,
1281 2949 1454 3002 neque
1481 2936 1694 3004 plantae,
1724 2938 1819 2993 sed

218 3021 384 3074 etiam
408 3033 588 3088 aquae,
614 3019 784 3087 lacus,
818 3020 1014 3088 fontes,
1046 3021 1287 3088 ﬂumina,
1322 3036 1376 3079 et
1414 3027 1556 3080 acris
1586 3029 1695 3098 ipsa
1724 3045 1819 3084 na-

217 3129 358 3178 tura,
414 3125 532 3186 qua:
579 3111 845 3175 subtilior,
899 3115 1097 3183 purior,
1152 3131 1215 3172 ac
1265 3117 1579 3185 [ellut-idior
1615 3121 1816 3182 evadit.

219 3206 371 3263 Hanc
393 3210 639 3264 nimirum
669 3203 740 3264 ob
765 3219 984 3266 causam
1015 3214 1071 3261 et
1092 3217 1288 3263 auctor
1311 3209 1667 3279 Psalmorum,
1695 3227 1817 3267 cum

215 3297 337 3368 ejus
384 3300 828 3369 pulchritudinem
891 3298 1052 3361 vellet
1119 3302 1464 3378 exprimere,
1527 3319 1818 3379 perennem

215 3389 561 3463 splendorem
588 3430 610 3457 ,_
646 3392 872 3449 formam
912 3395 1194 3459 ﬂorentem
1231 3414 1295 3460 ac
1326 3401 1587 3469 vividam,
1627 3401 1818 3458 ﬂorem

219 3496 510 3551 numquam
526 3485 1156 3557 excidentem,ornatum,
1171 3491 1441 3560 (ieeurem,
1462 3495 1815 3551 ministerium

219 3587 485 3643 nusquam
517 3580 893 3650 interruptum,
935 3582 1009 3637 ita
1032 3581 1245 3639 dicebat
1274 3603 1286 3638 :
1316 3583 1384 3639 In
1417 3587 1522 3641 sole
1543 3587 1710 3657 'posuit
1736 3599 1817 3643 ta-

220 3663 548 3720 bernaculum
576 3685 724 3723 suum
749 3670 922 3730 (Psal.
965 3674 1053 3729 i8.
1082 3674 1162 3745 6),
1205 3675 1306 3730 hoc
1336 3684 1439 3741 est,
1473 3679 1526 3732 in
1555 3679 1684 3749 ipsis
1712 3695 1818 3735 ea:—

219 3755 328 3812 lis:
357 3755 461 3813 hoc
483 3758 801 3826 subindicat,
834 3762 962 3817 dum
1007 3763 1410 3821 tabernaculum
1442 3769 1533 3823 Dei
1560 3771 1812 3840 apfeilat.

220 3847 292 3901 Et
336 3849 445 3917 ipse
472 3859 728 3920 tamquam
766 3869 982 3923 sponsus
1022 3857 1299 3926 procedens
1345 3859 1408 3913 de
1448 3860 1672 3917 thalamo
1701 3880 1813 3918 suo.

217 3937 357 3993 Tum
387 3948 446 3994 ut
473 3939 782 4010 facilitatem
823 3946 1103 4001 ministerii
1150 3949 1289 4018 ejus,
1319 3958 1373 4004 et
1400 3952 1691 4021 agilitatem
1720 3969 1817 4011 ex-

219 4030 499 4100 primeret,
525 4033 732 4091 addidit
763 4053 776 4090 :
821 4034 1111 4093 Exsultabit
1150 4051 1203 4093 ut
1241 4042 1383 4112 gigas
1418 4043 1486 4096 ad
1513 4047 1816 4101 currendum

217 4121 354 4175 viam
373 4139 535 4177 suam.
560 4124 785 4195 Deinde,
807 4130 1074 4198 quomodo
1101 4132 1233 4189 satis
1254 4134 1323 4188 sit
1342 4144 1394 4189 et
1418 4135 1649 4196 sufﬁciat
1670 4140 1816 4196 solus

219 4215 472 4274 universo
493 4225 754 4272 terrarum
780 4219 896 4275 orbi
927 4239 939 4274 :
971 4223 1014 4279 A
1042 4241 1240 4280 suntme
1276 4227 1401 4280 cwlo
1427 4231 1646 4300 egressio
1680 4234 1812 4302 ejus,

216 4315 268 4364 et
313 4323 553 4362 occursus
581 4313 695 4380 ejus
731 4327 892 4381 usque
933 4314 1002 4367 ad
1043 4332 1294 4371 summum
1321 4320 1434 4374 ccli
1460 4320 1619 4391 (Ibid.
1654 4341 1702 4378 υ.
1732 4326 1814 4395 7).

219 4399 410 4455 Postea
457 4418 615 4471 quam
657 4404 728 4458 sit
767 4407 1013 4462 omnibus
1054 4409 1198 4464 utilis
1227 4420 1282 4466 et
1320 4415 1673 4471 commodus:
1704 4417 1816 4474 Nec

215 4501 291 4546 est
314 4493 401 4562 qui
425 4508 478 4547 se
503 4495 774 4548 abscondat
789 4513 820 4548 a
841 4497 1010 4551 calore
1033 4501 1159 4568 ejus.
1183 4500 1329 4557 Licet
1350 4503 1565 4562 aliunde
1581 4492 1812 4579 quoque,

218 4583 322 4638 nisi
361 4583 498 4641 forte
521 4585 629 4655 jam
661 4586 902 4644 defessus
931 4606 1009 4653 es,
1044 4592 1430 4660 providentiam
1471 4599 1587 4667 ejus
1616 4600 1813 4658 intelli-

214 4689 344 4744 gere
371 4692 385 4728 :
409 4691 474 4731 es
513 4678 764 4745 nubibus,
790 4694 854 4735 es
883 4691 1109 4750 quatuor
1138 4687 1262 4739 anui
1294 4690 1720 4757 tempestatibus,
1748 4708 1814 4746 ex

217 4764 482 4834 solstitiis,
507 4783 572 4824 ex
601 4772 796 4837 ventis,
842 4788 907 4826 ex
951 4774 1119 4842 mari,
1153 4792 1218 4831 ac
1257 4777 1483 4837 diversis
1527 4785 1814 4852 generibus

217 4857 466 4928 piscium,
509 4875 576 4915 ex
615 4871 777 4926 terra,
830 4873 884 4919 et
930 4866 1383 4935 quadrupedibus,
1427 4887 1489 4928 ac
1535 4874 1816 4943 reptilibus

215 4948 576 5006 animantibus
603 4968 721 5021 qua:
750 4953 801 5006 in
831 4954 942 5022 ipsa
970 4968 1265 5023 versantur,
1295 4975 1359 5015 ex
1389 4964 1692 5021 volucribus
1721 4968 1811 5036 qui

218 5039 268 5093 in
297 5055 424 5096 aere
447 5043 692 5108 volitant,
722 5059 787 5099 es
811 5050 1174 5116 terrestribus,
1205 5051 1270 5106 iis
1285 5069 1402 5123 qua:
1425 5059 1711 5128 ancipitem
1737 5063 1814 5116 vi-

218 5140 323 5186 tam
351 5132 551 5190 habent
578 5136 630 5190 in
662 5136 902 5203 lacubus,
933 5141 985 5194 in
1023 5141 1256 5200 fontibus
1295 5157 1348 5202 et
1388 5147 1716 5216 ﬂuminibus,
1746 5170 1814 5210 ex

218 5220 491 5281 babitabili
524 5235 689 5292 terra,
717 5244 783 5283 ex
807 5230 1134 5288 inhabitabili
1162 5246 1217 5290 et
1257 5238 1476 5302 inculta,
1500 5257 1564 5296 ex
1597 5245 1814 5299 semini-

222 5314 318 5368 bus
345 5332 463 5384 qum
491 5330 778 5374 nascuntur
803 5336 866 5376 ex
890 5339 974 5390 ea,
1003 5341 1067 5380 ex
1097 5329 1393 5396 arboribus,
1427 5333 1628 5399 herbis,
1659 5337 1813 5406 plan-

219 5404 303 5469 tis,
334 5411 458 5476 quae”
485 5409 536 5462 in
574 5411 804 5467 desertis
838 5425 895 5468 et
939 5431 1044 5470 non
1071 5418 1299 5475 desertis
1345 5421 1476 5479 locis
1527 5404 1809 5494 pullulant,

214 5508 338 5564 qua:
365 5499 417 5551 in
444 5501 649 5569 campis
687 5505 1008 5571 germinant,
1055 5507 1105 5562 in
1150 5513 1395 5576 vallibus,
1436 5517 1487 5570 in
1521 5519 1810 5586 montibus,

223 5586 270 5638 in
302 5588 548 5657 collibus,
576 5607 647 5647 ex
690 5592 755 5648 iis
782 5610 901 5664 qua:
930 5609 1121 5667 sponte
1165 5616 1478 5671 nascuntur,
1511 5624 1578 5662 ex
1611 5610 1674 5665 iis
1694 5628 1813 5680 quae

237 5691 340 5730 ‘um
367 5680 702 5748 agriciilturzc
730 5684 932 5751 labore,
963 5704 1026 5742 ex
1068 5691 1335 5748 cicuribus
1363 5698 1705 5764 animalibus,
1747 5718 1810 5756 ex

223 5765 370 5834 feris,
403 5777 455 5825 tt
482 5788 544 5825 ex
591 5775 962 5846 sylvestribus,
996 5785 1304 5852 mansuetis,
1350 5788 1544 5856 parvis,
1578 5793 1801 5862 magnis,

1032 329 1124 386 AD
1162 329 1291 386 EOS
1327 328 1443 398 QUI
1482 324 1977 386 SCANDALIZATI
2016 324 2213 382 SUNT.
2260 325 2386 381 LIB.
2435 323 2632 382 UNUS.

3439 321 3540 378 494

1929 454 1992 494 ex
2025 438 2088 494 iis
2116 439 2307 495 avibus
2331 455 2451 510 qua:
2483 439 2708 494 hiberno
2736 445 2996 506 tempore,
3023 450 3143 506 qua:
3173 433 3385 502 aestivo,
3414 448 3538 502 qua:

1921 531 2212 585 autumnali
2242 541 2524 602 apparent,
2552 540 2606 585 et
2652 528 3127 600 quadrupedibus,
3175 536 3232 582 et
3279 525 3533 595 piscibus,

1921 631 1976 678 et
2001 624 2196 694 plantis
2215 634 2270 680 ct
2296 624 2502 692 herbis,
2533 639 2598 680 ex
2643 623 2706 679 iis
2731 639 2853 694 quae
2882 623 2934 676 in
2967 630 3123 675 nocte
3152 619 3306 684 ﬂuat,
3336 633 3457 689 quae
3485 618 3538 673 in

1923 715 2028 782 die,
2062 731 2130 771 ex
2172 717 2385 786 pluviis,
2413 726 2467 772 et
2509 730 2780 770 annorum
2823 729 3098 779 mensura,
3129 727 3218 796 ex_
3246 723 3438 777 morte,
3471 725 3541 766 ex

1922 811 2052 874 vita,
2081 825 2147 866 ex
2175 810 2359 865 labore
2388 811 2474 865 cui
2513 825 2699 865 sumus
2728 807 2946 872 addicti,
2978 823 3046 862 ex
3077 805 3315 870 tristitia,
3348 819 3414 860 ex
3445 819 3540 857 vo-

1924 902 2149 973 luptate,
2173 919 2240 959 ex
2264 903 2399 967 cibis
2421 912 2478 960 et
2497 903 2712 975 potibus
2739 903 2830 974 qui
2874 901 3028 957 nobis
3049 900 3159 956 dati
3187 909 3333 964 sunt,
3363 914 3430 954 ex
3457 899 3541 953 in-

1924 996 2150 1063 stitutis,
2182 1011 2250 1052 ex
2277 995 2503 1063 artibus,
2532 1012 2600 1052 ex
2629 995 2808 1067 lignis,
2836 1011 2903 1051 ex
2927 993 3212 1064 lapidibus,
3241 1007 3310 1048 ex
3336 991 3536 1052 monti-

1925 1087 2024 1142 bus
2067 1087 2388 1152 metallicis,
2433 1103 2503 1143 εει
2541 1091 2677 1143 mari
2717 1085 2862 1159 quod
2901 1085 3139 1156 navigari
3177 1085 3334 1150 solet,
3363 1097 3429 1139 ex
3471 1098 3540 1139 eo

1924 1180 2066 1250 quod
2109 1195 2218 1236 non
2249 1190 2333 1236 est
2373 1180 2694 1252 navigabile,
2728 1197 2796 1236 ex
2827 1180 3037 1248 insulis,
3067 1195 3136 1234 ex
3160 1177 3445 1250 portubus,
3471 1192 3538 1231 es

1926 1273 2193 1342 litoribus,
2225 1290 2289 1330 cx
2315 1275 2600 1345 superﬁcie
2626 1274 2822 1345 pelagi,
2851 1288 2920 1329 ex
2953 1286 3216 1343 aquarum
3244 1268 3537 1340 profundo,

1925 1382 1995 1420 ex
2019 1366 2413 1423 elementorum
2461 1375 2674 1433 natura,
2715 1380 2783 1420 ex
2831 1362 3029 1434 quibus
3068 1362 3228 1419 nobis
3276 1359 3542 1417 conﬂatus

1926 1467 2008 1512 est
2037 1457 2290 1524 mundus,
2331 1473 2400 1513 ex
2441 1467 2743 1527 temporum
2783 1455 3160 1526 dispositione,
3201 1468 3268 1510 ex
3312 1451 3541 1506 diversis

1924 1548 2032 1604 diei
2077 1549 2356 1621 noctisque
2407 1548 2698 1615 mensuris,
2741 1563 2816 1604 ex
2858 1547 3054 1602 morbo
3082 1553 3139 1602 et
3187 1544 3435 1610 sanitate,
3474 1558 3539 1598 ex

1925 1640 2185 1696 membris
2212 1640 2433 1708 nostris,
2459 1655 2526 1696 ex
2556 1639 2946 1695 constitutione
2974 1638 3193 1702 animm,
3217 1651 3284 1692 ex
3313 1635 3536 1700 artibus,

1925 1747 1990 1786 ex
2015 1731 2277 1801 sapientia
2305 1746 2463 1802 quam
2499 1731 2637 1787 Deus
2683 1732 2736 1784 in
2779 1731 2888 1785 illis
2927 1729 3113 1801 generi
3155 1728 3391 1782 humano
3428 1725 3538 1779 lar-

1925 1826 2066 1894 gitus
2095 1834 2199 1892 est,
2230 1839 2297 1880 ex
2340 1823 2565 1881 utilitate
2613 1824 2916 1888 brutorum,
2959 1821 3288 1893 plantarum,
3319 1826 3539 1874 caetera-

1927 1934 2153 1990 rumque
2179 1927 2549 1975 creaturarum
2578 1933 2702 1988 quae
2731 1916 2890 1972 nobis
2933 1914 3254 1976 inserviunt,
3287 1929 3351 1967 ex
3380 1911 3537 1966 mini-

1927 2015 2030 2069 mis
2054 2022 2108 2069 ct
2131 2012 2409 2068 vilissimis
2451 2010 2795 2066 animalibus.
2835 2008 2976 2077 Quid
3003 2008 3146 2065 enim
3177 2006 3420 2070 brevius,
3449 2012 3543 2059 aut

1925 2107 2225 2163 deformius
2245 2106 2385 2177 ape?
2414 2105 2541 2177 quid
2574 2119 2738 2175 porro
2766 2101 3007 2157 formicis
3031 2110 3087 2157 ct
3111 2099 3312 2156 cicadis
3341 2098 3540 2153 vilius?

1931 2192 2315 2258 Verumtamen
2335 2200 2684 2270 hzecquoque
2703 2196 2904 2253 claram
2927 2210 3112 2251 vocem
3135 2193 3407 2256 emittunt,
3436 2207 3542 2261 qua

1928 2292 2022 2348 Dei
2049 2291 2464 2363 providentiam,
2487 2291 2762 2356 virtutem,
2788 2287 3220 2359 sapientiamque
3243 2293 3537 2345 testentur.

1925 2387 2094 2453 Quam
2126 2385 2197 2441 ob
2221 2399 2440 2440 causam
2484 2385 2648 2440 etiam
2688 2381 2976 2454 propheta,
3021 2380 3112 2450 qui
3155 2386 3307 2437 tanto
3339 2375 3543 2445 Spiritu

1925 2479 2154 2534 do‘natus
2183 2485 2301 2534 erat
2328 2518 2343 2542 ,
2387 2484 2648 2533 creaturae
2677 2489 2877 2546 corpus
2917 2485 3242 2543 percurrens
3269 2511 3284 2536 ,
3323 2476 3378 2524 et
3416 2483 3542 2523 eum

1927 2585 2093 2638 pauca
2123 2568 2368 2640 quaedam
2412 2568 2699 2638 attigisset,
2726 2580 2922 2637 magno
2945 2579 3066 2620 cum
3111 2571 3331 2634 stupore
3361 2560 3542 2616 excla-

1927 2659 2109 2726 mavit,
2135 2670 2191 2716 et
2214 2659 2516 2715 mirabilem
2543 2658 2691 2714 illam
2712 2672 2900 2714 vocem
2927 2654 3106 2711 misit:
3135 2654 3302 2720 Quam
3327 2651 3531 2721 magni-

1926 2755 2080 2823 βίαια
2099 2761 2218 2806 sunt
2242 2767 2398 2821 opera
2440 2760 2554 2818 tua,
2593 2748 2863 2804 Domine!
2889 2747 3063 2805 omnia
3105 2746 3160 2800 in
3191 2745 3442 2816 sapientia
3466 2745 3541 2814 {c-

1927 2847 2038 2902 ciin
2092 2845 2269 2918 (Psal.
2301 2843 2426 2911 105,
2455 2843 2575 2913 24).

1996 2938 2280 3009 Speciatim
2299 2938 2364 2992 de
2391 2947 2653 2992 ventorum
2683 2946 2729 2992 et
2755 2935 2915 2992 noctis
2941 2934 3160 2990 utilitate
3185 2932 3429 3004 loquitur.
3466 2959 3536 2972 —-

1926 3033 2104 3101 Atque
2132 3032 2248 3085 tunc
2287 3030 2466 3084 omnia
2493 3040 2713 3100 propter
2740 3040 2814 3095 te,
2852 3044 2886 3085 o
2924 3028 3111 3084 homo.
3155 3025 3290 3082 Nam
3316 3035 3371 3080 et
3396 3026 3539 3080 venti

1927 3133 2146 3193 pr0ptcr
2171 3132 2224 3178 te
2263 3123 2472 3194 (rursus
2514 3123 2658 3178 enim
2704 3122 2770 3177 ad
2817 3120 3139 3192 principium
3177 3133 3337 3174 suum
3366 3118 3538 3172 oratio

1925 3213 2286 3285 revolvetur),
2329 3225 2388 3270 ut
2425 3214 2636 3271 defessa
2681 3229 2910 3285 corpora
2941 3213 3068 3269 ﬂatu
3112 3210 3452 3277 diventilent,
3484 3218 3538 3264 nt

1925 3319 2230 3366 contractas
2264 3327 2329 3366 ex
2375 3312 2487 3366 luto
2526 3310 2746 3376 sordes,
2797 3319 2854 3366 et
2894 3309 3198 3365 molestiam
3243 3315 3416 3361 ortam
3470 3321 3538 3360 ex

1927 3401 2054 3455 fumi
2083 3411 2138 3456 et
2167 3403 2499 3457 caminorum
2537 3403 2872 3472 aliarumque
2898 3416 3080 3456 rerum
3105 3398 3536 3455 eshalationibus

1921 3495 2258 3567 abstergant,
2305 3505 2362 3550 nt
2413 3495 2647 3552 calorem
2701 3495 2830 3551 solis
2876 3495 3141 3565 mitigent,
3180 3503 3234 3548 ut
3275 3492 3536 3548 leviorem

1924 3603 2115 3649 mstnm
2169 3587 2415 3651 reddant,
2458 3597 2518 3643 ut
2560 3587 2764 3643 semina
2810 3589 3070 3652 nutriant,
3103 3595 3162 3640 ut
3201 3585 3410 3655 plantas
3435 3599 3534 3638 au-

1916 3694 2101 3757 geant,
2134 3695 2189 3740 ut
2218 3694 2269 3741 te
2300 3681 2353 3740 in
2383 3680 2517 3737 mari
2537 3679 2881 3744 comitentur,
2909 3687 2966 3734 et
2993 3679 3046 3732 in
3070 3687 3211 3732 terra
3238 3678 3368 3730 ﬂant
3392 3675 3552 3754 agri-h

1922 3777 2145 3832 culturae
2188 3777 2512 3844 administri,
2568 3771 2695 3828 dum
2746 3769 2855 3826 illic
2893 3770 3107 3839 quidem
3145 3784 3308 3824 naves
3345 3767 3535 3838 sagitta

1923 3869 2162 3925 velocius
2203 3869 2505 3940 impellunt,
2536 3869 2673 3925 adeo
2710 3862 2919 3925 facilem
2940 3877 3286 3941 pronamque
3314 3851 3536 3935 naviga-

1931 3959 2130 4015 tionem
2157 3960 2412 4026 reddunt,
2443 3961 2530 4017 hic
2557 3977 2686 4017 vero
2726 3972 2903 4017 tecum
2943 3949 3099 4022 areas
3135 3965 3453 4029 emergant,
3481 3965 3537 4012 et

1926 4053 2107 4122 paleas
2133 4068 2164 4108 a
2187 4053 2357 4108 fructu
2380 4063 2652 4125 separant,
2679 4069 2743 4110 ac
2765 4054 3041 4111 molestias
3075 4068 3297 4124 operum
3329 4053 3529 4118 levant,

1924 4151 1983 4198 ut
2009 4143 2183 4201 levem
2222 4146 2314 4201 tibi
2349 4145 2632 4217 leuemque
2658 4161 2837 4202 aerem
2868 4145 3118 4214 reddant,
3146 4154 3205 4200 at
3232 4155 3285 4202 et
3315 4144 3532 4201 aliunde

1923 4243 1978 4290 te
2013 4235 2306 4303 oblectent,
2346 4235 2474 4290 dum
2521 4252 2665 4293 nunc
2703 4236 2922 4308 quidem
2967 4238 3202 4293 suaviter
3236 4251 3298 4292 ac
3336 4235 3534 4291 leniter

1923 4326 2158 4391 sibilant,
2190 4343 2333 4382 nunc
2374 4336 2553 4383 autem
2585 4333 2784 4384 sensim
2814 4330 2865 4383 in
2908 4329 3120 4399 plantas
3146 4342 3205 4383 se
3235 4327 3529 4390 insinuant,

1923 4426 1977 4473 et
2005 4418 2255 4475 arborum
2282 4419 2501 4475 frondes
2519 4421 2741 4490 agitant,
2770 4428 2828 4475 ut
2854 4435 3100 4474 somnum
3132 4418 3345 4476 tibisub
3375 4427 3531 4475 3:513.-

1926 4509 1994 4563 tis
2022 4525 2084 4564 ac
2113 4510 2255 4566 veris
2281 4520 2491 4579 tempus
2513 4511 2910 4580 jucundiorem,
2941 4511 3346 4581 dulcioremquc
3373 4509 3532 4564 melle

1924 4602 2173 4668 reddant,
2207 4611 2265 4657 ut
2290 4603 2433 4673 quod
2478 4604 2529 4657 in
2574 4603 2855 4659 arboribus
2896 4603 3116 4670 faciunt,
3156 4602 3262 4661 hoc
3290 4603 3345 4658 iu
3372 4601 3535 4656 dorso

1925 4694 2088 4749 maris
2111 4694 2370 4764 efficiant,
2416 4704 2472 4751 et
2511 4695 2563 4750 in
2605 4694 2887 4750 ﬂuminum
2930 4697 3101 4766 aquis,
3141 4695 3269 4749 dum
3319 4694 3533 4749 illarum

1922 4783 2260 4857 superﬁciem
2292 4788 2344 4842 in
2384 4789 2613 4844 sublime
2643 4788 2858 4856 tollunt,
2895 4798 2952 4844 et
2995 4789 3218 4849 multam
3247 4788 3372 4844 inde
3397 4803 3536 4859 prac-

1923 4880 2052 4935 bent
2077 4880 2170 4936 illo
2213 4881 2522 4951 spectaculo
2560 4880 2910 4948 voluptatem,
2957 4891 3012 4937 et
3041 4891 3168 4936 ante
3202 4881 3534 4951 voluptatem

1924 4971 2069 5025 illam
2101 4972 2390 5025 maximam
2429 4972 2590 5027 etiam
2634 4970 2938 5031 utilitatem.
2983 4972 3117 5026 Nam
3156 4981 3211 5026 et
3244 4972 3400 5042 aquis
3435 4972 3535 5042 ipsi

1922 5061 2122 5132 alioqui
2162 5072 2289 5117 sunt
2321 5062 2517 5129 utiles,
2570 5062 2698 5121 dum
2747 5073 3010 5133 perpetuo
3064 5072 3375 5133 stagnantes
3419 5064 3541 5118 illas

1922 5154 2192 5223 corrumpi
2225 5169 2333 5207 non
2363 5155 2574 5219 sinunt,
2621 5156 2717 5211 sed
2749 5154 2874 5209 dum
2918 5155 3034 5209 illas
3075 5155 3386 5225 frequenter
3415 5169 3536 5210 mo-

1924 5256 2068 5310 vent,
2101 5260 2165 5299 ac
2196 5245 2476 5313 ventilant,
2504 5254 2750 5302 recentes
2777 5261 2839 5302 ac
2866 5247 3081 5305 vividas,
3103 5247 3357 5312 reddunt,
3386 5256 3439 5302 et
3467 5248 3535 5309 ad

1923 5337 2115 5392 alenda
2142 5337 2394 5392 animalia
2433 5354 2552 5409 quae
2579 5339 2631 5393 in
2668 5339 2746 5394 eis
2779 5351 2984 5406 natant,
3025 5341 3282 5410 aptiores.
3307 5340 3460 5409 Quod
3489 5343 3535 5398 si

1923 5439 2135 5483 noctem
2182 5430 2351 5498 ipsam
2394 5430 2629 5485 volueris
2679 5431 3005 5499 observare,
3053 5449 3158 5487 non
3206 5433 3533 5488 mediocrem

1922 5519 2191 5573 Creatoris
2224 5519 2611 5589 providentiam
2641 5522 2766 5576 inde
2790 5537 3105 5588 cognosces.
3138 5522 3414 5592 Siquidem
3436 5523 3533 5576 de-

1924 5610 2197 5680 fatigatum
2238 5627 2432 5680 corpus
2479 5621 2630 5667 tuum
2678 5624 2908 5679 recreat,
2958 5624 3013 5670 et
3057 5615 3296 5669 membra
3325 5614 3533 5670 diurnis

1924 5701 2199 5759 laboribus
2236 5703 2465 5761 distenta
2507 5706 2730 5762 remittit
2765 5715 2821 5761 et
2847 5707 3072 5773 relaxat,
3101 5706 3413 5777 alternaque
3446 5707 3530 5762 via

1927 5796 2241 5853 eissiludinc
2270 5798 2488 5867 refecta,
2529 5813 2625 5870 per
2653 5800 2886 5872 quietem
2925 5815 3111 5860 rursus
3140 5801 3206 5859 ad
3243 5801 3527 5874 pristinum
