4050 6430
559 332 664 388 495

557 448 792 518 vigorem
817 446 1049 511 reducit;
1074 461 1245 519 neque
1259 462 1386 503 vero
1411 448 1463 503 id
1490 457 1713 516 tantum,
1742 447 1835 503 sed
1860 459 1910 502 et
1937 448 2140 503 diurnis

559 550 612 596 te
642 540 901 595 molestiis
953 539 1120 607 levat,
1173 549 1227 596 et
1277 542 1661 610 intempestivis
1708 541 1895 596 liberat
1944 542 2134 602 euris;

557 647 700 700 smpe
725 632 885 686 etiam
908 632 1183 702 aegrotanti
1210 631 1409 687 febrem
1437 632 1744 703 exstinguit,
1773 633 1896 686 dum
1920 641 2136 686 eontra-

555 723 694 777 rium
724 722 898 778 somni
921 723 1216 778 remedium
1258 723 1494 790 adhibet,
1534 734 1584 779 et
1616 724 1935 778 medicormn
1968 733 2136 778 artem

555 822 868 870 aestuantem
897 829 960 871 ac
981 814 1323 872 fluctuantem
1349 816 1415 870 ad
1438 816 1776 886 tranquillum
1805 826 2014 886 portum
2041 817 2138 871 dc-

555 904 720 971 ducit,
747 913 802 962 et
820 922 851 962 a
873 907 1054 963 multis
1080 908 1348 965 laboribus
1368 908 1543 964 reddit
1562 908 1872 965 immunem.
1896 909 1974 966 Ac
1994 918 2138 965 tanta

556 1009 687 1052 sane
712 997 852 1054 illius
879 1008 962 1054 est
989 999 1207 1067 utilitas,
1252 1009 1397 1057 tanta
1424 1001 1793 1068 commoditas,
1825 1010 1882 1056 ut
1927 1009 1984 1057 et
2022 1002 2139 1058 dies

557 1103 701 1158 saepe
728 1089 865 1145 male
907 1099 1089 1159 pereat
1132 1092 1218 1157 iis,
1246 1093 1441 1162 quibus
1486 1101 1731 1164 negatum
1779 1091 1939 1148 fuerit
1968 1094 2018 1147 in
2052 1094 2137 1149 illa

557 1180 988 1250 interquiescere.
1021 1182 1076 1238 Si
1097 1183 1241 1238 enim
1263 1183 1381 1254 quis
1401 1193 1659 1254 supponat
1687 1185 1918 1254 quietem
1944 1187 2136 1253 noctis,

555 1273 944 1340 remissionem,
972 1290 1036 1331 ac
1077 1277 1466 1332 relaxationem
1495 1279 1638 1344 tolli,
1688 1281 1841 1349 cujus
1877 1280 2138 1336 beneficio

554 1371 745 1418 cuncta
775 1374 1102 1429 recreantur.
1127 1375 1183 1422 et
1207 1367 1381 1421 anima
1407 1366 1633 1433 defessa,
1656 1378 1710 1425 et
1729 1385 1925 1439 corpus
1949 1371 2140 1426 delatio

557 1463 758 1522 gatum,
795 1457 1019 1511 excitata
1046 1467 1100 1512 et
1127 1457 1289 1513 alacri
1329 1468 1507 1515 mente
1533 1459 1753 1516 diurnos
1793 1461 2003 1518 labores
2043 1478 2135 1532 ag-

556 1543 811 1614 greditur,
832 1548 1017 1604 inutile
1035 1550 1300 1606 redditum
1323 1549 1426 1606 hoc
1443 1552 1636 1608 animal
1655 1553 1962 1609 intuebitur.
1985 1555 2138 1623 Quod

560 1637 604 1691 si
634 1640 752 1709 quis
777 1640 1059 1710 vigilando,
1087 1651 1139 1698 et
1165 1644 1457 1712 Operando,
1486 1645 1572 1700 vel
1608 1645 1766 1699 etiam
1794 1647 2014 1702 otiando
2039 1665 2137 1700 no-

559 1739 673 1785 ctes
693 1731 876 1786 diebus
900 1733 1082 1800 addat,
1112 1742 1166 1790 et
1192 1735 1292 1790 hoc
1325 1735 1523 1791 diutius
1546 1749 1686 1807 agat,
1721 1737 2002 1794 confestim
2025 1756 2140 1794 mo-

558 1819 744 1884 rietur,
771 1829 860 1875 aut
897 1821 942 1874 si
982 1822 1034 1877 id
1061 1839 1168 1879 non
1208 1825 1435 1890 accidat,
1468 1825 1621 1896 plane
1663 1827 1822 1898 longo
1863 1840 2140 1897 correptus

558 1909 744 1965 morbo
764 1911 894 1970 nihil
921 1927 985 1967 ex
1022 1912 1228 1969 diurnis
1268 1916 1379 1971 suis
1405 1917 1670 1973 laboribus
1699 1921 1940 1975 utilitatis
1967 1922 2140 1992 perci-

560 2000 688 2068 piet,
715 2016 834 2056 cum
861 2003 1002 2058 vires
1053 2005 1167 2074 ejus
1205 2007 1416 2076 penitus
1460 2010 1652 2064 attrltae
1695 2010 1907 2078 fuerint,
1951 2022 2004 2068 et
2044 2029 2138 2068 cx-

563 2088 785 2148 haustae.

627 2180 706 2240 De
720 2187 927 2256 piscium
951 2199 998 2244 et
1014 2192 1238 2262 ferarum
1262 2191 1413 2245 uariis
1438 2193 1701 2262 ﬂuetibus
1722 2184 2072 2266 σφι-ρηυὸ
2094 2197 2138 2252 si

559 2274 818 2345 placuerit
833 2280 1136 2338 innumeras
1153 2284 1376 2352 piscium
1401 2292 1601 2339 turmas
1619 2285 1859 2341 oratione
1879 2288 2138 2358 explicata

559 2381 892 2436 percurrere,
920 2372 1007 2440 qui
1037 2372 1234 2443 degunt
1261 2376 1314 2430 in
1357 2376 1577 2446 stagnis,
1607 2378 1658 2431 in
1686 2376 1939 2442 fontibus,
1968 2382 2057 2451 qui
2087 2382 2139 2435 in

560 2461 691 2514 mari
719 2462 1021 2532 navigabili,
1051 2467 1140 2535 qui
1173 2468 1222 2522 in
1254 2483 1321 2523 eo
1345 2470 1486 2540 quod
1513 2471 1734 2526 navibus
1758 2486 1864 2527 non
1893 2474 2141 2544 frequen-

560 2556 722 2615 tatur,
750 2551 834 2606 vel
863 2552 907 2606 si
935 2553 1208 2611 volucrum
1254 2558 1510 2613 immensa
1544 2568 1846 2629 spectemus
1874 2564 2138 2629 examina,

555 2655 674 2708 qua:
697 2641 747 2694 in
772 2655 916 2708 aere,
939 2659 1056 2714 quae
1078 2645 1128 2699 in
1157 2654 1315 2713 terra,
1339 2664 1456 2718 quae
1487 2650 1540 2704 in
1569 2652 1720 2719 aquis
1746 2652 1927 2720 simul,
1951 2664 2004 2709 et
2027 2664 2138 2711 ter-

558 2743 613 2784 ra
646 2732 788 2803 (nam
816 2735 1054 2803 quaedam
1092 2752 1158 2791 ex
1202 2738 1305 2792 illis
1350 2739 1633 2810 ancipitem
1676 2742 1836 2797 vitam
1877 2743 2136 2816 habent),

557 2837 677 2890 qua:
704 2824 975 2880 silvestres
1001 2836 1143 2890 sunt.
1172 2828 1289 2882 aliae
1329 2831 1704 2899 mansuetlunt,
1734 2834 1853 2891 alia:
1884 2847 2140 2907 perpetuo

558 2915 827 2971 silvestres
856 2929 1190 2986 permanent,
1217 2920 1337 2975 alia:
1358 2922 1470 2976 esui
1499 2933 1658 2992 aptae,
1695 2927 1814 2981 alite
1842 2943 1946 2982 non
1977 2937 2136 2998 aptze,

556 3015 611 3062 et
652 3007 977 3077 singularum
1023 3020 1327 3066 scrutemur
1369 3013 1834 3084 pulchritudinem,
1882 3017 2014 3086 alas,
2043 3036 2138 3075 vo-

558 3112 674 3154 cem
709 3114 991 3161 canoram:
1039 3103 1130 3157 sed
1160 3112 1212 3157 et
1258 3105 1303 3157 si
1351 3119 1533 3158 earum
1565 3114 1768 3162 tantum
1812 3107 2140 3167 din‘erentias

556 3190 916 3258 exquiramus,
947 3193 1058 3248 sive
1089 3194 1141 3247 in
1170 3202 1354 3258 cantu,
1393 3195 1506 3250 sive
1553 3195 1605 3251 in
1638 3197 1802 3264 victu,
1834 3207 1890 3254 et
1927 3198 2137 3255 habita-

557 3279 777 3346 tionem,
807 3296 1004 3348 mores,
1045 3297 1190 3346 usus,
1222 3293 1276 3339 et
1305 3285 1620 3353 ministeria,
1649 3288 1841 3356 quibus
1869 3290 2023 3345 nobis
2053 3292 2135 3346 in-

557 3369 819 3436 serviunt,
868 3373 1045 3426 omnia
1088 3387 1490 3444 persequamur,
1535 3386 1592 3431 et
1633 3381 2042 3449 magnitudines,
2084 3391 2137 3437 et

554 3461 918 3532 exiguitatem,
944 3470 999 3518 et
1021 3474 1219 3533 partus,
1251 3474 1306 3520 et
1334 3467 1723 3534 educationem,
1756 3480 1811 3525 et
1835 3472 2050 3527 multam
2082 3475 2132 3529 in

488 3601 499 3610 _
554 3547 638 3605 his
665 3552 1082 3623 immensamque
1112 3558 1441 3624 varietatem,
1472 3567 1526 3614 et
1569 3559 1669 3614 hoc
1702 3562 1872 3630 ipsum
1895 3565 2052 3617 etiam
2083 3566 2131 3618 in

555 3641 786 3710 piscibus
835 3658 1053 3714 agamus
1077 3685 1092 3711 ,
1138 3655 1295 3716 atque
1329 3648 1451 3703 inde
1489 3650 1784 3706 orationem
1821 3653 1886 3708 ad
1919 3653 2130 3719 herbas,

551 3747 670 3801 quae
697 3733 892 3804 ubique
921 3744 1180 3791 terrarum
1217 3750 1528 3802 irascuntur,
1559 3741 1918 3806 traducamus,
1951 3755 2004 3799 et
2034 3745 2132 3797 hu-

546 3833 668 3877 rum
715 3824 970 3895 cujusque
1015 3823 1242 3882 fructum
1287 3839 1608 3898 spectemus,
1658 3842 1712 3886 et
1741 3833 2041 3899 utilitatem,
2081 3846 2134 3889 et

553 3928 765 3970 suavem
793 3916 1034 3983 odorem,
1057 3928 1112 3974 et
1139 3921 1391 3987 speciem,
1417 3930 1472 3975 et
1500 3923 1683 3989 situm,
1711 3933 1766 3978 et
1791 3923 1935 3990 folia,
1966 3935 2016 3980 et
2043 3944 2133 3982 co-

553 4002 741 4071 lorem,
769 4015 824 4061 et
851 4006 1092 4077 ﬁguram,
1121 4017 1176 4064 ct
1201 4011 1638 4081 magnitudinem,
1682 4024 1736 4068 et
1764 4017 2125 4085 exiguitatem,

550 4103 605 4150 et
648 4096 1100 4162 commoditatem,
1141 4109 1196 4154 et
1229 4102 1482 4171 operandi
1514 4104 1701 4158 modos
1723 4145 1738 4169 ,
1769 4114 1822 4159 et
1849 4109 2124 4174 corticum,

550 4193 879 4249 truneorum.
906 4204 1282 4262 ramorumque
1307 4192 1635 4261 discrimina,
1666 4205 1720 4250 et
1756 4208 1926 4266 prata,
1957 4210 2011 4255 et
2047 4202 2126 4253 vi-

546 4275 760 4342 ridaria,
790 4278 982 4336 deinde
1015 4281 1081 4336 ad
1121 4281 1327 4337 diversa
1376 4294 1710 4341 transeamus
1749 4301 2006 4353 aromata,
2033 4308 2124 4343 va-

545 4367 730 4438 riaque
769 4369 980 4425 illorum
1021 4372 1134 4426 loca
1170 4383 1599 4443 perscrutemur,
1639 4386 1693 4431 et
1731 4379 1921 4448 quibus
1956 4383 2128 4436 modis

544 4456 968 4526 adinveniantur,
1000 4471 1054 4516 et
1077 4475 1350 4531 curentur,
1381 4474 1434 4520 et
1472 4468 1733 4532 colantur,
1762 4480 1813 4524 et
1843 4486 2001 4539 quam
2034 4489 2131 4524 nn-

541 4547 627 4606 liis
646 4553 762 4607 usui
788 4552 894 4607 sint
917 4551 984 4608 ad
1010 4554 1359 4620 medendum;
1385 4569 1576 4624 prteter
1600 4557 1713 4613 haec
1730 4571 1903 4614 autem
1922 4578 2122 4629 rursus,

540 4641 588 4694 si
617 4639 684 4694 ad
738 4650 947 4697 montes
996 4657 1210 4713 quoque
1261 4645 1496 4700 metallis
1525 4647 1852 4705 abundantes
1901 4652 2121 4722 gradum

543 4729 819 4796 faciamus,
850 4733 937 4804 qui
975 4742 1029 4788 et
1067 4734 1165 4803 ipsi
1211 4751 1434 4790 numero
1465 4748 1585 4791 sunt
1613 4755 1714 4794 non
1763 4743 2036 4808 mediocri,
2069 4758 2122 4800 et

538 4823 640 4877 alia
669 4824 834 4878 multo
862 4825 1010 4894 plura
1038 4825 1176 4880 inter
1202 4836 1474 4882 creaturas
1517 4833 1929 4900 pervestigemus
1958 4855 1972 4888 :
2004 4852 2122 4905 qua:

539 4915 751 4969 tandem
792 4917 994 4981 oratio,
1033 4919 1241 4986 quodve
1285 4922 1511 4987 spatium
1565 4924 1818 4986 temporis
1864 4926 2016 4981 nobis
2056 4930 2118 4981 ad

538 5020 724 5060 eorum
777 5009 1133 5077 cognitionem
1177 5010 1569 5081 adipiscendam
1613 5014 1888 5069 sufﬁciet?
1951 5021 2120 5088 Atque

537 5097 653 5152 lucc
681 5101 857 5152 omnia
882 5109 1098 5170 propter
1119 5112 1170 5155 te
1193 5118 1354 5156 unum
1382 5103 1592 5157 condita
1623 5115 1763 5167 sunt,
1809 5109 1878 5160 mi
1924 5108 2116 5174 homo;

534 5196 589 5245 et
614 5195 757 5244 artes
798 5198 1015 5260 prepter
1045 5200 1122 5263 te,
1145 5203 1196 5270 et
1227 5193 1484 5258 instituta,
1510 5204 1562 5248 et
1596 5197 1860 5259 civitates,
1893 5209 1944 5253 et
1977 5201 2115 5270 pagi,

531 5291 587 5336 et
616 5297 835 5336 somnus
860 5292 1078 5353 propter
1107 5293 1176 5347 te.
1218 5295 1271 5339 et
1296 5300 1438 5339 mors
1467 5297 1681 5356 prapter
1707 5301 1778 5354 te,
1802 5301 1853 5345 et
1878 5295 1980 5344 vita
2005 5310 2119 5363 pro~

531 5382 649 5440 pter
680 5380 751 5436 te,
783 5383 836 5427 et
876 5374 1126 5437 accrctio,
1171 5385 1673 5447 naturaque-Opera
1709 5391 1814 5433 tam
1854 5384 2034 5446 multa,
2063 5396 2117 5440 et

532 5463 654 5516 talis
684 5462 769 5516 hic
811 5465 1041 5518 mundus
1081 5475 1297 5534 propter
1331 5475 1382 5521 te
1431 5483 1586 5532 nunc,
1618 5480 1669 5524 et
1713 5487 1895 5526 rursus
1927 5476 2116 5528 melior

532 5566 748 5624 propter
776 5563 847 5611 te.
881 5555 1012 5611 Nam
1045 5559 1321 5613 meliorem
1356 5559 1501 5613 illum
1548 5562 1798 5623 futurum.
1844 5566 1996 5634 idque
2027 5579 2111 5620 tua

530 5660 706 5706 causa.
734 5655 882 5716 potes
904 5663 966 5701 cx
993 5647 1140 5702 Pauli
1165 5650 1340 5704 verbis
1363 5665 1683 5721 Cognoscere
1716 5673 1727 5706 :
1756 5653 1819 5708 Et
1846 5657 1956 5724 ipsa
1976 5673 2112 5708 (rea-

530 5746 643 5788 tura
673 5737 959 5793 liberabitur
993 5755 1024 5793 tt
1051 5740 1281 5796 servitute
1317 5744 1652 5815 corruptionis
1679 5746 1848 5815 (Rom.
1887 5751 1937 5801 8.
1965 5749 2054 5818 21)
2089 5766 2100 5801 :

1297 332 1357 392 S.
1397 332 1678 393 JOANNIS
1716 333 2193 391 CllllYSUS'l‘OMl
2234 335 2554 390 ARClllEP.
2596 334 3131 393 CONSTANTINOP.

3747 337 3848 394 ‘96

2249 446 2350 502 hoc
2377 457 2479 510 est,
2511 463 2578 503 ne
2603 448 2829 518 amplius
2869 447 3200 518 corruptioni
3232 447 3301 503 sit
3329 448 3582 503 obnoxia.
3617 446 3761 502 Tum
3792 458 3849 502 ut

2246 540 2502 594 indicaret
2527 555 2646 595 eam
2677 548 2821 594 tanto
2849 541 3052 595 honore
3097 548 3186 594 tua
3221 554 3382 594 causa
3414 540 3736 594 decoratum
3783 538 3848 592 iri

2245 631 2506 702 subjecit:
2545 630 2612 685 In
2651 631 2924 686 libertatem
2972 631 3150 704 gloric
3198 631 3422 698 ﬁliorum
3451 630 3570 685 Dei.
3603 630 3763 698 Quod
3802 631 3846 684 si

2244 722 2396 778 valde
2437 722 2641 793 prolixa
2676 737 2782 776 non
2819 723 2972 776 ﬁeret
2999 731 3054 775 et
3081 719 3298 777 modum
3325 721 3628 776 excederet
3672 721 3846 775 oratio

2246 822 2446 881 nostra,
2474 814 2638 867 multa
2667 812 2732 868 de
2755 821 2927 868 morte
2965 811 3396 882 philosopharer,
3424 822 3478 867 et
3509 812 3564 865 in
3596 811 3704 866 hoc
3730 825 3847 864 ma-

2245 905 2386 958 xime
2437 903 2529 958 Dei
2571 904 2886 973 sapientiam
2948 912 3004 958 et
3066 903 3452 972 providentiam
3501 902 3802 956 indicarem
3831 941 3845 965 ,

2244 994 2513 1064 multaque
2539 993 2607 1049 de
2648 993 3010 1063 corruptione,
3055 992 3124 1048 de
3157 993 3327 1059 sanie,
3356 993 3424 1047 de
3459 993 3764 1056 vermibus,
3795 1001 3849 1045 et

2245 1086 2422 1140 cinere
2443 1086 2696 1148 dicerem,
2729 1101 2846 1157 qua)
2874 1085 3207 1156 potissimum
3251 1097 3548 1156 queruntur
3575 1095 3634 1142 et
3657 1085 3847 1156 deplo-

2246 1187 2364 1232 rant
2391 1179 2561 1245 multi,
2591 1177 2733 1248 quod
2761 1180 2812 1234 in
2846 1181 3139 1248 pulverem,
3169 1179 3224 1232 in
3248 1193 3458 1234 vermes
3495 1189 3682 1233 nostra
3722 1191 3841 1232 eor-

2244 1285 2373 1340 pora
2407 1269 2719 1326 resolvenda
2759 1270 2900 1338 sint,
2945 1279 3103 1340 atque
3145 1269 3269 1325 inde
3318 1270 3484 1340 ipsius
3520 1270 3845 1324 immensam

2245 1361 2628 1431 providentiam
2658 1377 2722 1417 ac
2760 1363 3170 1417 sollicitudinem
3202 1362 3586 1417 iudicaremus.
3630 1361 3717 1415 Ab
3751 1375 3842 1416 ea-

2243 1455 2365 1510 dem
2394 1457 2534 1511 cnim
2565 1457 2914 1526 providentia,
2955 1457 3022 1511 ab
3051 1456 3237 1511 eadem
3279 1457 3519 1511 bonitate
3545 1498 3560 1520 .
3592 1472 3698 1526 qua
3749 1470 3845 1511 nos

2244 1545 2498 1607 condidit.
2527 1562 2646 1600 cum
2674 1545 2909 1600 nondum
2928 1561 3188 1608 essemus,
3213 1545 3313 1601 hoc
3334 1549 3494 1624 etiam
3531 1556 3839 1615 promanat,

2243 1636 2383 1707 quod
2430 1641 2562 1692 mori
2602 1652 2698 1691 nos
2742 1638 3001 1708 jusserit,
3044 1647 3100 1693 et
3151 1637 3311 1692 talem
3359 1636 3520 1690 linem
3572 1636 3838 1690 nancisci.

2243 1731 2493 1796 Quamvis
2521 1731 2661 1784 enim
2707 1744 2794 1784 res
2824 1730 2928 1784 sint
2965 1739 3151 1784 natura
3181 1729 3429 1794 diverstc,
3463 1737 3650 1782 tamen
3688 1728 3845 1782 unius

2245 1822 2492 1876 bonitatis
2516 1823 2724 1891 opiﬁcia
2747 1834 2870 1877 sunt
2895 1842 2906 1874 :
2933 1821 3361 1892 quandoquidem
3389 1837 3421 1876 e
3440 1822 3548 1875 vita
3573 1821 3845 1876 decedens

2247 1915 2404 1969 homo
2433 1916 2578 1970 nullo
2607 1917 2728 1969 inde
2770 1916 2964 1969 damno
3014 1915 3241 1969 afﬁcitur
3267 1955 3280 1976 ,
3327 1914 3593 1984 siquidem
3635 1923 3694 1969 et,
3719 1913 3842 1967 dum

2245 2009 2347 2061 vita
2377 2009 2643 2078 suppetit,
2689 2007 2852 2060 multa
2889 2006 3011 2060 inde
3046 2006 3188 2059 luem
3221 2005 3440 2074 colligit,
3476 2013 3532 2057 et
3561 2017 3628 2057 ex
3669 2003 3845 2056 alieno

2243 2113 2468 2167 corpore
2513 2099 2784 2167 propriam
2822 2097 3043 2166 percipit
3077 2097 3379 2150 utilitatem.
3420 2093 3558 2147 Cum
3591 2093 3736 2146 enim
3767 2096 3844 2146 vi-

2243 2192 2382 2246 derit
2423 2208 2567 2257 eum,
2607 2192 2697 2261 qui
2738 2206 2841 2245 non
2886 2191 2954 2244 ita
2995 2189 3202 2260 pridem
3233 2204 3353 2242 cum
3386 2188 3504 2257 ipso
3535 2185 3840 2250 incedebat,

2245 2286 2296 2340 in
2330 2301 2555 2353 vermes,
2590 2294 2646 2341 et
2677 2286 2900 2350 saniem,
2931 2292 2987 2338 et
3021 2283 3277 2346 cinerem,
3316 2289 3370 2334 ct
3404 2280 3687 2349 pulverem
3723 2293 3845 2333 esse

2245 2378 2559 2444 resolutum,
2590 2377 2714 2431 licet
2744 2376 2910 2446 ipsius
2936 2374 3130 2430 diaboli
3159 2372 3461 2442 arrogantia
3491 2372 3842 2432 intumescat,

2246 2479 2388 2523 metu
2415 2468 2767 2535 contrahitur,
2795 2466 3124 2536 reprimitur,
3154 2463 3394 2519 modeste
3427 2478 3488 2517 sc
3529 2462 3692 2530 gerit,
3727 2462 3843 2531 phi-

2246 2561 2511 2629 losophari
2534 2560 2774 2622 docetur,
2807 2559 3065 2612 bonorum
3090 2564 3363 2625 parentem
3389 2554 3754 2608 humilitatem
3788 2553 3840 2606 in

2244 2667 2394 2705 suam
2423 2660 2656 2706 mentem
2692 2648 2995 2703 introducit.
3033 2646 3106 2700 lta
3140 2646 3197 2700 lit
3223 2655 3282 2700 ut
3311 2659 3483 2714 neque
3525 2644 3617 2713 qui
3657 2659 3689 2697 e
3730 2643 3840 2696 vita

2243 2743 2508 2808 discessit,
2542 2743 2764 2797 laedatur
2792 2758 2806 2796 :
2850 2740 3188 2810 recnpcrabit
3212 2738 3355 2793 enim
3396 2737 3498 2791 hoc
3533 2751 3733 2805 corpus
3765 2737 3841 2789 in-

2243 2843 2550 2903 corruptum
2577 2845 2629 2888 et
2660 2832 2990 2896 immortale;
3023 2842 3078 2886 et
3101 2831 3191 2901 qui
3218 2830 3393 2884 adhuc
3423 2829 3476 2883 in
3516 2827 3695 2883 stadio
3717 2844 3841 2882 ver-

2242 2936 2408 2992 satur,
2439 2942 2504 2980 ex
2531 2940 2616 2990 eo,
2648 2923 2791 2994 quod
2823 2923 2952 2977 nihil
2983 2923 3119 2977 alter
3142 2930 3227 2975 est
3255 2921 3436 2987 laesus,
3482 2919 3718 2973 maxima
3763 2919 3840 2972 lu-

2243 3036 2331 3076 cra
2361 3021 2628 3088 decerpet.
2664 3017 2777 3072 Non
2806 3016 2949 3071 enim
2981 3014 3214 3085 vulgaris
3257 3011 3536 3068 modestiae
3579 3011 3842 3080 magistra

2245 3113 2478 3166 invitam
2527 3118 2758 3164 nostram
2808 3123 2952 3162 mors
3002 3106 3144 3159 illata
3191 3111 3276 3160 est
3300 3118 3420 3174 qua:
3467 3111 3707 3157 mentem
3762 3101 3842 3154 in-

2243 3212 2431 3266 struat,
2461 3210 2514 3256 et
2541 3201 2734 3253 animae
2772 3198 3045 3266 passiones
3072 3196 3324 3256 refrenet,
3359 3192 3551 3246 ﬂuctus
3575 3192 3753 3253 sedet,
3787 3201 3841 3246 et

2243 3294 2672 3364 tranquillitatem
2705 3291 2940 3346 reducat.
2960 3289 3094 3344 Cum
3119 3288 3260 3342 enim
3285 3296 3393 3341 tum
3412 3301 3479 3340 cx
3510 3285 3574 3339 iis
3604 3300 3726 3353 qua:
3758 3283 3840 3337 di-

2241 3397 2323 3440 cta
2349 3394 2491 3448 sunt,
2522 3392 2630 3437 tum
2661 3399 2724 3437 ex
2762 3382 2887 3434 aliis.
2919 3378 3157 3449 pluribus
3199 3375 3298 3434 hac
3333 3377 3451 3430 luce
3486 3375 3692 3429 clarius
3719 3377 3838 3429 elu-

2241 3487 2358 3532 ceat
2389 3475 2713 3545 providentia
2738 3472 2848 3536 Dei,
2883 3471 2993 3525 noli
3019 3482 3411 3539 supervacanea
3438 3467 3652 3520 curiose
3680 3480 3839 3520 scru-

2243 3569 2360 3628 tari,
2395 3582 2567 3634 neque
2590 3579 2779 3620 causas
2801 3564 3037 3616 omnimn
3071 3575 3252 3615 rerum
3279 3559 3588 3628 exquirens,
3618 3573 3684 3611 ea
3713 3573 3837 3628 quae

2239 3656 2694 3727 comprehendere
2709 3656 2915 3724 nequis,
2941 3666 3278 3721 persequere.
3300 3650 3430 3704 Nam
3453 3659 3508 3704 et
3530 3650 3630 3703 hoc
3655 3649 3835 3718 ipsum

2242 3762 2298 3805 ut
2326 3765 2566 3805 essemus
2594 3763 2659 3803 ex
2687 3745 2962 3800 sua.nobis
2988 3743 3222 3798 bonitate
3247 3744 3529 3804 concessit.
3555 3756 3662 3794 non
3685 3740 3834 3810 quod

2240 3852 2421 3898 nostro
2448 3840 2740 3894 ministerio
2768 3838 3065 3910 indigeret.
3083 3834 3265 3903 Itaque
3294 3833 3591 3889 laudandus
3610 3848 3640 3886 a
3675 3833 3836 3887 nobis

2236 3944 2337 3999 est,
2368 3943 2421 3987 ct
2448 3931 2770 3993 adorandus,
2803 3945 2906 3983 non
2936 3927 3095 3982 modo
3121 3925 3262 3996 quod
3299 3924 3620 3987 condiderit,
3652 3940 3836 3994 neque

2236 4024 2376 4095 quod
2423 4023 2654 4077 animam
2693 4021 3084 4089 incorporcam,
3131 4027 3186 4072 et
3215 4018 3422 4071 ratione
3449 4015 3731 4085 prteditam
3761 4018 3834 4070 sit

2235 4117 2473 4185 largitus,
2502 4128 2673 4182 neque
2693 4111 2831 4182 quod
2859 4111 2976 4165 aliis
3000 4109 3247 4163 omnibus
3270 4107 3672 4178 praestantiores
3701 4109 3831 4161 red—

2232 4206 2447 4267 diderit,
2479 4218 2652 4273 neque
2676 4203 2817 4272 quod
2843 4203 2893 4255 in
2925 4201 3125 4265 omnia,
3154 4214 3274 4268 quae
3295 4209 3607 4262 cernuntur,
3644 4199 3829 4253 dumi-

2233 4310 2412 4350 natum
2439 4295 2710 4356 detulerit,
2755 4303 2808 4346 et
2848 4301 3161 4361 potestatem
3205 4290 3524 4359 permiserit,
3558 4290 3651 4360 sed
3682 4291 3828 4360 quod

2233 4388 2283 4441 id
2307 4386 2494 4456 egerit,
2523 4400 2641 4439 cum
2673 4383 2816 4438 nullo
2838 4383 2996 4437 modo
3023 4381 3173 4437 nobis
3204 4390 3402 4450 egeret.
3436 4380 3544 4434 lloc
3570 4382 3718 4434 enim
3744 4389 3830 4436 est

2233 4479 2284 4530 in
2314 4478 2428 4546 ejus
2451 4476 2683 4529 bonitate
2709 4474 2968 4538 mirabile,
2997 4473 3137 4541 quod
3159 4488 3279 4526 eum
3308 4483 3490 4524 nostro
3522 4472 3827 4525 ministerio

2231 4569 2358 4622 nihil
2393 4584 2526 4637 epus
2547 4567 2620 4621 illi
2647 4576 2809 4630 esset,
2838 4581 2934 4620 nos
2957 4565 3282 4634 produxerit.
3315 4565 3467 4618 Prius
3493 4564 3637 4619 enim
3658 4580 3824 4632 quam

2233 4675 2329 4714 nos
2358 4660 2409 4715 in
2449 4659 2616 4713 lucem
2646 4658 2947 4720 ederemur,
2978 4667 3030 4710 et
3060 4654 3258 4725 angeli,
3289 4663 3345 4709 et
3384 4669 3632 4724 superna:
3655 4656 3824 4708 virtu-

2230 4759 2330 4815 tes,
2375 4759 2490 4803 erat
2525 4763 2617 4801 sua
2665 4747 2832 4816 gloria
2887 4746 3140 4816 praeditus
3167 4760 3229 4798 ac
3275 4744 3523 4799 felicitate
3553 4787 3567 4811 ,
3615 4749 3710 4801 sed
3749 4746 3823 4800 ob

2227 4841 2392 4894 solam
2415 4853 2566 4892 suam
2598 4837 2975 4905 benignitatem
3005 4851 3105 4890 nos
3121 4837 3435 4904 procreavit,
3468 4844 3522 4889 et
3549 4835 3664 4889 haec
3695 4851 3818 4890 om-

2228 4929 2310 4982 nia
2331 4938 2506 4982 nostra
2521 4943 2701 4990 causa,
2725 4936 2881 4996 atque
2894 4927 3029 4980 adeo
3049 4928 3214 4978 multo
3233 4927 3346 4978 istis
3364 4925 3512 4994 plura
3527 4926 3786 4980 condidit.

2294 5021 2420 5074 CAP.
2469 5019 2600 5072 Vlll.
2633 5018 2812 5071 Multw
2831 5019 3158 5087 providentia:
3177 5017 3657 5070 demonstrationem
3683 5035 3814 5080 esse,

2222 5113 2357 5184 quod
2386 5113 2467 5165 lea:
2487 5110 2735 5166 naturalis
2757 5121 2803 5164 et
2843 5112 3033 5179 scripta
3056 5111 3120 5162 sit
3141 5109 3283 5174 data,
3308 5109 3542 5178 quodque
3562 5109 3696 5163 uiros
3718 5112 3810 5164 emi-

2223 5205 2346 5256 mios
2371 5220 2458 5273 per
2505 5219 2623 5256 suas
2660 5201 3133 5270 transmigrationes
3180 5199 3292 5267 ﬁeri
3325 5201 3592 5270 magistros
3625 5202 3816 5254 curarit

2221 5313 2391 5348 eorum
2425 5297 2646 5366 gentium
2674 5310 2705 5344 a
2732 5294 2909 5362 quibus
2941 5292 3366 5359 suscipiebantur,
3393 5300 3440 5344 et
3470 5291 3609 5358 quod
3633 5293 3817 5345 deinde

2221 5396 2371 5452 caput
2393 5387 2636 5438 bonorum
2679 5384 2890 5454 largitus
2912 5383 2974 5435 sit
2995 5380 3252 5452 Unigeniti
3271 5383 3350 5437 sui
3377 5381 3670 5435 adventum.
3709 5382 3815 5435 Viri

2220 5475 2340 5539 iusti
2366 5475 2673 5543 peregrinari
2697 5475 2876 5526 coacti.
2903 5503 2972 5513 -—
3000 5473 3289 5543 Propterea
3338 5489 3553 5543 quoque
3584 5475 3754 5542 legem
3784 5492 3811 5528 a

2217 5582 2276 5620 se
2305 5567 2554 5634 scriptam
2583 5566 2740 5619 nobis
2764 5565 2932 5629 dedit,
2959 5575 3012 5619 et
3045 5566 3330 5634 prephetas
3356 5565 3522 5624 misit.
3553 5579 3615 5619 ac
3646 5567 3810 5618 mira-

2219 5657 2336 5712 cula
2358 5659 2539 5718 edidit,
2568 5667 2620 5711 et
2647 5667 2770 5711 ante
2797 5657 2908 5711 lure
2939 5657 3138 5717 omnia.
3163 5657 3320 5711 simul
3345 5665 3506 5724 atque
3540 5657 3810 5710 hominem

2222 5752 2390 5815 ﬁnxit,
2417 5752 2723 5821 magistrum
2753 5765 2780 5805 ελ
2805 5760 2993 5804 natura
3035 5749 3244 5804 insitam
3280 5751 3449 5820 legem
3517 5748 3731 5812 indidit.
3758 5759 3813 5802 et
