4050 6430
245 372 352 430 ιεε

245 487 598 556 ἐπανάγουσα
633 482 826 538 πάλιν·
853 481 914 535 οὐ
961 481 1125 549 μόνον
1149 479 1228 543 δὲ,
1264 475 1402 531 ἀλλά
1432 476 1527 529 καὶ
1566 473 1676 526 τῶν
1728 470 1852 542 μεθ-

244 579 526 654 ημερινῶν
567 594 628 630 σε
678 573 1018 630 ἀπαλλάττει
1049 570 1262 636 λυπῶν,
1301 569 1398 622 καὶ
1449 567 1559 620 τῶν
1604 565 1851 634 ἀκαίρων

245 675 432 745 ἀνίησι
453 670 752 743 φροντίδων
772 686 784 698 ·
815 667 1076 731 πολλάκις
1099 667 1158 720 δέ
1187 665 1281 719 καὶ
1308 662 1593 726 νοσοῦντος
1617 661 1851 732 πυρετὸν

245 767 496 827 ισδεσεν,
526 763 946 834 ἀντιφάρμακον
980 757 1148 812 ὕπνον
1183 757 1458 822 ἐπάξασα,
1495 755 1589 808 καὶ
1612 753 1713 824 τὴν
1741 753 1851 806 τῶν

249 860 452 929 ἰατρῶν
477 856 870 929 ἀπορουμένην
904 853 1104 924 τέχνην
1143 855 1224 915 εἰς
1251 849 1429 904 εῦδιον
1457 849 1735 919 όρμίσασα
1766 846 1851 899 λια

250 953 406 1023 μένα,
438 952 535 1005 καὶ
561 947 771 1003 πολλῶν
818 945 1180 1012 ἀπαλλάξασα
1214 942 1429 996 πόνων.·
1458 941 1572 996 Καὶ
1610 938 1847 1009 τοσαύτη

245 1044 418 1114 αὐτῆς
469 1044 503 1115 ἡ
536 1041 697 1112 χρεία
721 1081 737 1105 ,
769 1038 1076 1112 τηλικαύτη
1110 1039 1142 1108 ἡ
1181 1034 1451 1105 ὠφέλεια,
1502 1033 1580 1098 ὡς
1609 1032 1705 1087 καὶ
1749 1031 1849 1102 τὴν

245 1135 464 1206 ἡμέραν
509 1134 772 1197 πολλάκις
815 1130 1265 1205 παραπόλλυσθαι
1294 1131 1409 1192 τοῖς
1447 1130 1505 1181 ἐν
1534 1126 1674 1197 αὐτῇ
1719 1141 1848 1196 σχο-

244 1229 432 1293 λάζειν
476 1227 954 1298 ἀποστερηθεῖσιν.
980 1225 1042 1279 Εἰ
1077 1223 1190 1295 γάρ
1225 1242 1311 1287 τις
1342 1223 1522 1277 ἀνέλοι
1571 1221 1650 1292 τῷ
1701 1221 1847 1290 λόγῳ

243 1319 348 1388 τὴν
377 1319 476 1389 τῆς
503 1319 696 1382 νυκτὸς
723 1318 959 1390 ἡσυχίαν
989 1319 1083 1371 καὶ
1104 1317 1204 1387 τὴν
1239 1317 1422 1371 ἄνεσιν
1463 1316 1558 1369 καὶ
1586 1315 1684 1387 τὴν
1715 1315 1846 1368 ἀνα-

245 1412 454 1483 κωχὴν,
484 1413 551 1466 δι’
585 1407 654 1485 ἦς
681 1413 899 1466 ἅπαντα
931 1410 1326 1474 ἀναπαύονται,
1357 1410 1452 1463 καὶ
1483 1407 1632 1480 ψυχὴ
1667 1424 1842 1461 πεπο-

244 1506 444 1572 νηκυῖά
479 1504 572 1557 καὶ
607 1502 768 1575 σῶμα
793 1502 1234 1573 ταλαιπωρηθὲν,
1279 1497 1607 1570 ἀκμαζούσῃ
1630 1500 1698 1570 τῇ
1726 1499 1844 1552 δια-

245 1596 367 1667 νοίᾳ
402 1597 500 1665 τῆς
537 1595 655 1666 μεθ’
701 1594 919 1666 ἡμέραν
958 1594 1224 1666 ἐργασίας
1263 1593 1530 1660 ἅπτεται,
1567 1592 1844 1664 ἄχρηστον

243 1687 439 1756 ὄψεται
469 1688 530 1742 τὸ
565 1687 705 1751 ζῶον
731 1686 891 1740 τοῦτο
921 1687 1227 1758 γινόμενον.
1263 1687 1328 1740 Εἰ
1376 1684 1434 1739 δέ
1459 1703 1543 1750 τις
1575 1683 1841 1755 προσθείη

242 1778 345 1841 τὰς
374 1777 577 1843 νύκτας
610 1780 730 1842 ταῖς
759 1777 998 1850 ἡμέραις
1030 1773 1350 1848 ἐγρηγορὼς
1393 1776 1488 1828 καὶ
1532 1773 1842 1846 ἐργαζόμε-

242 1870 417 1942 vaga
459 1871 553 1923 καὶ
597 1869 802 1941 ἀργῶν,
846 1872 941 1923 καὶ
987 1869 1080 1922 ἐπὶ
1119 1869 1281 1922 πλέον
1327 1867 1488 1921 τοῦτο
1525 1868 1841 1937 ποιήσειεν,

243 1961 602 2016 ἀποθανεῖται
644 1961 849 2026 εὐθέως
876 2002 891 2026 ,
934 1962 967 2032 ἢ
1004 1963 1053 2014 εἰ
1112 1962 1189 2034 μὴ
1218 1959 1413 2025 τοῦτο,
1451 1960 1593 2032 νόσῳ
1620 1960 1843 2021 πάντως

246 2055 439 2124 μακρᾷ
481 2053 835 2127 παραδοθεὶς.
876 2053 1030 2106 οὐδὲν
1060 2052 1170 2106 ἀπὸ
1209 2053 1310 2123 τῆς
1346 2053 1564 2126 ἡμέρας
1616 2050 1836 2124 καρπώ·

245 2163 397 2199 σεται
427 2150 507 2210 εἰς
528 2147 626 2217 τὴν
646 2146 746 2216 τῆς
767 2147 976 2210 οἰκείας
1004 2145 1194 2219 χρείας
1223 2145 1528 2217 ἐνέργειαν,
1551 2144 1650 2215 τῆς
1683 2143 1837 2198 δυνά·

245 2258 394 2313 μεως
422 2241 570 2312 αὐτῷ
600 2241 1087 2313 κατασϐεσθείσης.

315 2418 378 2470 Εἰ
403 2417 459 2470 δὲ
488 2417 583 2471 καὶ
612 2418 706 2472 ἐπὶ
734 2418 825 2471 τὸν
854 2419 1084 2490 ἄπειρον
1099 2418 1206 2471 τῶν
1226 2415 1425 2489 ἰχθύων
1454 2418 1625 2489 δῆμον
1653 2418 1840 2473 ἀπλώ-

244 2526 443 2579 σαιμεν
476 2511 566 2564 τὸν
598 2511 778 2580 λόγον,
819 2512 929 2566 τῶν
953 2515 1010 2565 ἐν
1063 2512 1306 2583 λίμναις,
1349 2511 1459 2565 τῶν
1507 2513 1565 2564 ὲν
1614 2514 1840 2583 πηγαῖς,

239 2601 355 2655 τῶν
389 2604 448 2655 ἐν
481 2607 768 2674 ποταμοῖς,
797 2603 908 2656 τῶν
956 2606 1014 2658 ἐν
1047 2607 1115 2676 τῇ
1165 2604 1462 2679 πλεομένῃ,
1510 2604 1620 2657 τῶν
1669 2605 1728 2658 ἐν
1771 2607 1839 2676 τῇ

238 2691 482 2764 ἀπλώτῳ
523 2693 783 2765 θαλάττῃ,
816 2694 849 2764 ἦ
890 2694 1067 2748 καὶτὰ
1090 2697 1274 2764 ἄφατα
1301 2695 1413 2749 τῶν
1443 2695 1672 2766 ὀρνίθων
1707 2711 1836 2748 κατ-

242 2783 452 2855 ίδοιμεν
492 2783 642 2855 ἔθνη,
683 2787 795 2838 τῶν
842 2789 900 2840 ἐν
939 2787 1084 2858 ἀέρι,
1119 2787 1226 2840 τῶν
1258 2789 1317 2840 ἐν
1338 2790 1441 2858 γῇ,
1475 2787 1586 2839 τῶν
1622 2789 1680 2839 ἐν
1716 2786 1842 2840 ὓδα-

241 2890 331 2928 σιν
363 2874 500 2944 ὁμοῦ
521 2877 618 2930 καὶ
645 2880 715 2948 γῇ
749 2878 866 2950 (καὶ
890 2878 999 2951 γάρ
1033 2881 1181 2933 ἐστιν
1208 2873 1365 2952 [481]
1402 2877 1640 2950 ἀμφίϐια
1670 2878 1842 2932 πολλά

240 2973 300 3024 ὲν
330 2971 558 3040 αὐτοῖς),
585 2969 696 3022 τῶν
712 2969 1062 3042 άγρίων,τῶν
1083 2971 1326 3043 ἡμέρων,
1355 2971 1464 3025 τῶν
1480 2971 1690 3043 ἀγρίων
1717 2973 1838 3042 μὲν,

237 3063 712 3134 τιθασσευομένων
751 3063 828 3127 δὲ,
864 3063 972 3117 τῶν
1006 3063 1074 3116 δι’
1129 3065 1254 3116 ὅλου
1305 3063 1577 3134 μενόντων
1606 3064 1839 3133 ἀγρίων,

237 3156 348 3210 τῶν
379 3156 733 3228 ἐσθιομένων,
761 3156 872 3209 τῶν
900 3157 1001 3210 οὐκ
1029 3157 1382 3238 ἐσθιομένων,
1417 3158 1511 3210 καὶ
1542 3172 1842 3228 περιεργα-

239 3249 480 3320 σαίμεθα
509 3251 741 3305 ἑκάστου
773 3251 866 3303 καὶ
901 3250 1098 3313 κάλλος
1133 3251 1228 3302 καὶ
1271 3251 1471 3320 πτερὸν
1518 3250 1612 3303 καὶ
1657 3249 1841 3320 φωνὴν

235 3341 466 3412 ᾠδικὴν,
499 3340 580 3394 έτι
596 3357 657 3393 τε
688 3341 789 3404 τὰς
818 3341 1084 3411 διαφορὰς
1109 3342 1271 3410 μόνον
1291 3341 1472 3393 αὐτῶν
1503 3343 1552 3394 εἰ
1583 3341 1837 3409 καταμά-

236 3434 429 3503 θοιμεν
469 3435 562 3487 καὶ
590 3433 756 3504 ᾠδῆς,
803 3433 897 3487 καὶ
933 3432 1232 3504 τραπέζης.
1267 3432 1361 3487 καὶ
1406 3432 1705 3502 διαγωγῆς,
1746 3431 1840 3483 καὶ

233 3525 336 3590 τὰς
381 3525 687 3595 διατριϐὰς,
740 3527 834 3579 καὶ
876 3523 945 3579 τὰ
1004 3526 1129 3596 ἢθη,
1177 3526 1270 3578 καὶ
1311 3524 1411 3587 τὰς
1465 3524 1684 3594 χρείας.
1742 3524 1839 3577 καὶ

235 3619 337 3682 τὰς
361 3618 657 3684 διακονίας,
692 3619 758 3681 ἃς
800 3619 1134 3688 παρέχουσιν
1186 3619 1339 3687 ἡμῖν,
1379 3617 1562 3680 πάσας
1586 3616 1837 3670 ἐπέλθοι·

238 3728 364 3782 μεν,
408 3713 502 3765 καὶ
551 3713 618 3766 τά
665 3713 894 3784 μεγέθη.
946 3715 1041 3766 καὶ
1081 3712 1180 3783 τὴν
1226 3710 1561 3782 βραχύτητα,
1603 3713 1698 3763 καὶ
1737 3712 1837 3775 τὰς

233 3804 454 3868 ὠδῖνας,
482 3808 576 3858 καὶ
612 3808 712 3877 τὴν
744 3806 1072 3876 ἀνατροφὴν,
1106 3806 1202 3858 καὶ
1243 3806 1341 3874 τὴν
1373 3803 1574 3875 πολλὴν
1620 3806 1679 3856 ἐν
1714 3804 1838 3857 τού-

233 3913 352 3959 τοις
378 3897 471 3950 καὶ
499 3897 705 3967 ἄφατον
736 3899 1030 3958 ποικιλίαν,
1066 3899 1159 3950 καὶ
1194 3899 1253 3950 τὺ
1284 3898 1413 3950 αὐτὸ
1447 3896 1511 3968 δὴ
1554 3897 1712 3949 τοῦτο
1743 3897 1836 3950 καὶ

234 3991 332 4045 ἀπὶ
365 3989 562 4060 ἰχθύων
593 3993 944 4061 ποιήσαιμεν,
975 3991 1067 4044 καὶ
1085 3989 1336 4044 ἐντεῦθεν
1357 3989 1607 4058 ἔλθοιμεν
1630 3992 1726 4042 καὶ
1744 3990 1836 4042 ἐπὶ

233 4082 341 4147 τὰς
370 4083 620 4152 βοτάνας,
661 4085 758 4146 τὰς
800 4082 1075 4153 πανταχοῦ
1107 4083 1206 4152 τῆς
1235 4082 1335 4152 γῆς
1368 4082 1665 4152 φυομένας.
1707 4083 1836 4134 ἑκά-

239 4190 369 4228 στου
394 4191 453 4227 τε
493 4174 697 4227 τούτων
728 4175 820 4228 καὶ
852 4167 1066 4244 καρπὸν
1103 4174 1326 4240 ἴδοιμεν,
1375 4172 1469 4225 καὶ
1504 4173 1712 4243 χρείαν,
1742 4172 1836 4224 καὶ

234 4267 486 4332 εὐωδίαν,
527 4271 619 4322 καὶ
640 4269 782 4338 ὄψιν.
803 4269 897 4320 καὶ
932 4267 1102 4332 θέσιν,
1139 4267 1231 4320 καὶ
1266 4265 1461 4330 φύλλα,
1484 4265 1578 4318 καὶ
1607 4265 1828 4335 χρῶμα,

237 4360 333 4414 καὶ
359 4360 566 4431 σχῆμα,
593 4362 687 4413 κα¹ι
704 4361 951 4430 μέγεθος,
969 4362 1060 4412 καὶ
1082 4359 1408 4430 μικρότητα,
1431 4360 1523 4410 καὶ
1544 4359 1832 4426 ὠφέλειαν,

235 4455 332 4508 καὶ
357 4453 624 4526 ἐργασίας
650 4454 908 4525 τρόπους,
945 4456 1037 4505 καὶ
1066 4451 1266 4521 φλοιῶν
1307 4455 1398 4505 καὶ
1433 4452 1700 4522 στελεχῶν
1741 4454 1835 4505 καὶ

235 4546 448 4602 κλάδων
495 4545 780 4617 διαφορὰς,
831 4545 926 4598 καὶ
959 4545 1254 4614 λειμῶνας,
1308 4546 1401 4596 καὶ
1449 4545 1831 4616 παραδείσους,

233 4632 357 4692 εἶτα
390 4637 745 4708 μετέλθοιμεν
771 4637 864 4689 ἐπὶ
898 4638 966 4688 τὰ
1001 4637 1220 4690 ποικίλα
1245 4636 1536 4707 ἀρώματα,
1562 4638 1656 4690 καὶ
1707 4639 1832 4700 τοὺς

235 4730 612 4793 παντοδαποὺς
631 4730 827 4792 τόπους
841 4729 1019 4782 αὐτῶν
1044 4728 1573 4802 περιεργασαίμεθα,
1601 4729 1834 4791 καὶτοὺς

232 4822 469 4894 τρόπους
496 4821 597 4890 τῆς
635 4821 926 4892 εὑρέσεως,
965 4822 1059 4872 καὶ
1091 4820 1189 4888 τῆς
1229 4819 1570 4888 ἐπιμελείας,
1614 4820 1833 4888 καὶτῆς

232 4911 533 4982 γεωργίας,
562 4912 657 4964 καὶ
693 4912 776 4963 ὅτι
810 4909 946 4980 πρὸς
983 4909 1226 4981 ἰατρείαν
1258 4911 1387 4978 ἡμῖν
1415 4909 1678 4961 συντελεῖν
1738 4910 1832 4962 καὶ⁵

235 5003 376 5073 μετά
399 5002 607 5056 τούτων
659 5002 842 5064 πάλιν,
875 5003 924 5054 εἰ
973 5003 1068 5053 ἐπὶ
1096 5001 1162 5054 τά
1205 5000 1505 5070 μεταλλικά
1531 5001 1609 5053 ἔτι
1643 5004 1831 5072 χωρή-

231 5111 432 5164 σαιμεν
450 5096 574 5164 ὅρη,
599 5093 772 5146 πολλὰ
791 5093 922 5146 ὄντα
945 5096 1194 5155 κάκεῖνα,
1226 5094 1320 5146 καὶ
1343 5094 1441 5147 ὅσα
1468 5094 1631 5165 ἔτερα
1652 5094 1831 5165 πολλῷ

232 5186 456 5240 πλείονα
492 5187 632 5239 κατὰ
647 5185 745 5257 τὴν
774 5187 952 5239 κτίσιν
976 5187 1447 5257 διερευνὴσαιμεν,
1471 5188 1621 5248 ποῖος
1651 5186 1828 5252 λόγος,

231 5273 265 5343 ἢ
313 5276 463 5336 ποῖος
517 5274 649 5342 ἡμῖν
697 5275 976 5344 διαρκέσει
1033 5276 1224 5344 χρόνος
1282 5277 1420 5346 πρὸς
1469 5275 1569 5346 τὴν
1625 5276 1830 5330 τούτων

230 5363 437 5436 ἀκριϐῆ
485 5366 838 5436 κατανόησιν;
879 5369 988 5420 Καὶ
1035 5367 1209 5420 ταῦτα
1263 5369 1499 5431 ἅπαντα,
1550 5369 1827 5435 ἄνθρωπε,

227 5456 318 5509 διὰ
353 5445 431 5509 σέο
457 5458 549 5509 καὶ
579 5458 763 5526 τέχναι
792 5457 878 5510 διά
912 5459 990 5520 σέ,
1023 5459 1116 5511 καὶ
1151 5460 1582 5528 ἐπιτηδεύματα,
1616 5461 1709 5514 καὶ
1742 5465 1831 5515 πό-

229 5547 362 5611 λεις,
397 5552 490 5601 καὶ
514 5549 713 5618 κῶμαι.
762 5551 854 5601 καὶ
893 5549 1059 5613 ὕπνος
1093 5551 1183 5603 διὰ
1233 5551 1313 5614 σὲ,
1357 5556 1453 5604 καὶ
1492 5553 1720 5618 θάνατος
1742 5555 1829 5607 διά

229 5643 311 5703 σε,
335 5643 428 5695 καὶ
455 5638 567 5712 ζωὴ
588 5644 677 5696 διά
714 5645 792 5708 σὲ,
831 5644 926 5697 καὶ
948 5641 1177 5713 αύξησις
1201 5647 1294 5699 καὶ
1329 5646 1543 5713 φύσεως
1574 5647 1711 5718 ἔργα
1742 5667 1827 5701 το-

230 5733 426 5794 σαῦτα,
461 5735 554 5787 καὶ
601 5734 838 5797 τοιοῦτος
870 5738 898 5788 ό
933 5737 1136 5806 κόσμος
1169 5736 1259 5789 διὰ
1289 5738 1348 5790 σε
1378 5738 1493 5801 νῦν,
1526 5742 1620 5793 καὶ
1663 5743 1826 5794 πάλιν

232 5821 472 5890 ἀράκην
499 5822 589 5877 διὰ
642 5825 719 5877 σέ.
758 5825 877 5878 Ὀτι
915 5823 1023 5896 γὰρ
1061 5825 1299 5896 ἀμείνων
1338 5826 1511 5891 ἔσται,
1543 5831 1633 5883 καὶ
1672 5831 1826 5886 τοῦτο

1088 357 1178 412 AD
1218 355 1349 412 EOS
1387 353 1510 424 QUI
1545 341 2053 408 SCANDALlZATI
2099 345 2306 403 SUNT.
2353 346 2482 402 LIB.
2524 343 2735 402 UNUS.

3445 345 3556 402 £96

1955 468 2043 522 διά
2068 468 2150 530 σὲ,
2185 468 2418 523 ἄκουσον
2440 469 2494 520 τί
2524 483 2690 537 φησιν
2715 466 2744 516 ὁ
2774 462 3007 525 Παῦλοςο
3040 457 3169 514 Ὀτι
3211 461 3310 514 καί
3335 459 3489 528 αὑτὴ
3515 461 3555 529 ὴ

1957 563 2156 629 κτίσις
2198 560 2747 629 ἐλευθερωθήσεται
2791 557 2909 612 ἀπὸ
2959 553 3072 624 τῆς
3113 554 3397 618 δουλείας
3446 553 3558 620 τῆς

1955 654 2200 724 φθορᾶς·
2227 654 2371 708 τοῦτ’
2401 653 2568 716 ἐστιν,
2603 649 2714 705 ἀπὸ
2752 648 2847 704 τοῦ
2877 645 3019 702 εῖναι
3049 647 3283 718 φθαρτή.
3319 645 3442 710 Πῶς
3501 645 3560 698 δὲ

1957 747 2050 798 καὶ
2077 748 2174 816 τῆς
2230 744 2500 815 τοσαύτης
2551 740 2925 798 ἀπολαύσεται
2971 740 3136 811 τιμῆς
3165 739 3253 793 διά
3279 740 3338 792 σὲ
3381 739 3561 802 δηλῶν

1954 842 2260 912 ἐπήγαγεν,
2295 844 2398 906 Εἰς
2428 841 2544 908 τὴν
2565 837 2918 904 ἐλευθερίαν
2943 833 3056 903 τῆς
3081 833 3270 900 δόξης
3306 831 3429 887 τῶν
3464 833 3558 887 τέο

1955 952 2120 989 acer
2141 935 2250 988 τοῦ
2277 935 2447 988 Θεοῦ.
2484 934 2547 987 Εἰ
2592 931 2650 986 δὲ
2701 930 2778 1003 μὴ
2803 926 3018 1001 μακρόν
3057 927 3264 997 σφόδρα
3293 926 3386 980 καὶ
3417 925 3562 998 ὑπὲρ

1953 1025 2014 1078 τὸ
2046 1024 2248 1096 μέτρον
2277 1023 2584 1094 ἐποιούμην
2628 1023 2723 1076 τὸν
2763 1021 2946 1090 λόγον,
2994 1017 3169 1072 πολλά
3203 1018 3271 1072 ἂν
3293 1019 3387 1072 καὶ
3429 1019 3562 1089 περὶ

1955 1116 2190 1171 θανάτου
2211 1117 2606 1188 ἐφιλοσόφησα,
2633 1115 2728 1168 καὶ
2746 1117 2803 1168 ἐν
2819 1114 2994 1184 τούτῳ
3020 1112 3254 1184 μάλιστα
3283 1109 3562 1164 ἐδείκνυον

1951 1212 2053 1282 τὴν
2081 1211 2275 1280 σοφίαν
2323 1210 2417 1264 τοῦ
2449 1209 2586 1263 θεοῦ
2647 1211 2742 1263 καὶ
2795 1208 2896 1278 τὴν
2943 1208 3225 1278 πρόνοιαν,
3267 1203 3562 1260 καὶπολλὰ

1952 1301 2083 1373 περὶ
2116 1302 2344 1372 φθορᾶς,
2376 1301 2506 1372 περὶ
2531 1299 2749 1372 ἰχῶρος,
2782 1299 2912 1369 περὶ
2941 1299 3263 1370 σκωλήκων,
3296 1297 3390 1351 καὶ
3429 1298 3562 1368 περὶ

1949 1393 2158 1465 τέφρας
2197 1389 2351 1448 εἷπον
2382 1393 2468 1460 ἂν,
2503 1395 2646 1465 ἅπερ
2693 1392 2929 1464 μάλιστα
2967 1390 3260 1462 θρηνοῦσιν
3290 1391 3340 1443 οί
3375 1389 3563 1444 πολλοὶ

1950 1487 2046 1541 καὶ
2080 1487 2462 1559 ἀποδύρονται,
2487 1487 2570 1540 ὅτι
2593 1488 2673 1548 είς
2695 1487 2926 1557 τέφραν,
2952 1485 3034 1538 ὅτι
3059 1485 3139 1547 εἰς
3159 1483 3332 1546 κόνιν,
3368 1485 3451 1538 ὅτι
3481 1487 3564 1548 εἰς
3587 1560 3590 1561 ν

1951 1580 2240 1652 σκώληκας
2267 1578 2841 1651 διαλυθήσεταιήμῶν
2865 1578 2933 1631 τὰ
2975 1579 3230 1646 σώματα,
3262 1576 3564 1632 κάντεῦθεν

1948 1671 2236 1744 ἐδείξαμεν
2251 1672 2351 1743 τὴν
2377 1672 2586 1742 ἄφατον
2608 1671 2774 1726 αὑτοῦ
2805 1671 3068 1743 πρόνοιαν
3090 1672 3185 1724 καὶ
3206 1671 3559 1743 κηδεμονίαν.

1961 1766 2096 1819 Ἀπὸ
2120 1766 2229 1837 γάρ
2249 1764 2350 1834 τῆς
2373 1764 2545 1835 αὐτῆς
2574 1763 2856 1836 προνοίας,
2891 1763 3001 1817 ἀπὸ
3027 1764 3125 1835 τῆς
3156 1764 3327 1834 αὐτῆς
3358 1763 3562 1832 ἀγαθό-

1948 1876 2130 1932 τητος,
2156 1859 2250 1929 ἀφ’
2283 1853 2354 1930 ἧς
2376 1858 2477 1912 οὒκ
2505 1858 2667 1922 δντας
2697 1857 2980 1928 ἐποίησεν,
3007 1855 3116 1910 ἀπὸ
3147 1858 3247 1926 τῆς
3271 1856 3441 1926 αὐτῆς
3469 1855 3565 1908 καὶ

1948 1949 2320 2021 ἀποθνήσκειν
2375 1948 2655 2014 ἐκέλευσε,
2713 1949 2810 2003 καὶ¹
2829 1947 3071 2002 τοιοῦτον
3105 1947 3252 2017 ἔχειν
3285 1947 3348 2000 τὸ
3384 1946 3560 2011 τέλος.

1947 2033 2012 2100 Εἰ
2059 2045 2169 2115 γὰρ
2209 2046 2306 2099 καὶ
2348 2044 2588 2115 διάφορα
2610 2043 2680 2098 τά
2719 2041 3008 2113 γινόμενα,
3042 2041 3179 2094 ἀλλά
3235 2043 3366 2112 μιᾶς
3421 2042 3563 2096 εἰσιν

1947 2138 2309 2209 ἀγαθότητοςδ
2344 2137 2373 2191 ὃ
2395 2154 2456 2191 τε
2479 2135 2590 2207 γάρ
2619 2133 2875 2190 ἀπελθὼν
2903 2133 3057 2188 οὐδὲν
3088 2134 3341 2188 ἐντεῦθεν
3383 2151 3558 2206 παρα-

1948 2232 2273 2298 δλάπτεται,
2315 2231 2344 2286 ὃ
2378 2248 2438 2285 τε
2467 2228 2580 2294 ζῶν
2611 2228 2680 2283 τά
2726 2229 2962 2300 μέγιστα
3003 2227 3258 2282 ἐντεῦθεν
3283 2228 3561 2300 κερδανεῖ,

1947 2325 2006 2377 ἐν
2032 2323 2301 2396 ἀλλοτρίῳ
2337 2320 2555 2394 σώματι
2593 2322 2803 2376 οἰκείαν
2845 2321 3236 2394 καρπούμενος
3265 2323 3563 2391 ὠφέλειαν.

1949 2418 2120 2472 Ὀταν
2142 2415 2251 2488 γάρ
2283 2414 2368 2488 ἴδῃ
2401 2414 2494 2469 τὸν
2528 2414 2658 2486 χθὲς
2707 2415 2804 2469 καὶ
2846 2414 3044 2486 πρώην
3066 2416 3187 2484 μετ’
3213 2413 3380 2468 αὐτοῦ
3413 2414 3563 2486 βαδί-

1947 2507 2132 2573 ζοντα,
2156 2507 2348 2563 τοῦτον
2375 2509 2456 2572 εἰς
2481 2505 2774 2580 σκώληκας
2787 2506 3144 2577 διαλυόμενον
3161 2507 3254 2559 καὶ
3275 2507 3355 2570 εἰς
3389 2506 3563 2577 ἰχῶρα

1947 2603 2041 2655 καὶ
2070 2601 2282 2672 τέφραν
2321 2595 2419 2655 καὶ
2449 2601 2620 2668 κόνιν,
2647 2600 2754 2655 κᾶν
2792 2599 2960 2654 αὑτοῦ
2990 2596 3087 2654 τοῦ
3143 2598 3396 2653 διαϐόλου
3455 2598 3558 2670 τὴν

1947 2694 2208 2749 ἀπόνοιαν
2232 2694 2354 2767 ἔχῃ,
2390 2692 2545 2766 [482]
2599 2695 3008 2766 καταπτήσσει,
3050 2691 3427 2756 συστέλλεται,
3461 2710 3564 2763 με·

1948 2787 2184 2858 τριάζει,
2217 2787 2533 2857 φιλοσοφεῖν
2565 2786 2905 2852 παιδεύεται,
2943 2786 3040 2840 καὶ
3075 2785 3174 2857 τὴν
3209 2785 3421 2857 μητέρα
3450 2785 3564 2838 τῶν

1947 2880 2168 2949 ἀγαθῶν
2199 2879 2300 2952 τὴν
2331 2879 2843 2952 ταπεινοφροσύνην
2875 2881 2958 2944 εἰς
2987 2878 3088 2951 τὴν
3128 2879 3371 2934 διάνοιαν
3393 2881 3563 2933 εἰσοι-

1947 2970 2111 3036 κίζει.
2134 2971 2327 3037 Οὕτως
2354 2971 2481 3026 οὕτε
2519 2975 2548 3026 ό
2590 2971 2845 3028 ἀπελθών
2872 2989 2925 3026 τι
2976 2971 3322 3044 παρεϐλάἦηο
3351 2971 3564 3042 ἀπολή-

1945 3065 2107 3134 ψεται
2130 3066 2240 3139 γὰρ
2273 3066 2437 3120 τοῦτο
2468 3065 2532 3121 τὸ
2571 3065 2734 3137 σῶμα
2766 3066 3049 3137 ἀκήρατον
3077 3067 3175 3118 καὶ
3199 3064 3501 3136 ἄφθαρτον·
3533 3066 3563 3119 δ

1946 3177 2003 3213 τε
2023 3159 2104 3212 έτι
2133 3161 2191 3214 ἐν
2221 3159 2301 3232 τῷ
2341 3161 2630 3232 σκάμματι
2663 3159 2762 3224 ὢν,
2794 3160 2887 3228 ἀφ’
2910 3152 2987 3212 ὧν
3000 3158 3154 3213 οὐδὲν
3189 3159 3377 3230 ἕτερος
3410 3158 3564 3214 ἐδλά-

1946 3250 2035 3322 6η,
2066 3249 2139 3304 τά
2181 3252 2416 3322 μέγιστα
2477 3252 2752 3322 κερδανεῖ.
2795 3250 2911 3320 Ούχ
2952 3250 2982 3302 ό
3018 3247 3201 3319 τυχὼν
3238 3249 3562 3315 διδάσκαλος

1946 3342 2269 3412 φιλοσοφίας
2323 3345 2352 3396 ό
2399 3342 2632 3406 θάνατος
2678 3342 2974 3412 εἰσηνέχθη
3036 3343 3115 3404 εἰς
3161 3341 3254 3394 τὸν
3288 3340 3562 3413 ἡμέτερον

1947 3436 2082 3507 βίον,
2107 3435 2476 3506 παιδαγωγῶν
2507 3437 2607 3508 τὴν
2641 3438 2901 3502 διάνοιαν,
2940 3437 3035 3490 καὶ
3067 3436 3136 3489 τά
3160 3437 3307 3508 πάθη
3334 3437 3433 3507 τῆς
3457 3437 3561 3505 ψυ-

1943 3530 2047 3599 χῆς
2080 3529 2332 3598 χαλινῶν,
2359 3531 2454 3582 καὶ
2483 3529 2552 3583 τὰ
2589 3529 2811 3600 κύματα
2837 3528 3243 3592 καταστέλλων,
3277 3531 3372 3582 καὶ
3385 3529 3558 3599 γαλή-

1944 3637 2042 3690 νην
2073 3621 2262 3675 ποιῶν.
2295 3621 2505 3676 Μαθὼν
2527 3623 2706 3677 τοίνυν
2737 3623 2832 3675 καὶ
2863 3621 3070 3674 ἐκτῶν
3104 3623 3437 3695 εἰρημένων,
3461 3622 3559 3675 καὶ

1943 3714 2002 3781 ἐξ
2038 3715 2244 3785 ἐτέρων
2286 3715 2571 3782 πλειόνων,
2620 3715 2715 3768 τοῦ
2746 3716 2924 3784 φωτὸς
2954 3714 3146 3769 τούτου
3175 3715 3558 3786 φανερώτερον

1941 3811 2358 3883 διαλάμπουσαν
2388 3813 2489 3881 τὴν
2515 3812 2612 3865 τοῦ
2645 3813 2782 3866 Θεοῦ
2821 3813 3104 3893 πρόνοιαν,
3154 3812 3230 3883 μὴ
3259 3813 3560 3884 περιεργά-

1945 3909 2037 3972 ζου
2070 3910 2141 3962 τὰ
2190 3910 2444 3981 περιττά,
2511 3909 2647 3979 μηδὲ
2713 3911 2956 3980 ἀκίχητα
2986 3909 3172 3972 δίωκε,
3218 3911 3319 3971 τάς
3374 3909 3557 3973 αἰτίας

1943 4008 2164 4060 πάντων
2195 4006 2485 4071 ἐξετάζων.
2526 4007 2635 4059 Καὶ
2665 4006 2775 4077 γὰρ
2825 4006 2957 4058 αύτὺ
2996 4006 3056 4058 τὸ
3081 4002 3220 4058 εἶναι
3257 4006 3316 4070 ἐξ
3348 4005 3555 4074 ἀγαθό-

1942 4119 2102 4170 τητος
2127 4105 2260 4174 ἡμῖν
2300 4103 2579 4172 παρέσχεν
2619 4104 2680 4156 οὐ
2720 4102 2912 4173 χρείαν
2946 4102 3086 4171 ἔχων
3122 4102 3283 4173 ἡμῶν
3317 4102 3554 4183 τῆνςρια-

1943 4200 2146 4263 κονίας.
2171 4201 2280 4252 Καὶ
2307 4198 2413 4273 χρὴ
2449 4200 2753 4269 θαυμάζειν
2782 4200 2945 4252 αὐτὸν
2965 4201 3058 4252 καὶ
3084 4202 3430 4272 προσκυνεῖν,
3453 4202 3551 4268 οὐχ

1940 4295 2022 4347 ὅτι
2047 4295 2272 4363 ἐποίησε
2304 4297 2486 4366 μόνον,
2521 4296 2629 4348 οὐδ’
2677 4297 2758 4348 ὃτι
2790 4295 2968 4365 ψυχὴν
2997 4297 3294 4368 ἐχαρίσατο
3323 4297 3548 4365 ἀσώμαι

1941 4408 2033 4444 τον
2051 4393 2146 4445 καὶ
2171 4391 2413 4463 λογικὴν,
2433 4393 2544 4446 οὐδ’
2560 4393 2642 4445 δτι
2664 4393 2774 4444 τῶν
2804 4392 2983 4446 ἄλλων
3011 4394 3269 4447 ἀπάντων
3303 4393 3549 4461 βελτίους

1943 4489 2258 4558 εἰργάσατο,
2273 4489 2383 4542 οὐδ’
2396 4489 2478 4542 ὅτι
2497 4489 2594 4559 τὴν
2606 4489 2926 4543 δεσποτείαν
2940 4490 3239 4561 ἐνεχείρισε
3253 4489 3362 4543 τῶν
3407 4486 3550 4558 ὁρω-

1944 4586 2141 4654 μένων,
2175 4588 2267 4639 καὶ
2311 4586 2410 4657 τὴν
2441 4586 2690 4650 ἐξουσίαν
2734 4587 3054 4658 ἐπέτρεψεν,
3087 4587 3202 4640 ἀλλ’
3251 4589 3334 4641 ὅτι
3383 4587 3551 4658 μηδὲν

1939 4683 2194 4752 δεόμενος
2225 4683 2402 4754 ἡμῶν.
2444 4685 2517 4736 Τὸ
2548 4684 2656 4756 γὰρ
2690 4685 2754 4756 δὴ
2792 4685 3110 4755 θαυμαστὸν
3138 4685 3240 4755 τῆς
3271 4684 3548 4753 ἀγαθότη-

1939 4797 2030 4842 τος
2058 4779 2222 4832 αὑτοῦ
2264 4781 2423 4832 τοῦτό
2467 4782 2636 4845 ἐστιν,
2669 4781 2750 4833 ὅτι
2774 4781 2927 4834 οὐδὲν
2967 4779 3186 4853 χρῄζων
3220 4781 3382 4851 ἡμῶν
3443 4783 3542 4850 τῆς

1938 4878 2216 4940 διακονίας
2237 4881 2555 4950 παρήγαγε.
2580 4881 2686 4933 Καὶ
2708 4880 2817 4952 γὰρ
2839 4883 2969 4952 πρὶν
2985 4882 3108 4950 γενέ
3119 4881 3241 4935 σθαι
3265 4883 3360 4936 καὶ
3376 4883 3546 4953 ἡμᾶς,

1939 4977 2033 5029 καὶ
2069 4976 2357 5044 ἀγγέλους,
2387 4977 2484 5028 καὶ
2515 4977 2613 5040 τάς
2640 4977 2754 5030 ἄνω
2779 4977 3062 5048 δυνάμεις,
3103 4974 3172 5050 ἦν
3205 4980 3306 5050 τὴν
3338 4980 3552 5033 οἰκείαν

1934 5073 2094 5137 δόξαν
2119 5074 2258 5144 ἔχων
2287 5076 2380 5127 καὶ
2414 5075 2516 5145 τὴν
2569 5075 2972 5146 μακαριότητα,
3004 5076 3094 5130 διά
3128 5076 3550 5149 φιλανθρωπίαν

1936 5171 1993 5224 δὲ
2029 5173 2199 5240 μόνην
2237 5173 2386 5241 ἡμᾶς
2415 5173 2734 5243 παρήγαγε,
2761 5175 2854 5226 καί¹
2879 5174 3100 5229 ἅπαντα
3122 5176 3298 5230 ταῦτα
3319 5177 3546 5246 ἐποίησε

1935 5269 2002 5321 δι’
2029 5271 2196 5340 ἡμᾶς,
2226 5271 2320 5323 καὶ
2356 5269 2436 5324 ἔτι
2463 5269 2644 5341 πολλῷ
2672 5272 2897 5326 πλείονα
2924 5274 3153 5330 τούτων.

2013 5445 2151 5512 Κεφ.
2171 5450 2239 5514 η’.
2260 5444 2358 5497 Διά
2376 5444 2534 5498 τοῦτο
2552 5447 2648 5499 καὶ
2669 5446 2833 5516 νόμον
2857 5447 3074 5517 γράψας
3096 5447 3264 5500 ἔδωκε
3284 5448 3351 5500 δι’
3373 5451 3548 5520 ἡμᾶς,

1936 5543 2030 5594 καὶ
2058 5544 2343 5614 προφήτας
2372 5543 2684 5604 ἀπέστειλε,
2711 5545 2805 5596 καὶ
2827 5545 3085 5614 θαύματα
3111 5548 3424 5616 εἰργάσατο,
3449 5548 3545 5601 καὶ

1936 5642 2042 5710 πρὸ
2069 5640 2278 5693 τούτων
2304 5641 2560 5694 ἁπάντων
2584 5641 2722 5712 ὁμοῦ
2757 5642 2970 5704 πλάσας
2998 5643 3091 5695 τὸν
3118 5643 3429 5713 ἄνθρωπον,
3463 5645 3540 5697 δι-

1933 5738 2203 5790 δάσκαλον
2234 5737 2382 5807 αύτῷ
2412 5739 2504 5791 τὸν
2536 5738 2779 5808 ἔμφυτον
2805 5739 3102 5791 ἐναπέθετο
3129 5738 3315 5808 νόμον,
3346 5739 3539 5809 ὥσπερ

1937 5836 2102 5906 πλοίῳ
2125 5835 2489 5908 κυϐερνήτην,
2525 5837 2616 5890 καὶ
2665 5836 2876 5908 ἡνίοχον
2904 5837 3078 5907 ἵππῳ,
3114 5839 3225 5899 τοῖς
3252 5835 3533 5907 λογισμοῖς
