4050 6430
179 351 281 406 497

182 475 458 533 tamquam
490 456 616 514 navi
637 455 1070 527 gubernatorem,
1099 455 1154 502 et
1179 459 1317 515 equo
1345 440 1603 510 aurigam,
1625 431 1776 533 cogi:

181 522 479 612 titionibus
507 522 706 604 nostris
740 560 862 600 cum
889 539 1146 611 praefecit.
1174 536 1252 591 Ita
1287 533 1536 589 nimirum
1563 535 1618 582 et
1643 522 1778 579 Abel

188 647 362 716 ipsum
405 642 573 699 novit.
602 653 724 694 cum
771 650 876 689 non
916 640 1094 686 essent
1121 630 1310 690 literte,
1345 639 1451 678 non
1483 619 1776 691 prophetm,

183 706 289 791 non
345 731 572 805 apostoli
600 773 614 793 ,
667 741 839 798 neque
902 723 1100 792 scripta
1159 721 1245 775 lex
1296 717 1632 776 institueret,
1684 706 1780 763 sed

182 825 326 895 quod
380 800 412 876 ξι
467 832 653 876 natura
705 819 918 873 insitam
965 815 1138 883 legem
1185 811 1424 864 haberet.
1471 804 1547 859 ita
1601 800 1778 858 Cain:

185 893 308 972 nam
341 927 396 972 et
427 917 515 971 ille
541 914 717 978 novit;
741 920 795 966 et
833 920 1055 977 uterque
1092 904 1308 973 quidem
1345 901 1518 971 ipsum
1556 893 1780 957 sciebat,

184 1022 235 1065 et
293 1009 629 1063 dominatum
677 1008 985 1072 agnoverat,
1015 996 1108 1052 sed
1150 1009 1256 1049 non
1288 989 1534 1046 eamdem
1559 994 1786 1054 uterque

184 1103 325 1155 viam
370 1102 642 1169 ingressus
690 1103 794 1156 est,
822 1106 1009 1146 verum
1055 1087 1190 1142 alter
1226 1083 1446 1155 quidem
1489 1077 1627 1144 vitii,
1650 1075 1786 1130 alter

186 1202 366 1246 autem
395 1166 625 1243 virtutis.
652 1186 1030 1240 Verumtamen
1063 1193 1129 1232 ne
1150 1179 1228 1232 sic
1251 1173 1465 1245 quidem
1487 1171 1659 1239 ipsum
1687 1166 1783 1221 de-

188 1283 379 1343 seruit,
403 1280 498 1334 sed
546 1288 601 1332 et
641 1277 850 1345 lapsum
873 1287 937 1327 ac
963 1269 1362 1339 supplantatum
1389 1261 1582 1327 erexit,
1609 1268 1663 1315 et
1689 1272 1786 1312 sua

189 1388 319 1428 cura
347 1372 596 1441 dignatus
622 1377 706 1423 est
733 1381 747 1419 :
782 1380 846 1420 ac
875 1363 1106 1434 primum
1137 1357 1353 1429 quidem
1393 1355 1637 1408 hortatus
1682 1358 1784 1413 est,

190 1476 245 1520 et
269 1464 549 1520 consilium
573 1460 739 1525 dedit,
768 1465 948 1528 postea
971 1468 1099 1508 vero
1124 1458 1270 1506 metu
1297 1461 1360 1503 ac
1387 1454 1624 1502 tremore
1639 1456 1788 1497 com-

192 1556 434 1622 monuit,
484 1553 734 1617 erudivit,
775 1548 1006 1605 edocuit.
1038 1543 1300 1613 Quoniam
1352 1546 1532 1595 autem
1582 1542 1786 1591 tantum

192 1665 392 1706 munus
420 1647 665 1702 homines
690 1643 842 1699 multi
876 1639 1244 1710 prodiderunt,
1274 1634 1415 1688 hanc
1444 1630 1660 1699 inquam
1696 1640 1788 1679 na-

193 1740 384 1796 turalis
409 1737 670 1794 doctrina:
694 1734 998 1795 utilitatem,
1030 1744 1101 1783 ne
1129 1727 1208 1781 sic
1234 1723 1450 1796 quidem
1480 1733 1574 1775 eos
1602 1716 1791 1773 dereli-

192 1832 333 1902 quit,
365 1845 539 1898 neque
563 1834 812 1882 extremo
839 1821 1005 1878 exitio
1028 1818 1310 1888 expositos
1328 1827 1451 1870 esse
1476 1809 1663 1873 voluit,
1695 1807 1790 1863 sed

191 1930 506 1976 constanter
530 1933 626 1974 eos
649 1917 810 1972 rebus
841 1913 989 1983 ipsis,
1024 1908 1300 1966 beneﬁciis
1320 1948 1336 1973 ,
1364 1903 1641 1975 suppliciis
1668 1916 1791 1955 eru-

190 2012 312 2067 dire
357 2019 516 2080 atque
564 2008 855 2062 admonere
913 2017 1020 2057 non
1073 2003 1338 2062 cessavit,
1382 2011 1446 2051 ac
1485 2011 1579 2066 per
1619 1994 1789 2064 ipsam

193 2109 504 2158 creaturam
533 2113 650 2169 qua)
690 2094 915 2166 singulis
962 2091 1152 2148 diebus
1181 2097 1458 2160 operatur,
1485 2095 1541 2140 et
1563 2098 1792 2138 consue.

197 2204 314 2248 tum
356 2191 728 2262 ministerium
755 2202 909 2242 suum
962 2184 1165 2254 implet,
1193 2196 1292 2253 per
1329 2196 1391 2236 ea
1438 2194 1558 2249 qnte
1600 2185 1796 2247 prmtcr

193 2284 506 2354 opinionem
550 2291 606 2335 et
654 2277 1095 2334 consuetudinem
1148 2276 1300 2338 liunt,
1343 2287 1440 2342 per
1476 2284 1569 2324 eos
1597 2269 1792 2338 jttstos,

193 2374 286 2444 qui
334 2374 404 2428 ab
447 2375 600 2427 initio
644 2373 910 2425 vixerunt.
957 2366 1229 2437 Siquidem
1275 2365 1419 2419 viros
1453 2362 1710 2424 eximios,
1742 2369 1796 2414 rt

197 2465 535 2535 philosophia
558 2478 766 2518 summa
794 2459 1048 2532 praeditos
1068 2473 1099 2514 e
1118 2458 1238 2511 loco
1268 2457 1321 2510 in
1350 2456 1524 2510 locum
1554 2461 1793 2508 transtu-

195 2559 278 2612 lit.
309 2557 441 2611 Nam
495 2566 548 2611 et
582 2554 851 2608 Abraham
884 2565 1026 2607 nunc
1065 2550 1278 2620 quidem
1324 2550 1374 2602 in
1423 2546 1790 2608 Palmstinam,

197 2665 341 2704 nunc
362 2660 536 2703 autem
567 2647 620 2701 in
653 2646 943 2716 Egyptum
973 2643 1236 2714 prolicisci
1260 2642 1439 2712 jussit,
1462 2649 1516 2696 et
1544 2639 1710 2694 Jaeob
1743 2637 1792 2690 iu

195 2741 444 2809 Syriam;
475 2739 708 2811 llloysem
743 2751 927 2792 rursus
947 2738 996 2790 in
1030 2734 1343 2806 (Egyptum,
1378 2741 1488 2787 tres
1517 2747 1712 2801 pueros
1745 2731 1795 2783 in

201 2830 525 2900 Babylonem
545 2872 558 2888 .
585 2837 640 2882 et
672 2829 946 2882 Danielem
967 2867 979 2889 ,
1011 2836 1064 2881 et
1111 2823 1481 2884 Ezechielem.
1507 2823 1794 2896 Jereniinm

195 2932 377 2977 autem
418 2922 467 2974 in
498 2920 807 2990 [Egyptmm
830 2918 1030 2974 Deinde
1067 2931 1197 2973 vero
1237 2917 1408 2987 legem
1439 2917 1601 2972 etiam
1617 2914 1792 2979 dedit,

195 3027 261 3066 ae
281 3010 572 3082 prophetas
603 3010 770 3077 misit,
798 3019 850 3065 et
875 3009 1083 3076 afﬂixit,
1106 3017 1160 3062 et
1178 3007 1517 3071 condonavit,
1539 3015 1593 3060 et
1623 3005 1794 3072 capti-

197 3104 350 3158 vitati
382 3103 620 3170 tradidit,
653 3113 704 3157 et
730 3102 977 3157 libertate
1003 3100 1243 3166 donavit,
1277 3114 1450 3168 neque
1477 3113 1506 3152 a
1531 3099 1796 3169 principio

195 3192 267 3249 ad
318 3195 481 3250 linem
524 3209 692 3265 usque
737 3209 835 3263 pro
862 3206 1064 3264 genere
1107 3191 1340 3246 humano
1383 3195 1578 3245 cuncta
1623 3188 1800 3244 facere

196 3285 482 3356 molirique
508 3286 761 3340 cessavit.
807 3283 992 3354 Neque
1031 3283 1174 3339 enim
1222 3281 1336 3338 sola
1383 3279 1652 3350 doctrina,
1680 3294 1800 3349 qua:

195 3379 410 3434 elicitur
461 3394 528 3434 ex
579 3377 858 3441 creaturis,
887 3383 943 3431 et
1000 3375 1065 3429 ad
1114 3373 1210 3430 Dei
1238 3373 1596 3443 cognitionem
1623 3371 1797 3426 dedu—

196 3472 294 3534 cit,
315 3480 600 3526 contentus
647 3469 763 3536 fuit,
790 3469 883 3524 sed
915 3467 1165 3538 quoniam
1205 3464 1458 3536 permulti
1499 3478 1609 3533 pra:
1638 3463 1800 3517 nimia

197 3577 295 3615 sua
327 3562 666 3630 improbitate
695 3561 827 3615 nihil
871 3576 942 3615 ex
986 3574 1048 3613 ea
1095 3556 1304 3613 fuerant
1329 3555 1680 3626 adjuti,-alias
1706 3554 1805 3610 do-

197 3652 356 3707 cendi
407 3653 520 3706 vias
569 3650 907 3720 rationesque
953 3649 1195 3715 tentavit,
1220 3630 1288 3702 ac
1318 3647 1533 3702 tandem
1575 3646 1626 3701 id
1653 3645 1798 3718 quod

195 3752 360 3813 caput
401 3753 487 3800 est
528 3745 790 3800 bonorum
834 3743 1072 3798 omnium
1119 3742 1340 3811 largitus
1387 3750 1504 3806 est,
1537 3754 1803 3809 suumque

199 3835 396 3890 Filium
439 3836 583 3891 misit
625 3835 878 3891 dilectum
899 3875 914 3900 ,
952 3833 1279 3904 unigenitum
1305 3873 1320 3900 ,
1356 3840 1412 3887 et
1438 3831 1528 3903 qui
1560 3831 1802 3900 ejusdem

196 3936 283 3982 est
320 3937 480 3996 atque
515 3927 630 3996 ipse
667 3938 892 3991 natura},
923 3925 978 3978 flt
1007 3923 1148 3994 quod
1177 3939 1277 3994 ego
1302 3939 1443 3988 sum,
1475 3931 1530 3978 et
1557 3924 1609 3977 in
1642 3925 1802 3978 terris

196 4016 479 4071 ambulans
506 4032 628 4072 cum
663 4016 969 4071 hominibus
997 4015 1436 4078 conversabatur,
1477 4023 1531 4068 et
1569 4013 1799 4069 mandu-

197 4110 381 4172 cabat,
411 4118 465 4163 et
492 4109 728 4174 bibebat,
758 4116 813 4162 et
839 4106 1096 4162 circuibat
1127 4115 1347 4171 terram,
1380 4106 1676 4170 instruens,
1705 4107 1803 4159 do-

199 4214 355 4265 cens,
387 4199 705 4264 admoncns,
738 4199 902 4254 edens
935 4198 1212 4264 miracula,
1237 4197 1364 4252 dum
1398 4197 1574 4252 futura
1604 4199 1798 4267 prmdi-

199 4298 372 4353 ceret,
402 4290 530 4344 dum
556 4290 954 4354 cohortaretur,
988 4289 1117 4343 dum
1147 4288 1430 4343 consilium
1460 4287 1637 4352 daret,
1671 4289 1798 4343 dum

200 4389 494 4451 pateretur,
522 4380 646 4434 dum
677 4379 988 4443 sustineret,
1009 4380 1134 4432 dum
1164 4378 1520 4447 promitteret,
1541 4378 1668 4432 dum
1689 4379 1796 4433 lar-

197 4472 426 4541 giretur.
454 4472 709 4538 Quaadam
738 4471 880 4526 enim
904 4471 1015 4540 jam
1046 4470 1169 4525 inde
1203 4471 1271 4526 ab
1302 4470 1404 4526 hoc
1432 4471 1629 4526 srecitlo
1658 4488 1800 4541 pra:-

201 4552 384 4626 bebat,
410 4562 654 4630 quaedam
684 4563 737 4617 in
775 4561 1010 4617 futurum
1043 4562 1374 4629 reservabat,
1401 4579 1520 4632 qua:
1547 4579 1607 4618 se
1637 4564 1798 4617 datu-

203 4667 324 4706 rum
366 4653 717 4717 osumdebat,
750 4668 872 4708 cum
919 4669 982 4708 ex
1030 4653 1322 4719 miraculis,
1363 4669 1484 4722 quae
1529 4654 1702 4709 adhuc
1749 4656 1799 4711 in

203 4742 365 4796 terris
385 4755 661 4812 superstes
688 4745 900 4809 edebat,
927 4755 1037 4798 tum
1058 4760 1122 4798 ex
1147 4760 1332 4800 earum
1350 4747 1588 4802 nmmum
1617 4764 1798 4805 rerum

200 4844 397 4890 eventu
446 4846 830 4905 consequente,
872 4853 1004 4905 quas
1039 4847 1162 4892 ante
1203 4838 1542 4908 prardixerat.
1573 4838 1697 4906 Qui:
1725 4841 1803 4894 ιο.

201 4935 384 4988 artetur
421 4928 668 4994 potentias
704 4925 934 4993 Domini,
975 4928 1176 4980 auditas
1217 4930 1363 4996 faciet
1414 4945 1587 4984 omnes
1623 4929 1801 4984 laudes

201 5001 511 5085 cjnﬂPsal.
557 5018 678 5101 l05.
706 5017 763 5086 2)
788 5020 811 5072 ?
838 5018 968 5087 Quis
1000 5037 1104 5073 non
1130 5019 1505 5092 Obstupescat?
1532 5023 1653 5092 quis
1694 5041 1798 5078 non

200 5107 911 5164 c0ntremiscatimmensam
943 5110 1060 5179 ejus
1085 5126 1266 5165 curam
1289 5112 1662 5177 considerans,
1691 5132 1795 5184 quo

203 5205 363 5264 pacto
396 5212 496 5266 pro
540 5201 710 5253 servis
739 5199 960 5270 ingratis
986 5202 1316 5270 unigenitum
1347 5203 1540 5259 Filium
1563 5221 1718 5261 suum
1748 5209 1795 5262 in

201 5299 433 5342 mortem
477 5289 776 5353 tradiderit,
807 5300 1036 5345 mortem
1069 5291 1440 5349 detestandam
1473 5306 1528 5351 et
1573 5299 1795 5368 iguonri~

202 5377 411 5430 uiosam
439 5393 652 5446 eorum,
681 5383 771 5450 qui
820 5384 1029 5438 scelera
1075 5384 1277 5440 nefaria
1314 5397 1610 5455 patrarant,
1651 5407 1796 5444 mor-

204 5473 312 5521 tem
354 5471 603 5526 reorum?
626 5472 897 5542 Siquidem
941 5477 991 5529 in
1039 5477 1253 5531 sublimi
1298 5479 1524 5536 sufllxus
1563 5485 1796 5552 patibulo

199 5559 376 5614 crucis
405 5561 692 5629 pendebat,
723 5567 1136 5634 conspuebatur,
1169 5569 1338 5639 alapis
1395 5573 1702 5630 czctlcbatur
1741 5587 1795 5631 et

199 5650 463 5719 colaphis,
489 5661 545 5709 et
569 5654 1002 5710 subsannabatur
1026 5675 1037 5718 ;
1068 5673 1129 5712 ac
1160 5660 1402 5717 beneficii
1432 5663 1550 5720 loco
1577 5670 1796 5737 sepelie-

198 5739 376 5809 batur,
424 5749 475 5798 et.
529 5756 932 5803 monumentum
981 5747 1362 5820 obsignabatur
1405 5773 1418 5812 :
1461 5766 1622 5831 atque
1677 5760 1792 5818 hxc

1045 333 1136 388 AD
1176 328 1308 385 EOS
1347 323 1463 394 QUI
1502 309 2000 378 SCANDALIZATI
2033 309 2233 367 SUNT.
2279 307 2406 364 LIB.
2451 305 2652 363 UNUS.

3388 293 3491 351 ωδ

1892 429 2069 481 omnia
2112 435 2197 481 tua
2243 439 2402 481 causa
2460 436 2745 493 perpessus
2793 427 2907 484 est,
2937 427 2990 473 ct
3024 415 3094 471 ob
3139 427 3490 470 cantcnratn,

1888 535 2047 591 quam
2071 520 2294 590 gerebat
2336 517 2432 583 tui,
2467 525 2526 570 ut
2570 512 2812 586 tyrannis
2855 508 3062 581 peccati
3108 506 3404 570 tolleretur,
3436 514 3492 558 ut

1890 628 1982 667 arx
2011 610 2211 666 diaboli
2236 618 2592 666 everteretur,
2629 615 2685 660 ut
2712 601 2862 658 nervi
2892 601 3083 656 mortis
3105 596 3490 653 exscinderen-

1892 715 1996 770 tnr,
2030 713 2089 758 ut
2114 703 2231 758 ca3li
2251 703 2432 770 ianua:
2461 699 2616 754 nobis
2645 695 3075 757 recluderentur,
3104 700 3161 744 ut
3191 685 3494 742 maledictio

1891 799 2190 862 deleretur,
2224 805 2278 849 ut
2312 795 2457 864 prior
2475 790 2853 848 condemnatio
2874 785 3293 845 rescinderetur,
3319 789 3374 833 ut
3402 793 3489 848 pa-

1895 882 2132 944 tientiam
2158 887 2416 948 discercs,
2450 895 2508 938 ιιι
2553 882 2891 938 tolerantiam
2927 876 3224 941 docereris,
3259 887 3327 926 ne
3367 867 3492 938 quid

1895 994 1961 1035 ex
2001 978 2158 1049 hujus
2186 978 2312 1031 vitae
2350 976 2515 1030 rebus
2550 973 2795 1030 molestia
2827 981 2880 1026 te
2903 969 3165 1034 alliceret,
3195 978 3301 1019 non
3329 974 3483 1019 morS.

1893 1086 2000 1126 non
2041 1070 2331 1140 ignominia
2356 1109 2371 1134 ,
2400 1082 2506 1122 non
2552 1065 2814 1131 convicia,
2837 1078 2948 1118 non
2988 1076 3204 1126 sannae,
3238 1071 3344 1111 non
3374 1068 3498 1108 ver-

1893 1165 2043 1228 hera,
2073 1177 2178 1218 non
2212 1162 2550 1216 inimicorum
2581 1159 2814 1226 insidiae,
2846 1172 2954 1212 non
2992 1151 3356 1216 contumeliae,
3390 1163 3497 1203 non

1896 1256 2164 1318 incursus,
2192 1270 2299 1308 non
2324 1253 2632 1318 calumniae,
2665 1267 2772 1306 non
2805 1263 2986 1320 prava:
3013 1246 3367 1316 suspiciones,
3391 1256 3498 1295 non

1897 1339 2042 1403 aliud
2070 1347 2362 1418 quidquam
2388 1345 2672 1414 ejusmodi.
2696 1343 2800 1399 Per
2821 1344 2937 1396 haec
2956 1339 3100 1396 enim
3122 1335 3302 1392 omnia
3328 1343 3500 1388 trans-

1897 1441 1990 1494 ivit
2019 1441 2129 1505 ille,
2161 1447 2444 1508 tecumque
2494 1437 2546 1491 in
2592 1436 3027 1491 communionem
3079 1431 3303 1485 istorum
3334 1426 3496 1484 venit,

1896 1541 1948 1586 et
1985 1529 2037 1584 in
2069 1529 2150 1583 his
2177 1529 2427 1582 euntibus
2457 1527 2732 1596 egregiam
2765 1523 3045 1580 victoriam
3077 1518 3388 1589 reportavit,
3419 1527 3498 1569 te~

1895 1638 2000 1696 que
2029 1621 2209 1677 docuit
2235 1629 2289 1676 et
2319 1620 2590 1683 instruxit,
2624 1625 2682 1671 ut
2706 1616 2836 1671 nihil
2867 1613 3128 1685 ejusmodi
3161 1607 3498 1666 reformides.

1897 1718 2060 1774 ALne
2100 1713 2188 1768 his
2232 1712 2450 1782 quidem
2505 1719 2792 1764 contentus
2838 1707 2957 1773 fuit,
2991 1705 3085 1761 sed
3110 1705 3160 1758 in
3189 1701 3349 1757 czelos
3379 1714 3501 1753 cum

1898 1806 2252 1871 ascendisset,
2285 1803 2608 1860 ineffabilem
2636 1800 2868 1869 Spiritus
2899 1799 3120 1870 largitus
3145 1806 3226 1852 est
3255 1795 3502 1864 gratiam,

1900 1909 1956 1953 et
1981 1898 2254 1968 apostolos
2292 1896 2458 1957 misit,
2486 1908 2721 1964 qnerum
2749 1893 2816 1946 ad
2849 1890 2952 1945 hoc
2983 1888 3282 1944 miniStcrio
3325 1897 3500 1939 utere-

1901 2001 2005 2043 tur.
2032 1988 2277 2057 Cumque
2322 1987 2444 2040 illos
2491 1993 2740 2040 cerneret
2768 1984 2890 2036 vita:
2917 1994 3194 2050 praecones
3222 1978 3502 2030 innumera

1902 2082 2040 2136 mala
2087 2080 2320 2152 perpeti,
2348 2078 2642 2142 verberari,
2683 2075 3026 2133 contumeliis
3069 2070 3231 2136 allici,
3261 2068 3314 2124 in
3363 2083 3507 2120 mare

1900 2173 2141 2244 detncrgi
2161 2215 2176 2237 ,
2211 2173 2350 2226 f.nne
2379 2186 2443 2226 ac
2474 2170 2560 2224 siti
2591 2167 2865 2238 torqueri,
2897 2164 3137 2237 quotidie
3174 2160 3427 2222 cruciari,
3452 2157 3505 2211 in

1903 2275 2162 2339 perpetuo
2193 2265 2382 2320 mortis
2413 2262 2655 2333 perieulo
2681 2260 2911 2331 singulis
2937 2259 3129 2312 diebus
3155 2253 3380 2316 verSari,
3410 2251 3509 2303 hoc

1904 2373 1991 2415 tua
2034 2376 2193 2414 causa
2237 2357 2598 2428 permittebat,
2631 2364 2685 2410 et
2725 2353 2795 2409 ob
2831 2352 2906 2407 tui
2941 2366 3150 2406 curam.
3182 2348 3408 2415 Propter
3434 2353 3504 2402 te.

1903 2455 1972 2508 mi
2005 2455 2184 2515 homo,
2208 2461 2262 2508 et
2289 2465 2515 2521 regnum
2543 2449 2800 2504 caelorum
2838 2441 3180 2516 prteparavit,
3212 2447 3430 2510 propter
3457 2447 3508 2490 te

1903 2546 2040 2600 bona
2091 2543 2402 2610 ineffabilia,
2427 2551 2628 2599 sortem
2671 2540 2815 2595 illam
2862 2549 2917 2613 et
2942 2534 3417 2613 conversationem
3448 2529 3503 2582 in

1901 2635 2070 2702 catlis,
2097 2636 2276 2690 varias
2319 2617 2630 2688 mansiones
2675 2641 2834 2700 atque
2871 2597 3182 2682 differentes
3224 2618 3504 2678 beatitudi-

1905 2743 2061 2789 nem,
2087 2739 2248 2796 quam
2299 2724 2445 2779 nulla
2499 2730 2675 2790 potest
2713 2721 2889 2776 oratio
2928 2717 3225 2788 explicare.
3256 2714 3391 2768 Cum
3432 2718 3509 2764 tut

1903 2833 2031 2886 ergo
2057 2817 2151 2872 tibi
2177 2825 2463 2888 suppetant
2497 2815 2611 2885 ejus
2641 2813 2836 2867 indicia
2883 2809 3254 2882 providentim,
3285 2822 3407 2861 cum
3457 2807 3509 2860 in

1903 2910 2075 2975 Novo,
2100 2919 2213 2964 tum
2255 2910 2307 2963 in
2334 2907 2517 2962 Veteri
2562 2907 2936 2970 Testamento,
2967 2918 3088 2957 cum
3138 2901 3192 2954 in
3231 2899 3332 2953 hac
3380 2907 3510 2961 vita;

1907 3015 2018 3060 tum
2056 3004 2109 3057 in
2156 3001 2354 3065 futura,
2387 3010 2496 3055 tam
2523 3000 2694 3054 futura
2721 3013 2881 3068 quam
2910 3011 3030 3067 qum
3053 2995 3161 3064 jam
3192 2999 3509 3053 evenerunt,

1903 3111 2024 3168 quae
2051 3094 2279 3165 singulis
2302 3093 2493 3148 diebus
2527 3091 2678 3156 (inut,
2704 3105 2825 3161 qua:
2860 3105 2889 3142 a
2920 3087 3202 3157 principio,
3230 3099 3348 3155 qure
3377 3090 3510 3137 tem-

1906 3203 2038 3260 pore
2066 3187 2374 3256 interjccto,
2403 3200 2522 3255 qua:
2551 3184 2602 3238 in
2635 3185 2760 3248 line,
2791 3198 2910 3251 qnze
2934 3189 3190 3251 perpetuo
3213 3178 3505 3238 durabunt,

1905 3294 2028 3350 qua:
2053 3278 2124 3334 ad
2149 3291 2369 3349 corpus,
2399 3292 2519 3346 qua:
2546 3275 2611 3330 ad
2636 3275 2869 3328 animam
2892 3273 3178 3342 pertinent,
3209 3281 3264 3326 et
3293 3284 3415 3323 cum
3436 3268 3512 3321 vi-

1905 3371 2038 3426 deas
2079 3369 2317 3438 undique
2375 3368 2897 3423 demonstrationem
2953 3364 3200 3420 examina
3261 3359 3507 3431 prodire,

1906 3479 2027 3536 quze
2071 3463 2466 3534 providentiam
2506 3461 2622 3531 ejus
2666 3459 2994 3530 pradicant,
3041 3457 3217 3511 adhuc
3254 3453 3469 3510 dubitas
3490 3457 3511 3504 ἰ

1911 3556 2021 3612 lmo
2048 3572 2155 3612 non
2183 3555 2418 3618 dubitas,
2442 3554 2536 3607 sed
2563 3551 2741 3607 credis
2762 3566 2884 3605 cum
2920 3547 3309 3618 providentiam
3340 3555 3393 3599 et
3419 3559 3512 3598 cu-

1910 3666 2025 3704 ram
2049 3665 2260 3719 gerere,
2295 3648 2495 3717 tibique
2518 3646 2620 3700 hoc
2650 3646 2823 3714 ipsum
2855 3633 3187 3713 persuasisti.
3220 3636 3360 3692 Nihil
3385 3652 3514 3706 ergo

1907 3742 2138 3812 amplius
2184 3743 2396 3796 curiose
2444 3740 2704 3809 inquiras,
2750 3751 2873 3790 cum
2925 3735 3030 3790 hoc
3073 3733 3243 3803 probe
3288 3731 3429 3804 scias
3462 3740 3512 3784 te

1913 3835 2202 3889 Dominum
2245 3843 2460 3888 nactum
2506 3846 2647 3895 esse,
2681 3830 2771 3900 qui
2823 3839 2873 3884 te
2918 3827 3087 3881 multo
3129 3825 3317 3895 diligat
3345 3823 3510 3878 vehe-

1911 3930 2141 3984 mentius
2162 3943 2319 3997 quam
2352 3936 2554 3996 patres,
2584 3925 2673 3995 qui
2715 3923 2886 3993 magis
2912 3937 3072 3992 quam
3102 3929 3302 3974 matres
3338 3918 3408 3972 sit
3445 3915 3512 3971 de

1912 4036 1965 4076 te
2008 4021 2287 4083 sollicitus,
2320 4018 2410 4088 qui
2450 4017 2730 4070 ardentius
2783 4029 2944 4084 quam
2989 4025 3224 4082 sponsus
3267 4017 3410 4064 amet
3459 4016 3512 4061 et

1909 4126 2126 4182 sponsa,
2149 4119 2203 4164 et
2234 4119 2376 4163 tuam
2406 4109 2630 4162 salutem
2662 4121 2788 4160 suas
2830 4105 3053 4160 delicias
3074 4104 3386 4164 arbitretur,
3421 4100 3510 4169 qui

1908 4205 1979 4260 ob
2005 4203 2149 4257 illam
2181 4203 2350 4272 magis
2377 4200 2606 4264 l;etetur,
2635 4214 2794 4267 quam
2820 4207 2872 4251 tu
2902 4213 3022 4251 cum
3054 4211 3084 4249 a
3115 4194 3366 4264 periculis
3393 4194 3508 4248 fuev

1911 4297 1985 4351 ris
2014 4308 2067 4351 et
2095 4313 2126 4350 ιι
2157 4304 2330 4350 ntorte
2363 4293 2618 4348 liberatus
2642 4290 2735 4362 (id
2761 4289 2902 4359 quod
2930 4305 2996 4345 ex
3025 4287 3160 4343 Jona
3186 4287 3507 4357 patefactum

1908 4390 2032 4458 est),
2063 4398 2120 4442 et
2155 4401 2317 4441 omne
2355 4399 2523 4454 genus
2552 4383 2793 4436 caritatis
2817 4380 3088 4444 exhibeat,
3113 4378 3257 4449 quod
3285 4392 3409 4447 erga
3443 4377 3508 4430 li-

1910 4479 2069 4533 beros
2112 4493 2220 4547 pra:
2265 4492 2323 4530 se
2367 4478 2468 4530 l'ert
2515 4484 2686 4545 pater,
2719 4482 2810 4527 aut
2836 4483 3008 4526 mater
3035 4485 3160 4540 erga
3188 4484 3341 4524 suam
3383 4482 3510 4537 pro-

1911 4569 2039 4635 lem,
2081 4578 2174 4623 aut
2225 4583 2355 4637 erga
2400 4569 2612 4636 plantas
2655 4565 2914 4636 agricola,
2947 4564 3089 4618 circa
3136 4577 3288 4616 suam
3335 4569 3508 4613 artem

1907 4661 2258 4727 architectus,
2289 4675 2416 4730 erga
2445 4674 2700 4728 sponsam
2729 4674 2879 4712 suam
2907 4671 3168 4728 sponsus,
3199 4670 3324 4725 erga
3350 4655 3509 4723 virgi-

1907 4769 2033 4808 nem
2055 4752 2404 4816 adolescens;
2443 4762 2604 4818 atquc
2629 4765 2658 4802 a
2692 4757 2740 4804 te
2769 4749 2952 4818 procul
2981 4748 3170 4800 abesse
3197 4746 3333 4798 mala
3363 4733 3507 4800 desi-

1907 4844 2080 4910 derat,
2107 4854 2366 4915 quantum
2417 4843 2486 4898 ab
2524 4840 2818 4915 Occidente
2853 4839 3017 4894 distat
3067 4839 3278 4901 Oriens,
3308 4847 3509 4906 quanto

1903 4939 2066 4994 altius
2092 4947 2178 4995 est
2204 4947 2344 4992 terra
2371 4936 2564 4992 ctelum
2599 4933 2745 5006 (nam
2776 4907 2832 4990 e’t
2885 4933 2989 4989 hoc
3032 4947 3064 4986 a
3109 4931 3265 4987 nobis
3287 4931 3509 4985 demon.

1906 5044 2130 5089 stratum
2157 5035 2286 5105 est),
2335 5036 2444 5088 into
2488 5047 2619 5086 vero
2667 5045 2780 5084 non
2833 5037 3040 5082 tantum
3097 5027 3293 5090 Solum,
3327 5027 3420 5080 sed
3457 5036 3511 5078 et

1907 5131 2075 5183 mullo
2101 5129 2350 5196 amplius,
2383 5134 2441 5179 ut
2475 5141 2503 5178 a
2542 5124 2694 5179 nobis
2729 5123 3009 5191 probatum
3041 5129 3147 5187 est,
3174 5135 3294 5174 cum
3324 5120 3392 5174 de
3423 5120 3508 5172 his

1904 5235 2208 5274 si-rinonetn
2243 5219 2667 5280 iustitucremus,
2701 5226 2754 5269 et
2792 5215 3153 5280 hortarentur,
3185 5223 3240 5268 ιιι
3274 5214 3324 5267 in
3354 5229 3503 5266 C0lll-

1909 5314 2273 5378 parationihus
2317 5326 2422 5364 non
2470 5307 2861 5370 subsisteretis,
2911 5305 3006 5359 sed
3051 5319 3144 5359 eas
3186 5304 3510 5372 cogitatione

1910 5401 2379 5455 tr.~otscetnleretis.
2431 5399 2614 5467 Neque
2655 5398 2798 5451 enim
2847 5396 2978 5448 satis
3029 5395 3283 5464 explicati
3337 5403 3508 5463 potest

1907 5491 2240 5560 providentia
2271 5491 2472 5550 divina,
2497 5503 2672 5556 neque
2704 5486 2868 5553 ipsius
2895 5499 3022 5539 Cura
3055 5494 3234 5540 mente
3261 5500 3507 5552 compre-

1906 5584 2062 5637 hendi
2084 5597 2096 5636 ε
2120 5582 2400 5638 inell'abilis
2447 5591 2530 5636 cst
2574 5581 2784 5634 bonitas
2810 5580 2948 5647 ejus,
2979 5587 3032 5633 et
3063 5576 3508 5647 ininvestigabilis

1903 5675 2019 5743 ejus
2045 5675 2352 5729 clementia.

1982 5764 2104 5822 Non
2142 5765 2390 5821 curiosius
2443 5763 2719 5820 scruranzla
2777 5771 2890 5819 sunt
2930 5778 3082 5834 (ψει-α
3122 5759 3237 5818 Dci.
3277 5760 3512 5817 Actio:th
