  <div class='ocr_page' id='page_1' title='image "/cluster/home/n/w/nwhite01/storage/ocr_20150623/52/ien.35556001660794/122.png"; bbox 0 0 4050 6428; ppageno 0'>
   <div class='ocr_carea' id='block_1_1' title="bbox 191 353 300 410">
    <p class='ocr_par' dir='ltr' id='par_1_1' title="bbox 191 353 300 410">
     <span class='ocr_line' id='line_1_1' title="bbox 191 353 300 410; baseline 0.009 -1"><span class='ocrx_word' id='word_1_1' title='bbox 191 353 300 410; x_wconf 72' lang='grc' dir='ltr'>ιον</span> 
     </span>
    </p>
   </div>
   <div class='ocr_carea' id='block_1_2' title="bbox 185 448 1790 534">
    <p class='ocr_par' dir='ltr' id='par_1_2' title="bbox 185 448 1790 534">
     <span class='ocr_line' id='line_1_2' title="bbox 185 448 1790 534; baseline -0.019 -11"><span class='ocrx_word' id='word_1_2' title='bbox 185 470 294 524; x_wconf 73' lang='grc' dir='ltr'>οιαὶ</span> <span class='ocrx_word' id='word_1_3' title='bbox 316 466 382 518; x_wconf 83' lang='grc' dir='ltr'>δι’</span> <span class='ocrx_word' id='word_1_4' title='bbox 411 458 488 518; x_wconf 82' lang='grc' dir='ltr'>ὧν</span> <span class='ocrx_word' id='word_1_5' title='bbox 515 463 762 534; x_wconf 76' lang='grc' dir='ltr'>ἐποίησε,</span> <span class='ocrx_word' id='word_1_6' title='bbox 795 460 889 514; x_wconf 67' lang='grc' dir='ltr'>καὶ</span> <span class='ocrx_word' id='word_1_7' title='bbox 913 458 980 510; x_wconf 62' lang='grc' dir='ltr'>δι’</span> <span class='ocrx_word' id='word_1_8' title='bbox 1010 475 1084 510; x_wconf 91' lang='grc' dir='ltr'>ων</span> <span class='ocrx_word' id='word_1_9' title='bbox 1107 456 1344 524; x_wconf 82' lang='grc' dir='ltr'>ποιήσει.</span> <span class='ocrx_word' id='word_1_10' title='bbox 1381 448 1546 519; x_wconf 78' lang='grc' dir='ltr'>μηδὲν</span> <span class='ocrx_word' id='word_1_11' title='bbox 1571 460 1790 516; x_wconf 81' lang='grc' dir='ltr'>περιερ-</span> 
     </span>
    </p>
   </div>
   <div class='ocr_carea' id='block_1_3' title="bbox 195 534 1792 627">
    <p class='ocr_par' dir='ltr' id='par_1_3' title="bbox 195 534 1792 627">
     <span class='ocr_line' id='line_1_3' title="bbox 195 534 1792 627; baseline -0.019 -14"><span class='ocrx_word' id='word_1_12' title='bbox 195 557 389 627; x_wconf 78' lang='grc' dir='ltr'>γάζου,</span> <span class='ocrx_word' id='word_1_13' title='bbox 413 555 549 624; x_wconf 79' lang='grc' dir='ltr'>μηδὲ</span> <span class='ocrx_word' id='word_1_14' title='bbox 574 551 1048 624; x_wconf 73' lang='grc' dir='ltr'>πολυπραγμόνει,</span> <span class='ocrx_word' id='word_1_15' title='bbox 1084 546 1220 616; x_wconf 84' lang='grc' dir='ltr'>μηδὲ</span> <span class='ocrx_word' id='word_1_16' title='bbox 1241 543 1386 610; x_wconf 86' lang='grc' dir='ltr'>λέγε,</span> <span class='ocrx_word' id='word_1_17' title='bbox 1403 539 1502 592; x_wconf 86' lang='grc' dir='ltr'>Διά</span> <span class='ocrx_word' id='word_1_18' title='bbox 1528 540 1580 589; x_wconf 91' lang='grc' dir='ltr'>τί</span> <span class='ocrx_word' id='word_1_19' title='bbox 1602 534 1792 594; x_wconf 73' lang='grc' dir='ltr'>τοῦτος</span> 
     </span>
    </p>
   </div>
   <div class='ocr_carea' id='block_1_4' title="bbox 195 625 1792 709">
    <p class='ocr_par' dir='ltr' id='par_1_4' title="bbox 195 625 1792 709">
     <span class='ocr_line' id='line_1_4' title="bbox 195 625 1792 709; baseline -0.024 2"><span class='ocrx_word' id='word_1_20' title='bbox 195 625 278 709; x_wconf 60' lang='grc' dir='ltr'>έῖς</span> <span class='ocrx_word' id='word_1_21' title='bbox 297 646 352 698; x_wconf 87' lang='grc' dir='ltr'>τί</span> <span class='ocrx_word' id='word_1_22' title='bbox 381 645 576 708; x_wconf 77' lang='grc' dir='ltr'>τοῦτος</span> <span class='ocrx_word' id='word_1_23' title='bbox 603 641 728 704; x_wconf 84' lang='grc' dir='ltr'>Πῶς</span> <span class='ocrx_word' id='word_1_24' title='bbox 755 643 862 709; x_wconf 82' lang='grc' dir='ltr'>γὰρ</span> <span class='ocrx_word' id='word_1_25' title='bbox 887 639 946 691; x_wconf 87' lang='grc' dir='ltr'>οὐ</span> <span class='ocrx_word' id='word_1_26' title='bbox 986 636 1236 708; x_wconf 83' lang='grc' dir='ltr'>μανικὸν,</span> <span class='ocrx_word' id='word_1_27' title='bbox 1272 635 1365 685; x_wconf 76' lang='grc' dir='ltr'>καὶ</span> <span class='ocrx_word' id='word_1_28' title='bbox 1389 629 1624 698; x_wconf 77' lang='grc' dir='ltr'>ἐσχάτης</span> <span class='ocrx_word' id='word_1_29' title='bbox 1659 625 1792 676; x_wconf 84' lang='grc' dir='ltr'>ἀπο-</span> 
     </span>
    </p>
   </div>
   <div class='ocr_carea' id='block_1_5' title="bbox 197 717 1796 804">
    <p class='ocr_par' dir='ltr' id='par_1_5' title="bbox 197 717 1796 804">
     <span class='ocr_line' id='line_1_5' title="bbox 197 717 1796 804; baseline -0.016 -13"><span class='ocrx_word' id='word_1_30' title='bbox 197 738 354 798; x_wconf 84' lang='grc' dir='ltr'>νοίας</span> <span class='ocrx_word' id='word_1_31' title='bbox 406 737 500 789; x_wconf 75' lang='grc' dir='ltr'>καὶ</span> <span class='ocrx_word' id='word_1_32' title='bbox 539 731 929 804; x_wconf 77' lang='grc' dir='ltr'>παραπληξίας</span> <span class='ocrx_word' id='word_1_33' title='bbox 965 728 1295 797; x_wconf 75' lang='grc' dir='ltr'>ἀνάμεστον,</span> <span class='ocrx_word' id='word_1_34' title='bbox 1345 723 1526 789; x_wconf 82' lang='grc' dir='ltr'>ίατρὸν</span> <span class='ocrx_word' id='word_1_35' title='bbox 1561 717 1657 787; x_wconf 74' lang='grc' dir='ltr'>μὲν</span> <span class='ocrx_word' id='word_1_36' title='bbox 1693 731 1796 784; x_wconf 83' lang='grc' dir='ltr'>μη-</span> 
     </span>
    </p>
   </div>
   <div class='ocr_carea' id='block_1_6' title="bbox 199 807 1799 896">
    <p class='ocr_par' dir='ltr' id='par_1_6' title="bbox 199 807 1799 896">
     <span class='ocr_line' id='line_1_6' title="bbox 199 807 1799 896; baseline -0.017 -13"><span class='ocrx_word' id='word_1_37' title='bbox 199 830 393 882; x_wconf 78' lang='grc' dir='ltr'>δέποτε</span> <span class='ocrx_word' id='word_1_38' title='bbox 446 824 930 896; x_wconf 77' lang='grc' dir='ltr'>πολυπραγμονεῖν</span> <span class='ocrx_word' id='word_1_39' title='bbox 967 821 1257 891; x_wconf 81' lang='grc' dir='ltr'>τέμνοντα,</span> <span class='ocrx_word' id='word_1_40' title='bbox 1313 813 1574 874; x_wconf 84' lang='grc' dir='ltr'>καίοντα,</span> <span class='ocrx_word' id='word_1_41' title='bbox 1624 807 1799 876; x_wconf 86' lang='grc' dir='ltr'>πικρά</span> 
     </span>
    </p>
   </div>
   <div class='ocr_carea' id='block_1_7' title="bbox 202 898 1800 986">
    <p class='ocr_par' dir='ltr' id='par_1_7' title="bbox 202 898 1800 986">
     <span class='ocr_line' id='line_1_7' title="bbox 202 898 1800 986; baseline -0.014 -14"><span class='ocrx_word' id='word_1_42' title='bbox 202 918 516 972; x_wconf 74' lang='grc' dir='ltr'>ἐπιτιθέντα</span> <span class='ocrx_word' id='word_1_43' title='bbox 558 918 850 986; x_wconf 83' lang='grc' dir='ltr'>φάρμακα,</span> <span class='ocrx_word' id='word_1_44' title='bbox 889 914 994 966; x_wconf 87' lang='grc' dir='ltr'>κᾶν</span> <span class='ocrx_word' id='word_1_45' title='bbox 1040 909 1256 978; x_wconf 81' lang='grc' dir='ltr'>οἰκέτης</span> <span class='ocrx_word' id='word_1_46' title='bbox 1299 902 1356 980; x_wconf 83' lang='grc' dir='ltr'>ᾖ,</span> <span class='ocrx_word' id='word_1_47' title='bbox 1409 902 1547 956; x_wconf 87' lang='grc' dir='ltr'>άλλά</span> <span class='ocrx_word' id='word_1_48' title='bbox 1581 898 1800 952; x_wconf 82' lang='grc' dir='ltr'>κεῖσθαι</span> 
     </span>
    </p>
   </div>
   <div class='ocr_carea' id='block_1_8' title="bbox 205 989 1800 1081">
    <p class='ocr_par' dir='ltr' id='par_1_8' title="bbox 205 989 1800 1081">
     <span class='ocr_line' id='line_1_8' title="bbox 205 989 1800 1081; baseline -0.016 -17"><span class='ocrx_word' id='word_1_49' title='bbox 205 1013 336 1081; x_wconf 77' lang='grc' dir='ltr'>σιγῇ</span> <span class='ocrx_word' id='word_1_50' title='bbox 360 1009 451 1062; x_wconf 75' lang='grc' dir='ltr'>τὸν</span> <span class='ocrx_word' id='word_1_51' title='bbox 479 1008 748 1076; x_wconf 82' lang='grc' dir='ltr'>δεσπότην</span> <span class='ocrx_word' id='word_1_52' title='bbox 768 1003 942 1057; x_wconf 76' lang='grc' dir='ltr'>ταῦτα</span> <span class='ocrx_word' id='word_1_53' title='bbox 965 1001 1264 1069; x_wconf 84' lang='grc' dir='ltr'>πάσχοντα,</span> <span class='ocrx_word' id='word_1_54' title='bbox 1293 997 1384 1048; x_wconf 67' lang='grc' dir='ltr'>καὶ</span> <span class='ocrx_word' id='word_1_55' title='bbox 1413 994 1574 1065; x_wconf 82' lang='grc' dir='ltr'><strong>χάριν</strong></span> <span class='ocrx_word' id='word_1_56' title='bbox 1600 989 1800 1042; x_wconf 84' lang='grc' dir='ltr'>εἰδέναι</span> 
     </span>
    </p>
   </div>
   <div class='ocr_carea' id='block_1_9' title="bbox 205 1083 1802 1173">
    <p class='ocr_par' dir='ltr' id='par_1_9' title="bbox 205 1083 1802 1173">
     <span class='ocr_line' id='line_1_9' title="bbox 205 1083 1802 1173; baseline -0.016 -16"><span class='ocrx_word' id='word_1_57' title='bbox 205 1106 302 1157; x_wconf 86' lang='grc' dir='ltr'>καί</span> <span class='ocrx_word' id='word_1_58' title='bbox 329 1104 429 1173; x_wconf 79' lang='grc' dir='ltr'>τῆς</span> <span class='ocrx_word' id='word_1_59' title='bbox 462 1100 716 1162; x_wconf 90' lang='grc' dir='ltr'>καύσεως</span> <span class='ocrx_word' id='word_1_60' title='bbox 740 1095 912 1166; x_wconf 83' lang='grc' dir='ltr'>αὐτῷ,</span> <span class='ocrx_word' id='word_1_61' title='bbox 945 1095 1038 1148; x_wconf 68' lang='grc' dir='ltr'>καὶ</span> <span class='ocrx_word' id='word_1_62' title='bbox 1062 1094 1158 1163; x_wconf 79' lang='grc' dir='ltr'>τῆς</span> <span class='ocrx_word' id='word_1_63' title='bbox 1188 1090 1364 1159; x_wconf 81' lang='grc' dir='ltr'>τομῆς</span> <span class='ocrx_word' id='word_1_64' title='bbox 1381 1088 1476 1140; x_wconf 74' lang='grc' dir='ltr'>καὶ</span> <span class='ocrx_word' id='word_1_65' title='bbox 1509 1083 1619 1136; x_wconf 85' lang='grc' dir='ltr'>τῶν</span> <span class='ocrx_word' id='word_1_66' title='bbox 1660 1096 1802 1150; x_wconf 85' lang='grc' dir='ltr'>φαρ-</span> 
     </span>
    </p>
   </div>
   <div class='ocr_carea' id='block_1_10' title="bbox 208 1172 1804 1268">
    <p class='ocr_par' dir='ltr' id='par_1_10' title="bbox 208 1172 1804 1268">
     <span class='ocr_line' id='line_1_10' title="bbox 208 1172 1804 1268; baseline -0.018 -16"><span class='ocrx_word' id='word_1_67' title='bbox 208 1198 422 1268; x_wconf 85' lang='grc' dir='ltr'>μάκων,</span> <span class='ocrx_word' id='word_1_68' title='bbox 469 1191 772 1247; x_wconf 76' lang='grc' dir='ltr'>καὶταῦτα</span> <span class='ocrx_word' id='word_1_69' title='bbox 813 1190 900 1242; x_wconf 70' lang='grc' dir='ltr'>ἐπ’</span> <span class='ocrx_word' id='word_1_70' title='bbox 954 1185 1136 1256; x_wconf 80' lang='grc' dir='ltr'>ἀδήλῳ</span> <span class='ocrx_word' id='word_1_71' title='bbox 1168 1181 1245 1253; x_wconf 85' lang='grc' dir='ltr'>τῷ</span> <span class='ocrx_word' id='word_1_72' title='bbox 1298 1179 1547 1251; x_wconf 86' lang='grc' dir='ltr'>μέλλοντι</span> <span class='ocrx_word' id='word_1_73' title='bbox 1594 1172 1804 1244; x_wconf 76' lang='grc' dir='ltr'>(πολλοὶ</span> 
     </span>
    </p>
   </div>
   <div class='ocr_carea' id='block_1_11' title="bbox 204 1265 1804 1361">
    <p class='ocr_par' dir='ltr' id='par_1_11' title="bbox 204 1265 1804 1361">
     <span class='ocr_line' id='line_1_11' title="bbox 204 1265 1804 1361; baseline -0.018 -17"><span class='ocrx_word' id='word_1_74' title='bbox 204 1265 318 1361; x_wconf 73' lang='grc' dir='ltr'>γὰρ</span> <span class='ocrx_word' id='word_1_75' title='bbox 363 1288 594 1349; x_wconf 82' lang='grc' dir='ltr'>πολλοὺς</span> <span class='ocrx_word' id='word_1_76' title='bbox 632 1286 728 1339; x_wconf 76' lang='grc' dir='ltr'>καὶ</span> <span class='ocrx_word' id='word_1_77' title='bbox 756 1283 1086 1338; x_wconf 86' lang='grc' dir='ltr'>ἀπέκτειναν</span> <span class='ocrx_word' id='word_1_78' title='bbox 1106 1276 1282 1330; x_wconf 78' lang='grc' dir='ltr'>ταῦτα</span> <span class='ocrx_word' id='word_1_79' title='bbox 1303 1271 1680 1343; x_wconf 79' lang='grc' dir='ltr'>ποιήσαντες),</span> <span class='ocrx_word' id='word_1_80' title='bbox 1709 1265 1804 1318; x_wconf 78' lang='grc' dir='ltr'>καὶ</span> 
     </span>
    </p>
   </div>
   <div class='ocr_carea' id='block_1_12' title="bbox 206 1355 1804 1452">
    <p class='ocr_par' dir='ltr' id='par_1_12' title="bbox 206 1355 1804 1452">
     <span class='ocr_line' id='line_1_12' title="bbox 206 1355 1804 1452; baseline -0.016 -19"><span class='ocrx_word' id='word_1_81' title='bbox 206 1381 562 1452; x_wconf 80' lang='grc' dir='ltr'>παραχωρεῖν</span> <span class='ocrx_word' id='word_1_82' title='bbox 583 1374 732 1445; x_wconf 82' lang='grc' dir='ltr'>αὐτῷ</span> <span class='ocrx_word' id='word_1_83' title='bbox 782 1374 922 1445; x_wconf 86' lang='grc' dir='ltr'>μετὰ</span> <span class='ocrx_word' id='word_1_84' title='bbox 957 1371 1158 1438; x_wconf 82' lang='grc' dir='ltr'>πολλῆς</span> <span class='ocrx_word' id='word_1_85' title='bbox 1187 1367 1286 1436; x_wconf 83' lang='grc' dir='ltr'>τῆς</span> <span class='ocrx_word' id='word_1_86' title='bbox 1320 1362 1602 1430; x_wconf 83' lang='grc' dir='ltr'>ὑποταγῆς</span> <span class='ocrx_word' id='word_1_87' title='bbox 1632 1355 1804 1411; x_wconf 80' lang='grc' dir='ltr'>ταῦτα</span> 
     </span>
    </p>
   </div>
   <div class='ocr_carea' id='block_1_13' title="bbox 206 1450 1805 1525">
    <p class='ocr_par' dir='ltr' id='par_1_13' title="bbox 206 1450 1805 1525">
     <span class='ocr_line' id='line_1_13' title="bbox 206 1450 1805 1525; baseline -0.016 1"><span class='ocrx_word' id='word_1_88' title='bbox 206 1471 475 1525; x_wconf 70' lang='grc' dir='ltr'>ποιοῦντι⁴</span> <span class='ocrx_word' id='word_1_89' title='bbox 521 1471 616 1523; x_wconf 80' lang='grc' dir='ltr'>καὶ</span> <span class='ocrx_word' id='word_1_90' title='bbox 659 1469 754 1521; x_wconf 76' lang='grc' dir='ltr'>ἐπὶ</span> <span class='ocrx_word' id='word_1_91' title='bbox 805 1466 1004 1519; x_wconf 81' lang='grc' dir='ltr'>ναύτου</span> <span class='ocrx_word' id='word_1_92' title='bbox 1038 1463 1092 1514; x_wconf 86' lang='grc' dir='ltr'>δὲ</span> <span class='ocrx_word' id='word_1_93' title='bbox 1134 1461 1194 1512; x_wconf 86' lang='grc' dir='ltr'>τὸ</span> <span class='ocrx_word' id='word_1_94' title='bbox 1224 1453 1357 1512; x_wconf 81' lang='grc' dir='ltr'>αὐτὸ</span> <span class='ocrx_word' id='word_1_95' title='bbox 1407 1453 1568 1506; x_wconf 84' lang='grc' dir='ltr'>τοῦτο</span> <span class='ocrx_word' id='word_1_96' title='bbox 1606 1450 1805 1513; x_wconf 78' lang='grc' dir='ltr'>ποιεῖν,</span> 
     </span>
    </p>
   </div>
   <div class='ocr_carea' id='block_1_14' title="bbox 205 1541 1808 1632">
    <p class='ocr_par' dir='ltr' id='par_1_14' title="bbox 205 1541 1808 1632">
     <span class='ocr_line' id='line_1_14' title="bbox 205 1541 1808 1632; baseline -0.018 -13"><span class='ocrx_word' id='word_1_97' title='bbox 205 1566 306 1619; x_wconf 74' lang='grc' dir='ltr'>καὶ</span> <span class='ocrx_word' id='word_1_98' title='bbox 340 1564 652 1632; x_wconf 75' lang='grc' dir='ltr'>οἰκοδόμου,</span> <span class='ocrx_word' id='word_1_99' title='bbox 689 1558 784 1614; x_wconf 61' lang='grc' dir='ltr'>καὶ⁵</span> <span class='ocrx_word' id='word_1_100' title='bbox 823 1558 918 1611; x_wconf 71' lang='grc' dir='ltr'>ἐπὶ</span> <span class='ocrx_word' id='word_1_101' title='bbox 966 1554 1076 1608; x_wconf 85' lang='grc' dir='ltr'>τῶν</span> <span class='ocrx_word' id='word_1_102' title='bbox 1118 1551 1186 1605; x_wconf 91' lang='grc' dir='ltr'>τά</span> <span class='ocrx_word' id='word_1_103' title='bbox 1219 1549 1355 1603; x_wconf 71' lang='grc' dir='ltr'>ἄλλα</span> <span class='ocrx_word' id='word_1_104' title='bbox 1393 1541 1808 1612; x_wconf 79' lang='grc' dir='ltr'>ἐπιτηδεύματα</span> 
     </span>
    </p>
   </div>
   <div class='ocr_carea' id='block_1_15' title="bbox 211 1632 1810 1728">
    <p class='ocr_par' dir='ltr' id='par_1_15' title="bbox 211 1632 1810 1728">
     <span class='ocr_line' id='line_1_15' title="bbox 211 1632 1810 1728; baseline -0.017 -18"><span class='ocrx_word' id='word_1_105' title='bbox 211 1656 533 1728; x_wconf 71' lang='grc' dir='ltr'>μετιόντωψ</span> <span class='ocrx_word' id='word_1_106' title='bbox 565 1653 711 1718; x_wconf 89' lang='grc' dir='ltr'>λέγω</span> <span class='ocrx_word' id='word_1_107' title='bbox 736 1650 795 1704; x_wconf 74' lang='grc' dir='ltr'>δὲ</span> <span class='ocrx_word' id='word_1_108' title='bbox 827 1645 1236 1715; x_wconf 86' lang='grc' dir='ltr'>καταγέλαστον</span> <span class='ocrx_word' id='word_1_109' title='bbox 1279 1636 1418 1692; x_wconf 77' lang='grc' dir='ltr'>εἶναι</span> <span class='ocrx_word' id='word_1_110' title='bbox 1447 1634 1712 1706; x_wconf 75' lang='grc' dir='ltr'>νομίζειν,</span> <span class='ocrx_word' id='word_1_111' title='bbox 1747 1632 1810 1684; x_wconf 83' lang='grc' dir='ltr'>τὸ</span> 
     </span>
    </p>
   </div>
   <div class='ocr_carea' id='block_1_16' title="bbox 207 1724 1810 1815">
    <p class='ocr_par' dir='ltr' id='par_1_16' title="bbox 207 1724 1810 1815">
     <span class='ocr_line' id='line_1_16' title="bbox 207 1724 1810 1815; baseline -0.016 -15"><span class='ocrx_word' id='word_1_112' title='bbox 207 1724 303 1800; x_wconf 73' lang='grc' dir='ltr'>τὸν</span> <span class='ocrx_word' id='word_1_113' title='bbox 339 1744 557 1815; x_wconf 69' lang='grc' dir='ltr'>ἰδιώτην</span> <span class='ocrx_word' id='word_1_114' title='bbox 578 1744 674 1796; x_wconf 77' lang='grc' dir='ltr'>καὶ</span> <span class='ocrx_word' id='word_1_115' title='bbox 706 1741 936 1812; x_wconf 77' lang='grc' dir='ltr'>ἄπειρον</span> <span class='ocrx_word' id='word_1_116' title='bbox 965 1737 1217 1792; x_wconf 78' lang='grc' dir='ltr'>ἀπαιτεῖν</span> <span class='ocrx_word' id='word_1_117' title='bbox 1247 1731 1347 1794; x_wconf 88' lang='grc' dir='ltr'>τάς</span> <span class='ocrx_word' id='word_1_118' title='bbox 1377 1728 1558 1790; x_wconf 81' lang='grc' dir='ltr'>αἰτίας</span> <span class='ocrx_word' id='word_1_119' title='bbox 1591 1724 1700 1778; x_wconf 82' lang='grc' dir='ltr'>τῶν</span> <span class='ocrx_word' id='word_1_120' title='bbox 1727 1739 1810 1791; x_wconf 89' lang='grc' dir='ltr'>γι-</span> 
     </span>
    </p>
   </div>
   <div class='ocr_carea' id='block_1_17' title="bbox 207 1817 1810 1908">
    <p class='ocr_par' dir='ltr' id='par_1_17' title="bbox 207 1817 1810 1908">
     <span class='ocr_line' id='line_1_17' title="bbox 207 1817 1810 1908; baseline -0.016 -16"><span class='ocrx_word' id='word_1_121' title='bbox 207 1836 454 1908; x_wconf 81' lang='grc' dir='ltr'>νομένων</span> <span class='ocrx_word' id='word_1_122' title='bbox 482 1835 740 1889; x_wconf 81' lang='grc' dir='ltr'>ἁπάντων</span> <span class='ocrx_word' id='word_1_123' title='bbox 766 1832 857 1885; x_wconf 79' lang='grc' dir='ltr'>τὸν</span> <span class='ocrx_word' id='word_1_124' title='bbox 882 1828 1155 1900; x_wconf 78' lang='grc' dir='ltr'>τεχνίτην,</span> <span class='ocrx_word' id='word_1_125' title='bbox 1173 1826 1270 1896; x_wconf 82' lang='grc' dir='ltr'>τὴν</span> <span class='ocrx_word' id='word_1_126' title='bbox 1292 1824 1348 1876; x_wconf 82' lang='grc' dir='ltr'>δὲ</span> <span class='ocrx_word' id='word_1_127' title='bbox 1381 1822 1586 1889; x_wconf 80' lang='grc' dir='ltr'>ἄφατον</span> <span class='ocrx_word' id='word_1_128' title='bbox 1620 1817 1810 1885; x_wconf 79' lang='grc' dir='ltr'>σοφίαν</span> 
     </span>
    </p>
   </div>
   <div class='ocr_carea' id='block_1_18' title="bbox 211 1908 1812 1996">
    <p class='ocr_par' dir='ltr' id='par_1_18' title="bbox 211 1908 1812 1996">
     <span class='ocr_line' id='line_1_18' title="bbox 211 1908 1812 1996; baseline -0.014 -18"><span class='ocrx_word' id='word_1_129' title='bbox 211 1927 452 1996; x_wconf 72' lang='grc' dir='ltr'>ἑκείνην,</span> <span class='ocrx_word' id='word_1_130' title='bbox 469 1924 569 1994; x_wconf 80' lang='grc' dir='ltr'>τὴν</span> <span class='ocrx_word' id='word_1_131' title='bbox 587 1923 885 1994; x_wconf 76' lang='grc' dir='ltr'>ἄφραστον,</span> <span class='ocrx_word' id='word_1_132' title='bbox 903 1921 1003 1989; x_wconf 83' lang='grc' dir='ltr'>τὴν</span> <span class='ocrx_word' id='word_1_133' title='bbox 1029 1918 1286 1989; x_wconf 72' lang='grc' dir='ltr'>ἄρρητον,</span> <span class='ocrx_word' id='word_1_134' title='bbox 1304 1915 1404 1982; x_wconf 74' lang='grc' dir='ltr'>τὴν</span> <span class='ocrx_word' id='word_1_135' title='bbox 1427 1908 1812 1978; x_wconf 79' lang='grc' dir='ltr'>ἀκατάληπτον</span> 
     </span>
    </p>
   </div>
   <div class='ocr_carea' id='block_1_19' title="bbox 211 2001 1812 2088">
    <p class='ocr_par' dir='ltr' id='par_1_19' title="bbox 211 2001 1812 2088">
     <span class='ocr_line' id='line_1_19' title="bbox 211 2001 1812 2088; baseline -0.012 -19"><span class='ocrx_word' id='word_1_136' title='bbox 211 2014 695 2088; x_wconf 74' lang='grc' dir='ltr'>περιεργάζεσθαι,</span> <span class='ocrx_word' id='word_1_137' title='bbox 729 2013 824 2066; x_wconf 72' lang='grc' dir='ltr'>καὶ</span> <span class='ocrx_word' id='word_1_138' title='bbox 868 2011 1051 2082; x_wconf 79' lang='grc' dir='ltr'>ζητεῖν</span> <span class='ocrx_word' id='word_1_139' title='bbox 1080 2009 1168 2060; x_wconf 83' lang='grc' dir='ltr'>διά</span> <span class='ocrx_word' id='word_1_140' title='bbox 1205 2009 1257 2059; x_wconf 87' lang='grc' dir='ltr'>τί</span> <span class='ocrx_word' id='word_1_141' title='bbox 1295 2007 1356 2058; x_wconf 83' lang='grc' dir='ltr'>τὸ</span> <span class='ocrx_word' id='word_1_142' title='bbox 1388 2004 1481 2057; x_wconf 81' lang='grc' dir='ltr'>καὶ</span> <span class='ocrx_word' id='word_1_143' title='bbox 1507 2001 1569 2054; x_wconf 78' lang='grc' dir='ltr'>τὸ</span> <span class='ocrx_word' id='word_1_144' title='bbox 1596 2001 1812 2068; x_wconf 85' lang='grc' dir='ltr'>γέγονε,</span> 
     </span>
    </p>
   </div>
   <div class='ocr_carea' id='block_1_20' title="bbox 212 2096 1810 2173">
    <p class='ocr_par' dir='ltr' id='par_1_20' title="bbox 212 2096 1810 2173">
     <span class='ocr_line' id='line_1_20' title="bbox 212 2096 1810 2173; baseline -0.014 -10"><span class='ocrx_word' id='word_1_145' title='bbox 212 2107 506 2164; x_wconf 80' lang='grc' dir='ltr'>καὶταῦτα</span> <span class='ocrx_word' id='word_1_146' title='bbox 531 2107 739 2170; x_wconf 74' lang='grc' dir='ltr'>εἰδότας</span> <span class='ocrx_word' id='word_1_147' title='bbox 764 2103 973 2173; x_wconf 83' lang='grc' dir='ltr'>σαφῶς,</span> <span class='ocrx_word' id='word_1_148' title='bbox 1007 2098 1158 2172; x_wconf 76' lang='grc'>[485]</span> <span class='ocrx_word' id='word_1_149' title='bbox 1179 2100 1261 2151; x_wconf 86' lang='grc' dir='ltr'>ὅτι</span> <span class='ocrx_word' id='word_1_150' title='bbox 1291 2096 1631 2156; x_wconf 81' lang='grc' dir='ltr'>ἀδιάπτωτος</span> <span class='ocrx_word' id='word_1_151' title='bbox 1655 2096 1688 2160; x_wconf 91' lang='grc' dir='ltr'>ή</span> <span class='ocrx_word' id='word_1_152' title='bbox 1721 2107 1810 2142; x_wconf 88' lang='grc' dir='ltr'>σο-</span> 
     </span>
    </p>
   </div>
   <div class='ocr_carea' id='block_1_21' title="bbox 213 2182 1813 2272">
    <p class='ocr_par' dir='ltr' id='par_1_21' title="bbox 213 2182 1813 2272">
     <span class='ocr_line' id='line_1_21' title="bbox 213 2182 1813 2272; baseline -0.014 -16"><span class='ocrx_word' id='word_1_153' title='bbox 213 2203 315 2272; x_wconf 78' lang='grc' dir='ltr'>φία</span> <span class='ocrx_word' id='word_1_154' title='bbox 338 2201 503 2270; x_wconf 86' lang='grc' dir='ltr'>αὐτη,</span> <span class='ocrx_word' id='word_1_155' title='bbox 539 2201 620 2253; x_wconf 81' lang='grc' dir='ltr'>δτι</span> <span class='ocrx_word' id='word_1_156' title='bbox 652 2197 823 2269; x_wconf 84' lang='grc' dir='ltr'>πολλὴ</span> <span class='ocrx_word' id='word_1_157' title='bbox 853 2193 1130 2265; x_wconf 86' lang='grc' dir='ltr'>άγαθότης</span> <span class='ocrx_word' id='word_1_158' title='bbox 1173 2189 1365 2253; x_wconf 85' lang='grc' dir='ltr'>αὐτοῦ,</span> <span class='ocrx_word' id='word_1_159' title='bbox 1393 2190 1475 2241; x_wconf 85' lang='grc' dir='ltr'>ὅτι</span> <span class='ocrx_word' id='word_1_160' title='bbox 1501 2186 1739 2256; x_wconf 78' lang='grc' dir='ltr'>ἀρρητος</span> <span class='ocrx_word' id='word_1_161' title='bbox 1779 2182 1813 2253; x_wconf 87' lang='grc' dir='ltr'>ή</span> 
     </span>
    </p>
   </div>
   <div class='ocr_carea' id='block_1_22' title="bbox 214 2273 1815 2368">
    <p class='ocr_par' dir='ltr' id='par_1_22' title="bbox 214 2273 1815 2368">
     <span class='ocr_line' id='line_1_22' title="bbox 214 2273 1815 2368; baseline -0.012 -22"><span class='ocrx_word' id='word_1_162' title='bbox 214 2296 468 2368; x_wconf 83' lang='grc' dir='ltr'>πρόνοια,</span> <span class='ocrx_word' id='word_1_163' title='bbox 499 2293 582 2344; x_wconf 82' lang='grc' dir='ltr'>ὃτι</span> <span class='ocrx_word' id='word_1_164' title='bbox 608 2291 788 2345; x_wconf 85' lang='grc' dir='ltr'>πάντα</span> <span class='ocrx_word' id='word_1_165' title='bbox 816 2289 954 2360; x_wconf 85' lang='grc' dir='ltr'>πρὸς</span> <span class='ocrx_word' id='word_1_166' title='bbox 976 2287 1038 2339; x_wconf 84' lang='grc' dir='ltr'>τὸ</span> <span class='ocrx_word' id='word_1_167' title='bbox 1069 2284 1221 2347; x_wconf 82' lang='grc' dir='ltr'>τέλος</span> <span class='ocrx_word' id='word_1_168' title='bbox 1242 2281 1458 2352; x_wconf 81' lang='grc' dir='ltr'>ἀπαντᾷ</span> <span class='ocrx_word' id='word_1_169' title='bbox 1485 2274 1720 2350; x_wconf 81' lang='grc' dir='ltr'>χρηστὸν</span> <span class='ocrx_word' id='word_1_170' title='bbox 1747 2273 1815 2326; x_wconf 91' lang='grc' dir='ltr'>τά</span> 
     </span>
    </p>
   </div>
   <div class='ocr_carea' id='block_1_23' title="bbox 216 2365 1816 2456">
    <p class='ocr_par' dir='ltr' id='par_1_23' title="bbox 216 2365 1816 2456">
     <span class='ocr_line' id='line_1_23' title="bbox 216 2365 1816 2456; baseline -0.016 -14"><span class='ocrx_word' id='word_1_171' title='bbox 216 2365 352 2456; x_wconf 82' lang='grc' dir='ltr'>παρ’</span> <span class='ocrx_word' id='word_1_172' title='bbox 381 2383 548 2439; x_wconf 81' lang='grc' dir='ltr'>αὐτοῦ</span> <span class='ocrx_word' id='word_1_173' title='bbox 581 2385 844 2453; x_wconf 81' lang='grc' dir='ltr'>γινόμενα</span> <span class='ocrx_word' id='word_1_174' title='bbox 880 2381 962 2442; x_wconf 90' lang='grc' dir='ltr'>είς</span> <span class='ocrx_word' id='word_1_175' title='bbox 995 2377 1164 2448; x_wconf 78' lang='grc' dir='ltr'>ἡμᾶς’</span> <span class='ocrx_word' id='word_1_176' title='bbox 1193 2376 1356 2446; x_wconf 87' lang='grc' dir='ltr'>μόνον</span> <span class='ocrx_word' id='word_1_177' title='bbox 1390 2372 1439 2424; x_wconf 82' lang='grc' dir='ltr'>εί</span> <span class='ocrx_word' id='word_1_178' title='bbox 1473 2370 1549 2441; x_wconf 79' lang='grc' dir='ltr'>μὴ</span> <span class='ocrx_word' id='word_1_179' title='bbox 1578 2368 1647 2420; x_wconf 91' lang='grc' dir='ltr'>τά</span> <span class='ocrx_word' id='word_1_180' title='bbox 1681 2365 1816 2438; x_wconf 81' lang='grc' dir='ltr'>ήμέ-</span> 
     </span>
    </p>
   </div>
   <div class='ocr_carea' id='block_1_24' title="bbox 214 2461 1814 2549">
    <p class='ocr_par' dir='ltr' id='par_1_24' title="bbox 214 2461 1814 2549">
     <span class='ocr_line' id='line_1_24' title="bbox 214 2461 1814 2549; baseline -0.013 -17"><span class='ocrx_word' id='word_1_181' title='bbox 214 2495 352 2549; x_wconf 87' lang='grc' dir='ltr'>τερα</span> <span class='ocrx_word' id='word_1_182' title='bbox 397 2477 765 2532; x_wconf 86' lang='grc' dir='ltr'>διακόπτοιτο·</span> <span class='ocrx_word' id='word_1_183' title='bbox 805 2475 887 2527; x_wconf 77' lang='grc' dir='ltr'>ὃτι</span> <span class='ocrx_word' id='word_1_184' title='bbox 935 2471 1128 2524; x_wconf 81' lang='grc' dir='ltr'>οὐδένα</span> <span class='ocrx_word' id='word_1_185' title='bbox 1175 2464 1476 2522; x_wconf 77' lang='grc' dir='ltr'>ἀπολέσθαι</span> <span class='ocrx_word' id='word_1_186' title='bbox 1542 2461 1814 2532; x_wconf 87' lang='grc' dir='ltr'>βούλεται,</span> 
     </span>
    </p>
   </div>
   <div class='ocr_carea' id='block_1_25' title="bbox 216 2554 1818 2644">
    <p class='ocr_par' dir='ltr' id='par_1_25' title="bbox 216 2554 1818 2644">
     <span class='ocr_line' id='line_1_25' title="bbox 216 2554 1818 2644; baseline -0.012 -17"><span class='ocrx_word' id='word_1_187' title='bbox 216 2573 376 2628; x_wconf 80' lang='grc' dir='ltr'>ἀλλά</span> <span class='ocrx_word' id='word_1_188' title='bbox 415 2571 611 2626; x_wconf 84' lang='grc' dir='ltr'>σῶσαι.</span> <span class='ocrx_word' id='word_1_189' title='bbox 653 2567 779 2631; x_wconf 82' lang='grc' dir='ltr'>Πῶς</span> <span class='ocrx_word' id='word_1_190' title='bbox 822 2566 920 2636; x_wconf 91' lang='grc' dir='ltr'>οὐχ</span> <span class='ocrx_word' id='word_1_191' title='bbox 977 2560 1426 2634; x_wconf 83' lang='grc' dir='ltr'>ὑπερϐαλλούσης</span> <span class='ocrx_word' id='word_1_192' title='bbox 1455 2555 1674 2644; x_wconf 63' lang='grc' dir='ltr'>μανίας,</span> <span class='ocrx_word' id='word_1_193' title='bbox 1724 2554 1818 2608; x_wconf 81' lang='grc' dir='ltr'>τὸν</span> 
     </span>
    </p>
   </div>
   <div class='ocr_carea' id='block_1_26' title="bbox 219 2650 1812 2729">
    <p class='ocr_par' dir='ltr' id='par_1_26' title="bbox 219 2650 1812 2729">
     <span class='ocr_line' id='line_1_26' title="bbox 219 2650 1812 2729; baseline -0.014 -10"><span class='ocrx_word' id='word_1_194' title='bbox 219 2666 430 2726; x_wconf 81' lang='grc' dir='ltr'>πάντας</span> <span class='ocrx_word' id='word_1_195' title='bbox 461 2664 632 2715; x_wconf 81' lang='grc' dir='ltr'>σῶσαι</span> <span class='ocrx_word' id='word_1_196' title='bbox 650 2660 744 2713; x_wconf 81' lang='grc' dir='ltr'>καὶ</span> <span class='ocrx_word' id='word_1_197' title='bbox 777 2656 1102 2729; x_wconf 86' lang='grc' dir='ltr'>βουλόμενον</span> <span class='ocrx_word' id='word_1_198' title='bbox 1131 2653 1224 2705; x_wconf 79' lang='grc' dir='ltr'>καὶ</span> <span class='ocrx_word' id='word_1_199' title='bbox 1244 2650 1560 2719; x_wconf 84' lang='grc' dir='ltr'>δυνάμενον,</span> <span class='ocrx_word' id='word_1_200' title='bbox 1591 2663 1812 2716; x_wconf 88' lang='grc' dir='ltr'>περιερ-</span> 
     </span>
    </p>
   </div>
   <div class='ocr_carea' id='block_1_27' title="bbox 219 2735 1817 2825">
    <p class='ocr_par' dir='ltr' id='par_1_27' title="bbox 219 2735 1817 2825">
     <span class='ocr_line' id='line_1_27' title="bbox 219 2735 1817 2825; baseline -0.014 -16"><span class='ocrx_word' id='word_1_201' title='bbox 219 2755 486 2825; x_wconf 78' lang='grc' dir='ltr'>γάζεσθαι</span> <span class='ocrx_word' id='word_1_202' title='bbox 518 2755 582 2805; x_wconf 80' lang='grc' dir='ltr'>ὲκ</span> <span class='ocrx_word' id='word_1_203' title='bbox 615 2747 922 2822; x_wconf 78' lang='grc' dir='ltr'>προοιμίων</span> <span class='ocrx_word' id='word_1_204' title='bbox 961 2745 1059 2799; x_wconf 72' lang='grc' dir='ltr'>καὶ</span> <span class='ocrx_word' id='word_1_205' title='bbox 1098 2742 1323 2805; x_wconf 80' lang='grc' dir='ltr'>εὐθέως,</span> <span class='ocrx_word' id='word_1_206' title='bbox 1353 2740 1448 2792; x_wconf 74' lang='grc' dir='ltr'>καὶ</span> <span class='ocrx_word' id='word_1_207' title='bbox 1480 2737 1615 2808; x_wconf 71' lang='grc' dir='ltr'>μηδὲ</span> <span class='ocrx_word' id='word_1_208' title='bbox 1638 2737 1702 2789; x_wconf 75' lang='grc' dir='ltr'>τὸ</span> <span class='ocrx_word' id='word_1_209' title='bbox 1726 2735 1817 2789; x_wconf 85' lang='grc' dir='ltr'>τέ-</span> 
     </span>
    </p>
   </div>
   <div class='ocr_carea' id='block_1_28' title="bbox 217 2837 1146 2915">
    <p class='ocr_par' dir='ltr' id='par_1_28' title="bbox 217 2837 1146 2915">
     <span class='ocr_line' id='line_1_28' title="bbox 217 2837 1146 2915; baseline -0.014 -15"><span class='ocrx_word' id='word_1_210' title='bbox 217 2851 312 2911; x_wconf 72' lang='grc' dir='ltr'>λος</span> <span class='ocrx_word' id='word_1_211' title='bbox 335 2846 631 2915; x_wconf 85' lang='grc' dir='ltr'>ἀναμένειν</span> <span class='ocrx_word' id='word_1_212' title='bbox 669 2840 779 2894; x_wconf 85' lang='grc' dir='ltr'>τῶν</span> <span class='ocrx_word' id='word_1_213' title='bbox 809 2837 1146 2908; x_wconf 87' lang='grc' dir='ltr'>γινομένων;</span> 
     </span>
    </p>
   </div>
   <div class='ocr_carea' id='block_1_29' title="bbox 293 2939 1820 3029">
    <p class='ocr_par' dir='ltr' id='par_1_29' title="bbox 293 2939 1820 3029">
     <span class='ocr_line' id='line_1_29' title="bbox 293 2939 1820 3029; baseline -0.014 -15"><span class='ocrx_word' id='word_1_214' title='bbox 293 2962 437 3029; x_wconf 76' lang='grc' dir='ltr'>Κεφ.</span> <span class='ocrx_word' id='word_1_215' title='bbox 467 2957 532 3010; x_wconf 89' lang='grc' dir='ltr'>θ’.</span> <span class='ocrx_word' id='word_1_216' title='bbox 556 2954 808 3010; x_wconf 82' lang='grc' dir='ltr'>Μάλιστα</span> <span class='ocrx_word' id='word_1_217' title='bbox 836 2954 933 3024; x_wconf 86' lang='grc' dir='ltr'>μὲν</span> <span class='ocrx_word' id='word_1_218' title='bbox 963 2952 1074 3021; x_wconf 88' lang='grc' dir='ltr'>γὰρ</span> <span class='ocrx_word' id='word_1_219' title='bbox 1098 2948 1223 3002; x_wconf 79' lang='grc' dir='ltr'>οὐτε</span> <span class='ocrx_word' id='word_1_220' title='bbox 1249 2947 1314 2999; x_wconf 74' lang='grc' dir='ltr'>ἐκ</span> <span class='ocrx_word' id='word_1_221' title='bbox 1344 2943 1668 3016; x_wconf 70' lang='grc' dir='ltr'>προοιμίων,</span> <span class='ocrx_word' id='word_1_222' title='bbox 1694 2939 1820 2994; x_wconf 80' lang='grc' dir='ltr'>οὐτε</span> 
     </span>
    </p>
   </div>
   <div class='ocr_carea' id='block_1_30' title="bbox 225 3031 1823 3124">
    <p class='ocr_par' dir='ltr' id='par_1_30' title="bbox 225 3031 1823 3124">
     <span class='ocr_line' id='line_1_30' title="bbox 225 3031 1823 3124; baseline -0.016 -17"><span class='ocrx_word' id='word_1_223' title='bbox 225 3051 365 3124; x_wconf 81' lang='grc' dir='ltr'>μετά</span> <span class='ocrx_word' id='word_1_224' title='bbox 386 3049 561 3104; x_wconf 81' lang='grc' dir='ltr'>ταῦτα</span> <span class='ocrx_word' id='word_1_225' title='bbox 590 3044 1077 3115; x_wconf 81' lang='grc' dir='ltr'>πολυπραγμονεῖν</span> <span class='ocrx_word' id='word_1_226' title='bbox 1094 3039 1192 3092; x_wconf 85' lang='grc' dir='ltr'>δεῖ·</span> <span class='ocrx_word' id='word_1_227' title='bbox 1217 3039 1265 3090; x_wconf 86' lang='grc' dir='ltr'>εί</span> <span class='ocrx_word' id='word_1_228' title='bbox 1286 3036 1342 3089; x_wconf 83' lang='grc' dir='ltr'>δὲ</span> <span class='ocrx_word' id='word_1_229' title='bbox 1359 3034 1505 3088; x_wconf 75' lang='grc' dir='ltr'>οὕτω</span> <span class='ocrx_word' id='word_1_230' title='bbox 1526 3031 1823 3103; x_wconf 86' lang='grc' dir='ltr'>περίεργος</span> 
     </span>
    </p>
   </div>
   <div class='ocr_carea' id='block_1_31' title="bbox 221 3126 1823 3212">
    <p class='ocr_par' dir='ltr' id='par_1_31' title="bbox 221 3126 1823 3212">
     <span class='ocr_line' id='line_1_31' title="bbox 221 3126 1823 3212; baseline -0.016 -10"><span class='ocrx_word' id='word_1_231' title='bbox 221 3126 400 3202; x_wconf 61' lang='grc' dir='ltr'>εἷ’καὶ</span> <span class='ocrx_word' id='word_1_232' title='bbox 443 3141 878 3212; x_wconf 80' lang='grc' dir='ltr'>πολυπράγμων,</span> <span class='ocrx_word' id='word_1_233' title='bbox 918 3135 1159 3205; x_wconf 88' lang='grc' dir='ltr'>ἀνάμενε</span> <span class='ocrx_word' id='word_1_234' title='bbox 1192 3131 1254 3184; x_wconf 77' lang='grc' dir='ltr'>τὸ</span> <span class='ocrx_word' id='word_1_235' title='bbox 1279 3130 1458 3192; x_wconf 80' lang='grc' dir='ltr'>τέλος,</span> <span class='ocrx_word' id='word_1_236' title='bbox 1498 3129 1593 3179; x_wconf 77' lang='grc' dir='ltr'>καὶ</span> <span class='ocrx_word' id='word_1_237' title='bbox 1627 3127 1823 3178; x_wconf 85' lang='grc' dir='ltr'>σκόπει</span> 
     </span>
    </p>
   </div>
   <div class='ocr_carea' id='block_1_32' title="bbox 221 3218 1824 3301">
    <p class='ocr_par' dir='ltr' id='par_1_32' title="bbox 221 3218 1824 3301">
     <span class='ocr_line' id='line_1_32' title="bbox 221 3218 1824 3301; baseline -0.016 -8"><span class='ocrx_word' id='word_1_238' title='bbox 221 3239 329 3294; x_wconf 73' lang='grc' dir='ltr'>ποῦ</span> <span class='ocrx_word' id='word_1_239' title='bbox 351 3235 526 3290; x_wconf 81' lang='grc' dir='ltr'>ταῦτα</span> <span class='ocrx_word' id='word_1_240' title='bbox 542 3231 776 3301; x_wconf 77' lang='grc' dir='ltr'>ἀπαντᾷ,</span> <span class='ocrx_word' id='word_1_241' title='bbox 796 3231 893 3283; x_wconf 77' lang='grc' dir='ltr'>καὶ</span> <span class='ocrx_word' id='word_1_242' title='bbox 919 3229 994 3300; x_wconf 82' lang='grc' dir='ltr'>μὴ</span> <span class='ocrx_word' id='word_1_243' title='bbox 1019 3222 1278 3296; x_wconf 81' lang='grc' dir='ltr'>θορυϐδῦ,</span> <span class='ocrx_word' id='word_1_244' title='bbox 1309 3220 1446 3292; x_wconf 85' lang='grc' dir='ltr'>μηδὲ</span> <span class='ocrx_word' id='word_1_245' title='bbox 1466 3218 1741 3288; x_wconf 82' lang='grc' dir='ltr'>ταράττον</span> <span class='ocrx_word' id='word_1_246' title='bbox 1760 3221 1824 3270; x_wconf 82' lang='grc' dir='ltr'>ἐκ</span> 
     </span>
    </p>
   </div>
   <div class='ocr_carea' id='block_1_33' title="bbox 224 3309 1825 3405">
    <p class='ocr_par' dir='ltr' id='par_1_33' title="bbox 224 3309 1825 3405">
     <span class='ocr_line' id='line_1_33' title="bbox 224 3309 1825 3405; baseline -0.012 -22"><span class='ocrx_word' id='word_1_247' title='bbox 224 3327 549 3402; x_wconf 80' lang='grc' dir='ltr'>προοιμίων.</span> <span class='ocrx_word' id='word_1_248' title='bbox 589 3321 743 3376; x_wconf 65' lang='grc' dir='ltr'>Ἐπεὶ</span> <span class='ocrx_word' id='word_1_249' title='bbox 775 3321 873 3374; x_wconf 56' lang='grc' dir='ltr'>καὶ⁵</span> <span class='ocrx_word' id='word_1_250' title='bbox 897 3318 989 3372; x_wconf 80' lang='grc' dir='ltr'>τὸν</span> <span class='ocrx_word' id='word_1_251' title='bbox 1018 3315 1315 3405; x_wconf 72' lang='grc' dir='ltr'>χρυσοχόον</span> <span class='ocrx_word' id='word_1_252' title='bbox 1335 3311 1562 3382; x_wconf 78' lang='grc' dir='ltr'>ἄπειρός</span> <span class='ocrx_word' id='word_1_253' title='bbox 1584 3327 1666 3373; x_wconf 90' lang='grc' dir='ltr'>τις</span> <span class='ocrx_word' id='word_1_254' title='bbox 1682 3309 1825 3381; x_wconf 81' lang='grc' dir='ltr'>ὁρῶν</span> 
     </span>
    </p>
   </div>
   <div class='ocr_carea' id='block_1_34' title="bbox 223 3402 1829 3490">
    <p class='ocr_par' dir='ltr' id='par_1_34' title="bbox 223 3402 1829 3490">
     <span class='ocr_line' id='line_1_34' title="bbox 223 3402 1829 3490; baseline -0.013 -14"><span class='ocrx_word' id='word_1_255' title='bbox 223 3425 286 3476; x_wconf 74' lang='grc' dir='ltr'>ἐν</span> <span class='ocrx_word' id='word_1_256' title='bbox 318 3421 461 3490; x_wconf 79' lang='grc' dir='ltr'>ἀρχῇ</span> <span class='ocrx_word' id='word_1_257' title='bbox 502 3418 743 3488; x_wconf 83' lang='grc' dir='ltr'>τήκοντα</span> <span class='ocrx_word' id='word_1_258' title='bbox 774 3414 867 3465; x_wconf 84' lang='grc' dir='ltr'>τὸν</span> <span class='ocrx_word' id='word_1_259' title='bbox 910 3410 1133 3482; x_wconf 75' lang='grc' dir='ltr'>χρυσὸν,</span> <span class='ocrx_word' id='word_1_260' title='bbox 1163 3402 1257 3461; x_wconf 79' lang='grc' dir='ltr'>καὶ</span> <span class='ocrx_word' id='word_1_261' title='bbox 1307 3407 1374 3476; x_wconf 81' lang='grc' dir='ltr'>τῇ</span> <span class='ocrx_word' id='word_1_262' title='bbox 1413 3405 1591 3475; x_wconf 70' lang='grc' dir='ltr'>τέφρᾳ</span> <span class='ocrx_word' id='word_1_263' title='bbox 1627 3402 1829 3473; x_wconf 76' lang='grc' dir='ltr'>ἀναμι-</span> 
     </span>
    </p>
   </div>
   <div class='ocr_carea' id='block_1_35' title="bbox 224 3496 1826 3582">
    <p class='ocr_par' dir='ltr' id='par_1_35' title="bbox 224 3496 1826 3582">
     <span class='ocr_line' id='line_1_35' title="bbox 224 3496 1826 3582; baseline -0.012 -15"><span class='ocrx_word' id='word_1_264' title='bbox 224 3513 430 3582; x_wconf 84' lang='grc' dir='ltr'>γνύντα</span> <span class='ocrx_word' id='word_1_265' title='bbox 462 3511 558 3564; x_wconf 81' lang='grc' dir='ltr'>καὶ</span> <span class='ocrx_word' id='word_1_266' title='bbox 583 3511 699 3570; x_wconf 84' lang='grc' dir='ltr'>τοῖς</span> <span class='ocrx_word' id='word_1_267' title='bbox 721 3506 970 3577; x_wconf 88' lang='grc' dir='ltr'>ἀχύροις,</span> <span class='ocrx_word' id='word_1_268' title='bbox 993 3503 1041 3554; x_wconf 86' lang='grc' dir='ltr'>εί</span> <span class='ocrx_word' id='word_1_269' title='bbox 1077 3500 1152 3573; x_wconf 79' lang='grc' dir='ltr'>μὴ</span> <span class='ocrx_word' id='word_1_270' title='bbox 1179 3499 1242 3553; x_wconf 81' lang='grc' dir='ltr'>τὸ</span> <span class='ocrx_word' id='word_1_271' title='bbox 1279 3497 1434 3562; x_wconf 83' lang='grc' dir='ltr'>τέλος</span> <span class='ocrx_word' id='word_1_272' title='bbox 1460 3496 1826 3566; x_wconf 85' lang='grc' dir='ltr'>άναμείνειεν,</span> 
     </span>
    </p>
   </div>
   <div class='ocr_carea' id='block_1_36' title="bbox 225 3587 1830 3676">
    <p class='ocr_par' dir='ltr' id='par_1_36' title="bbox 225 3587 1830 3676">
     <span class='ocr_line' id='line_1_36' title="bbox 225 3587 1830 3676; baseline -0.014 -15"><span class='ocrx_word' id='word_1_273' title='bbox 225 3611 497 3676; x_wconf 79' lang='grc' dir='ltr'>ἡγήσεται</span> <span class='ocrx_word' id='word_1_274' title='bbox 533 3600 872 3656; x_wconf 84' lang='grc' dir='ltr'>ἀπολωλέναι</span> <span class='ocrx_word' id='word_1_275' title='bbox 905 3598 967 3650; x_wconf 78' lang='grc' dir='ltr'>τὸ</span> <span class='ocrx_word' id='word_1_276' title='bbox 993 3594 1234 3667; x_wconf 83' lang='grc' dir='ltr'>χρυσίον·</span> <span class='ocrx_word' id='word_1_277' title='bbox 1259 3591 1402 3646; x_wconf 77' lang='grc' dir='ltr'>οὕτω</span> <span class='ocrx_word' id='word_1_278' title='bbox 1428 3592 1522 3645; x_wconf 79' lang='grc' dir='ltr'>καὶ</span> <span class='ocrx_word' id='word_1_279' title='bbox 1549 3593 1606 3642; x_wconf 85' lang='grc' dir='ltr'>ὲν</span> <span class='ocrx_word' id='word_1_280' title='bbox 1638 3587 1830 3642; x_wconf 86' lang='grc' dir='ltr'>θαλάτ-</span> 
     </span>
    </p>
   </div>
   <div class='ocr_carea' id='block_1_37' title="bbox 225 3680 1831 3769">
    <p class='ocr_par' dir='ltr' id='par_1_37' title="bbox 225 3680 1831 3769">
     <span class='ocr_line' id='line_1_37' title="bbox 225 3680 1831 3769; baseline -0.012 -20"><span class='ocrx_word' id='word_1_281' title='bbox 225 3715 298 3769; x_wconf 78' lang='grc' dir='ltr'>τῃ</span> <span class='ocrx_word' id='word_1_282' title='bbox 320 3712 404 3758; x_wconf 89' lang='grc' dir='ltr'>τις</span> <span class='ocrx_word' id='word_1_283' title='bbox 429 3693 640 3762; x_wconf 75' lang='grc' dir='ltr'>τεχθεὶς</span> <span class='ocrx_word' id='word_1_284' title='bbox 665 3692 759 3744; x_wconf 73' lang='grc' dir='ltr'>καὶ</span> <span class='ocrx_word' id='word_1_285' title='bbox 811 3687 1062 3760; x_wconf 80' lang='grc' dir='ltr'>τραφεὶς,</span> <span class='ocrx_word' id='word_1_286' title='bbox 1103 3681 1223 3737; x_wconf 74' lang='grc' dir='ltr'>εἷτα</span> <span class='ocrx_word' id='word_1_287' title='bbox 1260 3681 1457 3752; x_wconf 91' lang='grc' dir='ltr'>ἀθρόον</span> <span class='ocrx_word' id='word_1_288' title='bbox 1486 3683 1566 3744; x_wconf 80' lang='grc' dir='ltr'>εἰς</span> <span class='ocrx_word' id='word_1_289' title='bbox 1593 3680 1695 3748; x_wconf 82' lang='grc' dir='ltr'>τὴν</span> <span class='ocrx_word' id='word_1_290' title='bbox 1734 3696 1831 3749; x_wconf 82' lang='grc' dir='ltr'>με-</span> 
     </span>
    </p>
   </div>
   <div class='ocr_carea' id='block_1_38' title="bbox 230 3769 1831 3852">
    <p class='ocr_par' dir='ltr' id='par_1_38' title="bbox 230 3769 1831 3852">
     <span class='ocr_line' id='line_1_38' title="bbox 230 3769 1831 3852; baseline -0.01 -14"><span class='ocrx_word' id='word_1_291' title='bbox 230 3787 446 3852; x_wconf 85' lang='grc' dir='ltr'>σόγειον</span> <span class='ocrx_word' id='word_1_292' title='bbox 479 3779 847 3849; x_wconf 71' lang='grc' dir='ltr'>μετοικισθεὶς</span> <span class='ocrx_word' id='word_1_293' title='bbox 877 3777 974 3829; x_wconf 81' lang='grc' dir='ltr'>καὶ</span> <span class='ocrx_word' id='word_1_294' title='bbox 1006 3774 1126 3830; x_wconf 80' lang='grc' dir='ltr'>καθ’</span> <span class='ocrx_word' id='word_1_295' title='bbox 1155 3775 1279 3826; x_wconf 81' lang='grc' dir='ltr'>ὅλου</span> <span class='ocrx_word' id='word_1_296' title='bbox 1307 3772 1406 3842; x_wconf 81' lang='grc' dir='ltr'>τῆς</span> <span class='ocrx_word' id='word_1_297' title='bbox 1444 3769 1573 3841; x_wconf 80' lang='grc' dir='ltr'>περὶ</span> <span class='ocrx_word' id='word_1_298' title='bbox 1600 3771 1700 3839; x_wconf 81' lang='grc' dir='ltr'>τὴν</span> <span class='ocrx_word' id='word_1_299' title='bbox 1725 3772 1831 3839; x_wconf 80' lang='grc' dir='ltr'>γῆν</span> 
     </span>
    </p>
   </div>
   <div class='ocr_carea' id='block_1_39' title="bbox 229 3862 1832 3946">
    <p class='ocr_par' dir='ltr' id='par_1_39' title="bbox 229 3862 1832 3946">
     <span class='ocr_line' id='line_1_39' title="bbox 229 3862 1832 3946; baseline -0.013 -14"><span class='ocrx_word' id='word_1_300' title='bbox 229 3873 552 3946; x_wconf 68' lang='grc' dir='ltr'>ἐπιμελείας</span> <span class='ocrx_word' id='word_1_301' title='bbox 577 3873 808 3941; x_wconf 87' lang='grc' dir='ltr'>ἀνήκοος</span> <span class='ocrx_word' id='word_1_302' title='bbox 854 3868 952 3932; x_wconf 85' lang='grc' dir='ltr'>ὣν,</span> <span class='ocrx_word' id='word_1_303' title='bbox 983 3868 1049 3921; x_wconf 82' lang='grc' dir='ltr'>ἂν</span> <span class='ocrx_word' id='word_1_304' title='bbox 1081 3866 1166 3938; x_wconf 81' lang='grc' dir='ltr'>ίδῃ</span> <span class='ocrx_word' id='word_1_305' title='bbox 1189 3866 1282 3918; x_wconf 83' lang='grc' dir='ltr'>τὸν</span> <span class='ocrx_word' id='word_1_306' title='bbox 1312 3866 1459 3916; x_wconf 85' lang='grc' dir='ltr'>σῖτον</span> <span class='ocrx_word' id='word_1_307' title='bbox 1484 3862 1576 3914; x_wconf 81' lang='grc' dir='ltr'>τὸν</span> <span class='ocrx_word' id='word_1_308' title='bbox 1615 3862 1832 3915; x_wconf 83' lang='grc' dir='ltr'>ἀποκεί-</span> 
     </span>
    </p>
   </div>
   <div class='ocr_carea' id='block_1_40' title="bbox 234 3955 1832 4042">
    <p class='ocr_par' dir='ltr' id='par_1_40' title="bbox 234 3955 1832 4042">
     <span class='ocr_line' id='line_1_40' title="bbox 234 3955 1832 4042; baseline -0.01 -21"><span class='ocrx_word' id='word_1_309' title='bbox 234 3985 402 4042; x_wconf 80' lang='grc' dir='ltr'>μενον</span> <span class='ocrx_word' id='word_1_310' title='bbox 435 3966 528 4019; x_wconf 72' lang='grc' dir='ltr'>καὶ</span> <span class='ocrx_word' id='word_1_311' title='bbox 552 3963 955 4033; x_wconf 84' lang='grc' dir='ltr'>φυλαττόμενον</span> <span class='ocrx_word' id='word_1_312' title='bbox 986 3962 1090 4013; x_wconf 85' lang='grc' dir='ltr'>ὐπὸ</span> <span class='ocrx_word' id='word_1_313' title='bbox 1114 3959 1309 4029; x_wconf 86' lang='grc' dir='ltr'>Θύραις</span> <span class='ocrx_word' id='word_1_314' title='bbox 1342 3957 1436 4011; x_wconf 74' lang='grc' dir='ltr'>καὶ</span> <span class='ocrx_word' id='word_1_315' title='bbox 1467 3955 1706 4027; x_wconf 83' lang='grc' dir='ltr'>μοχλοῖς,</span> <span class='ocrx_word' id='word_1_316' title='bbox 1739 3955 1832 4007; x_wconf 79' lang='grc' dir='ltr'>καὶ</span> 
     </span>
    </p>
   </div>
   <div class='ocr_carea' id='block_1_41' title="bbox 231 4049 1831 4128">
    <p class='ocr_par' dir='ltr' id='par_1_41' title="bbox 231 4049 1831 4128">
     <span class='ocr_line' id='line_1_41' title="bbox 231 4049 1831 4128; baseline -0.01 -14"><span class='ocrx_word' id='word_1_317' title='bbox 231 4060 436 4121; x_wconf 84' lang='grc' dir='ltr'>νοτίδος</span> <span class='ocrx_word' id='word_1_318' title='bbox 476 4055 918 4128; x_wconf 81' lang='grc' dir='ltr'>ἀπηλλαγμένον,</span> <span class='ocrx_word' id='word_1_319' title='bbox 951 4052 1148 4124; x_wconf 86' lang='grc' dir='ltr'>ἀθρόον</span> <span class='ocrx_word' id='word_1_320' title='bbox 1185 4051 1289 4104; x_wconf 80' lang='grc' dir='ltr'>ὑπὸ</span> <span class='ocrx_word' id='word_1_321' title='bbox 1329 4049 1425 4102; x_wconf 79' lang='grc' dir='ltr'>τοῦ</span> <span class='ocrx_word' id='word_1_322' title='bbox 1468 4049 1710 4118; x_wconf 79' lang='grc' dir='ltr'>γηπόνου</span> <span class='ocrx_word' id='word_1_323' title='bbox 1737 4050 1831 4099; x_wconf 81' lang='grc' dir='ltr'>εκ-</span> 
     </span>
    </p>
   </div>
   <div class='ocr_carea' id='block_1_42' title="bbox 235 4139 1833 4222">
    <p class='ocr_par' dir='ltr' id='par_1_42' title="bbox 235 4139 1833 4222">
     <span class='ocr_line' id='line_1_42' title="bbox 235 4139 1833 4222; baseline -0.01 -18"><span class='ocrx_word' id='word_1_324' title='bbox 235 4149 557 4222; x_wconf 80' lang='grc' dir='ltr'>φερόμενον,</span> <span class='ocrx_word' id='word_1_325' title='bbox 593 4144 1044 4216; x_wconf 75' lang='grc' dir='ltr'>σκορπιζόμενον,</span> <span class='ocrx_word' id='word_1_326' title='bbox 1077 4144 1463 4215; x_wconf 76' lang='grc' dir='ltr'>ῥιπτούμενον,</span> <span class='ocrx_word' id='word_1_327' title='bbox 1505 4143 1598 4192; x_wconf 74' lang='grc' dir='ltr'>καὶ</span> <span class='ocrx_word' id='word_1_328' title='bbox 1623 4140 1714 4190; x_wconf 73' lang='grc' dir='ltr'>ἐπὶ</span> <span class='ocrx_word' id='word_1_329' title='bbox 1737 4139 1833 4209; x_wconf 80' lang='grc' dir='ltr'>τῆς</span> 
     </span>
    </p>
   </div>
   <div class='ocr_carea' id='block_1_43' title="bbox 234 4231 1835 4314">
    <p class='ocr_par' dir='ltr' id='par_1_43' title="bbox 234 4231 1835 4314">
     <span class='ocr_line' id='line_1_43' title="bbox 234 4231 1835 4314; baseline -0.01 -17"><span class='ocrx_word' id='word_1_330' title='bbox 234 4241 477 4314; x_wconf 85' lang='grc' dir='ltr'>ἀρούρας</span> <span class='ocrx_word' id='word_1_331' title='bbox 497 4239 749 4310; x_wconf 84' lang='grc' dir='ltr'>κείμενον</span> <span class='ocrx_word' id='word_1_332' title='bbox 772 4239 884 4299; x_wconf 82' lang='grc' dir='ltr'>τοῖς</span> <span class='ocrx_word' id='word_1_333' title='bbox 918 4236 1208 4306; x_wconf 81' lang='grc' dir='ltr'>παριοῦσιν</span> <span class='ocrx_word' id='word_1_334' title='bbox 1239 4235 1432 4292; x_wconf 83' lang='grc' dir='ltr'>ἆπασι,</span> <span class='ocrx_word' id='word_1_335' title='bbox 1466 4233 1558 4284; x_wconf 82' lang='grc' dir='ltr'>καὶ</span> <span class='ocrx_word' id='word_1_336' title='bbox 1581 4232 1641 4283; x_wconf 90' lang='grc' dir='ltr'>οὐ</span> <span class='ocrx_word' id='word_1_337' title='bbox 1677 4231 1835 4300; x_wconf 85' lang='grc' dir='ltr'>μόνον</span> 
     </span>
    </p>
   </div>
   <div class='ocr_carea' id='block_1_44' title="bbox 235 4323 1834 4404">
    <p class='ocr_par' dir='ltr' id='par_1_44' title="bbox 235 4323 1834 4404">
     <span class='ocr_line' id='line_1_44' title="bbox 235 4323 1834 4404; baseline -0.009 -16"><span class='ocrx_word' id='word_1_338' title='bbox 235 4337 338 4389; x_wconf 86' lang='grc' dir='ltr'>οὐκ</span> <span class='ocrx_word' id='word_1_339' title='bbox 372 4332 792 4404; x_wconf 84' lang='grc' dir='ltr'>ἀπηλλαγμένον</span> <span class='ocrx_word' id='word_1_340' title='bbox 815 4330 1036 4391; x_wconf 84' lang='grc' dir='ltr'>νοτίδος,</span> <span class='ocrx_word' id='word_1_341' title='bbox 1063 4329 1198 4381; x_wconf 87' lang='grc' dir='ltr'>ἀλλὰ</span> <span class='ocrx_word' id='word_1_342' title='bbox 1237 4327 1332 4380; x_wconf 73' lang='grc' dir='ltr'>καὶ</span> <span class='ocrx_word' id='word_1_343' title='bbox 1575 4326 1671 4378; x_wconf 74' lang='grc' dir='ltr'>καὶ</span> <span class='ocrx_word' id='word_1_344' title='bbox 1715 4323 1834 4376; x_wconf 84' lang='grc' dir='ltr'>τέλ-</span> 
     </span>
    </p>
   </div>
   <div class='ocr_carea' id='block_1_45' title="bbox 240 4416 1836 4501">
    <p class='ocr_par' dir='ltr' id='par_1_45' title="bbox 240 4416 1836 4501">
     <span class='ocr_line' id='line_1_45' title="bbox 240 4416 1836 4501; baseline -0.008 -21"><span class='ocrx_word' id='word_1_345' title='bbox 240 4445 377 4501; x_wconf 85' lang='grc' dir='ltr'>μασι</span> <span class='ocrx_word' id='word_1_346' title='bbox 413 4424 863 4497; x_wconf 85' lang='grc' dir='ltr'>παραδιδόμενον,</span> <span class='ocrx_word' id='word_1_347' title='bbox 894 4423 985 4474; x_wconf 75' lang='grc' dir='ltr'>καὶ</span> <span class='ocrx_word' id='word_1_348' title='bbox 1020 4421 1240 4490; x_wconf 82' lang='grc' dir='ltr'>φύλακα</span> <span class='ocrx_word' id='word_1_349' title='bbox 1264 4417 1454 4471; x_wconf 80' lang='grc' dir='ltr'>οὐδένα</span> <span class='ocrx_word' id='word_1_350' title='bbox 1490 4416 1704 4486; x_wconf 84' lang='grc' dir='ltr'>ἔχοντα,</span> <span class='ocrx_word' id='word_1_351' title='bbox 1736 4419 1836 4469; x_wconf 71' lang='grc' dir='ltr'>οὐκ</span> 
     </span>
    </p>
   </div>
   <div class='ocr_carea' id='block_1_46' title="bbox 241 4496 1835 4584">
    <p class='ocr_par' dir='ltr' id='par_1_46' title="bbox 241 4496 1835 4584">
     <span class='ocr_line' id='line_1_46' title="bbox 241 4496 1835 4584; baseline -0.008 -10"><span class='ocrx_word' id='word_1_352' title='bbox 241 4521 308 4576; x_wconf 74' lang='grc' dir='ltr'>ἂν</span> <span class='ocrx_word' id='word_1_353' title='bbox 343 4517 642 4573; x_wconf 81' lang='grc' dir='ltr'>ἀπολέσθαι</span> <span class='ocrx_word' id='word_1_354' title='bbox 688 4515 779 4568; x_wconf 72' lang='grc' dir='ltr'>τὸν</span> <span class='ocrx_word' id='word_1_355' title='bbox 828 4519 972 4566; x_wconf 85' lang='grc' dir='ltr'>σῖτον</span> <span class='ocrx_word' id='word_1_356' title='bbox 1011 4514 1277 4584; x_wconf 80' lang='grc' dir='ltr'>νομίσειε,</span> <span class='ocrx_word' id='word_1_357' title='bbox 1326 4513 1421 4564; x_wconf 71' lang='grc' dir='ltr'>καὶ</span> <span class='ocrx_word' id='word_1_358' title='bbox 1453 4496 1702 4579; x_wconf 66' lang='grc' dir='ltr'>κατέγνω</span> <span class='ocrx_word' id='word_1_359' title='bbox 1743 4512 1835 4564; x_wconf 68' lang='grc' dir='ltr'>τοῦ</span> 
     </span>
    </p>
   </div>
   <div class='ocr_carea' id='block_1_47' title="bbox 236 4604 1839 4675">
    <p class='ocr_par' dir='ltr' id='par_1_47' title="bbox 236 4604 1839 4675">
     <span class='ocr_line' id='line_1_47' title="bbox 236 4604 1839 4675; baseline -0.008 -10"><span class='ocrx_word' id='word_1_360' title='bbox 236 4611 414 4665; x_wconf 74' lang='grc' dir='ltr'>ταῦτα</span> <span class='ocrx_word' id='word_1_361' title='bbox 452 4606 733 4671; x_wconf 73' lang='grc' dir='ltr'>ποιοῦντος</span> <span class='ocrx_word' id='word_1_362' title='bbox 757 4608 1030 4675; x_wconf 75' lang='grc' dir='ltr'>γηπόνους</span> <span class='ocrx_word' id='word_1_363' title='bbox 1074 4604 1214 4656; x_wconf 74' lang='grc' dir='ltr'>Ἀλλ’</span> <span class='ocrx_word' id='word_1_364' title='bbox 1239 4605 1299 4655; x_wconf 92' lang='grc' dir='ltr'>οὐ</span> <span class='ocrx_word' id='word_1_365' title='bbox 1331 4605 1426 4673; x_wconf 78' lang='grc' dir='ltr'>τῆς</span> <span class='ocrx_word' id='word_1_366' title='bbox 1455 4604 1547 4655; x_wconf 83' lang='grc' dir='ltr'>τοῦ</span> <span class='ocrx_word' id='word_1_367' title='bbox 1576 4607 1839 4674; x_wconf 78' lang='grc' dir='ltr'>πράγμα-</span> 
     </span>
    </p>
   </div>
   <div class='ocr_carea' id='block_1_48' title="bbox 239 4695 1839 4770">
    <p class='ocr_par' dir='ltr' id='par_1_48' title="bbox 239 4695 1839 4770">
     <span class='ocr_line' id='line_1_48' title="bbox 239 4695 1839 4770; baseline -0.006 -14"><span class='ocrx_word' id='word_1_368' title='bbox 239 4719 333 4765; x_wconf 88' lang='grc' dir='ltr'>τος</span> <span class='ocrx_word' id='word_1_369' title='bbox 365 4700 580 4770; x_wconf 82' lang='grc' dir='ltr'>φύσεως</span> <span class='ocrx_word' id='word_1_370' title='bbox 633 4701 666 4770; x_wconf 89' lang='grc' dir='ltr'>ή</span> <span class='ocrx_word' id='word_1_371' title='bbox 701 4699 1069 4767; x_wconf 79' lang='grc' dir='ltr'>κατάγνωσις,</span> <span class='ocrx_word' id='word_1_372' title='bbox 1103 4696 1239 4749; x_wconf 90' lang='grc' dir='ltr'>ἀλλά</span> <span class='ocrx_word' id='word_1_373' title='bbox 1282 4696 1383 4764; x_wconf 77' lang='grc' dir='ltr'>τῆς</span> <span class='ocrx_word' id='word_1_374' title='bbox 1419 4695 1512 4747; x_wconf 83' lang='grc' dir='ltr'>τοῦ</span> <span class='ocrx_word' id='word_1_375' title='bbox 1549 4697 1622 4765; x_wconf 85' lang='grc' dir='ltr'>μὴ</span> <span class='ocrx_word' id='word_1_376' title='bbox 1659 4697 1839 4759; x_wconf 76' lang='grc' dir='ltr'>καλῶς</span> 
     </span>
    </p>
   </div>
   <div class='ocr_carea' id='block_1_49' title="bbox 241 4790 1838 4863">
    <p class='ocr_par' dir='ltr' id='par_1_49' title="bbox 241 4790 1838 4863">
     <span class='ocr_line' id='line_1_49' title="bbox 241 4790 1838 4863; baseline -0.003 -19"><span class='ocrx_word' id='word_1_377' title='bbox 241 4796 530 4863; x_wconf 76' lang='grc' dir='ltr'>κρίναντος</span> <span class='ocrx_word' id='word_1_378' title='bbox 570 4791 826 4863; x_wconf 85' lang='grc' dir='ltr'>ἀπειρίας</span> <span class='ocrx_word' id='word_1_379' title='bbox 855 4809 914 4844; x_wconf 88' lang='grc' dir='ltr'>τε</span> <span class='ocrx_word' id='word_1_380' title='bbox 956 4793 1049 4843; x_wconf 76' lang='grc' dir='ltr'>καὶ</span> <span class='ocrx_word' id='word_1_381' title='bbox 1081 4790 1290 4852; x_wconf 84' lang='grc' dir='ltr'>ἀνοίας,</span> <span class='ocrx_word' id='word_1_382' title='bbox 1320 4793 1381 4840; x_wconf 80' lang='grc' dir='ltr'>ἐκ</span> <span class='ocrx_word' id='word_1_383' title='bbox 1414 4793 1718 4858; x_wconf 77' lang='grc' dir='ltr'>προοιμίων</span> <span class='ocrx_word' id='word_1_384' title='bbox 1748 4791 1838 4840; x_wconf 84' lang='grc' dir='ltr'>εύ-</span> 
     </span>
    </p>
   </div>
   <div class='ocr_carea' id='block_1_50' title="bbox 242 4880 1840 4953">
    <p class='ocr_par' dir='ltr' id='par_1_50' title="bbox 242 4880 1840 4953">
     <span class='ocr_line' id='line_1_50' title="bbox 242 4880 1840 4953; baseline -0.003 -15"><span class='ocrx_word' id='word_1_385' title='bbox 242 4885 383 4946; x_wconf 76' lang='grc' dir='ltr'>θέως</span> <span class='ocrx_word' id='word_1_386' title='bbox 414 4883 512 4951; x_wconf 79' lang='grc' dir='ltr'>τὴν</span> <span class='ocrx_word' id='word_1_387' title='bbox 543 4883 723 4953; x_wconf 76' lang='grc' dir='ltr'>ψῆφον</span> <span class='ocrx_word' id='word_1_388' title='bbox 752 4883 1031 4951; x_wconf 85' lang='grc' dir='ltr'>φέροντος.</span> <span class='ocrx_word' id='word_1_389' title='bbox 1064 4884 1220 4935; x_wconf 71' lang='grc' dir='ltr'>Ἐπεὶ</span> <span class='ocrx_word' id='word_1_390' title='bbox 1251 4883 1297 4933; x_wconf 83' lang='grc' dir='ltr'>εί</span> <span class='ocrx_word' id='word_1_391' title='bbox 1338 4880 1398 4932; x_wconf 73' lang='grc' dir='ltr'>τὸ</span> <span class='ocrx_word' id='word_1_392' title='bbox 1427 4881 1583 4950; x_wconf 81' lang='grc' dir='ltr'>θέρος</span> <span class='ocrx_word' id='word_1_393' title='bbox 1614 4882 1840 4950; x_wconf 81' lang='grc' dir='ltr'>ἀνέμει-</span> 
     </span>
    </p>
   </div>
   <div class='ocr_carea' id='block_1_51' title="bbox 244 4972 1840 5048">
    <p class='ocr_par' dir='ltr' id='par_1_51' title="bbox 244 4972 1840 5048">
     <span class='ocr_line' id='line_1_51' title="bbox 244 4972 1840 5048; baseline -0.001 -16"><span class='ocrx_word' id='word_1_394' title='bbox 244 4993 322 5038; x_wconf 84' lang='grc' dir='ltr'>νε,</span> <span class='ocrx_word' id='word_1_395' title='bbox 350 4979 440 5028; x_wconf 73' lang='grc' dir='ltr'>καὶ</span> <span class='ocrx_word' id='word_1_396' title='bbox 468 4972 573 5028; x_wconf 76' lang='grc' dir='ltr'>εἶδε</span> <span class='ocrx_word' id='word_1_397' title='bbox 606 4978 672 5028; x_wconf 81' lang='grc' dir='ltr'>τά</span> <span class='ocrx_word' id='word_1_398' title='bbox 691 4978 815 5047; x_wconf 81' lang='grc' dir='ltr'>λήῖα</span> <span class='ocrx_word' id='word_1_399' title='bbox 850 4981 1127 5047; x_wconf 83' lang='grc' dir='ltr'>κομῶντα,</span> <span class='ocrx_word' id='word_1_400' title='bbox 1164 4980 1258 5030; x_wconf 77' lang='grc' dir='ltr'>καὶ</span> <span class='ocrx_word' id='word_1_401' title='bbox 1285 4981 1382 5047; x_wconf 78' lang='grc' dir='ltr'>τὴν</span> <span class='ocrx_word' id='word_1_402' title='bbox 1409 4978 1684 5048; x_wconf 87' lang='grc' dir='ltr'>δρεπάνην</span> <span class='ocrx_word' id='word_1_403' title='bbox 1708 4981 1840 5048; x_wconf 83' lang='grc' dir='ltr'>ήκο-</span> 
     </span>
    </p>
   </div>
   <div class='ocr_carea' id='block_1_52' title="bbox 244 5070 1843 5140">
    <p class='ocr_par' dir='ltr' id='par_1_52' title="bbox 244 5070 1843 5140">
     <span class='ocr_line' id='line_1_52' title="bbox 244 5070 1843 5140; baseline 0.001 -19"><span class='ocrx_word' id='word_1_404' title='bbox 244 5071 509 5140; x_wconf 86' lang='grc' dir='ltr'>νημένην,</span> <span class='ocrx_word' id='word_1_405' title='bbox 549 5071 639 5122; x_wconf 77' lang='grc' dir='ltr'>καὶ</span> <span class='ocrx_word' id='word_1_406' title='bbox 671 5070 761 5122; x_wconf 72' lang='grc' dir='ltr'>τὸν</span> <span class='ocrx_word' id='word_1_407' title='bbox 794 5071 1193 5139; x_wconf 82' lang='grc' dir='ltr'>σκορπισθέντα</span> <span class='ocrx_word' id='word_1_408' title='bbox 1244 5071 1336 5122; x_wconf 69' lang='grc' dir='ltr'>καὶ</span> <span class='ocrx_word' id='word_1_409' title='bbox 1381 5070 1694 5137; x_wconf 75' lang='grc' dir='ltr'>ἀφύλακτον</span> <span class='ocrx_word' id='word_1_410' title='bbox 1723 5071 1843 5140; x_wconf 86' lang='grc' dir='ltr'>μεί-</span> 
     </span>
    </p>
   </div>
   <div class='ocr_carea' id='block_1_53' title="bbox 244 5158 1850 5234">
    <p class='ocr_par' dir='ltr' id='par_1_53' title="bbox 244 5158 1850 5234">
     <span class='ocr_line' id='line_1_53' title="bbox 244 5158 1850 5234; baseline 0.002 -19"><span class='ocrx_word' id='word_1_411' title='bbox 244 5178 411 5215; x_wconf 83' lang='grc' dir='ltr'>ναντα</span> <span class='ocrx_word' id='word_1_412' title='bbox 436 5164 600 5226; x_wconf 89' lang='grc' dir='ltr'>σῖτον,</span> <span class='ocrx_word' id='word_1_413' title='bbox 618 5164 709 5215; x_wconf 67' lang='grc' dir='ltr'>καὶ</span> <span class='ocrx_word' id='word_1_414' title='bbox 729 5158 1082 5216; x_wconf 68' lang='grc' dir='ltr'>σαπέντα¹καῖ</span> <span class='ocrx_word' id='word_1_415' title='bbox 1095 5163 1459 5234; x_wconf 72' lang='grc' dir='ltr'>διαφθαρέντα</span> <span class='ocrx_word' id='word_1_416' title='bbox 1485 5165 1578 5215; x_wconf 70' lang='grc' dir='ltr'>καὶ</span> <span class='ocrx_word' id='word_1_417' title='bbox 1595 5164 1672 5233; x_wconf 82' lang='grc' dir='ltr'>τῷ</span> <span class='ocrx_word' id='word_1_418' title='bbox 1692 5164 1850 5234; x_wconf 71' lang='grc' dir='ltr'>πηλῷ,</span> 
     </span>
    </p>
   </div>
   <div class='ocr_carea' id='block_1_54' title="bbox 247 5253 1845 5326">
    <p class='ocr_par' dir='ltr' id='par_1_54' title="bbox 247 5253 1845 5326">
     <span class='ocr_line' id='line_1_54' title="bbox 247 5253 1845 5326; baseline 0.002 -21"><span class='ocrx_word' id='word_1_419' title='bbox 247 5253 653 5322; x_wconf 79' lang='grc' dir='ltr'>παραδοθέντα,</span> <span class='ocrx_word' id='word_1_420' title='bbox 697 5254 887 5308; x_wconf 78' lang='grc' dir='ltr'>τοῦτον</span> <span class='ocrx_word' id='word_1_421' title='bbox 925 5256 1275 5326; x_wconf 79' lang='grc' dir='ltr'>ἐγειρόμενον</span> <span class='ocrx_word' id='word_1_422' title='bbox 1317 5257 1410 5307; x_wconf 75' lang='grc' dir='ltr'>καὶ</span> <span class='ocrx_word' id='word_1_423' title='bbox 1442 5255 1845 5308; x_wconf 84' lang='grc' dir='ltr'>πολυπλασίονα</span> 
     </span>
    </p>
   </div>
   <div class='ocr_carea' id='block_1_55' title="bbox 245 5346 1849 5416">
    <p class='ocr_par' dir='ltr' id='par_1_55' title="bbox 245 5346 1849 5416">
     <span class='ocr_line' id='line_1_55' title="bbox 245 5346 1849 5416; baseline 0.003 -21"><span class='ocrx_word' id='word_1_424' title='bbox 245 5346 556 5415; x_wconf 84' lang='grc' dir='ltr'>γινόμενον,</span> <span class='ocrx_word' id='word_1_425' title='bbox 575 5347 903 5416; x_wconf 81' lang='grc' dir='ltr'>ὼραιότερόν</span> <span class='ocrx_word' id='word_1_426' title='bbox 926 5365 984 5398; x_wconf 87' lang='grc' dir='ltr'>τε</span> <span class='ocrx_word' id='word_1_427' title='bbox 1011 5349 1352 5416; x_wconf 77' lang='grc' dir='ltr'>φαινόμενον,</span> <span class='ocrx_word' id='word_1_428' title='bbox 1381 5349 1472 5399; x_wconf 73' lang='grc' dir='ltr'>καὶ</span> <span class='ocrx_word' id='word_1_429' title='bbox 1493 5349 1591 5415; x_wconf 76' lang='grc' dir='ltr'>τὴν</span> <span class='ocrx_word' id='word_1_430' title='bbox 1623 5349 1849 5400; x_wconf 79' lang='grc' dir='ltr'>παλαιό-</span> 
     </span>
    </p>
   </div>
   <div class='ocr_carea' id='block_1_56' title="bbox 246 5436 1848 5508">
    <p class='ocr_par' dir='ltr' id='par_1_56' title="bbox 246 5436 1848 5508">
     <span class='ocr_line' id='line_1_56' title="bbox 246 5436 1848 5508; baseline 0.002 -21"><span class='ocrx_word' id='word_1_431' title='bbox 246 5452 388 5506; x_wconf 78' lang='grc' dir='ltr'>τητα</span> <span class='ocrx_word' id='word_1_432' title='bbox 421 5436 784 5506; x_wconf 84' lang='grc' dir='ltr'>ἀποθέμενον,</span> <span class='ocrx_word' id='word_1_433' title='bbox 828 5439 921 5490; x_wconf 80' lang='grc' dir='ltr'>καὶ</span> <span class='ocrx_word' id='word_1_434' title='bbox 960 5439 1097 5508; x_wconf 89' lang='grc' dir='ltr'>μετά</span> <span class='ocrx_word' id='word_1_435' title='bbox 1128 5437 1330 5506; x_wconf 76' lang='grc' dir='ltr'>πολλῆς</span> <span class='ocrx_word' id='word_1_436' title='bbox 1361 5437 1693 5507; x_wconf 73' lang='grc' dir='ltr'>ὀρθούμενον</span> <span class='ocrx_word' id='word_1_437' title='bbox 1750 5439 1848 5506; x_wconf 72' lang='grc' dir='ltr'>τῆς</span> 
     </span>
    </p>
   </div>
   <div class='ocr_carea' id='block_1_57' title="bbox 252 5527 1850 5598">
    <p class='ocr_par' dir='ltr' id='par_1_57' title="bbox 252 5527 1850 5598">
     <span class='ocr_line' id='line_1_57' title="bbox 252 5527 1850 5598; baseline 0.001 -18"><span class='ocrx_word' id='word_1_438' title='bbox 252 5528 640 5598; x_wconf 83' lang='grc' dir='ltr'>σφοδρότητος,</span> <span class='ocrx_word' id='word_1_439' title='bbox 681 5531 774 5581; x_wconf 69' lang='grc' dir='ltr'>καὶ</span> <span class='ocrx_word' id='word_1_440' title='bbox 815 5529 1149 5598; x_wconf 77' lang='grc' dir='ltr'>δορυφόρους</span> <span class='ocrx_word' id='word_1_441' title='bbox 1180 5527 1290 5581; x_wconf 73' lang='grc' dir='ltr'>οἷον</span> <span class='ocrx_word' id='word_1_442' title='bbox 1324 5530 1515 5598; x_wconf 78' lang='grc' dir='ltr'>ἔχοντα</span> <span class='ocrx_word' id='word_1_443' title='bbox 1552 5531 1646 5582; x_wconf 69' lang='grc' dir='ltr'>καὶ</span> <span class='ocrx_word' id='word_1_444' title='bbox 1703 5532 1850 5582; x_wconf 78' lang='grc' dir='ltr'>ἐνδύ-</span> 
     </span>
    </p>
   </div>
   <div class='ocr_carea' id='block_1_58' title="bbox 255 5623 1850 5695">
    <p class='ocr_par' dir='ltr' id='par_1_58' title="bbox 255 5623 1850 5695">
     <span class='ocr_line' id='line_1_58' title="bbox 255 5623 1850 5695; baseline -0.005 -23"><span class='ocrx_word' id='word_1_445' title='bbox 255 5639 422 5691; x_wconf 86' lang='grc' dir='ltr'>ματα,</span> <span class='ocrx_word' id='word_1_446' title='bbox 463 5623 558 5675; x_wconf 73' lang='grc' dir='ltr'>καὶ</span> <span class='ocrx_word' id='word_1_447' title='bbox 601 5623 855 5693; x_wconf 81' lang='grc' dir='ltr'>καλάμην</span> <span class='ocrx_word' id='word_1_448' title='bbox 889 5626 1022 5695; x_wconf 61' lang='grc' dir='ltr'>πρδς</span> <span class='ocrx_word' id='word_1_449' title='bbox 1061 5626 1192 5693; x_wconf 46' lang='grc' dir='ltr'>ὕψος</span> <span class='ocrx_word' id='word_1_450' title='bbox 1240 5625 1539 5693; x_wconf 58' lang='grc' dir='ltr'>ἐγείροντα,</span> <span class='ocrx_word' id='word_1_451' title='bbox 1578 5627 1671 5676; x_wconf 59' lang='grc' dir='ltr'>καὶ</span> <span class='ocrx_word' id='word_1_452' title='bbox 1727 5626 1850 5694; x_wconf 80' lang='grc' dir='ltr'>τέρ-</span> 
     </span>
    </p>
   </div>
   <div class='ocr_carea' id='block_1_59' title="bbox 251 5714 1850 5786">
    <p class='ocr_par' dir='ltr' id='par_1_59' title="bbox 251 5714 1850 5786">
     <span class='ocr_line' id='line_1_59' title="bbox 251 5714 1850 5786; baseline 0.002 -20"><span class='ocrx_word' id='word_1_453' title='bbox 251 5731 422 5766; x_wconf 82' lang='grc' dir='ltr'>ποντα</span> <span class='ocrx_word' id='word_1_454' title='bbox 457 5715 545 5766; x_wconf 79' lang='grc' dir='ltr'>τὸν</span> <span class='ocrx_word' id='word_1_455' title='bbox 574 5714 776 5786; x_wconf 79' lang='grc' dir='ltr'>θεατὴν</span> <span class='ocrx_word' id='word_1_456' title='bbox 807 5719 896 5769; x_wconf 65' lang='grc' dir='ltr'>καὶ</span> <span class='ocrx_word' id='word_1_457' title='bbox 927 5718 1220 5786; x_wconf 75' lang='grc' dir='ltr'>τρέφοντα,</span> <span class='ocrx_word' id='word_1_458' title='bbox 1249 5717 1342 5768; x_wconf 72' lang='grc' dir='ltr'>καὶ</span> <span class='ocrx_word' id='word_1_459' title='bbox 1371 5717 1504 5768; x_wconf 76' lang='grc' dir='ltr'>πολὺ</span> <span class='ocrx_word' id='word_1_460' title='bbox 1537 5715 1850 5786; x_wconf 77' lang='grc' dir='ltr'>παρέχοντα</span> 
     </span>
    </p>
   </div>
   <div class='ocr_carea' id='block_1_60' title="bbox 252 5807 1855 5882">
    <p class='ocr_par' dir='ltr' id='par_1_60' title="bbox 252 5807 1855 5882">
     <span class='ocr_line' id='line_1_60' title="bbox 252 5807 1855 5882; baseline 0.001 -22"><span class='ocrx_word' id='word_1_461' title='bbox 252 5807 314 5860; x_wconf 71' lang='grc' dir='ltr'>τδ</span> <span class='ocrx_word' id='word_1_462' title='bbox 346 5808 558 5876; x_wconf 74' lang='grc' dir='ltr'>κέρδος,</span> <span class='ocrx_word' id='word_1_463' title='bbox 584 5811 702 5861; x_wconf 86' lang='grc' dir='ltr'>τότε</span> <span class='ocrx_word' id='word_1_464' title='bbox 731 5809 794 5863; x_wconf 79' lang='grc' dir='ltr'>ἂν</span> <span class='ocrx_word' id='word_1_465' title='bbox 826 5809 1094 5882; x_wconf 76' lang='grc' dir='ltr'>ἐξεπλάγη</span> <span class='ocrx_word' id='word_1_466' title='bbox 1137 5809 1419 5881; x_wconf 75' lang='grc' dir='ltr'>μειζόνως,</span> <span class='ocrx_word' id='word_1_467' title='bbox 1461 5811 1541 5862; x_wconf 75' lang='grc' dir='ltr'>ὅτι</span> <span class='ocrx_word' id='word_1_468' title='bbox 1571 5809 1658 5861; x_wconf 72' lang='grc' dir='ltr'>διὰ</span> <span class='ocrx_word' id='word_1_469' title='bbox 1688 5811 1855 5862; x_wconf 84' lang='grc' dir='ltr'>τοιού-</span> 
     </span>
    </p>
   </div>
   <div class='ocr_carea' id='block_1_61' title="bbox 1025 315 2686 399">
    <p class='ocr_par' dir='ltr' id='par_1_61' title="bbox 1025 315 2686 399">
     <span class='ocr_line' id='line_1_61' title="bbox 1025 315 2686 399; baseline -0.014 -6"><span class='ocrx_word' id='word_1_470' title='bbox 1025 339 1117 394; x_wconf 74' lang='lat' dir='ltr'>AD</span> <span class='ocrx_word' id='word_1_471' title='bbox 1159 335 1286 389; x_wconf 81' lang='lat' dir='ltr'>EOS</span> <span class='ocrx_word' id='word_1_472' title='bbox 1320 332 1437 399; x_wconf 84' lang='lat' dir='ltr'>QUI</span> <span class='ocrx_word' id='word_1_473' title='bbox 1483 319 1996 385; x_wconf 69' lang='lat' dir='ltr'>SCANDALIZATI</span> <span class='ocrx_word' id='word_1_474' title='bbox 2041 319 2249 377; x_wconf 83' lang='lat' dir='ltr'>SUNT.</span> <span class='ocrx_word' id='word_1_475' title='bbox 2298 318 2428 373; x_wconf 84' lang='lat' dir='ltr'>LIB.</span> <span class='ocrx_word' id='word_1_476' title='bbox 2471 315 2686 372; x_wconf 77' lang='lat' dir='ltr'>UNUS.</span> 
     </span>
    </p>
   </div>
   <div class='ocr_carea' id='block_1_62' title="bbox 3397 303 3503 362">
    <p class='ocr_par' dir='ltr' id='par_1_62' title="bbox 3397 303 3503 362">
     <span class='ocr_line' id='line_1_62' title="bbox 3397 303 3503 362; baseline -0.057 1"><span class='ocrx_word' id='word_1_477' title='bbox 3397 303 3503 362; x_wconf 80' lang='lat'>500</span> 
     </span>
    </p>
   </div>
   <div class='ocr_carea' id='block_1_63' title="bbox 1902 421 3507 507">
    <p class='ocr_par' dir='ltr' id='par_1_63' title="bbox 1902 421 3507 507">
     <span class='ocr_line' id='line_1_63' title="bbox 1902 421 3507 507; baseline -0.012 -17"><span class='ocrx_word' id='word_1_478' title='bbox 1902 455 2010 490; x_wconf 83' lang='grc' dir='ltr'>των</span> <span class='ocrx_word' id='word_1_479' title='bbox 2048 438 2138 491; x_wconf 56' lang='grc' dir='ltr'>ἐπλι</span> <span class='ocrx_word' id='word_1_480' title='bbox 2185 436 2444 507; x_wconf 80' lang='grc' dir='ltr'>τοιαύτην</span> <span class='ocrx_word' id='word_1_481' title='bbox 2478 433 2620 504; x_wconf 80' lang='grc' dir='ltr'>ήχθη</span> <span class='ocrx_word' id='word_1_482' title='bbox 2664 428 2924 498; x_wconf 78' lang='grc' dir='ltr'>εὐθηνίαν</span> <span class='ocrx_word' id='word_1_483' title='bbox 2959 425 3054 478; x_wconf 70' lang='grc' dir='ltr'>καὶ</span> <span class='ocrx_word' id='word_1_484' title='bbox 3103 421 3440 494; x_wconf 85' lang='grc' dir='ltr'>φαιδρότητα</span> <span class='ocrx_word' id='word_1_485' title='bbox 3474 421 3507 472; x_wconf 75' lang='grc' dir='ltr'><strong>ὁ</strong></span> 
     </span>
    </p>
   </div>
   <div class='ocr_carea' id='block_1_64' title="bbox 1904 523 3506 612">
    <p class='ocr_par' dir='ltr' id='par_1_64' title="bbox 1904 523 3506 612">
     <span class='ocr_line' id='line_1_64' title="bbox 1904 523 3506 612; baseline -0.014 -17"><span class='ocrx_word' id='word_1_486' title='bbox 1904 541 2134 612; x_wconf 81' lang='grc' dir='ltr'>καρπός.</span> <span class='ocrx_word' id='word_1_487' title='bbox 2181 541 2291 592; x_wconf 74' lang='grc' dir='ltr'>Καὶ</span> <span class='ocrx_word' id='word_1_488' title='bbox 2342 539 2406 591; x_wconf 85' lang='grc' dir='ltr'>σὺ</span> <span class='ocrx_word' id='word_1_489' title='bbox 2451 535 2653 596; x_wconf 81' lang='grc' dir='ltr'>τοίνυν,</span> <span class='ocrx_word' id='word_1_490' title='bbox 2698 532 2973 603; x_wconf 83' lang='grc' dir='ltr'>ἄνθρωπε,</span> <span class='ocrx_word' id='word_1_491' title='bbox 3019 526 3256 598; x_wconf 88' lang='grc' dir='ltr'>μάλιστα</span> <span class='ocrx_word' id='word_1_492' title='bbox 3291 523 3390 594; x_wconf 80' lang='grc' dir='ltr'>μὲν</span> <span class='ocrx_word' id='word_1_493' title='bbox 3429 523 3506 592; x_wconf 84' lang='grc' dir='ltr'>μὴ</span> 
     </span>
    </p>
   </div>
   <div class='ocr_carea' id='block_1_65' title="bbox 1904 625 3511 715">
    <p class='ocr_par' dir='ltr' id='par_1_65' title="bbox 1904 625 3511 715">
     <span class='ocr_line' id='line_1_65' title="bbox 1904 625 3511 715; baseline -0.012 -19"><span class='ocrx_word' id='word_1_494' title='bbox 1904 644 2270 715; x_wconf 72' lang='grc' dir='ltr'>περιεργάζου</span> <span class='ocrx_word' id='word_1_495' title='bbox 2303 641 2396 694; x_wconf 75' lang='grc' dir='ltr'>τὸν</span> <span class='ocrx_word' id='word_1_496' title='bbox 2430 637 2608 691; x_wconf 77' lang='grc' dir='ltr'>κοινὸν</span> <span class='ocrx_word' id='word_1_497' title='bbox 2638 636 2895 688; x_wconf 86' lang='grc' dir='ltr'>ἀπάντων</span> <span class='ocrx_word' id='word_1_498' title='bbox 2925 630 3081 702; x_wconf 83' lang='grc' dir='ltr'>ήμῶν</span> <span class='ocrx_word' id='word_1_499' title='bbox 3111 627 3392 695; x_wconf 86' lang='grc' dir='ltr'>Δεσπότην</span> <span class='ocrx_word' id='word_1_500' title='bbox 3411 642 3424 656; x_wconf 78' lang='grc' dir='ltr'><strong>ο</strong></span> <span class='ocrx_word' id='word_1_501' title='bbox 3459 625 3511 676; x_wconf 76' lang='grc' dir='ltr'>ει</span> 
     </span>
    </p>
   </div>
   <div class='ocr_carea' id='block_1_66' title="bbox 1902 725 3511 816">
    <p class='ocr_par' dir='ltr' id='par_1_66' title="bbox 1902 725 3511 816">
     <span class='ocr_line' id='line_1_66' title="bbox 1902 725 3511 816; baseline -0.016 -14"><span class='ocrx_word' id='word_1_502' title='bbox 1902 749 1959 802; x_wconf 80' lang='grc' dir='ltr'>δὲ</span> <span class='ocrx_word' id='word_1_503' title='bbox 1994 748 2136 800; x_wconf 78' lang='grc' dir='ltr'>οὕτω</span> <span class='ocrx_word' id='word_1_504' title='bbox 2153 746 2456 816; x_wconf 87' lang='grc' dir='ltr'>φιλόνεικος</span> <span class='ocrx_word' id='word_1_505' title='bbox 2476 740 2525 793; x_wconf 78' lang='grc' dir='ltr'>εἷ</span> <span class='ocrx_word' id='word_1_506' title='bbox 2555 742 2650 793; x_wconf 74' lang='grc' dir='ltr'>καὶ</span> <span class='ocrx_word' id='word_1_507' title='bbox 2673 738 2845 807; x_wconf 84' lang='grc' dir='ltr'>τολμη</span> <span class='ocrx_word' id='word_1_508' title='bbox 2856 737 2970 807; x_wconf 72' lang='grc' dir='ltr'>ρδς,</span> <span class='ocrx_word' id='word_1_509' title='bbox 2993 734 3070 796; x_wconf 85' lang='grc' dir='ltr'>ὡς</span> <span class='ocrx_word' id='word_1_510' title='bbox 3104 725 3392 802; x_wconf 71' lang='grc' dir='ltr'>μαίνεσθαι</span> <span class='ocrx_word' id='word_1_511' title='bbox 3408 725 3511 796; x_wconf 81' lang='grc' dir='ltr'>τὴν</span> 
     </span>
    </p>
   </div>
   <div class='ocr_carea' id='block_1_67' title="bbox 1909 825 3512 918">
    <p class='ocr_par' dir='ltr' id='par_1_67' title="bbox 1909 825 3512 918">
     <span class='ocr_line' id='line_1_67' title="bbox 1909 825 3512 918; baseline -0.017 -15"><span class='ocrx_word' id='word_1_512' title='bbox 1909 848 2108 918; x_wconf 89' lang='grc' dir='ltr'>μανίαν</span> <span class='ocrx_word' id='word_1_513' title='bbox 2153 845 2378 916; x_wconf 85' lang='grc' dir='ltr'>ταύτην,</span> <span class='ocrx_word' id='word_1_514' title='bbox 2411 841 2515 896; x_wconf 77' lang='grc' dir='ltr'>κᾶν</span> <span class='ocrx_word' id='word_1_515' title='bbox 2538 841 2599 892; x_wconf 77' lang='grc' dir='ltr'>τὸ</span> <span class='ocrx_word' id='word_1_516' title='bbox 2631 838 2785 900; x_wconf 85' lang='grc' dir='ltr'>τέλος</span> <span class='ocrx_word' id='word_1_517' title='bbox 2815 835 3111 906; x_wconf 77' lang='grc' dir='ltr'>άνάμέινον</span> <span class='ocrx_word' id='word_1_518' title='bbox 3142 829 3250 883; x_wconf 80' lang='grc' dir='ltr'>τῶν</span> <span class='ocrx_word' id='word_1_519' title='bbox 3284 825 3512 896; x_wconf 85' lang='grc' dir='ltr'>γινομέ-</span> 
     </span>
    </p>
   </div>
   <div class='ocr_carea' id='block_1_68' title="bbox 1907 928 3511 1016">
    <p class='ocr_par' dir='ltr' id='par_1_68' title="bbox 1907 928 3511 1016">
     <span class='ocr_line' id='line_1_68' title="bbox 1907 928 3511 1016; baseline -0.015 -14"><span class='ocrx_word' id='word_1_520' title='bbox 1907 967 2031 1003; x_wconf 91' lang='grc' dir='ltr'>νων.</span> <span class='ocrx_word' id='word_1_521' title='bbox 2066 949 2128 1000; x_wconf 78' lang='lat' dir='ltr'>El</span> <span class='ocrx_word' id='word_1_522' title='bbox 2160 948 2268 1016; x_wconf 86' lang='grc' dir='ltr'>γὰρ</span> <span class='ocrx_word' id='word_1_523' title='bbox 2296 948 2323 999; x_wconf 86' lang='grc' dir='ltr'>ό</span> <span class='ocrx_word' id='word_1_524' title='bbox 2357 944 2597 1016; x_wconf 84' lang='grc' dir='ltr'>γηπόνος</span> <span class='ocrx_word' id='word_1_525' title='bbox 2621 939 2919 1010; x_wconf 81' lang='grc' dir='ltr'>ὁλόκληρον</span> <span class='ocrx_word' id='word_1_526' title='bbox 2955 933 3220 1004; x_wconf 82' lang='grc' dir='ltr'>ἀναμένει</span> <span class='ocrx_word' id='word_1_527' title='bbox 3242 928 3511 1001; x_wconf 82' lang='grc' dir='ltr'>χειμῶνα,</span> 
     </span>
    </p>
   </div>
   <div class='ocr_carea' id='block_1_69' title="bbox 1908 1026 3518 1119">
    <p class='ocr_par' dir='ltr' id='par_1_69' title="bbox 1908 1026 3518 1119">
     <span class='ocr_line' id='line_1_69' title="bbox 1908 1026 3518 1119; baseline -0.015 -17"><span class='ocrx_word' id='word_1_528' title='bbox 1908 1050 1967 1102; x_wconf 92' lang='grc' dir='ltr'>οὐ</span> <span class='ocrx_word' id='word_1_529' title='bbox 2002 1049 2138 1119; x_wconf 74' lang='grc' dir='ltr'>πρὸς</span> <span class='ocrx_word' id='word_1_530' title='bbox 2165 1046 2337 1101; x_wconf 76' lang='grc' dir='ltr'>ταῦτα</span> <span class='ocrx_word' id='word_1_531' title='bbox 2367 1047 2512 1114; x_wconf 83' lang='grc' dir='ltr'>άπερ</span> <span class='ocrx_word' id='word_1_532' title='bbox 2540 1045 2567 1095; x_wconf 88' lang='grc' dir='ltr'>ό</span> <span class='ocrx_word' id='word_1_533' title='bbox 2598 1045 2745 1103; x_wconf 90' lang='grc' dir='ltr'>σῖτος</span> <span class='ocrx_word' id='word_1_534' title='bbox 2774 1037 2974 1107; x_wconf 85' lang='grc' dir='ltr'>πάσχει</span> <span class='ocrx_word' id='word_1_535' title='bbox 3007 1033 3222 1104; x_wconf 85' lang='grc' dir='ltr'>βλέπων</span> <span class='ocrx_word' id='word_1_536' title='bbox 3250 1027 3394 1083; x_wconf 88' lang='grc' dir='ltr'>κατά</span> <span class='ocrx_word' id='word_1_537' title='bbox 3414 1026 3518 1097; x_wconf 79' lang='grc' dir='ltr'>τὴν</span> 
     </span>
    </p>
   </div>
   <div class='ocr_carea' id='block_1_70' title="bbox 2237 997 2248 1019">
    <p class='ocr_par' dir='ltr' id='par_1_70' title="bbox 2237 997 2248 1019">
     <span class='ocr_line' id='line_1_70' title="bbox 2237 997 2248 1019; baseline 0 0"><span class='ocrx_word' id='word_1_538' title='bbox 2237 997 2248 1019; x_wconf 69' lang='grc' dir='ltr'><strong>Ι</strong></span> 
     </span>
    </p>
   </div>
   <div class='ocr_carea' id='block_1_71' title="bbox 1913 1213 3519 1323">
    <p class='ocr_par' dir='ltr' id='par_1_71' title="bbox 1913 1213 3519 1323">
     <span class='ocr_line' id='line_1_71' title="bbox 1913 1213 3519 1323; baseline -0.016 -18"><span class='ocrx_word' id='word_1_539' title='bbox 1913 1213 2132 1323; x_wconf 83' lang='grc' dir='ltr'>μέλλει·</span> <span class='ocrx_word' id='word_1_540' title='bbox 2165 1213 2581 1317; x_wconf 22' lang='grc' dir='ltr'>πολλῷ-μᾶλλον</span> <span class='ocrx_word' id='word_1_541' title='bbox 2615 1243 2710 1296; x_wconf 74' lang='grc' dir='ltr'>καὶ</span> <span class='ocrx_word' id='word_1_542' title='bbox 2743 1239 2907 1302; x_wconf 81' lang='grc' dir='ltr'>αὐτὸς</span> <span class='ocrx_word' id='word_1_543' title='bbox 3083 1232 3178 1289; x_wconf 83' lang='grc' dir='ltr'>τοῦ</span> <span class='ocrx_word' id='word_1_544' title='bbox 3209 1232 3308 1302; x_wconf 81' lang='grc' dir='ltr'>τὴν</span> <span class='ocrx_word' id='word_1_545' title='bbox 3333 1233 3519 1304; x_wconf 73' lang='grc' dir='ltr'>οίκου‹</span> 
     </span>
    </p>
   </div>
   <div class='ocr_carea' id='block_1_72' title="bbox 1915 1317 3520 1426">
    <p class='ocr_par' dir='ltr' id='par_1_72' title="bbox 1915 1317 3520 1426">
     <span class='ocr_line' id='line_1_72' title="bbox 1915 1317 3520 1426; baseline -0.014 -21"><span class='ocrx_word' id='word_1_546' title='bbox 1915 1317 2084 1426; x_wconf 80' lang='grc' dir='ltr'>μένην</span> <span class='ocrx_word' id='word_1_547' title='bbox 2109 1348 2487 1419; x_wconf 80' lang='grc' dir='ltr'>γεωργοῦντος</span> <span class='ocrx_word' id='word_1_548' title='bbox 2516 1346 2699 1398; x_wconf 80' lang='grc' dir='ltr'>πᾶσαν</span> <span class='ocrx_word' id='word_1_549' title='bbox 2739 1341 2833 1394; x_wconf 77' lang='grc' dir='ltr'>καὶ</span> <span class='ocrx_word' id='word_1_550' title='bbox 2859 1338 2959 1401; x_wconf 86' lang='grc' dir='ltr'>τάς</span> <span class='ocrx_word' id='word_1_551' title='bbox 2988 1317 3167 1408; x_wconf 58' lang='grc' dir='ltr'>ᾦυχάς</span> <span class='ocrx_word' id='word_1_552' title='bbox 3195 1333 3294 1396; x_wconf 81' lang='grc' dir='ltr'>τὰς</span> <span class='ocrx_word' id='word_1_553' title='bbox 3317 1330 3520 1404; x_wconf 79' lang='grc' dir='ltr'>ήμετέ·</span> 
     </span>
    </p>
   </div>
   <div class='ocr_carea' id='block_1_73' title="bbox 1916 1429 3522 1525">
    <p class='ocr_par' dir='ltr' id='par_1_73' title="bbox 1916 1429 3522 1525">
     <span class='ocr_line' id='line_1_73' title="bbox 1916 1429 3522 1525; baseline -0.015 -19"><span class='ocrx_word' id='word_1_554' title='bbox 1916 1471 2035 1525; x_wconf 90' lang='grc' dir='ltr'>ρας,</span> <span class='ocrx_word' id='word_1_555' title='bbox 2082 1451 2292 1512; x_wconf 83' lang='grc' dir='ltr'>δίκαιος</span> <span class='ocrx_word' id='word_1_556' title='bbox 2336 1446 2404 1501; x_wconf 83' lang='grc' dir='ltr'><strong>ἂν</strong></span> <span class='ocrx_word' id='word_1_557' title='bbox 2453 1448 2572 1516; x_wconf 83' lang='grc' dir='ltr'>είης</span> <span class='ocrx_word' id='word_1_558' title='bbox 2626 1441 2925 1513; x_wconf 84' lang='grc' dir='ltr'>ἀναμένειν</span> <span class='ocrx_word' id='word_1_559' title='bbox 2960 1439 3022 1493; x_wconf 81' lang='grc' dir='ltr'>τὸ</span> <span class='ocrx_word' id='word_1_560' title='bbox 3070 1436 3259 1500; x_wconf 83' lang='grc' dir='ltr'>τέλος·</span> <span class='ocrx_word' id='word_1_561' title='bbox 3307 1429 3421 1502; x_wconf 83' lang='grc' dir='ltr'>ὲγῶ</span> <span class='ocrx_word' id='word_1_562' title='bbox 3463 1431 3522 1484; x_wconf 63' lang='grc' dir='ltr'>δ’)</span> 
     </span>
    </p>
   </div>
   <div class='ocr_carea' id='block_1_74' title="bbox 1912 1533 3523 1617">
    <p class='ocr_par' dir='ltr' id='par_1_74' title="bbox 1912 1533 3523 1617">
     <span class='ocr_line' id='line_1_74' title="bbox 1912 1533 3523 1617; baseline -0.013 -12"><span class='ocrx_word' id='word_1_563' title='bbox 1912 1552 2065 1615; x_wconf 85' lang='grc' dir='ltr'>τέλος</span> <span class='ocrx_word' id='word_1_564' title='bbox 2096 1552 2158 1605; x_wconf 91' lang='grc' dir='ltr'>οὐ</span> <span class='ocrx_word' id='word_1_565' title='bbox 2193 1549 2255 1603; x_wconf 87' lang='grc' dir='ltr'>τὸ</span> <span class='ocrx_word' id='word_1_566' title='bbox 2287 1550 2346 1601; x_wconf 79' lang='grc' dir='ltr'>έν</span> <span class='ocrx_word' id='word_1_567' title='bbox 2375 1545 2453 1617; x_wconf 81' lang='grc' dir='ltr'>τῷ</span> <span class='ocrx_word' id='word_1_568' title='bbox 2481 1544 2710 1617; x_wconf 87' lang='grc' dir='ltr'>παρόντι</span> <span class='ocrx_word' id='word_1_569' title='bbox 2741 1542 2841 1613; x_wconf 82' lang='grc' dir='ltr'>βίῳ</span> <span class='ocrx_word' id='word_1_570' title='bbox 2874 1541 3036 1612; x_wconf 92' lang='grc' dir='ltr'>μόνον</span> <span class='ocrx_word' id='word_1_571' title='bbox 3058 1537 3206 1606; x_wconf 87' lang='grc' dir='ltr'>λέγω</span> <span class='ocrx_word' id='word_1_572' title='bbox 3237 1533 3523 1606; x_wconf 82' lang='grc' dir='ltr'>(πολλάκις</span> 
     </span>
    </p>
   </div>
   <div class='ocr_carea' id='block_1_75' title="bbox 1915 1629 3525 1722">
    <p class='ocr_par' dir='ltr' id='par_1_75' title="bbox 1915 1629 3525 1722">
     <span class='ocr_line' id='line_1_75' title="bbox 1915 1629 3525 1722; baseline -0.015 -16"><span class='ocrx_word' id='word_1_573' title='bbox 1915 1651 2028 1722; x_wconf 92' lang='grc' dir='ltr'>γάρ</span> <span class='ocrx_word' id='word_1_574' title='bbox 2063 1649 2224 1703; x_wconf 83' lang='grc' dir='ltr'>τοῦτο</span> <span class='ocrx_word' id='word_1_575' title='bbox 2253 1647 2348 1702; x_wconf 75' lang='grc' dir='ltr'>καὶ</span> <span class='ocrx_word' id='word_1_576' title='bbox 2391 1643 2628 1698; x_wconf 82' lang='grc' dir='ltr'>ἐνταῦθα</span> <span class='ocrx_word' id='word_1_577' title='bbox 2679 1641 2878 1710; x_wconf 79' lang='grc' dir='ltr'>ἔσται),</span> <span class='ocrx_word' id='word_1_578' title='bbox 2915 1637 3054 1692; x_wconf 84' lang='grc' dir='ltr'>άλλά</span> <span class='ocrx_word' id='word_1_579' title='bbox 3105 1636 3201 1690; x_wconf 77' lang='grc' dir='ltr'>καὶ</span> <span class='ocrx_word' id='word_1_580' title='bbox 3248 1635 3310 1687; x_wconf 82' lang='grc' dir='ltr'>τὸ</span> <span class='ocrx_word' id='word_1_581' title='bbox 3357 1635 3414 1687; x_wconf 84' lang='grc' dir='ltr'>ὲν</span> <span class='ocrx_word' id='word_1_582' title='bbox 3445 1629 3525 1698; x_wconf 73' lang='grc' dir='ltr'>τῷ</span> 
     </span>
    </p>
   </div>
   <div class='ocr_carea' id='block_1_76' title="bbox 1919 1729 3526 1823">
    <p class='ocr_par' dir='ltr' id='par_1_76' title="bbox 1919 1729 3526 1823">
     <span class='ocr_line' id='line_1_76' title="bbox 1919 1729 3526 1823; baseline -0.015 -18"><span class='ocrx_word' id='word_1_583' title='bbox 1919 1750 2188 1823; x_wconf 89' lang='grc' dir='ltr'>μέλλοντι.</span> <span class='ocrx_word' id='word_1_584' title='bbox 2232 1747 2379 1820; x_wconf 73' lang='grc' dir='ltr'>Πρὸς</span> <span class='ocrx_word' id='word_1_585' title='bbox 2429 1745 2489 1797; x_wconf 81' lang='grc' dir='ltr'>ἓν</span> <span class='ocrx_word' id='word_1_586' title='bbox 2533 1743 2644 1814; x_wconf 83' lang='grc' dir='ltr'>γὰρ</span> <span class='ocrx_word' id='word_1_587' title='bbox 2689 1740 2877 1812; x_wconf 85' lang='grc' dir='ltr'>βλέπει</span> <span class='ocrx_word' id='word_1_588' title='bbox 2913 1738 3068 1800; x_wconf 84' lang='grc' dir='ltr'>τέλος</span> <span class='ocrx_word' id='word_1_589' title='bbox 3103 1733 3384 1805; x_wconf 75' lang='grc' dir='ltr'>ἑκατέρων</span> <span class='ocrx_word' id='word_1_590' title='bbox 3415 1729 3526 1783; x_wconf 82' lang='grc' dir='ltr'>τῶν</span> 
     </span>
    </p>
   </div>
   <div class='ocr_carea' id='block_1_77' title="bbox 1920 1830 3525 1920">
    <p class='ocr_par' dir='ltr' id='par_1_77' title="bbox 1920 1830 3525 1920">
     <span class='ocr_line' id='line_1_77' title="bbox 1920 1830 3525 1920; baseline -0.014 -17"><span class='ocrx_word' id='word_1_591' title='bbox 1920 1850 2050 1920; x_wconf 84' lang='grc' dir='ltr'>βίων</span> <span class='ocrx_word' id='word_1_592' title='bbox 2083 1847 2289 1900; x_wconf 88' lang='grc' dir='ltr'>τούτων</span> <span class='ocrx_word' id='word_1_593' title='bbox 2325 1847 2358 1916; x_wconf 88' lang='grc' dir='ltr'>ή</span> <span class='ocrx_word' id='word_1_594' title='bbox 2401 1840 2707 1911; x_wconf 75' lang='grc' dir='ltr'>οἰκονομία,</span> <span class='ocrx_word' id='word_1_595' title='bbox 2739 1838 2837 1909; x_wconf 78' lang='grc' dir='ltr'>τὴν</span> <span class='ocrx_word' id='word_1_596' title='bbox 2865 1835 3146 1920; x_wconf 77' lang='grc' dir='ltr'>σωτηρίαν</span> <span class='ocrx_word' id='word_1_597' title='bbox 3186 1832 3284 1905; x_wconf 81' lang='grc' dir='ltr'>τὴν</span> <span class='ocrx_word' id='word_1_598' title='bbox 3323 1830 3525 1902; x_wconf 84' lang='grc' dir='ltr'>ήμετέ-</span> 
     </span>
    </p>
   </div>
   <div class='ocr_carea' id='block_1_78' title="bbox 1922 1916 3527 2018">
    <p class='ocr_par' dir='ltr' id='par_1_78' title="bbox 1922 1916 3527 2018">
     <span class='ocr_line' id='line_1_78' title="bbox 1922 1916 3527 2018; baseline -0.016 -13"><span class='ocrx_word' id='word_1_599' title='bbox 1922 1916 2023 2016; x_wconf 79' lang='grc' dir='ltr'>ραν</span> <span class='ocrx_word' id='word_1_600' title='bbox 2058 1949 2154 2002; x_wconf 77' lang='grc' dir='ltr'>καὶ</span> <span class='ocrx_word' id='word_1_601' title='bbox 2188 1946 2288 2018; x_wconf 82' lang='grc' dir='ltr'>τὴν</span> <span class='ocrx_word' id='word_1_602' title='bbox 2317 1943 2696 2014; x_wconf 86' lang='grc' dir='ltr'>εὐδοκίμησιν.</span> <span class='ocrx_word' id='word_1_603' title='bbox 2746 1941 2810 1992; x_wconf 87' lang='grc' dir='ltr'><strong>Εἰ</strong></span> <span class='ocrx_word' id='word_1_604' title='bbox 2844 1937 2955 2010; x_wconf 92' lang='grc' dir='ltr'>γάρ</span> <span class='ocrx_word' id='word_1_605' title='bbox 2984 1916 3082 1989; x_wconf 71' lang='grc' dir='ltr'>καί</span> <span class='ocrx_word' id='word_1_606' title='bbox 3113 1933 3192 2003; x_wconf 80' lang='grc' dir='ltr'>τῷ</span> <span class='ocrx_word' id='word_1_607' title='bbox 3239 1931 3419 2003; x_wconf 82' lang='grc' dir='ltr'>χρόνῳ</span> <span class='ocrx_word' id='word_1_608' title='bbox 3447 1928 3527 1982; x_wconf 88' lang='grc' dir='ltr'>δι-</span> 
     </span>
    </p>
   </div>
   <div class='ocr_carea' id='block_1_79' title="bbox 1918 2031 3531 2124">
    <p class='ocr_par' dir='ltr' id='par_1_79' title="bbox 1918 2031 3531 2124">
     <span class='ocr_line' id='line_1_79' title="bbox 1918 2031 3531 2124; baseline -0.015 -18"><span class='ocrx_word' id='word_1_609' title='bbox 1918 2052 2144 2124; x_wconf 76' lang='grc' dir='ltr'>ῄρηται,</span> <span class='ocrx_word' id='word_1_610' title='bbox 2168 2047 2307 2102; x_wconf 91' lang='grc' dir='ltr'>ἀλλά</span> <span class='ocrx_word' id='word_1_611' title='bbox 2329 2047 2409 2118; x_wconf 82' lang='grc' dir='ltr'>τῷ</span> <span class='ocrx_word' id='word_1_612' title='bbox 2429 2043 2618 2112; x_wconf 80' lang='grc' dir='ltr'>σκοπῷ</span> <span class='ocrx_word' id='word_1_613' title='bbox 2646 2040 2920 2110; x_wconf 71' lang='grc' dir='ltr'>συνῆπται</span> <span class='ocrx_word' id='word_1_614' title='bbox 2944 2055 2956 2066; x_wconf 89' lang='grc'><strong>·</strong></span> <span class='ocrx_word' id='word_1_615' title='bbox 2987 2038 3081 2091; x_wconf 67' lang='grc' dir='ltr'>καὶ</span> <span class='ocrx_word' id='word_1_616' title='bbox 3099 2032 3402 2105; x_wconf 82' lang='grc' dir='ltr'>ὣσπερνῦν</span> <span class='ocrx_word' id='word_1_617' title='bbox 3429 2031 3531 2102; x_wconf 82' lang='grc' dir='ltr'>μὲν</span> 
     </span>
    </p>
   </div>
   <div class='ocr_carea' id='block_1_80' title="bbox 1922 2132 3531 2224">
    <p class='ocr_par' dir='ltr' id='par_1_80' title="bbox 1922 2132 3531 2224">
     <span class='ocr_line' id='line_1_80' title="bbox 1922 2132 3531 2224; baseline -0.015 -17"><span class='ocrx_word' id='word_1_618' title='bbox 1922 2150 2073 2224; x_wconf 67' lang='grc'>[486]</span> <span class='ocrx_word' id='word_1_619' title='bbox 2119 2149 2349 2222; x_wconf 87' lang='grc' dir='ltr'>χειμὼν,</span> <span class='ocrx_word' id='word_1_620' title='bbox 2386 2145 2482 2199; x_wconf 77' lang='grc' dir='ltr'>νῦν</span> <span class='ocrx_word' id='word_1_621' title='bbox 2521 2145 2576 2197; x_wconf 83' lang='grc' dir='ltr'>δὲ</span> <span class='ocrx_word' id='word_1_622' title='bbox 2623 2140 2745 2213; x_wconf 83' lang='grc' dir='ltr'>ἔαρ,</span> <span class='ocrx_word' id='word_1_623' title='bbox 2780 2139 3022 2209; x_wconf 76' lang='grc' dir='ltr'>ἑκατέρα</span> <span class='ocrx_word' id='word_1_624' title='bbox 3072 2137 3128 2188; x_wconf 73' lang='grc' dir='ltr'>δὲ</span> <span class='ocrx_word' id='word_1_625' title='bbox 3168 2133 3262 2188; x_wconf 73' lang='grc' dir='ltr'>τοῦ</span> <span class='ocrx_word' id='word_1_626' title='bbox 3293 2132 3447 2196; x_wconf 78' lang='grc' dir='ltr'>ἔτους</span> <span class='ocrx_word' id='word_1_627' title='bbox 3493 2134 3531 2200; x_wconf 80' lang='grc' dir='ltr'>ή</span> 
     </span>
    </p>
   </div>
   <div class='ocr_carea' id='block_1_81' title="bbox 1919 2232 3536 2322">
    <p class='ocr_par' dir='ltr' id='par_1_81' title="bbox 1919 2232 3536 2322">
     <span class='ocr_line' id='line_1_81' title="bbox 1919 2232 3536 2322; baseline -0.014 -14"><span class='ocrx_word' id='word_1_628' title='bbox 1919 2252 2101 2322; x_wconf 87' lang='grc' dir='ltr'>τροπὴ</span> <span class='ocrx_word' id='word_1_629' title='bbox 2130 2251 2270 2322; x_wconf 84' lang='grc' dir='ltr'>πρὸς</span> <span class='ocrx_word' id='word_1_630' title='bbox 2293 2249 2350 2302; x_wconf 81' lang='grc' dir='ltr'>ἓν</span> <span class='ocrx_word' id='word_1_631' title='bbox 2378 2247 2590 2318; x_wconf 87' lang='grc' dir='ltr'>βλέπει,</span> <span class='ocrx_word' id='word_1_632' title='bbox 2622 2243 2731 2297; x_wconf 83' lang='grc' dir='ltr'>τῶν</span> <span class='ocrx_word' id='word_1_633' title='bbox 2758 2239 2993 2312; x_wconf 85' lang='grc' dir='ltr'>καρπῶν</span> <span class='ocrx_word' id='word_1_634' title='bbox 3016 2237 3114 2308; x_wconf 79' lang='grc' dir='ltr'>τὴν</span> <span class='ocrx_word' id='word_1_635' title='bbox 3139 2236 3326 2307; x_wconf 86' lang='grc' dir='ltr'>ἀκμήν</span> <span class='ocrx_word' id='word_1_636' title='bbox 3349 2252 3361 2264; x_wconf 76' lang='grc' dir='ltr'>ο</span> <span class='ocrx_word' id='word_1_637' title='bbox 3390 2232 3536 2286; x_wconf 79' lang='grc' dir='ltr'>οὕτω</span> 
     </span>
    </p>
   </div>
   <div class='ocr_carea' id='block_1_82' title="bbox 1921 2337 3534 2424">
    <p class='ocr_par' dir='ltr' id='par_1_82' title="bbox 1921 2337 3534 2424">
     <span class='ocr_line' id='line_1_82' title="bbox 1921 2337 3534 2424; baseline -0.013 -17"><span class='ocrx_word' id='word_1_638' title='bbox 1921 2355 1986 2424; x_wconf 82' lang='grc' dir='ltr'>δὴ</span> <span class='ocrx_word' id='word_1_639' title='bbox 2026 2355 2120 2407; x_wconf 77' lang='grc' dir='ltr'>καὶ</span> <span class='ocrx_word' id='word_1_640' title='bbox 2151 2352 2244 2404; x_wconf 77' lang='grc' dir='ltr'>ὲπὶ</span> <span class='ocrx_word' id='word_1_641' title='bbox 2273 2347 2385 2403; x_wconf 82' lang='grc' dir='ltr'>τῶν</span> <span class='ocrx_word' id='word_1_642' title='bbox 2427 2347 2720 2419; x_wconf 88' lang='grc' dir='ltr'>ήμετέρων</span> <span class='ocrx_word' id='word_1_643' title='bbox 2766 2343 2922 2396; x_wconf 75' lang='grc' dir='ltr'>ἔσται</span> <span class='ocrx_word' id='word_1_644' title='bbox 2954 2341 3320 2412; x_wconf 86' lang='grc' dir='ltr'>πραγμάτων.</span> <span class='ocrx_word' id='word_1_645' title='bbox 3362 2337 3534 2388; x_wconf 85' lang='grc' dir='ltr'>Ὅταν</span> 
     </span>
    </p>
   </div>
   <div class='ocr_carea' id='block_1_83' title="bbox 1919 2436 3536 2527">
    <p class='ocr_par' dir='ltr' id='par_1_83' title="bbox 1919 2436 3536 2527">
     <span class='ocr_line' id='line_1_83' title="bbox 1919 2436 3536 2527; baseline -0.015 -17"><span class='ocrx_word' id='word_1_646' title='bbox 1919 2452 2017 2510; x_wconf 80' lang='grc' dir='ltr'>οὖν</span> <span class='ocrx_word' id='word_1_647' title='bbox 2054 2454 2169 2527; x_wconf 75' lang='grc' dir='ltr'>ἴδῃς</span> <span class='ocrx_word' id='word_1_648' title='bbox 2197 2451 2299 2524; x_wconf 82' lang='grc' dir='ltr'>τὴν</span> <span class='ocrx_word' id='word_1_649' title='bbox 2347 2447 2682 2519; x_wconf 86' lang='grc' dir='ltr'>Ἐκκλησίαν</span> <span class='ocrx_word' id='word_1_650' title='bbox 2733 2441 3185 2514; x_wconf 82' lang='grc' dir='ltr'>σκορπισθεῖσαν,</span> <span class='ocrx_word' id='word_1_651' title='bbox 3218 2437 3286 2492; x_wconf 80' lang='grc' dir='ltr'>τὰ</span> <span class='ocrx_word' id='word_1_652' title='bbox 3327 2436 3536 2506; x_wconf 69' lang='grc' dir='ltr'>ἔσχατα</span> 
     </span>
    </p>
   </div>
   <div class='ocr_carea' id='block_1_84' title="bbox 1926 2538 3540 2620">
    <p class='ocr_par' dir='ltr' id='par_1_84' title="bbox 1926 2538 3540 2620">
     <span class='ocr_line' id='line_1_84' title="bbox 1926 2538 3540 2620; baseline -0.014 -10"><span class='ocrx_word' id='word_1_653' title='bbox 1926 2554 2230 2616; x_wconf 81' lang='grc' dir='ltr'>παθοῦσαν,</span> <span class='ocrx_word' id='word_1_654' title='bbox 2253 2549 2671 2620; x_wconf 74' lang='grc' dir='ltr'>ἐλαυνομένους,</span> <span class='ocrx_word' id='word_1_655' title='bbox 2700 2540 3138 2618; x_wconf 74' lang='grc' dir='ltr'>μαστιζομένους</span> <span class='ocrx_word' id='word_1_656' title='bbox 3163 2539 3291 2602; x_wconf 84' lang='grc' dir='ltr'>τούς</span> <span class='ocrx_word' id='word_1_657' title='bbox 3315 2539 3372 2590; x_wconf 75' lang='grc' dir='ltr'>ἐν</span> <span class='ocrx_word' id='word_1_658' title='bbox 3393 2538 3540 2606; x_wconf 79' lang='grc' dir='ltr'>αὐτῇ</span> 
     </span>
    </p>
   </div>
   <div class='ocr_carea' id='block_1_85' title="bbox 1923 2635 3538 2724">
    <p class='ocr_par' dir='ltr' id='par_1_85' title="bbox 1923 2635 3538 2724">
     <span class='ocr_line' id='line_1_85' title="bbox 1923 2635 3538 2724; baseline -0.015 -16"><span class='ocrx_word' id='word_1_659' title='bbox 1923 2654 2268 2724; x_wconf 86' lang='grc' dir='ltr'>λάμποντας,</span> <span class='ocrx_word' id='word_1_660' title='bbox 2327 2649 2418 2701; x_wconf 82' lang='grc' dir='ltr'>τδν</span> <span class='ocrx_word' id='word_1_661' title='bbox 2482 2644 2747 2717; x_wconf 79' lang='grc' dir='ltr'>πρόεδρον</span> <span class='ocrx_word' id='word_1_662' title='bbox 2793 2639 2967 2721; x_wconf 81' lang='grc' dir='ltr'>αὐτῆς</span> <span class='ocrx_word' id='word_1_663' title='bbox 3029 2635 3371 2709; x_wconf 77' lang='grc' dir='ltr'>πορρωτάτω</span> <span class='ocrx_word' id='word_1_664' title='bbox 3431 2636 3538 2686; x_wconf 83' lang='grc' dir='ltr'>ἀπ-</span> 
     </span>
    </p>
   </div>
   <div class='ocr_carea' id='block_1_86' title="bbox 1927 2719 3537 2820">
    <p class='ocr_par' dir='ltr' id='par_1_86' title="bbox 1927 2719 3537 2820">
     <span class='ocr_line' id='line_1_86' title="bbox 1927 2719 3537 2820; baseline -0.014 -16"><span class='ocrx_word' id='word_1_665' title='bbox 1927 2719 2240 2820; x_wconf 81' lang='grc' dir='ltr'>ενεχθέντα,</span> <span class='ocrx_word' id='word_1_666' title='bbox 2259 2746 2333 2816; x_wconf 82' lang='grc' dir='ltr'>μὴ</span> <span class='ocrx_word' id='word_1_667' title='bbox 2349 2744 2528 2798; x_wconf 81' lang='grc' dir='ltr'>ταῦτα</span> <span class='ocrx_word' id='word_1_668' title='bbox 2548 2741 2744 2795; x_wconf 88' lang='grc' dir='ltr'>σκόπει</span> <span class='ocrx_word' id='word_1_669' title='bbox 2767 2719 2951 2810; x_wconf 77' lang='grc' dir='ltr'>μόνον,</span> <span class='ocrx_word' id='word_1_670' title='bbox 2965 2734 3103 2788; x_wconf 85' lang='grc' dir='ltr'>ἀλλά</span> <span class='ocrx_word' id='word_1_671' title='bbox 3125 2734 3220 2786; x_wconf 68' lang='grc' dir='ltr'>καὶ</span> <span class='ocrx_word' id='word_1_672' title='bbox 3238 2732 3307 2785; x_wconf 91' lang='grc' dir='ltr'>τά</span> <span class='ocrx_word' id='word_1_673' title='bbox 3326 2735 3390 2785; x_wconf 83' lang='grc' dir='ltr'>ἐκ</span> <span class='ocrx_word' id='word_1_674' title='bbox 3412 2731 3537 2783; x_wconf 79' lang='grc' dir='ltr'>τού-</span> 
     </span>
    </p>
   </div>
   <div class='ocr_carea' id='block_1_87' title="bbox 1929 2826 3508 2914">
    <p class='ocr_par' dir='ltr' id='par_1_87' title="bbox 1929 2826 3508 2914">
     <span class='ocr_line' id='line_1_87' title="bbox 1929 2826 3508 2914; baseline -0.011 -19"><span class='ocrx_word' id='word_1_675' title='bbox 1929 2862 2037 2900; x_wconf 80' lang='grc' dir='ltr'>των</span> <span class='ocrx_word' id='word_1_676' title='bbox 2058 2842 2432 2914; x_wconf 72' lang='grc' dir='ltr'>ἐκϐησόμενα,</span> <span class='ocrx_word' id='word_1_677' title='bbox 2453 2839 2580 2901; x_wconf 81' lang='grc' dir='ltr'>τοὺς</span> <span class='ocrx_word' id='word_1_678' title='bbox 2610 2834 2860 2906; x_wconf 77' lang='grc' dir='ltr'>μισθοὺς,</span> <span class='ocrx_word' id='word_1_679' title='bbox 2891 2833 2991 2895; x_wconf 92' lang='grc' dir='ltr'>τάς</span> <span class='ocrx_word' id='word_1_680' title='bbox 3022 2829 3282 2900; x_wconf 85' lang='grc' dir='ltr'>άμοιϐἀς,</span> <span class='ocrx_word' id='word_1_681' title='bbox 3312 2828 3382 2881; x_wconf 85' lang='grc' dir='ltr'>τά</span> <span class='ocrx_word' id='word_1_682' title='bbox 3407 2826 3508 2896; x_wconf 81' lang='grc' dir='ltr'>βρα</span> 
     </span>
    </p>
   </div>
   <div class='ocr_carea' id='block_1_88' title="bbox 1928 2919 3542 3005">
    <p class='ocr_par' dir='ltr' id='par_1_88' title="bbox 1928 2919 3542 3005">
     <span class='ocr_line' id='line_1_88' title="bbox 1928 2919 3542 3005; baseline -0.013 -9"><span class='ocrx_word' id='word_1_683' title='bbox 1928 2944 2071 3005; x_wconf 83' lang='grc' dir='ltr'>ϐεῖα,</span> <span class='ocrx_word' id='word_1_684' title='bbox 2094 2942 2163 2995; x_wconf 90' lang='grc' dir='ltr'>τά</span> <span class='ocrx_word' id='word_1_685' title='bbox 2183 2937 2394 2993; x_wconf 78' lang='grc' dir='ltr'>ἔπαθλα</span> <span class='ocrx_word' id='word_1_686' title='bbox 2414 2954 2426 2966; x_wconf 92' lang='grc'><strong>·</strong></span> <span class='ocrx_word' id='word_1_687' title='bbox 2463 2937 2527 2989; x_wconf 88' lang='lat'><strong>&#39;0</strong></span> <span class='ocrx_word' id='word_1_688' title='bbox 2547 2934 2657 3003; x_wconf 78' lang='grc' dir='ltr'>γὰρ</span> <span class='ocrx_word' id='word_1_689' title='bbox 2678 2930 3012 3000; x_wconf 77' lang='grc' dir='ltr'>ὑπομείνας</span> <span class='ocrx_word' id='word_1_690' title='bbox 3034 2931 3123 2992; x_wconf 80' lang='grc' dir='ltr'>εἰς</span> <span class='ocrx_word' id='word_1_691' title='bbox 3143 2927 3344 2991; x_wconf 76' lang='grc' dir='ltr'>τέλος,</span> <span class='ocrx_word' id='word_1_692' title='bbox 3361 2919 3542 2988; x_wconf 79' lang='grc' dir='ltr'>οὗτος</span> 
     </span>
    </p>
   </div>
   <div class='ocr_carea' id='block_1_89' title="bbox 1929 3022 3542 3106">
    <p class='ocr_par' dir='ltr' id='par_1_89' title="bbox 1929 3022 3542 3106">
     <span class='ocr_line' id='line_1_89' title="bbox 1929 3022 3542 3106; baseline -0.012 -12"><span class='ocrx_word' id='word_1_693' title='bbox 1929 3036 2293 3106; x_wconf 80' lang='grc' dir='ltr'>σωθήσεται,</span> <span class='ocrx_word' id='word_1_694' title='bbox 2314 3034 2501 3106; x_wconf 83' lang='grc' dir='ltr'>φησίν.</span> <span class='ocrx_word' id='word_1_695' title='bbox 2537 3033 2664 3086; x_wconf 76' lang='grc' dir='ltr'>Ἐπὶ</span> <span class='ocrx_word' id='word_1_696' title='bbox 2688 3031 2788 3103; x_wconf 82' lang='grc' dir='ltr'>μὲν</span> <span class='ocrx_word' id='word_1_697' title='bbox 2809 3028 2922 3099; x_wconf 91' lang='grc' dir='ltr'>γάρ</span> <span class='ocrx_word' id='word_1_698' title='bbox 2940 3028 3042 3098; x_wconf 81' lang='grc' dir='ltr'>τῆς</span> <span class='ocrx_word' id='word_1_699' title='bbox 3067 3025 3334 3087; x_wconf 77' lang='grc' dir='ltr'>Παλαιᾶς,</span> <span class='ocrx_word' id='word_1_700' title='bbox 3353 3022 3542 3090; x_wconf 72' lang='grc' dir='ltr'>ἐπειδὴ</span> 
     </span>
    </p>
   </div>
   <div class='ocr_carea' id='block_1_90' title="bbox 1930 3118 3545 3205">
    <p class='ocr_par' dir='ltr' id='par_1_90' title="bbox 1930 3118 3545 3205">
     <span class='ocr_line' id='line_1_90' title="bbox 1930 3118 3545 3205; baseline -0.012 -14"><span class='ocrx_word' id='word_1_701' title='bbox 1930 3137 2146 3191; x_wconf 86' lang='grc' dir='ltr'>οὐδέπω</span> <span class='ocrx_word' id='word_1_702' title='bbox 2177 3133 2457 3205; x_wconf 84' lang='grc' dir='ltr'>γνώριμος</span> <span class='ocrx_word' id='word_1_703' title='bbox 2487 3133 2516 3184; x_wconf 87' lang='grc' dir='ltr'>ό</span> <span class='ocrx_word' id='word_1_704' title='bbox 2543 3129 2645 3201; x_wconf 81' lang='grc' dir='ltr'>τῆς</span> <span class='ocrx_word' id='word_1_705' title='bbox 2680 3125 3034 3187; x_wconf 87' lang='grc' dir='ltr'>ἀναστάσεως</span> <span class='ocrx_word' id='word_1_706' title='bbox 3066 3123 3225 3192; x_wconf 91' lang='grc' dir='ltr'>λόγος</span> <span class='ocrx_word' id='word_1_707' title='bbox 3263 3118 3355 3193; x_wconf 81' lang='grc' dir='ltr'>ἦν,</span> <span class='ocrx_word' id='word_1_708' title='bbox 3386 3122 3446 3174; x_wconf 79' lang='grc' dir='ltr'>εν</span> <span class='ocrx_word' id='word_1_709' title='bbox 3465 3121 3545 3189; x_wconf 80' lang='grc' dir='ltr'>τῷ</span> 
     </span>
    </p>
   </div>
   <div class='ocr_carea' id='block_1_91' title="bbox 1933 3218 3547 3304">
    <p class='ocr_par' dir='ltr' id='par_1_91' title="bbox 1933 3218 3547 3304">
     <span class='ocr_line' id='line_1_91' title="bbox 1933 3218 3547 3304; baseline -0.009 -17"><span class='ocrx_word' id='word_1_710' title='bbox 1933 3233 2164 3304; x_wconf 87' lang='grc' dir='ltr'>παρόντι</span> <span class='ocrx_word' id='word_1_711' title='bbox 2216 3230 2316 3302; x_wconf 82' lang='grc' dir='ltr'>βίῳ</span> <span class='ocrx_word' id='word_1_712' title='bbox 2361 3227 2652 3299; x_wconf 84' lang='grc' dir='ltr'>ἀμφότερα</span> <span class='ocrx_word' id='word_1_713' title='bbox 2698 3227 2946 3293; x_wconf 76' lang='grc' dir='ltr'>ἐγίνετο⁹</span> <span class='ocrx_word' id='word_1_714' title='bbox 2998 3221 3090 3272; x_wconf 76' lang='grc' dir='ltr'>ἐπὶ</span> <span class='ocrx_word' id='word_1_715' title='bbox 3123 3220 3182 3273; x_wconf 82' lang='grc' dir='ltr'>δὲ</span> <span class='ocrx_word' id='word_1_716' title='bbox 3203 3219 3304 3288; x_wconf 85' lang='grc' dir='ltr'>τῆς</span> <span class='ocrx_word' id='word_1_717' title='bbox 3334 3218 3547 3285; x_wconf 68' lang='grc' dir='ltr'>Καινῆς</span> 
     </span>
    </p>
   </div>
   <div class='ocr_carea' id='block_1_92' title="bbox 1932 3316 3545 3401">
    <p class='ocr_par' dir='ltr' id='par_1_92' title="bbox 1932 3316 3545 3401">
     <span class='ocr_line' id='line_1_92' title="bbox 1932 3316 3545 3401; baseline -0.011 -15"><span class='ocrx_word' id='word_1_718' title='bbox 1932 3334 1994 3386; x_wconf 92' lang='grc' dir='ltr'>οὐ</span> <span class='ocrx_word' id='word_1_719' title='bbox 2016 3327 2296 3401; x_wconf 81' lang='grc' dir='ltr'>πανταχοῦ</span> <span class='ocrx_word' id='word_1_720' title='bbox 2313 3326 2493 3389; x_wconf 81' lang='grc' dir='ltr'>τοῦτο,</span> <span class='ocrx_word' id='word_1_721' title='bbox 2526 3323 2639 3378; x_wconf 81' lang='grc' dir='ltr'>ἀλλ’</span> <span class='ocrx_word' id='word_1_722' title='bbox 2661 3323 2811 3375; x_wconf 78' lang='grc' dir='ltr'>ἔστιν</span> <span class='ocrx_word' id='word_1_723' title='bbox 2831 3322 2966 3374; x_wconf 83' lang='grc' dir='ltr'>ὅπου</span> <span class='ocrx_word' id='word_1_724' title='bbox 2984 3319 3054 3374; x_wconf 86' lang='grc' dir='ltr'>τά</span> <span class='ocrx_word' id='word_1_725' title='bbox 3083 3320 3180 3391; x_wconf 81' lang='grc' dir='ltr'>μὲν</span> <span class='ocrx_word' id='word_1_726' title='bbox 3205 3316 3428 3389; x_wconf 85' lang='grc' dir='ltr'>λυπηρά</span> <span class='ocrx_word' id='word_1_727' title='bbox 3459 3318 3545 3369; x_wconf 87' lang='grc' dir='ltr'>ὲν-</span> 
     </span>
    </p>
   </div>
   <div class='ocr_carea' id='block_1_93' title="bbox 1932 3414 3548 3494">
    <p class='ocr_par' dir='ltr' id='par_1_93' title="bbox 1932 3414 3548 3494">
     <span class='ocr_line' id='line_1_93' title="bbox 1932 3414 3548 3494; baseline -0.011 -12"><span class='ocrx_word' id='word_1_728' title='bbox 1932 3427 2130 3492; x_wconf 81' lang='grc' dir='ltr'>ταῦθα,</span> <span class='ocrx_word' id='word_1_729' title='bbox 2171 3426 2240 3480; x_wconf 90' lang='grc' dir='ltr'>τά</span> <span class='ocrx_word' id='word_1_730' title='bbox 2275 3424 2333 3478; x_wconf 85' lang='grc' dir='ltr'>δὲ</span> <span class='ocrx_word' id='word_1_731' title='bbox 2375 3422 2593 3494; x_wconf 87' lang='grc' dir='ltr'>χρηστά</span> <span class='ocrx_word' id='word_1_732' title='bbox 2636 3420 2900 3490; x_wconf 85' lang='grc' dir='ltr'>ἀναμένει</span> <span class='ocrx_word' id='word_1_733' title='bbox 2951 3419 3052 3484; x_wconf 77' lang='grc' dir='ltr'>τὴν</span> <span class='ocrx_word' id='word_1_734' title='bbox 3101 3415 3356 3470; x_wconf 79' lang='grc' dir='ltr'>ἐντεῦθεν</span> <span class='ocrx_word' id='word_1_735' title='bbox 3389 3414 3548 3485; x_wconf 75' lang='grc' dir='ltr'>ήμῶν</span> 
     </span>
    </p>
   </div>
   <div class='ocr_carea' id='block_1_94' title="bbox 1936 3512 3549 3594">
    <p class='ocr_par' dir='ltr' id='par_1_94' title="bbox 1936 3512 3549 3594">
     <span class='ocr_line' id='line_1_94' title="bbox 1936 3512 3549 3594; baseline -0.01 -14"><span class='ocrx_word' id='word_1_736' title='bbox 1936 3523 2272 3594; x_wconf 87' lang='grc' dir='ltr'>ἀποδημίαν.</span> <span class='ocrx_word' id='word_1_737' title='bbox 2339 3519 2482 3572; x_wconf 84' lang='grc' dir='ltr'>Ἀλλ’</span> <span class='ocrx_word' id='word_1_738' title='bbox 2517 3519 2668 3589; x_wconf 84' lang='grc' dir='ltr'>ὅμως</span> <span class='ocrx_word' id='word_1_739' title='bbox 2719 3517 2769 3569; x_wconf 85' lang='grc' dir='ltr'>εί</span> <span class='ocrx_word' id='word_1_740' title='bbox 2821 3514 2920 3570; x_wconf 76' lang='grc' dir='ltr'>καὶ</span> <span class='ocrx_word' id='word_1_741' title='bbox 2954 3517 3012 3569; x_wconf 84' lang='grc' dir='ltr'>ὲν</span> <span class='ocrx_word' id='word_1_742' title='bbox 3060 3513 3198 3584; x_wconf 80' lang='grc' dir='ltr'>τῷδε</span> <span class='ocrx_word' id='word_1_743' title='bbox 3227 3512 3306 3584; x_wconf 81' lang='grc' dir='ltr'>τῷ</span> <span class='ocrx_word' id='word_1_744' title='bbox 3348 3512 3447 3584; x_wconf 83' lang='grc' dir='ltr'>βίῳ</span> <span class='ocrx_word' id='word_1_745' title='bbox 3480 3514 3549 3565; x_wconf 72' lang='grc' dir='ltr'>τὰ</span> 
     </span>
    </p>
   </div>
   <div class='ocr_carea' id='block_1_95' title="bbox 1937 3610 3632 3693">
    <p class='ocr_par' dir='ltr' id='par_1_95' title="bbox 1937 3610 3632 3693">
     <span class='ocr_line' id='line_1_95' title="bbox 1937 3610 3632 3693; baseline -0.008 -19"><span class='ocrx_word' id='word_1_746' title='bbox 1937 3620 2150 3693; x_wconf 86' lang='grc' dir='ltr'>χρηστὰ</span> <span class='ocrx_word' id='word_1_747' title='bbox 2185 3619 2372 3680; x_wconf 89' lang='grc' dir='ltr'>αὐτοῖς</span> <span class='ocrx_word' id='word_1_748' title='bbox 2411 3614 2658 3682; x_wconf 81' lang='grc' dir='ltr'>ὲξέϐαινε</span> <span class='ocrx_word' id='word_1_749' title='bbox 2687 3615 2783 3667; x_wconf 74' lang='grc' dir='ltr'>καὶ</span> <span class='ocrx_word' id='word_1_750' title='bbox 2818 3615 2875 3665; x_wconf 83' lang='grc' dir='ltr'>ὲν</span> <span class='ocrx_word' id='word_1_751' title='bbox 2909 3614 2976 3684; x_wconf 76' lang='grc' dir='ltr'>τῇ</span> <span class='ocrx_word' id='word_1_752' title='bbox 3001 3611 3258 3683; x_wconf 75' lang='grc' dir='ltr'>παρούσῃ</span> <span class='ocrx_word' id='word_1_753' title='bbox 3281 3610 3418 3682; x_wconf 73' lang='grc' dir='ltr'>ζωῇ,</span> <span class='ocrx_word' id='word_1_754' title='bbox 3455 3612 3549 3663; x_wconf 77' lang='grc' dir='ltr'>καὶ</span> <span class='ocrx_word' id='word_1_755' title='bbox 3623 3653 3632 3661; x_wconf 94' lang='grc'>.</span> 
     </span>
    </p>
   </div>
   <div class='ocr_carea' id='block_1_96' title="bbox 1937 3705 3550 3786">
    <p class='ocr_par' dir='ltr' id='par_1_96' title="bbox 1937 3705 3550 3786">
     <span class='ocr_line' id='line_1_96' title="bbox 1937 3705 3550 3786; baseline -0.006 -15"><span class='ocrx_word' id='word_1_756' title='bbox 1937 3721 1996 3771; x_wconf 82' lang='grc' dir='ltr'>ὲν</span> <span class='ocrx_word' id='word_1_757' title='bbox 2026 3717 2203 3786; x_wconf 85' lang='grc' dir='ltr'>τούτῳ</span> <span class='ocrx_word' id='word_1_758' title='bbox 2251 3713 2489 3786; x_wconf 86' lang='grc' dir='ltr'>μάλιστα</span> <span class='ocrx_word' id='word_1_759' title='bbox 2530 3711 2840 3782; x_wconf 77' lang='grc' dir='ltr'>θαυμαστοὶ</span> <span class='ocrx_word' id='word_1_760' title='bbox 2868 3711 2934 3764; x_wconf 81' lang='grc' dir='ltr'>ἂν</span> <span class='ocrx_word' id='word_1_761' title='bbox 2979 3705 3093 3762; x_wconf 80' lang='grc' dir='ltr'>εἷεν</span> <span class='ocrx_word' id='word_1_762' title='bbox 3130 3711 3180 3762; x_wconf 88' lang='grc' dir='ltr'>οί</span> <span class='ocrx_word' id='word_1_763' title='bbox 3224 3708 3436 3762; x_wconf 83' lang='grc' dir='ltr'>τούτων</span> <span class='ocrx_word' id='word_1_764' title='bbox 3475 3710 3550 3778; x_wconf 77' lang='grc' dir='ltr'>μὴ</span> 
     </span>
    </p>
   </div>
   <div class='ocr_carea' id='block_1_97' title="bbox 1938 3804 3552 3880">
    <p class='ocr_par' dir='ltr' id='par_1_97' title="bbox 1938 3804 3552 3880">
     <span class='ocr_line' id='line_1_97' title="bbox 1938 3804 3552 3880; baseline -0.01 -13"><span class='ocrx_word' id='word_1_765' title='bbox 1938 3812 2396 3873; x_wconf 85' lang='grc' dir='ltr'>ἀπολελαυκότες,</span> <span class='ocrx_word' id='word_1_766' title='bbox 2420 3811 2503 3863; x_wconf 82' lang='grc' dir='ltr'>ὅτι</span> <span class='ocrx_word' id='word_1_767' title='bbox 2533 3811 2673 3880; x_wconf 87' lang='grc' dir='ltr'>μήτε</span> <span class='ocrx_word' id='word_1_768' title='bbox 2703 3809 2797 3861; x_wconf 84' lang='grc' dir='ltr'>τὸν</span> <span class='ocrx_word' id='word_1_769' title='bbox 2829 3808 2960 3879; x_wconf 84' lang='grc' dir='ltr'>περὶ</span> <span class='ocrx_word' id='word_1_770' title='bbox 2982 3807 3337 3868; x_wconf 87' lang='grc' dir='ltr'>ἀναστάσεως</span> <span class='ocrx_word' id='word_1_771' title='bbox 3362 3804 3552 3874; x_wconf 79' lang='grc' dir='ltr'>σαφῶς</span> 
     </span>
    </p>
   </div>
   <div class='ocr_carea' id='block_1_98' title="bbox 1940 3901 3551 3978">
    <p class='ocr_par' dir='ltr' id='par_1_98' title="bbox 1940 3901 3551 3978">
     <span class='ocr_line' id='line_1_98' title="bbox 1940 3901 3551 3978; baseline -0.008 -12"><span class='ocrx_word' id='word_1_772' title='bbox 1940 3911 2143 3971; x_wconf 74' lang='grc' dir='ltr'>ειδότες</span> <span class='ocrx_word' id='word_1_773' title='bbox 2175 3909 2359 3978; x_wconf 90' lang='grc' dir='ltr'>λόγον,</span> <span class='ocrx_word' id='word_1_774' title='bbox 2395 3909 2492 3962; x_wconf 73' lang='grc' dir='ltr'>καὶ</span> <span class='ocrx_word' id='word_1_775' title='bbox 2530 3907 2599 3961; x_wconf 92' lang='grc' dir='ltr'>τά</span> <span class='ocrx_word' id='word_1_776' title='bbox 2647 3907 2869 3960; x_wconf 76' lang='grc' dir='ltr'>ἐναντία</span> <span class='ocrx_word' id='word_1_777' title='bbox 2914 3904 3023 3958; x_wconf 83' lang='grc' dir='ltr'>τῶν</span> <span class='ocrx_word' id='word_1_778' title='bbox 3058 3904 3406 3972; x_wconf 75' lang='grc' dir='ltr'>ἐπαγγελιῶν</span> <span class='ocrx_word' id='word_1_779' title='bbox 3455 3901 3551 3955; x_wconf 76' lang='grc' dir='ltr'>τοῦ</span> 
     </span>
    </p>
   </div>
   <div class='ocr_carea' id='block_1_99' title="bbox 1941 4001 3554 4077">
    <p class='ocr_par' dir='ltr' id='par_1_99' title="bbox 1941 4001 3554 4077">
     <span class='ocr_line' id='line_1_99' title="bbox 1941 4001 3554 4077; baseline -0.007 -15"><span class='ocrx_word' id='word_1_780' title='bbox 1941 4006 2079 4062; x_wconf 78' lang='grc' dir='ltr'>Θεοῦ</span> <span class='ocrx_word' id='word_1_781' title='bbox 2117 4007 2488 4077; x_wconf 87' lang='grc' dir='ltr'>συμϐαίνοντα</span> <span class='ocrx_word' id='word_1_782' title='bbox 2512 4005 2750 4075; x_wconf 77' lang='grc' dir='ltr'>ὁρῶντες</span> <span class='ocrx_word' id='word_1_783' title='bbox 2779 4003 2873 4056; x_wconf 72' lang='grc' dir='ltr'>ἐπὶ</span> <span class='ocrx_word' id='word_1_784' title='bbox 2904 4001 3014 4054; x_wconf 83' lang='grc' dir='ltr'>τῶν</span> <span class='ocrx_word' id='word_1_785' title='bbox 3046 4001 3417 4070; x_wconf 86' lang='grc' dir='ltr'>πραγμάτων,</span> <span class='ocrx_word' id='word_1_786' title='bbox 3453 4001 3554 4052; x_wconf 80' lang='grc' dir='ltr'>οὐκ</span> 
     </span>
    </p>
   </div>
   <div class='ocr_carea' id='block_1_100' title="bbox 1941 4097 3552 4172">
    <p class='ocr_par' dir='ltr' id='par_1_100' title="bbox 1941 4097 3552 4172">
     <span class='ocr_line' id='line_1_100' title="bbox 1941 4097 3552 4172; baseline -0.007 -14"><span class='ocrx_word' id='word_1_787' title='bbox 1941 4103 2414 4168; x_wconf 77' lang='grc' dir='ltr'>ἐσκανδαλίζοντο,</span> <span class='ocrx_word' id='word_1_788' title='bbox 2446 4101 2547 4154; x_wconf 88' lang='grc' dir='ltr'>οὐκ</span> <span class='ocrx_word' id='word_1_789' title='bbox 2589 4099 2974 4170; x_wconf 71' lang='grc' dir='ltr'>ἐθορυϐοῦντο,</span> <span class='ocrx_word' id='word_1_790' title='bbox 3011 4098 3135 4150; x_wconf 87' lang='grc' dir='ltr'>οὐδὲ</span> <span class='ocrx_word' id='word_1_791' title='bbox 3171 4097 3552 4172; x_wconf 71' lang='grc' dir='ltr'>ἐταράττοντο,</span> 
     </span>
    </p>
   </div>
   <div class='ocr_carea' id='block_1_101' title="bbox 1942 4194 3553 4273">
    <p class='ocr_par' dir='ltr' id='par_1_101' title="bbox 1942 4194 3553 4273">
     <span class='ocr_line' id='line_1_101' title="bbox 1942 4194 3553 4273; baseline -0.008 -16"><span class='ocrx_word' id='word_1_792' title='bbox 1942 4202 2078 4257; x_wconf 88' lang='grc' dir='ltr'>ἀλλά</span> <span class='ocrx_word' id='word_1_793' title='bbox 2127 4200 2488 4273; x_wconf 81' lang='grc' dir='ltr'>παρεχώρουν</span> <span class='ocrx_word' id='word_1_794' title='bbox 2537 4197 2706 4250; x_wconf 72' lang='grc' dir='ltr'>αὐτοῦ</span> <span class='ocrx_word' id='word_1_795' title='bbox 2755 4198 2821 4266; x_wconf 79' lang='grc' dir='ltr'>τῇ</span> <span class='ocrx_word' id='word_1_796' title='bbox 2874 4195 3251 4266; x_wconf 81' lang='grc' dir='ltr'>ἀκαταλήπτῳ</span> <span class='ocrx_word' id='word_1_797' title='bbox 3304 4194 3553 4264; x_wconf 70' lang='grc' dir='ltr'>προνοίᾳ,</span> 
     </span>
    </p>
   </div>
   <div class='ocr_carea' id='block_1_102' title="bbox 1942 4291 3555 4364">
    <p class='ocr_par' dir='ltr' id='par_1_102' title="bbox 1942 4291 3555 4364">
     <span class='ocr_line' id='line_1_102' title="bbox 1942 4291 3555 4364; baseline -0.006 -12"><span class='ocrx_word' id='word_1_798' title='bbox 1942 4299 2096 4352; x_wconf 83' lang='grc' dir='ltr'>οὐδὲν</span> <span class='ocrx_word' id='word_1_799' title='bbox 2141 4300 2206 4351; x_wconf 82' lang='grc' dir='ltr'>ὲκ</span> <span class='ocrx_word' id='word_1_800' title='bbox 2250 4297 2362 4350; x_wconf 78' lang='grc' dir='ltr'>τῶν</span> <span class='ocrx_word' id='word_1_801' title='bbox 2403 4296 2665 4357; x_wconf 84' lang='grc' dir='ltr'>ἐναντίως</span> <span class='ocrx_word' id='word_1_802' title='bbox 2698 4293 3006 4364; x_wconf 86' lang='grc' dir='ltr'>γινομένων</span> <span class='ocrx_word' id='word_1_803' title='bbox 3047 4291 3555 4362; x_wconf 78' lang='grc' dir='ltr'>σκανδαλιζόμενοι,</span> 
     </span>
    </p>
   </div>
   <div class='ocr_carea' id='block_1_103' title="bbox 1946 4388 3558 4462">
    <p class='ocr_par' dir='ltr' id='par_1_103' title="bbox 1946 4388 3558 4462">
     <span class='ocr_line' id='line_1_103' title="bbox 1946 4388 3558 4462; baseline -0.006 -13"><span class='ocrx_word' id='word_1_804' title='bbox 1946 4396 2060 4449; x_wconf 81' lang='grc' dir='ltr'>ἀλλ’</span> <span class='ocrx_word' id='word_1_805' title='bbox 2083 4395 2286 4457; x_wconf 75' lang='grc' dir='ltr'>ειδότες</span> <span class='ocrx_word' id='word_1_806' title='bbox 2315 4393 2483 4447; x_wconf 79' lang='grc' dir='ltr'>αὐτοῦ</span> <span class='ocrx_word' id='word_1_807' title='bbox 2511 4393 2573 4446; x_wconf 85' lang='grc' dir='ltr'>τὸ</span> <span class='ocrx_word' id='word_1_808' title='bbox 2608 4390 2843 4462; x_wconf 78' lang='grc' dir='ltr'>εὔπορον</span> <span class='ocrx_word' id='word_1_809' title='bbox 2876 4392 2969 4444; x_wconf 77' lang='grc' dir='ltr'>καὶ</span> <span class='ocrx_word' id='word_1_810' title='bbox 3001 4391 3316 4462; x_wconf 83' lang='grc' dir='ltr'>εὐμήχανον</span> <span class='ocrx_word' id='word_1_811' title='bbox 3343 4388 3442 4459; x_wconf 81' lang='grc' dir='ltr'>τῆς</span> <span class='ocrx_word' id='word_1_812' title='bbox 3467 4405 3558 4440; x_wconf 77' lang='grc' dir='ltr'>σο-</span> 
     </span>
    </p>
   </div>
   <div class='ocr_carea' id='block_1_104' title="bbox 1947 4485 3562 4562">
    <p class='ocr_par' dir='ltr' id='par_1_104' title="bbox 1947 4485 3562 4562">
     <span class='ocr_line' id='line_1_104' title="bbox 1947 4485 3562 4562; baseline -0.006 -16"><span class='ocrx_word' id='word_1_813' title='bbox 1947 4495 2099 4562; x_wconf 87' lang='grc' dir='ltr'>φίας,</span> <span class='ocrx_word' id='word_1_814' title='bbox 2129 4493 2191 4546; x_wconf 72' lang='lat'>10</span> <span class='ocrx_word' id='word_1_815' title='bbox 2218 4492 2369 4554; x_wconf 88' lang='grc' dir='ltr'>τέλος</span> <span class='ocrx_word' id='word_1_816' title='bbox 2402 4492 2690 4562; x_wconf 86' lang='grc' dir='ltr'>ἀνέμενον,</span> <span class='ocrx_word' id='word_1_817' title='bbox 2726 4489 2931 4560; x_wconf 81' lang='grc' dir='ltr'>μᾶλλον</span> <span class='ocrx_word' id='word_1_818' title='bbox 2960 4488 3019 4542; x_wconf 89' lang='grc' dir='ltr'>δὲ</span> <span class='ocrx_word' id='word_1_819' title='bbox 3070 4487 3166 4542; x_wconf 71' lang='grc' dir='ltr'>καὶ</span> <span class='ocrx_word' id='word_1_820' title='bbox 3198 4488 3308 4558; x_wconf 87' lang='grc' dir='ltr'>πρὸ</span> <span class='ocrx_word' id='word_1_821' title='bbox 3347 4485 3444 4538; x_wconf 83' lang='grc' dir='ltr'>τοῦ</span> <span class='ocrx_word' id='word_1_822' title='bbox 3471 4487 3562 4537; x_wconf 87' lang='grc' dir='ltr'>τέ-</span> 
     </span>
    </p>
   </div>
   <div class='ocr_carea' id='block_1_105' title="bbox 1945 4565 3564 4660">
    <p class='ocr_par' dir='ltr' id='par_1_105' title="bbox 1945 4565 3564 4660">
     <span class='ocr_line' id='line_1_105' title="bbox 1945 4565 3564 4660; baseline -0.003 -18"><span class='ocrx_word' id='word_1_823' title='bbox 1945 4592 2070 4653; x_wconf 86' lang='grc' dir='ltr'>λους</span> <span class='ocrx_word' id='word_1_824' title='bbox 2119 4590 2251 4653; x_wconf 82' lang='grc' dir='ltr'>πᾶν,</span> <span class='ocrx_word' id='word_1_825' title='bbox 2283 4589 2424 4660; x_wconf 83' lang='grc' dir='ltr'>ὅπερ</span> <span class='ocrx_word' id='word_1_826' title='bbox 2448 4591 2526 4650; x_wconf 87' lang='grc' dir='ltr'>είς</span> <span class='ocrx_word' id='word_1_827' title='bbox 2560 4588 2756 4650; x_wconf 75' lang='grc' dir='ltr'>αὐτοὺς</span> <span class='ocrx_word' id='word_1_828' title='bbox 2790 4587 3080 4656; x_wconf 81' lang='grc' dir='ltr'>ἐτολμᾶτο,</span> <span class='ocrx_word' id='word_1_829' title='bbox 3109 4565 3305 4657; x_wconf 76' lang='grc' dir='ltr'>ἔφερον</span> <span class='ocrx_word' id='word_1_830' title='bbox 3344 4585 3564 4656; x_wconf 67' lang='grc' dir='ltr'>εὐχαρίη</span> 
     </span>
    </p>
   </div>
   <div class='ocr_carea' id='block_1_106' title="bbox 1949 4683 3562 4756">
    <p class='ocr_par' dir='ltr' id='par_1_106' title="bbox 1949 4683 3562 4756">
     <span class='ocr_line' id='line_1_106' title="bbox 1949 4683 3562 4756; baseline -0.004 -13"><span class='ocrx_word' id='word_1_831' title='bbox 1949 4708 2112 4753; x_wconf 88' lang='grc' dir='ltr'>στως,</span> <span class='ocrx_word' id='word_1_832' title='bbox 2170 4692 2264 4741; x_wconf 76' lang='grc' dir='ltr'>καὶ</span> <span class='ocrx_word' id='word_1_833' title='bbox 2313 4689 2404 4740; x_wconf 81' lang='grc' dir='ltr'>τὸν</span> <span class='ocrx_word' id='word_1_834' title='bbox 2454 4686 2848 4756; x_wconf 79' lang='grc' dir='ltr'>συγχωροῦντα</span> <span class='ocrx_word' id='word_1_835' title='bbox 2896 4685 3070 4738; x_wconf 80' lang='grc' dir='ltr'>ταῦτα</span> <span class='ocrx_word' id='word_1_836' title='bbox 3126 4683 3374 4753; x_wconf 83' lang='grc' dir='ltr'>γίνεσθαι</span> <span class='ocrx_word' id='word_1_837' title='bbox 3427 4683 3562 4736; x_wconf 73' lang='grc' dir='ltr'>Θεὸν</span> 
     </span>
    </p>
   </div>
   <div class='ocr_carea' id='block_1_107' title="bbox 1947 4777 3566 4854">
    <p class='ocr_par' dir='ltr' id='par_1_107' title="bbox 1947 4777 3566 4854">
     <span class='ocr_line' id='line_1_107' title="bbox 1947 4777 3566 4854; baseline -0.002 -15"><span class='ocrx_word' id='word_1_838' title='bbox 1947 4786 2263 4851; x_wconf 77' lang='grc' dir='ltr'>δοξάζοντες</span> <span class='ocrx_word' id='word_1_839' title='bbox 2307 4786 2604 4839; x_wconf 83' lang='grc' dir='ltr'>διετέλουν.</span> <span class='ocrx_word' id='word_1_840' title='bbox 2661 4784 2819 4854; x_wconf 86' lang='grc' dir='ltr'>Τάχα</span> <span class='ocrx_word' id='word_1_841' title='bbox 2855 4784 3074 4854; x_wconf 82' lang='grc' dir='ltr'>ἀσαφὴς</span> <span class='ocrx_word' id='word_1_842' title='bbox 3127 4785 3155 4835; x_wconf 87' lang='grc' dir='ltr'>ὁ</span> <span class='ocrx_word' id='word_1_843' title='bbox 3209 4783 3365 4850; x_wconf 87' lang='grc' dir='ltr'>λόγος</span> <span class='ocrx_word' id='word_1_844' title='bbox 3408 4777 3566 4847; x_wconf 67' lang='grc' dir='ltr'>οὗτος</span> 
     </span>
    </p>
   </div>
   <div class='ocr_carea' id='block_1_108' title="bbox 1951 4881 3563 4956">
    <p class='ocr_par' dir='ltr' id='par_1_108' title="bbox 1951 4881 3563 4956">
     <span class='ocr_line' id='line_1_108' title="bbox 1951 4881 3563 4956; baseline -0.001 -19"><span class='ocrx_word' id='word_1_845' title='bbox 1951 4887 2079 4956; x_wconf 85' lang='grc' dir='ltr'>ὑμῖν</span> <span class='ocrx_word' id='word_1_846' title='bbox 2111 4881 2250 4938; x_wconf 75' lang='grc' dir='ltr'>εἶναι</span> <span class='ocrx_word' id='word_1_847' title='bbox 2281 4885 2467 4937; x_wconf 84' lang='grc' dir='ltr'>δοκεῖ·</span> <span class='ocrx_word' id='word_1_848' title='bbox 2501 4881 2702 4934; x_wconf 82' lang='grc' dir='ltr'>οὐκοῦν</span> <span class='ocrx_word' id='word_1_849' title='bbox 2734 4883 3080 4953; x_wconf 79' lang='grc' dir='ltr'>σαφέστερον</span> <span class='ocrx_word' id='word_1_850' title='bbox 3132 4883 3296 4934; x_wconf 83' lang='grc' dir='ltr'>αὐτὸν</span> <span class='ocrx_word' id='word_1_851' title='bbox 3340 4882 3563 4951; x_wconf 76' lang='grc' dir='ltr'>ποιῆσαι</span> 
     </span>
    </p>
   </div>
   <div class='ocr_carea' id='block_1_109' title="bbox 1953 4982 2318 5054">
    <p class='ocr_par' dir='ltr' id='par_1_109' title="bbox 1953 4982 2318 5054">
     <span class='ocr_line' id='line_1_109' title="bbox 1953 4982 2318 5054; baseline 0.003 -21"><span class='ocrx_word' id='word_1_852' title='bbox 1953 4982 2318 5054; x_wconf 87' lang='grc' dir='ltr'>πειράσομαι.</span> 
     </span>
    </p>
   </div>
   <div class='ocr_carea' id='block_1_110' title="bbox 2024 5129 3567 5202">
    <p class='ocr_par' dir='ltr' id='par_1_110' title="bbox 2024 5129 3567 5202">
     <span class='ocr_line' id='line_1_110' title="bbox 2024 5129 3567 5202; baseline 0.001 -19"><span class='ocrx_word' id='word_1_853' title='bbox 2024 5131 2165 5199; x_wconf 79' lang='grc' dir='ltr'>Κεφ.</span> <span class='ocrx_word' id='word_1_854' title='bbox 2187 5136 2235 5183; x_wconf 82' lang='grc' dir='ltr'>ι’.</span> <span class='ocrx_word' id='word_1_855' title='bbox 2255 5131 2478 5202; x_wconf 86' lang='grc' dir='ltr'>Γέροντι</span> <span class='ocrx_word' id='word_1_856' title='bbox 2492 5131 2774 5201; x_wconf 84' lang='grc' dir='ltr'>γενομένῳ</span> <span class='ocrx_word' id='word_1_857' title='bbox 2788 5129 2919 5183; x_wconf 82' lang='grc' dir='ltr'>ποτὲ</span> <span class='ocrx_word' id='word_1_858' title='bbox 2933 5129 3011 5200; x_wconf 81' lang='grc' dir='ltr'>τῷ</span> <span class='ocrx_word' id='word_1_859' title='bbox 3028 5130 3302 5202; x_wconf 82' lang='grc' dir='ltr'>Ἀϐραὰμ.</span> <span class='ocrx_word' id='word_1_860' title='bbox 3320 5130 3567 5201; x_wconf 73' lang='grc' dir='ltr'>καὶπρὸς</span> 
     </span>
    </p>
   </div>
   <div class='ocr_carea' id='block_1_111' title="bbox 1954 5227 3568 5299">
    <p class='ocr_par' dir='ltr' id='par_1_111' title="bbox 1954 5227 3568 5299">
     <span class='ocr_line' id='line_1_111' title="bbox 1954 5227 3568 5299; baseline 0.001 -22"><span class='ocrx_word' id='word_1_861' title='bbox 1954 5227 2302 5279; x_wconf 85' lang='grc' dir='ltr'>παιδοποιίαν</span> <span class='ocrx_word' id='word_1_862' title='bbox 2324 5228 2388 5279; x_wconf 81' lang='grc' dir='ltr'>ὲκ</span> <span class='ocrx_word' id='word_1_863' title='bbox 2405 5227 2502 5297; x_wconf 79' lang='grc' dir='ltr'>τῆς</span> <span class='ocrx_word' id='word_1_864' title='bbox 2526 5228 2744 5298; x_wconf 83' lang='grc' dir='ltr'>ήλικίας</span> <span class='ocrx_word' id='word_1_865' title='bbox 2760 5227 3092 5299; x_wconf 86' lang='grc' dir='ltr'>νεκρωθέντι</span> <span class='ocrx_word' id='word_1_866' title='bbox 3120 5227 3327 5279; x_wconf 76' lang='grc' dir='ltr'>λοιπόνο</span> <span class='ocrx_word' id='word_1_867' title='bbox 3353 5229 3434 5289; x_wconf 89' lang='grc' dir='ltr'>είς</span> <span class='ocrx_word' id='word_1_868' title='bbox 3459 5230 3568 5296; x_wconf 64' lang='grc' dir='ltr'>γὰρ</span> 
     </span>
    </p>
   </div>
   <div class='ocr_carea' id='block_1_112' title="bbox 1954 5327 3568 5397">
    <p class='ocr_par' dir='ltr' id='par_1_112' title="bbox 1954 5327 3568 5397">
     <span class='ocr_line' id='line_1_112' title="bbox 1954 5327 3568 5397; baseline -0.001 -20"><span class='ocrx_word' id='word_1_869' title='bbox 1954 5328 2016 5378; x_wconf 74' lang='grc' dir='ltr'>τὸ</span> <span class='ocrx_word' id='word_1_870' title='bbox 2036 5327 2289 5394; x_wconf 86' lang='grc' dir='ltr'>γενέσθαι</span> <span class='ocrx_word' id='word_1_871' title='bbox 2316 5327 2520 5397; x_wconf 84' lang='grc' dir='ltr'>πατὴρ,</span> <span class='ocrx_word' id='word_1_872' title='bbox 2547 5328 2698 5379; x_wconf 74' lang='grc' dir='ltr'>οὐδὲν</span> <span class='ocrx_word' id='word_1_873' title='bbox 2722 5328 2946 5396; x_wconf 80' lang='grc' dir='ltr'>ἄμεινον</span> <span class='ocrx_word' id='word_1_874' title='bbox 2966 5327 3073 5378; x_wconf 81' lang='grc' dir='ltr'>τῶν</span> <span class='ocrx_word' id='word_1_875' title='bbox 3094 5327 3568 5397; x_wconf 81' lang='grc' dir='ltr'>τετελευτηκότων</span> 
     </span>
    </p>
   </div>
   <div class='ocr_carea' id='block_1_113' title="bbox 1955 5423 3570 5494">
    <p class='ocr_par' dir='ltr' id='par_1_113' title="bbox 1955 5423 3570 5494">
     <span class='ocr_line' id='line_1_113' title="bbox 1955 5423 3570 5494; baseline -0.001 -17"><span class='ocrx_word' id='word_1_876' title='bbox 1955 5425 2188 5477; x_wconf 85' lang='grc' dir='ltr'>διέκειτο</span> <span class='ocrx_word' id='word_1_877' title='bbox 2211 5427 2346 5489; x_wconf 70' lang='grc' dir='ltr'>ζῶν·</span> <span class='ocrx_word' id='word_1_878' title='bbox 2371 5426 2589 5494; x_wconf 83' lang='grc' dir='ltr'>γέροντι</span> <span class='ocrx_word' id='word_1_879' title='bbox 2621 5425 2801 5477; x_wconf 84' lang='grc' dir='ltr'>τοίνυν</span> <span class='ocrx_word' id='word_1_880' title='bbox 2832 5424 2944 5477; x_wconf 76' lang='grc' dir='ltr'>ὄντι</span> <span class='ocrx_word' id='word_1_881' title='bbox 2975 5423 3053 5494; x_wconf 81' lang='grc' dir='ltr'>τῷ</span> <span class='ocrx_word' id='word_1_882' title='bbox 3076 5424 3292 5493; x_wconf 82' lang='grc' dir='ltr'>δικαίῳ,</span> <span class='ocrx_word' id='word_1_883' title='bbox 3314 5427 3408 5477; x_wconf 69' lang='grc' dir='ltr'>καὶ</span> <span class='ocrx_word' id='word_1_884' title='bbox 3436 5427 3570 5491; x_wconf 51' lang='grc' dir='ltr'>στό-</span> 
     </span>
    </p>
   </div>
   <div class='ocr_carea' id='block_1_114' title="bbox 1956 5521 3568 5594">
    <p class='ocr_par' dir='ltr' id='par_1_114' title="bbox 1956 5521 3568 5594">
     <span class='ocr_line' id='line_1_114' title="bbox 1956 5521 3568 5594; baseline 0 -18"><span class='ocrx_word' id='word_1_885' title='bbox 1956 5524 2057 5592; x_wconf 85' lang='grc' dir='ltr'>δρα</span> <span class='ocrx_word' id='word_1_886' title='bbox 2091 5523 2328 5593; x_wconf 87' lang='grc' dir='ltr'>γέροντι,</span> <span class='ocrx_word' id='word_1_887' title='bbox 2371 5524 2588 5594; x_wconf 78' lang='grc' dir='ltr'>καὶτῆς</span> <span class='ocrx_word' id='word_1_888' title='bbox 2623 5521 2858 5591; x_wconf 79' lang='grc' dir='ltr'>φυσικῆς</span> <span class='ocrx_word' id='word_1_889' title='bbox 2884 5521 3232 5583; x_wconf 85' lang='grc' dir='ltr'>παιδοποιίας</span> <span class='ocrx_word' id='word_1_890' title='bbox 3265 5521 3568 5592; x_wconf 85' lang='grc' dir='ltr'>ὑπερϐάντι</span> 
     </span>
    </p>
   </div>
   <div class='ocr_carea' id='block_1_115' title="bbox 1957 5618 3572 5689">
    <p class='ocr_par' dir='ltr' id='par_1_115' title="bbox 1957 5618 3572 5689">
     <span class='ocr_line' id='line_1_115' title="bbox 1957 5618 3572 5689; baseline 0 -17"><span class='ocrx_word' id='word_1_891' title='bbox 1957 5622 2083 5683; x_wconf 67' lang='grc' dir='ltr'>τοὺς</span> <span class='ocrx_word' id='word_1_892' title='bbox 2118 5621 2278 5689; x_wconf 81' lang='grc' dir='ltr'>ὅρους</span> <span class='ocrx_word' id='word_1_893' title='bbox 2314 5622 2377 5670; x_wconf 81' lang='grc' dir='ltr'>ὲκ</span> <span class='ocrx_word' id='word_1_894' title='bbox 2421 5619 2616 5671; x_wconf 74' lang='grc' dir='ltr'>πολλοῦ</span> <span class='ocrx_word' id='word_1_895' title='bbox 2664 5618 2759 5671; x_wconf 77' lang='grc' dir='ltr'>τοῦ</span> <span class='ocrx_word' id='word_1_896' title='bbox 2793 5619 3101 5689; x_wconf 81' lang='grc' dir='ltr'>περιόντος,</span> <span class='ocrx_word' id='word_1_897' title='bbox 3161 5619 3339 5687; x_wconf 76' lang='grc' dir='ltr'>ἔχοντι</span> <span class='ocrx_word' id='word_1_898' title='bbox 3386 5619 3441 5671; x_wconf 80' lang='grc' dir='ltr'>δὲ</span> <span class='ocrx_word' id='word_1_899' title='bbox 3480 5621 3572 5673; x_wconf 72' lang='grc' dir='ltr'>καὶ</span> 
     </span>
    </p>
   </div>
   <div class='ocr_carea' id='block_1_116' title="bbox 1963 5717 3574 5788">
    <p class='ocr_par' dir='ltr' id='par_1_116' title="bbox 1963 5717 3574 5788">
     <span class='ocr_line' id='line_1_116' title="bbox 1963 5717 3574 5788; baseline 0.001 -19"><span class='ocrx_word' id='word_1_900' title='bbox 1963 5719 2209 5769; x_wconf 82' lang='grc' dir='ltr'>σύνοικον</span> <span class='ocrx_word' id='word_1_901' title='bbox 2235 5718 2443 5788; x_wconf 84' lang='grc' dir='ltr'>πέτρας</span> <span class='ocrx_word' id='word_1_902' title='bbox 2466 5718 2818 5788; x_wconf 84' lang='grc' dir='ltr'>ἀγονωτέραν</span> <span class='ocrx_word' id='word_1_903' title='bbox 2843 5718 2941 5788; x_wconf 74' lang='grc' dir='ltr'>τὴν</span> <span class='ocrx_word' id='word_1_904' title='bbox 2968 5717 3208 5788; x_wconf 73' lang='grc' dir='ltr'>Σάρραν,</span> <span class='ocrx_word' id='word_1_905' title='bbox 3244 5718 3574 5785; x_wconf 65' lang='grc' dir='ltr'>ἐπαγγέλλιε⁶</span> 
     </span>
    </p>
   </div>
   <div class='ocr_carea' id='block_1_117' title="bbox 1961 5814 3568 5886">
    <p class='ocr_par' dir='ltr' id='par_1_117' title="bbox 1961 5814 3568 5886">
     <span class='ocr_line' id='line_1_117' title="bbox 1961 5814 3568 5886; baseline 0.003 -18"><span class='ocrx_word' id='word_1_906' title='bbox 1961 5833 2047 5869; x_wconf 89' lang='grc' dir='ltr'>ται</span> <span class='ocrx_word' id='word_1_907' title='bbox 2076 5814 2288 5886; x_wconf 85' lang='grc' dir='ltr'>πατέρα</span> <span class='ocrx_word' id='word_1_908' title='bbox 2319 5817 2567 5885; x_wconf 75' lang='grc' dir='ltr'>ποιήσειν</span> <span class='ocrx_word' id='word_1_909' title='bbox 2594 5817 2621 5867; x_wconf 88' lang='grc' dir='ltr'>ό</span> <span class='ocrx_word' id='word_1_910' title='bbox 2651 5814 2787 5880; x_wconf 80' lang='grc' dir='ltr'>Θεὸς</span> <span class='ocrx_word' id='word_1_911' title='bbox 2809 5814 3086 5870; x_wconf 86' lang='grc' dir='ltr'>τοσούτων</span> <span class='ocrx_word' id='word_1_912' title='bbox 3115 5816 3356 5885; x_wconf 79' lang='grc' dir='ltr'>ἐκγόνων</span> <span class='ocrx_word' id='word_1_913' title='bbox 3382 5819 3568 5883; x_wconf 75' lang='grc' dir='ltr'>αὐτὸν,</span> 
     </span>
    </p>
   </div>
  </div>
