4050 6470
247 353 354 409 501

249 467 541 523 titudiuem
590 470 858 522 astrorum
910 482 1094 520 eorum
1140 479 1415 536 tequatura
1464 469 1534 522 sit
1581 468 1864 522 multitudo

245 557 417 623 (Gen.
450 559 536 610 15.
569 557 647 628 5).
678 560 748 612 At
775 557 897 618 ille,
929 571 1050 610 cum
1087 565 1167 610 tot
1192 572 1373 613 essent
1403 558 1674 613 thtacula
1696 601 1708 620 ,
1738 573 1860 612 cum

242 651 362 720 jam
403 660 534 704 artas
567 659 714 704 esset
752 651 820 704 ad
859 649 1097 705 ultimam
1141 653 1471 707 senectutem
1501 651 1782 714 devoluta,
1809 659 1862 704 et

247 757 395 794 uxor
423 751 530 795 tam
559 743 631 796 ob
657 751 867 796 aetatem
899 757 1058 812 quam
1086 744 1155 795 oh
1183 752 1422 796 naturam
1450 754 1591 797 esset
1623 744 1860 798 infecun—

246 831 319 885 da
343 849 356 896 ;
393 847 498 885 nou
525 834 670 888 enim
697 833 810 887 sola
839 843 1091 902 senectus
1111 834 1377 896 obstabat,
1407 834 1499 888 sed
1526 843 1580 887 et
1604 835 1860 890 sterilitas

243 921 367 992 ipsa
398 933 601 980 natura:
635 942 646 976 :
679 924 940 994 siquidem
972 936 1079 977 tum
1118 924 1333 994 quoque
1370 941 1490 979 cum
1527 925 1741 993 juvenis
1767 941 1856 980 es-

244 1023 355 1078 Set,
390 1015 594 1069 inutilis
624 1024 831 1070 natura)
863 1015 957 1068 fttit
987 1015 1223 1082 officina,
1257 1017 1396 1084 quod
1427 1017 1628 1070 sterilis
1667 1016 1857 1070 mulier

242 1115 415 1158 esst't.
444 1105 702 1173 Quocirca
735 1106 926 1160 Paulus
959 1107 1059 1160 hoc
1089 1109 1260 1175 ipsum
1290 1107 1586 1174 insinuans,
1613 1109 1682 1162 ita
1709 1107 1853 1162 dice-

240 1195 338 1248 bat
371 1212 381 1247 :
417 1193 485 1247 Et
517 1208 795 1250 emortuam
835 1199 1031 1250 vulvam
1062 1196 1211 1251 Sorte
1237 1203 1257 1267 ί
1282 1198 1429 1253 Rom.
1471 1199 1526 1253 4.
1570 1198 1712 1270 19);
1748 1214 1851 1252 nou

236 1286 382 1338 dixit
407 1295 710 1340 emortuam
740 1287 927 1343 Suram
959 1285 1302 1356 simpliciter,
1337 1302 1404 1342 tte
1438 1288 1608 1342 solam
1640 1298 1850 1342 attatem

235 1376 560 1443 suspiceris,
593 1378 686 1431 sed
712 1389 767 1432 et
791 1379 957 1446 ipsius
985 1379 1194 1432 vultum
1225 1389 1541 1442 emortuam,
1573 1380 1714 1450 quod
1745 1395 1850 1434 non

234 1469 417 1522 solum
449 1478 718 1538 tempore,
750 1471 843 1524 Sed
875 1473 1035 1524 etiam
1068 1479 1274 1526 natur-at
1301 1471 1610 1526 conditione
1652 1470 1849 1525 factum

233 1570 397 1622 erat;
433 1572 798 1617 verumtamen
841 1564 961 1616 licet
1004 1575 1186 1624 tanta,
1224 1573 1280 1618 ut
1317 1565 1466 1628 dixi,
1505 1573 1851 1634 superessent

233 1653 539 1714 obstacula,
572 1669 692 1706 cum
733 1654 893 1709 sciret
921 1654 1046 1724 quid
1077 1654 1288 1709 tandem
1321 1656 1390 1709 sit
1418 1657 1702 1724 promissio
1731 1656 1841 1720 Dei,

233 1757 402 1811 quam
433 1745 606 1799 sulers
633 1745 718 1798 illa
750 1746 819 1798 sit
845 1753 898 1797 et
929 1745 1167 1814 locuples
1191 1785 1208 1810 ,
1240 1746 1318 1800 sic
1346 1755 1402 1800 ut
1438 1762 1610 1816 neque
1641 1745 1847 1816 legibus

234 1844 445 1887 natura:
465 1877 479 1899 ,
522 1851 698 1905 neque
740 1847 920 1889 rerum
961 1835 1277 1891 difficultate
1301 1878 1314 1901 ,
1347 1837 1430 1893 vel
1461 1837 1566 1891 alio
1593 1837 1842 1907 quopiaut

232 1930 590 1998 impediatur,
618 1931 712 1985 sed
743 1932 838 2000 per
867 1930 1132 1985 contraria
1159 1933 1297 1985 viam
1327 1931 1592 1998 inveniat,
1625 1941 1680 1984 et
1715 1945 1842 2001 pro-

231 2025 460 2079 tn‘issum
491 2028 542 2078 itt
569 2041 620 2093 οι
641 2043 704 2081 us
741 2025 990 2089 deducat,
1019 2025 1162 2096 quod
1195 2025 1496 2088 dicebatur,
1525 2025 1759 2089 admisit,
1789 2035 1842 2079 et

230 2118 580 2185 promissioni
611 2119 768 2172 tidem
798 2117 981 2173 habuit
1011 2135 1024 2172 :
1055 2127 1109 2172 et
1139 2119 1426 2174 tumultum
1460 2133 1526 2173 ex
1556 2118 1838 2188 cogitatio-

227 2209 393 2263 nibus
433 2224 502 2262 ne
542 2210 766 2264 omnino
811 2209 1026 2280 quidem
1067 2211 1270 2286 moveri
1308 2209 1470 2277 sivit,
1499 2211 1594 2266 sed
1628 2209 1731 2265 fide
1758 2211 1840 2266 di-

226 2314 391 2370 gnam
420 2315 540 2356 esse
562 2300 841 2371 judicavit,
869 2309 926 2354 ut
952 2311 1036 2356 est
1060 2302 1176 2356 sine
1201 2300 1385 2365 dubio,
1415 2300 1483 2354 ad
1511 2300 1836 2370 implendam

227 2391 842 2462 protttissionent'ipsius
869 2392 1161 2464 potentiam
1184 2433 1198 2457 ,
1230 2393 1320 2462 qui
1352 2391 1708 2461 promiserat,
1738 2404 1836 2446 tte-

224 2501 334 2553 que
361 2485 657 2553 tiLSq‘ttisivit
689 2528 704 2550 ,
732 2500 840 2555 quo
871 2486 1085 2539 tandem
1118 2485 1281 2539 modo
1320 2484 1434 2539 hara:
1463 2485 1750 2547 evenient,
1782 2494 1837 2538 et

223 2590 325 2629 cur
349 2585 454 2630 ltOlt
480 2577 531 2630 itt
554 2577 854 2645 juventute,
878 2577 970 2632 sed
996 2576 1047 2630 itt
1073 2584 1374 2642 senectute,
1397 2586 1452 2631 ct
1473 2591 1598 2632 sero
1621 2577 1833 2630 tandem

222 2683 292 2723 ac
321 2668 488 2722 tarde.
521 2669 638 2736 Quo
668 2671 744 2728 lit.
780 2681 834 2723 ut
866 2670 1012 2728 illunt
1054 2669 1214 2723 etiam
1243 2669 1387 2722 clara
1415 2683 1546 2723 voce
1583 2669 1835 2738 praedicet

223 2774 292 2817 ac
323 2759 502 2816 laudet
529 2759 611 2818 itis
643 2761 819 2819 verbis
847 2766 1045 2821 Paulus
1074 2783 1087 2818 :
1116 2763 1215 2831 Qui
1242 2777 1419 2819 contra
1448 2782 1587 2836 spent
1614 2765 1665 2820 in
1688 2783 1832 2835 spent

221 2857 471 2921 credidit,
515 2868 569 2910 ut
606 2858 748 2926 ﬁeret
790 2869 935 2927 pater
977 2860 1252 2912 multarum
1295 2860 1520 2926 gentium
1555 2858 1744 2929 (Rom.
1775 2860 1828 2914 4.

224 2949 342 3012 18).
385 2948 523 3015 Quid
563 2958 680 3014 est,
711 2951 900 3004 Contra
941 2968 1082 3020 spem
1125 2952 1180 3004 in
1221 2968 1361 3017 spem
1387 2950 1411 3002 Ρ
1441 2950 1643 3006 Praaer
1679 2965 1830 3020 Spem

224 3036 517 3092 humanam
546 3039 597 3093 itt
629 3058 672 3109 δι
693 3048 781 3094 eiu
810 3041 901 3096 Dei
925 3083 938 3106 ,
968 3050 1088 3110 qua:
1114 3051 1305 3096 cuncta
1334 3041 1526 3104 vincit,
1555 3057 1674 3111 quae
1700 3056 1833 3097 cun-

221 3140 310 3186 cta
355 3142 570 3202 potest,
602 3144 941 3200 qurecuucta
974 3141 1211 3202 superat.
1247 3133 1314 3187 Et
1341 3133 1605 3198 credidit,
1638 3149 1744 3188 non
1775 3144 1831 3188 ut

225 3224 381 3280 fieret
420 3232 571 3294 pater
603 3233 806 3279 tmttunt
826 3268 840 3290 ,
871 3225 965 3279 sed
985 3227 1154 3280 etiam
1177 3231 1260 3279 tot
1288 3227 1525 3296 gentium
1546 3267 1559 3291 ,
1589 3241 1748 3280 senex
1777 3236 1830 3282 et

221 3314 436 3382 effetus,
460 3318 546 3372 cui
571 3317 769 3372 Sierilis
792 3326 846 3372 et
871 3317 1022 3371 senio
1047 3315 1292 3372 confecta
1319 3331 1452 3371 uxor
1476 3327 1611 3384 erat,
1638 3332 1832 3372 secun-

222 3407 352 3463 dum
393 3409 535 3479 quod
574 3409 775 3464 dictum
815 3419 932 3472 est,
966 3409 1055 3463 Sic
1092 3410 1185 3463 erit
1226 3425 1394 3463 semen
1435 3419 1594 3463 tuum.
1628 3407 1697 3462 Et
1727 3426 1828 3463 non

221 3499 511 3568 inﬁrmatus
549 3512 618 3555 est
658 3501 760 3569 [ille
785 3540 798 3562 ,
838 3515 927 3553 nec
965 3499 1301 3552 consideravit
1328 3511 1514 3570 corpus
1540 3515 1688 3553 suum
1713 3499 1829 3569 jam

222 3603 539 3659 emortuum,
567 3610 681 3646 cum
720 3593 827 3661 fere
865 3602 1064 3646 centum
1101 3601 1228 3646 esset
1265 3608 1550 3657 annorum,
1582 3602 1631 3646 et
1659 3609 1827 3647 emar-

222 3696 366 3737 tuam
407 3684 606 3737 uuluam
638 3684 853 3748 Same;
895 3684 946 3735 in
969 3683 1358 3753 repromissione
1398 3694 1566 3736 autem
1607 3683 1700 3738 Dei
1728 3696 1827 3739 nan

223 3777 472 3830 haesitavit
512 3777 810 3846 diﬂidentia,
843 3776 934 3831 sed
959 3780 1273 3847 confortatus
1299 3786 1369 3830 est
1399 3777 1520 3844 ﬁde,
1551 3777 1681 3832 dans
1707 3779 1825 3848 glo-

221 3871 354 3920 riam
376 3869 505 3935 Deo,
532 3870 818 3936 plenissime
844 3869 1026 3935 sciens,
1055 3871 1196 3937 quia,
1222 3885 1551 3939 quacumque
1572 3870 1822 3936 promisit,

223 3971 402 4030 potens
431 3971 504 4014 est
533 3972 582 4014 et
616 3966 783 4031 facere
811 3963 828 4032 (
852 3962 1000 4015 Iiom.
1041 3964 1094 4016 4.
1143 3962 1381 4032 19-91).
1411 3961 1614 4018 ﬂorum
1646 3971 1824 4018 autem

223 4056 511 4109 verborum
555 4056 668 4108 haec
706 4065 789 4109 est
830 4057 1093 4110 sententia
1131 4075 1144 4111 :
1175 4057 1468 4113 Exsultans
1512 4062 1734 4126 statim,
1772 4069 1826 4115 et

222 4147 476 4202 exsiliens
497 4161 565 4201 ex
595 4146 829 4200 humana
857 4147 1242 4213 imbecillitate,
1267 4159 1318 4205 et
1347 4153 1412 4206 ad
1436 4155 1822 4209 sublimitatem

223 4241 361 4309 ejus,
395 4241 483 4308 qtti
514 4242 877 4308 promittebat,
908 4255 1216 4307 :rccurrens,
1246 4253 1298 4298 et
1327 4247 1567 4316 cogitans
1598 4247 1825 4300 immen-

224 4344 338 4383 s..ut
364 4332 480 4398 ejus
505 4345 624 4384 esse
655 4331 980 4399 potentiam,
1011 4333 1162 4388 facile
1186 4335 1448 4391 adductus
1473 4346 1585 4404 est,
1617 4346 1675 4391 ttt
1701 4352 1822 4392 crc-

224 4422 370 4476 deret
409 4424 629 4476 omnino
656 4422 798 4491 quod
830 4425 927 4477 sibi
965 4424 1248 4480 dicebatur
1274 4439 1613 4483 eventurum.
1645 4432 1824 4501 Atque

227 4514 328 4570 hoc
372 4515 512 4570 facto
559 4517 790 4570 maxime
837 4517 1005 4572 Deum
1049 4519 1398 4589 glorificavit,
1431 4503 1571 4592 quod
1610 4523 1822 4577 curiose

227 4621 330 4659 ttott
362 4607 693 4675 iuqnisivrrit
714 4648 729 4672 ,
761 4622 933 4677 neque
962 4617 1232 4664 scrutatus
1258 4612 1358 4677 sit,
1389 4612 1483 4666 sed
1514 4613 1821 4684 incompre-

230 4699 471 4754 Itettsiltili
503 4701 619 4768 ejus
658 4702 932 4770 sapientiae
960 4704 975 4733 ⁸
998 4718 1061 4756 ac
1102 4707 1355 4773 potentia:
1385 4707 1628 4773 cesset-it,
1647 4723 1823 4777 neque

228 4790 335 4843 ullo
361 4792 520 4842 modo
545 4792 612 4846 de
642 4792 703 4844 iis
723 4833 738 4856 ,
763 4807 880 4862 qua:
906 4792 1045 4849 dicta
1079 4793 1323 4861 fuerant,
1351 4796 1693 4853 dubitaverit.
1728 4797 1819 4852 Vi-

228 4881 321 4933 des
352 4883 450 4933 hoc
479 4897 599 4935 esse
630 4882 867 4938 maxime
895 4884 1060 4938 Deum
1091 4886 1423 4955 gloriﬁcare,
1453 4903 1576 4943 cum
1619 4891 1822 4944 incom-

229 4973 572 5042 prclteusib‘li
599 4977 714 5044 ejus
745 4976 1088 5043 providentia:
1109 5021 1124 5045 ,
1153 4989 1312 5049 atque
1342 4980 1594 5035 iueil‘ahili
1628 4980 1819 5051 poteué

231 5068 311 5120 tia:
345 5082 442 5119 nos
479 5068 844 5121 sulnnittiutus
869 5111 884 5134 ,
917 5085 1090 5140 neque
1129 5082 1460 5137 scrutamur,
1494 5084 1584 5127 aut
1610 5080 1822 5131 curiose

230 5158 540 5228 inquirimus
582 5167 760 5227 neque
797 5160 1024 5214 dicimus
1055 5179 1068 5213 :
1099 5160 1207 5216 Cur
1241 5163 1384 5219 hoc?
1413 5165 1476 5218 ad
1517 5167 1642 5236 quid
1681 5168 1780 5222 hoc
1798 5169 1821 5220 ’ἰ

229 5250 493 5319 quomodo
520 5254 622 5305 erit
664 5252 801 5306 hoc?
829 5252 1011 5321 Neque
1041 5269 1168 5310 vero
1199 5257 1374 5310 solum
1410 5258 1512 5313 hoc
1536 5270 1617 5313 est
1647 5259 1819 5315 admi-

230 5343 430 5396 ratione
467 5343 681 5412 dignum
708 5385 722 5408 ,
756 5345 847 5398 sed
880 5347 1038 5399 etiam
1080 5346 1224 5416 quod
1271 5347 1432 5402 filium
1481 5350 1626 5403 illum
1665 5366 1818 5405 suum

232 5433 552 5501 unigenitum
582 5449 642 5487 ac
667 5434 920 5490 dilectum
948 5446 1067 5506 post
1102 5437 1240 5491 hanc
1271 5440 1676 5508 promissionem
1704 5458 1820 5495 ma-

227 5537 367 5580 ctare
392 5527 715 5594 jubebatur,
746 5537 799 5581 et
838 5543 907 5591 ne
938 5539 1046 5583 tum
1082 5530 1298 5600 quidem
1338 5530 1818 5589 scandalizabzdur.

232 5620 379 5684 Atqui
414 5621 578 5671 multa
604 5631 757 5675 crant
781 5636 900 5689 qua:
925 5624 1291 5678 scandalizare
1317 5635 1533 5694 possent
1557 5637 1705 5693 eum,
1730 5627 1819 5696 qui

232 5708 445 5777 tigilalts
489 5727 592 5762 non
642 5710 745 5766 fixis
776 5722 827 5766 et
871 5724 921 5768 et
964 5724 1198 5770 attentus
1230 5732 1242 5766 ε
1272 5724 1326 5770 ct
1370 5717 1601 5787 primum
1647 5716 1818 5787 ipsum

288 5799 307 5832 ⁸
330 5800 430 5853 Alii.
453 5803 778 5858 proriaentt’tr.

958 388 964 397 .
1049 353 1142 408 AD
1184 353 1313 411 EOS
1352 354 1470 424 QUI
1510 348 2010 412 SCANDALIZATI
2052 350 2255 414 SUNT.
2298 356 2428 412 Hii.
2473 356 2674 414 UNUS.

3469 361 3575 420 50’!

1975 469 2304 538 mandatum,
2336 485 2465 523 num
2497 470 2638 523 Deus
2665 468 2798 523 tales
2826 468 3068 524 victimas
3090 481 3334 540 accitptas
3360 472 3568 536 Itala-at,

1969 571 2021 612 et
2054 569 2229 628 patres
2253 561 2439 629 jubeat
2468 576 2587 615 esse
2629 561 2920 632 parricidas
2953 563 3238 618 liberorum
3264 607 3278 629 ,
3309 580 3371 618 ac
3402 576 3574 621 morte

1967 652 2197 706 violenta
2228 653 2389 705 vitam
2421 651 2594 717 finire,
2628 653 2912 707 immaturo
2941 654 3158 708 interitu
3192 657 3325 708 lilios
3356 669 3566 718 necare,

1967 759 2186 813 suaeque
2235 744 2399 813 prolis
2449 745 2559 798 fieri
2613 745 2947 810 homicidas,
2980 747 3068 799 tali
3114 747 3370 816 sanguine
3414 763 3567 801 suum

1965 838 2094 892 velit
2135 836 2303 892 altare
2342 837 2648 903 cruentari,
2692 848 2966 906 paternam
2996 837 3271 892 dexteram
3312 839 3570 894 adversus

1966 927 2134 982 filium
2165 927 2494 997 unigenitum
2534 930 2771 996 armari,
2802 945 2866 984 ac
2889 929 3110 999 ,justum
3149 933 3322 984 virum
3363 929 3569 984 sicariis

1965 1020 2077 1072 fieri
2108 1020 2424 1083 sati-iorem;
2457 1034 2575 1072 cum
2609 1019 2691 1072 bis
2735 1030 2988 1089 prmterea
3033 1033 3234 1075 natura:
3268 1023 3344 1077 vis
3387 1037 3449 1077 ac
3482 1033 3562 1090 ty-

1962 1109 2146 1162 rannis
2191 1125 2310 1163 eum
2356 1111 2726 1164 cottttttovebat
2771 1119 2824 1165 et
2869 1112 3240 1180 perturbabat,
3278 1130 3381 1165 non
3421 1113 3564 1182 quod

1963 1209 2113 1268 pater
2151 1200 2322 1254 solum
2367 1212 2509 1254 esset
2534 1244 2547 1264 ,
2577 1207 2670 1255 sed
2714 1203 2854 1272 quod
2891 1203 3172 1272 indulgens
3193 1243 3209 1267 ,
3241 1213 3293 1257 et
3324 1204 3442 1257 talis
3471 1204 3561 1258 filii

1961 1304 2132 1360 pater,
2165 1293 2368 1357 dilecti,
2403 1295 2681 1363 unigeniti,
2725 1294 2930 1363 pulchri
2963 1310 3067 1348 uott
3107 1295 3327 1348 intuenti
3364 1295 3559 1356 solum,

1957 1384 2052 1437 sed
2085 1392 2138 1437 et
2165 1385 2567 1453 contemplanti.
2600 1384 2730 1438 Nam
2759 1394 2811 1438 et
2843 1385 2892 1438 in
2923 1385 3038 1454 ipso
3062 1395 3178 1439 erat
3203 1385 3375 1438 a-tatis
3403 1383 3556 1447 llore,

1958 1474 2009 1530 in
2056 1477 2268 1530 virtutis
2307 1477 2523 1546 vigore,
2568 1478 2621 1530 in
2657 1488 2763 1546 quo
2802 1477 2998 1546 duplex
3043 1476 3379 1549 pulchritudo
3402 1519 3416 1541 ,
3448 1485 3556 1530 tum

1956 1571 2169 1631 mentis,
2189 1579 2297 1622 tum
2324 1571 2588 1638 corpOris,
2610 1569 2874 1624 elucebat.
2908 1569 3090 1639 Neque
3121 1585 3247 1622 vero
3277 1568 3559 1623 mediocri-

1957 1673 2036 1716 ter
2082 1663 2207 1716 illttd
2252 1664 2319 1716 ad
2362 1674 2601 1717 amorem
2649 1671 2929 1732 paternum
2969 1662 3269 1732 augendum
3313 1661 3554 1724 vah-hat,

1952 1751 2095 1821 quod
2139 1760 2333 1820 prader
2369 1767 2518 1822 spem
2550 1768 2764 1807 omnem
2805 1753 2961 1806 datus
2992 1751 3182 1808 fuerat.
3215 1750 3374 1808 Scitis
3411 1752 3554 1806 enim

1951 1857 2108 1910 quam
2144 1844 2252 1896 cari
2296 1844 2402 1897 sint
2445 1842 2710 1910 ejusmodi
2752 1843 2931 1909 liberi,
2967 1844 3056 1913 qui
3100 1854 3294 1914 praeter
3323 1858 3470 1913 spem
3499 1854 3554 1897 et

1949 1934 2438 2001 exspectationem,
2473 1948 2579 1987 non
2615 1934 2731 2004 lege
2765 1943 2968 1987 natura:
2997 1936 3239 1989 concessi
3269 1946 3389 1988 sunt
3409 1976 3422 1999 ,
3453 1949 3549 1988 cu-

1943 2023 2175 2093 jusmodi
2224 2024 2322 2079 fuit
2366 2025 2475 2079 ille.
2521 2023 2655 2080 Cum
2701 2025 2784 2079 his
2828 2025 3074 2080 omnibus
3113 2033 3293 2079 autem
3323 2025 3550 2079 maxime

1949 2123 2155 2184 poterat
2183 2114 2493 2169 scandalum
2526 2114 2768 2184 praebere
2808 2114 3119 2184 pollicitatio
3147 2125 3196 2168 et
3236 2114 3546 2184 promissio,

1945 2220 2066 2259 cum
2101 2205 2171 2260 illi
2199 2206 2525 2260 contrarium
2557 2214 2703 2260 esset
2747 2206 3074 2260 mandatum.
3115 2205 3387 2277 Siquidem
3422 2223 3549 2276 pro-

1945 2299 2165 2351 missum
2212 2297 2382 2351 fuerat
2414 2314 2427 2350 :
2462 2296 2554 2351 Sic
2591 2297 2685 2350 erit
2728 2313 2895 2351 semen
2937 2307 3078 2350 tuum
3103 2339 3116 2362 ,
3149 2307 3204 2350 ut
3242 2297 3402 2350 stellae
3439 2297 3551 2351 caeli

1944 2386 2100 2456 (Gen.
2133 2388 2220 2440 15'.
2252 2387 2310 2456 5)
2344 2405 2357 2440 τ
2391 2388 2699 2464 mandatum
2744 2395 2920 2441 autem
2962 2386 3134 2442 fuerat
3163 2397 3220 2442 ut
3249 2388 3548 2457 unigenitus

1945 2478 2111 2542 lilius,
2143 2477 2296 2547 cujus
2338 2479 2566 2549 posteris
2594 2488 2762 2532 totum
2791 2478 2977 2534 orbem
3006 2489 3266 2534 terrarum
3296 2487 3411 2533 erat
3447 2478 3548 2532 im-

1943 2571 2219 2640 pleturus.
2253 2571 2339 2625 hic
2365 2587 2396 2626 e
2427 2571 2604 2626 medio
2647 2572 2957 2635 tolleretur,
2998 2585 3063 2626 ac
3103 2572 3262 2626 morti
3305 2571 3546 2641 undique

1939 2663 2254 2717 sawissimat
2278 2662 2595 2716 traderetur.
2628 2662 2734 2717 Sed
2764 2677 2832 2716 ne
2860 2663 2938 2717 sic
2965 2663 3180 2732 quidem
3209 2662 3541 2717 scandaliza—

1940 2753 2124 2826 batur,
2157 2775 2257 2816 nec
2287 2756 2699 2831 perturbabatur
2718 2757 2892 2828 justus
2921 2756 3011 2810 ille
3033 2797 3047 2820 ,
3083 2771 3256 2825 neque
3287 2756 3389 2810 tale
3415 2754 3541 2824 quid

1938 2855 2012 2909 illi
2043 2853 2340 2921 accidebat,
2370 2855 2510 2926 quod
2545 2857 2632 2909 tttti
2661 2857 2817 2911 alicui
2849 2867 2912 2910 ex
2945 2850 3338 2926 insipientibus,
3372 2858 3427 2904 et
3451 2851 3538 2919 qui

1940 2946 2083 3000 humi
2112 2955 2354 3016 serpunt,
2383 2946 2685 3002 accidisset.
2715 2947 2899 3017 Neque
2927 2948 3069 3001 enim
3096 2948 3232 3016 apud
3263 2962 3320 3002 sc
3353 2947 3422 3001 ita
3454 2960 3543 3001 ra-

1937 3038 2222 3094 tiocinatus
2262 3046 2346 3093 est
2386 3057 2398 3090 :
2443 3038 2579 3105 Quid
2627 3037 2729 3093 hoc
2777 3041 2854 3093 rei
2898 3038 3018 3092 est?
3059 3037 3267 3106 decepti
3311 3038 3540 3092 sumus?

1937 3128 2164 3185 fraudati
2194 3132 2421 3185 sumus?
2464 3146 2529 3184 an
2571 3129 2675 3186 hoc
2716 3131 2808 3185 Dei
2849 3131 3155 3186 mandatum
3185 3131 3308 3185 est?
3337 3130 3490 3185 Absit
3520 3148 3535 3184 :

1936 3236 2042 3276 non
2076 3237 2292 3292 possum
2335 3236 2554 3290 parere;
2584 3232 2644 3277 ut
2680 3221 2770 3276 filii
2818 3223 3076 3291 parricida
3115 3225 3266 3287 liam,
3299 3231 3351 3277 et
3389 3223 3537 3292 ejuso

1935 3313 2078 3368 ntodi
2104 3313 2360 3384 sanguine
2383 3312 2659 3368 dexteram
2688 3330 2858 3368 meatu
2886 3324 3183 3380 eruentem,
3213 3313 3400 3369 adduci
3430 3330 3535 3369 non

1937 3417 2177 3474 possum.
2205 3403 2487 3470 Quomodo
2515 3415 2694 3458 autem
2735 3404 3022 3473 promissio
3048 3404 3205 3460 liuent
3236 3420 3393 3460 suum
3419 3419 3537 3460 sor-

1937 3498 2139 3553 tietur?
2168 3497 2226 3553 Si
2256 3499 2399 3553 enim
2431 3497 2666 3559 radicem
2711 3500 2934 3553 avellant
2960 3540 2975 3563 ,
3014 3499 3155 3553 unde
3192 3500 3368 3554 rami?
3395 3500 3536 3554 unde

1934 3590 2170 3644 fructus?
2196 3591 2240 3644 si
2271 3589 2471 3646 fontem
2495 3591 2797 3658 occludam,
2823 3592 2964 3647 unde
2985 3591 3164 3647 fluvii?
3188 3594 3233 3647 si
3261 3594 3421 3648 lilium
3442 3609 3536 3647 oc-

1933 3681 2129 3748 cidam,
2159 3681 2301 3737 unde
2328 3681 2459 3736 mihi
2491 3691 2767 3752 nepotum,
2790 3699 2910 3754 qua:
2936 3685 3213 3740 stellarum
3245 3685 3537 3741 multitudi-

1934 3786 2054 3827 nem
2099 3784 2380 3844 exzequet,
2420 3775 2707 3831 multitudo
2753 3779 3047 3832 nascetur?
3084 3778 3360 3846 Quomodo
3403 3794 3535 3850 ergo

1936 3877 2044 3920 tum
2076 3867 2175 3920 alia
2205 3866 2586 3937 promittebat,
2617 3877 2673 3922 et
2699 3870 2965 3923 contraria
2995 3885 3136 3923 nunc
3173 3870 3365 3941 jubet?
3395 3871 3532 3926 Nihil

1933 3958 2125 4014 horum
2154 3968 2243 4014 aut
2270 3958 2423 4025 dixit,
2454 3969 2547 4014 aut
2571 3960 2822 4031 cogitavit
2854 3978 2867 4014 :
2896 3963 2990 4015 sed
3021 3978 3209 4018 rursus
3236 3965 3302 4018 ad
3347 3975 3534 4035 poten-

1931 4053 2059 4108 tiam
2091 4052 2226 4121 ejus,
2259 4052 2346 4122 qui
2380 4054 2699 4120 promiserat
2730 4053 2851 4119 ista,
2877 4053 3212 4124 confugiens,
3244 4072 3364 4125 qua:
3394 4057 3532 4110 inof-

1932 4143 2106 4199 l‘ubilis
2135 4150 2220 4198 est
2243 4185 2257 4206 ,
2290 4159 2408 4210 qua!
2445 4144 2618 4198 solers
2645 4155 2725 4199 est
2765 4155 2818 4200 et
2857 4146 3094 4214 locuples
3117 4189 3132 4212 ,
3165 4163 3283 4218 qua:
3323 4165 3417 4218 per
3445 4164 3533 4204 res

1929 4235 2227 4291 contrarias
2253 4234 2444 4296 elttct-t,
2472 4251 2590 4304 qua:
2617 4247 2835 4305 supcrat
2865 4237 3009 4307 leges
3035 4249 3261 4306 naturte,
3291 4253 3409 4309 quin
3437 4255 3532 4308 po-

1931 4328 2128 4382 tentior
2161 4335 2245 4380 est
2283 4324 2532 4381 omnibus
2555 4367 2569 4390 ,
2599 4327 2682 4380 cui
2721 4328 2973 4383 resistere
3016 4328 3148 4384 nihil
3187 4338 3395 4399 potest,
3428 4333 3532 4383 hoc

1928 4433 2142 4487 quoque
2172 4419 2480 4473 mandatum
2507 4416 2841 4476 confidenter
2868 4419 3133 4489 exhausit,
3160 4431 3212 4478 ct
3244 4421 3408 4477 lilium
3437 4435 3530 4486 oc-

1927 4510 2090 4576 cidit,
2122 4519 2179 4566 et
2210 4510 2486 4566 dexteram
2534 4516 2867 4580 cruentavit,
2901 4525 2955 4569 et
2995 4515 3229 4584 gladium
3271 4517 3530 4587 sanguine

1929 4601 2150 4666 infecit,
2195 4610 2250 4656 et
2285 4616 2469 4656 ensem
2509 4602 2696 4674 jugulo
2737 4605 2999 4660 immersit
3047 4625 3059 4658 :
3099 4621 3221 4661 nam
3263 4607 3307 4660 si
3352 4609 3530 4662 minus

1927 4708 2122 4762 opere,
2151 4693 2339 4747 saltem
2368 4693 2529 4747 animi
2563 4698 2836 4764 proposizo
2873 4707 3063 4751 cuncta
3093 4696 3192 4752 ista
3219 4699 3527 4766 complevit.

1927 4784 2187 4852 Quocirca
2216 4785 2342 4839 dum
2370 4799 2492 4841 eum
2533 4786 2745 4857 Moyses
2787 4787 3060 4851 laudaret,
3098 4791 3176 4843 sic
3200 4789 3274 4842 ait
3303 4807 3316 4844 :
3349 4788 3417 4842 Et
3445 4794 3527 4861 [n-

1927 4888 2064 4931 ctum
2086 4888 2159 4933 est
2182 4886 2294 4948 post
2320 4880 2426 4932 lucc
2446 4879 2614 4944 verba,
2643 4879 2782 4932 Deus
2805 4883 3009 4935 tentavit
3033 4882 3305 4948 Abraham,
3327 4892 3374 4936 et
3401 4884 3527 4938 dixit

1927 4972 1974 5025 ei
2001 4986 2020 5023 :
2046 4969 2192 5024 Tolle
2218 4972 2383 5039 ﬁlium
2413 4979 2554 5023 tuum
2582 4972 2854 5035 dilectum,
2881 4989 3027 5042 quem
3054 4975 3306 5040 dilexisti,
3340 4974 3492 5030 lsauc
3513 5017 3528 5041 ,

1927 5073 1974 5117 et
2014 5063 2142 5131 offer
2183 5063 2328 5118 illum
2363 5079 2515 5132 super
2555 5080 2714 5115 unum
2753 5066 3024 5129 montium,
3059 5083 3184 5134 quos
3224 5069 3311 5120 tibi
3353 5069 3524 5122 dixero

1932 5152 2097 5226 (Gen.
2126 5152 2217 5207 29..
2254 5155 2304 5207 l.
2334 5153 2422 5223 2).
2469 5152 2717 5208 llmcciue
2755 5164 2879 5208 sunt
2913 5156 3072 5210 verba
3119 5160 3487 5226 promissioni.-
3512 5201 3525 5221 ,

1928 5245 2361 5315 pollicitationis,
2411 5259 2530 5313 quae
2586 5245 2957 5314 significabant
3007 5263 3132 5302 eum
3190 5246 3522 5318 posterorum

1931 5345 2132 5404 patrem
2171 5335 2405 5389 futurum
2433 5347 2488 5390 et
2514 5347 2698 5391 semel
2738 5337 2855 5406 ejus
2890 5337 3126 5392 futurum
3167 5341 3306 5395 sicut
3349 5344 3530 5395 stellas

1927 5428 2089 5482 cst-li?
2117 5427 2250 5484 Vide
2275 5443 2383 5498 quo
2411 5439 2565 5497 pacto
2607 5441 2720 5499 post
2753 5431 2868 5484 lucc
2892 5434 3055 5486 verba
3078 5475 3090 5498 ,
3121 5450 3244 5488 cum
3275 5437 3530 5489 andiissi-t

1928 5523 2094 5576 lilium
2142 5537 2296 5577 suum
2347 5523 2732 5588 occidendum,
2777 5525 3081 5594 acquievit,
3131 5542 3253 5581 cum
3306 5544 3371 5583 ex
3424 5543 3530 5596 quo

1927 5624 2072 5670 tanta
2119 5617 2385 5670 nascitura
2427 5626 2543 5671 erat
2586 5617 2866 5671 multitudo
2890 5661 2904 5681 ,
2936 5634 3058 5672 cmn
3085 5661 3099 5685 ,
3142 5619 3394 5690 inquam.
3431 5621 3527 5672 im-

1929 5707 2166 5771 ntolare,
2199 5715 2358 5777 atque
2391 5722 2422 5760 e
2463 5707 2638 5762 medio
2687 5709 2873 5764 tollere
2899 5750 2912 5774 ,
2961 5710 3176 5779 Deoque
3223 5715 3276 5765 in
3321 5711 3523 5765 sacrifi-

1935 5800 2078 5855 cium
2106 5800 2319 5856 oll‘erre.
2352 5801 2490 5856 Sane
2522 5802 2714 5858 Paulus
2739 5818 2858 5858 cum
2887 5819 3007 5860 eunt
3041 5804 3240 5860 ideirco
3267 5806 3506 5861 laudaret
