4050 6424
222 357 332 412 505

225 478 402 547 φάνου
450 476 547 531 καὶ
595 476 933 548 άνεκὴρυττε
965 475 1175 544 λέγων’
1211 478 1422 532 Πίστει
1453 475 1834 546 προσενήνο-

222 587 340 640 χεν
411 571 663 641 Ἀϐραὰμ
748 571 859 623 τὸν
919 569 1128 624 Ἰσαὰκ
1202 569 1654 638 πειραζόμενος·
1711 565 1833 622 εἷτα

220 664 442 728 δεικνὺς
470 665 662 735 ἡλίκον
688 665 921 735 πρᾶγμα
946 665 1196 736 ἐποίησε,
1222 667 1318 720 καὶ
1351 665 1486 734 ὃσην
1513 663 1832 730 ἐπεδείξατο

223 754 435 821 πίστιν,
477 757 729 826 ἐπήγαγε
757 773 768 785 ·
807 757 917 809 Καὶ
951 757 1062 810 τὸν
1100 755 1404 826 μονογενῆ
1450 756 1830 825 προσέφερεν

222 849 260 901 ό
294 846 406 913 τὰς
439 848 807 916 ἐπαγγελίας
853 847 1206 917 δεξάμενος.
1246 850 1312 900 Ὃ
1345 849 1402 901 δὲ
1441 848 1614 916 λέγει,
1650 847 1829 901 τοιοῦ-

221 940 319 993 τόν
353 942 535 994 ἐστιν’
570 940 686 993 Οὐκ
721 940 868 993 ἔστιν
897 942 1090 1004 εἰπεῖν,
1139 941 1326 1011 φησὶν,
1363 942 1444 994 ὅτι
1487 940 1583 995 δύο
1630 940 1828 1003 παῖδας

221 1027 344 1102 εἶχε
407 1033 685 1103 γνησίους,
748 1033 842 1086 καὶ
894 1032 1221 1104 προσεδόκα,
1275 1032 1657 1102 ἀναιρεθέντος
1703 1031 1830 1085 τού-

221 1137 344 1184 του,
400 1121 628 1175 ἀπὸτοῦ
671 1123 860 1195 ἐτέρου
908 1122 1003 1176 τοῦ
1051 1122 1289 1194 πλήθους
1339 1122 1553 1176 ἐκείνου
1604 1122 1826 1176 ἔσεσθαι

223 1215 434 1286 πατὴρ,
469 1215 605 1268 ἀλλά
653 1217 748 1270 καὶ
790 1216 949 1287 μόνον
989 1213 1135 1288 εἶχεν
1166 1217 1350 1281 αὑτὸν,
1384 1217 1479 1269 καὶ
1505 1216 1616 1270 ἀπὸ
1663 1217 1825 1286 μόνου

219 1307 416 1360 τούτου
445 1309 515 1361 τά
543 1313 643 1380 τῆς
682 1311 1019 1379 ἐπαγγελίας
1045 1313 1252 1383 ὴρτητο
1273 1331 1285 1343 ·
1319 1314 1412 1366 καὶ
1445 1315 1598 1383 ὅμως
1634 1311 1825 1367 τοῦτον

218 1398 399 1452 είλετο
427 1401 752 1468 καταθῦσαι,
785 1401 974 1474 ὥσπερ
995 1405 1054 1457 ἐν
1086 1408 1150 1476 τῇ
1189 1406 1482 1476 ὑποσχέσει
1505 1407 1605 1476 τῆς
1634 1410 1829 1479 γεννή-

219 1507 366 1554 σεως
391 1493 556 1546 αὐτοῦ
595 1494 732 1566 μήτε
763 1499 829 1567 τῇ
859 1497 1038 1568 οἰκείᾳ
1059 1498 1346 1570 νεκρώσει,
1374 1500 1514 1572 μήτε
1543 1504 1609 1571 τῇ

220 1599 308 1636 σει
325 1585 425 1656 τῆς
441 1584 658 1654 φύσεως
672 1586 774 1657 τῆς
792 1589 1052 1656 γυναικὸς
1070 1591 1335 1656 κωλυθεὶς
1350 1592 1489 1664 πρὸς
1501 1591 1601 1664 τὴν
1617 1593 1823 1659 πίστιν,

219 1675 378 1749 [489]
393 1675 566 1740 οὓτως
590 1677 710 1732 οὐδὲ
735 1679 972 1733 ἐνταῦθα
997 1681 1076 1749 τῷ
1095 1681 1312 1753 θανάτῳ
1331 1701 1473 1756 παρε
1483 1685 1822 1754 μποδισθείς.

219 1765 517 1836 Παράϐαλε
544 1768 722 1823 τοίνυν
744 1769 920 1826 ταῦτα
938 1773 1078 1844 πρὸς
1106 1774 1176 1828 τὰ.
1210 1775 1307 1828 νῦν
1327 1777 1699 1848 γεγενημένα,
1729 1780 1825 1832 καὶ

216 1857 342 1927 δψει
383 1873 478 1910 σου
513 1859 612 1928 τὴν
652 1862 1044 1933 μικροψυχίαν,
1095 1867 1192 1918 καὶ
1227 1866 1350 1937 ὄψει
1390 1869 1492 1940 τὴν
1544 1870 1824 1924 εὐτέλειαν

214 1948 330 2001 τῶν
358 1951 886 2022 σκανδαλιζομένων,
909 1957 1004 2008 καὶ
1029 1959 1149 2029 εἴση
1187 1959 1377 2027 σαφῶς
1409 1973 1458 2027 ι,
1483 1962 1565 2014 ὃτι
1584 1962 1824 2033 οὐδαμό-

215 2038 312 2092 θεν
343 2041 613 2114 ἐτέρωθέν
645 2060 726 2097 σοι
756 2045 816 2098 τὸ
848 2047 1151 2101 σκάνδαλον
1175 2049 1468 2123 γίνεται,ἢ
1515 2055 1580 2106 ἐκ
1619 2053 1716 2107 τοῦ
1747 2056 1822 2125 μὴ

213 2139 576 2206 παραχωρεῖν
609 2141 676 2209 τῇ
706 2139 1084 2212 ἀκαταλήπτῳ
1115 2142 1210 2196 τοῦ
1240 2143 1377 2197 Θεοῦ
1418 2148 1669 2218 προνοίᾳ,
1703 2148 1821 2201 ἀλλ’

213 2227 499 2300 ἐπιζητεῖν
546 2231 873 2304 οἰκονομιῶν
919 2236 1122 2307 τρόπον
1168 2239 1469 2310 πανταχοῦ,
1500 2242 1594 2295 καί⁵
1641 2243 1823 2306 αἰτίας

212 2318 325 2371 τῶν
354 2321 659 2391 γινομένων
684 2324 958 2388 ἀπαιτεῖν,
979 2329 1074 2381 καὶ
1099 2328 1308 2383 ἕκαστα
1328 2333 1788 2404 περιεργάζεσθαι
1805 2351 1818 2364 ·

211 2416 354 2486 ὅπερ
386 2419 433 2469 εἰ
479 2415 682 2472 ἔπαθεν
729 2419 758 2471 6
800 2419 1075 2492 Ἀϐραάμ,
1108 2421 1303 2493 ἔμελλε
1336 2427 1473 2496 πρὸς
1507 2427 1606 2500 τὴν
1635 2428 1823 2482 πίστιν

211 2507 500 2578 χωλεύειν.
563 2509 706 2562 Ἀλλ’
753 2512 856 2566 οὐκ
906 2513 1079 2567 ἔπαθε
1105 2517 1156 2578 ι),
1195 2516 1398 2572 διὸκαὶ
1442 2519 1679 2592 ἔλαμψε,
1728 2526 1822 2578 καὶ

212 2597 440 2653 πάντων
469 2600 705 2672 ἐπέτυχε
727 2604 836 2657 τῶν
859 2605 1291 2678 ἐπηγγελμένων
1307 2627 1320 2640 ·
1356 2611 1480 2665 οὐδὲ
1503 2615 1822 2670 ἐσκανδαλί-

212 2687 361 2754 ζετο,
387 2690 508 2744 οὐδὲ
538 2693 618 2764 τῷ
642 2695 810 2767 γήρᾳ,
834 2697 958 2750 οὐδὲ
978 2697 1057 2769 τῷ
1090 2699 1228 2768 μετά
1248 2701 1422 2757 ταῦτα
1442 2706 1783 2778 ἐπιτάγματι
1804 2723 1818 2737 ’

210 2781 339 2835 οὐδέ
357 2783 577 2854 ἐνόμισε
600 2785 832 2857 κώλυμα
865 2784 1004 2844 εἶναι
1026 2791 1087 2845 τὸ
1105 2793 1388 2866 ἐπίταγμα
1410 2801 1477 2869 τῇ
1502 2801 1818 2872 ὑποσχέσει,

210 2873 336 2928 οὔτε
381 2876 734 2951 ἀναιρετικὴν
779 2878 919 2938 εἶναι
960 2883 1060 2956 τὴν
1100 2885 1293 2940 θυσίαν
1329 2889 1432 2960 τῆς
1458 2892 1821 2962 ἐπαγγελίας,

213 2967 338 3020 οὐδὲ
364 2969 444 3032 εἰς
477 2970 791 3040 ἀπόγνωσιν
821 2976 1081 3030 ἐνέπιπτε
1111 2979 1210 3050 τῆς
1237 2982 1610 3054 ὑποσχέσεως,
1642 2989 1820 3043 καίτοι

211 3061 353 3132 πρὸς
383 3062 518 3116 αὐτὸ
543 3063 605 3155 τδ
635 3065 813 3136 πέρας
841 3068 952 3122 τῶν
985 3073 1333 3143 πραγμάτων
1365 3076 1556 3132 ἐλθών.
1589 3081 1682 3152 Μὴ
1710 3083 1821 3155 γάρ

213 3171 308 3224 μοι
341 3153 504 3208 τοῦτο
547 3153 692 3226 λέγε,
729 3157 812 3211 ὃτι
844 3159 946 3214 οὐκ
993 3161 1180 3216 είασεν
1213 3167 1241 3218 ὁ
1273 3165 1407 3231 Θεὸς
1451 3170 1535 3234 εἰς
1567 3169 1729 3244 ἔργον
1760 3153 1822 3230 τδ

210 3248 502 3320 ἐπίταγμα
545 3249 744 3317 ἐλθεῖν,
795 3253 920 3307 οὐδὲ
951 3245 1294 3330 αἰμαχθῆναι
1323 3263 1417 3316 τοῦ
1459 3266 1672 3321 δικαίου
1720 3271 1821 3342 τὴν

208 3339 424 3406 δεξιάν·
462 3343 579 3397 ἀλλ’
630 3346 811 3400 ἐκεῖνο
850 3349 1064 3417 σκόπει,
1102 3354 1184 3408 ὃτι
1227 3355 1436 3411 τούτων
1481 3363 1634 3416 οὐδὲν
1677 3367 1706 3418 6
1746 3339 1821 3419 δί-

210 3450 370 3496 καιος
399 3436 537 3508 ᾔδει,
572 3439 694 3493 οὐδέ
724 3441 807 3494 ὅτι
833 3441 1386 3519 ζῶνταάπολήψεται
1425 3454 1517 3508 τὸν
1549 3457 1685 3522 υἰὸν,
1726 3463 1822 3515 καὶ⁹

208 3527 388 3593 οὕτως
409 3529 594 3585 οἶκαδε
625 3535 956 3608 ἐπιστρέψαι
985 3540 1276 3609 ἠπίστατο,
1308 3546 1426 3600 ἀλλ’
1449 3549 1654 3606 ἔτεινεν
1689 3553 1820 3626 ὃλην

209 3620 352 3689 πρὸς
381 3622 482 3694 τὴν
513 3628 732 3697 σφαγὴν
760 3630 860 3701 τὴν
886 3633 1084 3688 ἐαυτοῦ
1110 3636 1361 3710 γνώμην.
1397 3643 1498 3697 Διά
1528 3645 1690 3701 τοῦτο
1727 3620 1821 3704 καὶ

208 3717 276 3769 ἐκ
300 3717 559 3789 δευτέρου
593 3722 845 3778 καλεῖται
872 3726 938 3780 ἐκ
964 3727 1074 3781 τῶν
1103 3731 1372 3802 οὐρανῶν.
1413 3738 1488 3790 Οὐ
1524 3739 1635 3810 γάρ
1663 3738 1822 3797 εἶπεν

208 3807 387 3904 αὐτῷ,
436 3809 708 3882 Ἀϐραὰμ,
746 3814 956 3880 ἁπλῶς,
1003 3819 1163 3885 ἀλλὰ,
1209 3823 1480 3896 Ἀϐραὰμ,
1545 3807 1816 3904 Ἀϐραὰμ,

207 3897 293 3998 τῶ
330 3899 724 3998 διπλασιασμῷ
744 3907 844 3979 τῆς
877 3913 1064 3982 φωνῆς
1101 3913 1200 3986 τὴν
1244 3897 1650 3996 ἐπιτεταμένην
1681 3897 1821 3998 πρὸς

207 3987 314 4083 τὴν
333 3988 526 4045 θυσίαν
558 3996 882 4065 προαίρεσιν
903 4001 1176 4073 ἀνείργων
1201 4023 1262 4059 τε
1295 4009 1391 4062 καὶ
1412 3987 1782 4083 ἀναχαίτίζών
1805 3987 1818 4050 λ

207 4079 388 4185 οὕτως
407 4083 546 4149 ὅλως
564 4087 658 4140 τοῦ
680 4089 1058 4162 ἐπιτάγματος
1090 4092 1181 4168 ἦν.
1207 4096 1362 4165 Εἶδες
1391 4079 1600 4168 πῶςῇτὸ
1620 4079 1730 4164 πάν
1749 4116 1815 4185 τῇ

207 4171 411 4272 γνώμῃ
448 4176 614 4230 αὐτοῦ
656 4181 1041 4272 ἐπεπλήρωτο,
1085 4190 1179 4242 καὶ
1210 4192 1513 4249 σκάνδαλον
1554 4171 1816 4272 οὐδαμοῦί

207 4265 288 4319 Τὸ
320 4267 376 4318 δὲ
402 4268 596 4336 αἴτιον,
627 4271 688 4325 τὸ
719 4274 792 4344 μὴ
833 4280 1294 4349 περιεργάζεσθαι
1324 4285 1393 4340 τά
1424 4289 1520 4342 τοῦ
1561 4265 1719 4347 Θεοῦ.
1755 4298 1819 4349 Τί

207 4357 267 4410 δὲ
295 4359 324 4410 6
365 4359 605 4433 Ίωσήφ;
641 4366 763 4418 εἰπέ
799 4384 912 4437 μοι,
945 4372 1019 4424 Οὐ
1045 4373 1290 4429 τοιοῦτόν
1314 4395 1366 4432 τι
1397 4381 1492 4434 καὶ
1525 4385 1690 4450 αὐτὸς
1717 4390 1818 4442 πέ-

210 4450 421 4553 πονθε;
465 4456 577 4553 [Eat
623 4459 733 4530 γὰρ
776 4463 1018 4536 κάκείνῳ
1051 4469 1262 4541 μεγάλη
1299 4490 1384 4537 τις
1425 4476 1722 4549 ὑπόσχεσις
1751 4478 1820 4553 ἦν

211 4544 368 4637 παρὰ
421 4546 516 4599 τοῦ
571 4548 708 4602 Θεοῦ
757 4551 1043 4628 δεδομένη,
1090 4562 1185 4614 καὶ
1231 4563 1300 4616 τά
1343 4544 1608 4637 γινόμενα
1657 4544 1822 4627 πάλίν

209 4634 548 4735 ἀπεναντίας
571 4639 669 4710 τῆς
699 4642 1048 4714 ὑποσχέσεως
1069 4651 1301 4720 ἐγίνετο.
1346 4655 1409 4709 Ἦ
1436 4634 1535 4729 μὲν
1555 4662 1665 4735 γάρ
1687 4665 1823 4719 ὑπό-

212 4745 405 4798 σχεσις
454 4727 522 4803 ἦν
569 4733 660 4786 διὰ
703 4735 812 4790 τῶν
847 4739 1164 4812 ὀνειράτων,
1207 4727 1822 4826 προσκυνήσειναύτὸν

208 4822 343 4928 τοὺς
367 4824 652 4928 ἀδελφοὺς,
684 4829 781 4881 καὶ
806 4831 970 4904 διπλῆ
1009 4836 1130 4906 ὄψις
1160 4842 1322 4897 τοῦτο
1358 4822 1753 4921 ἀνεκήρυττεν.
1785 4858 1819 4928 ἦ

209 4931 274 4966 τε
304 4914 392 5011 διὰ
422 4917 529 5011 τῶν
558 4919 798 4992 ἄστρων,
833 4925 867 4995 ἥ
895 4943 954 4978 τε
981 4929 1070 4983 διά
1111 4934 1220 4986 τῶν
1262 4914 1624 5011 δραγμάτων·
1667 4914 1822 5003 τάδέ

217 5009 359 5108 μετά
391 5009 492 5075 τὰς
517 5012 670 5082 ὄψεις
699 5017 904 5081 ταύτας
928 5023 1217 5091 συμϐάντα
1243 5009 1466 5088 ἐναντία
1494 5036 1604 5090 τῶν
1645 5039 1822 5108 δψεων

212 5096 304 5172 ἧν.
331 5102 557 5173 Πρῶτον
589 5108 690 5177 μὲν
721 5110 830 5181 γάρ
860 5113 1096 5185 πόλεμος
1125 5121 1280 5191 αὐτῷ
1310 5125 1547 5195 χαλεπὸς
1569 5096 1823 5190 ἐντεῦθεν

214 5196 360 5250 κατά
397 5198 496 5269 τὴν
532 5201 797 5272 πατρῴαν
818 5207 998 5259 οἰκίαν
1031 5210 1437 5285 ἀνερριπίζετο,
1485 5225 1580 5277 καὶ
1621 5227 1669 5279 οἱ
1723 5229 1826 5295 τάς

213 5288 387 5390 αὐτὰς
412 5291 563 5362 αὑτῷ
593 5294 856 5360 λύσαντες
887 5299 1103 5366 ὠδῖνας,
1149 5307 1503 5380 διατεμόντες
1545 5317 1647 5387 τῆς
1688 5288 1824 5390 συγ;

215 5379 435 5484 γενείας
463 5385 590 5446 τοὺς
624 5386 847 5454 νόμους,
878 5391 972 5443 καὶ
992 5379 1387 5467 διαρρήξαντες
1408 5406 1507 5475 τῆς
1525 5379 1826 5484 ἀδελφικὴς

216 5471 515 5564 διαθέσεως
540 5476 610 5530 τὰ
640 5478 838 5550 δεσμά,
879 5485 975 5537 καὶ
1019 5488 1217 5553 αὐτοὺς
1244 5496 1343 5563 τῆς
1382 5471 1599 5564 φύσεως
1635 5471 1828 5561 δίασάιί

217 5563 514 5630 λεύσαντες
565 5570 693 5633 τοὺς
735 5570 996 5642 θεσμοὺς,
1040 5578 1229 5650 ἐχθροὶ
1271 5584 1366 5637 καὶ
1418 5588 1671 5660 πολέμιοι
1728 5598 1826 5649 καὶ

279 5777 309 5879 ἰ
332 5778 440 5879 ’ἳξξε
463 5782 957 5879 ἒξξξιεεῗηεῖλεξιῖεῖ

345 5843 443 5891 Alii
471 5843 575 5891 ἀλλ’
595 5847 650 5893 06
682 5843 1068 5912 περιειργάσατο.

504 5946 782 6010 Ριτιιοι.
815 5949 934 6009 Gn.
979 5950 1107 6012 LII.

1051 355 1144 412 AD
1182 355 1317 414 EOS
1356 356 1474 426 QUI
1517 351 2020 414 SCANDALIZATI
2056 352 2260 411 SUNT.
2304 354 2438 412 LIB.
2479 355 2690 412 UNUS.

3440 362 3544 416 506

1937 472 2122 527 λύκων
2148 475 2481 546 ἀγριώτεροι
2516 475 2648 545 περί¹
2677 473 2769 527 τὸν
2813 473 3045 545 ἀδελφὸν
3089 477 3200 531 ἀπὸ
3232 477 3342 530 τῶν
3371 478 3551 550 δψεων

1933 566 2164 620 ἐκείνων
2192 566 2436 635 ἐγίνοντο
2452 586 2463 596 ο
2490 567 2585 621 καὶ
2609 566 2802 639 ὥσπερ
2825 567 2994 639 θῆρες
3014 568 3199 638 ἄγριοι
3229 571 3322 624 καὶ
3344 571 3553 641 ἀνήμε-

1936 658 2020 729 ροί
2044 676 2190 720 τινες
2212 659 2400 730 ἀρνίον
2425 661 2482 712 ἐν
2506 660 2658 730 μέσῳ
2683 659 2962 721 λαϐόντες,
2989 660 3134 714 οὕτω
3161 661 3283 714 καθ’
3311 663 3552 732 ἑκάστην

1932 751 2296 804 ἐπεϐούλευον
2340 752 2491 822 αὐτῷ
2532 753 2632 823 τὴν
2663 753 2901 823 ἡμέραν.
2942 755 3054 806 Καὶ
3097 755 3281 826 πατὴρ
3324 755 3418 808 τοῦ
3454 774 3554 808 πο-

1929 839 2099 910 λέμου
2121 841 2315 894 τούτου
2339 843 2532 911 φθόνος
2562 837 2632 914 ἦν
2664 842 2881 910 ἄλογος,
2908 843 3005 897 καὶ
3028 843 3300 914 βασκανία
3323 845 3511 908 ἄδικος
3533 863 3547 876 ο

1931 934 2028 984 καὶ
2059 932 2137 1004 τῷ
2166 932 2326 1004 θυμῷ
2357 935 2595 1000 ζέοντες,
2623 935 2784 1005 φόνου
2810 936 2932 990 καθ’
2961 938 3201 1008 ἑκάστην
3230 938 3420 991 ἔπνεον
3449 941 3550 1007 τὴν

1928 1024 2168 1095 ἡμέραν,
2197 1026 2293 1078 τοῦ
2319 1026 2518 1094 φθόνου
2555 1027 2656 1098 τὴν
2684 1028 2917 1098 κάμινον
2953 1028 3160 1099 ταύτην
3187 1030 3546 1093 ἁνάπτοντος,

1928 1120 2026 1172 καὶ
2070 1120 2170 1192 τὴν
2209 1122 2392 1191 πυρὰν
2435 1122 2770 1192 ἐγείροντος.
2810 1122 2922 1177 Καὶ
2964 1123 3155 1193 ἐπειδὴ
3204 1124 3343 1187 τέως
3383 1123 3549 1176 αὑτὸν

1927 1211 2082 1265 οὐδὲν
2132 1212 2477 1284 ἐργάσασθαι
2521 1213 2787 1282 ἠδύναντο
2821 1215 3080 1283 χαλεπὸν,
3124 1213 3274 1268 ἔνδον
3316 1215 3549 1287 στρεφό-

1930 1319 2092 1372 μενον
2121 1306 2215 1357 καὶ
2243 1303 2382 1374 μετά
2404 1304 2515 1356 τῶν
2537 1305 2744 1372 γονέων
2763 1304 3137 1377 διατρίϐοντα,
3167 1307 3551 1361 διαϐάλλουσιν

1926 1395 2095 1448 αὑτοῦ
2131 1395 2231 1466 τὴν
2266 1397 2562 1468 ὑπόληψιν,
2613 1399 2710 1452 καὶ
2756 1400 2994 1472 αἰσχρὰν
3040 1401 3551 1465 κατασκευάζουσιν

1925 1486 2079 1557 αὐτῷ
2094 1487 2277 1553 δόξαν.
2297 1489 2394 1542 καὶ
2413 1489 2585 1559 ψόγον
2601 1492 2980 1563 καταφέρουσι
3003 1495 3260 1564 πονηρὸν,
3282 1492 3435 1566 [490]
3453 1494 3548 1546 τοῦ

1925 1578 2135 1650 πατρὸς
2166 1581 2228 1632 τὸ
2257 1581 2485 1652 φίλτρον
2526 1582 2705 1654 ταύτῃ
2741 1585 3050 1638 καταλῦσαι
3083 1585 3424 1657 βουλόμενοι,
3454 1586 3549 1640 καὶ

1927 1671 2067 1742 πρὸς
2104 1673 2400 1744 ἐπιϐουλὴν
2429 1676 2763 1747 εὐχείρωτον
2793 1676 3000 1731 λαϐεῖν.
3036 1675 3173 1732 Εἶτα
3205 1678 3344 1750 μετὰ
3371 1677 3548 1731 ταῦτα

1923 1760 2184 1823 λαϐόντες
2213 1765 2376 1818 αὐτὸν
2405 1765 2511 1830 ἔξω
2535 1767 2648 1819 τῶν
2679 1768 2967 1838 πατρικῶν
2993 1769 3313 1841 ὀφθαλμῶν,
3335 1771 3428 1822 καὶ
3459 1769 3547 1820 ἐπ’

1923 1855 2164 1924 ἐρημίας
2202 1857 2458 1927 εὑρόντες
2503 1859 2689 1922 αὐτοῖς
2733 1861 3037 1930 κομίζοντα
3074 1863 3310 1934 τροφὴν,
3349 1864 3444 1917 καὶ
3467 1865 3548 1925 εἰς

1930 1946 2225 2015 ἐπίσκεψιν
2264 1947 2447 2002 αὐτῶν
2481 1951 2812 2021 ἀφιγμένον,
2847 1953 2909 2005 οὐ
2953 1953 3053 2024 τὴν
3089 1955 3275 2007 αἰτίαν
3302 1954 3403 2018 τῆς
3432 1955 3542 2024 ἀφν-

1925 2037 2082 2103 ίξεως
2102 2039 2412 2111 ᾐδέσθησαν
2445 2053 2493 2101 ο,
2517 2043 2580 2095 οὐ
2612 2044 2713 2115 τὴν
2747 2045 3032 2116 τράπεζαν
3064 2047 3415 2119 ᾐσχύνθησαν
3445 2046 3547 2119 τὴν

1923 2129 2248 2200 ἀδελφικὴν,
2287 2131 2425 2184 ἀλλά
2455 2132 2527 2186 τά
2551 2132 2684 2205 ξίφη
2718 2135 2975 2204 ὴκόνουν,
3013 2138 3106 2190 καὶ
3150 2139 3289 2209 πρὸς
3328 2139 3545 2209 σφαγὴν

1922 2221 2340 2293 ηὐτρεπίζοντο,
2379 2225 2477 2277 καὶ
2524 2226 2909 2296 άδελφοκτόνοι
2945 2230 3151 2295 πάντες
3191 2231 3455 2299 ἐγίνοντο,
3481 2233 3545 2287 οὑ

1925 2314 2145 2384 μικρὸν,
2175 2314 2237 2366 06
2286 2315 2430 2385 μέγα
2461 2319 2724 2386 ἐγκαλεῖν
2749 2320 2967 2391 ἔχοντες
2990 2322 3069 2393 τῷ
3111 2323 3361 2393 μέλλοντι
3383 2327 3544 2378 ἀναι-

1925 2406 2141 2476 ρεῖσθαι
2171 2411 2306 2478 παρ’
2335 2410 2518 2463 αὐτῶν
2540 2427 2553 2441 ·
2593 2411 2712 2464 ἀλλ’
2741 2413 2883 2484 ὑπὲρ
2912 2407 2988 2466 ὧν
3025 2415 3192 2468 αὐτὸν
3239 2417 3555 2486 στεφανοῦ-“

1924 2494 2050 2548 σθαι
2079 2496 2176 2548 καὶ
2197 2497 2679 2570 ἀνακηρύττεσθαι
2701 2500 2832 2568 ἔδει,
2857 2502 3208 2570 φθονοῦντες,
3235 2505 3544 2576 πολεμοῦν-

1921 2604 2035 2652 τες,
2066 2587 2475 2656 διαϐάλλοντες.
2521 2591 2664 2644 Ἀλλ’
2691 2594 2901 2657 ἐκεῖνος
2922 2595 3043 2648 οὐδὲ
3071 2597 3248 2661 οὕτως
3267 2599 3543 2669 ἀπεστρέ-

1924 2696 2057 2747 φετο
2085 2681 2267 2734 αὐτῶν
2297 2683 2396 2754 τὴν
2439 2686 2753 2750 συνουσίαν,
2785 2687 2922 2740 ἀλλά
2951 2691 3045 2742 καὶ
3073 2691 3132 2742 ἐν
3174 2690 3418 2764 τοσαύτῃ
3443 2709 3544 2743 πο·-

1923 2772 2092 2843 νηρίᾳ
2115 2774 2215 2844 τὴν
2246 2775 2546 2848 ἀδελφικὴν
2575 2779 2931 2833 ἐπεδείκνυτο
2970 2782 3216 2836 διάθεσιν
3237 2799 3248 2811 °
3283 2786 3332 2835 οἱ
3360 2784 3414 2837 δὲ
3447 2785 3542 2838 καὶ

1921 2862 2099 2927 οὕτως
2143 2865 2310 2918 αὑτὸν
2347 2867 2560 2920 ἀνελεῖν
2590 2870 2950 2942 ἐπεχείρουν’
2988 2872 3083 2925 καὶ
3111 2873 3343 2940 ἀνεῖλον,
3379 2876 3439 2927 τό
3477 2893 3541 2944 γε

1923 2957 2108 3010 αὐτῶν
2133 2959 2319 3030 μέρος,
2351 2961 2574 3028 καὶτὰς
2609 2962 2790 3029 δεξιὰς
2815 2965 3056 3035 ᾕμαξαν,
3099 2968 3195 3020 καὶ
3230 2967 3330 3038 τὴν
3371 2968 3543 3022 ἀδελ-

1924 3052 2216 3120 φοκτονίαν
2247 3055 2582 3125 ἀπήρτισαν.
2622 3056 2767 3109 Ἀλλ’
2793 3060 2825 3126 ἠ
2858 3058 3193 3129 εὐμήχανος,
3229 3063 3324 3114 καὶ
3346 3063 3406 3114 ἐν
3427 3065 3542 3124 τοῖς

1923 3145 2151 3214 ἀπόροις
2197 3146 2432 3218 εὐπορος
2477 3147 2572 3200 τοῦ
2623 3147 2761 3202 Θεοῦ
2805 3149 2989 3219 σοφία,
3033 3152 3130 3204 καὶ
3172 3155 3230 3206 ἐν
3274 3154 3424 3224 αὐτῷ
3466 3154 3543 3225 τῷ

1925 3235 2208 3309 βαράθρῳ,
2239 3241 2336 3292 καὶ
2361 3241 2420 3292 ἐν
2450 3241 2588 3312 αὑτῇ
2618 3241 2713 3294 τοῦ
2757 3241 2995 3295 θανάτου
3021 3247 3087 3316 τῇ
3132 3246 3424 3319 ἐπαγωγῇ,
3477 3251 3541 3302 ἐκ

1920 3328 2032 3382 τῶν
2081 3330 2295 3402 μιαρῶν
2351 3331 2534 3385 αὐτῶν
2582 3335 2792 3386 ἐκεῖνον
2839 3333 3120 3406 ἐξήρπασε
3146 3338 3370 3409 χειρῶν.
3417 3341 3545 3393 Συν-

1921 3420 2213 3474 εϐούλευσε
2238 3423 2340 3494 μὲν
2364 3422 2474 3494 γάρ
2499 3423 2610 3478 τῶν
2645 3424 2895 3493 ἀδελφῶν
2930 3423 3032 3491 εἷς,
3062 3428 3201 3482 ὥστε
3234 3432 3542 3504 ἀποστῆναι

1921 3514 2019 3584 τῆς
2065 3516 2384 3584 μιαιφονίας
2417 3517 2670 3586 ἐκείνης·
2717 3516 2906 3571 ἔπεισε
2949 3519 3005 3572 δὲ
3032 3522 3060 3573 6
3104 3521 3260 3588 Θεὸς,
3304 3525 3400 3578 καὶ
3442 3525 3547 3594 τὴν

1925 3607 2142 3680 σφαγὴν
2173 3607 2524 3662 διεκώλυσεν.
2567 3612 2644 3664 Οὐ
2679 3611 2786 3682 μὴν
2825 3613 2948 3666 οὐδέ
2981 3614 3220 3670 ἐνταῦθα
3263 3617 3451 3672 ἵστατο
3475 3620 3545 3672 τά

1923 3700 2092 3767 δεινὰ,
2125 3700 2263 3754 ἀλλά
2311 3701 2625 3773 περαιτέρω
2670 3706 2870 3777 προῄει
2914 3707 3098 3761 πάλιν.
3162 3709 3384 3782 Ἐπειδὴ
3433 3713 3549 3783 γὰρ

1923 3792 2088 3845 αὑτὸν
2119 3793 2477 3865 ἐκωλύθησαν
2522 3796 2756 3858 ἀνελεῖν,
2795 3799 2913 3863 ἔζεε
2953 3799 3011 3854 δέ
3046 3803 3075 3854 ὁ
3106 3800 3278 3873 Θυμὸς
3308 3803 3411 3869 ἔτι,
3450 3809 3546 3860 καὶ

1925 3883 1993 3936 τὰ
2038 3883 2141 3952 τῆς
2175 3884 2350 3955 ὀργῆς
2398 3885 2638 3956 ἤκμαζε,
2681 3890 2776 3940 καὶ
2821 3888 2958 3941 πολῦ
3005 3890 3066 3942 τὸ
3113 3891 3409 3946 κλυδώνιον
3445 3895 3546 3950 τοῦ

1923 3975 2135 4039 πάθους
2161 3972 2252 4048 ἦν,
2297 3979 2377 4040 εἰς
2408 3978 2596 4051 ἔτερόν
2625 3997 2679 4032 τι
2702 3979 2803 4050 τὴν
2832 3982 3005 4054 ὀργὴν
3035 3982 3283 4054 ἀφῆκαν.
3323 3987 3545 4039 ’Λποδύ-

1927 4089 2119 4136 σαντες
2143 4071 2254 4144 γὰρ
2275 4073 2372 4126 καὶ
2396 4073 2662 4144 δήσαντες
2687 4075 2874 4142 αὑτὸν,
2900 4076 2995 4128 καὶ
3026 4077 3107 4140 εἰς
3127 4077 3331 4130 λάκκον
3353 4079 3546 4148 ῥίψαν-

1923 4179 2015 4224 τες
2041 4162 2090 4215 οί
2120 4161 2265 4231 ὠμοὶ
2295 4164 2392 4215 καὶ
2417 4163 2783 4234 ἀπάνθρωποι
2816 4167 2910 4218 καὶ
2932 4165 3244 4240 θηριώδεις,
3277 4169 3422 4223 οὕτω
3441 4171 3544 4241 τῆς

1925 4254 2055 4326 παρ’
2094 4253 2263 4308 αὐτοῦ
2301 4255 2666 4326 κομισθείσης
2704 4258 2992 4331 τραπέζης
3030 4260 3351 4332 ἀπήλαυονο
3389 4265 3484 4317 καὶ
3517 4267 3545 4316 ὀ

1927 4347 2029 4417 μὲν
2067 4342 2136 4418 ἦν
2177 4349 2237 4400 ἐν
2264 4346 2456 4417 λάκκῳ
2490 4351 2622 4420 περὶ
2654 4349 2765 4403 τῶν
2804 4351 3054 4422 ἐσχάτων
3084 4353 3365 4420 δεδοικὼς,
3407 4357 3456 4408 οἱ
3486 4357 3544 4409 δέ

1925 4439 2180 4512 ἐτρύφων
2219 4442 2317 4494 καὶ
2353 4439 2608 4512 ἐμέθυον.

1998 4556 2112 4609 Καὶ
2139 4556 2262 4610 οὐδέ
2292 4557 2531 4610 ἐνταῦθα
2559 4559 2780 4612 ἵσταντο
2807 4561 2908 4629 τῆς
2941 4563 3163 4631 μανίας,
3195 4563 3310 4617 ἀλλ’
3343 4563 3546 4627 ίδόντες

1923 4648 2250 4720 ἀνθρώπους
2299 4649 2616 4722 βαρϐάρους
2656 4653 2750 4704 καὶ
2803 4655 2997 4726 πόρρω
3050 4657 3154 4726 τῆς
3208 4657 3391 4712 αὐτῶν
3439 4661 3549 4713 ἀπ·

1925 4742 2272 4811 ῳκισμένους
2303 4741 2489 4812 χώρας
2535 4746 2616 4806 εἰς
2645 4744 2744 4814 τὴν
2793 4747 3072 4814 Αἴγυπτον
3107 4752 3416 4816 κατιόντας,
3452 4753 3546 4806 λα-

1927 4833 2115 4896 ϐόντες
2168 4834 2434 4887 ἀπέδοντο
2487 4836 2580 4889 τὸν
2615 4837 2866 4906 ἀδελφὸν,
2921 4839 3114 4910 ἕτερον
3165 4843 3397 4898 θάνατον
3455 4849 3544 4898 ἐν·

1930 4923 2119 4976 τεῦθεν
2151 4923 2303 4994 αὐτῷ
2336 4927 2868 4992 κατασκευάζοντες,
2919 4932 3266 5004 μακρότερόν
3295 4952 3417 4987 τινα
3451 4948 3547 4988 και

1926 5017 2316 5087 χαλεπώτερον
2347 5020 2442 5071 καὶ
2474 5020 2679 5091 πολλῆς
2713 5021 2962 5092 γέμοντα
2987 5024 3390 5098 ταλαιπωρίας.
3419 5030 3547 5081 Μει-

1931 5109 2121 5179 ράκιον
2166 5109 2278 5180 γάρ
2330 5111 2428 5176 ῶν,
2487 5115 2583 5167 καὶ
2633 5115 2925 5186 μειράκιον
2980 5118 3203 5189 κομιδῆ,
3255 5122 3351 5172 καὶ
3407 5121 3546 5191 μετά

1929 5201 2132 5273 πολλῆς
2165 5204 2264 5274 τῆς
2299 5204 2620 5277 ἐλευθερίας
2647 5211 2705 5262 ἐν
2735 5210 2886 5282 οἰκίᾳ
2913 5211 3147 5284 πατρῴᾳ
3169 5215 3422 5283 τραφεὶς,
3457 5215 3547 5267 καὶ

1925 5295 2176 5359 δουλείας
2211 5299 2433 5370 ἀπάσης
2464 5302 2697 5373 ἄμοιρος
2729 5302 2807 5358 ὢν
2847 5307 2944 5358 καὶ
2982 5308 3082 5376 τῆς
3109 5309 3166 5359 ἐν
3199 5308 3416 5379 δουλεία
3450 5328 3544 5362 ται

1928 5389 2261 5460 λαιπωρίας,
2301 5393 2560 5462 ἐννόησον
2588 5397 2642 5448 τί
2674 5413 2806 5449 ποτε
2838 5397 3102 5467 ἔπασχεν,
3133 5400 3332 5470 ἀθρόον
3361 5401 3546 5466 δοῦλος

1929 5484 2043 5536 ἀντ’
2070 5483 2388 5556 ἐλευθέρου,
2413 5487 2509 5540 καὶ
2529 5487 2680 5555 ξένος
2707 5490 2830 5543 ἀντὶ
2865 5491 3085 5544 πολίτου
3108 5492 3425 5562 γενόμενος,
3455 5495 3550 5547 καὶ

1927 5577 2030 5648 τὴν
2065 5579 2305 5650 ἐσχάτην
2339 5583 2724 5652 αἰχμαλωσίαν
2767 5586 3095 5656 ὑπομένωνο
3142 5588 3264 5657 οὐχὶ
3301 5588 3550 5641 δουλείαν

1933 5672 2116 5742 μόνον,
2149 5672 2287 5727 ἀλλά
2332 5675 2427 5728 καὶ
2469 5677 2681 5748 πατρὸς
2721 5679 2818 5731 καὶ
2867 5679 3078 5751 μητρὸς
3117 5681 3210 5732 καὶ
3247 5681 3356 5734 τῶν
3396 5682 3549 5751 αὐτῷ

1930 5765 2325 5834 προσηκόντων
2404 5769 2663 5824 ἁπάντων
2737 5771 3256 5843 ἀπορρηγνύμενος,
3317 5777 3545 5844 γυμνὸς,

1997 5879 2020 5908 ε
2048 5877 2147 5928 Alii
2173 5882 2260 5938 τὴν
2286 5883 2440 5932 αἰτίαν
2458 5885 2548 5935 τοῦ
2569 5886 2788 5946 πυλμοῦ
2809 5888 3099 5947 ᾐδέσθησαν.

3153 5985 3196 6051 8
