4050 6436
539 385 644 444 505

539 501 709 567 ξένος,
756 499 957 563 ἀοικος,
1000 497 1236 562 ἀπολις,’
1261 497 1412 568 νόμῳ
1456 496 1698 559 δουλείας
1754 495 2116 565 βαρϐαρικαῖς

539 593 724 663 χερσῖν
745 590 1105 661 ἐκδεδομένος.
1129 589 1194 642 Τί
1220 589 1328 661 γάρ
1348 590 1450 642 οὐκ
1475 584 1542 659 ἦν
1570 587 1731 643 αὑτὸν
1753 587 1934 639 ἱκανὸν
1963 585 2122 657 θορυ-

538 684 735 754 ϐῆσαι;
761 683 820 737 τὸ
847 682 1060 754 ἀθρόον,
1092 681 1154 735 τὸ
1191 681 1614 753 ἀπροσδόκητον,
1661 680 1722 733 τὸ
1770 680 1902 750 παρ’
1933 680 2121 733 ἐλπίδα

538 773 633 828 καὶ
667 772 1022 844 ἀμελέτητον,
1048 772 1110 826 τὸ
1144 772 1380 844 χαλεπὸν
1405 771 1506 840 τῆς
1552 771 1858 842 συμφορᾶς,
1891 770 1952 823 τὸ
1987 772 2120 842 παρ’

537 863 803 932 ἀδελφῶν,
832 865 928 917 καὶ
959 863 1204 934 ἀδελφῶν
1237 864 1637 934 ἀγαπωμένων.
1671 863 1745 933 μή
1789 862 2005 934 μικρὸν,
2043 863 2118 934 μὴ

541 954 684 1025 μέγα
700 956 944 1019 ἐκείνους
961 956 1279 1027 ἠδικηκότα,
1298 955 1496 1026 μᾶλλον
1513 956 1568 1008 δέ
1586 957 1679 1010 καὶ
1695 955 2116 1027 εὐεργετηκότα,

536 1046 710 1101 ταῦτα
726 1048 918 1102 παθεῖν
937 1065 952 1114 ;
971 1048 1108 1101 Ἀλλ’
1125 1049 1273 1119 ὅμως
1292 1047 1467 1101 οὐδενί
1485 1049 1692 1100 τούτων
1711 1047 2116 1118 διεταράττετο,

537 1137 652 1207 ἀλλ’
679 1139 921 1209 ἀπήγετο
947 1138 1034 1192 διὰ
1059 1138 1167 1192 τῶν
1188 1139 1446 1210 ἐμπόρων
1469 1138 1696 1192 ἐκείνων
1719 1141 1798 1202 εἰς
1820 1138 2115 1206 Αἴγυπτον,

536 1231 779 1284 δουλείαν
801 1234 864 1284 ἐκ
889 1231 1130 1294 δουλείας
1150 1230 1413 1305 ἀμείϐων.
1444 1231 1554 1284 Kal
1571 1231 1679 1301 γὰρ
1704 1232 1800 1283 καὶ
1819 1231 1936 1284 ἐκεῖ
1954 1228 2117 1282 πάλιν

537 1321 687 1395 [591]
715 1325 922 1392 ἐγίνετο
953 1324 1157 1387 δοῦλος,
1199 1324 1295 1377 καὶ⁵
1333 1322 1466 1394 ᾡκει
1506 1322 1849 1395 βαρϐαρικὴν
1883 1323 2058 1376 οἰκίαν
2090 1323 2119 1376 ό

546 1416 816 1486 Ἑϐραῖος,
829 1420 857 1470 ὁ
876 1416 1103 1487 εὐγενὴς
1118 1419 1146 1469 ό
1159 1417 1353 1489 διπλῆν
1370 1417 1678 1490 ἐλευθερίαν
1697 1416 1998 1486 ἐλεύθερος,
2023 1416 2118 1469 καὶ

535 1507 633 1579 τὴν
656 1507 746 1561 τοῦ
777 1511 1047 1579 σώματος,
1075 1510 1169 1563 καὶ
1193 1509 1293 1581 τὴν
1317 1511 1418 1580 τῆς
1438 1509 1639 1580 ψυχῆς
1671 1509 1765 1562 καί
1788 1508 1906 1561 ούδέ
1931 1505 2118 1560 ἐντεῦ-

533 1601 625 1654 θεν
657 1600 1001 1671 ἐταράττετο,
1035 1601 1155 1655 οὑδέ
1187 1601 1602 1665 ἐσκανδαλίζετο
1628 1604 1764 1673 πρὸς
1793 1602 1861 1655 τὰ
1886 1619 2119 1673 γεγενη-

539 1691 692 1761 μένα,
722 1693 832 1744 τῶν
863 1691 1038 1761 όψεων
1070 1692 1626 1765 ἀναμιμνησκόμενος
1664 1693 1772 1751 τῶν
1798 1695 1865 1747 τὰ
1899 1695 2118 1748 ἐναντία

533 1781 1041 1852 ἐπαγγελλομένων*
1062 1783 1182 1834 ούδέ
1211 1783 1646 1855 περιειργάζετο,
1660 1783 1713 1836 τί
1731 1784 1930 1855 δήποτε
1947 1783 2119 1837 ταῦτα

534 1874 778 1940 γίνεται;
815 1874 923 1927 Καὶ
945 1875 995 1926 οἰ
1025 1875 1120 1944 μέν
1143 1874 1520 1944 ἀδελφοκτόνοι
1541 1877 1635 1929 καί
1661 1875 1812 1932 λύκοι
1839 1877 1929 1930 καὶ
1953 1876 2120 1949 θῆρες

536 1966 712 2019 καίτοι
729 1964 898 2019 ταῦτα
919 1966 1261 2038 ἠδικηκότες,
1285 1968 1375 2021 ἐπὶ
1395 1968 1495 2037 τῆς
1513 1969 1773 2040 πατρῴας
1793 1968 1971 2033 οἰκίας
1991 1986 2120 2040 τρυ-

525 2058 736 2126 φῶσιν·
769 2059 935 2123 αὐτὸς
981 2058 1038 2112 δέ
1088 2061 1116 2112 ό
1161 2062 1554 2132 προσδοκηθεὶς
1581 2061 1759 2116 αὐτῶν
1791 2063 2116 2134 βασιλεύειν,

533 2151 897 2222 αἰχμάλωτος,
932 2153 1118 2216 δοῦλος
1145 2196 1158 2218 ,
1208 2156 1287 2218 εἰς
1336 2155 1625 2226 ἀλλοτρίαν
1671 2155 2116 2228 ἀπεμποληθεὶς,

531 2243 630 2314 τήν
660 2245 892 2315 ἐσχάτην
921 2243 1186 2316 ὑπομένει
1219 2243 1616 2318 ταλαιπωρίαν,
1653 2248 1712 2300 ού
1748 2248 1908 2321 μόνον
1938 2247 2118 2300 αὐτῶν

533 2336 595 2389 οὐ
629 2334 971 2405 βασιλεύσας,
1016 2337 1151 2391 ἀλλά
1204 2337 1299 2391 καὶ
1350 2337 1533 2403 δοῦλος
1568 2340 1748 2393 αὐτῶν
1792 2340 2115 2410 γενόμενος,

527 2430 628 2487 καὶ
656 2431 720 2482 ἐκ
744 2427 942 2482 πολλοῦ
973 2426 1067 2480 τοῦ
1106 2428 1399 2500 διαμέτρου
1438 2430 1695 2484 τάναντία
1726 2434 1846 2496 ταῖς
1882 2433 2118 2504 ὑποσχέ-

536 2518 653 2570 σεᾶι
679 2516 886 2572 παθών.
914 2517 988 2572 Οὐ
1004 2517 1110 2589 γὰρ
1131 2518 1194 2589 δὴ
1224 2519 1384 2588 μόνον
1421 2517 1696 2588 βασιλείας
1723 2521 1848 2574 τότε
1867 2522 1968 2576 οὐκ
1994 2522 2120 2576 ἐπέ-

537 2627 722 2681 τυχεν,
789 2609 924 2662 ἀλλά
969 2609 1063 2662 καὶ
1115 2609 1375 2680 πατρίδος
1404 2611 1500 2665 καὶ
1527 2609 1862 2682 ἐλευθερίας,
1898 2614 1990 2666 καί
2021 2616 2120 2685 τῆς

532 2703 641 2754 τῶν
663 2701 864 2770 γονέων
897 2700 1152 2766 ἐξέπεσεν
1186 2701 1382 2771 ὅψεως.
1407 2703 1517 2757 Kal
1544 2703 1666 2757 ούδέ
1705 2705 1938 2760 ἐνταῦθα
1971 2706 2120 2778 αύτῷ

532 2791 602 2845 τά
631 2792 738 2846 τῶν
771 2791 998 2861 ἀγώνων
1029 2793 1215 2846 ἵστατο
1241 2831 1256 2858 ,
1313 2791 1429 2847 ἀλλ’
1469 2793 1656 2866 ἕτερον
1693 2793 1986 2868 βαθύτερον
2025 2798 2120 2851 ἀν-

521 2884 808 2954 νωρύττετο
833 2883 1124 2956 βάραθρον,
1160 2883 1389 2940 θάνατον
1418 2885 1580 2940 πάλιν
1597 2886 1738 2958 ἔχον,
1756 2890 1852 2941 καὶ
1875 2890 2114 2960 σφαγὴν,

537 2977 767 3031 θάνατον
790 2976 1155 3030 ἐπονείδιστον
1178 2977 1275 3030 καί
1298 2972 1513 3049 σφαγὴν
1530 2979 1794 3051 αἰσχύνης
1816 2981 2115 3051 γέμουσαν.

548 3067 753 3120 Ἰδοῦσα
779 3066 889 3138 γὰρ
918 3066 1082 3121 αὑτὸν
1113 3067 1318 3131 ἀδίκοις
1353 3068 1655 3140 ὀφθαλμοῖς
1691 3072 1724 3142 ἡ
1764 3063 2080 3144 κεκτημένη
2103 3113 2118 3138 ,

524 3160 630 3214 ’καὶ
663 3158 862 3212 ἁλοῦσα
903 3158 982 3229 τῷ
1021 3159 1206 3213 κάλλει
1239 3159 1331 3213 τοῦ
1357 3161 1666 3230 νεανίσκου,
1702 3162 1808 3216 ὑπὸ
1852 3164 1952 3233 τῆς
1981 3164 2122 3236 λαμ-

537 3251 682 3321 πρᾶς
711 3249 874 3304 αὑτοῦ
911 3249 1233 3321 χειρωθεῑσα
1261 3250 1459 3321 ὅψεως,
1487 3253 1582 3306 καὶ
1598 3255 1736 3325 αὒτή
1759 3255 1921 3309 πάλιν
1937 3256 2123 3320 δόλους

534 3341 776 3413 ἐρῤαπτε
803 3341 1232 3412 καὶέπιϐουλάς.
1259 3345 1370 3398 Kal
1389 3345 1459 3400 τὰ
1483 3345 1677 3400 δίκτυα
1697 3347 1797 3418 τῆς
1820 3349 2120 3416 ἀκολασίας

535 3435 802 3489 πάντοθεν
854 3434 1152 3490 ἀπλώσασα
1176 3475 1191 3499 ,
1238 3436 1360 3489 καθ’
1413 3436 1650 3508 ἑκάστην
1683 3441 1970 3494 ἐσκοπεῖτο
2023 3443 2123 3514 τὴν

528 3529 752 3600 ἡμέραν
784 3527 917 3582 είσω
942 3529 1043 3599 τῆς
1067 3529 1274 3590 οἰκείας
1318 3532 1560 3602 σαγήνης
1593 3531 1685 3584 τὸν
1717 3534 2001 3588 νεανίσκον
2025 3535 2120 3588 λα-

524 3620 671 3686 ’·ϐεἰν,
705 3620 797 3672 καὶ
827 3621 908 3684 είς
931 3620 992 3672 τὸ
1023 3620 1124 3690 τῆς
1151 3621 1399 3693 μοιχείας
1426 3622 1684 3692 ἐμϐαλεῖν
1710 3623 2002 3697 βάραθρον,
2027 3627 2125 3681 καὶ

438 3716 440 3718 ’
528 3714 752 3784 θανάτῳ
775 3713 1111 3784 παραδοῦναι
1133 3714 1407 3787 ἀθανάτῳ.
1439 3717 1549 3772 Kal
1573 3717 1694 3772 καθ’
1721 3719 1961 3791 ἑκάστην
1983 3719 2121 3790 ήμέ-

535 3823 638 3876 ραν
669 3806 761 3858 ἐπὶ
790 3804 890 3877 τήν
941 3807 1118 3877 ἄγραν
1152 3806 1302 3879 ἐξῄει
1331 3807 1570 3880 ταύτην,
1621 3810 1727 3865 ὑπὸ
1772 3811 1864 3865 τοῦ
1917 3812 2124 3876 πάθους

533 3897 894 3968 κεντουμένη,
941 3899 1034 3953 καί
1074 3899 1178 3953 ὑπὸ
1224 3899 1320 3954 τοῦ
1360 3902 1662 3955 ἀκολάστου
1696 3902 1888 3955 τούτου
1921 3903 2124 3973 ἔρωτος

537 3988 660 4042 καθ’
687 3990 926 4060 ἐκάστην
951 3990 1284 4062 ὁπλιζομένη
1323 3993 1423 4063 τήν
1450 3993 1681 4064 ἡμέραν·
1719 3995 1813 4046 καί
1849 4013 1978 4048 ποτε
2002 3997 2125 4048 ἐπι-

538 4082 811 4155 λαϐομένη
864 4083 1048 4154 μόνον,
1098 4084 1190 4139 ἐπὶ
1240 4086 1342 4155 τήν
1373 4085 1557 4138 ἄδικον
1599 4085 1764 4139 αὑτὸν
1809 4085 1948 4157 πρὸς
2002 4086 2127 4156 βίαν

538 4172 719 4230 εἷλκεν
744 4176 924 4249 εὐνὴν,
956 4177 1159 4230 καὶτὸν
1181 4175 1463 4250 ἀλλότριον
1491 4177 1732 4248 διορύξαι
1756 4180 1932 4248 γάμον
1955 4180 2128 4249 ἠνάγ-

539 4269 708 4334 καζε,
758 4271 852 4333 καί
891 4269 991 4340 τὴν
1035 4268 1390 4340 σωφροσύνην
1437 4268 1780 4340 λυμήνασθαι
1824 4271 2121 4343 ἐπεχείρει.

551 4361 690 4414 Ἀλλ’
718 4362 867 4431 ὅμως
889 4361 1009 4414 οὐδέ
1035 4359 1284 4413 ἐντεῦθεν
1311 4360 1480 4414 ἔπαθέ
1511 4377 1563 4413 τι
1601 4361 1837 4431 χαλεπὸν
1865 4363 1893 4413 6
1917 4361 2126 4426 δίκαιος

539 4454 764 4515 ἐκεῖνος·
793 4450 930 4506 ἀλλὰ
951 4450 1046 4504 καὶ
1068 4451 1364 4522 ἐπιθυμίας
1394 4451 1704 4523 τυραννίδα,
1738 4451 1833 4505 καί
1859 4451 1986 4516 νέας
2010 4453 2127 4523 ἡλι-

540 4547 663 4608 κίας
691 4544 974 4615 θορύϐους,
1022 4544 1117 4597 καὶ
1147 4544 1448 4598 ἀκολάστου
1497 4543 1755 4612 γυναικὸς
1799 4545 2124 4616 ἐπιϐουλὴν,

542 4637 636 4690 καὶ
687 4637 972 4705 δεσποίνης
1004 4634 1254 4703 ἐφόδους,
1303 4636 1397 4688 καὶ
1443 4634 1698 4705 νεότητος
1727 4637 1994 4708 ταραχὴν,
2035 4637 2128 4689 καί

543 4730 724 4784 πάντα
756 4728 856 4781 ὅσα
889 4728 1037 4790 είκδς
1068 4729 1132 4780 ἐκ
1164 4729 1260 4797 τῆς
1295 4728 1438 4796 ἀφῆς
1473 4727 1689 4797 ἐκείνης
1721 4729 1996 4797 γενέσθαι,
2034 4729 2128 4780 καὶ

539 4819 640 4888 τῆς
673 4817 868 4887 ὅψεως,
905 4815 1000 4869 καὶ
1034 4816 1136 4885 τῆς
1167 4817 1385 4886 μανίας,
1422 4815 1563 4886 μετά
1599 4817 1799 4889 πολλῆς
1841 4821 1942 4889 τῆς
1969 4820 2127 4872 εὐκο-

539 4911 658 4973 λίας
709 4908 987 4979 ὑπερϐὰς,
1026 4907 1216 4978 ὥσπερ
1263 4925 1346 4970 τις
1390 4908 1552 4971 ἀετὸς
1599 4907 1802 4978 ὑψηλὸν
1850 4909 2029 4972 τείνας
2067 4910 2127 4963 τὸ

542 5001 764 5071 πτερὸν,
799 5001 892 5053 καὶ
918 4999 1056 5053 αὐτὰ
1088 5000 1498 5070 ἀποδυσάμενος
1525 5000 1594 5053 τά
1621 5001 1810 5070 ἱμάτια
1837 5002 1931 5053 καὶ
1963 5019 2130 5055 κατα-

544 5092 717 5145 λιπὼν
745 5095 863 5156 ταῖς
899 5093 1217 5157 ἀκολάστοις
1246 5094 1456 5166 χερσὶν,
1488 5093 1712 5164 ἐξῆλθεν
1755 5094 1985 5166 ἱματίων
2026 5095 2126 5165 μὲν

546 5183 772 5255 γυμνὸς,
799 5182 1059 5255 λαμπρὰν
1081 5183 1138 5236 δέ
1168 5187 1269 5255 τῆς
1291 5184 1645 5256 σωφροσύνης
1672 5184 1812 5254 ἔχων
1844 5184 1943 5256 τὴν
1968 5203 2128 5256 περι-

543 5275 728 5347 ϐολὴν,
765 5276 860 5329 καὶ
902 5276 1002 5345 τῆς
1058 5275 1371 5346 ἀλουργίδος
1417 5276 1590 5344 αὐτῆς
1636 5277 2123 5346 περιφανεστὲραν.

557 5368 840 5423 Ἐντεῦθεν
868 5367 1018 5438 αὐτῷ
1059 5367 1211 5436 ξίφος
1254 5367 1485 5434 ἠκονᾶτο
1521 5368 1716 5434 πάλιν,
1764 5370 1858 5422 καὶ
1899 5369 2129 5434 θάνατός

547 5462 860 5534 ἐμλετᾶτο,
894 5464 986 5515 καὶ
1025 5461 1094 5514 τὰ
1123 5459 1344 5532 κύματα
1381 5459 1472 5512 ἐπὶ
1508 5461 1568 5512 τὸ
1609 5461 1791 5531 μεῖζον
1816 5463 1998 5533 ᾔρετο,
2033 5465 2127 5516 καί

546 5557 579 5625 ή
619 5554 785 5624 μανία
803 5553 902 5624 τῆς
930 5553 1186 5620 γυναικὸς
1215 5552 1314 5622 τῆς
1348 5550 1694 5614 Βαϐυλωνίας
1738 5555 1970 5623 καμίνου
2005 5572 2128 5624 σφο-

545 5645 799 5716 δρότερον
846 5645 1136 5713 ἀνήπτετο.
1171 5645 1246 5697 Ἦ
1272 5662 1334 5700 τε
1369 5643 1479 5714 γάρ
1523 5643 1786 5715 ἐπιθυμία
1815 5647 2000 5713 λοιπὸν
2037 5650 2129 5703 ἐπὶ

554 5733 738 5803 μεῖζον
769 5734 1040 5805 ἠγείρετο,
1083 5734 1111 5787 ὃ
1143 5749 1202 5787 τε
1249 5731 1456 5804 θυμδς,
1509 5733 1694 5803 ἕτερον
1748 5734 2132 5805 χαλεπώτατον

552 5826 742 5895 πάθος,
773 5827 916 5909 μετά
942 5828 1140 5901 πολλῆς
1171 5828 1526 5901 προσετίθετο
1546 5827 1646 5896 τῆς
1676 5830 2016 5904 ἀγριότητος,
2041 5836 2135 5890 καὶ

1230 375 1294 435 ’8.
1331 377 1618 436 JOANMS
1656 372 2145 433 CHRYSUSTOMI
2182 373 2503 430 ARCHIEP.
2546 367 3094 430 CONSTANTINOP.

3713 370 3824 428 εστ

2232 494 2390 562 φόνον
2411 492 2608 546 ἐϐλεπε
2635 493 2730 545 καὶ
2757 493 2850 545 ἐπὶ
2876 491 3029 561 ξίφος
3063 490 3274 561 ἔτρεχε,
3327 491 3424 544 καὶ
3452 489 3677 558 σφαγῆς
3708 490 3824 560 ήρα

2225 587 2698 657 παρανομωτάτης
2719 625 2733 648 ,
2769 586 2863 638 καὶ
2901 585 2993 638 τὸν
3029 585 3130 656 τὴς
3160 585 3518 656 σωφροσύνης
3546 583 3822 653 ἀθλητὴν,

2225 681 2318 733 καὶ
2355 679 2445 733 τὸν
2473 679 2574 750 τῆς
2603 679 2902 749 καρτερίας
2934 678 3031 731 καὶ
3054 677 3332 748 ὑπομονῆς
3385 677 3703 747 ἀγωνιστὴν
3727 677 3826 728 ἀν-

2224 771 2364 824 ελεῖν
2395 769 2780 825 ἔσπευδε.’Καί
2811 770 3190 842 εἰσπηδήσασα
3218 768 3356 838 πρὸς
3384 768 3477 821 τὸν
3510 769 3687 839 ἀνδρα
3725 769 3824 822 τὸν

2225 861 2446 931 ἑαυτῆς,
2482 860 2865 928 ἀπαγγείλασα
2891 860 2960 914 τά
2993 860 3357 929 γεγενημένα,
3392 858 3492 928 οὐχ
3530 859 3610 918 ὡς
3640 859 3678 927 ἡ
3725 856 3822 910 τοῦ

2224 955 2548 1026 πράγματος
2593 949 2741 1024 εἶχεν
2783 951 3033 1024 ἀλήθεια,
3080 950 3192 1005 ἀλλ’
3241 951 3316 1014 ὼς
3357 950 3495 1020 αὐτὴ
3533 949 3598 1003 τὸ
3631 948 3824 1021 δρᾶμα

2225 1045 2375 1117 [492]
2395 1044 2494 1116 τῆς
2530 1045 2896 1114 συκοφαντίας
2937 1044 3369 1108 κατεσκεύασεν,
3405 1043 3626 1096 ἔπεισεν
3672 1042 3824 1112 ἅπερ

2222 1135 2381 1204 ήθελε
2413 1135 2506 1190 τὸν
2538 1135 2799 1206 δικαστὴν
2820 1175 2833 1198 ,
2878 1135 3114 1206 ἐρημίαν
3160 1134 3581 1206 κατηγοροῦσα,
3612 1134 3711 1186 καὶ
3743 1133 3822 1197 ὡς

2220 1229 2524 1300 ἠδικημένη
2554 1230 2651 1300 τήν
2678 1230 2921 1282 ἐκδικίαν
2948 1229 3287 1298 ἐπεζητεῖτο.
3323 1230 3403 1290 εἰς
3427 1225 3711 1292 ἀπόδειξιν
3745 1218 3822 1278 ὧν

2222 1319 2373 1390 ἔλεγε
2403 1321 2471 1373 τά
2513 1322 2704 1391 ἰμάτια
2734 1320 2828 1374 τοῦ
2867 1320 3043 1374 ἀθὼου
3099 1321 3386 1372 νεανίσκου
3436 1319 3822 1390 περιφέρουσα

2219 1417 2339 1477 ταῖς
2367 1413 2698 1486 ἀκαθάρτοις
2725 1416 2912 1484 χερσὶν
2941 1413 3198 1475 ἐκείναις.
3227 1413 3337 1466 Καὶ
3359 1414 3387 1465 6
3415 1411 3822 1482 διεφθαρμένος

2221 1504 2479 1575 δικαστὴς
2500 1505 2598 1558 οὐκ
2616 1506 2694 1568 εἰς
2709 1505 3057 1574 δικαστήριον
3078 1505 3338 1575 εἰσήγαγε
3355 1502 3445 1554 τὸν
3469 1501 3788 1572 κατηγορού
3804 1530 3821 1541 -

2225 1613 2406 1666 μενον,
2441 1597 2502 1650 ού
2528 1597 2685 1664 λόγου
2719 1597 3047 1666 μετέδωκεν,
3082 1595 3220 1650 ἀλλά
3247 1598 3338 1650 τὸν
3362 1598 3487 1651 οὐδὲ
3527 1597 3819 1668 ἑωρακότα

2221 1687 2566 1759 δικαστήριον
2595 1727 2608 1750 ,
2659 1689 2734 1751 ὡς
2788 1681 3100 1751 ἑαλωκότα,
3153 1687 3229 1751 ὼς
3277 1688 3682 1759 ἐληλεγμένον,
3727 1691 3821 1742 καὶ

2225 1777 2410 1849 μοιχὸν
2462 1779 2870 1850 ἀπηρτισμένον
2905 1780 3250 1840 κατεδίκασε,
3295 1780 3388 1832 καί
3422 1781 3503 1844 είς
3532 1781 3821 1850 δεσμωτή-

2226 1887 2337 1941 ριον
2369 1869 2611 1936 ἐνέϐαλε,
2642 1871 2736 1924 καὶ
2767 1870 2952 1924 ἁλύσει
2992 1871 3298 1940 παρέδωκε.
3333 1870 3438 1924 Kal
3469 1867 3540 1942 ἦν
3567 1872 3760 1925 λοιπὸν
3793 1874 3822 1926 ό

2220 1963 2508 2027 τοσούτους
2561 1965 2860 2033 στεφάνους
2909 1964 3318 2034 ἀναδησάμενος
3370 1964 3615 2036 ἀρετῆς,
3681 1964 3822 2033 μετά

2221 2055 2454 2123 γοήτων,
2490 2054 2626 2125 μετά
2651 2053 3048 2126 τυμϐωρύχων,
3083 2055 3220 2124 μετά
3257 2055 3632 2126 ἀνδροφόνων,
3679 2054 3821 2124 μετά

2221 2145 2328 2197 τῶν
2371 2143 2440 2198 τὰ
2485 2145 2690 2215 ἔσχατα
2739 2145 3183 2216 τετολμηκότων,
3232 2147 3291 2198 ἐν
3324 2146 3400 2214 τῷ
3429 2145 3819 2218 δεσμωτηρίῳ.

2236 2236 2375 2290 Ἀλλ’
2399 2238 2548 2308 ὅμως
2577 2237 2727 2291 οὐδὲν
2756 2238 2918 2290 αὑτὸν
2945 2237 3152 2291 τούτων
3188 2237 3458 2309 ἐθορύϐει.
3485 2240 3599 2292 Kal
3630 2242 3818 2310 ἕτερος

2225 2330 2336 2401 μέν”
2379 2329 2456 2401 τῷ
2505 2329 2716 2400 βασιλεῖ
2754 2329 3214 2402 προσκεκρουκὼς
3263 2331 3494 2400 ἠφίετο,
3547 2332 3718 2396 αὐτὸς
3760 2336 3815 2389 δὲ

2226 2423 2436 2495 μακρὸν
2465 2421 2613 2476 ἔνδον
2643 2423 2802 2493 ἔμενε
2835 2425 3047 2495 χρόνον,
3104 2423 3244 2494 ὑπὲρ
3289 2417 3365 2477 ὧν
3407 2424 3573 2478 αὑτὸν
3619 2441 3823 2493 στεφα-

2221 2515 2443 2570 νοῦσθαι
2474 2516 2567 2569 καὶ
2597 2516 3069 2586 ἀνακηρύττεσθαι
3099 2516 3226 2582 ἔδει,
3261 2515 3360 2587 τὴν
3391 2518 3630 2587 ἐσχάτην
3654 2518 3821 2571 τίνων

2221 2607 2513 2679 τιμωρίαν.
2538 2607 2648 2661 Kal
2668 2607 2789 2660 οὐδὲ
2841 2607 3014 2671 οὕτως
3036 2608 3384 2679 ἐταράττετο,
3402 2609 3526 2662 ούδέ
3552 2609 3823 2664 ἐσκανδαι

2223 2699 2421 2764 λίζετο,
2458 2698 2577 2753 οὐδὲ
2603 2696 2747 2764 εἰπε,
2776 2700 2841 2752 Τί
2873 2699 3065 2766 τοῦτος
3101 2702 3183 2764 εἰς
3214 2701 3267 2754 τί
3301 2700 3498 2767 τοῦτο;
3531 2705 3560 2755 ό
3601 2702 3824 2772 μέλλων

2224 2792 2336 2860 ἐγὼ
2364 2791 2474 2846 τῶν
2514 2793 2758 2870 ἀδελφῶν
2789 2792 3094 2863 βασιλεύειν
3116 2833 3130 2859 ,
3174 2793 3236 2848 οὑ
3289 2795 3451 2865 μόνον
3489 2796 3697 2867 ταύτης
3729 2796 3824 2863 ἐξ·

2223 2883 2397 2938 έπεσα
2429 2884 2528 2955 τῆς
2558 2885 2744 2956 τιμῆς.
2777 2884 2915 2938 ἀλλά
2945 2887 3039 2939 καί
3062 2887 3340 2958 πατρίδος,
3369 2889 3463 2941 καὶ
3485 2890 3686 2955 οἰκίας,
3725 2891 3826 2944 καὶ

2223 2974 2449 3043 γονέων,
2483 2975 2576 3028 καὶ
2603 2975 2937 3048 ἐλευθερίας,
2971 2976 3066 3030 καὶ
3105 2977 3309 3043 ἀδείας,
3353 2981 3447 3033 καὶ
3479 2982 3612 3050 παρ’
3636 2982 3826 3035 αὐτῶν

2224 3067 2336 3122 τῶν
2372 3067 2676 3138 μελλόντων
2714 3086 2782 3139 με
2809 3073 3135 3140 προσκυνεῖν
3170 3073 3465 3144 ἀνῃρέθην.
3500 3071 3636 3127 Εἰτα
3680 3076 3828 3145 μετά

2225 3161 2326 3232 τὴν
2342 3162 2559 3232 σφαγὴν
2584 3161 2854 3234 ἐπράθην,
2885 3163 3070 3227 δοῦλος
3095 3164 3363 3236 ἐγενόμην
3390 3165 3707 3237 βαρϐάρων,
3728 3170 3828 3222 καὶ

2229 3257 2473 3325 συνεχεῖς
2516 3254 2728 3324 ἡμειψα
2769 3255 3054 3320 δεσπότας·
3104 3259 3198 3311 καὶ
3243 3258 3365 3312 ούδέ
3411 3259 3648 3313 ἐνταῦθα
3687 3260 3826 3334 ἔστη

2229 3362 2321 3416 μοι
2353 3345 2420 3399 τά
2446 3346 2615 3412 δεινὰ,
2647 3347 2786 3401 ἀλλά
2809 3348 3086 3419 πανταχοῦ
3122 3349 3376 3422 βάραθρα
3402 3353 3496 3404 καί
3538 3352 3826 3410 σκόπελοι.

2226 3438 2382 3492 Μετά
2413 3441 2521 3511 γάρ
2551 3439 2649 3511 τὴν
2679 3441 2972 3513 ἐπιϐουλὴν
2995 3441 3105 3496 τῶν
3128 3429 3394 3513 ἀδελφῶν,
3426 3447 3522 3498 καὶ
3554 3445 3654 3518 τὴν
3681 3464 3828 3514 σιρα-

2227 3530 2352 3601 γὴν,
2394 3533 2487 3583 καὶ
2533 3531 2632 3602 τήν
2681 3532 2925 3586 δουλείαν
2969 3536 3063 3588 καὶ
3113 3535 3213 3606 τὴν
3262 3537 3537 3608 προτέραν
3579 3540 3677 3590 καὶ
3724 3540 3830 3611 τὴν

2226 3621 2508 3694 δευτέραν,
2557 3623 2722 3679 πάλιν
2768 3642 2858 3695 μοι
2889 3625 3118 3690 θάνατος
3147 3627 3476 3700 ἐμελετήθη,
3513 3629 3609 3682 καὶ
3660 3647 3829 3684 συκο-

2228 3715 2428 3785 φαντία
2453 3716 2555 3786 τῆς
2581 3718 2855 3787 προτέρας
2882 3718 3262 3791 χαλεπωτέρα,
3295 3721 3391 3774 καὶ⁵
3415 3721 3706 3793 ἐπιϐουλὴ,
3731 3725 3830 3777 καὶ

2227 3805 2438 3876 ἔφοδος,
2463 3809 2557 3863 καί
2577 3809 2940 3881 δικαστήριον
2955 3810 3370 3884 διεφθαρμένον,
3396 3814 3490 3868 γαί
3513 3817 3831 3887 κατηγορία

2232 3901 2492 3971 αἰσχύνην
2516 3902 2716 3973 ἔχουσα
2739 3903 2963 3975 πολλὴν,
2996 3906 3090 3958 καί
3120 3906 3338 3976 σφαγὴν
3361 3908 3496 3977 ἡμῖν
3530 3907 3828 3964 ὠδίνουσα.

2230 3992 2342 4045 Kal
2371 3990 2495 4047 ούτε
2525 3994 2686 4062 λόγου
2729 3996 3069 4066 μεταλαϐὼν,
3099 3997 3287 4062 ἁπλῶς
3310 4001 3405 4052 καὶ
3425 3999 3501 4062 ὡς
3522 3999 3715 4070 ἔτυχεν
3745 4002 3832 4066 εἰς

2228 4081 2602 4155 δεσμωτήριον
2663 4085 3009 4157 ἀπηνέχθην,
3057 4088 3151 4142 καὶ
3211 4089 3434 4144 ἁλύσεσι
3497 4093 3831 4165 περίκειμαι

2233 4180 2372 4249 μετά
2403 4180 2608 4251 μοιχῶν
2650 4184 2742 4235 καί
2791 4182 3134 4262 ἀνδροφόνων
3189 4185 3283 4239 καί⁸
3335 4187 3444 4241 τῶν
3492 4187 3564 4242 τὰ
3617 4189 3832 4261 ἔσχατα

2228 4271 2664 4343 τετολμηκότων.
2725 4275 2833 4326 Kal
2873 4277 2902 4328 6
2950 4276 3048 4345 μὲν
3110 4279 3481 4350 ἀρχιοινοχόος
3528 4281 3831 4356 ἀπηλλάγη

2231 4364 2327 4417 καὶ
2348 4364 2590 4429 ἁλύσεως
2625 4366 2721 4419 καί
2752 4365 3152 4440 δεσμωτηρίου·
3188 4370 3298 4440 ἐγὼ
3315 4371 3370 4425 δέ
3400 4373 3520 4427 οὐδὲ
3542 4379 3664 4445 μετ’
3686 4377 3834 4430 ἐκεῖ-

2229 4473 2320 4511 νον
2358 4456 2543 4520 ἀδείας
2573 4457 2718 4522 τινὸς
2745 4458 3054 4515 ἀπολαῦσαι
3081 4460 3399 4534 δεδύνημαι·
3435 4466 3677 4540 κάκείνῳ
3729 4471 3834 4540 μὲν

2233 4549 2313 4612 εἰς
2335 4547 2496 4618 ἔργον
2524 4548 2682 4621 ἐξέϐη
2707 4550 2769 4603 τὸ
2793 4550 2927 4623 δναρ
2949 4553 3092 4605 κατὰ
3110 4555 3208 4625 τήν
3231 4555 3528 4626 ἐρμηνείαν
3542 4557 3644 4630 τήν
3663 4561 3829 4632 ἐμήν·

2233 4638 2344 4707 ἐγὼ
2372 4638 2428 4692 δέ
2456 4640 2514 4691 ἐν
2541 4641 2651 4703 τοῖς
2673 4640 2992 4710 ἀνηκέστοις
3014 4643 3132 4712 εἰμί
3154 4646 3368 4706 κακοῖς.
3389 4643 3575 4697 Ταῦτα
3598 4646 3654 4699 αἰ
3677 4646 3835 4716 ὄψεις

2235 4732 2565 4803 προεδήλουν
2594 4736 2837 4800 ἐκείναις
2877 4735 3051 4791 ταῦτα
3091 4737 3199 4792 τῶν
3223 4739 3471 4810 ἀστέρων
3501 4742 3530 4793 6
3552 4740 3831 4811 ἀριθμός;

2233 4825 2406 4880 ταῦτα
2432 4827 2500 4879 τά
2532 4827 2853 4898 δράγματα;
2885 4829 2994 4882 Ποῦ
3033 4831 3101 4883 τά
3137 4833 3246 4885 τῶν
3294 4823 3674 4901 ἐπαγγελιῶνς
3726 4834 3832 4889 πτοῦ

2233 4917 2303 4970 τά
2329 4917 2438 4971 τῶν
2466 4919 2851 4990 ὑποσχέσεωνς
2881 4916 3030 4992 *Αρα
3051 4922 3417 4993 ἠπατήμεθα;
3448 4921 3558 4996 ἀρα
3591 4926 3835 4994 παρελοο

2237 5009 2543 5081 γίσθημεν;
2602 5010 2712 5063 Ποῦ
2753 5012 2862 5081 γάρ
2919 5030 2987 5083 με
3033 5013 3219 5068 λοιπὸν
3265 5019 3742 5088 προσκυνήσουσιν
3780 5022 3833 5073 οἱ

2236 5100 2475 5170 ἀδελφοὶ,
2507 5102 2597 5154 τὸν
2628 5101 2832 5167 δοῦλον,
2873 5103 2965 5155 τὸν
2996 5105 3363 5173 αἰχμάλωτον,
3390 5106 3482 5160 τὸν
3506 5107 3834 5180 δεσμώτην,

2237 5193 2327 5245 τὸν
2360 5191 2547 5262 μοιχὸν
2577 5188 2716 5246 εἶναι
2751 5197 3127 5266 νομιζόμενον,
3170 5199 3260 5250 τὸν
3285 5197 3412 5266 περί
3444 5199 3554 5254 τῶν
3583 5202 3836 5272 ἐσχάτων

2238 5284 2654 5349 κινδυνεύοντα,
2709 5287 2799 5341 τὸν
2862 5287 3115 5341 τοσοῦτον
3168 5288 3350 5342 αὐτῶν
3401 5291 3833 5363 ἀπῳκισμένον;

2240 5378 2458 5448 Οἵχεται
2501 5379 2681 5431 πάντα
2712 5381 2916 5444 ἐκεῖνα,
2954 5381 3048 5434 καί
3077 5381 3377 5437 ἀπόλωλεν.
3418 5384 3596 5457 ,Ούδέν
3625 5387 3836 5440 τούτων

2239 5470 2339 5523 οὐκ
2357 5465 2532 5535 εἶπεν,
2564 5472 2663 5525 οὐκ
2695 5473 2999 5542 ἐνενόησεν,
3016 5473 3130 5526 ἀλλ’
3152 5475 3383 5544 ἀνέμενε
3407 5476 3657 5540 τὸτέλος,
3679 5479 3837 5543 εἰδὼς

2242 5562 2335 5613 καὶ
2360 5560 2520 5623 αὐτὸς
2550 5560 2643 5613 τοῦ
2677 5560 2812 5614 Θεοῦ
2838 5561 2899 5614 τὸ
2930 5562 3240 5633 εὐμήχανον
3266 5566 3359 5618 καὶ
3379 5564 3479 5634 τήν
3512 5565 3709 5633 σοφίαν
3734 5567 3837 5636 τὴν

2241 5652 2494 5725 εῠπορον·
2525 5655 2620 5709 καὶ
2646 5655 2707 5707 ού
2748 5656 2908 5724 μόνον
2947 5655 3047 5709 οὐκ
3083 5657 3519 5722 ἐσκανδαλίζετο,
3566 5658 3705 5713 ἀλλά
3744 5662 3838 5713 καὶ

2243 5747 2573 5819 ἐνηϐρύνετο
2605 5748 2699 5801 καὶ
2727 5748 3130 5814 ἐκαλλωπίζετο
3159 5754 3268 5813 τοῖς
3303 5752 3636 5821 γινομένοις.

2315 5840 2380 5894 Τί
2422 5840 2478 5895 δέ
2500 5840 2727 5912 όΔαυῖδ,
2755 5843 2876 5897 εἰπέ
2926 5860 3050 5914 μοι;
3082 5844 3157 5898 Οὐ
3191 5844 3328 5915 μετά
3359 5842 3736 5919 τδχρισθῆναι
3757 5849 3836 5913 εἰς
