4050 6440
180 420 287 478 505

178 539 421 604 avulsus,
450 536 646 604 nudus,
685 536 1022 608 peregrinus,
1055 537 1208 593 exsul
1238 546 1294 593 et
1321 536 1576 601 extorris,
1608 534 1788 590 servi-

183 631 312 686 tutis
346 617 463 701 lege
492 630 846 684 barbarorum
871 629 1119 682 manibus
1145 628 1448 698 expositus.
1479 625 1619 693 Quid
1648 626 1793 680 enim

183 741 293 781 non
325 727 473 780 illum
497 732 708 795 poterat
736 721 1097 792 perturbare?
1127 722 1270 792 quod
1300 720 1618 790 derepente,
1650 717 1794 788 quod

183 827 380 886 praeter
411 816 890 886 exspectationem,
922 821 1123 884 praeter
1153 827 1326 882 spem,
1354 820 1554 882 praeter
1583 811 1794 880 opinio-

180 925 330 974 nem,
357 909 501 972 quod
534 919 638 962 tam
670 907 819 978 gravi
856 905 1165 960 calamitate
1193 911 1551 972 premeretur,
1589 900 1734 972 quod
1761 916 1792 955 a

177 1002 459 1066 fratribus,
510 1010 564 1056 ct
608 1015 638 1054 a
690 998 946 1054 fratribus
993 1012 1129 1067 quos
1167 996 1477 1060 adamabat,
1517 1009 1641 1049 cum
1693 1009 1793 1049 nec

177 1110 373 1166 parva.
410 1110 508 1150 nec
540 1107 730 1168 magna
775 1092 896 1146 illos
944 1089 1212 1144 affecisset
1265 1088 1482 1157 injuria,
1521 1089 1631 1140 imo
1662 1100 1792 1141 vero

177 1186 459 1242 beneﬁciis
506 1184 855 1247 cumulasset,
904 1183 1005 1236 ista
1046 1180 1362 1249 pateretur?
1398 1179 1787 1233 Verumtamen

176 1279 314 1332 nihil
365 1279 587 1332 istorum
639 1277 785 1330 illmn
835 1275 1214 1345 perturbavit:
1254 1273 1347 1327 sed
1397 1273 1449 1326 in
1494 1271 1789 1342 Aigyptum

175 1387 205 1424 a
257 1369 646 1424 mercatoribus
679 1369 782 1422 illis
811 1367 1197 1432 abducebatur,
1228 1377 1281 1420 et
1313 1364 1632 1420 servitutem
1665 1379 1786 1417 scr-

176 1465 347 1518 ritute
379 1461 643 1516 mutabat.
689 1461 965 1531 Siquidem
1009 1461 1116 1514 illic
1144 1475 1361 1529 quoque
1408 1473 1598 1513 rursus
1631 1457 1793 1512 fiebat

173 1571 388 1617 servus.
418 1566 473 1610 et
503 1555 812 1610 barbaricas
840 1552 984 1606 (edes
1013 1551 1283 1606 incolebat
1325 1551 1603 1613 liebrteus,
1635 1548 1791 1604 nobi-

175 1649 246 1704 lis
277 1647 477 1719 duplici
507 1647 755 1701 libertate
787 1646 946 1711 liber,
981 1656 1038 1700 et
1075 1645 1320 1713 corporis
1350 1653 1404 1698 et
1429 1643 1661 1696 animae:
1692 1656 1793 1696 nec

175 1758 358 1802 tamen
383 1747 584 1801 idcirco
607 1745 1037 1816 perturbabatur,
1061 1753 1153 1799 aut
1179 1744 1264 1807 iis,
1293 1759 1414 1814 qua:
1437 1744 1786 1814 gerebantur,

171 1842 663 1906 scandalizabatur,
697 1856 818 1895 cum
853 1840 1141 1906 visionum,
1189 1853 1312 1909 qum
1359 1838 1628 1892 contraria
1666 1850 1792 1906 pro-

171 1935 462 2000 miserant,
515 1933 928 1996 recordaretur;
993 1946 1168 2000 neque
1225 1933 1441 1986 curiose
1488 1929 1787 2000 quaerebat,

170 2027 288 2080 Cur
314 2027 528 2079 tandem
568 2025 664 2078 ista
713 2022 884 2078 fiunt?
924 2025 1101 2092 Atque
1133 2023 1208 2077 illi
1233 2023 1448 2093 quidem
1478 2020 1789 2084 fratricidte,

173 2118 289 2186 lupi
315 2127 370 2172 et
395 2118 609 2183 bellum,
635 2115 848 2171 tametsi
872 2116 971 2169 ista
998 2117 1200 2169 scelera
1227 2124 1525 2184 patrarant,
1552 2114 1605 2167 in
1630 2113 1792 2167 domo

172 2221 401 2281 paterna
443 2210 650 2266 deliciis
685 2225 746 2265 se
785 2208 1096 2273 oblectant;
1127 2209 1242 2278 ipse
1278 2222 1435 2272 vero,
1465 2221 1626 2277 quem
1669 2219 1793 2275 spes

170 2313 296 2356 erat
327 2317 508 2373 regem
540 2301 754 2355 illorum
787 2299 1048 2367 futurum,
1075 2301 1340 2369 captivus,
1371 2314 1583 2361 servus,
1615 2298 1670 2352 in
1699 2313 1794 2352 ex-

173 2404 332 2448 terna
368 2395 587 2463 regione
622 2392 1005 2456 venumdatus,
1049 2401 1293 2446 extrema
1335 2391 1550 2446 miseria
1590 2388 1793 2459 premi-

173 2499 284 2552 tur,
313 2498 369 2544 et
401 2504 508 2542 non
536 2489 711 2543 solum
742 2504 836 2542 rex
879 2488 1093 2541 illormn
1132 2502 1239 2542 non
1265 2495 1368 2552 est,
1398 2485 1495 2540 sed
1519 2495 1575 2540 et
1604 2499 1794 2540 servus

171 2581 393 2634 illorum
421 2580 620 2646 evadit,
648 2590 701 2635 et
729 2580 887 2649 plane
921 2579 1189 2634 contraria
1217 2579 1419 2648 patitur
1444 2579 1508 2634 iis
1529 2593 1649 2648 qua:
1674 2577 1792 2631 fuc-

174 2681 304 2725 rant
329 2671 402 2726 iili
424 2673 706 2742 promissa.
732 2669 851 2725 Non
881 2672 1024 2725 enim
1055 2679 1260 2725 tantum
1290 2685 1512 2741 regnum
1542 2679 1652 2724 tum
1686 2684 1792 2723 non

173 2764 481 2828 obtinebat,
521 2763 618 2819 sed
663 2773 718 2819 et
760 2764 953 2833 patria,
996 2773 1050 2818 et
1100 2763 1373 2829 libertate,
1413 2772 1468 2818 et
1507 2773 1792 2834 parentum

172 2867 401 2926 aspectu
442 2856 686 2926 privatus
727 2866 862 2910 erat.
911 2856 1095 2926 Neque
1143 2870 1272 2911 vero
1307 2855 1660 2911 certaminum
1707 2854 1793 2910 hic

174 2948 304 3002 linis
326 2947 457 3002 fuit:
484 2947 580 3004 scd
603 2947 750 3001 aliud
780 2948 853 3002 illi
878 2947 1196 3018 profundius
1227 2946 1538 3002 barathrum
1560 2946 1793 3015 paraba-

175 3052 289 3106 tur,
321 3041 463 3110 quod
495 3056 682 3096 rursus
715 3041 942 3095 mortem
971 3056 1033 3095 ac
1060 3041 1263 3096 caedem
1297 3038 1622 3106 minabatur,
1650 3053 1793 3093 mor-

173 3141 288 3186 tem
317 3132 750 3202 ignominiosam,
777 3143 831 3186 et
851 3131 1133 3186 dedecoris
1163 3132 1373 3201 plenam
1402 3130 1630 3186 czedem.
1658 3130 1791 3184 Cum

170 3225 322 3278 enim
363 3223 591 3279 lascivos
620 3225 673 3278 in
714 3239 838 3280 eum
878 3224 1064 3278 oculos
1103 3223 1324 3278 domina
1364 3222 1706 3293 conjecisset,
1739 3232 1794 3277 et

171 3318 539 3373 adolescentis
570 3317 969 3388 pulchritudine
1002 3317 1251 3372 devincta
1285 3326 1451 3382 esset,
1476 3326 1533 3372 et
1559 3315 1791 3386 eleganti

171 3414 298 3483 ejus
342 3411 478 3466 facie
524 3421 700 3482 capta,
733 3413 898 3481 erepit
926 3421 981 3466 et
1009 3413 1122 3481 ipsa
1164 3425 1353 3466 rursus
1396 3410 1551 3464 dolos
1581 3419 1636 3475 et
1667 3409 1794 3463 insi-

171 3507 298 3562 dias
330 3507 382 3560 in
426 3522 547 3562 eum
580 3521 792 3576 parare.
823 3505 1065 3575 Cumque
1103 3504 1337 3558 lasciviae
1378 3503 1510 3558 retia
1559 3502 1795 3571 undique

171 3601 517 3664 tetendisset,
546 3600 786 3671 quotidie
807 3599 1151 3663 observabat,
1183 3608 1240 3652 ut
1263 3606 1444 3667 posset
1470 3597 1610 3651 intra
1641 3609 1796 3666 sagit-

173 3712 318 3770 nam‘
346 3709 497 3749 suam
539 3694 936 3749 adolescentem
993 3691 1480 3761 comprehendere,
1521 3702 1683 3761 atque
1712 3689 1792 3744 ~in

170 3787 431 3841 adulterii
462 3785 770 3840 barathrum
799 3786 1105 3848 devolvere,
1139 3786 1408 3855 mortique
1437 3785 1651 3839 tradere
1687 3782 1791 3837 im-

171 3879 416 3934 mortali.
464 3878 531 3932 Et
574 3879 755 3932 exibat
780 3877 1021 3948 quotidie
1054 3877 1122 3930 ad
1167 3877 1308 3931 hanc
1352 3877 1693 3931 venationem
1725 3875 1794 3930 ab

172 3973 284 4027 hoc
314 3972 504 4026 morbo
543 3972 837 4037 stimulata,
879 3981 933 4026 et
962 3970 1065 4025 hoc
1095 3986 1282 4025 amore
1311 3970 1513 4025 lascivo
1538 3979 1745 4024 armata
1775 3989 1790 4024 :

170 4080 412 4135 cumque
457 4070 632 4118 solum
682 4063 830 4118 illum
881 4062 1172 4133 aliquando
1213 4061 1685 4132 deprehendisset,
1725 4061 1792 4117 ad

171 4159 420 4227 iniquum
463 4157 611 4212 illum
652 4172 1003 4227 congressum
1047 4157 1313 4211 violenter
1353 4155 1620 4220 trahebat,
1664 4155 1793 4210 alic-

171 4267 308 4305 nutu
361 4260 537 4304 torum
593 4249 796 4305 violare
846 4249 1093 4319 cogebat,
1140 4259 1195 4304 et
1248 4254 1550 4304 castitatem
1597 4249 1792 4305 laedere

171 4342 495 4396 conabatur.
527 4343 594 4396 At
624 4342 753 4395 nihil
786 4351 964 4396 tamen
990 4341 1115 4396 inde
1142 4342 1266 4396 mali
1296 4357 1486 4410 passus
1512 4343 1790 4412 estjustus

171 4437 302 4502 ille;
351 4437 445 4491 sed
475 4448 528 4492 et
556 4437 794 4493 libidinis
826 4438 1188 4508 tyrannidem,
1238 4450 1292 4494 et
1313 4439 1572 4509 juvenilis
1617 4441 1793 4496 aetatis

172 4531 450 4597 stimulos,
479 4540 534 4586 et
568 4531 782 4586 lasciva:
809 4533 1050 4587 mulieris
1080 4533 1323 4597 insidias,
1359 4533 1591 4615 insultus
1620 4534 1794 4588 domi-

173 4639 287 4690 mc,
310 4623 603 4691 juventutis
631 4634 826 4690 motus,
855 4635 909 4679 et
935 4640 1127 4680 omnes
1154 4625 1423 4690 incursus,
1448 4642 1584 4696 quos
1611 4627 1678 4682 ab
1700 4628 1793 4682 illo

171 4725 427 4772 contactu
475 4717 678 4772 sentire
717 4720 888 4786 potuit
939 4727 1178 4783 exortos,
1230 4727 1284 4773 et
1327 4719 1396 4772 ab
1442 4729 1684 4788 aspectu,
1736 4728 1792 4774 et

173 4809 386 4863 insania
430 4809 536 4874 illa,
574 4823 733 4879 quam
779 4808 1032 4864 facillime
1076 4812 1371 4879 superavit,
1416 4826 1478 4865 ac
1518 4821 1791 4881 tamquam

170 4901 355 4972 aquila
385 4902 643 4957 sublimes
679 4903 903 4957 tendens
936 4902 1069 4966 alas,
1099 4904 1350 4973 ipsasque
1377 4914 1562 4958 vestes
1587 4919 1792 4960 exuens

170 5005 233 5049 et
287 4994 569 5063 impudicis
623 4995 869 5050 manibtts
925 4996 1345 5066 derelinquens,
1405 5013 1658 5067 egressus
1711 5009 1795 5054 est

171 5087 418 5141 vestibus
461 5087 676 5156 quidem
738 5087 990 5151 nudatus,
1049 5088 1146 5142 sed
1192 5087 1478 5158 splendido
1530 5091 1793 5144 casnitatis

172 5183 375 5235 amictu
421 5181 801 5246 circumdatus,
845 5191 1009 5251 atque
1057 5183 1169 5252 ipsa
1213 5197 1448 5251 purpura
1489 5181 1790 5238 illustriori.

175 5272 316 5326 llinc
348 5268 542 5325 factum
557 5281 640 5326 est
683 5272 897 5337 deinde,
932 5274 1068 5327 utin
1109 5289 1233 5328 eum
1262 5274 1470 5345 gladius
1508 5285 1794 5330 acueretur

176 5365 398 5426 iterum,
429 5363 615 5418 mortis
655 5365 861 5419 insidia:
892 5375 1251 5432 struerentur,
1297 5368 1470 5436 major
1500 5378 1794 5437 tempestas

175 5455 527 5519 excitaretur,
558 5465 611 5510 et
657 5457 900 5511 mulieris
934 5456 1080 5511 furor
1109 5457 1400 5529 Babylonia
1445 5458 1666 5513 fornace
1698 5476 1791 5515 vc-

180 5547 488 5602 hementius
529 5549 932 5604 accenderetur.
977 5551 1107 5606 Nam
1149 5561 1203 5606 et
1245 5551 1422 5606 acrius
1472 5552 1667 5608 deinde
1709 5554 1790 5606 in-

180 5640 560 5694 ﬂammabatur
591 5642 876 5709 cupiditas,
905 5653 958 5697 et
985 5644 1281 5710 iracundia,
1320 5646 1635 5714 gravissima
1669 5662 1795 5714 per-

182 5731 422 5784 turbatio
461 5731 652 5797 altera,
689 5750 893 5787 summa
936 5750 1056 5788 cum
1103 5736 1306 5790 saevitia
1355 5751 1415 5790 se
1446 5735 1791 5806 adjungebat,

181 5823 250 5876 ad
278 5823 484 5877 caedem
516 5825 812 5893 speetabat,
841 5825 906 5879 ad
940 5826 1173 5895 gladium
1204 5827 1479 5894 currebat,
1513 5827 1792 5897 iniquissi-

183 5931 328 5971 mam
357 5916 559 5971 cat-dein
601 5918 906 5987 appetebat,
949 5930 1001 5974 ct
1035 5920 1296 5978 castitatis
1344 5920 1628 5988 athletam,
1658 5934 1788 5977 con-

991 419 1086 481 AD
1125 417 1255 477 EOS
1281 418 1400 488 QUI
1442 415 1947 477 SCANDALIZATI
1987 417 2187 478 SUNT.
2232 419 2363 478 LIB.
2408 421 2608 481 UNUS.

3417 431 3524 487 506

1901 537 2222 608 stantiaque
2254 537 2487 608 pugilem
2515 553 2580 594 ac
2611 538 2882 609 patientia:
2913 538 3227 595 interimere
3263 555 3522 610 propera.

1901 629 2012 684 bat.
2044 628 2289 701 Cumque
2321 630 2500 686 virum
2525 646 2682 686 suum
2714 630 2962 696 adiisset,
2986 641 3041 686 et
3062 647 3184 702 qua:
3213 634 3522 688 acciderant

1904 724 2289 792 renuntiasset,
2341 739 2448 780 non
2491 726 2562 779 ita
2611 734 2670 779 ut
2701 726 2900 780 veritas
2942 726 3017 780 rei
3061 723 3293 792 ferebat,
3339 727 3432 781 sed
3468 738 3524 781 ut

1902 817 1992 871 illa
2046 817 2328 872 calumnia:
2361 816 2594 872 fabulam
2634 826 2940 873 commenta
2983 829 3122 886 erat,
3169 834 3525 890 quzccumquu

1900 908 2069 963 voluit
2092 908 2256 978 judici
2285 909 2591 964 accusando
2623 910 2911 978 persuasit,
2953 919 3010 966 et
3056 921 3329 980 tamquam
3375 912 3520 978 inju-

1900 999 2036 1054 riam
2060 1015 2237 1070 passa,
2270 1002 2528 1056 ultionem
2560 1001 2797 1070 petebat,
2821 1013 2982 1072 atque
3010 1001 3075 1056 ad
3099 1017 3288 1057 eorum
3321 1003 3521 1072 proba—

1902 1094 2125 1160 tionem,
2151 1077 2276 1166 tquaa
2303 1095 2536 1156 dicebat.
2568 1094 3109 1164 innocentisjuvenis
3145 1104 3327 1150 vestes
3351 1098 3524 1164 impu-

1901 1187 1977 1242 ris
2001 1187 2107 1241 illis
2144 1186 2395 1242 manibus
2439 1188 2767 1244 ostentabat.
2803 1191 2872 1243 At
2908 1199 3195 1258 corruptas
3241 1189 3334 1244 ille
3357 1189 3525 1259 judex

1901 1292 2008 1331 non
2038 1293 2191 1332 reum
2219 1279 2271 1332 in
2296 1278 2556 1348 judicium
2590 1279 2908 1342 introduxit,
2937 1295 3046 1334 non
3077 1295 3297 1335 causam
3326 1281 3523 1350 agendi

1901 1369 2026 1424 fecit
2055 1379 2398 1438 potestatem,
2445 1372 2539 1425 sed
2587 1387 2710 1426 eum
2743 1373 2832 1441 qui
2881 1388 2950 1426 ne
2991 1372 3254 1442 judicium
3300 1373 3521 1442 quidem

1898 1474 2280 1530 conspexerat,
2307 1471 2579 1533 tamquam
2604 1465 2824 1518 noxium
2854 1466 3076 1520 sceleris
3106 1466 3437 1532 convictum,
3466 1477 3523 1522 et

1901 1553 2202 1626 perfectum
2228 1555 2528 1610 adulterum
2560 1557 2858 1623 damnavit,
2907 1567 2962 1612 et
2991 1558 3044 1612 in
3075 1573 3350 1615 carcerem
3391 1575 3524 1614 cou-

1894 1649 2099 1718 jectum
2131 1651 2337 1704 cateruis
2361 1650 2668 1705 adstrinxit.
2695 1651 2879 1723 Itaque
2906 1651 2996 1722 qui
3040 1663 3148 1707 tam
3191 1652 3378 1709 multis
3404 1663 3523 1710 erat

1898 1743 2120 1797 coronis
2151 1742 2435 1798 redimitus
2463 1743 2699 1810 virtutis,
2728 1744 3048 1800 versabatur
3075 1743 3128 1798 in
3158 1759 3380 1800 carcere
3409 1755 3520 1800 tum

1902 1835 2160 1904 temporis
2190 1848 2314 1889 cum
2357 1834 2766 1905 impostoribus,
2815 1851 2937 1891 cum
2989 1837 3362 1906 sepulcrorum
3396 1855 3522 1908 per-

1901 1925 2221 1992 fossoribus,
2268 1941 2391 1981 cum
2437 1928 2666 1993 sicariis,
2716 1944 2838 1983 cum
2888 1928 3019 1997 illis,
3069 1929 3160 1998 qui
3203 1930 3522 1999 gravissima

1899 2018 2106 2072 scelera
2167 2028 2562 2088 perpetrarant.
2631 2021 2886 2075 Attamen
2955 2020 3088 2075 nihil
3151 2019 3346 2075 horum
3404 2021 3525 2090 ejus

1899 2108 2139 2163 animum
2184 2110 2560 2164 conturbabat.
2619 2111 2689 2166 Et
2723 2112 2863 2166 alter
2905 2112 3156 2184 quidem,
3202 2114 3294 2183 qui
3337 2129 3520 2184 regem

1898 2199 2218 2270 offenderat,
2249 2201 2646 2268 dimittebatur,
2698 2207 2814 2274 ipse
2855 2214 3037 2260 autem
3070 2206 3230 2276 longo
3276 2214 3522 2276 tempore

1899 2291 2099 2347 mansit
2145 2295 2312 2361 intus,
2358 2305 2414 2350 et
2459 2311 2689 2365 quorum
2734 2311 2897 2352 causa
2926 2298 3164 2367 praemiis
3201 2297 3523 2354 afficiendus

1898 2393 2035 2450 erat,
2069 2394 2124 2440 et
2150 2385 2473 2454 laudandus,
2500 2399 2804 2442 extremum
2848 2390 3172 2459 supplicium
3200 2389 3518 2444 sustinebat.

1897 2476 2003 2533 Sed
2034 2494 2102 2534 ne
2128 2481 2206 2533 sic
2234 2490 2413 2536 tamen
2439 2481 2776 2550 turbabatur,
2807 2499 2984 2552 neque
3013 2483 3516 2549 scandalizabatur;

1899 2586 2076 2642 neque
2105 2572 2241 2627 dixit
2265 2592 2278 2626 :
2305 2573 2416 2629 Cur
2442 2573 2585 2629 hoc?
2617 2574 2684 2629 ad
2710 2576 2838 2645 quid
2871 2576 3012 2632 hoc?
3042 2577 3155 2647 Ego
3175 2577 3263 2647 qui
3296 2579 3522 2632 fratrum

1899 2680 1996 2720 rex
2027 2681 2175 2720 eram
2210 2667 2443 2734 futurus,
2483 2683 2591 2723 non
2631 2669 2796 2725 modo
2824 2671 2913 2724 tali
2956 2671 3163 2725 honore
3199 2671 3393 2736 excidi,
3427 2673 3522 2726 sed

1899 2767 1950 2812 et
1993 2760 2187 2827 patria,
2229 2770 2283 2814 et
2327 2759 2512 2824 domo.
2566 2771 2620 2815 et
2664 2763 2996 2830 parentibus,
3044 2772 3099 2817 et
3150 2763 3417 2830 libertate,
3470 2775 3526 2820 et

1899 2851 2213 2916 securitate,
2246 2862 2410 2922 atque
2451 2852 2520 2907 ab
2561 2854 2714 2924 ipsis,
2757 2856 2847 2925 qui
2894 2873 2980 2911 me
3026 2857 3302 2911 adoraturi
3344 2868 3521 2923 erant,

1899 2957 2020 2997 sum
2076 2954 2319 2999 necatus.
2376 2945 2582 3001 Deinde
2634 2957 2756 3017 post
2799 2949 3003 3004 czedem
3062 2964 3180 3004 sum
3235 2950 3519 3014 venditus,

1901 3035 2257 3092 barbarorum
2293 3054 2484 3095 servus
2511 3055 2631 3095 sum
2670 3042 2861 3110 factus,
2906 3052 2960 3096 et
2998 3043 3316 3114 frequenter
3342 3044 3523 3098 donti-

1901 3145 2001 3185 nos
2031 3132 2232 3186 mutavi
2271 3151 2284 3188 :
2315 3147 2492 3204 neque
2520 3134 2782 3188 malorum
2832 3136 2918 3191 hic
2949 3137 3072 3190 finis
3105 3137 3206 3190 fuit
3251 3152 3521 3202 meorum,

1900 3222 1994 3279 sed
2016 3223 2210 3295 ubique
2237 3225 2496 3282 barathra
2525 3237 2578 3281 et
2601 3228 2831 3297 scopuli.
2857 3228 2988 3284 Post
3017 3228 3242 3284 fratrum
3273 3229 3519 3296 insidias,

1899 3325 1955 3370 et
1995 3316 2223 3385 czcdem,
2259 3327 2314 3373 et
2359 3319 2702 3386 servitutem,
2735 3335 2857 3375 cum
2900 3321 3162 3390 priorem,
3201 3332 3310 3376 tum
3344 3333 3526 3392 poste-

1899 3409 2121 3477 riorem,
2158 3426 2346 3466 rursus
2387 3422 2618 3468 mortem
2663 3413 2798 3468 mihi
2829 3415 3298 3480 machinabantur,
3349 3425 3404 3471 ct
3430 3431 3524 3471 ca-

1900 3500 2158 3555 lmnniam
2196 3504 2368 3573 priori
2397 3505 2730 3574 graviorem,
2760 3515 2816 3561 et
2861 3507 3105 3573 insidias,
3150 3519 3314 3578 atque
3343 3509 3527 3563 incur-

1900 3607 2014 3659 sus,
2045 3609 2108 3649 ac
2131 3597 2394 3664 judicium
2431 3609 2770 3669 corruptum,
2818 3610 2874 3655 et
2904 3603 3306 3658 accusationem
3340 3603 3523 3657 multis

1902 3689 2113 3757 probris
2153 3691 2567 3758 redundantem,
2608 3709 2729 3762 qua:
2771 3703 3013 3749 nostram
3057 3697 3262 3750 caedem
3293 3696 3526 3766 parturi-

1901 3789 2001 3834 ret.
2048 3779 2294 3851 Cumque
2338 3798 2514 3837 meam
2550 3798 2768 3839 causam
2819 3786 3009 3856 agendi
3055 3786 3367 3842 facultatem
3416 3802 3524 3842 non

1901 3871 2280 3938 obtinuissent,
2313 3884 2520 3930 temere
2546 3891 2609 3930 ac
2641 3877 2760 3932 sine
2801 3893 2962 3932 causa
3009 3879 3060 3932 in
3098 3893 3373 3934 carcerem
3401 3895 3522 3932 sum

1901 3962 2186 4031 adductus,
2219 3974 2274 4020 et
2322 3968 2528 4021 catenis
2579 3967 2884 4030 devinetus.
2932 3986 3055 4024 cum
3088 3970 3367 4037 adulteris,
3400 3987 3524 4026 cum

1903 4055 2190 4111 liomicidis
2215 4067 2269 4113 et
2293 4060 2739 4127 gravissimorum
2770 4063 3038 4116 scelerum
3069 4062 3176 4116 reis
3210 4077 3418 4117 versor.
3453 4064 3523 4117 At

1903 4150 2154 4221 princeps
2192 4153 2409 4222 quidem
2457 4154 2839 4224 pincernarum
2888 4171 2915 4209 a
2950 4157 3181 4210 vinculis
3223 4168 3277 4211 et
3304 4171 3527 4211 carcere

1902 4244 2159 4300 liberatus
2185 4256 2270 4302 est
2297 4265 2309 4300 :
2342 4263 2442 4317 ego
2470 4263 2600 4302 vero
2647 4264 2714 4303 ne
2756 4260 2879 4318 post
2911 4249 3062 4303 illum
3105 4249 3325 4319 quidem
3356 4250 3520 4303 ullam

1903 4337 2298 4393 itnmuuitatetn
2333 4353 2552 4408 possum
2601 4341 2895 4410 impetrare
2928 4360 2941 4395 :
2975 4351 3137 4411 atque
3172 4341 3264 4396 ille
3300 4340 3519 4411 quidem

1903 4429 1955 4484 in
1983 4445 2120 4499 Opus
2151 4431 2351 4486 exiisse
2380 4431 2512 4486 vidit
2557 4434 2852 4500 somnium,
2884 4446 3046 4505 prout
3087 4435 3162 4488 illi
3193 4435 3400 4490 fueram
3431 4436 3517 4489 in-

1904 4533 2234 4594 terpretatus
2283 4544 2294 4578 :
2344 4540 2445 4596 ego
2493 4528 2826 4596 gravissimis
2881 4531 2967 4583 hic
3029 4531 3186 4584 malis
3243 4530 3518 4585 obsideor.

1902 4616 2152 4671 Htcccine
2219 4618 2348 4671 mihi
2409 4618 2648 4674 visiones
2705 4621 2811 4675 illa:
2868 4623 3352 4690 prienuntiabant?
3407 4623 3522 4678 lucc

1902 4724 2160 4762 numerus
2186 4710 2276 4763 ille
2307 4710 2627 4765 stellarum?
2659 4712 2775 4768 haec
2812 4714 2882 4768 illi
2913 4715 3216 4785 manipuli?
3243 4716 3362 4784 Quo
3393 4733 3525 4787 pro-

1902 4802 2195 4857 missiones
2217 4805 2546 4858 evaserunt?
2575 4821 2682 4876 quo
2714 4806 2822 4861 illae
2860 4808 3326 4878 pollicitationes?
3351 4810 3518 4864 Num-

1902 4894 2029 4961 quid
2075 4895 2288 4966 decepti
2336 4900 2562 4951 sumus?
2609 4900 2870 4968 munquid
2921 4902 2973 4954 itt
3020 4900 3267 4957 fraudem
3320 4902 3526 4957 illecti?

1907 4988 2002 5044 Ubi
2046 4990 2190 5043 enim
2233 4991 2343 5061 jam
2388 5008 2473 5045 me
2518 4993 2792 5047 adoraturi
2843 5005 2968 5048 sunt
3013 4994 3229 5060 fratres,
3275 5011 3518 5061 servum,

1901 5082 2195 5150 captivum,
2225 5084 2577 5153 compedibus
2602 5086 2858 5151 vinctum,
2892 5088 2980 5156 qui
3021 5087 3234 5142 adulter
3255 5103 3378 5143 esse
3414 5089 3528 5144 exi-

1903 5176 2112 5240 stimor,
2155 5176 2245 5244 qui
2290 5176 2357 5230 de
2404 5180 2508 5229 vita
2561 5178 2854 5246 periclitor,
2915 5179 3005 5248 qui
3059 5188 3209 5233 tanto
3257 5191 3522 5235 terrarum

1905 5267 2190 5322 intervallo
2256 5268 2478 5323 dissitas
2536 5271 2604 5323 ab
2656 5271 2759 5324 illis
2808 5271 3035 5326 habito?
3088 5272 3376 5327 Perierunt
3435 5275 3520 5328 illa

1902 5362 2104 5424 omnia,
2141 5370 2195 5415 et
2225 5362 2276 5415 iu
2307 5363 2531 5417 nilulum
2562 5363 2831 5418 abierunt.
2860 5363 3006 5417 Nihil
3041 5364 3230 5418 horum
3271 5376 3365 5419 aut
3389 5366 3523 5419 dixit

1904 5463 1997 5505 aut
2039 5454 2328 5522 cogitavit,
2383 5453 2478 5508 scd
2537 5455 2696 5509 linem
2747 5457 3138 5526 exspectabat,
3194 5467 3379 5526 utpote
3431 5461 3522 5526 qui

1903 5556 2101 5616 quanta
2143 5548 2213 5600 sit
2239 5548 2331 5602 Dei
2365 5548 2607 5615 solertia,
2640 5565 2799 5619 quam
2835 5560 3026 5618 potens
3069 5552 3186 5620 ejus
3231 5553 3516 5622 sapientia.

1907 5642 2072 5710 probe
2100 5655 2282 5696 nosset
2313 5661 2323 5695 :
2351 5653 2403 5696 et
2433 5658 2539 5697 non
2566 5643 2727 5698 modo
2756 5661 2862 5699 nou
2907 5647 3394 5712 scaudalizabatur,
3428 5651 3520 5700 sed

1905 5733 2066 5787 etiam
2095 5734 2165 5788 ob
2193 5750 2278 5800 ea,
2313 5751 2433 5804 qua:
2464 5736 2794 5804 acciderant,
2819 5739 3155 5808 gloriabatur
3186 5752 3239 5795 et
3265 5741 3364 5794 sibi
3405 5741 3520 5810 pla-

1905 5828 2082 5883 cehat.

1983 5920 2237 5993 Exemplo
2285 5921 2498 5978 Doridis
2539 5924 2750 5995 amicta:
2794 5927 3105 5982 consolatur.
3133 5928 3357 5996 —Quid
3402 5944 3522 5986 vero
