4050 6434
545 398 641 452 $07
1339 392 1396 448 S.
1430 391 1710 449 JOANNIS
1749 390 2228 448 CIIIIYSOSTOMI
2267 386 2582 443 ARCIIIEP.
2627 384 3164 443 CONSTANTINOP.

546 511 729 574 David,
762 511 868 575 die,
897 509 1119 579 qumso?
1146 509 1332 564 Nonne
1357 519 1637 580 postquam
1659 511 1709 562 in
1733 523 1911 579 regem
1940 517 2132 562 unctus

546 615 644 667 est,
691 611 745 657 et
791 604 882 657 Dei
928 602 1180 672 sulI'ragio
1207 602 1518 673 designatus
1568 603 1742 672 populi
1790 602 2136 656 Ilebrzeorum

546 703 814 762 sceptrum
848 693 1072 763 accepit,
1099 693 1274 763 deque
1301 696 1527 750 barbaro
1543 695 1834 764 gloriosum
1864 692 1989 746 illud
2021 701 2136 746 tro-

545 803 715 854 pmam
769 787 960 849 erexit,
1000 789 1329 858 gravissimis
1367 788 1597 843 amictus
1640 797 1722 843 est
1754 787 1929 850 malis,
1960 785 2134 849 bellis,

546 876 752 932 insidiis
787 880 1054 947 appetitus
1079 895 1109 933 a
1139 880 1316 943 Saﬁle,
1351 880 1401 932 in
1432 879 1603 948 ipsum
1625 879 1814 948 capitis
1842 878 2137 932 discrimen

545 971 828 1035 adductus,
868 970 933 1025 ad
978 972 1275 1039 periculosa
1309 973 1506 1027 missus
1536 972 1737 1041 prtelia,
1765 973 2019 1027 continuo
2047 987 2140 1042 per

547 1061 819 1117 desertum
859 1078 1064 1125 errans,
1107 1077 1290 1132 vagus,
1347 1063 1519 1126 exsul,
1573 1063 1825 1129 extorris,
1875 1061 2036 1116 domo
2079 1077 2142 1118 ac

547 1152 767 1207 sedibus
815 1154 924 1206 suis
952 1153 1177 1224 pulsus?
1225 1153 1360 1220 Quid
1402 1153 1583 1208 multis
1615 1153 1792 1207 verbis
1841 1167 1977 1221 opus
2017 1152 2140 1206 est?

550 1245 789 1300 Tandem
829 1261 858 1300 e
887 1247 1076 1315 pulria,
1118 1262 1319 1315 suaque
1349 1246 1437 1300 illa
1469 1247 1686 1316 regione
1716 1255 1931 1314 penitus
1959 1254 2140 1299 extur-

549 1337 722 1402 batus,
754 1339 891 1406 apud
924 1339 1180 1392 barbaros
1225 1337 1409 1394 hostes
1437 1348 1493 1393 et
1536 1338 1927 1392 infensissimos
1955 1352 2138 1392 versa-

549 1429 706 1481 batur
743 1443 806 1482 ac
835 1429 1199 1484 molestiorem
1230 1429 1486 1483 servitute
1514 1430 1676 1482 vitam
1704 1429 1986 1494 tolerabat,
2019 1444 2141 1482 cum

549 1520 714 1574 etiam
760 1523 1066 1576 necessario
1094 1528 1234 1576 victu
1280 1531 1509 1576 careret.
1553 1525 1726 1592 Atque
1773 1521 1886 1576 haec
1931 1523 2020 1577 ille
2053 1537 2144 1592 pa-

549 1612 782 1667 tiebatur
810 1623 929 1682 post
974 1613 1240 1668 Samuelis
1269 1615 1582 1678 adventum,
1627 1625 1908 1685 postquam
1951 1623 2144 1670 unctus

550 1705 673 1760 oleo
696 1706 883 1770 fuerat,
915 1713 1035 1775 post
1064 1705 1213 1776 regni
1238 1707 1670 1774 promissionem,
1698 1717 1816 1776 post
1847 1717 2140 1775 sceptrum,

552 1807 671 1865 post
705 1795 971 1861 diadema,
1003 1805 1123 1867 post
1162 1798 1481 1852 electionem
1521 1797 1637 1863 Dei,
1679 1809 1797 1866 post
1834 1797 2143 1868 sull‘ragium

551 1889 628 1944 illi
667 1889 902 1944 delatum
935 1908 946 1942 :
975 1901 1029 1944 at
1072 1890 1200 1945 nihil
1257 1903 1433 1946 tamen
1491 1893 1678 1945 horum
1720 1891 1796 1944 illi
1836 1892 2143 1946 scandalum

555 1981 750 2045 attulit,
770 1997 940 2051 neque
970 1981 1102 2037 dixit
1130 1982 1214 2036 hic
1238 1999 1467 2052 quoque,
1495 1982 1633 2050 Quid
1659 1982 1759 2038 hoc
1784 1984 1860 2038 rei
1889 1983 2010 2038 est?
2034 1983 2146 2054 Ego

555 2071 643 2126 ille
672 2089 788 2140 rex,
815 2082 869 2127 et
896 2083 1098 2127 tantum
1143 2073 1429 2143 adepturus
1473 2076 1780 2144 imperium,
1815 2091 1881 2130 ne
1909 2076 2146 2144 privatus

555 2165 766 2236 quidem
819 2182 938 2220 esse
981 2176 1094 2220 tuto
1145 2181 1398 2235 possum;
1455 2167 1547 2221 sed
1603 2183 1728 2221 erro
1781 2167 1953 2222 l'actus
2003 2184 2143 2232 sum,

556 2259 725 2322 exsul,
750 2259 1001 2320 extorris,
1027 2259 1188 2312 domo
1217 2274 1278 2312 ac
1302 2259 1520 2314 sedibus
1551 2258 1757 2328 pulsus,
1789 2268 1842 2314 et
1867 2275 1917 2312 in
1956 2258 2147 2313 barba-

556 2367 736 2405 rorum
768 2352 1040 2421 regionem
1084 2350 1423 2416 amandatus,
1469 2353 1630 2406 etiam
1673 2351 1977 2408 necessario
2006 2355 2147 2409 victu

555 2460 735 2509 careo,
761 2459 824 2498 ac
863 2444 1087 2513 singulis
1115 2444 1301 2499 diebus
1327 2444 1482 2499 video
1521 2444 1652 2498 mihi
1697 2445 1819 2499 vitae
1850 2445 2146 2513 periculum

558 2538 855 2591 imminere.
889 2535 986 2591 Ubi
1017 2546 1138 2590 sunt
1181 2536 1329 2606 regni
1359 2537 1780 2604 promissiones?
1813 2537 1898 2591 ubi
1936 2538 2146 2608 imperii

556 2628 700 2682 illius
727 2627 1174 2697 pollicitationes?
1199 2628 1342 2682 Nihil
1374 2628 1562 2683 horum
1591 2644 1766 2698 neque
1791 2628 1946 2696 dixit,
1971 2645 2148 2700 neque

555 2719 840 2790 cogitavit;
872 2735 1042 2790 neque
1066 2721 1136 2775 ob
1159 2735 1240 2786 ea,
1266 2736 1384 2790 qum
1406 2720 1730 2787 acciderant,
1758 2721 2147 2776 scandalizatus

557 2823 662 2876 est,
709 2811 802 2866 sed
845 2822 901 2866 et
945 2815 1058 2881 ipse
1111 2813 1270 2868 linem
1310 2813 1725 2883 promissionum
1780 2813 2145 2882 exspectabat.

555 2901 778 2957 Possem
807 2911 986 2958 autem
1013 2914 1067 2958 et
1089 2903 1221 2958 alios
1249 2906 1558 2959 innumeros
1587 2919 2038 2972 commemorare,
2059 2905 2150 2975 qui

557 3010 678 3050 cum
711 2997 762 3049 ih
805 3011 890 3050 res
919 2996 1172 3052 adversas
1216 2997 1552 3064 incidissent,
1594 2999 1815 3054 minime
1853 2999 2148 3068 perturlvtti

559 3099 700 3154 sunt,
731 3088 824 3144 sed
859 3089 947 3144 Dei
991 3090 1313 3158 promissum
1346 3091 1604 3148 memoria
1639 3101 1904 3157 tenentes,
1937 3091 2147 3146 tametsi

556 3180 821 3236 contraria
845 3181 1118 3250 promissis
1138 3192 1328 3236 eventa
1350 3192 1677 3252 Spectarent,
1699 3183 1856 3253 hujus
1877 3185 2149 3255 praeclarae

559 3274 829 3342 patientia:
888 3271 1149 3328 beneﬁcio
1200 3274 1461 3343 gloriosas
1504 3289 1733 3329 coronas
1781 3286 2144 3347 repertarum.

561 3365 625 3420 Et
652 3375 708 3420 tu
746 3366 906 3436 .gitur
943 3380 1214 3437 exspecta,
1247 3367 1614 3433 dilectissime,
1653 3368 1849 3434 linem;
1883 3368 2147 3439 siquidem

558 3458 778 3514 oumino
803 3458 1048 3514 adveniet
1069 3460 1151 3512 vel
1185 3461 1236 3512 in
1278 3460 1380 3514 hoc
1414 3459 1634 3526 Stl'CIIIO,
1666 3460 1748 3514 vel
1771 3461 1823 3514 in
1861 3459 2068 3524 futuro;
2097 3471 2152 3515 et

558 3553 758 3622 ubique
785 3552 1314 3623 incomprehensibili
1345 3553 1441 3608 Dei
1484 3553 1837 3623 providentia
1869 3553 2022 3618 cede,
2049 3569 2148 3609 ne-

558 3663 664 3717 que
691 3649 838 3702 dicas
868 3647 1052 3715 τρυυά
1098 3662 1224 3702 vero
1263 3649 1477 3702 tandem
1525 3647 1818 3703 remedium
1868 3657 1946 3702 tot
1994 3648 2150 3703 malis

561 3740 760 3808 poterit
799 3739 1084 3794 adhiberi?
1134 3754 1306 3819 neque
1346 3739 1560 3794 curiose
1608 3739 1825 3794 modum
1874 3740 2147 3811 exquiras,

555 3848 663 3901 quo
691 3832 830 3886 Deus
854 3831 1108 3886 miracula
1130 3830 1300 3888 soleat
1327 3833 1508 3890 edere.

631 3923 760 3977 CAP.
810 3921 903 3978 XI.
956 3922 1070 3978 Hoc
1124 3941 1224 3978 non
1263 3926 1432 3980 statim
1466 3925 1753 3996 contigisse,
1807 3936 1958 3995 atque
2007 3925 2151 3978 initio

560 4017 814 4068 contraria
833 4025 1015 4068 cuncta
1044 4031 1160 4069 cum
1189 4026 1445 4070 cernerent
1481 4018 1695 4082 evenire,
1727 4026 1912 4070 veteres
1935 4016 2155 4070 scanda-

561 4109 742 4162 lizatos
781 4124 882 4162 non
911 4110 1086 4178 fuisse.
1111 4141 1183 4150 —
1206 4109 1392 4181 Neque
1420 4111 1565 4166 enim
1615 4120 1725 4166 tum
1763 4103 2021 4182 temporis
2051 4113 2153 4167 hoc

557 4202 686 4270 justi
731 4201 806 4255 illi
851 4202 1184 4271 quaerebant,
1222 4203 1523 4271 Quomodo,
1565 4215 1620 4260 et
1659 4221 1762 4277 qua
1816 4207 2022 4262 ratione
2051 4209 2151 4262 ista

562 4296 734 4350 ﬁent?
764 4296 859 4351 sed
890 4311 1012 4352 cum
1059 4299 1236 4353 omnia
1282 4309 1589 4367 cernerent,
1637 4302 1682 4356 si
1716 4302 2152 4358 ratiocinationes

561 4398 870 4459 spectentur
911 4390 1179 4457 humanae,
1223 4392 1276 4445 in
1323 4392 1754 4464 deSperationem
1792 4394 2041 4460 adducta,
2086 4410 2154 4450 ne

561 4482 638 4534 sic
688 4481 901 4550 quidem
960 4484 1441 4551 couturbabantur,
1491 4496 1586 4540 aut
1636 4487 1976 4542 terrebantur
2011 4507 2024 4542 :
2054 4488 2150 4542 sed

563 4573 828 4641 patienter
855 4574 1033 4628 omnia
1065 4574 1328 4642 ferebant,
1357 4591 1421 4630 ac
1448 4577 1810 4632 certissimqu
1841 4580 2054 4648 pignus,
2099 4589 2155 4634 et

561 4674 930 4735 argumentum
967 4669 1209 4736 prOSperi
1232 4681 1519 4723 successus
1535 4671 1780 4724 eventuri
1809 4686 1873 4724 ex
1901 4671 2038 4740 ejus,
2062 4672 2153 4739 qui

563 4759 832 4829 pollicitus
864 4768 1000 4827 erat,
1056 4761 1294 4831 potentia
1332 4761 1672 4832 colligebant,
1721 4779 1895 4834 neque
1934 4775 2157 4835 propter

563 4869 750 4907 eorum
778 4869 897 4924 qua:
937 4855 1248 4910 acciderant
1275 4855 1639 4910 conditionem
1662 4857 1988 4912 contrariam
2038 4859 2156 4912 ani-

563 4963 708 5001 muin
734 4950 887 5018 plane
924 4949 1350 5018 despondebant.
1382 4949 1596 5005 Etenim
1626 4951 1876 5004 solertem
1908 4950 2053 5004 illum
2096 4965 2159 5005 ac

563 5043 858 5111 sapientem
888 5058 1009 5098 esse
1052 5052 1201 5098 certo
1232 5043 1496 5108 sciebant,
1518 5057 1581 5097 ac
1621 5043 1844 5112 proinde
1873 5056 2030 5112 posse
2073 5058 2160 5096 res

565 5133 724 5186 etiam
751 5133 1064 5203 desperatas
1094 5135 1412 5197 instaurare,
1459 5143 1618 5204 atque
1646 5134 1699 5188 in
1729 5144 1929 5188 statum
1971 5134 2157 5188 melio-

566 5242 680 5281 rem
730 5227 955 5295 pristino
1004 5227 1321 5294 restituere,
1373 5241 1686 5296 summaque
1733 5240 1855 5280 cum
1909 5223 2159 5281 facilitate

567 5321 680 5375 suis
710 5321 989 5390 promissis
1034 5319 1196 5374 ﬁnem
1237 5321 1529 5388 imponere.
1564 5319 1634 5374 Et
1681 5327 1734 5373 tu
1766 5320 1943 5390 igitur,
1993 5320 2158 5373 caris-

569 5416 723 5478 sime,
754 5414 865 5468 sive
897 5414 948 5468 in
971 5413 1073 5467 hac
1098 5415 1203 5467 vita
1227 5411 1364 5466 mala
1396 5413 1663 5477 ﬁniantur,
1689 5412 1855 5466 Deum
1881 5413 2117 5482 glorilica
2145 5431 2158 5466 :

568 5509 682 5562 sive
707 5508 997 5576 majoribus
1023 5506 1424 5562 dillicultatibus
1456 5508 1808 5570 involvantur,
1839 5509 1917 5562 sic
1946 5523 2162 5577 quoque

568 5601 766 5672 gratias
800 5617 920 5671 age,
949 5618 1121 5673 neque
1147 5602 1456 5656 scandalum
1486 5613 1685 5672 patere,
1715 5618 1838 5658 cum
1862 5604 2028 5672 probe
2061 5619 2162 5656 no-

572 5696 712 5750 veris
739 5695 1053 5749 immensam
1082 5710 1201 5750 esse
1229 5710 1401 5764 neque
1434 5695 1563 5750 satis
1592 5696 1816 5765 exprimi
1847 5710 2004 5766 posse
2037 5694 2161 5763 pro;

573 5789 858 5842 videntiam
904 5789 1017 5854 Dei,
1061 5804 1121 5844 ac
1157 5790 1315 5860 plane
1361 5789 1618 5855 futurum,
1652 5799 1708 5843 ut
1745 5792 1921 5845 omnia
1961 5805 2162 5845 conve-

581 5882 813 5936 nientem
856 5883 1014 5938 llnem
1054 5883 1361 5951 sortiantur,
1403 5884 1512 5938 sit"
1554 5883 1606 5938 in
1639 5884 1739 5938 hoc
1783 5884 2001 5951 szeculo,
2049 5885 2163 5942 sive

3749 387 3856 443 suis

2256 506 2307 558 in
2333 505 2530 560 futuro.
2562 506 2718 574 Quod
2757 510 2801 562 si
2833 508 2973 578 quis,
3005 508 3132 563 dum
3163 509 3404 565 futurum
3443 511 3613 576 audit,
3655 523 3712 568 et
3748 529 3861 581 pne

2249 597 2410 650 nimia
2453 598 2890 668 pusillaniinitate
2917 599 3019 653 hoc
3046 600 3098 654 in
3133 600 3232 656 hac
3262 602 3368 655 vita
3414 613 3666 672 spectare
3699 604 3857 658 festi-

2246 696 2355 750 net,
2385 688 2432 740 ei
2459 703 2556 742 nos
2575 687 2819 743 dicemus
2839 699 2948 744 tum
2979 706 3160 746 veram
3194 693 3354 746 vitam
3385 704 3437 747 et
3465 710 3554 748 res
3585 707 3856 750 constan-

2251 787 2332 831 tes
2372 790 2425 830 et
2460 781 2710 833 immotas
2740 797 2838 835 nos
2871 798 3108 837 manere.
3157 783 3262 838 Res
3291 765 3488 855 quippe
3529 798 3859 856 prmscntcs,

2249 869 2332 922 via
2362 881 2518 932 sunt;
2551 871 2644 924 sed
2682 871 2802 937 ill:e,
2838 875 3009 942 patria
3039 891 3050 926 :
3077 889 3176 944 res
3205 875 3364 945 hujus
3387 878 3583 947 saeculi
3631 878 3864 934 ﬂoribus

2250 961 2427 1014 vernis
2469 972 2594 1014 sunt
2638 963 2859 1028 similes,
2914 965 3020 1020 illae
3072 982 3200 1022 vero
3244 970 3394 1023 saxis
3437 970 3862 1026 immobilibus:

2251 1053 2358 1106 illic
2389 1068 2604 1108 coronxe
2630 1070 2693 1109 ac
2724 1059 3186 1115 remunerationes
3225 1076 3343 1130 qute
3373 1062 3532 1116 linem
3581 1065 3862 1128 nesciunt,

2251 1145 2357 1200 illic
2381 1149 2596 1216 przemia
2636 1158 2690 1204 et
2719 1149 2922 1216 bravia,
2953 1151 3059 1206 illic
3086 1167 3258 1222 postne
3287 1163 3448 1223 atque
3476 1156 3752 1224 supplicia
3790 1158 3865 1210 in-

2251 1238 2532 1293 toleranda
2558 1255 2766 1307 eorum,
2809 1244 2899 1312 qui
2931 1233 3193 1312 ejusmodi
3235 1246 3435 1300 scelera
3468 1249 3861 1317 perpetrarint.

2249 1329 2385 1396 Quid
2413 1346 2542 1401 ergo
2571 1332 2813 1388 dicemus
2839 1335 2905 1388 ad
2935 1350 3049 1399 eos,
3076 1352 3213 1406 quos
3240 1335 3466 1393 ’interim
3495 1339 3859 1394 scandalizari

2251 1421 2560 1478 videamus?
2610 1425 2754 1480 dicet
2798 1427 3010 1496 aliquis.
3057 1429 3124 1482 At
3166 1437 3220 1482 tu
3257 1445 3353 1484 cur
3391 1447 3498 1486 non
3547 1447 3647 1488 eos
3697 1434 3862 1487 etiam

2251 1529 2662 1580 commemoras,
2695 1519 2784 1586 qui
2830 1519 3030 1573 idcirco
3071 1521 3577 1601 liunt'illustriores,
3626 1523 3727 1578 sed
3770 1541 3864 1579 eos

2254 1620 2455 1664 tantum
2487 1612 2574 1680 qui
2607 1613 2879 1682 religionis
2914 1613 3058 1667 larva
3103 1620 3162 1668 se
3195 1615 3462 1685 tegebant,
3507 1628 3560 1671 et
3593 1633 3743 1672 nunc
3771 1617 3863 1672 de-

2255 1701 2679 1770 prehenduntur,
2712 1705 2762 1757 in
2796 1703 3033 1758 medium
3063 1705 3320 1760 adducis?
3341 1706 3460 1761 Non
3490 1708 3644 1763 vides
3669 1725 3860 1763 aurum

2253 1793 2470 1862 purgari
2520 1793 2717 1860 solere,
2771 1796 3048 1863 plumbum
3099 1805 3277 1851 autem
3324 1798 3432 1853 tale
3475 1799 3863 1870 deprehendi’

2254 1883 2434 1952 paleas
2483 1899 2510 1937 a
2542 1883 2815 1940 frumento
2853 1889 3088 1955 secerni,
3125 1888 3279 1959 lupos
3322 1890 3390 1943 ab
3438 1891 3657 1957 ovibus,
3694 1892 3861 1964 hypo-

2252 1977 2412 2029 critas
2450 1976 2517 2029 ab
2549 1976 2613 2030 iis
2635 1977 2724 2046 qui
2770 1993 2894 2031 vera
2924 1979 3122 2047 pietate
3155 1980 3364 2049 praediti
3407 1982 3644 2036 vivunt?
3672 1982 3857 2052 Itaque

2252 2069 2298 2122 si
2346 2069 2559 2138 quando
2597 2069 2780 2124 videas
2824 2070 3015 2124 borum
3058 2071 3346 2138 scandala,
3398 2075 3621 2128 veniant
3669 2075 3765 2130 tibi
3808 2077 3856 2130 in

2255 2171 2487 2217 mentem
2514 2163 2728 2218 illorum
2757 2164 3012 2232 prteclara
3057 2164 3289 2220 facinora
3315 2178 3370 2221 et
3402 2169 3696 2237 preconia.
3724 2168 3859 2241 Sap-

2256 2255 2474 2324 plantati
2497 2256 2871 2326 suntquidam,
2900 2265 2955 2310 at
2978 2257 3143 2310 multo
3167 2258 3348 2326 plures
3366 2268 3660 2327 steterunt,
3690 2263 3859 2331 majo-

2254 2362 2474 2417 remque
2524 2348 2625 2402 sibi
2669 2350 2972 2402 mercedem
3003 2357 3404 2417 compararunt,
3436 2365 3616 2420 neque
3643 2352 3866 2406 insidia-

2257 2449 2429 2494 torum
2481 2440 2740 2509 potentia,
2799 2455 2972 2510 neque
3020 2449 3320 2510 temporum
3377 2442 3700 2498 dil‘licultate
3751 2460 3868 2514 pro.

2255 2533 2429 2587 strati.
2484 2534 2554 2586 At
2593 2532 2667 2585 illi
2712 2532 2802 2602 qui
2852 2532 3176 2603 supplantati
3233 2543 3378 2601 sunt,
3419 2535 3523 2590 sibi
3576 2536 3714 2606 ipsis
3765 2536 3862 2591 hoc

2257 2625 2519 2695 imputem
2548 2643 2562 2680 :
2595 2626 3026 2696 quandoquidem
3068 2635 3121 2681 et
3169 2635 3277 2682 tres
3324 2629 3478 2698 pueri
3537 2630 3794 2699 quamvis
3835 2647 3863 2684 ει.

2255 2719 2624 2773 sacerdotibus
2667 2719 2858 2783 avulsi,
2903 2733 2933 2771 a
2973 2719 3191 2788 templo,
3226 2719 3293 2772 ab
3341 2721 3522 2786 altari,
3555 2732 3611 2775 ct
3656 2723 3862 2794 reliqua

2256 2813 2400 2867 omni
2432 2813 2562 2882 legis
2601 2811 3003 2878 observatione,
3034 2822 3197 2882 atque
3223 2814 3273 2867 in
3304 2814 3476 2868 media
3502 2815 3865 2871 barbarorum

2256 2908 2471 2978 regione
2489 2904 2830 2975 deprehensi,
2871 2919 3078 2959 summa
3107 2921 3227 2959 cum
3250 2905 3524 2976 diligentia
3558 2907 3736 2978 legem
3765 2907 3864 2962 ob-

2256 3007 2578 3056 servarunt:
2612 2999 2725 3068 pari
2760 2999 2966 3054 ratione
3000 3000 3206 3062 Daniel,
3231 3007 3285 3054 et
3312 2999 3400 3053 alii
3425 2999 3602 3066 multi,
3636 3010 3694 3055 et
3725 3015 3865 3055 non—

2259 3095 2391 3150 nulli
2441 3093 2660 3151 quidem
2713 3093 2766 3147 in
2823 3092 3186 3162 captivitatem
3231 3092 3447 3147 abducti
3495 3093 3632 3147 nihil
3681 3092 3866 3149 damni

2256 3186 2520 3251 fecerUnt,
2549 3185 2635 3239 alii
2660 3199 2789 3239 vero
2808 3199 2929 3238 cum
2953 3184 3095 3238 domi
3122 3185 3466 3250 mansissent,
3498 3185 3868 3254 omnibusque

2257 3281 2430 3344 bouis,
2459 3294 2578 3348 quae
2600 3279 2650 3331 in
2678 3277 2850 3348 patria
2877 3277 3255 3346 suppetebant,
3280 3276 3432 3347 potiti
3457 3287 3666 3344 essent,
3695 3277 3868 3333 oII'en-

2255 3375 2472 3440 derunt,
2507 3374 2736 3440 etluere
2763 3372 3022 3427 damnati.

2329 3470 2456 3524 CAP.
2486 3466 2600 3521 XII.
2649 3467 2763 3534 Qua
2795 3465 2858 3520 de
2885 3481 3039 3519 causa
3073 3465 3304 3519 homines
3343 3464 3558 3535 improbi
3590 3475 3638 3518 et
3672 3467 3867 3520 dieme-

2257 3580 2345 3616 nes
2375 3571 2420 3614 et
2447 3560 2678 3614 diabolus
2712 3559 2765 3612 in
2798 3559 2894 3612 hoc
2931 3557 3122 3612 mundo
3157 3558 3296 3623 sint;
3337 3557 3582 3611 scandala
3619 3576 3712 3612 cur
3746 3577 3866 3629 per-

2256 3655 2429 3708 missa.
2475 3681 2549 3692 -—
2593 3651 2744 3718 Quod
2784 3651 2830 3704 si
2868 3664 3115 3720 quaeras,
3156 3667 3260 3719 qua
3299 3651 3366 3705 de
3391 3665 3550 3704 causa
3599 3653 3867 3720 permissa

2256 3747 2364 3800 sint
2392 3747 2515 3810 ista,
2559 3757 2732 3812 neque
2763 3741 2973 3796 areanis
2991 3741 3452 3811 dispensationem
3481 3741 3599 3810 ejus
3635 3743 3868 3796 rationi-

2260 3842 2359 3896 bus
2386 3839 2713 3911 acquiescas,
2739 3838 2832 3893 sed
2856 3839 3032 3892 omnia
3063 3837 3280 3892 studeas
3294 3838 3510 3893 curiose
3531 3838 3865 3907 disquirere,

2259 3933 2512 4002 paulatim
2556 3929 2903 4002 progrediens
2940 3929 3133 3983 inultas
3186 3930 3317 3984 alias
3358 3931 3689 3999 quzestiones
3739 3946 3868 4000 pro-

2261 4037 2446 4094 pones,
2474 4021 2704 4091 exempli
2737 4035 2919 4085 causa,
2950 4019 3301 4075 curlnereses
3326 4022 3729 4089 permittantur,
3761 4037 3868 4092 qua

2259 4115 2327 4170 de
2353 4129 2511 4169 causa
2537 4113 2813 4179 diabolus,
2860 4127 2962 4181 qua
2993 4110 3059 4166 de
3089 4126 3247 4165 causa
3273 4110 3549 4167 dzemoues
3578 4155 3593 4178 ,
3639 4126 3740 4167 cur
3771 4113 3871 4168 ho.

2261 4208 2430 4261 mines
2463 4206 2725 4276 improbi,
2775 4214 2830 4260 et
2859 4205 2946 4274 qui
2992 4204 3190 4258 multos
3217 4203 3563 4274 supplantant
3595 4223 3608 4258 :
3638 4215 3695 4260 et
3719 4208 3867 4276 quod

2259 4301 2497 4354 omnium
2529 4309 2610 4355 est
2637 4299 2857 4353 istorum
2877 4305 3055 4366 caput,
3089 4313 3186 4351 cur
3210 4295 3460 4351 adveniat
3488 4295 3867 4362 antichristus,

2260 4395 2350 4464 qui
2381 4401 2522 4447 tanta
2562 4393 2726 4462 pollet
2752 4391 2818 4446 ad
2849 4389 3222 4461 decipiendum
3248 4391 3483 4460 potentia
3510 4431 3524 4454 ,
3569 4399 3628 4445 ut
3668 4390 3870 4446 dixerit

2262 4487 2505 4542 Christus
2530 4501 2652 4540 eum
2681 4495 2826 4540 tanta
2857 4486 3242 4555 prmstiturum,
3271 4496 3328 4539 ut
3353 4485 3407 4538 in
3435 4500 3677 4539 errorem
3713 4485 3871 4540 indu-

2261 4590 2484 4643 cantur,
2527 4595 2569 4634 SI
2619 4579 2730 4634 lieri
2763 4587 2970 4649 potest,
3013 4579 3173 4632 etiam
3204 4578 3360 4633 electi
3389 4575 3602 4646 (Matth.
3629 4577 3724 4633 24.
3749 4577 3867 4648 24).

2261 4675 2331 4728 At
2352 4675 2493 4727 enim
2523 4673 2622 4727 ista
2650 4668 2937 4742 quaerenda
2971 4687 3074 4724 non
3107 4677 3268 4734 sunt,
3301 4670 3393 4724 sed
3425 4679 3549 4725 sunt
3573 4673 3756 4725 omnia
3784 4673 3868 4726 in-

2263 4765 2731 4837 compreliensibili
2764 4765 2855 4819 Dei
2884 4765 3160 4834 sapientia:
3197 4764 3602 4819 committenda.
3659 4764 3798 4820 Nam
3829 4767 3871 4820 is

2263 4858 2478 4930 quidem
2506 4859 2597 4928 qui
2623 4873 2917 4929 generosus
2939 4867 2992 4911 et
3019 4867 3273 4911 constans
3299 4866 3402 4922 est,
3433 4857 3680 4926 quamvis
3710 4860 3870 4912 innu-

2264 4951 2398 5007 meri
2442 4950 2632 5006 ﬂuctus
2657 4991 2671 5013 ,
2723 4950 2967 5020 quamvis
3008 4950 3305 5003 innumerae
3354 4946 3605 5018 procellae
3637 4948 3869 5014 irruant,

2265 5061 2370 5101 non
2397 5045 2560 5100 modo
2587 5045 2716 5098 nihil
2745 5044 2959 5098 laeditur
2977 5085 2991 5108 ,
3040 5042 3133 5096 sed
3160 5043 3320 5096 etiam
3349 5041 3622 5096 robustior
3647 5043 3830 5096 evadit
3858 5061 3870 5102 ;

2265 5139 2548 5193 imbecillis
2599 5147 2776 5192 autem
2805 5180 2821 5203 ,
2871 5146 2924 5191 et
2955 5136 3130 5189 mollis
3155 5151 3218 5190 ac
3259 5135 3409 5205 piger
3448 5135 3610 5189 etiam
3653 5137 3874 5192 nemine

2267 5234 2612 5303 impugnante
2643 5247 3014 5302 saepenumero
3041 5231 3292 5284 concidit.
3341 5228 3495 5296 Quod
3536 5230 3580 5284 si
3609 5228 3752 5285 forte
3782 5248 3862 5285 ra.

2269 5327 2464 5381 tionem
2483 5327 2776 5380 etiamnum
2807 5326 3039 5395 aliquam
3066 5323 3206 5378 scire
3239 5323 3523 5378 contendis
3546 5363 3562 5388 ,
3595 5325 3724 5377 audi
3752 5340 3866 5378 eam

2267 5433 2387 5487 quae
2433 5417 2586 5470 nobis
2633 5424 2905 5485 comperta
2947 5425 3046 5471 est.
3098 5415 3234 5470 Sunt
3272 5416 3414 5470 enim
3461 5415 3580 5469 alite
3625 5416 3869 5486 plurime

2268 5510 2378 5564 Deo
2421 5517 2598 5574 notat,
2645 5509 2736 5578 qui
2781 5509 2992 5562 diverso
3037 5508 3293 5577 varioque
3335 5507 3497 5562 modo
3529 5522 3616 5560 res
3657 5521 3871 5562 nostras

2267 5601 2530 5671 gubernat
2575 5601 2857 5654 universas
2889 5617 2902 5653 :
2937 5615 3096 5669 quam
3128 5610 3307 5654 autem
3348 5614 3448 5652 nos
3474 5601 3699 5663 scimus,
3736 5601 3858 5653 bam

2269 5695 2481 5749 interim
2507 5694 2709 5763 accipe.
2764 5693 3001 5747 Dicimus
3035 5691 3283 5746 scandala
3315 5693 3410 5745 ista
3436 5705 3555 5745 esse
3583 5694 3870 5759 permissa.

2271 5798 2329 5844 ut
2357 5804 2423 5843 ne
2453 5787 2666 5842 fortium
2698 5803 2760 5842 ac
2803 5801 3189 5857 generosarum
3221 5786 3436 5856 prtemia
3472 5787 3868 5849 minuerentur,

2271 5883 2413 5955 quod
2460 5892 2513 5939 et
2556 5880 2750 5938 Jobum
2798 5881 3074 5952 alloquens
3120 5880 3260 5937 Deus
3315 5879 3606 5948 indicavit,
3660 5881 3868 5947 dicens,
