4050 6422
205 331 314 388 507

203 441 453 513 βασιλέα,
472 439 569 492 καὶ
600 438 786 492 λαϐεῖν
821 435 917 491 τοῦ
943 435 1119 508 δήμου
1147 435 1257 489 τῶν
1285 433 1554 506 Ἐϐραίων
1575 431 1644 486 τὰ
1676 428 1808 500 σκῆ-

199 549 352 602 πτρα
377 534 445 603 τῇ
470 529 567 585 τοῦ
585 527 721 585 Θεοῦ
743 529 932 601 ψήφῳ,
952 528 1128 584 καὶτὸ
1144 526 1398 600 λαμπρὸν
1413 527 1592 580 ἐκεῖνο
1614 523 1811 594 στῆσαι

200 625 470 698 τρόπαιον
495 623 640 680 κατά
655 623 750 677 τοῦ
778 623 1082 695 βαρϐάρου,
1097 623 1170 675 τὰ
1195 619 1564 692 χαλεπώτατα
1590 617 1810 670 πάντων

199 715 568 790 “Mdg-nues,
603 715 1047 787 πολεμούμενος,
1094 712 1585 783 ἐπιϐουλευόμενος
1657 704 1812 780 παρά

196 808 298 863 τοῦ
323 809 518 875 Σαοὺλ,
539 810 673 879 περὶ
690 807 821 862 αὐτὸ
845 805 907 860 τὸ
938 804 1042 878 ζῇν
1074 802 1421 866 κινδυνεύων,
1437 803 1519 865 εἰς
1534 799 1813 870 πολέμους

197 901 527 971 ἐπισφαλεῖς
548 899 996 972 ἐκπεμπόμενος,
1018 894 1260 967 συνεχῶς
1285 894 1422 967 πρὸς
1443 893 1544 965 τὴν
1571 891 1810 964 ἐρημίαν

198 991 591 1064 ἐλαυνόμενος,
621 991 854 1063 ἀλήτης,
891 989 1095 1060 φυγάς,
1153 987 1368 1053 ἄπολις,
1423 990 1641 1052 ἄοικος,
1681 1003 1812 1058 μετ-

201 1085 453 1156 ανάστης
469 1085 785 1156 γενόμενος
802 1084 868 1138 Τί
897 1084 979 1138 δεί
997 1085 1064 1139 τὰ
1090 1084 1263 1140 πολλὰ
1285 1085 1501 1152 λέγειν;
1532 1080 1701 1144 Τέλος
1717 1080 1813 1134 καὶ

197 1178 304 1248 τῆς
335 1177 597 1250 πατρίδος
627 1178 721 1230 καὶ
741 1179 840 1249 τῆς
859 1179 1068 1243 οἰκείας
1095 1177 1281 1251 χώρας
1309 1177 1532 1248 ἀπάσης
1550 1176 1813 1242 ἐξέπεσεν

198 1271 450 1340 ἐκείνης,
481 1272 628 1342 παρὰ
661 1270 961 1342 βαρϐάροις
985 1274 1097 1336 τοῖς
1119 1270 1404 1342 πολεμίοις
1428 1269 1522 1324 καὶ
1549 1267 1813 1340 ἐχθροτά-

199 1380 320 1428 τοις
353 1363 668 1436 διατρίϐων,
701 1363 796 1417 καὶ
820 1363 1066 1426 δουλείας
1092 1363 1482 1435 χαλεπωτέραν
1514 1361 1812 1433 ὑπομένων

201 1454 375 1526 ζωήν·
405 1455 626 1528 καὶγὰρ
656 1455 751 1509 καὶ
768 1455 871 1526 τῆς
886 1455 1196 1525 ἀναγκαίας
1222 1456 1420 1528 ἠπόρει
1444 1455 1674 1528 τροφῆς.
1700 1455 1811 1507 Καὶ

196 1545 380 1603 ταῦτα
428 1547 635 1620 ἔπασχε
681 1551 822 1620 μετά
866 1549 967 1621 τὴν
1011 1548 1320 1622 παρουσίαν
1369 1547 1468 1601 τοῦ
1519 1546 1809 1618 Σαμουὴλ,

203 1640 349 1710 μετά
378 1639 479 1712 τὴν
510 1640 604 1694 τοῦ
629 1639 810 1695 ἐλαίου
837 1641 1046 1714 χρίσιν,
1076 1641 1216 1713 μετὰ
1247 1638 1348 1711 τὴν
1385 1639 1491 1711 τῆς
1529 1637 1810 1709 βασιλείας

199 1738 523 1810 ὑπόσχεσιν,
585 1738 724 1809 μετά
770 1739 840 1792 τά
897 1737 1191 1809 σκῆπτρα,
1247 1735 1388 1807 μετά
1421 1735 1484 1790 τὸ
1529 1734 1808 1806 διάδημα,

201 1831 348 1902 μετά
379 1830 476 1904 τὴν
511 1829 606 1884 τοῦ
636 1830 772 1884 Θεοῦ
804 1830 1163 1902 χειροτονίαν,
1218 1831 1315 1882 καὶ
1362 1828 1462 1901 τὴν
1487 1829 1675 1899 ψῆφον
1708 1827 1811 1900 τὴν

196 1925 292 1977 ἐπ’
320 1925 500 1992 αύτιῖιο
531 1925 625 1978 καὶ
649 1924 801 1995 ὅμως
839 1923 992 1976 οὐδὲν
1027 1923 1192 1977 αὑτὸν
1237 1922 1447 1976 τούτων
1484 1920 1812 1976 ἐσκανδάλι-

206 2033 324 2082 σεν,
357 2017 478 2071 οὐδὲ
509 2012 663 2070 εἶπεν
707 2015 832 2070 οὐδὲ
877 2009 1067 2079 οὗτος,
1093 2013 1158 2068 Τί
1200 2013 1394 2083 τοῦτο;
1437 2015 1498 2070 '0
1555 2013 1811 2084 βασιλεῦς

198 2108 339 2178 ἐγὼ,
370 2111 466 2164 καὶ
489 2108 761 2181 τοσαύτης
786 2108 998 2180 μέλλων
1027 2108 1206 2180 ἀρχῆς
1228 2107 1668 2171 ἀπολαύσεσθαι,
1686 2106 1813 2163 ούδέ

202 2199 424 2273 ἰδιώτης
457 2201 595 2272 μετά
628 2197 1100 2270 ἀσφαλείᾳςέίναι
1133 2200 1397 2273 δύναμαι·
1434 2200 1571 2255 ἀλλά
1601 2201 1812 2272 ἀλήτης

197 2294 427 2364 γέγονα,
453 2293 548 2348 καὶ
573 2292 772 2364 φυγάς,
811 2294 1028 2358 ἄπολις,
1056 2293 1263 2358 ἄοικος,
1302 2293 1672 2364 μετανάστης,
1716 2292 1813 2346 καὶ

199 2390 285 2452 είς
328 2386 602 2460 βάρϐαρον
637 2386 958 2459 ἀπηνέχθην
988 2386 1176 2460 χώραν
1220 2388 1316 2442 καὶ
1340 2388 1456 2458 τῆς
1501 2387 1812 2457 ἀναγκαίας

200 2477 431 2550 ἀπορῶν
484 2478 721 2550 τροφῆς,
756 2480 853 2534 καὶ
899 2479 1030 2550 περὶ
1078 2479 1188 2532 τῶν
1237 2479 1486 2551 ἐσχάτων
1519 2477 1635 2550 ὁρῶ
1687 2477 1814 2532 καθ’

201 2570 446 2641 ἑκάστην
461 2571 674 2643 ἡμέραν
697 2572 1149 2644 ἐπικρεμάμενον
1178 2589 1270 2644 μοι
1291 2573 1384 2626 τὸν
1410 2571 1679 2627 κίνδυνον.
1699 2571 1813 2626 Ποῦ

199 2663 305 2735 τῆς
323 2663 601 2736 βασιλείας
628 2666 683 2718 αί
711 2664 1074 2736 ύποσχέσεις;
1103 2665 1208 2720 ποῦ
1229 2667 1331 2736 τῆς
1361 2665 1540 2738 ἀρχῆς
1568 2667 1624 2720 αί
1642 2668 1815 2736 ἐπαγ·

201 2755 385 2824 γελίαι
417 2757 668 2828 ἐκείνης;
701 2757 868 2810 Οὐδὲν
899 2757 1106 2810 τούτων
1141 2758 1241 2811 οὐκ
1275 2753 1574 2823 είπεν,οὐκ
1592 2756 1812 2828 ἐνενόη-

202 2864 324 2904 σενο
355 2849 458 2901 οὐκ
514 2848 912 2920 ἐσκανδαλίσθη
937 2851 1051 2913 τοῖς
1073 2849 1405 2921 γινομένοις,
1424 2847 1562 2903 ἀλλά
1585 2847 1816 2920 ἀνέμενε

204 2939 302 2994 καὶ
331 2939 497 3003 αὐτὸς
523 2939 585 2993 τὸ
614 2939 768 3004 τέλος
797 2940 908 2993 τῶν
941 2941 1315 3012 ὑποσχέσεων.
1353 2942 1466 2996 Καὶ
1500 2943 1723 3015 ἐτέρους
1756 2940 1817 2994 δὲ

208 3033 444 3106 μυρίους
484 3033 632 3086 ἔστιν
661 3035 855 3093 εἰπεῖν.
887 3035 938 3088 οἳ
965 3034 1224 3105 χαλεποῖς
1246 3036 1646 3108 περιπεσόντες
1669 3037 1816 3107 πρά-

201 3141 436 3196 γμασιν,
464 3125 566 3178 ούκ
591 3123 1029 3195 ἐθορυϐήθησαν,
1059 3124 1198 3179 ἀλλά
1225 3124 1321 3180 τοῦ
1349 3125 1490 3180 Θεοῦ
1515 3126 1614 3197 τήν
1636 3127 1818 3196 ἀπαγ-

204 3217 396 3287 γελίαν
435 3218 784 3289 κατέχοντες,
824 3220 874 3272 εἰ
906 3219 1002 3274 καὶ
1036 3218 1261 3274 ἐναντία
1300 3219 1368 3273 τά
1402 3220 1666 3290 γινόμενα
1695 3221 1818 3285 ταῖς

204 3309 572 3380 ὑποσχέσεσιν
603 3306 693 3382 ἦν,
719 3309 809 3365 διά
838 3311 937 3382 τῆς
965 3310 1263 3384 καλλίστης
1296 3311 1504 3383 ταύτης
1532 3312 1819 3384 ὑπομονῆς

204 3402 500 3475 λαμπροὺς
523 3403 815 3474 ἐδρέποντο
836 3405 963 3469 τοὺς
982 3405 1286 3474 στεφάνους
1303 3419 1351 3459 ι.
1385 3405 1500 3459 Καὶ
1526 3407 1593 3460 σὺ
1611 3405 1815 3469 τοίνυν,

204 3497 485 3570 ἀγαπητὴ
515 3497 757 3569 ἀνάμενε
791 3498 885 3551 καὶ
929 3497 1094 3562 αὐτὸς
1123 3497 1185 3552 τὸ
1226 3497 1406 3562 τέλος·
1443 3498 1666 3563 πάντως
1705 3499 1819 3571 γὰρ

207 3591 608 3662 ἀπαντήσεται,
648 3589 681 3660 ἦ
737 3588 997 3654 ἐνταῦθα,
1031 3590 1066 3660 ἢ
1113 3590 1173 3643 ἐν
1209 3589 1290 3660 τῷ
1331 3589 1583 3660 μέλλοντι
1608 3591 1770 3646 αίῶνι
1801 3609 1814 3622 ·

208 3685 308 3737 καὶ
336 3682 662 3754 παραχώρει
705 3682 986 3752 πανταχοῦ
1032 3681 1112 3753 τῷ
1155 3683 1534 3756 ἀκαταλήπτῳ
1583 3687 1687 3758 τῆς
1721 3685 1818 3741 τοῦ

207 3773 350 3828 θεοῦ
382 3773 658 3844 προνοίας,
705 3774 800 3828 καλ⁸
853 3774 929 3846 μὴ
980 3773 1130 3845 λέγε,
1184 3774 1310 3839 Πῶς
1365 3775 1423 3829 δὲ
1466 3775 1537 3830 τὰ
1578 3778 1823 3834 τοσαῦτα

211 3865 361 3919 κακά
391 3863 621 3936 λήψεται
659 3865 981 3936 διόρθωσιν;
1017 3867 1154 3939 μηδὲ
1188 3867 1559 3940 περιεργάζου
1593 3874 1693 3943 τῆς
1725 3871 1822 3926 τοῦ

209 3956 351 4011 θεοῦ
381 3956 840 4028 παραδοξοποιίας
861 3957 953 4011 τὸν
981 3959 1205 4028 τρόπον.

288 4052 428 4119 Κεφ.
463 4050 555 4107 ια’.
604 4051 743 4105 Οὑδέ
771 4049 881 4121 γὰρ
912 4051 962 4104 οἱ
1001 4051 1206 4106 δίκαιοι
1250 4052 1376 4106 τότε
1421 4055 1624 4111 ἐκεῖνοι
1659 4057 1824 4113 τοῦτο

210 4144 512 4213 ἐζήτησαν,
535 4141 618 4204 τὸ,
638 4140 764 4204 Πῶς
791 4141 886 4196 καὶ
923 4141 1029 4197 τίνι
1063 4143 1252 4214 τρόπῳ
1276 4145 1454 4200 ταῦτα
1479 4146 1636 4202 ἔσται
1661 4167 1674 4182 ·
1708 4151 1827 4204 ἀλλ’

209 4233 452 4306 ὁρῶντες
467 4234 548 4296 είς
559 4232 874 4300 ἀπόγνωσιν
893 4233 1032 4286 κατά
1052 4233 1402 4306 ἀνθρώπινον
1413 4236 1676 4311 λογισμὸν
1697 4242 1828 4296 πάν.

211 4345 287 4384 τα
313 4328 614 4399 φερόμενα,
645 4326 768 4380 ούδέ
801 4324 978 4390 οὕτως
1013 4327 1394 4399 ἐθορυϐοῦντο,
1435 4333 1559 4386 οὐδὲ
1593 4336 1828 4406 ἐταράτιι

211 4438 373 4476 τοντο
389 4437 402 4449 ·
427 4419 544 4473 ἀλλ’
567 4418 764 4489 ἔφερον
781 4419 1000 4474 ἅπαντα
1019 4419 1306 4488 γενναίως,
1324 4423 1592 4496 μεγίστην
1609 4426 1828 4498 ἔχοντες

213 4511 496 4578 ἀπόδειξιν
511 4512 622 4565 τῶν
643 4512 921 4583 ἐσομένων
941 4511 1198 4583 χρηστῶν
1213 4514 1314 4586 τὴν
1330 4508 1566 4587 δύναμιν
1577 4518 1674 4572 τοῦ
1695 4521 1830 4574 ὑπο-

216 4606 512 4677 σχομένου,
535 4604 630 4658 καὶ
650 4605 760 4658 ἀπὸ
780 4605 878 4674 τῆς
899 4604 1008 4658 τῶν
1024 4607 1328 4677 γινομένων
1347 4609 1734 4683 ἐναντιότητος
1748 4615 1830 4678 εἰς

214 4701 533 4768 ἀπόγνωσιν
563 4699 665 4752 οὐκ
688 4699 1080 4769 ἐμπίπτοντες.
1115 4699 1356 4772 ’ῌδεσαν
1378 4701 1486 4774 γὰρ
1514 4706 1725 4774 σαφῶς,
1745 4707 1830 4761 ὅτι

215 4795 532 4866 εὐμήχανος
571 4795 648 4847 ὢν
677 4794 770 4848 καὶ
805 4792 993 4862 σοφὸς,
1027 4791 1323 4862 δυνήσεται
1364 4795 1461 4848 καὶ
1503 4798 1643 4867 μετά
1675 4801 1738 4853 τὸ
1760 4800 1830 4853 τά

221 4891 526 4962 πράγματα
577 4888 1028 4959 ἀπαγορευθῆναι
1086 4890 1510 4960 ἀνακτήσασθαί
1566 4908 1628 4944 τε
1687 4891 1829 4945 αὐτὰ

221 4983 426 5054 μᾶλλον
457 4981 492 5051 ἢ
520 4981 851 5051 ἔμπροσθεν,
893 4981 990 5034 καὶ
1019 4983 1160 5052 μετά
1198 4983 1405 5055 πολλῆς
1436 4983 1538 5054 τῆς
1575 4984 1830 5050 εὐκολίας

215 5080 331 5140 τοῖς
384 5075 804 5143 ἐπαγγελθεῖσιν
852 5076 1124 5129 ἐπιθεῖναι
1154 5077 1328 5140 τέλος.
1376 5078 1488 5132 Καὶ
1525 5077 1591 5131 σὺ
1629 5079 1830 5148 τοίνυν,

217 5169 499 5239 ἀγαπητέ,
530 5169 594 5223 ἄν
632 5185 692 5221 τε
727 5171 784 5221 ἐν
813 5168 892 5239 τῷ
923 5170 1155 5242 παρόντι
1188 5171 1288 5240 βίῳ
1333 5171 1478 5244 λάϐῃ
1504 5171 1574 5226 τὰ
1603 5172 1832 5244 λυπηρὰ

219 5264 397 5327 λύσιν,
425 5260 614 5326 δόξαζε
635 5263 727 5315 τὸν
760 5262 913 5316 Θεόψ
956 5262 1022 5316 άν
1051 5280 1111 5316 τε
1143 5265 1224 5327 εἰς
1254 5265 1495 5338 δυσχερῆ
1519 5265 1830 5341 καταλύσῃ,

221 5358 317 5411 καὶ
339 5355 516 5417 οὕτως
539 5355 875 5427 εὐχαρίστει,
901 5357 997 5408 καὶ
1032 5356 1201 5426 μηδὲν
1235 5357 1600 5422 σκανδαλίζου
1622 5399 1638 5422 ,
1673 5358 1833 5423 εἰδὼς

222 5450 412 5518 σαφῶς
461 5447 556 5500 τοῦ
588 5448 724 5503 Θεοῦ
767 5448 868 5519 τὴν
905 5448 1162 5522 πρόνοιαν
1191 5449 1291 5522 τὴν
1335 5451 1568 5522 ἄπειρον
1608 5453 1705 5504 καὶ
1741 5453 1832 5524 ἐρ-

228 5541 568 5615 μηνευθῆναι
603 5541 680 5613 μὴ
707 5543 1040 5613 δυναμένην,
1077 5543 1173 5597 καὶ
1211 5544 1295 5597 ὃτι
1340 5544 1569 5606 πάντως
1599 5544 1834 5614 λήψεται

220 5636 285 5690 τὸ
317 5633 598 5706 προσῆκον
627 5634 845 5688 ἅπαντα
872 5635 1047 5701 τέλος,
1081 5636 1190 5689 εἴτε
1234 5638 1292 5689 ὲν
1327 5636 1408 5706 τῷ
1443 5637 1674 5708 παρόντι
1707 5637 1830 5708 βίῳ,

224 5728 336 5782 εἴτε
385 5729 442 5780 ἐν
492 5725 571 5798 τῷ
603 5727 875 5797 μέλλοντι.
913 5729 976 5780 Εἰ
1010 5729 1068 5781 δέ
1101 5747 1182 5792 τις
1227 5729 1288 5780 τὸ
1342 5728 1537 5800 μέλλον
1594 5729 1833 5800 ἀκούων,

293 5847 318 5876 ⁸
343 5843 448 5898 Alii
467 5843 710 5908 λαμπροὺς
733 5843 998 5901 ἀνεδήσατο
1025 5842 1129 5898 τςνῖνς
1162 5861 1296 5906 σιεγε.

1036 323 1128 378 AD
1167 320 1300 378 EOS
1338 318 1458 388 QUI
1498 309 2009 376 SCANDALIZATI
2049 310 2252 368 SUNT.
2296 310 2431 367 LIB.
2469 304 2680 366 UNUS.

3410 299 3518 356 508

1915 425 2069 499 [494]
2093 427 2189 479 καὶ
2218 422 2572 498 μικροῲυχῶν
2622 418 2898 488 ἐπείγοιτο
2940 415 3102 472 τοῦτο
3127 414 3363 470 ἐνταῦθα
3390 415 3520 469 ίδεῖν

1912 524 2224 596 γινόμενον,
2255 521 2493 595 ἐροῦμεν
2521 522 2605 576 ὅτι
2637 521 2671 591 ή
2703 517 2924 592 ἀληθῶς
2954 515 3072 589 ζωὴ
3108 515 3298 571 καὶτὰ
3321 512 3519 585 βέϐαια

1915 622 2219 694 πράγματα
2246 623 2341 675 καὶ
2365 620 2604 693 ἀκίνητα
2625 619 2750 673 τότε
2769 619 2920 690 ἡμᾶς
2948 616 3124 689 μένει.
3153 615 3237 669 Τά
3262 614 3364 686 μὲν
3407 609 3520 682 γὰρ

1916 720 2182 791 παρόντα,
2209 718 2350 782 όδὸς,
2397 718 2585 771 ἐκεῖνα
2629 716 2713 779 δὲ,
2747 714 2984 785 πατρίς·
3037 713 3110 768 τά
3145 709 3383 766 ἐνταῦθα
3433 707 3522 763 ἄν·

1913 815 2062 870 θεσιν
2097 815 2276 870 ἔοικεν
2305 816 2564 888 ἐαρινοῖς,
2603 814 2788 869 ἐκεῖνα
2817 811 2876 868 δὲ
2934 811 3167 885 πέτραις
3209 811 3518 881 ἀκινήτοις’

1914 915 2034 968 ἐκεῖ
2070 913 2327 984 στέφανοι
2373 913 2470 967 καὶ
2517 911 2749 982 ἀμοιϐαὶ
2775 909 2931 975 τέλος
2973 909 3077 964 οὐκ
3128 908 3374 979 ἔχουσαι,
3405 903 3525 959 ἐκεῖ

1915 1010 2128 1066 ἔπαθλα
2179 1011 2277 1066 καὶ
2325 1010 2556 1082 βραϐεῖα
2583 1051 2598 1074 ,
2649 1011 2768 1063 ἐκεῖ
2815 1007 3068 1074 κολάσεις
3111 1007 3204 1061 καὶ
3253 1003 3522 1078 τιμωρίαι

1913 1109 2181 1181 ἀφόρητοι
2227 1107 2337 1162 τῶν
2375 1107 2444 1162 τὰ
2486 1106 2715 1161 τοιαῦτα
2760 1104 3287 1178 κακουργησάντων.
3316 1101 3384 1156 Τί
3428 1095 3524 1154 οῦν

1913 1205 2052 1278 πρὸς
2100 1207 2227 1269 τοὺς
2278 1205 2418 1270 τέως
2467 1202 3034 1276 σκανδαλιζομένους;
3077 1200 3231 1275 φησί.
3270 1200 3337 1255 Τί
3369 1199 3428 1253 δέ
3458 1198 3525 1252 σὺ

1911 1305 2042 1368 τοὺς
2069 1303 2339 1375 μειζόνως
2365 1303 2782 1376 διαλάμψαντας
2809 1303 2872 1356 ού
2892 1301 3100 1371 λέγεις,
3127 1301 3255 1364 τοὺς
3273 1298 3331 1353 δὲ
3354 1315 3526 1370 προσ-

1912 1405 2092 1457 ωπεῖα
2120 1401 2414 1468 εὐλαϐείας
2459 1399 2904 1474 περικειμένους,
2933 1399 3030 1454 καὶ
3079 1397 3175 1451 νῦν
3223 1394 3523 1466 ἐλεγχομέ-

1913 1517 2061 1564 νους,
2092 1499 2319 1564 τούτους
2350 1499 2509 1569 ἄγεις
2536 1500 2618 1563 είς
2650 1497 2851 1569 μέσονς
2892 1495 3006 1566 Οὐχ
3047 1495 3181 1567 ὁρᾷς
3209 1493 3271 1548 τὸ
3300 1493 3526 1566 χρυσίον

1912 1597 2350 1669 καθαιρόμενον;
2398 1597 2492 1651 τὸν
2526 1594 2780 1669 μόλιϐδον
2805 1593 3204 1664 ἐλεγχόμενον;
3239 1590 3312 1645 τὰ
3341 1591 3524 1663 ἄχυρα

1911 1696 2303 1768 διακρινόμενα
2332 1695 2428 1749 τοῦ
2460 1694 2643 1760 σίτου;
2675 1694 2804 1757 τοὺς
2829 1692 3030 1756 λύκους
3058 1690 3167 1744 τῶν
3190 1688 3520 1761 προϐάτων;

1910 1795 2038 1858 τοῦς
2063 1793 2484 1864 πεπλασμένους
2507 1792 2618 1845 τῶν
2646 1791 2865 1862 άληθῶς
2891 1793 2949 1843 ἐν
2974 1787 3238 1863 εὐλαϐείᾳ
3267 1784 3488 1854 ζώντων
3510 1803 3523 1851 ;

1915 1891 2083 1944 Ὥστε
2121 1891 2253 1945 ὅταν
2303 1890 2421 1964 ἴδῃς
2463 1890 2672 1945 τούτων
2696 1889 2766 1944 τά
2795 1888 3096 1954 σκάνδαλα,
3138 1887 3395 1959 ἐννόησον
3426 1885 3530 1940 κά-

1913 1990 2112 2043 κείνων
2171 1989 2272 2053 τάς
2329 1988 2738 2060 εὐδοκιμήσεις.
2783 1983 3292 2055 ’Υπεσκελίσθησάν
3349 1998 3530 2046 τινες,

1913 2089 2052 2144 ἀλλά
2101 2091 2196 2143 καὶ
2241 2089 2481 2160 ἔστησαν
2529 2086 2720 2156 πολλῷ
2744 2085 2988 2150 πλείους,
3022 2085 3118 2140 καὶ
3145 2083 3374 2156 μείζονα
3406 2085 3536 2138 ἐαυ-

1912 2189 2028 2250 τοῖς
2055 2186 2248 2258 μισθὸν
2279 2186 2612 2258 συνήγαγον,
2641 2182 2771 2239 οὗτε
2817 2185 2887 2255 τῇ
2935 2181 3230 2253 δυναστείᾳ
3270 2179 3381 2235 τῶν
3409 2181 3534 2235 ἐπι-

1914 2285 2304 2352 ϐουλευόντων,
2329 2283 2455 2339 οῦτε
2483 2287 2550 2357 τῇ
2585 2282 2844 2355 δυσκολία
2876 2282 2988 2336 τῶν
3019 2281 3234 2354 καιρῶν
3270 2298 3538 2354 περιτρα⁹

1916 2383 2132 2448 πέντες.
2179 2383 2292 2438 Καὶ
2339 2385 2389 2436 οί
2443 2380 2927 2453 σκανδαλιζόμενοι
2960 2379 3017 2433 δέ
3052 2381 3270 2443 ἑαυτοῖς
3319 2377 3535 2449 λογιζέ·

1919 2480 2136 2558 σθωσαν
2159 2497 2173 2513 ο
2215 2480 2340 2536 ἐπεὶ
2374 2481 2472 2536 καὶ
2501 2483 2550 2535 οί
2583 2480 2776 2546 παῖδες
2801 2481 2851 2534 οί
2875 2482 3027 2550 τρεῖς
3066 2479 3162 2534 καὶ
3197 2477 3360 2552 ίερῶν
3401 2478 3539 2532 ἀπο-

1921 2580 2281 2648 σπασθέντες,
2331 2581 2427 2635 καὶ
2477 2579 2632 2645 ναοῦ,
2681 2581 2774 2634 καὶ
2822 2579 3251 2650 θυσιαστηρίου,
3297 2578 3392 2632 καὶ
3435 2577 3538 2649 τῆς

1916 2679 2087 2751 ἀλλης
2131 2679 2354 2751 ἀπάσης
2397 2678 2499 2749 τῆς
2543 2677 2687 2732 κατά
2741 2677 2908 2750 νόμον
2959 2676 3306 2749 ἐπιμελείας.
3336 2676 3433 2730 καὶ
3481 2678 3541 2730 ἐν

1924 2778 2068 2850 μέσῃ
2122 2776 2421 2850 βαρϐάρων
2471 2777 2627 2848 χώρα
2674 2775 3109 2848 ἀποληφθέντες,
3149 2773 3292 2844 μετὰ
3336 2774 3541 2858 πολλῆς

1919 2875 2023 2948 τῆς
2055 2873 2347 2947 ἀκριϐείας
2375 2873 2468 2928 τὸν
2503 2874 2670 2945 νόμον
2713 2874 3077 2945 διετήρησανο
3121 2873 3218 2927 καὶ
3269 2875 3299 2928 ὁ
3341 2872 3542 2944 Δανιὴλ

1918 2975 2145 3049 ὁμοίως,
2180 2975 2277 3030 καὶ
2307 2975 2489 3048 ιτεροι
2525 2972 2751 3028 πολλοί·
2789 2971 2886 3028 καὶ
2930 2973 2982 3026 οἱ
3020 2970 3121 3045 μὲν
3153 2975 3234 3038 είς
3259 2973 3544 3045 αἰχμαλω-

1922 3077 2044 3130 σίαν
2073 3074 2471 3146 ἀπενεχθέντες
2494 3073 2556 3126 ού
2581 3073 3014 3147 παρεϐλάϐησάν
3035 3091 3110 3136 τι,
3139 3072 3290 3130 ἄλλοι
3317 3074 3375 3128 δέ
3401 3074 3544 3128 οἴκοι

1924 3175 2203 3245 μένοντες,
2238 3173 2334 3228 καὶ
2375 3172 2596 3228 πάντων
2633 3169 3006 3236 ἀπολαύοντες
3035 3171 3144 3225 τῶν
3173 3172 3268 3226 ἐπὶ
3295 3172 3400 3245 τῆς
3433 3189 3543 3228 πα-

1919 3273 2122 3345 τρίδος,
2152 3273 2574 3344 προσέκρουσαν
2609 3255 2705 3326 καὶ
2733 3270 3238 3344 κατεδικάσθησαν.
3300 3265 3301 3268 “

1993 3474 2130 3542 Κεφ.
2157 3473 2243 3544 ιβ’.
2269 3473 2333 3527 El
2362 3471 2420 3525 δὲ
2448 3471 2674 3543 ζητοίης
2702 3472 2851 3538 τίνος
2874 3473 3065 3528 ἕνεκεν
3093 3472 3268 3528 ταῦτα
3302 3490 3547 3547 συνεχω-

1926 3573 2090 3645 ρήθη,
2122 3571 2217 3626 καὶ
2249 3570 2327 3643 μὴ
2353 3573 2467 3634 τοῖς
2496 3570 2760 3642 ἀρρήτοις
2788 3569 2900 3624 τῶν
2924 3571 3229 3642 οἰκονομῶν
3257 3572 3426 3628 αὐτοῦ
3456 3573 3548 3628 λό-
3593 3599 3602 3607 -

1922 3689 2043 3741 γοις
2065 3670 2481 3742 παραχωροίης.
2496 3668 2636 3724 ἀλλά
2653 3669 2995 3741 ἐμελέτησας
3009 3671 3102 3725 ἀεὶ
3125 3671 3307 3726 πάντα
3323 3689 3392 3725 πε
3401 3689 3552 3744 ριερ-

1922 3770 2213 3839 γάζεσθαι,
2229 3768 2336 3841 6δῷ
2356 3767 2691 3840 προϐαίνων,
2710 3769 2806 3822 καὶ
2823 3768 2960 3823 ἀλλα
2977 3767 3149 3823 πολλά
3163 3769 3549 3842 διαπορήσεις,

1923 3863 2056 3933 οἷον,
2083 3865 2229 3931 τίνος
2255 3865 2446 3920 ἕνεκεν
2474 3865 2787 3940 ἀφείθησαν
2811 3868 2868 3922 αί
2895 3867 3160 3939 αἱρέσεις,
3191 3867 3338 3934 τίνος
3361 3869 3550 3926 ἕνεκεν

1924 3967 1954 4020 ό
1991 3965 2261 4030 διάϐολος,
2295 3965 2442 4028 τίνος
2482 3964 2673 4019 ἕνεκεν
2705 3967 2754 4018 οί
2783 3964 3062 4037 δαίμονες,
3089 3966 3237 4032 τίνος
3278 3966 3469 4023 ἕνεκεν
3497 3971 3549 4023 οί

1927 4064 2164 4137 πονηροὶ
2192 4063 2303 4118 τῶν
2323 4061 2636 4135 ἀνθρώπιον
2661 4063 2757 4116 καὶ
2785 4063 3021 4128 πολλοὺς
3054 4063 3516 4132 ύποσκτλίζοντες
3534 4083 3546 4099 ·

1930 4164 2026 4218 καὶ
2059 4163 2122 4217 τὸ
2166 4162 2231 4234 δὴ
2275 4162 2580 4233 κεφάλαιον
2610 4163 2873 4219 ἀπάντων
2903 4163 3137 4230 τούτων,
3173 4165 3322 4232 τίνος
3359 4166 3551 4222 ἐνεκεν

1929 4264 1959 4316 ὁ
1996 4261 2373 4335 Ἀντίχριστος
2389 4260 2822 4332 παραγίνεται,ό
2855 4262 3126 4332 τοσαύτην
3151 4263 3293 4333 ἔχων
3315 4265 3552 4336 δύναμιν

1932 4360 2074 4432 πρὸς
2117 4359 2360 4429 ἀπάτην,
2388 4359 2466 4424 ὼς
2518 4362 2613 4412 τὴν
2663 4359 2904 4431 Χριστὸν
2953 4359 3154 4426 εἰπεῖν,
3190 4359 3273 4414 δτι
3320 4363 3551 4418 τοιαῦτα

1933 4461 2174 4530 ποιήσει,
2205 4457 2347 4510 ὥστε
2389 4455 2691 4527 πλανῆσαι.
2735 4457 2784 4509 εί
2816 4455 3068 4520 δυνατὸν,
3103 4457 3198 4512 καὶ
3231 4460 3368 4526 τοὺς,
3391 4460 3550 4515 ἐκλε-

1931 4557 2114 4620 κτούς.
2136 4554 2276 4609 Ἀλλ’
2304 4555 2366 4609 ού
2400 4554 2484 4609 δεῖ
2515 4551 2690 4608 ταῦτα
2735 4552 2944 4626 ζητεῖν,
2979 4553 3119 4609 ἀλλά
3155 4556 3335 4612 πάντα
3369 4575 3552 4629 παρα-

1932 4656 2138 4728 χωρεῖν
2170 4651 2249 4723 τῷ
2280 4641 2911 4724 ἀκαταλήπτῳτῆςτοῦ
2944 4653 3083 4708 Θεοῦ
3123 4655 3338 4725 σοφίας.
3361 4656 3420 4710 Ὀ
3451 4657 3575 4727 μὲν-

1932 4751 2043 4822 γὰρ
2070 4750 2340 4819 γενναίως
2365 4749 2468 4820 ήδη
2505 4749 2838 4818 πεπηγὼςδ.
2871 4750 2974 4806 κᾶν
3007 4752 3184 4823 μυρία
3205 4752 3274 4806 τά
3303 4753 3550 4825 κύματα,

1933 4850 2038 4902 κᾶν
2073 4846 2260 4919 μυρίοι
2287 4849 2338 4899 οί
2369 4845 2640 4918 χειμῶνες
2671 4845 2925 4915 ἐπιῶσιν,
2953 4848 3017 4902 οῦ
3048 4851 3212 4920 μόνον
3250 4850 3404 4906 οὐδὲν
3447 4869 3555 4906 πα-

1937 4946 2338 5016 ραϐλάπτεται,
2387 4944 2528 4998 ἀλλά
2579 4946 2676 4999 καί
2723 4946 3076 5020 ἰσχυρότερος
3121 4948 3367 5018 γίνεται·
3419 4953 3448 5005 ό
3495 4950 3555 5005 δέ

1933 5045 2171 5115 ἀσθενὴς
2201 5044 2294 5097 καὶ
2327 5042 2601 5114 διαρρέων
2637 5043 2732 5097 καὶ
2761 5044 3050 5116 ὀλίγωρος,
3082 5046 3174 5101 καὶ
3209 5047 3438 5120 μηδενὸς
3470 5050 3556 5101 ἐν-

1933 5144 2221 5216 οχλοῦντος
2252 5141 2590 5195 καταπίπτει
2620 5139 2906 5207 πολλάκις.
2938 5144 2999 5197 Εἰ
3031 5143 3090 5198 δὲ
3120 5147 3216 5199 καὶ
3245 5146 3404 5216 λόγον
3434 5149 3556 5201 τινὰ

1936 5243 2219 5313 ἐπιζητεῖς
2247 5238 2464 5310 μαθεῖν.
2497 5239 2665 5293 ἄκουε
2693 5240 2784 5293 τὸν
2809 5242 2946 5312 ήμίν
2970 5241 3273 5315 γνώριμον.
3305 5243 3426 5297 Etsi
3454 5244 3557 5314 μὲν

1936 5341 2048 5411 γὰρ
2090 5339 2186 5392 καὶ
2213 5335 2396 5408 ἕτεροι
2429 5337 2620 5390 πολλοὶ
2647 5335 2726 5407 τῷ
2753 5335 3032 5411 διαφόρως
3072 5339 3166 5391 καὶ
3196 5339 3457 5404 ποικίλως
3488 5341 3559 5394 τὰ

1938 5437 2060 5492 καθ’
2097 5436 2250 5507 ἡμᾶς
2299 5433 2479 5488 πάντα
2528 5433 2907 5503 οἰκονομοῦντι
2953 5435 3132 5506 δῆλοι·
3179 5435 3241 5488 δν
3286 5437 3344 5490 δὲ
3396 5439 3560 5508 ἡμεῖς

1941 5536 2122 5604 ἴσμεν,
2147 5525 2306 5595 οὗτός
2331 5533 2447 5584 ἐστι
2468 5531 2631 5596 τέως.
2665 5531 2854 5601 Φαμὲν
2879 5533 2963 5585 ὅτι
2987 5533 3057 5586 τά
3087 5533 3363 5588 σκάνδαλα
3381 5536 3557 5589 ταῦτα

1940 5631 2144 5701 ἀφείθη
2183 5631 2326 5700 ὑπὲρ
2373 5629 2468 5681 τοῦ
2515 5628 2592 5699 μὴ
2625 5626 3002 5700 ἐλαττωθῆναι
3034 5629 3144 5684 τῶν
3173 5631 3440 5700 γενναίων
3491 5637 3561 5685 zz

1944 5729 2200 5802 βραϐεἶα’
2232 5726 2261 5779 ὃ
2296 5727 2390 5780 καὶ
2413 5727 2490 5796 τῷ
2531 5726 2655 5780 Ἰὼϐ
2675 5726 3062 5801 διαλεγόμενος
3084 5730 3110 5783 ὁ
3131 5727 3264 5793 Θεὸς
3293 5727 3560 5800 ἐδήλωσε,

2011 5845 2037 5885 1‘
2061 5845 2159 5895 Alii
2186 5842 2394 5898 γενναῖος
2416 5842 2494 5889 καὶ
2518 5835 2758 5905 πεπηγώς.
