4050 6440
569 293 678 351 609

564 407 738 476 λέγων
760 425 772 438 ⁸
804 402 1035 476 Ἄλλως
1063 427 1139 480 με
1167 409 1278 463 οἴει
1315 425 1413 464 σοι
1445 407 1956 479 κεχρηματικέναι,
1976 403 2142 478 [495]

561 498 602 567 ἢ
632 499 736 554 ἵνα
775 501 1095 570 ἀναφανῇς
1123 501 1392 568 δίκαιος;
1444 502 1555 555 Καὶ
1589 500 1618 552 6
1646 497 1858 562 Παῦλος
1884 497 1943 552 δέ
1970 513 2104 568 φησι
2126 513 2144 527 “

561 591 663 645 Δεῖ
685 590 754 644 δὲ
789 591 889 645 καί
923 593 1185 660 αἱρέσεις
1211 589 1384 656 εἶναι,
1417 593 1518 646 ἵνα
1544 594 1598 645 al
1624 590 1859 659 δόκιμοι
1897 588 2143 658 φανεροί

558 680 848 750 γένωνται
880 682 950 736 ἐν
979 681 1143 751 ὑμῖν.
1194 681 1266 736 Σὺ
1307 681 1366 735 δὲ
1413 683 1541 734 ὅταν
1586 679 1790 751 ἀκούῃς
1820 677 1882 733 τό
1901 695 1914 708 ·
1950 677 2053 732 Δεῖ
2076 676 2146 730 δὲ

559 765 820 832 αἱρέσεις
847 764 1020 831 εἶναι,
1051 768 1128 840 μή
1150 768 1377 841 νομίσῃς
1406 768 1489 821 ὅτι
1515 766 1756 821 κελεύων
1775 765 1815 838 ἢ
1839 764 2145 837 νομοθετῶν

557 857 732 912 ταῦτά
759 875 954 929 φησιν·
985 846 1167 928 ἄπαγε
1185 873 1198 888 ⁸
1228 857 1367 912 ἀλλά
1395 857 1457 911 τὸ
1485 857 1679 929 μέλλον
1707 855 2140 929 προαναφωνῶν,

557 949 653 1002 καὶ
697 949 759 1002 τὸ
803 951 868 1003 ὲκ
915 948 1108 1003 τούτου
1161 948 1352 1021 κέρδος
1380 951 1492 1011 τοῖς
1517 950 1747 1019 νήφουσι
1788 947 2140 1022 προμηνύων.

556 1037 693 1090 Τότε
726 1037 836 1108 γάρ
876 1037 1028 1109 ὑμῶν
1066 1037 1177 1091 τῶν
1207 1036 1654 1108 ἀνεξαπατήτων,
1682 1039 1838 1109 φησὶ,
1879 1037 2144 1106 σαφέστε-

557 1146 651 1200 ρον
683 1131 934 1201 φανεῖται
981 1130 1015 1200 ή
1058 1129 1246 1201 ἀρετή.
1297 1128 1442 1200 Πρὸς
1468 1127 1699 1192 τούτοις,
1730 1127 1826 1181 καὶ
1849 1127 1917 1181 δι’
1947 1125 2140 1198 ἑτέραν

552 1219 733 1273 αἰτίαν
777 1222 842 1274 οί’
875 1221 1102 1293 πονηροὶ
1144 1218 1472 1290 ἀφείθησαν,
1503 1219 1643 1273 ὥστε
1675 1218 1752 1290 μὴ
1781 1235 2140 1290 προαναρπαο

555 1310 781 1376 σθέντας
811 1312 1237 1383 ἀπκλεισθῆναι
1267 1313 1367 1383 τῆς
1393 1311 1661 1380 ὠφελείας
1689 1311 1789 1380 τῆς
1816 1311 1883 1364 ἐκ
1911 1311 2012 1380 τῆς
2043 1327 2139 1382 με·

553 1402 785 1474 ταϐολῆς
809 1403 994 1467 αὑτοῖς
1019 1404 1341 1473 γενομένης.
1375 1401 1533 1456 Οῦτω
1566 1403 1660 1456 καὶ
1697 1399 1910 1465 Παῦλος
1926 1387 2136 1472 ἐσώθη,

551 1493 725 1558 οὕτως
769 1495 799 1547 6
840 1494 1067 1566 λῃστὴς,
1104 1493 1278 1556 οὓτως
1311 1493 1345 1564 ή
1379 1493 1574 1565 πόρνη.
1607 1491 1782 1558 οὕτως
1809 1495 1839 1546 6
1873 1492 2134 1562 τελώνης,

552 1585 725 1650 οὕτως
777 1585 954 1658 ἕτεροι
1009 1585 1208 1640 πολλοί.
1258 1585 1323 1640 El
1373 1585 1431 1640 δὲ
1478 1587 1608 1658 πρὶν
1736 1583 2136 1657 μεταϐαλέσθαι

551 1664 949 1750 ἀνηρπάγησαν
976 1676 1246 1742 ἐντεῦθεν,
1275 1679 1452 1743 οὐδεὶς
1481 1679 1547 1733 ἀν
1575 1677 1753 1732 αὑτῶν
1776 1676 1977 1748 ἐσώθη.
1999 1677 2135 1748 Περὶ

548 1770 708 1824 δέτοῦ
737 1768 1105 1842 ’.ἀντιχρίστου
1135 1771 1228 1824 καὶ
1257 1770 1449 1842 ἑτέραν
1473 1769 1636 1840 φησὶν
1663 1768 1840 1823 αἰτίαν
1858 1769 1887 1821 6
1906 1767 2133 1832 Παῦλος.

549 1862 716 1917 Ποίαν
744 1863 809 1934 δὴ
835 1863 1041 1935 ταύτην
1059 1858 1082 1930 ;⁴
1125 1864 1198 1916 T6
1239 1865 1429 1916 πᾶσαν
1460 1861 1556 1916 καὶ
1601 1859 1852 1915 ἐντεῦθεν
1881 1861 2138 1914 ἀποκλει-

524 1955 744 2026 σθῆναι
794 1955 903 2009 τῶν
935 1955 1206 2009 Ἰουδαίων
1236 1954 1336 2025 τὴν
1368 1953 1684 2022 ἀπολογίαν.
1727 1951 1894 2005 Ποίαν
1927 1951 2038 2023 γάρ
2067 1950 2136 2006 ἂν

549 2049 728 2117 σχοῐεν
780 2044 1131 2117 συγγνώμην,
1177 2045 1274 2098 τὸν
1320 2043 1558 2117 Χριστὸν
1613 2044 1687 2115 μὴ
1735 2043 2039 2114 δεξάμενοι.
2085 2046 2134 2098 οἱ

551 2137 833 2207 μέλλοντες
880 2136 1074 2206 ἐκείνῳ
1122 2135 1435 2200 πιστεύειν;
1466 2135 1558 2188 Διό
1601 2150 1801 2204 φησιν,
1842 2135 1964 2188 Ἵνα
2008 2144 2134 2202 κρι-

547 2225 695 2282 θῶσι
743 2227 968 2294 πάντες
1017 2230 1072 2282 οί
1115 2226 1202 2296 μὴ
1251 2226 1688 2292 πιστεύσαντες
1734 2224 1810 2293 τῇ
1859 2226 2131 2293 ἀληθείᾳ,

546 2317 692 2372 τοῦτ’
709 2317 846 2380 ἔστι,
864 2316 944 2389 τῷ
959 2316 1202 2388 Χριστῷ,
1217 2316 1356 2372 ἀλλ’
1367 2313 1817 2383 εὐδοκήσαντες
1828 2312 1904 2384 τῇ
1912 2312 2136 2384 ἀδικίᾳ,

543 2407 690 2464 τοῦτ’
717 2408 862 2476 ἔστι,
892 2407 971 2482 τῷ
998 2407 1368 2480 Ἀντιχρίστῳ.
1403 2407 1624 2481 Ἐπειδὴ
1663 2407 1772 2479 γάρ
1805 2408 2010 2478 ἔλεγον,
2047 2410 2134 2464 διὰ

542 2498 703 2564 τοῦτο
731 2497 883 2576 αὑτῷ
907 2499 982 2570 μή
1009 2491 1309 2562 πιστεύειν,
1337 2496 1525 2567 ἐπειδὴ
1558 2497 1692 2550 Θεὸν
1720 2498 1912 2552 ἐαυτὸν
1940 2497 2093 2568 ἔλεγε
2114 2517 2126 2529 ⁸

540 2591 647 2646 Διά
687 2588 1025 2660 τὰρ-τοῦτό
1069 2603 1162 2654 σε,
1193 2587 1349 2663 φασὶ,
1382 2585 1720 2657 λιθάζομεν,
1760 2586 1853 2644 ὅτι
1895 2588 1978 2642 σὺ
2026 2590 2132 2644 ἀν..

540 2687 773 2750 θριιιπος
817 2680 904 2736 ὢν
945 2679 1137 2748 ποιεῖς
1182 2680 1445 2736 σεαυτὸν
1492 2681 1671 2738 Θεόν·
1725 2680 1904 2735 καίτοι
1956 2699 2018 2750 γε
2061 2682 2131 2736 τά

541 2773 767 2828 πλείονα
799 2771 1093 2834 ἀκούοντες
1135 2769 1460 2824 ἀνατιθέντα
1499 2770 1661 2824 αὑτὸν
1705 2770 1782 2841 τῷ
1816 2772 2012 2845 Πατρὶ,
2036 2774 2132 2826 καὶ

539 2863 766 2933 λέγοντα
801 2862 939 2934 μετά
985 2861 1084 2932 τῆς
1127 2860 1338 2914 ἐκείνου
1369 2859 1593 2931 γνώμης
1630 2860 1876 2932 ἀφῖχθαι.
1908 2864 2003 2916 καὶ
2041 2862 2130 2916 διὰ

539 2954 754 3008 πολλῶν
795 2951 955 3006 τοῦτο
1005 2949 1435 3004 ἀποδεικνύντα⁸
1481 2951 1535 3004 τί
1591 2944 1828 3024 ἐροῦσιν,
1856 2953 1986 3006 ὅταν
2034 2952 2127 3007 τὸν

550 3047 921 3119 Ἀντίχριστον
935 3045 1026 3100 τὸν
1040 3044 1268 3113 λέγοντα
1294 3042 1486 3097 ἑαυτὸν
1522 3037 1664 3097 εἶναι
1687 3042 1840 3109 Θεὸν,
1870 3045 1965 3098 καὶ
1989 3044 2125 3115 μηδὲ

541 3120 890 3219 μεμνημένον
913 3135 1009 3192 τοῦ
1033 3137 1267 3208 Πατρὸς,
1290 3135 1425 3189 ἀλλά
1455 3136 1548 3188 καὶ
1571 3135 1881 3190 τούναντίον
1910 3136 2125 3190 ποιοῦν-

538 3251 607 3287 τα
643 3231 937 3299 δέξωνται;
971 3229 1143 3284 Τοῦτο
1166 3229 1262 3282 καὶ
1292 3231 1322 3282 6
1349 3229 1581 3300 Χριστὸς
1610 3229 1795 3292 αὐτοῖς
1829 3223 2123 3295 ὀνειδίζων,

539 3322 843 3396 προῦλεγεν
869 3321 1012 3375 οὑτω
1042 3320 1216 3390 λέγων
1240 3325 1267 3350 ⁸’
1295 3317 1438 3389 Ἐγὼ
1458 3314 1650 3388 ἦλθον
1674 3319 1735 3372 ἐν
1775 3317 1854 3384 τῷ
1881 3319 2126 3387 ὀνόματι

535 3415 647 3470 τοῦ
680 3415 908 3484 Πατρός
935 3431 1082 3484 μου,
1119 3410 1220 3466 καί
1250 3411 1322 3464 οὐ
1349 3410 1684 3479 λαμϐάνετέ
1703 3426 1780 3481 με
1805 3428 1819 3442 ⁸
1867 3411 1976 3464 ἐὰν
2015 3408 2124 3464 ἄλ·-

536 3512 652 3574 λος
684 3508 831 3575 ἔλθῃ
865 3507 935 3560 ὲν
969 3505 1051 3571 τῷ
1083 3503 1330 3574 ὀνόματι
1369 3502 1451 3569 τῷ
1484 3502 1632 3567 ἰδίῳ,
1664 3502 1898 3558 ἐκεῖνον
1935 3502 2126 3571 λήψε-

535 3602 684 3654 σθε·
736 3597 826 3652 διά
870 3596 1044 3650 ταῦτα
1091 3595 1291 3666 ἀφείθη
1336 3595 1405 3649 τά
1455 3595 1750 3648 σκάνδαλα.
1802 3596 1864 3648 Εἰ
1903 3596 1960 3650 δέ
1993 3597 2122 3660 τοὺς

538 3689 1056 3761 σκανδαλιζυμένους
1082 3688 1424 3758 λέγεις,ςέγώ
1467 3705 1549 3741 σοι
1591 3689 1718 3752 τοὺς
1745 3686 2005 3759 μειζόνως
2034 3691 2121 3742 ὲν-

535 3783 724 3841 τεῦθεν
753 3781 1161 3853 διαλάμψαντας
1184 3781 1377 3845 δείξω·
1413 3781 1507 3834 καὶ
1537 3780 1699 3834 πάλιν
1751 3797 1835 3835 σοι
1886 3782 1943 3836 τὸ
1988 3783 2123 3836 αὐτὸ

537 3877 669 3948 ἐρῶ,
703 3875 785 3928 ὅτι
826 3875 927 3937 οὑκ
975 3872 1081 3926 ἔδει
1123 3871 1211 3927 διὰ
1253 3871 1353 3944 τὴν
1402 3872 1605 3942 ἐτέρων
1649 3873 1981 3943 ἀπροσεξίαν
2029 3873 2123 3926 καὶ

538 3968 807 4041 ρᾳθυμίαν
838 3967 962 4031 τοὺς
996 3965 1330 4037 δυναμένους
1356 3966 1545 4035 νήφειν
1591 3965 1685 4018 καὶ
1732 3965 2118 4038 ἐγρηγορέναι,

536 4061 630 4122 καὶ
663 4059 890 4131 μυρίους
909 4060 974 4110 ἐκ
993 4057 1197 4120 τούτων
1223 4041 1594 4129 ἀναδήσασθαι
1621 4057 1940 4129 στεφάνους,
1971 4058 2126 4112 ἐλατ..

533 4150 757 4214 τοῦσθαι
787 4151 844 4203 ἐν
873 4152 938 4221 τῇ
969 4147 1076 4201 τῶν
1099 4145 1344 4224 ἀμοιϐῶν
1367 4146 1654 4201 ἀντιδόσει.
1690 4131 1849 4201 Οὗτοι
1884 4150 1982 4219 μὲν
2009 4150 2119 4222 γὰρ

533 4240 938 4320 ἐπηρεάζεσθαι
983 4239 1227 4318 ἔμελλον,
1277 4241 1325 4292 εί
1369 4238 1451 4320 μὴ.
1490 4238 1600 4291 τῶν
1642 4238 1870 4307 ἀγώνων
1913 4239 2118 4296 τούτων

534 4317 723 4389 ἔλαϐον
775 4317 1088 4394 ὑποθέσεις·
1119 4331 1167 4383 οί
1208 4329 1264 4382 δὲ
1308 4317 1557 4382 ἐντεῦθεν
1609 4327 1918 4399 βλαϐέντες,
1945 4330 2117 4402 ἑτέρῳ

537 4425 636 4494 μὲν
693 4421 887 4486 οὐδενὶ,
918 4421 1129 4484 ἑαυτοῖς
1179 4419 1235 4472 δὲ
1300 4415 1410 4472 εἷεν
1458 4419 1654 4474 δίκαιοι
1683 4417 1992 4488 λογίζεσθαι
2046 4420 2117 4474 τά

534 4514 804 4585 πτώματα
851 4513 1051 4576 αὐτῶν,
1083 4514 1176 4565 καὶ
1215 4515 1571 4583 κατηγοροῖεν
1617 4512 1684 4566 ἂν
1724 4510 1903 4565 αὐτῶν
1944 4513 1994 4564 οί
2039 4513 2114 4585 μὴ

537 4607 695 4678 μόνον
727 4607 799 4678 μὴ
840 4604 1340 4666 σκανδαλισθέντες,
1369 4603 1505 4657 ἀλλά
1531 4605 1627 4658 καὶ
1659 4603 2003 4675 φαιδρότεροι
2023 4606 2116 4658 καὶ

537 4680 871 4769 ἰσχυρότεροι
901 4697 1071 4768 ταύτῃ
1099 4698 1394 4766 γινόμενοι.

602 4806 744 4872 Κεφ.
777 4803 864 4872 ιγ’.
901 4803 1075 4856 Ποίων
1099 4803 1206 4875 γάρ
1240 4803 1429 4874 ἱερέων
1453 4802 1768 4873 ἀπήλαυσεν
1787 4805 1815 4856 6
1840 4802 2111 4874 Ἀϐραὰμ,

533 4897 654 4951 εἰπέ
697 4913 822 4967 μοι;
883 4897 1058 4948 ποίων.
1096 4889 1466 4960 διδασκάλων“;
1520 4894 1683 4956 ποί-ας
1729 4896 2114 4965 κατηχήσεως;

532 4989 695 5051 ποίας
719 4986 1122 5058 παραινέσεως;
1169 4985 1325 5049 ποίας
1366 4984 1711 5056 συμϐουλῆςς
1751 4986 1952 5054 ὄπουγε
1995 4987 2116 5041 οὐδὲ

533 5080 837 5152 γράμματα
849 5077 968 5129 τότε
982 5071 1070 5146 ἦν,
1085 5076 1146 5127 οὑ
1161 5077 1415 5146 νόμος,σύ
1437 5077 1737 5146 προφῆται,
1755 5077 1856 5130 οὐκ
1871 5077 1998 5130 ἄλλο
2007 5077 2115 5130 τῶν

532 5170 788 5224 τοιούτων
810 5167 964 5220 οὐδέν
983 5184 996 5195 ⁸
1020 5166 1156 5219 ἀλλὰ
1179 5166 1378 5220 ἄπλουν
1396 5166 1548 5218 ἔπλει
1571 5165 1863 5231 θάλατταν,
1882 5168 1976 5221 καὶ
1997 5168 2116 5222 ὁδὸν

533 5263 729 5315 ὥδευεν
758 5260 976 5331 ἀτριϐῆ,
1009 5259 1103 5312 καὶ
1125 5258 1296 5310 ταῦτα
1319 5259 1413 5312 καὶ
1435 5259 1612 5322 οἰκίας
1639 5262 1733 5315 καὶ
1757 5262 1963 5333 πατρὸς
1989 5264 2116 5317 ἀσε-

534 5353 663 5414 ϐοῦς
691 5353 1071 5422 γεγενημένος.
1092 5349 1228 5404 Ἂλλ¹
1256 5349 1405 5404 οὐδὲν
1445 5349 1606 5405 αὑτὸν
1634 5351 1808 5405 ταῦτα
1838 5355 2113 5424 παρέϐλα-

533 5443 652 5513 ψεν,
679 5442 812 5494 ἀλλά
851 5441 1099 5493 τοσοῦτον
1132 5440 1371 5510 ἔλαμψεν
1401 5441 1590 5512 ἀρετῇ,
1632 5443 1707 5507 ᾡς
1747 5444 1783 5498 ἃ
1835 5448 1970 5514 μετά
2006 5466 2113 5518 μα-

535 5537 666 5606 κρὸν
703 5535 912 5603 χρόνονι
948 5533 1083 5601 μετᾶ
1114 5534 1420 5603 προφήτας,
1456 5534 1592 5603 μετὰ
1618 5537 1800 5607 νόμον,
1836 5537 1984 5610 [496]
2018 5543 2112 5595 καὶ

533 5628 798 5696 τοσαύτην
824 5625 1213 5692 παιδαγωγίαν,
1238 5624 1302 5692 ἣν
1324 5623 1411 5677 διά
1435 5626 1673 5695 σημείων
1699 5630 1793 5682 καὶ⁸
1817 5629 2110 5702 θαυμάτων

534 5721 901 5792 γεγενημένην
931 5719 1151 5790 ἔμελλεν
1184 5719 1212 5771 ὁ
1235 5719 1464 5790 Χριστὸς
1489 5720 1612 5783 τοὺς
1637 5721 1954 5800 ἀνθρώπους
1983 5746 2110 5787 παι-

1247 291 1306 346 S.
1341 289 1628 346 ,ιοΑΝΝῐε
1663 282 2150 346 CHRYSOSTOHI
2192 281 2518 341 AHCIIIEP.
2559 281 3116 343 CONSTANTINOP.

3739 283 3852 338 510

2245 401 2440 458 δεύειν.
2467 404 2643 460 ταῦτα
2689 405 3028 476 προλαϐόντα
3049 414 3079 445 ι
3125 402 3192 457 δι’
3217 402 3396 474 ἔργων
3441 400 3849 468 ἐπιδείξασθαι,

2246 499 2468 573 ἀγάπην
2506 502 2738 573 γνησίαν
2781 503 2876 555 καὶ⁵
2922 501 3153 572 θερμὴν,
3181 501 3480 572 χρημάτων
3510 498 3849 570 ὑπεροψίαν,

2244 596 2346 668 τὴν
2377 599 2505 669 περὶ
2539 600 2668 664 τοὺς
2706 598 3063 662 οἰκείους-τοῦ
3111 599 3427 670 σπέρματος
3469 598 3808 670 κηδεμονίαν
3831 613 3849 629 ⁸

2245 693 2341 746 καὶ
2365 693 2458 748 τὸν
2487 694 2653 766 τῦφον
2677 695 2736 750 δὲ
2765 695 2984 750 ἅπαντα
3011 695 3281 767 ἐπάτησε,
3309 694 3526 748 καὶτὸν
3551 695 3728 766 ὑγρὸν
3751 694 3850 746 καὶ

2244 788 2624 861 διαλελυμένον
2647 791 3002 864 διεκρούσατο
3025 791 3306 863 βίον,“τῶν
3330 790 3425 844 νῦν
3452 789 3557 854 τὰς
3588 789 3850 861 κορυφὰς

2243 885 2354 939 τῶν
2381 885 2521 959 ὀρῶν
2552 889 2958 960 κατειληφότων
2993 887 3242 960 μοναχῶν
3270 887 3672 959 ἀκριϐέστερον
3708 886 3842 951 ζῶν.

2245 979 2384 1036 Οῦτε
2432 982 2542 1056 γὰρ
2583 983 2731 1039 οίκία
2757 980 2826 1057 ἦν
2854 985 3027 1056 αὐτῷ,
3053 985 3170 1038 ἀλλ’
3201 987 3235 1056 ή
3286 983 3417 1038 σκιὰ
3457 983 3570 1037 τῶν
3617 982 3846 1052 φύλλων

2241 1083 2438 1156 ὄροφος
2471 1081 2540 1158 ἦν
2565 1085 2645 1157 τῷ
2674 1085 2868 1158 δικαίῳ
2910 1088 3005 1141 καὶ
3034 1088 3200 1164 στέγη
3223 1102 3240 1119 ⁸
3275 1086 3417 1151 οὐδὲ,
3447 1086 3642 1157 ἐπειδὴ
3691 1085 3845 1150 ξένος

2239 1175 2330 1250 ἦν.
2362 1180 2735 1255 ῥᾳθυμότερος
2771 1184 2902 1255 περὶ
2927 1183 3036 1256 τὴν
3059 1167 3362 1256 φιλοξενίαν
3391 1183 3632 1254 ἐγένετο,
3674 1181 3791 1236 ἀλλ’
3814 1184 3842 1235 6

2243 1276 2389 1342 ξένος
2433 1281 2490 1332 ἐν
2543 1276 2670 1351 ξένῃ
2719 1279 2880 1351 ἔργον
2925 1279 3088 1335 τοῦτο
3144 1280 3340 1345 ἐποίει,
3367 1278 3430 1333 τὸ
3479 1278 3755 1350 διηνεκῶς
3781 1279 3842 1332 ἐν

2241 1376 2561 1448 μεσημϐρίᾳ
2615 1378 2754 1450 μέσῃ
2803 1380 2931 1443 τοὺς
2972 1379 3271 1450 παριόντας
3328 1375 3695 1456 ὑποδέχεσθαι
3741 1376 3840 1430 καὶ

2239 1471 2584 1542 θεραπεύειν.
2619 1475 2729 1528 Καὶ
2774 1473 2844 1528 δι’
2873 1475 3068 1530 ἐαυτοῦ
3097 1476 3158 1530 τὸ
3185 1475 3346 1547 ἔργον
3379 1475 3526 1530 ἅπαν
3553 1475 3713 1547 ήνυε,
3741 1473 3840 1541 καὶ

2235 1569 2338 1638 τὴν
2370 1574 2605 1637 γυναῖκα
2637 1551 2894 1625 κοινωνὸν
2922 1571 3096 1626 ἐποίει
3123 1573 3221 1641 τῆς
3247 1571 3418 1642 καλῆς
3450 1570 3659 1641 ταύτης
3690 1588 3838 1643 πρα-

2237 1671 2520 1740 γματείας.
2553 1671 2618 1726 Τί
2661 1671 2721 1727 δὲ
2764 1673 2909 1744 ὑπὲρ
2955 1672 3052 1727 τοῦ
3102 1671 3410 1742 ἀδελφιδοῦ,
3435 1671 3532 1726 καὶ
3560 1671 3745 1725 ταῦτα
3771 1673 3836 1726 οὑ

2237 1766 2590 1839 καθηκόντως
2621 1768 2770 1841 αὑτῷ
2810 1773 3180 1844 χρησαμένου,
3210 1771 3347 1826 ἀλλά
3389 1773 3506 1836 τοῖς
3535 1787 3726 1842 πρωτε
3737 1770 3839 1836 ίοιε

2235 1862 2693 1936 ἐπιπηδήσαντος,
2738 1866 3128 1937 minimique,
3173 1867 3269 1920 ua".
3313 1867 3488 1922 ταῦτα
3539 1867 3684 1939 μετά
3735 1867 3836 1937 τὴν

2235 1960 2448 2030 αἵρεσιν
2495 1960 2597 2032 τῆς
2641 1962 2904 2033 ἐκλογῆς;
2945 1964 3082 2036 Οὐχὶ
3125 1964 3188 2018 τὸ
3237 1961 3379 2036 αἷμα
3425 1964 3682 2036 ἐξέχεενς
3712 1964 3836 2035 οὐχὶ

2233 2057 2358 2120 τοὺς
2386 2057 2603 2123 οἰκέτας
2628 2058 2876 2124 ἅπαντας
2896 2059 3172 2129 ῶπλισεν;
3197 2061 3302 2116 οὐκ
3329 2063 3413 2126 είς
3438 2062 3678 2132 φανερὸν
3713 2061 3834 2116 κίν-

2235 2153 2390 2206 δυνον
2434 2154 2627 2209 ἑαυτὸν
2669 2154 2958 2221 ἐνέϐαλενς
2993 2158 3123 2211 Ὅτε
3165 2157 3223 2211 66
3259 2157 3558 2227 ἐκελεύσθη
3591 2157 3696 2229 τὴν
3735 2158 3833 2229 μὲν

2234 2251 2412 2307 οἰκίαν
2451 2255 2693 2324 ἀφεῖναι,
2727 2243 2810 2320 τίς
2837 2255 2896 2309 δὲ
2939 2257 3039 2328 τὴν
3077 2257 3383 2329 ἀλλοτρίαν,
3409 2256 3698 2327 ἀπελθεῖν,
3733 2259 3832 2314 οὑκ

2232 2348 2434 2414 εὐθέως
2457 2351 2756 2421 ὑπήκουσε,
2787 2353 2881 2406 καὶ
2903 2352 3140 2425 πατρίδα
3166 2354 3261 2407 καὶ
3287 2353 3474 2423 φίλους
3495 2356 3592 2408 καὶ
3623 2372 3830 2426 συγγε-

2233 2448 2345 2510 νεῖς
2371 2447 2463 2500 καὶ
2491 2447 2699 2511 πάντας
2724 2449 2904 2518 ἀφεὶς,
2935 2448 3034 2502 καὶ
3053 2449 3132 2522 τῷ
3165 2450 3552 2522 προστάγματι
3582 2452 3832 2517 πεισθεὶς

2231 2543 2327 2612 τοῦ
2350 2544 2726 2612 κελεύσαντος,
2751 2545 2822 2600 τὰ
2853 2547 2953 2618 μὲν
2989 2548 3123 2619 δῆλα
3151 2549 3604 2620 καταλιμπάνων,
3634 2553 3752 2616 τοῖς
3773 2551 3832 2606 66

2232 2641 2451 2712 ἀδήλοις
2479 2642 2660 2714 πολλῷ
2695 2643 3030 2715 σαφέστερον
3059 2645 3093 2716 ἢ
3128 2647 3243 2709 τοῖς
3288 2646 3468 2717 δήλοις
3509 2647 3828 2719 προσέχων,

2230 2738 2319 2792 διά
2350 2737 2450 2809 τὴν
2475 2739 2764 2811 ὑπόσχεσιν
2792 2740 2885 2794 τοῦ
2913 2740 3072 2806 Θεοῦ,
3103 2742 3242 2815 ὅπερ
3281 2738 3350 2815 ἦν
3379 2743 3621 2809 πίστεως
3647 2746 3830 2799 ἐπιτε-

2229 2842 2502 2912 ταμένης;
2543 2842 2696 2896 Μετά
2725 2843 2784 2897 δὲ
2809 2843 2997 2898 ταῦτα
3027 2845 3207 2899 πάντα
3251 2846 3336 2912 οὐ,
3367 2845 3534 2918 λιμοῦ
3585 2849 3829 2902 καταλα-

2228 2937 2435 3003 ϐόντος,
2464 2938 2625 2994 πάλιν
2650 2942 2996 3011 μετανάστης
3022 2943 3250 3011 ἐγίνετο,
3281 2945 3374 2998 καὶ
3405 2944 3510 2998 οὐκ
3539 2944 3826 3017 ἐθορυϐεῖ-

2225 3052 2306 3099 το,
2350 3035 2468 3089 ούδὲ
2516 3039 2870 3110 ἐταράττετα
2890 3038 3028 3093 ἀλλὰ
3079 3040 3177 3112 τήν
3224 3041 3394 3113 αὑτὴν
3446 3043 3698 3116 ὑπακοὴν
3731 3045 3829 3099 καὶ

2228 3129 2547 3201 φιλοσοφίαν
2579 3134 2674 3188 καὶ
2704 3134 2982 3207 ὑπομονὴν
3010 3135 3374 3201 ἐπεδείκνυτο,
3403 3138 3498 3191 καὶ
3523 3139 3724 3212 κατῄει
3748 3144 3829 3209 εἰς

2228 3224 2523 3293 Αἴγυπτον,
2558 3230 2654 3283 καὶ
2677 3229 2992 3293 ὑπακούσας
3023 3231 3102 3302 τῷ
3135 3231 3254 3301 Θεῷ
3284 3233 3510 3287 τοιαῦτα
3541 3235 3827 3292 κελεύοντι

2227 3327 2478 3399 ἀφῃρέθη
2510 3329 2607 3400 τὴν
2640 3332 2897 3397 γυναῖκα.
2929 3331 3024 3385 καὶ
3053 3321 3533 3406 καθυϐριζομένην
3559 3334 3738 3410 ἐώρα,
3764 3337 3828 3391 τὸ

2225 3441 2288 3503 γε
2321 3418 2455 3496 ἧκον
2483 3427 2566 3490 είς
2597 3426 2689 3480 τὸν
2721 3427 3036 3495 Αίγύπτιον,
3068 3429 3162 3482 καὶ
3191 3429 3421 3484 θανάτου
3456 3432 3827 3507 χαλεπώτερα

2225 3522 2493 3593 ὑπέμενεν
2519 3525 2576 3576 ἐν
2605 3525 2719 3587 τοῖς
2746 3526 3132 3597 καιριωτάτοις
3174 3527 3579 3601 πληττόμενος;
3616 3532 3684 3584 Τί
3714 3536 3826 3608 γὰρ

2225 3622 2523 3696 βαρύτερον
2571 3621 2660 3697 ἦν,
2693 3626 2814 3680 εἰπέ
2858 3644 2969 3699 μοι,
3017 3628 3112 3682 τοῦ
3161 3634 3396 3698 γυναῖκα
3440 3635 3592 3706 νόμῳ
3638 3638 3825 3707 γάμου

2225 3722 2590 3793 ωναφθείσαν
2614 3722 2784 3794 αὑτῷ,
2817 3723 2955 3794 μετά
2978 3723 3220 3780 τοσαῦτα
3247 3728 3653 3800 κατορθώματα
3687 3737 3825 3804 ὁρᾷν

2223 3820 2328 3872 ὑπὸ
2365 3820 2706 3893 βαρϐαρικῆς
2740 3821 3032 3886 ἀκολασίας
3069 3823 3484 3897 ἁρπαζομένην,
3517 3830 3825 3900 εἰσαγομέ-

2223 3934 2320 3986 νην
2346 3917 2495 3970 ἔνδον
2521 3919 2600 3980 είς
2627 3916 2728 3981 τάς
2755 3917 3041 3986 βασιλικὰς
3078 3920 3268 3986 αὐλὰς,
3297 3922 3822 3998 καθυϐριζομένηη

2223 4019 2287 4072 Et
2332 4019 2441 4091 γὰρ
2468 4020 2561 4073 καὶ
2614 4019 2688 4090 μὴ
2737 4019 2799 4073 τὸ
2836 4021 2996 4093 ἔργον
3027 4021 3272 4094 ἐξῆλθεν,
3304 4024 3419 4079 ἀλλ’
3448 4026 3612 4092 αὐτὸς
3657 4028 3825 4083 τοῦτο

2222 4116 2609 4189 προσεδόκησε,
2639 4119 2733 4172 καὶ
2767 4118 2942 4172 πάντα
2976 4119 3138 4192 ἔφερε
3166 4121 3450 4190 γενναίως,
3477 4123 3573 4178 καὶ
3599 4123 3731 4180 οὔτε
3758 4129 3821 4182 αι

2221 4215 2499 4285 συμφοραὶ
2555 4215 2720 4268 αὑτὸν
2775 4213 3182 4283 ὑπεσκέλισαν,
3230 4217 3356 4273 οὗτε
3410 4222 3464 4276 αἱ
3518 4223 3823 4296 εὐημερίαι

2219 4313 2526 4383 ἐφύσησαν·
2580 4313 2694 4367 ἀλλ’
2722 4316 2779 4368 ἐν
2815 4317 2882 4385 τῇ
2915 4314 3024 4368 τῶν
3056 4318 3264 4398 καιρῶν
3296 4318 3531 4392 διαφορᾷ
3562 4321 3686 4393 ίσην
3714 4325 3820 4398 τὴν

2217 4409 2413 4462 ἑαυτοῦ
2445 4408 2669 4481 γνώμην
2698 4410 3041 4482 διεφύλαττε.
3069 4413 3135 4466 Τί
3167 4413 3242 4480 δὲ,
3272 4415 3363 4468 ὅτε
3394 4415 3544 4489 αὐτῷ
3575 4418 3671 4472 τὸν
3694 4422 3820 4476 υἱὸν

2218 4512 2601 4583 ἐπηγγείλατο,
2630 4514 2752 4586 οὐχὶ
2787 4515 2960 4586 μυρία
3011 4517 3081 4570 τά
3126 4516 3424 4596 κωλύματα
3461 4515 3557 4592 ἦν,
3582 4522 3653 4582 τά
3701 4527 3819 4582 ἀπὸ

2217 4608 2323 4661 τῶν
2374 4608 2685 4681 λογισμῶνς
2724 4611 2816 4664 καὶ
2849 4611 3028 4669 πάντα
3075 4615 3259 4667 ἐκεῖνα
3299 4617 3665 4684 κατευνάσας,
3716 4626 3816 4685 καὶ

2216 4707 2308 4765 τὸν
2329 4709 2552 4769 ἐκείνων
2575 4707 2804 4782 θόρυϐον
2830 4709 3057 4775 ἀνελὼν,
3072 4712 3180 4764 ἀπὸ
3203 4711 3305 4781 τῆς
3329 4714 3566 4780 πίστεως
3588 4718 3817 4792 διέλαμ-

2216 4805 2348 4883 ψεν;
2381 4807 2508 4860 Ὀτε
2538 4807 2593 4860 δὲ
2621 4807 2784 4862 αὑτὸν
2817 4807 3157 4881 καθιερῶσαι·
3180 4810 3498 4885 ἐκελεύσθη,
3521 4815 3646 4885 οὐχὶ
3669 4820 3814 4888 μετά

2217 4902 2413 4957 πολλοῦ
2433 4903 2526 4956 τοῦ
2548 4903 2769 4974 τάχους,
2788 4904 2989 4961 ὡσανεὶ
3014 4905 3223 4976 μέλλων
3243 4909 3324 4971 είς
3346 4911 3628 4975 παστάδας
3651 4913 3815 4982 ἄγειν

2219 5002 2312 5062 καὶ
2340 5001 2948 5071 νυμφαγωγεῖν,οὖτως
2985 4988 3160 5056 αὑτὸν
3182 5004 3427 5075 ἀνήγαγε
3454 5023 3469 5072 ;
3500 5011 3596 5063 καὶ
3634 5011 3814 5082 αὑτῆς

2216 5099 2313 5168 τῆς
2345 5098 2558 5167 φύσεως
2593 5099 2776 5168 σχεδὸν
2809 5098 3062 5165 ἐξελθὼν,
3092 5100 3189 5166 καὶ
3221 5100 3314 5154 τοῦ
3347 5100 3637 5173 ἄνθρωπος
3668 5103 3814 5162 εἶναι

2217 5202 2572 5269 ἀπαλλαγεὶς,
2623 5202 2718 5265 καὶ
2768 5199 2960 5254 θυσίαν
3013 5200 3244 5274 ἀνέφερε
3298 5206 3491 5274 καινήν
3537 5222 3658 5258 τινα
3714 5212 3812 5265 καὶ

2215 5299 2537 5369 παράδοξον,
2569 5298 2662 5352 καὶ
2695 5299 2854 5367 μόνος
2899 5297 2990 5352 τὸν
3034 5295 3194 5353 ἆθλον
3249 5298 3450 5372 ἧθλησε
3503 5303 3719 5373 τοῦτον,
3745 5310 3811 5364 οὐ

2215 5399 2454 5469 γυναικὶ,
2481 5398 2582 5451 οὑκ
2611 5397 2819 5467 οίκέτῃ,
2867 5397 2971 5450 οὑκ
3001 5395 3152 5469 [497]
3199 5397 3345 5469 ἄλλῳ
3387 5399 3494 5453 τινὶ
3541 5401 3652 5455 τῶν
3688 5406 3811 5474 μετ’

2215 5495 2376 5551 αὑτοῦ
2435 5493 2864 5564 κοινωσάμενος;
2925 5494 3077 5565 ’ῌδει
3133 5494 3274 5564 γὰρ,
3312 5496 3429 5566 ᾔδει
3474 5499 3664 5566 σαφῶς
3710 5502 3809 5557 τοῦ

2215 5593 2480 5646 σκοπέλου
2514 5591 2575 5642 τὸ
2602 5589 2824 5660 ὑψηλὸν,
2853 5588 2948 5642 τοῦ
2983 5591 3355 5661 ἐπιτάγματος
3382 5593 3475 5648 τὸν
3508 5596 3810 5668 ὄγκον,τσῡ

2274 5740 2301 5769 ⁸
2326 5737 2421 5787 Alii
2445 5736 2713 5800 προλαϐών.
