4050 6426
199 332 307 386 509

200 447 368 502 l’ntas
399 451 567 496 autem
594 456 673 494 me
706 439 853 494 aliter
879 435 969 490 tibi
998 433 1321 506 respondisse
1339 471 1355 496 ,
1384 446 1538 501 quam
1560 436 1614 481 ut
1638 442 1807 494 appa-

199 533 506 608 reusjnsm
530 532 653 606 (Job
684 532 775 588 40.
808 532 866 602 3)
887 530 934 584 ?.
958 529 1026 584 Et
1055 541 1185 582 vero
1213 525 1410 579 Paulus
1443 522 1553 587 ait,
1601 518 1813 591 Oportet

197 639 374 684 autem
399 637 446 682 et
474 628 691 681 htereses
720 639 859 688 esse,
902 630 957 676 ut
993 621 1081 692 qui
1123 617 1321 688 probati
1360 623 1509 680 sunt,
1553 609 1817 682 manifesti

209 724 332 776 ‘iant
357 721 566 777 intrabis
597 721 676 790 (1.
697 718 814 774 Cor.
847 718 935 773 11.
970 714 1084 787 19).
1115 713 1186 768 At
1212 722 1267 767 tu
1295 714 1416 766 cum
1440 707 1616 773 audis,
1649 703 1819 774 Opor-

203 823 270 868 tet
300 822 470 867 autem
495 821 543 867 et
574 811 788 865 hereses
814 825 919 864 esse
941 849 958 873 ,
1005 806 1116 862 noli
1163 803 1480 860 existimare
1519 799 1635 853 haec
1666 797 1814 851 illum

203 904 556 975 imperando,
604 903 688 958 vel
719 891 891 972 legem
932 895 1158 954 ferendo
1203 891 1552 965 pronuntiare
1577 930 1594 958 ,
1643 886 1812 952 absit;

202 1013 394 1054 verum
426 1013 488 1053 ea
517 1011 639 1067 qua:
669 996 849 1050 futura.
891 1000 1048 1049 erant
1089 984 1502 1060 praenuntiando
1527 1025 1544 1051 ,
1590 989 1646 1036 et
1673 978 1819 1051 quod

203 1091 415 1146 lucrum
432 1088 771 1160 vigilantibus
788 1086 915 1142 inde
926 1085 1288 1140 obventurunt
1305 1087 1425 1135 erat
1445 1072 1815 1148 prtedicendo.

205 1182 359 1237 Tunc
380 1181 545 1246 enim,
578 1197 611 1236 o
642 1195 738 1234 vos
765 1178 854 1249 qui
882 1175 1054 1246 decipi
1081 1188 1191 1228 non
1223 1169 1467 1243 potestis,
1497 1176 1683 1223 vestra.
1708 1164 1812 1218 vir-

206 1284 294 1328 tus
326 1273 584 1327 illustrior
619 1269 917 1342 apparebit.
952 1267 1033 1322 Ad
1064 1266 1181 1320 haec
1204 1263 1366 1319 aliam
1394 1260 1556 1317 etiam
1584 1257 1655 1313 ob
1685 1270 1816 1310 cau-

205 1381 322 1420 sam
370 1364 644 1435 improbos
689 1376 809 1418 esse
839 1361 985 1415 Deus
1029 1358 1192 1421 sivit.
1244 1370 1315 1411 ne
1359 1353 1498 1409 forte
1547 1349 1744 1407 sublati
1787 1363 1819 1403 e

205 1459 425 1525 medio,
453 1474 515 1512 ea
535 1499 551 1524 ,
596 1473 716 1528 qua:
745 1454 851 1511 illis
877 1470 942 1510 ex
981 1449 1343 1508 conversione
1381 1461 1477 1502 sua
1520 1445 1818 1500 obventnra

204 1562 355 1620 erat,
384 1552 612 1606 utilitate
651 1547 1049 1604 fraudarentur.
1109 1543 1183 1598 lta
1224 1550 1281 1598 et
1307 1540 1502 1595 Paulus
1530 1535 1708 1592 salvus
1737 1532 1818 1589 fa-

204 1660 326 1701 ctus
349 1655 434 1702 est
458 1687 472 1710 ,
517 1646 587 1699 ita
618 1643 757 1698 latro
779 1683 795 1708 ,
843 1643 914 1696 ita
944 1638 1225 1704 meretrix,
1271 1637 1342 1691 ita
1374 1633 1716 1706 publicanus,
1747 1631 1818 1684 ita

204 1738 388 1794 exteri
418 1737 590 1791 multi.
646 1731 801 1803 Quod
832 1731 879 1786 si
910 1731 1060 1803 prius
1097 1744 1257 1799 quam
1309 1726 1724 1781 immutarentur
1744 1763 1758 1788 ,
1787 1736 1820 1776 e

204 1829 386 1886 medio
433 1827 628 1885 sublati
676 1832 894 1890 essent,
948 1822 1128 1878 nullus
1166 1837 1234 1878 ex
1282 1819 1392 1875 illis
1439 1818 1620 1873 salvus
1673 1823 1820 1870 esset

207 1921 401 1976 factus.
455 1919 624 1975 Porro
667 1917 734 1973 de
772 1915 1094 1972 antichristo
1138 1913 1363 1967 alteram
1399 1909 1564 1965 etiam
1595 1920 1814 1962 causam

206 2011 419 2083 profert
449 2011 667 2066 Paulus.
709 2007 882 2076 Quam
930 2005 1185 2061 tandem?
1237 2003 1308 2060 Ut
1335 2002 1480 2059 omni
1519 1999 1625 2056 hoc
1663 2007 1819 2069 pacto

204 2107 558 2162 excusatione
609 2103 779 2160 Judaei
823 2099 1197 2158 excludantur.
1255 2097 1370 2167 Qua
1413 2096 1557 2153 enim
1602 2095 1818 2149 tandem

205 2199 364 2254 venia
389 2197 535 2270 digni
557 2197 724 2252 videri
757 2202 1042 2267 poterunt,
1085 2207 1206 2248 cum
1233 2190 1506 2246 Christum
1534 2203 1640 2244 non
1670 2201 1821 2242 recc-

207 2293 388 2362 perint
429 2291 520 2363 qui
566 2290 639 2346 illi
680 2288 904 2345 credere
939 2284 1278 2343 debuerunt?
1319 2283 1615 2353 Propterea
1643 2280 1771 2336 dicit
1806 2295 1820 2333 :

209 2383 282 2440 Ut
292 2383 597 2453 judicentur
618 2397 792 2438 omnes
810 2422 826 2446 ,
853 2380 940 2452 qui
969 2395 1070 2433 non
1095 2377 1419 2432 crediderunt
1447 2374 1645 2428 veritati
1669 2415 1685 2440 ,
1716 2373 1822 2427 hoc

206 2488 292 2533 cst
328 2477 549 2534 Christo
571 2518 587 2544 ,
641 2475 732 2532 sed
770 2484 1138 2530 consenserunt
1176 2470 1430 2542 iniquitati
1460 2468 1540 2540 (9..
1574 2466 1730 2523 Thes.
1761 2466 1818 2520 2.

209 2571 302 2642 11)
327 2613 342 2637 ,
373 2573 477 2629 hoc
501 2580 585 2627 est
607 2570 945 2626 antichristo.
977 2566 1109 2624 Nam
1138 2566 1392 2637 quoniam
1422 2561 1708 2626 dicebant,
1741 2559 1820 2615 id-

205 2666 356 2720 circo
399 2679 463 2721 se
504 2663 580 2719 illi
625 2678 731 2718 non
773 2660 1033 2726 credere,
1087 2657 1230 2728 quod
1263 2657 1432 2712 Deum
1469 2670 1530 2710 se
1569 2654 1818 2720 diceret;

209 2757 494 2826 Propterea
515 2771 732 2821 namque
752 2763 798 2809 te
824 2753 1136 2825 lapidantus,
1169 2750 1436 2821 inquiunt,
1454 2749 1575 2818 quia
1601 2757 1654 2801 tu
1672 2747 1822 2801 homo

207 2866 326 2903 cum
355 2849 426 2903 sis
445 2889 461 2916 ,
494 2849 624 2920 fucis
654 2848 872 2918 teipsum
896 2843 1062 2898 Deum
1095 2843 1274 2914 (Joan.
1314 2840 1402 2897 10.
1434 2840 1527 2911 55)
1559 2855 1574 2892 :
1609 2837 1822 2895 tametsi

210 2942 439 3012 plurima
470 2940 614 2994 illum
645 2939 891 2994 audirent
916 2935 1302 2991 attribuentem
1326 2933 1495 3001 Patri,
1536 2947 1602 2988 ac
1627 2930 1819 2988 dicen-

210 3046 319 3090 tem
349 3050 406 3089 se
435 3050 502 3089 ex
533 3034 703 3104 ipsius
742 3032 1009 3088 sententia
1038 3031 1252 3091 venisse
1272 3072 1287 3095 ,
1335 3028 1493 3098 idque
1524 3027 1710 3083 multis
1734 3042 1821 3082 aro

207 3125 480 3198 gutnentis
527 3123 988 3180 demonstrantem
1033 3140 1047 3177 :
1097 3123 1226 3193 quid
1275 3121 1458 3176 dicent
1501 3135 1624 3176 cum
1678 3120 1822 3174 anti-

209 3217 473 3273 christum
540 3216 775 3287 scipsum
829 3215 1098 3270 dicentem
1147 3205 1353 3280 De‘um,
1409 3227 1586 3282 neque
1644 3212 1822 3267 Patris

209 3309 540 3364 mentionem
572 3307 853 3363 facientem
876 3348 891 3374 ,
940 3305 1034 3363 sed
1065 3305 1393 3362 contrarium
1423 3303 1711 3361 facientem
1737 3321 1826 3360 re-

210 3403 454 3475 cipient?
503 3401 617 3458 Hoc
657 3401 819 3457 etiam
849 3399 1097 3457 Christus
1122 3399 1457 3469 exprobrans
1487 3399 1592 3454 illis
1625 3398 1821 3468 pra‘di-

209 3499 369 3553 cebat
395 3497 478 3551 his
513 3496 729 3552 verbis:
757 3494 869 3566 Ego
915 3495 1027 3549 veni
1071 3493 1122 3548 in
1164 3493 1369 3547 nomine
1399 3491 1572 3546 Patris
1610 3491 1710 3546 mei
1732 3533 1748 3559 ,
1777 3499 1824 3546 et

212 3606 315 3645 non
342 3581 572 3659 accipitis
605 3603 714 3652 me;
750 3586 794 3640 si
820 3585 953 3640 alius
979 3584 1166 3639 venerit
1190 3584 1247 3638 in
1275 3583 1481 3638 nomine
1510 3598 1605 3636 suo
1625 3623 1640 3646 ,
1664 3583 1826 3645 illum

212 3683 474 3755 accipietis
521 3680 716 3752 (Joan.
758 3681 813 3736 5.
851 3678 956 3750 45)
994 3695 1008 3731 :
1053 3685 1341 3749 propterea
1389 3676 1649 3747 permissa
1699 3685 1827 3731 sunt

211 3775 487 3832 scandala.
537 3771 690 3840 Quod
717 3771 760 3826 si
792 3785 887 3827 eos
912 3770 1002 3840 qui
1032 3769 1467 3824 scandalizantur
1495 3783 1828 3823 commemo-

213 3883 304 3924 res
324 3910 338 3934 ,
366 3881 466 3937 ego
494 3865 586 3919 tibi
615 3878 728 3928 eos,
760 3862 853 3933 qui
888 3862 1206 3917 illustriores
1235 3859 1365 3917 inde
1384 3859 1511 3916 facti
1539 3870 1681 3926 sunt,
1724 3861 1824 3916 oh-

213 3960 431 4030 jiciam;
473 3973 536 4014 ac
578 3957 670 4011 tibi
715 3970 902 4010 rursus
930 3954 1106 4010 dicam
1145 3968 1358 4024 aequum
1390 3969 1496 4008 non
1536 3952 1737 4021 fuisse,
1769 3962 1828 4007 ut

216 4062 439 4124 prapter
465 4051 692 4105 aliorum
716 4047 1225 4104 inconsiderantiam
1256 4063 1320 4102 ac
1345 4046 1608 4103 desidiam
1635 4048 1711 4103 illi
1731 4050 1825 4119 qui

217 4153 470 4217 poterant
495 4153 550 4199 et
589 4143 778 4198 attenti
808 4156 928 4197 esse
965 4149 1021 4197 et
1053 4140 1271 4211 vigiles,
1306 4150 1468 4210 atque
1516 4140 1828 4198 innumeras

215 4257 284 4295 ex
313 4240 396 4294 his
416 4238 620 4308 palmas
642 4245 944 4307 reportare,
968 4233 1221 4290 deteriori
1260 4243 1447 4290 essent
1484 4234 1820 4301 conditione,

216 4350 342 4389 cum
371 4333 615 4388 laborum
653 4329 875 4401 pra:mia
918 4327 1300 4398 rependentur.
1351 4327 1560 4398 Quippe
1589 4328 1676 4382 isti
1703 4329 1828 4399 qui-

215 4429 341 4483 dem
370 4426 562 4496 injuria
608 4424 835 4480 fuissent
863 4421 1082 4486 allecti,
1133 4422 1178 4476 si
1206 4421 1562 4477 certaminum
1593 4422 1825 4486 istorum

218 4522 558 4579 occasionem
585 4519 930 4584 amisissent;
962 4519 1038 4573 illi
1069 4532 1200 4573 vero
1219 4560 1232 4581 ,
1256 4518 1300 4573 si
1333 4516 1460 4586 quid
1492 4517 1617 4573 inde
1645 4518 1828 4574 damni

221 4615 493 4681 fecissent,
537 4612 672 4667 nulli
694 4612 845 4667 alteri
868 4655 882 4677 ,
918 4611 1012 4666 sed
1045 4611 1279 4681 sibiipsis
1309 4611 1681 4681 prolapsiones
1704 4627 1830 4669 suas

222 4710 486 4778 imputare
527 4705 884 4771 debuissent,
931 4707 1154 4774 ejusque
1183 4703 1430 4760 criminis
1466 4705 1538 4759 ab
1563 4705 1670 4762 illis
1696 4711 1829 4761 'con—

219 4801 347 4855 vtcti
388 4807 611 4866 essent,
653 4799 746 4869 qui
797 4815 906 4853 non
954 4797 1116 4853 modo
1155 4797 1502 4853 scandalizati
1548 4815 1657 4854 non
1695 4800 1829 4857 fuis-

220 4901 341 4948 sent
362 4933 377 4955 ,
411 4889 505 4947 sed
533 4891 695 4945 etiam
723 4890 1048 4948 illustriores
1091 4888 1216 4943 inde
1252 4905 1315 4944 ac
1344 4890 1679 4947 robustiores
1700 4908 1827 4949 eva-

220 4989 440 5040 sissent.

293 5077 423 5134 CAP.
456 5076 596 5133 Xlll.
632 5075 791 5131 ‘Nihil
815 5093 900 5132 eos
921 5077 1104 5132 (ledere
1121 5078 1206 5148 qui
1227 5078 1401 5148 vigiles
1424 5089 1540 5132 sunt
1561 5089 1607 5134 et
1628 5082 1827 5149 attenti,

223 5186 381 5239 neque
409 5169 762 5238 supplantare.
807 5167 1064 5223 Abraham
1087 5169 1251 5237 ﬁlium
1278 5170 1544 5224 immolare
1553 5172 1830 5241 jussus.—

220 5267 367 5327 Quos
387 5263 551 5326 enim,
584 5268 788 5330 quaeso,
817 5261 1125 5318 sacerdotes
1147 5261 1334 5317 habuit
1361 5263 1673 5317 Abraham?
1695 5281 1830 5335 quos

221 5353 471 5410 ductores
491 5354 517 5406 ?
536 5367 695 5423 quam
719 5353 1154 5408 institutionem?
1181 5370 1338 5422 quam
1364 5354 1830 5411 admonitionem?

220 5447 362 5517 quod
410 5445 737 5500 censiliuml
784 5446 1220 5516 quandoquidem
1278 5461 1450 5515 neque
1504 5455 1614 5501 tum
1675 5458 1832 5503 erant

222 5543 393 5597 litera:
417 5581 431 5606 ,
466 5556 570 5595 non
605 5539 686 5594 lex
709 5580 723 5604 ,
754 5554 860 5592 non
903 5539 1203 5610 propheta),
1237 5556 1340 5594 non
1371 5540 1513 5593 aliud
1539 5540 1827 5612 quidquam

225 5632 487 5702 ejusmodi
521 5651 534 5687 :
577 5632 670 5687 sed
705 5631 940 5686 nondum
973 5633 1278 5702 navigatum
1326 5648 1476 5687 mare
1521 5633 1827 5703 navigabat,

227 5735 282 5777 et
313 5738 408 5790 per
445 5725 585 5778 viam
627 5723 848 5778 minimc
887 5725 1063 5778 tritam
1097 5724 1408 5787 incedebat,
1442 5725 1601 5795 idque
1627 5741 1748 5779 cum
1778 5736 1831 5779 et

230 5811 394 5869 donni
417 5828 431 5866 :
455 5819 510 5865 et
537 5822 690 5884 patre
725 5815 889 5885 impio
930 5827 1083 5871 natus
1115 5828 1279 5874 esset.
1329 5817 1432 5872 Sed
1467 5832 1530 5872 nc
1561 5817 1675 5875 hmo
1706 5818 1824 5888 qui-

1053 320 1147 376 AD
1187 317 1318 376 EOS
1357 317 1476 387 QUI
1515 310 2020 374 SCANDALIZATI
2058 312 2263 371 SUNT.
2310 309 2440 367 LIB.
2486 308 2689 367 UNUS.

3432 306 3550 363 510-

1923 424 2047 480 dem
2098 425 2248 480 illum
2295 425 2588 490 laeserunt,
2639 421 2771 494 quin
2817 422 2995 494 potius
3033 423 3173 480 adeo
3194 413 3398 481 'virtutc
3427 430 3542 482 suis

1920 516 2208 588 prteluxit,
2239 525 2297 572 ut
2321 531 2446 588 quas
2493 525 2617 588 post
2657 516 2884 572 multum
2923 517 3220 588 temporis,
3260 529 3382 590 post
3411 536 3540 588 [που

1924 610 2148 678 phetas,
2200 618 2324 679 post
2373 609 2585 680 legem,
2633 617 2689 663 et
2727 619 2929 664 tantam
2959 610 3395 686 instructionem,
3435 629 3540 683 qua

1924 713 2023 769 per
2059 699 2212 771 signa
2255 699 2506 756 Christus
2541 709 2597 755 ct
2636 700 2894 757 miracnh
2919 691 3108 757 debuit
3133 702 3381 760 homines
3411 720 3539 762 eru-

1925 790 2044 847 dire
2066 833 2083 859 ,
2114 794 2308 848 horum
2343 793 2504 864 longe
2529 803 2657 849 ante
2683 795 2958 865 specimen
2989 796 3258 862 ediderit,
3299 799 3546 856 caritatis

1923 883 2152 941 sincerae
2178 901 2242 940 ao
2272 885 2514 951 fervidae,
2536 887 2777 957 pecuniae
2794 896 3159 960 contemptus,
3189 904 3334 946 cura:
3350 906 3542 947 eorum

1924 977 2013 1046 qui
2055 978 2336 1047 sanguinis
2374 986 2504 1034 sunt
2546 979 2870 1049 cognatione
2911 981 3186 1051 conjuncti
3218 1000 3231 1037 :
3262 992 3318 1038 et
3345 982 3542 1040 fastum

1924 1081 2150 1124 omnem
2173 1069 2525 1135 conculcarit,
2567 1071 2784 1127 mollem
2813 1086 2878 1128 ac
2903 1071 3190 1129 delicatam
3211 1075 3377 1132 vitam
3399 1077 3546 1147 reje-

1923 1161 2078 1229 cerit,
2128 1164 2454 1219 sanctiorem
2497 1180 2660 1235 quam
2705 1165 2804 1231 illi,
2837 1165 2928 1236 qui
2960 1182 3104 1222 nunc
3131 1168 3398 1242 montium
3423 1186 3548 1226 ver-

1926 1254 2060 1310 tices
2104 1265 2440 1326 occuparunt
2487 1255 2781 1322 monachi,
2826 1265 2882 1313 et
2918 1259 3276 1316 austeriorem
3328 1262 3544 1320 vivendi

1925 1346 2188 1402 rationem
2215 1349 2566 1417 expresserit.
2603 1349 2734 1405 Nam
2769 1366 2945 1422 neque
2969 1351 3163 1408 domus
3187 1354 3262 1409 illi
3286 1364 3422 1420 erat,
3450 1356 3546 1412 sed

1923 1437 2177 1509 laqueare
2209 1451 2518 1512 tectumque
2539 1442 2689 1513 justo
2728 1443 2981 1499 foliorum
3009 1445 3198 1500 umbra
3224 1448 3540 1519 suppedita-

1925 1531 2050 1599 bat,
2077 1547 2254 1604 neque
2273 1575 2288 1599 ,
2319 1535 2565 1604 quamvis
2595 1537 2913 1608 peregrinus
2937 1547 3117 1605 esset,
3150 1539 3352 1597 idc'rco
3379 1540 3548 1613 negliv-

1925 1625 2139 1696 gentior
2179 1625 2248 1682 ad
2294 1627 2648 1698 excipiendos
2697 1637 2841 1684 tecto
2892 1635 3209 1703 peregrinos
3249 1644 3401 1701 erat,
3451 1637 3546 1692 sed

1925 1731 2152 1788 peregre
2197 1733 2321 1773 cum
2364 1729 2549 1787 esset,
2599 1731 2744 1776 totus
2776 1722 2829 1777 in
2858 1722 3298 1782 id‘incumbehat
3341 1729 3545 1800 cperis,

1927 1818 1985 1864 ut
2008 1811 2227 1866 assidue
2263 1812 2444 1867 medio
2487 1814 2716 1869 meridie
2765 1824 3158 1884 praetereuntes
3181 1819 3460 1892 exciperet
3485 1837 3552 1878 ac

1927 1901 2195 1958 reﬁceret.
2252 1903 2373 1974 Ipse
2408 1920 2539 1959 vero
2568 1921 2680 1959 rem
2728 1921 2824 1976 per
2856 1922 2918 1963 se
2945 1923 3162 1965 omnem
3199 1912 3451 1982 gerebat,
3494 1925 3550 1970 et

1925 2011 2150 2053 uxorem
2196 1998 2248 2051 in
2299 1999 2634 2054 consortium
2676 1999 2954 2070 praeclara:
2983 2001 3131 2057 illius
3172 2007 3552 2076 occupationis

1925 2089 2282 2145 adsciscebat.
2305 2091 2448 2159 Quid
2477 2107 2605 2168 vero
2633 2107 2732 2165 pro
2761 2093 2944 2149 fratris
2968 2093 3082 2150 ﬁlio
3107 2112 3215 2153 non
3244 2098 3396 2169 fecit,
3419 2116 3546 2158 cum

1925 2183 2126 2256 alioqui
2157 2201 2264 2240 non
2289 2227 2303 2251 ,
2351 2197 2412 2241 ut
2439 2189 2721 2258 oportuit,
2750 2187 2820 2243 ab
2848 2203 2917 2244 eo
2949 2199 3210 2247 tractatus
3241 2204 3424 2260 esset,
3453 2197 3551 2254 sed

1928 2277 2170 2347 potiores
2196 2277 2287 2334 ille
2312 2288 2492 2349 partes
2520 2280 2622 2336 sibi
2651 2281 3007 2346 vindicasset,
3039 2283 3199 2354 idque
3227 2297 3352 2356 post
3374 2289 3554 2358 optio-

1927 2385 2050 2423 nem
2077 2369 2256 2424 datam
2297 2370 2623 2429 electionis?
2665 2372 2859 2431 Nonne
2903 2377 3220 2447 sanguinem
3267 2379 3554 2450 profudit?

1927 2480 2109 2521 nonne
2152 2466 2475 2522 vernaculos
2528 2483 2722 2524 omnes
2774 2485 2904 2526 suos
2952 2472 3224 2527 :‘rmavil?
3271 2491 3454 2533 nonne
3497 2478 3552 2532 in

1925 2568 2175 2629 apertum
2215 2575 2277 2616 se
2306 2561 2600 2618 discrimen
2638 2563 2880 2635 ohjecit?
2928 2568 2996 2620 At
3023 2582 3132 2635 quo
3159 2576 3407 2640 tempore
3431 2570 3553 2643 jus-

1927 2665 2023 2707 sus
2045 2661 2129 2708 est
2174 2652 2396 2709 domum
2443 2655 2732 2723 deserere,
2780 2667 2942 2729 atque
2984 2661 3037 2715 in
3065 2662 3231 2718 aliam
3268 2666 3551 2738 regionem

1930 2747 2241 2817 proﬁcisci,
2290 2763 2473 2805 nonne
2522 2751 2708 2805 statim
2745 2755 2940 2821 paruit,
2991 2763 3047 2810 ct
3095 2756 3264 2825 patria
3336 2759 3551 2829 amicis,

1931 2843 2247 2914 propinquis
2270 2884 2284 2909 ,
2317 2852 2373 2898 et
2401 2845 2655 2901 omnibus
2675 2845 2955 2902 derelictis
2981 2892 2995 2914 ,
3030 2850 3286 2906 mandato
3308 2852 3555 2922 jubentis

1929 2935 2210 3003 obediens,
2241 2952 2364 3008 quae
2394 2946 2540 2993 certa
2558 2949 2713 2994 erant
2737 2938 2979 2995 deseruit
3000 2983 3014 3007 ,
3047 2953 3105 2998 et
3131 2943 3356 3001 incertis
3384 2947 3556 3003 multo

1929 3031 2235 3102 promptius
2261 3047 2425 3103 quam
2452 3033 2620 3088 certis
2651 3033 2884 3089 adhaesit
2917 3051 2932 3088 :
2966 3034 3105 3093 adeo
3135 3039 3418 3107 promissis
3459 3029 3554 3098 Dei

1930 3122 2260 3190 conﬁdebat,
2295 3126 2437 3196 quod
2487 3125 2903 3197 perfectissimae
2930 3127 3053 3183 ﬁdei
3085 3128 3225 3185 fuit?
3268 3131 3399 3190 Post
3431 3133 3556 3189 inec

1929 3223 2109 3270 autem
2139 3216 2320 3271 omnia
2348 3232 2530 3273 nonne
2554 3233 2679 3273 cum
2717 3217 2895 3275 fames
2934 3221 3184 3291 smviret,
3227 3222 3426 3281 iterum
3449 3239 3550 3282 ex-

1935 3310 2103 3365 torris
2139 3320 2223 3366 est
2262 3309 2435 3366 factus
2455 3353 2469 3376 ,
2497 3326 2676 3383 neque
2702 3313 3154 3370 consternabatur
3178 3356 3194 3382 ,
3221 3326 3315 3372 aut
3341 3327 3558 3389 pertur-

1929 3402 2179 3470 babatur,
2217 3402 2311 3458 sed
2333 3403 2579 3459 eamdem
2603 3402 2990 3474 obedientiam,
3019 3405 3341 3464 modestiam
3359 3424 3424 3465 ac
3456 3426 3554 3482 pa-

1931 3495 2174 3551 tientiam
2210 3512 2320 3567 prze
2346 3512 2408 3552 se
2436 3496 2681 3563 ferebat,
2716 3507 2876 3570 atque
2915 3499 2968 3553 in
2998 3499 3296 3572 1Egyptum
3322 3501 3558 3560 descen-

1931 3588 2117 3657 debat,
2153 3591 2236 3646 sic
2264 3599 2324 3646 ut
2346 3606 2473 3649 cum
2505 3591 2618 3648 Deo
2659 3593 2929 3662 paruisset
2961 3592 3077 3649 hinc
3108 3594 3396 3665 imperanti
3417 3640 3433 3663 ,
3461 3612 3558 3654 sua

1932 3682 2003 3764 sit
2046 3697 2214 3738 uxore
2271 3683 2553 3754 privatus,
2608 3699 2729 3740 eam
2785 3683 2981 3756 injuria
3034 3685 3284 3742 affectam
3335 3690 3556 3757 viderit,

1932 3783 2192 3845 quantum
2220 3775 2442 3845 quidem
2469 3775 2522 3832 in
2553 3774 2807 3848 Egyptio
2841 3778 3004 3832 situm
3051 3777 3190 3845 fuit,
3233 3790 3288 3836 et
3313 3783 3561 3840 acerbio-

1933 3880 2047 3920 rem
2093 3875 2270 3922 morte
2319 3867 2531 3938 plagam
2576 3867 2794 3924 letalem
2840 3871 3152 3941 acceperit?
3207 3872 3347 3940 Quid
3391 3876 3559 3943 enim,

1934 3973 2139 4030 quaeso,
2167 3957 2268 4016 fuit
2292 3962 2561 4028 acerbius,
2595 3977 2755 4033 quam
2788 3962 3073 4039 mulierem
3102 3965 3203 4021 sibi
3229 3967 3560 4025 matrimonii

1935 4052 2054 4122 lege
2093 4055 2399 4122 copulatam
2426 4065 2545 4124 post
2579 4065 2656 4110 tot
2676 4065 2840 4111 recte
2874 4055 3012 4112 facta
3043 4073 3270 4116 cernere
3301 4076 3331 4116 a
3361 4062 3560 4128 barba-

1934 4145 2044 4200 rica
2073 4146 2352 4218 abreptam
2383 4147 2625 4214 lascivia,
2670 4149 2722 4204 in
2754 4150 2901 4220 regia
2939 4151 3304 4210 introductam
3332 4155 3557 4226 palatia,

1935 4239 2264 4294 contumelia
2291 4238 2541 4295 atl'ectam
2569 4241 2842 4297 cernere?
2871 4242 3134 4309 Quamvis
3163 4249 3310 4302 enim
3339 4247 3390 4302 in
3421 4263 3561 4319 Opus

1935 4345 2041 4385 non
2065 4321 2262 4388 exierit
2287 4335 2618 4390 contumelia
2643 4376 2658 4401 ,
2686 4335 2801 4405 ipse
2830 4343 3020 4394 tamen.
3040 4337 3173 4393 illud
3196 4345 3555 4410 exspectavit,

1935 4433 1991 4478 et
2015 4427 2194 4479 omnia
2235 4427 2504 4495 patienter
2529 4426 2740 4483 ferebat
2768 4447 2780 4484 :
2807 4431 2887 4485 sic
2915 4440 2973 4485 ut
3003 4446 3181 4503 neque
3220 4435 3572 4494 calamitates.

1935 4533 2058 4572 cum
2091 4518 2492 4586 subverterint,
2537 4537 2713 4591 neque
2742 4524 2983 4592 prosperi
3022 4540 3309 4584 successus
3343 4532 3556 4587 extule-

1937 4610 2083 4679 rint,
2136 4611 2233 4668 sed
2281 4613 2333 4667 in
2381 4622 2684 4686 temporum
2739 4615 3045 4673 differentia
3087 4621 3353 4688 tequidem
3394 4626 3559 4678 annui

1937 4717 2156 4758 sensum
2183 4707 2540 4760 conservarit.
2595 4706 2736 4774 Quid
2767 4722 2898 4763 vero
2917 4752 2944 4776 μ
2965 4725 3088 4764 cum
3116 4710 3190 4765 illi
3232 4713 3399 4768 lilium
3431 4730 3559 4785 pro~

1937 4796 2110 4863 misit,
2143 4813 2322 4852 nonne
2352 4814 2412 4854 se
2449 4800 2595 4856 mille
2638 4800 3025 4872 impeditnenta
3049 4803 3367 4874 objecerunt
3393 4849 3407 4871 ,
3440 4825 3562 4879 qua

1936 4891 2194 4961 cogitanti
2244 4891 2381 4946 ratio
2407 4893 2776 4964 suggerebat?
2819 4910 2940 4965 quae
2970 4897 3154 4951 omnia
3185 4915 3309 4954 cum
3351 4901 3441 4957 ille
3468 4919 3559 4958 se-

1937 4984 2155 5051 dasset,
2206 5001 2532 5058 omnemque
2582 4988 2799 5044 illorum
2853 4990 3140 5046 tumultum
3186 4996 3557 5064 repressisset,

1939 5077 2043 5135 ﬁde
2074 5080 2306 5134 maxime
2337 5080 2562 5135 illustris
2606 5081 2744 5136 fuit?
2788 5083 3015 5151 Quando
3047 5094 3229 5141 autem
3275 5089 3560 5147 immolare

1938 5170 2087 5226 illum
2105 5172 2287 5241 jussus
2307 5182 2409 5235 est,
2429 5189 2609 5229 nonne
2631 5189 2840 5229 summa
2866 5191 2987 5230 cum
3002 5175 3379 5247 festinatione,
3406 5189 3558 5254 quasi

1939 5266 2234 5334 nuptialem
2266 5264 2332 5319 ad
2367 5265 2663 5320 thalamum
2698 5267 3031 5323 deducturus
3074 5269 3228 5325 illum
3269 5283 3450 5339 esset,
3487 5275 3556 5329 ita

1940 5355 2085 5410 illum
2142 5356 2338 5412 duxit?
2411 5368 2573 5427 atque
2628 5359 2799 5426 ipsam
2857 5363 3252 5431 propemodum
3311 5375 3559 5423 naturam

1937 5463 2140 5503 exuens
2160 5489 2173 5513 ,
2220 5458 2273 5502 et
2301 5448 2465 5502 homo
2492 5465 2613 5506 esse
2644 5449 2901 5505 desinens
2926 5491 2940 5516 ,
2976 5469 3176 5508 novum
3206 5455 3475 5525 quoddam
3502 5469 3559 5514 et

1940 5539 2250 5595 inusitatum
2273 5542 2465 5596 obtulit
2492 5542 2837 5606 sacrificium,
2869 5545 3124 5616 solusque
3153 5558 3428 5603 certamen
3454 5548 3558 5603 hoc

1939 5633 2231 5698 conseruit,
2272 5648 2377 5688 11011
2409 5650 2531 5688 Clllll
2568 5649 2736 5689 ΙΙΧΟῘΟ
2757 5676 2768 5697 ,
2802 5651 2907 5689 11011
2940 5649 3060 5690 Cllm
3090 5653 3269 5703 εεϊνο,
3305 5655 3410 5694 11011
3435 5657 3557 5695 (211111

1938 5708 2044 5778 alio
2091 5726 2281 5794 quovis
2331 5728 2804 5782 communicavit?
2860 5728 3093 5785 Noverat
3145 5732 3331 5796 enim,
3391 5734 3560 5802 probe

1939 5827 2180 5884 llOVCl’Jl,
2214 5828 2411 5888 quanta
2448 5819 2652 5889 scopuli
2682 5820 2828 5880 illius
2850 5830 2992 5879 esset
3011 5822 3339 5892 sublimitas,
3361 5835 3556 5895 quanta
