4050 6430
516 318 614 375 1111
1229 320 1288 374 S.
1327 318 1609 375 JOANNIS
1646 304 2130 374 CHRYSOSTOMI
2170 317 2490 379 ARCHIEP.
2524 325 3062 389 CONSTANTINOP.

515 435 687 491 moles
717 435 858 505 illius
881 432 1138 500 mandati,
1177 441 1374 502 quanta
1398 434 1538 488 illius
1563 433 1870 489 certaminis
1898 431 2105 502 magni—

513 528 672 582 tudo:
693 543 848 597 quam
873 527 943 582 ob
963 541 1178 581 causam
1205 527 1353 581 solus
1371 526 1510 581 hunc
1538 540 1750 580 cursum
1775 525 2030 593 suscepit,
2054 531 2107 578 et

515 620 767 684 cucurrit,
793 629 846 674 et
867 619 1108 680 certavit,
1126 627 1180 672 et
1203 633 1456 672 coronam
1482 616 1705 686 adeptus
1729 626 1832 682 est,
1854 625 1908 668 et
1938 618 2108 669 victor

521 721 596 766 est
624 713 973 766 renuntiatus.
1020 709 1150 778 Quis
1172 726 1292 765 eum
1325 709 1578 765 sacerdos
1608 711 1707 764 ista
1742 708 1957 763 docuit?
1986 708 2106 778 quis

512 803 747 856 doctor?
775 803 894 872 quis
926 802 1180 871 propheta
1207 801 1229 854 ?
1268 800 1456 855 Nullus
1487 800 1646 869 plane
1681 819 1694 855 :
1727 799 1822 855 sed
1851 799 2102 869 quoniam

511 897 675 966 proba
708 905 885 949 mente
929 894 1181 964 praeditus
1223 891 1357 960 fuit,
1414 893 1488 946 illi
1536 893 1600 946 ad
1648 893 1827 946 omnia
1871 891 2098 946 sullecit.

509 986 645 1052 Quid
693 1001 820 1040 vero
862 984 1014 1040 Noe?
1066 985 1233 1052 Quem
1287 983 1470 1038 habuit
1522 983 1897 1038 sacerdotem?
1945 998 2101 1052 quem

508 1076 781 1130 doctorem
799 1078 823 1128 ?
843 1091 999 1145 quem
1023 1074 1441 1129 instructorem?
1470 1074 1901 1145 quandoquidem
1933 1074 2097 1139 solus,

507 1182 627 1221 cum
671 1175 815 1220 totus
855 1164 1000 1218 orbis
1043 1173 1305 1218 terrarum
1343 1164 1637 1218 sceleribus
1678 1162 1906 1217 infectus
1935 1174 2096 1230 esset,

505 1258 769 1312 contraria
816 1257 898 1309 via
969 1256 1184 1310 incessit
1218 1257 1273 1320 ί,
1326 1265 1382 1310 et
1437 1257 1684 1310 virtutem
1733 1257 2094 1318 conservavit,

503 1363 672 1418 eaque
705 1349 911 1402 caneris
939 1347 1015 1400 sie
1037 1346 1281 1415 pra-luxit
1301 1388 1315 1411 ,
1347 1356 1404 1400 ut
1431 1348 1480 1398 in
1510 1351 1779 1400 communi
1809 1347 1955 1401 orbis
1987 1357 2096 1401 ter-

507 1455 682 1493 rarum
724 1438 1140 1508 uaulragiolcum
1171 1437 1284 1506 ipse
1312 1437 1492 1489 salvus
1527 1447 1579 1490 et
1603 1437 1880 1491 incolumis
1902 1437 2095 1492 evade-

503 1541 605 1595 ret,
639 1541 746 1586 tum
778 1540 1001 1584 caeteros
1033 1545 1140 1598 pra:
1188 1530 1346 1585 nimia
1393 1545 1503 1582 suae
1542 1530 1749 1582 virtutis
1793 1531 2095 1598 prtestantia

503 1641 567 1680 ex
623 1623 1022 1678 imminentibus
1074 1622 1322 1691 periculis
1378 1620 1656 1700 eriperet?
1707 1620 1858 1676 Unde
1919 1620 2096 1690 justus

501 1717 710 1771 evasit?
751 1716 893 1771 unde
925 1714 1224 1783 perfectus?
1262 1716 1416 1784 cujus
1444 1715 1740 1769 sacerdotis
1767 1723 1819 1768 et
1847 1714 1982 1784 ipse,
2013 1717 2092 1768 vel

500 1811 652 1878 cujus
679 1807 914 1863 doctoris
941 1806 1199 1860 industria
1228 1816 1309 1861 est
1333 1821 1461 1859 usus
1487 1807 1511 1858 ἲ
1546 1805 1713 1861 Nemo
1740 1815 1824 1860 est
1849 1807 1936 1874 qui
1969 1821 2094 1876 pos-

500 1902 569 1954 sit
612 1900 713 1954 hoc
739 1899 937 1954 dicere.
992 1897 1160 1966 Hujus
1192 1912 1352 1966 porro
1384 1898 1522 1950 [ilius
1542 1938 1555 1963 ,
1602 1898 1813 1951 tametsi
1841 1899 2095 1952 domesti-

499 2005 618 2047 cum
668 1992 943 2046 doctorem
994 1990 1222 2044 habebat
1262 1989 1535 2043 assiduum
1564 2029 1578 2054 ,
1624 1990 1792 2058 patris
1821 1991 2092 2048 virtutem,

499 2086 720 2155 ejuSque
746 2084 961 2138 monitis
992 2082 1349 2144 imbuebatur,
1383 2081 1496 2134 sive
1524 2095 1618 2149 per
1643 2081 1831 2146 verba,
1864 2081 1977 2133 sive
2000 2094 2095 2148 per

498 2193 696 2246 opera,
744 2185 798 2230 et
842 2184 1099 2230 eventum
1149 2189 1328 2227 rerum
1359 2181 1643 2237 cerneret,
1689 2187 1810 2226 cum
1841 2173 2000 2226 etiam
2027 2186 2124 2226 CX‘

498 2269 840 2334 calamitate,
887 2276 1047 2337 atque
1092 2282 1158 2321 ex
1203 2249 1572 2319 incolumitate
1618 2279 1722 2318 non
1751 2263 1883 2317 levis
1911 2262 2094 2317 admo.

499 2363 630 2416 nitio
674 2361 1028 2430 suppetebat,
1075 2359 1352 2430 improbus
1400 2359 1454 2412 in
1495 2366 1769 2426 parentem
1809 2358 2013 2420 evasit,
2041 2365 2096 2410 et

497 2453 758 2523 genitoris
800 2451 882 2505 sui
928 2451 1220 2506 nuditatem
1266 2450 1433 2504 irrisit
1473 2464 1536 2504 ac
1577 2449 1869 2519 divulgavit
1913 2447 2090 2517 (Gen.

498 2544 550 2598 9.
581 2543 699 2615 22).
743 2541 906 2597 Vides
936 2542 1133 2611 ubique
1166 2541 1334 2610 proba
1365 2550 1545 2596 mente
1573 2556 1708 2609 opus
1735 2540 1900 2594 esse?
1955 2538 2094 2606 Quid

499 2652 627 2691 vero
668 2636 796 2699 Joh,
844 2637 961 2700 die,
1002 2635 1219 2705 quaeso?
1271 2649 1407 2704 quos
1448 2633 1739 2703 prophetas
1777 2634 2096 2689 audiverat?

497 2745 600 2798 qua
645 2728 882 2782 doctrina
933 2727 1102 2781 fuerat
1141 2725 1421 2780 imbutus?
1468 2724 1642 2780 Nulla.
1693 2726 1759 2779 At
1789 2726 1875 2779 hic
1915 2735 2092 2780 tamen

496 2835 707 2890 quoque
732 2860 748 2886 ,
779 2820 902 2873 licet
926 2818 1056 2872 nihil
1083 2817 1350 2887 ejusmodi
1384 2827 1692 2886 suppeteret
1721 2859 1737 2882 ,
1765 2819 1907 2870 omni
1939 2817 2096 2869 virtu-

499 2911 565 2964 tis
587 2925 788 2981 genere
829 2925 885 2963 se
925 2908 1205 2978 przeditum
1250 2908 1672 2977 exquisitissime
1699 2909 1951 2962 ostendit.
1998 2907 2093 2962 Et-

496 3003 640 3064 enim
677 3001 956 3055 facultates
984 3013 1106 3054 suas
1142 2999 1329 3054 habuit
1355 3015 1474 3054 cum
1507 2999 1828 3070 pauperibus
1851 3014 2094 3054 commu-

495 3109 613 3159 nes,
641 3107 814 3162 neque
845 3091 1118 3145 facultates
1137 3092 1332 3159 solum,
1361 3091 1454 3146 sed
1487 3093 1657 3162 ipsum
1685 3094 1843 3147 etiam
1872 3107 2088 3161 corpus.

495 3186 628 3242 Nam
657 3196 712 3243 et
736 3188 968 3241 viatores
995 3185 1156 3240 domo
1197 3185 1537 3256 excipiebat,
1584 3197 1636 3241 et
1672 3185 1881 3240 illorum
1915 3187 2092 3254 potius

500 3294 658 3349 quam
702 3279 902 3333 domini
948 3287 1064 3332 erat
1107 3277 1331 3344 domus;
1379 3279 1620 3348 corporis
1668 3289 1845 3334 autem
1891 3280 2093 3333 viribus

499 3387 612 3433 eos,
639 3369 729 3439 qui
755 3369 1093 3438 patiebantur
1117 3368 1386 3438 injuriam,
1421 3369 1794 3434 ulciscebatur,
1819 3379 1871 3423 at
1897 3370 2093 3441 lingua:

497 3463 800 3534 prudentia,
823 3463 1193 3532 sapientiaque
1219 3463 1490 3517 silentium
1514 3463 1964 3518 obtrectatoribus
1993 3465 2084 3517 im-

496 3553 762 3624 ponebat,
813 3553 1176 3622 evangelicam
1205 3553 1438 3623 denique
1465 3554 1585 3608 vitae
1619 3554 2084 3609 conversationem

494 3649 548 3700 in
577 3643 823 3698 omnibus
850 3644 963 3697 suis
993 3643 1290 3698 actionibus
1330 3644 1637 3698 elucentem
1664 3644 1971 3700 exhibebat.
2002 3645 2091 3701 Sic

494 3747 672 3790 autem
718 3751 827 3789 rem
866 3734 1132 3801 expende.
1184 3733 1328 3805 Beati
1368 3751 1615 3805 pauperes
1652 3737 1834 3807 spiritu
1866 3735 2086 3809 (Matth.

493 3829 546 3883 5.
573 3825 660 3899 5),
691 3828 766 3879 ait
791 3825 1058 3881 Christus.
1109 3826 1222 3880 lloc
1253 3827 1367 3896 ipse
1394 3841 1557 3895 opere
1584 3827 1889 3882 confectura
1920 3828 2087 3883 dedit.

492 3921 555 3977 Si
585 3921 716 3974 enim
739 3920 965 3990 despexi,
999 3920 1170 3990 inquit
1192 3963 1206 3985 ,
1229 3920 1481 3989 judicium
1513 3923 1723 3992 famuli,
1751 3933 1839 3976 aut
1866 3924 2085 3989 ancilla,

495 4030 609 4067 cum
640 4015 737 4081 ipsi
765 4014 1019 4084 litigarent
1049 4029 1260 4066 mecum.
1313 4013 1448 4078 Quid
1478 4015 1608 4067 enim
1642 4017 1830 4086 faciam
1849 4058 1864 4083 ,
1893 4017 1935 4068 si
1967 4016 2088 4068 visi-

493 4109 734 4162 tationem
755 4107 851 4158 mei
872 4106 1027 4176 faciat
1057 4103 1306 4158 Dominus
1329 4106 1353 4158 ?
1409 4103 1612 4171 Nonne,
1650 4107 1778 4159 sicut
1805 4123 1897 4176 ego
1923 4111 2090 4177 factus

492 4177 604 4254 sum
630 4200 682 4250 in
710 4205 849 4250 utero
873 4239 888 4263 ,
919 4205 967 4249 et
1005 4196 1082 4249 illi
1121 4197 1244 4265 facti
1283 4196 1437 4248 sunt?
1473 4194 1623 4248 Facti
1654 4207 1818 4251 autem
1842 4215 2012 4251 sumus
2037 4199 2088 4250 in

490 4288 664 4342 eodem
698 4297 864 4342 ventre
891 4285 1013 4355 (Job
1048 4287 1135 4342 51.
1169 4287 1342 4341 15-15
1372 4286 1415 4356 ).
1463 4286 1604 4340 Beati
1636 4289 1805 4354 mites,
1851 4291 2090 4358 quoniam

491 4380 590 4447 ipsi
621 4377 968 4432 hereditabunt
1006 4389 1191 4431 terram
1218 4375 1430 4447 (Matth.
1456 4379 1508 4433 5.
1546 4378 1625 4444 4).
1667 4380 1801 4446 Quid
1835 4397 1959 4436 vero
1986 4383 2088 4434 mi-

492 4473 597 4525 tius
625 4472 715 4524 illo
735 4470 833 4525 fuit
854 4512 870 4538 ,
901 4471 967 4525 de
993 4486 1098 4540 quo
1124 4470 1376 4525 dicebant
1402 4470 1585 4524 famuli
1618 4488 1630 4523 :
1667 4470 1791 4535 Quis
1812 4473 1890 4526 det
1922 4475 2084 4542 nobis,

492 4573 550 4616 ut
588 4560 823 4614 carnibus
866 4563 973 4631 ejus
1015 4562 1258 4615 satientur
1293 4559 1430 4630 (Job
1462 4563 1548 4616 3|.
1583 4563 1696 4632 51).
1745 4563 1892 4617 Adeo
1926 4564 2088 4620 velte-

493 4663 702 4707 mentes
726 4653 866 4706 illius
891 4662 1161 4707 amatores
1182 4662 1352 4709 erant.
1382 4651 1622 4725 Beatiqui
1640 4655 1828 4724 lugent,
1849 4659 2086 4725 quoniam

493 4747 593 4816 ipsi
621 4745 1019 4799 consolabuntur
1041 4744 1251 4816 (Matth.
1284 4746 1337 4801 5.
1362 4747 1437 4816 5).
1469 4745 1574 4802 Sed
1602 4764 1668 4802 ne
1693 4747 1849 4818 hujus
1871 4750 2082 4820 quidem

494 4853 688 4907 expers
728 4839 935 4892 virtutis
981 4837 1096 4893 fuit.
1143 4840 1280 4894 Audi
1324 4855 1450 4894 sane
1478 4841 1602 4911 quid
1641 4842 1828 4896 dicat:
1867 4843 2014 4910 Quod
2041 4850 2086 4901 si

493 4945 609 4981 cum
639 4939 816 4997 sponte
845 4945 1159 4997 peccassem,
1202 4932 1379 5000 expetvi
1421 4935 1619 4985 turbam
1649 4934 1862 5002 populi,
1901 4946 1956 4989 ut
1985 4955 2083 4992 non

491 5036 783 5073 enarrarem
828 5021 1141 5086 iniquitatem
1181 5039 1343 5076 meam
1390 5024 1509 5096 (Job
1535 5027 1622 5081 3i.
1648 5028 1737 5082 '55.
1770 5029 1885 5098 54).
1917 5029 1992 5085 Po
2017 5048 2086 5086 “ro

493 5113 582 5181 qui
613 5111 689 5165 sic
728 5111 946 5166 allectus
984 5123 1136 5180 erat,
1185 5113 1322 5168 haud
1350 5115 1569 5172 dubium
1593 5119 1718 5188 quin
1749 5120 1892 5174 illam
1927 5138 2084 5192 supra

493 5200 711 5254 inodum
745 5201 972 5270 lugeret.
1016 5202 1162 5258 Beati
1187 5207 1272 5272 qui
1297 5210 1523 5260 esuriant
1548 5220 1592 5262 et
1623 5212 1798 5264 sitiunt
1829 5213 2086 5282 justitiam

494 5292 702 5361 (Matth.
734 5295 785 5346 5.
820 5294 897 5364 ϐ).
953 5293 1082 5348 Vide
1111 5296 1211 5351 hoc
1251 5299 1409 5352 etiam
1454 5302 1520 5353 ab
1551 5302 1640 5355 illo
1684 5306 1907 5359 mirifice
1933 5323 2083 5360 com-

495 5385 712 5451 pletum.
744 5383 984 5456 Coufregi
1008 5430 1021 5453 ,
1057 5389 1222 5456 inquit
1246 5433 1259 5447 .
1297 5394 1458 5446 molas
1485 5395 1793 5464 iniquorum,
1817 5409 1861 5450 et
1891 5400 1953 5452 de
1977 5418 2084 5455 me-

491 5476 574 5526 dio
607 5477 826 5528 aetatium
866 5493 1036 5530 eorum
1066 5480 1299 5547 rapinam
1327 5485 1487 5551 eripui
1544 5485 1673 5556 (Job
1721 5487 1809 5543 29.
1845 5490 1952 5562 17).
1984 5491 2083 5545 Ju-

490 5567 679 5620 stitiam
713 5584 826 5620 vero
865 5570 1071 5623 indutus
1110 5589 1219 5623 sum
1245 5615 1258 5637 ,
1287 5583 1334 5625 et
1363 5579 1563 5630 vestitus
1592 5595 1703 5632 sum
1729 5581 1928 5649 judicio
1956 5587 2084 5638 sicut

493 5657 719 5728 diploide
745 5656 848 5729 (Ib.
873 5675 918 5712 υ.
951 5663 1059 5732 14).
1110 5661 1253 5717 Beati
1299 5667 1642 5724 misericordes
1662 5713 1676 5738 ,
1718 5675 1954 5742 quoniam
1985 5677 2082 5747 ipsi

558 5773 574 5808 ι
601 5772 705 5836 Alli,
726 5775 776 5825 in
808 5772 884 5827 uia
907 5783 1038 5827 recta
1060 5777 1334 5830 ambulavit.

3721 343 3836 396 512

2219 439 2616 494 misericordiam
2645 458 3010 514 consequentur
3030 446 3244 517 (Matth.
3277 451 3328 505 5.
3365 451 3441 521 7).
3487 455 3559 508 At
3585 455 3690 510 iste
3717 474 3829 510 non

2217 530 2269 585 in
2299 533 2535 601 pecuniis
2577 544 2778 591 tantum
2812 540 3115 594 misericors
3140 551 3289 610 erat,
3347 557 3437 599 aut
3474 546 3604 601 dum
3647 549 3831 604 nudos

2215 623 2499 692 indueret,
2539 637 2592 681 et
2618 630 2917 685 esurientes
2960 631 3167 698 aleret,
3209 634 3449 690 viduitati
3480 638 3825 701 subveniret.

2213 715 2484 784 orphanos
2517 728 2787 787 tueretur,
2836 732 3040 777 natura:
3066 724 3279 781 obtresm
3309 727 3452 784 vitiis
3479 729 3824 798 mederetur,

2213 809 2306 862 sed
2349 818 2403 864 et
2446 811 2561 878 ipso
2605 812 2771 866 animi
2817 817 3190 885 compatientis
3238 817 3453 874 affectu.
3504 818 3620 891 Ego
3648 823 3823 885 enim,

2213 901 2414 968 inquit,
2447 919 2599 973 super
2627 905 2766 958 omni
2807 906 3079 976 impotente
3115 909 3266 977 ﬂevi,
3316 921 3364 964 et
3389 928 3560 982 gemas
3585 955 3600 976 ,
3641 915 3825 967 ridens

2209 993 2372 1046 uirum
2397 993 2450 1046 in
2476 996 2848 1051 necessitatibus
2875 996 2996 1067 (Job
3023 999 3112 1055 50.
3141 999 3257 1068 25).
3309 1001 3608 1073 Tamquam
3671 1004 3821 1059 enim

2209 1086 2510 1138 communis
2536 1087 2774 1141 omnium
2803 1098 2956 1158 pater
2988 1101 3132 1145 esset
3157 1134 3170 1157 ,
3205 1093 3274 1146 ita
3305 1094 3640 1164 singulorum
3669 1097 3824 1151 cala-

2208 1179 2422 1230 mitates
2468 1177 2600 1230 alias
2641 1179 2940 1248 sarciebat,
2986 1182 3118 1237 alias
3150 1183 3392 1253 lugebat,
3437 1195 3490 1241 et
3515 1186 3723 1251 verbis,
3763 1197 3823 1243 et

2210 1265 2360 1321 factis
2381 1309 2395 1333 ,
2423 1279 2476 1322 et
2502 1272 2878 1339 compatientis
2902 1272 3091 1328 all'ectu
3113 1316 3128 1341 ,
3157 1285 3211 1330 et
3240 1276 3491 1348 lacrymis
3510 1318 3526 1343 ,
3560 1289 3615 1334 et
3642 1280 3824 1334 modis

2207 1361 2454 1416 omnibus
2483 1363 2873 1419 calamitatibus
2913 1381 3128 1436 pressos
3153 1369 3426 1438 erigebat,
3478 1381 3534 1424 ut
3574 1371 3643 1426 ad
3691 1388 3818 1427 eum

2205 1467 2394 1508 omnes
2422 1463 2690 1525 tamquam
2718 1457 2785 1512 ad
2816 1472 3157 1514 communem
3185 1471 3399 1529 portum
3430 1465 3814 1534 confugerent.

2205 1546 2349 1600 Beati
2376 1550 2462 1618 qui
2490 1549 2666 1602 mundi
2700 1562 2817 1604 sunt
2856 1553 3006 1606 corde
3025 1595 3040 1620 ,
3074 1555 3315 1624 quoniam
3341 1556 3444 1626 ipsi
3481 1555 3650 1609 Deum
3676 1557 3817 1610 vide-

2205 1641 2324 1693 bunt
2370 1639 2582 1711 (Matth.
2612 1643 2666 1698 5.
2699 1643 2775 1713 8).
2832 1645 2900 1699 Et
2947 1645 3049 1700 hoc
3094 1645 3183 1700 ille
3226 1661 3332 1700 non
3376 1647 3639 1702 mediocri
3688 1663 3816 1702 cum

2204 1731 2359 1788 laude
2385 1734 2691 1802 praestabat.
2722 1736 2859 1791 Audi
2885 1737 3028 1791 enim
3063 1737 3231 1793 Deum
3262 1738 3362 1794 hoc
3390 1739 3458 1794 de
3477 1740 3574 1794 illo
3604 1749 3814 1795 testan-

2205 1832 2310 1877 tem
2346 1842 2360 1878 :
2393 1824 2516 1878 Non
2543 1835 2614 1882 est
2643 1827 2793 1880 homo
2820 1827 3000 1881 similis
3036 1828 3082 1882 ei
3108 1830 3162 1882 in
3190 1838 3326 1882 terra
3344 1870 3360 1895 ,
3388 1830 3539 1884 homo
3565 1832 3679 1884 sine
3708 1833 3815 1884 cri-

2203 1915 2363 1980 mine,
2387 1903 2392 1906 ’
2396 1917 2571 1984 justus
2596 1959 2611 1983 ,
2645 1933 2830 1984 verax,
2862 1919 3028 1972 colens
3069 1917 3256 1986 Deum,
3289 1921 3545 1974 abstinens
3582 1924 3646 1974 ab
3672 1923 3815 1975 omni

2202 2006 2338 2059 mala
2367 2023 2420 2059 re
2459 2005 2578 2079 (Job
2609 2008 2658 2061 1.
2688 2007 2721 2062 8
2747 2008 2790 2079 ).
2840 2006 2988 2063 Beati
3015 2012 3100 2080 qui
3132 2013 3569 2081 persequutionem
3606 2014 3816 2082 patiun-

2203 2106 2284 2148 tur
2313 2107 2520 2165 prOpter
2554 2099 2847 2167 justitiam,
2902 2100 3143 2165 quoniam
3189 2101 3420 2172 ipsorum
3469 2112 3542 2156 est
3594 2121 3810 2175 regnum

2201 2189 2438 2242 cwlorum
2471 2225 2473 2228 ι
2507 2189 2682 2243 υαιιΙι.
2706 2192 2759 2246 5.
2787 2193 2896 2264 10).
2936 2193 3003 2247 Ει
3035 2194 3158 2250 inde
3188 2196 3412 2250 multam
3441 2200 3806 2253 certaminum

2201 2296 2264 2335 ac
2291 2283 2628 2350 prtemiorum
2668 2287 2876 2355 copiam
2909 2287 3210 2359 colligebat.
3263 2289 3382 2345 Non
3421 2292 3566 2346 enim
3599 2293 3670 2348 ab
3710 2293 3810 2348 ho-

2202 2375 2433 2431 minibus
2465 2377 2786 2445 vexabatur,
2829 2379 2922 2434 sed
2961 2380 3076 2449 ipse
3098 2383 3357 2438 malorum
3386 2385 3596 2453 primus
3623 2396 3812 2440 auctor

2201 2467 2410 2523 daamon
2444 2469 2494 2522 in
2527 2483 2648 2523 eum
2696 2470 2966 2527 ferebatur
2989 2513 3005 2538 ,
3049 2483 3103 2528 et
3146 2476 3396 2530 oumibus
3427 2477 3540 2530 suis
3571 2476 3810 2533 admotis

2201 2560 2461 2614 machinis
2493 2562 2747 2631 impetum
2775 2563 2824 2617 iu
2857 2579 2978 2618 eum
3011 2566 3241 2620 faciebat
3266 2609 3280 2630 ,
3324 2567 3486 2623 domo
3530 2578 3587 2624 et
3636 2572 3806 2640 patria

2203 2651 2462 2720 pellebat,
2497 2664 2551 2708 et
2588 2653 2653 2708 ad
2684 2653 2865 2709 fimum
2892 2658 3213 2712 amandabat
3238 2702 3251 2723 ,
3286 2661 3528 2729 pecuniis
3556 2663 3810 2719 omnibus

2201 2741 2484 2812 spoliabat,
2512 2746 2963 2815 possessionibus,
2998 2749 3205 2817 liberis,
3239 2751 3349 2820 ipsa
3378 2753 3626 2822 corporis
3658 2758 3806 2808 saui-

2203 2844 2309 2889 tate
2331 2877 2347 2902 ,
2374 2850 2436 2890 ac
2464 2836 2604 2892 fame
2626 2841 2940 2909 gravissima
2970 2843 3282 2909 cruciabat;
3315 2854 3368 2898 et
3394 2859 3527 2900 vero
3555 2860 3681 2900 cum
3717 2848 3810 2902 illo

2200 2928 2411 2996 quidam
2440 2946 2504 2984 ex
2533 2933 2720 2988 amicis
2746 2949 2852 2988 nou
2898 2935 3242 2990 mediocriter
3266 2938 3314 2991 ei
3342 2937 3679 2992 insultabant
3703 2980 3721 3006 ,
3753 2950 3806 2994 et

2200 3020 2316 3089 ejus
2340 3024 2530 3077 animae
2557 3024 2732 3079 ulcera
2766 3025 3129 3085 lancinabant.
3162 3027 3309 3081 Beati
3337 3029 3475 3082 eritis
3502 3068 3520 3095 ,
3548 3045 3669 3084 cum
3696 3048 3808 3083 nia-

2199 3112 2462 3167 ledixerint
2488 3115 2623 3169 vobis
2653 3117 2879 3172 homines
2901 3160 2916 3184 ,
2959 3128 3004 3172 et
3051 3121 3335 3190 persequuti
3372 3137 3460 3176 vos
3495 3124 3723 3193 fuerint,
3762 3134 3811 3177 et

2201 3206 2417 3261 dixerint
2449 3225 2597 3262 omne
2624 3210 2815 3264 malum
2839 3213 3106 3266 adversum
3134 3229 3220 3268 vos
3248 3215 3565 3278 mentientes,
3597 3227 3811 3287 prapter

2201 3316 2295 3352 me.
2319 3299 2563 3368 Gaudete,
2586 3312 2632 3357 et
2656 3305 2923 3371 exsultate,
2941 3308 3180 3376 quoniam
3201 3325 3387 3363 merces
3407 3319 3572 3363 uestra
3594 3312 3809 3378 capiosa

2200 3402 2270 3445 est
2299 3393 2349 3446 in
2387 3396 2524 3448 caelis
2563 3394 2777 3467 (Matth.
2810 3398 2864 3453 5.
2895 3398 2982 3452 11.
3012 3397 3124 3468 12).
3168 3398 3271 3454 Sed
3301 3409 3353 3454 et
3387 3399 3525 3456 hanc
3566 3402 3806 3456 beatitu-

2199 3483 2376 3536 dinem
2418 3484 2753 3541 abundanter
2781 3488 3028 3543 obtinuit.
3075 3489 3207 3544 Nam
3237 3500 3289 3544 et
3325 3492 3414 3561 qui
3455 3491 3687 3547 aderant
3732 3495 3808 3548 illi

2201 3583 2323 3628 tunc
2343 3615 2355 3639 ,
2386 3577 2846 3633 criminationibus
2872 3595 2995 3635 eum
3025 3581 3353 3650 oppetebant
3377 3625 3392 3650 ,
3421 3597 3547 3637 eum
3579 3585 3806 3640 leviori-

2199 3664 2298 3719 bus
2348 3682 2467 3722 eum
2513 3671 2684 3737 ptenis
2730 3670 2887 3739 plecti
2933 3673 3208 3739 dicerent,
3257 3690 3418 3745 quam
3466 3690 3564 3746 pro
3591 3677 3809 3734 delictis

2199 3759 2311 3811 suis
2353 3772 2718 3828 promeruerat
2744 3803 2756 3824 ,
2803 3778 2924 3817 cum
2969 3765 3155 3834 longas
3197 3767 3399 3820 incum
3427 3769 3808 3826 accusationes

2201 3859 2462 3917 texerent,
2490 3867 2552 3906 ac
2583 3868 2862 3909 sermones
2890 3857 3184 3912 mendaciis
3208 3868 3262 3912 et
3289 3859 3575 3915 calumniis
3602 3860 3811 3916 redun-

2198 3941 2405 3995 dantes.
2456 3944 2704 4000 Attamen
2747 3945 2846 4002 hos
2883 3948 3044 4001 etiam
3072 3948 3162 4003 ille
3184 3992 3198 4014 ,
3227 3963 3349 4004 eum
3378 3950 3680 4020 periculum
3719 3953 3808 4008 eis

2199 4034 2502 4090 inuuineret
2524 4078 2537 4099 ,
2570 4035 2638 4090 ab
2662 4036 2933 4093 inferenda
2959 4055 2989 4093 a
3021 4041 3128 4095 Deo
3153 4041 3303 4110 plaga
3334 4042 3666 4111 vindicavit,
3702 4061 3809 4101 nec

2200 4125 2358 4180 ullam
2384 4142 2570 4183 eorum
2592 4171 2605 4193 ,
2653 4146 2773 4199 qua:
2804 4131 2854 4185 in
2887 4132 3061 4201 ipsum
3089 4133 3368 4200 dixerant,
3411 4137 3552 4206 apud
3590 4153 3653 4195 se
3679 4154 3807 4195 tne-

2197 4217 2419 4272 moriam
2461 4223 2820 4277 conservavit.
2873 4223 2939 4278 Et
2967 4225 3020 4278 in
3066 4225 3168 4280 hoc
3210 4241 3424 4297 quoque
3470 4240 3806 4300 praeceptum

2199 4327 2382 4366 rursus
2406 4312 2533 4367 illud
2563 4314 2910 4384 adimplebat,
2936 4316 3144 4389 Diligite
3167 4319 3398 4373 inimicos
3423 4329 3635 4389 uestros,
3654 4333 3808 4378 orate

2198 4418 2290 4469 pro
2329 4405 2735 4472 persequentibus
2766 4422 2852 4460 vos
2905 4407 3133 4478 (Matth.
3167 4409 3220 4463 5.
3249 4410 3378 4482 44).
3433 4411 3708 4483 Siquidem
3747 4426 3806 4471 et

2196 4493 2400 4557 dilexit,
2424 4505 2478 4548 et
2504 4511 2600 4564 pro
2619 4495 2722 4552 illis
2745 4499 2935 4563 oravit,
2967 4509 3024 4554 et
3052 4501 3182 4555 iram
3208 4501 3299 4557 Dei
3327 4503 3560 4572 sedavit,
3585 4516 3644 4561 et
3676 4522 3806 4577 pec-

2194 4596 2314 4640 cata
2334 4601 2519 4641 eorum
2547 4586 2743 4644 delevit
2770 4608 2784 4645 :
2815 4594 3021 4648 tametsi
3046 4610 3152 4648 non
3179 4595 3490 4665 prophetas,
3515 4613 3620 4654 non
3644 4615 3807 4655 evan-

2195 4679 2412 4747 gelistas
2435 4719 2450 4743 ,
2483 4694 2587 4734 non
2619 4683 2927 4738 sacerdotes
2950 4725 2966 4750 ,
3000 4701 3106 4740 non
3147 4686 3459 4755 doctorem,
3493 4704 3601 4746 non
3628 4694 3801 4750 alium

2194 4771 2497 4839 quempiam
2530 4771 2595 4826 ad
2623 4775 2870 4829 virtutem
2917 4779 3341 4848 amplectendam
3379 4782 3622 4838 audierat
3660 4801 3801 4841 con-

2193 4865 2368 4918 silium
2392 4865 2627 4920 dantem.
2650 4867 2809 4924 Vides
2830 4880 3026 4937 quanta
3051 4873 3120 4926 sit
3141 4873 3255 4927 laus
3277 4875 3469 4930 anima:
3493 4892 3799 4948 generosm,

2193 4971 2461 5026 quamque
2506 4959 2607 5012 sibi
2659 4960 2759 5029 ipsi
2806 4961 2872 5015 ad
2919 4965 3226 5018 sectandam
3257 4968 3506 5023 virtutem
3539 4971 3797 5040 sufficiat,

2194 5051 2317 5105 licet
2362 5052 2558 5106 nullius
2588 5069 2711 5108 cura
2738 5064 2792 5108 et
2822 5055 3081 5127 industria
3113 5059 3431 5114 excolatur?
3479 5064 3641 5134 Atqui
3673 5081 3798 5119 ma-

2189 5144 2335 5211 jores
2365 5143 2618 5198 habuerat
2645 5162 2749 5200 non
2783 5148 2942 5200 modo
2965 5149 3183 5205 minime
3205 5151 3396 5218 bonos,
3424 5153 3518 5209 sed
3540 5165 3593 5209 et
3613 5157 3801 5213 multis

2193 5236 2336 5288 vitiis
2365 5237 2604 5289 infectos.
2648 5238 2789 5293 Sane
2818 5239 3029 5309 quidem
3061 5243 3129 5296 de
3158 5245 3396 5314 principe
3434 5249 3650 5313 generis
3677 5252 3800 5318 ejus

2196 5326 2264 5377 ita
2310 5326 2542 5395 loquitur
2570 5326 2764 5382 Paulus
2795 5347 2806 5382 :
2841 5329 2923 5383 Ne
2942 5334 3052 5400 quis
3083 5334 3364 5400 fornicator
3397 5347 3486 5388 aut
3514 5340 3800 5411 profanus,

2194 5426 2249 5469 ut
2283 5417 2452 5483 Esau,
2499 5422 2587 5489 qui
2614 5432 2822 5492 propter
2865 5440 3019 5477 unum
3060 5441 3227 5480 escam
3269 5428 3777 5498 vendiditprimitivc

2195 5510 2376 5580 (Hebr.
2410 5513 2495 5566 1‘2.
2525 5515 2637 5583 16).

2265 5605 2392 5658 CAP.
2420 5604 2560 5659 XlV.
2581 5607 2939 5675 Apostolorum
2964 5611 3114 5664 etiam
3140 5614 3444 5683 temporibus
3463 5617 3624 5668 multa
3637 5619 3796 5685 fuisse

2192 5699 2456 5763 scandala,
2499 5701 2781 5771 multosque
2829 5703 3151 5772 deprauatus,
3206 5721 3266 5758 ac
3312 5705 3576 5760 doctorum
3611 5727 3790 5776 perse-

2193 5793 2453 5862 quutiones
2475 5809 2532 5846 ac
2562 5795 2723 5848 credes
2754 5798 3266 5866 frequentem—Quid
3301 5815 3426 5856 vero
3454 5805 3790 5873 temporibus
