4050 6442
249 365 349 424 5H

247 482 458 550 ἀγῶνος
495 477 556 531 τὺ
591 475 841 548 μέγεθος·
872 472 953 528 διὸ
984 475 1146 545 μόνος
1173 475 1336 536 αὐτὸς
1364 473 1464 526 ’τὸν
1499 471 1700 544 δρόμον
1726 472 1849 525 ἀνε-

244 576 437 640 δέξατο
457 572 668 635 τοῦτον,
731 571 823 624 καὶ
854 569 1066 641 ἔτρεχε,
1094 569 1190 623 καὶ
1224 567 1549 640 ἠγωνίζετο,
1578 565 1674 619 καί
1698 566 1849 617 ἐστε-

249 665 501 738 φανοῦτο,
525 666 619 718 καὶ
648 662 1068 734 ἀνεκηρύττετο.
1102 663 1260 724 Ποῖος
1282 659 1458 714 ταῦτα
1478 659 1640 713 αὐτὸν
1668 658 1851 728 ἱερεὺς

247 756 493 820 ἐδίδαξε;
523 757 673 816 ποῖος
702 752 758 805 δέ
789 753 1146 817 διδάσκαλοςς
1179 755 1330 814 ποῖος
1355 751 1680 820 προφήτης;
1713 747 1851 800 Ούδέ

246 844 329 912 εἰς
352 866 364 878 ·
393 847 508 901 ἀλλ’
539 847 731 918 ἐπειδὴ
754 845 1076 914 εὐγνώμονα
1104 840 1215 915 εἶχε
1250 842 1450 914 ψυχὴν,
1482 842 1719 912 ῆρκεσεν
1745 839 1842 892 αύ-

247 938 325 1010 τῷ
359 939 494 1008 πρὸς
529 936 768 989 ἅπαντα.
801 935 866 988 Τί
903 933 960 988 δέ
989 937 1018 987 ό
1048 933 1207 997 Νῶε;
1253 932 1413 985 Ποῖον
1448 928 1608 999 ἔσχεν
1658 925 1849 996 ἱερέας

247 1035 402 1085 ποῖον
431 1030 783 1094 διδάσκαλον;
812 1031 965 1082 ποῖον
1003 1026 1361 1098 καθηγητήνς
1403 1025 1493 1076 ὅτε
1540 1022 1725 1093 μόνος,
1750 1021 1853 1089 τῆς

247 1125 575 1194 οἰκουμένης
619 1122 840 1191 ἀπάσης
883 1119 1279 1190 διαφθαρείσης
1323 1120 1381 1172 ἐν
1429 1115 1702 1188 πονηρίᾳ,
1751 1115 1852 1184 τὴν

248 1215 502 1270 ἐναντίαν
531 1209 696 1285 ἦλθεν
717 1212 836 1265 ὁδὸν
855 1223 904 1275 ι,
928 1211 1022 1264 καὶ
1047 1209 1144 1282 τὴν
1172 1210 1374 1280 ἀρετὴν
1407 1207 1719 1276 διετήρησε,
1756 1202 1852 1257 καὶ

247 1309 393 1363 οὕτω
421 1287 741 1376 διέλαμψεν,
772 1303 848 1368 ὡς
875 1304 935 1357 ἐν
979 1303 1059 1373 τῷ
1107 1301 1352 1371 ναυαγίῳ
1391 1299 1490 1368 τῆς
1522 1295 1854 1366 οἰκουμένης

249 1401 415 1454 αὐτόν
443 1416 505 1454 τε
528 1398 884 1467 διασωθῆναι,
919 1397 1013 1449 καὶ
1039 1394 1259 1464 ἐτέρους
1285 1392 1374 1445 διὰ.
1406 1391 1506 1459 τὴν
1530 1385 1852 1458 περιουσίαν

249 1494 350 1564 τῆς
382 1492 590 1556 οἰκείας
611 1490 810 1562 ἀρετῆς
838 1490 947 1544 τῶν
978 1486 1377 1559 ἐπηρτημένων
1406 1483 1718 1555 ἐξαρπάσαι
1744 1497 1854 1532 κιν-

250 1584 461 1652 δύνων;
494 1582 666 1637 Πόθεν
694 1582 903 1644 δίκαιος
938 1579 1192 1648 ἐγένετο;
1235 1577 1401 1630 πόθεν
1430 1576 1671 1638 τέλειος;
1699 1576 1854 1626 ποῖον

254 1675 410 1746 ἱερέα
456 1675 552 1727 καὶ
594 1667 750 1736 οὗτος
783 1671 816 1743 ἢ
862 1671 1184 1725 διδάσκαλον
1230 1667 1524 1740 ἐσχηκώς;
1563 1667 1754 1730 Οὐδεὶς
1785 1665 1854 1719 ἂν

252 1770 428 1822 εἰπεῖν
458 1768 591 1839 ἔχοι.
609 1768 666 1820 Ὀ
698 1767 756 1819 δέ
787 1765 901 1829 υίὸς
920 1767 949 1818 ό
974 1764 1190 1830 τούτου,
1219 1763 1398 1816 καίτοι
1427 1761 1572 1815 ἔνδον
1600 1759 1741 1831 ἔχων
1762 1760 1856 1813 τὸν

252 1858 575 1913 διδάσκαλον
622 1857 910 1928 διηνεκῶς,
961 1856 1056 1910 τοῦ
1103 1855 1312 1929 πατρὸς
1358 1856 1460 1926 τὴν
1507 1854 1732 1925 ἀρετὴν,
1761 1851 1859 1905 καὶ

251 1953 538 2014 νουθεσίας
562 1951 876 2016 ἀπολαύων,
904 1950 1001 2005 καὶ
1045 1952 1146 2020 τῆς
1183 1948 1274 2002 διά
1310 1950 1594 2019 ῥημάτων,
1631 1945 1727 1998 καὶ
1756 1945 1858 2016 τῆς

251 2043 340 2098 διὰ
367 2042 479 2097 τῶν
510 2043 708 2115 ἔργων,
733 2043 828 2097 καὶ
855 2045 957 2114 τὴν
982 2041 1091 2096 ἀπὸ
1115 2039 1224 2094 τῶν
1253 2039 1597 2111 πραγμάτων
1614 2036 1858 2104 ’ἔκόασιγ

253 2135 416 2205 ὀρῶν,
450 2134 546 2188 καὶ
583 2133 684 2205 τὴν
725 2132 835 2187 ἀπὸ
873 2133 971 2205 τῆς
1020 2132 1328 2202 συμφορᾶς,
1363 2130 1459 2182 καὶ
1488 2128 1587 2199 τὴν
1621 2125 1730 2180 ἀπὸ
1759 2125 1860 2196 τῆς

254 2211 532 2297 σωτηρίας
562 2226 908 2298 παραίνεσιν,
938 2223 1174 2295 πονηρὸς
1200 2223 1330 2296 περί
1377 2221 1469 2274 τὸν
1519 2219 1698 2291 φύντα
1737 2217 1860 2286 ἐγέ-

253 2337 396 2384 νετο,
433 2321 527 2373 καὶ
554 2318 836 2390 ἐκωμῴδει
858 2317 952 2371 τοῦ
989 2314 1383 2386 γεγεννηκότος
1411 2313 1512 2384 τὴν
1554 2309 1856 2381 γύμνωσιν,

256 2414 351 2466 καὶ
388 2411 817 2482 ἐξεπόμπευσεν.
837 2411 1003 2481 Ὁρᾷς
1039 2409 1121 2462 ὃτι
1152 2406 1431 2476 πανταχοῦ
1475 2402 1655 2475 ψυχῆς
1701 2401 1860 2473 χρεία

253 2504 636 2575 εύγνώμονος;
673 2503 738 2557 Τί
768 2503 826 2556 δὲ
856 2505 886 2556 ὁ
921 2501 1063 2569 Ἰὼϐ,
1099 2501 1224 2554 εἰπέ
1258 2515 1390 2571 μοις
1426 2497 1596 2550 ποίων
1645 2509 1863 2566 προφη-

252 2593 366 2648 τῶν
410 2593 645 2664 ῆκουσες
689 2594 850 2656 ποίας
891 2591 1238 2653 διδασκαλίας
1285 2588 1644 2659 ἀπήλαυσεν;
1696 2584 1864 2638 Οὐδε-

260 2689 410 2762 μιᾶς.
445 2686 584 2740 Ἀλλ’
612 2688 763 2757 ὅμως
792 2685 887 2738 καὶ
921 2678 1078 2747 οὗτος
1119 2682 1334 2745 ούδενδς
1383 2680 1591 2734 τούτων
1634 2695 1865 2748 τετυχη-

257 2779 392 2846 κὼς,
423 2782 520 2834 καὶ
550 2780 659 2832 πᾶν
689 2777 896 2851 ἀρετῆς
929 2773 1068 2840 εἶδος
1118 2776 1259 2845 μετᾶ
1309 2773 1512 2842 πολλῆς
1548 2769 1864 2834 ἐπεδείξατο

255 2872 359 2942 τῆς
389 2870 701 2943 ἀκριϐείας.
735 2870 845 2922 Καὶ
878 2869 987 2939 γάρ
1020 2866 1176 2920 κοινά
1199 2866 1267 2918 τὰ
1297 2865 1427 2917 ὄντα
1448 2867 1560 2927 τοῖς
1589 2862 1866 2932 δεομένοις

258 2961 546 3034 ἐκέκτητο,
579 2961 675 3014 καὶ
716 2959 836 3029 οὐχὶ
876 2959 944 3012 τὰ
974 2958 1104 3012 ὄντα
1137 2958 1319 3028 μόνον,
1349 2954 1487 3009 ἀλλά
1518 2954 1613 3008 καὶ
1643 2953 1776 3006 αύτὸ
1803 2953 1866 3004 τὸ

261 3052 443 3123 σῶμα.
479 3053 558 3124 Τῇ
599 3054 698 3122 μέν
738 3052 846 3123 γάρ
874 3050 1025 3123 οἰκίᾳ.
1053 3049 1181 3113 τοὺς
1209 3049 1391 3113 όδίτας
1419 3047 1738 3117 ὑπεδέχετο,
1771 3045 1865 3099 καὶ

258 3144 486 3200 ἐκείνων
519 3144 721 3215 μᾶλλον
748 3138 817 3214 ἦν
850 3145 882 3213 ή
913 3141 1083 3207 οἰκία,
1115 3141 1149 3212 ἢ
1176 3139 1272 3194 τοῦ
1303 3139 1648 3210 κεκτημένου
1669 3155 1683 3169 ·
1711 3141 1780 3210 τῇ
1809 3137 1867 3190 δὲ

259 3237 357 3291 τοῦ
388 3237 640 3308 σώματος
663 3234 810 3306 ἰσχύῖ
829 3238 941 3298 τοῖς
963 3225 1342 3305 ἀδικουμένοις
1366 3233 1565 3303 ήμυνε,
1592 3233 1659 3302 τῇ
1688 3229 1746 3283 δέ
1767 3229 1868 3300 τῆς

259 3330 509 3402 γλώττης
559 3331 772 3382 συνέσει
798 3331 894 3382 καὶ
942 3329 1104 3400 σοφίᾳ
1131 3330 1258 3390 τοὺς
1295 3325 1705 3398 ἐπηρεάζοντας
1738 3325 1869 3375 ἐπε-

262 3421 514 3492 στόμιζε,
579 3422 677 3476 καὶ
708 3422 806 3493 τὴν
836 3419 1201 3491 εὑαγγελικὴν
1231 3417 1508 3472 πολιτείαν
1532 3416 1620 3469 διά
1649 3417 1868 3470 πάντων

260 3519 679 3590 διαλάμπουσαν
707 3518 1075 3572 ἐπεδείκνυτο.
1111 3517 1313 3569 Σκόπει
1348 3515 1440 3569 δέ·
1477 3514 1771 3583 Μακάριοι
1813 3515 1868 3568 ol

263 3611 490 3679 πτωχοὶ
525 3609 608 3675 τῷ
642 3611 957 3677 πνεύματι,
994 3609 1161 3678 φησὶν
1205 3611 1235 3661 ό
1279 3607 1536 3679 Χριστός.
1567 3605 1740 3660 Τοῦτο
1769 3607 1870 3660 αύο

261 3703 356 3767 τὸς
383 3701 472 3755 διὰ
500 3702 610 3755 τῶν
638 3701 813 3773 ἔργων
845 3699 1235 3772 κατώρθωσεν.
1267 3702 1338 3753 Εἰ
1381 3699 1494 3768 τὰρ
1539 3699 1866 3767 ἑφαύλισα,

265 3794 422 3864 φησί,
457 3791 640 3860 κρῖμα
684 3789 1052 3858 θεράποντος
1087 3789 1125 3857 ἢ
1170 3788 1556 3856 θεραπαίνης,
1598 3785 1873 3857 κρινομέ-

263 3902 390 3939 νων
414 3883 617 3938 αὐτῶν
647 3883 799 3949 πρός
828 3897 924 3950 με.
958 3882 1019 3936 Τί
1048 3879 1160 3950 γὰρ
1187 3878 1446 3948 ποιήσω,
1490 3878 1600 3932 ἐὰν
1627 3879 1874 3932 ἐπίσκε-

265 3979 382 4047 ψίν
404 3993 526 4046 μου
552 3973 781 4043 ποιήσῃ
818 3978 850 4027 ό
884 3975 1141 4042 Κύριος;
1183 3973 1447 4040 Πότερον
1491 3973 1606 4041 οὐχ
1647 3971 1729 4037 ὡς
1757 3967 1874 4039 ἐγὼ

267 4070 567 4140 ἐγενόμην
596 4069 668 4122 ἐν
717 4067 956 4137 γαστρὶ,
985 4066 1086 4120 καὶ
1110 4065 1329 4120 ἐκεῖνοι
1362 4063 1680 4134 ἐγένοντο;
1717 4064 1873 4132 Ἐγε-

265 4164 495 4234 νόμεθα
524 4160 592 4214 δὲ
614 4161 686 4215 ἐν
708 4158 786 4228 τῇ
809 4158 966 4228 αὐτῇ
997 4155 1528 4226 κοιλίᾳ.Μακάριοι
1559 4159 1612 4210 οἰ
1641 4154 1873 4224 πραεῖς,

268 4254 362 4310 ὅτι
395 4254 566 4308 αὐτοὶ
601 4251 1139 4322 κληρονομήσουσι
1166 4250 1282 4318 τὴν
1309 4250 1447 4320 γῆν.
1483 4249 1598 4303 Καὶ
1622 4248 1676 4301 τί
1706 4248 1875 4318 πραό·

269 4362 429 4417 τερον
454 4345 664 4399 ἐκείνου
699 4344 913 4413 γέγονε,
946 4337 1074 4416 περὶ
1104 4336 1168 4397 οὗ
1199 4343 1294 4397 καὶ
1322 4344 1370 4395 οἰ
1397 4341 1606 4396 οἰκέται
1647 4340 1833 4409 ἔλεγον
1857 4356 1874 4372 ο

277 4441 373 4506 Τίς
402 4438 490 4514 ἂν.
520 4436 643 4506 δῴη
681 4437 829 4507 ’ἡμῖν
856 4437 978 4492 τῶν
1005 4437 1252 4507 σαρκῶν
1293 4435 1484 4490 αὑτοῦ
1527 4432 1878 4506 ἐμπλησθῆ-
1916 4503 1920 4506 _

277 4545 408 4593 rat;
440 4529 628 4591 Οὕτως
654 4524 795 4600 ἦσαν
829 4527 992 4580 αὐτοῦ
1042 4527 1264 4597 σφοδροὶ
1294 4526 1543 4596 ἐρασταί.
1579 4524 1871 4592 Μακάριοι

277 4625 332 4676 οι
355 4621 742 4686 πενθοῦντες,
767 4619 858 4672 ὅτι
886 4617 1055 4672 αὺτοί
1084 4616 1684 4696 παρακληθήσονται.
1728 4614 1869 4667 Ἀλλ’

277 4714 400 4768 οὺδέ
427 4712 628 4783 ταύτης
656 4713 884 4783 ἄμοιρος
903 4707 970 4783 ἦν
989 4711 1090 4780 τῆς
1115 4710 1334 4780 ἀρετῆς.
1363 4710 1630 4761 Ἄκουσον
1659 4705 1791 4775 γοῦν
1817 4705 1869 4758 τί

279 4822 477 4876 φησιν’
511 4807 582 4859 Εἰ
613 4804 681 4857 δὲ
718 4805 817 4858 καί
847 4801 1126 4873 ἁμαρτὼν
1155 4801 1514 4868 ἐκουσίωςδ,
1545 4797 1871 4868 διετράπην

279 4897 664 4965 πολυοχλίαν
705 4896 890 4959 λαοῦ,
940 4895 1047 4950 τοῦ
1076 4894 1164 4965 μὴ
1203 4895 1600 4964 ἐξαγορεῦσαι
1638 4894 1754 4962 τὴν
1802 4896 1870 4949 d-

279 4989 499 5057 νομίαν
513 5004 654 5056 μου.
686 4987 742 5040 '0
771 4987 828 5040 δέ
858 4985 1002 5040 οὕτω
1028 4986 1391 5056 διακείμενος,
1421 4986 1643 5056 εὔδηλον
1672 4986 1753 5038 ὅτι
1775 4986 1871 5038 αὐ-

277 5081 377 5153 τὴν
406 5079 625 5135 ἐπένθει
669 5081 805 5151 μετά
846 5079 1045 5150 πολλῆς
1076 5081 1178 5151 τῆς
1215 5080 1541 5152 ὑπερϐολῆς.
1577 5077 1871 5147 Μακάριοι

279 5178 334 5227 οί
360 5172 684 5237 πεινῶντες
709 5172 806 5225 καὶ
831 5171 1123 5240 διψῶντες
1149 5171 1264 5240 τὴν
1281 5172 1702 5238 δικαιοσύνην.
1730 5170 1874 5240 Ὅρα

279 5267 372 5318 καὶ
394 5265 554 5318 τοῦτο
580 5264 697 5332 μεθ’
722 5264 1027 5334 ὑπερϐολῆς
1051 5264 1200 5335 αύτῷ
1232 5263 1690 5335 κατωρθωμένον.
1719 5265 1874 5318 Συν-

279 5343 516 5411 ἐτριψα,
547 5348 700 5415 φησὶ,
747 5350 951 5416 μύλας
977 5349 1223 5414 ἀδίκων,
1253 5352 1353 5405 καὶ
1383 5353 1453 5405 ἐκ
1479 5353 1678 5422 μέσου
1707 5351 1882 5408 ὀδόν-

279 5451 399 5488 των
420 5434 573 5508 [498]
595 5437 796 5492 αὐτῶν
817 5440 1097 5510 ἅρπαγμα
1117 5443 1454 5508 ἐξέσπασα,
1479 5446 1885 5514 δικαιοσύνην

279 5527 349 5581 δὲ
373 5529 1156 5603 ἐνδεδύκειν,ἠμφιασὰμην
1179 5533 1248 5588 δὲ
1277 5535 1456 5606 κρῖμα
1473 5537 1578 5589 ῑσα
1596 5537 1880 5595 διπλοΐδι.

281 5621 572 5690 Μακάριοι
615 5625 670 5677 οἱ
696 5623 1047 5695 ἐλεήμονες,
1085 5626 1175 5682 ὅτι
1212 5629 1384 5684 αὐτοὶ
1416 5629 1880 5699 ἐλεηθήσονται.

342 5770 370 5841 ξ
519 5773 604 5841 τὴν
625 5774 765 5841 ὀρθὴν
797 5777 1003 5827 ὣδευοεν
1022 5779 1152 5828 ὁδὸν.

343 5828 375 5870 δ
390 5831 490 5883 Alii
509 5828 764 5894 ἀκουσίως.

1072 357 1164 412 AD
1205 354 1339 414 EOS
1376 354 1496 425 QUI
1539 351 2055 411 SCANDALIZATI
2098 352 2306 410 SUNT.
2345 351 2474 410 LIB.
2521 351 2730 410 UNUS.

3455 350 3562 406 512

1961 464 2134 532 Οὗτος
2165 469 2222 522 δὲ
2256 471 2356 522 οὐκ
2391 469 2448 522 ἐν
2477 471 2724 541 χρήμασι
2761 467 2922 538 μόνον
2955 465 3205 538 ἐλεήμων
3235 459 3325 537 ἦν,
3355 467 3475 520 ούδέ
3503 470 3562 524 ἐν

1953 567 2032 637 τῷ
2059 566 2264 621 ἐνδύειν
2295 568 2422 631 τοὺς
2448 567 2711 638 γυμνοὺς,
2747 566 2843 619 καὶ
2881 565 3107 636 τρέφειν
3157 565 3286 628 τοὺς
3329 565 3564 622 ’πεινῶν⁴

1953 681 2071 727 τας,
2115 667 2208 718 καὶ
2243 664 2474 736 χηρείαν
2516 663 2784 736 διορθοῦν,
2834 665 2930 719 καὶ
2974 664 3242 736 ὀρφανίαν
3274 662 3564 734 περιστέλ-

1954 763 2086 829 λειν,
2135 765 2228 817 καὶ
2278 762 2593 837 πηρώματα
2649 763 2868 833 φύσεως
2917 761 3390 832 παραμυθεῖσθαι,
3427 760 3566 816 ἀλλά

1953 862 2050 914 καὶ
2080 863 2137 914 ἐν
2174 863 2312 933 αὐτῇ
2342 865 2408 933 τῇ
2442 860 2758 932 συμπαθείᾳ
2785 862 2884 926 τῆς
2910 859 3112 930 ψυχῆς.
3133 859 3276 930 Ἐγὼ
3303 858 3434 930 γὰρ,
3462 876 3568 930 φη-

1956 959 2060 1022 σὶν,
2091 957 2192 1011 ἐπὶ
2234 960 2414 1012 παντὶ
2454 959 2735 1026 ἀδυνάτῳ
2775 958 3076 1021 ἔκλαυσα,
3119 958 3218 1012 καὶ
3262 957 3568 1021 ἐστὲναξα

1957 1055 2103 1109 ἰδὼν
2132 1056 2327 1124 ἄνδρα
2374 1057 2446 1110 ἐν
2485 1055 2800 1125 ἀνάγκαις.
2835 1054 3107 1127 Καθάπερ
3141 1054 3252 1126 γὰρ
3282 1054 3461 1117 κοινὸς
3491 1053 3570 1106 ὢν

1959 1154 2217 1207 ἀπάντων
2274 1155 2478 1226 πατὴρ,
2510 1154 2655 1207 οὕτω
2692 1153 2793 1217 τὰς
2837 1154 3071 1220 ἑκάστου
3126 1150 3438 1224 συμφορὰς,
3467 1149 3570 1213 τὰς

1961 1254 2060 1324 μὲν
2107 1252 2360 1324 διώρθου,
2389 1253 2489 1317 τάς
2534 1253 2591 1307 δέ
2635 1253 2876 1324 ἐθρήνει,
2911 1253 3007 1306 καὶ
3038 1252 3133 1306 διὰ·
3159 1253 3447 1326 ῥημάτων,
3474 1249 3573 1304 καὶ

1957 1350 2046 1404 διὰ
2079 1351 2447 1421 πραγμάτων,
2482 1351 2576 1404 καὶ
2607 1351 2697 1404 διὰ
2739 1351 3107 1421 συμπαθείας,
3160 1351 3258 1404 καί
3291 1347 3570 1421 δακρύων,

1958 1447 2052 1499 κα¹ι
2109 1445 2197 1500 διά
2247 1448 2450 1510 παντὸς
2482 1447 2685 1517 τρόπου
2713 1447 2842 1510 τοὺς
2877 1449 2934 1500 ἐν
2974 1449 3286 1519 συμφοραῖς
3337 1446 3568 1516 ἀνέχων,

1959 1543 2055 1596 καὶ
2087 1544 2266 1608 κοινός
2299 1561 2384 1607 τις
2414 1544 2672 1598 ἁπάντων
2721 1544 2891 1615 λιμὴν
2930 1543 3237 1614 γινόμενος.
3277 1543 3575 1611 Μακάριοι

1958 1641 2015 1692 οἰ
2049 1641 2299 1709 καθαροὶ
2329 1639 2406 1709 τῇ
2436 1641 2674 1708 καρδίᾳ,
2705 1640 2795 1694 ὅτι
2822 1640 2994 1694 αὺτοί
3040 1640 3150 1694 τὸν
3192 1641 3344 1694 Θεὸν
3387 1639 3576 1708 ὄψον-

1959 1753 2076 1790 ται.
2134 1737 2245 1789 Καὶ
2291 1737 2453 1790 τοῦτο
2506 1739 2605 1808 οὐχ
2649 1737 2724 1801 ὡς
2769 1737 2960 1808 ἔτυχεν
3014 1735 3168 1809 αύτῷ
3217 1735 3570 1809 κατώρθωτο.

1964 1833 2234 1886 ’Ἄκουσον
2276 1833 2409 1902 γοῦν
2456 1832 2550 1886 τοῦ
2597 1831 2734 1887 θεοῦ
2786 1833 3196 1906 μαρτυροῦντος
3223 1834 3408 1906 αὐτῷ·
3449 1835 3575 1890 Οὐκ

1960 1928 2137 1984 ἐστιν
2185 1929 2502 1998 ἄνθρωπος
2533 1930 2736 2000 ὅμοιος
2762 1931 2954 1986 αὐτοῦ
2992 1931 3114 1984 τῶν
3149 1931 3248 1985 ἐπὶ
3293 1931 3407 2001 τῆς
3437 1931 3574 2002 γῆς.

1961 2027 2278 2098 ἄνθρωπος
2319 2027 2649 2098 ἄμεμπτος,
2699 2028 2952 2095 δίκαιος,
3001 2029 3315 2098 ἀληθινὸς,
3370 2033 3576 2085 θεοσε-

1963 2125 2096 2195 ϐὴς,
2119 2127 2497 2196 ἀπεχόμενος
2516 2127 2634 2182 ἀπὸ
2660 2128 2891 2194 παντὸς
2913 2127 3187 2196 πονηροῦ
3207 2127 3578 2197 πράγματος.

1963 2224 2256 2292 Μακάριοι
2290 2228 2344 2278 οἰ
2374 2224 2760 2294 δεδιωγμένοι
2790 2225 3004 2278 ἕνεκεν
3037 2225 3460 2294 δικαιοσύνης,
3487 2226 3578 2280 ὅτι

1964 2321 2165 2376 αὐτῶν
2188 2321 2362 2377 ἐστιν
2393 2324 2431 2391 η
2452 2325 2748 2388 βασιλεία
2773 2322 2896 2377 τῶν
2926 2322 3220 2393 οὐρανῶν.
3251 2325 3360 2378 Καὶ
3393 2325 3579 2378 ἐντεῦ-

1965 2422 2057 2475 θεν
2087 2421 2291 2493 πολλὴν
2329 2421 2440 2475 τῶν
2468 2421 2701 2490 ἀγώνων
2734 2422 2829 2475 καὶ
2860 2421 2971 2474 τῶν
3008 2421 3282 2493 βραδείων
3307 2422 3405 2494 τὴν
3428 2423 3582 2492 δαψί-

1965 2521 2117 2574 λειαν
2171 2522 2491 2591 ἐποιήσατο.
2542 2522 2615 2577 Ού
2667 2522 2776 2594 γὰρ
2825 2521 2891 2574 δι’
2920 2520 3228 2592 ἀνθρώπων
3272 2520 3583 2592 ἠλαύνετο,

1967 2618 2082 2671 ἀλλ’
2122 2619 2286 2682 αὐτὸς
2341 2621 2369 2672 ὁ
2424 2620 2738 2689 άρχέκακος
2790 2619 3003 2690 δαίμων
3063 2617 3426 2690 ἐπιθέμενος,
3485 2621 3584 2674 καὶ

1969 2718 2147 2770 πάντα
2185 2717 2351 2772 αὐτοῦ
2398 2716 2468 2770 τά
2512 2718 2888 2788 μηχανήματα
2930 2719 3183 2789 κινήσας,
3213 2716 3387 2781 οὔτως
3416 2712 3583 2790 ἦλθεν

1967 2814 2057 2867 ἐπ’
2088 2817 2273 2878 αὑτὸν,
2307 2815 2590 2878 ἀπελάσας
2620 2815 2785 2868 αὑτὸν
2815 2816 2913 2868 καὶ
2949 2816 3131 2880 οἰκίας
3163 2817 3256 2870 καὶ
3300 2818 3582 2891 πατρίδος,

1968 2912 2065 2964 καὶ
2112 2914 2193 2975 εἰς
2239 2913 2342 2981 τὴν
2386 2912 2624 2983 κοπρίαν
2657 2910 2974 2981 ἐξαγαγὼν,
3001 2914 3306 2985 χρημάτων
3332 2915 3584 2971 ἐκδαλὼν

1969 3011 2214 3076 πάντων,
2247 3013 2570 3082 κτημάτων,
2612 3011 2845 3074 παίδων,
2878 3014 3052 3083 αὐτῆς
3081 3012 3174 3066 τοῦ
3205 3013 3458 3086 σώματος
3481 3016 3584 3086 τῆς

1969 3109 2204 3178 ὑγιείας,
2243 3110 2338 3162 καὶ
2380 3107 2527 3178 λιμῷ
2575 3107 2850 3178 παραδοὺς
2895 3110 3310 3183 χαλεπωτάτῳ·
3345 3114 3483 3183 μετά
3527 3113 3585 3169 δέ

1968 3209 2180 3262 ἐκείνου
2211 3209 2307 3261 καὶ
2332 3207 2441 3260 τῶν
2467 3205 2638 3275 φίλων
2673 3207 2840 3271 τινές,
2871 3208 2971 3278 οὐχ
3002 3208 3079 3270 ὡς
3114 3208 3328 3279 ἔτυχεν,
3356 3211 3585 3282 ἥλλοντο

1969 3305 2066 3358 καὶ
2094 3303 2376 3369 ἁνέξαινον
2415 3303 2583 3357 αὑτοῦ
2627 3303 2729 3374 τῆς
2768 3303 2950 3375 ψυχῆς
2997 3305 3065 3359 τὰ
3107 3306 3262 3376 ἔλκη.
3290 3307 3588 3377 Μακάριοι

1968 3403 2132 3466 ἐστε,
2168 3401 2316 3455 ὅταν
2367 3401 2760 3456 ὀνειδίσωσιν
2806 3400 2968 3472 ὑμᾶς
3016 3403 3116 3459 καί
3171 3403 3452 3472 διώξωσι,
3488 3407 3589 3461 καί

1969 3500 2187 3551 ειπωσι
2217 3495 2344 3551 πᾶν
2376 3497 2650 3566 πονηρὸν
2699 3497 2871 3568 ῥῆμα
2919 3500 3051 3554 καθ’
3073 3500 3243 3569 ὑμῶν
3293 3502 3590 3574 ψευδόμε-

1969 3613 2093 3663 νοι,
2113 3595 2330 3650 ἕνεκεν
2352 3593 2520 3666 ἐμοῦ.
2552 3598 2798 3666 Χαίρετε
2844 3599 2946 3652 καί
3001 3600 3401 3670 ἀγαλλιᾶσθε,
3434 3601 3527 3658 ὅτι
3556 3606 3592 3660 ό

1967 3693 2189 3761 μισθὸς
2237 3691 2406 3762 ὑμῶν
2451 3692 2650 3760 πολὺς
2691 3695 2762 3748 ἐν
2807 3695 2935 3763 τοῖς
2980 3697 3281 3764 οὐρανοῖς.
3301 3697 3465 3754 Ἀλλὰ
3491 3700 3592 3754 καὶ

1971 3784 2163 3838 τοῦτον
2218 3784 2358 3855 μετά
2403 3786 2606 3857 πολλῆς
2639 3785 2742 3856 τῆς
2781 3787 3050 3857 ἀφθονίας
3079 3789 3448 3862 ἐκαρπώσατο
3493 3791 3591 3847 τὸν

1978 3879 2353 3949 μακαρισμόν.
2389 3880 2504 3933 Καὶ
2548 3881 2658 3951 γὰρ
2685 3881 2780 3933 καὶ
2839 3882 2890 3934 οἱ
2941 3881 3214 3961 παρόντες
3268 3884 3420 3956 αὐτῷ
3465 3884 3592 3940 τότε

1973 3970 2256 4024 διέϐαλλον
2284 3972 2468 4039 αὑτὸν,
2501 3973 2763 4027 ἐλάττονα
2796 3966 2871 4028 ὧν
2904 3975 3299 4048 ἐπλημμέλησε
3335 3978 3595 4048 λέγοντες

1975 4063 2140 4117 αὑτὸν
2178 4065 2613 4135 τετιμωρῆσθαι,
2651 4066 2871 4137 μακρὰς
2901 4067 3241 4139 κατηγορίας
3268 4069 3592 4124 ἀποτείνον-

1974 4173 2066 4219 τες
2098 4157 2222 4209 κατ’
2259 4156 2448 4217 αὑτοῦ,
2487 4158 2581 4211 καί
2607 4158 2798 4226 λόγους
2827 4158 3043 4229 ψευδεῖς
3087 4161 3182 4214 καὶ
3222 4139 3594 4229 συκοφαντίας

1975 4249 2271 4320 γέμοντας.
2292 4249 2433 4303 Ἀλλ’
2471 4252 2621 4322 ὅμως
2665 4253 2763 4305 καὶ
2799 4251 3024 4316 τούτους
3064 4254 3264 4317 αὐτοὺς
3298 4254 3594 4324 μέλλοντας

1975 4340 2313 4394 κινδυνεύειν
2358 4341 2639 4412 ἐξήρπασε
2688 4343 2789 4411 τῆς
2843 4342 3108 4412 θεηλάτου
3166 4342 3404 4415 πληγῆς,
3448 4346 3592 4416 ύπέρ

1976 4433 2192 4496 οὐδενὸς
2244 4433 2355 4487 τῶν
2406 4435 2717 4506 εἰρημένων
2772 4437 3198 4507 μνησικακήσας
3243 4437 3449 4502 αὐτοῖς.
3482 4439 3592 4494 Καὶ

1977 4525 2218 4580 ἐνταῦθα
2261 4526 2426 4580 πάλιν
2472 4527 2650 4578 ἐκεῖνο
2697 4526 2940 4596 ἐπλήρου
2981 4527 3040 4579 τὸ
3069 4527 3464 4598 παράγγελμα,
3493 4530 3588 4583 τό*

1991 4614 2278 4686 Ἀγαπᾶτε
2304 4616 2450 4683 τοὺς
2481 4616 2740 4686 ἐχθροὺς
2775 4617 2965 4686 ὑμῶν,
2987 4619 3246 4686 εὔχεσθε
3273 4619 3429 4689 ὑπὲρ
3470 4618 3597 4674 τῶν

1977 4707 2428 4778 ἐπηρεαζόντων
2456 4708 2634 4778 ὑμᾶς.
2673 4708 2786 4761 Καὶ
2814 4709 2922 4781 γὰρ
2956 4711 3214 4780 ἠγάπησε
3260 4712 3356 4766 καὶ
3385 4709 3600 4782 ηὔξατο

1980 4800 2124 4870 ὑπὲρ
2152 4799 2354 4863 αὐτῶν,
2392 4801 2489 4853 καὶ
2519 4799 2618 4872 τὴν
2648 4801 2820 4872 ὀργὴν
2853 4801 2946 4853 τοῦ
2977 4801 3115 4857 Θεοῦ
3142 4801 3343 4865 ἀνεῖλε,
3372 4802 3470 4858 καὶ
3491 4801 3602 4876 τὴν,

1982 4895 2259 4967 ἁμαρτίαν
2310 4894 2493 4947 αὐτῶν
2540 4895 2733 4947 ἔλυσε⁶
2784 4895 2963 4949 καίτοι
3022 4897 3098 4966 μὴ
3147 4897 3467 4968 προφητῶν.
3517 4901 3594 4970 μὴ

1981 4986 2408 5057 εὑαγγελιστῶν,
2445 4988 2521 5058 μὴ
2559 4987 2771 5059 ἰερέων,
2822 4989 2897 5059 μὴ
2943 4989 3292 5056 διδασκάλου,
3322 4993 3398 5062 μὴ
3429 4992 3596 5047 ἄλλου

1979 5081 2126 5145 τινὸς
2172 5081 2412 5144 ἀκούσας
2469 5081 2610 5152 ὑπὲρ
2657 5081 2860 5151 ἀρετῆς
2907 5080 3394 5150 συμϐουλεύοντος.
3430 5085 3595 5156 Ὁρᾷς

1982 5173 2171 5244 ἡλίκον
2204 5172 2322 5226 ἐστὶ
2351 5173 2577 5241 γενναία
2614 5170 2781 5242 ψυχὴ,
2818 5173 2911 5224 καὶ
2945 5172 3064 5235 πῶς
3096 5174 3262 5244 ἀρκεῖ
3300 5175 3436 5246 πρὸς
3467 5177 3597 5248 ἀρε-

1981 5265 2082 5336 τὴν
2113 5265 2305 5335 ἐαυτῇ,
2334 5262 2440 5316 κᾶν
2470 5263 2746 5334 μηδεμιᾶς
2780 5263 3100 5332 ἐπιμελείας
3139 5265 3420 5336 ἀπολαύῃ;
3457 5267 3597 5319 Καί.

1982 5376 2065 5412 τοι
2091 5375 2152 5427 γε
2186 5357 2486 5428 προγόνους
2520 5356 2580 5409 οὐ
2617 5356 2778 5426 μόνον
2808 5358 3080 5427 χρηστοὺς
3114 5358 3215 5410 ούκ
3245 5357 3422 5428 ἔσχεν,
3458 5358 3598 5412 ἀλλά

1985 5452 2081 5504 καλ⁵
2137 5449 2335 5520 πολλὴν
2392 5449 2595 5502 κακίαν
2642 5447 3108 5518 ἐπιδειξαμένους.
3158 5448 3294 5519 Περί
3341 5448 3474 5517 γοῦν
3501 5449 3596 5502 τοῦ

1987 5545 2254 5616 προγόνου
2285 5542 2451 5596 αὑτοῦ
2483 5558 2648 5611 φησιν
2679 5543 2706 5593 ό
2736 5539 2950 5604 Παῦλος
2970 5558 2983 5572 ο
3034 5540 3133 5610 Μή
3181 5559 3271 5607 τις
3301 5543 3527 5610 πόρνος
3561 5542 3596 5609 ἢ

1981 5637 2270 5703 βέϐηλος,
2304 5637 2380 5698 ὠς
2419 5633 2625 5700 Ἠσαῦ,
2669 5632 2736 5699 ὃς
2774 5634 2908 5687 ἀντί
2950 5632 3240 5702 ,βρώσεως
3282 5632 3429 5704 μιᾶς
3451 5635 3598 5688 ἀπε-υ

1989 5734 2129 5787 δοτο
2159 5731 2227 5783 τὰ
2261 5729 2658 5796 πρωτοτόκια.

2065 5829 2205 5896 Κεφ.
2243 5823 2323 5877 ιδ’.
2355 5824 2421 5877 Τί
2445 5824 2522 5891 δὲ,
2543 5824 2636 5876 ἐπὶ
2658 5824 2765 5878 τῶν
2791 5822 3127 5888 ἀποστόλων,
3155 5822 3277 5876 είπέ
3307 5841 3417 5895 μοι,
3445 5819 3596 5896 μυξη
