4050 6430
531 317 638 371 5·ίὸ

529 433 593 486 οὐ
625 428 794 502 μυρία
820 427 1044 482 τοιαῦτα
1078 411 1319 494 ἐγίνετος
1363 425 1630 493 ⁸Ἀκουσον
1654 421 1784 490 γοῦν
1811 422 1864 475 τί
1895 438 2059 493 φησιν
2084 419 2114 471 6

528 518 762 580 Παῦλος·
801 512 976 578 Οἶδας
1002 513 1200 576 τοῦτο,
1234 512 1324 566 ὅτι
1357 509 1840 579 ἀπεστράφησάν
1865 527 1943 581 με
1964 509 2114 566 πάν-

526 619 626 671 τες
648 606 702 657 οί
731 603 802 656 ὲν
839 601 914 669 τῇ
949 601 1142 668 Ἀσίᾳ,
1167 593 1404 652 ὧνὲστι
1435 599 1742 664 Φύτελλος
1776 598 1875 654 καὶ
1915 599 2113 668 Ἑρμο-

525 691 727 760 γένης.
757 688 831 743 Οὐ
886 687 1236 758 δεσμωτήρια
1287 685 1469 756 ᾤκουν
1513 685 1562 737 οἱ
1612 684 1953 753 διδάσκαλοι;
2012 688 2110 759 οὐχ

526 778 745 842 ἁλύσεις
778 777 1154 848 περιέκειντος
1187 775 1248 829 οὐ
1275 773 1427 845 παρὰ
1452 773 1564 827 τῶν
1593 773 1830 842 οἰκείων,
1857 775 1920 828 οὐ
1956 775 2108 846 παρὰ

522 869 633 922 τῶν
665 865 965 937 ἀλλοτρίων
994 863 1063 917 τὰ
1109 863 1314 934 έσχατα
1346 861 1585 933 ἔπασχον
1623 862 1811 927 κακά;
1874 861 1935 915 οὐ
1988 863 2107 933 μετ’

523 957 765 1025 ἐκείνους
794 956 910 1011 ἀντ’
959 955 1184 1008 ἐκείνων
1225 953 1378 1007 λύκοι
1407 952 1596 1025 βαρεῖς
1624 954 1880 1025 εἰσῄεσαν
1919 954 2000 1017 είς
2036 953 2106 1006 τά

522 1023 781 1117 ποίμνια;
819 1043 940 1114 οὐχὶ
986 1041 1160 1096 ταῦτα
1193 1023 1496 1113 προύλεγεν
1526 1043 1554 1095 6
1591 1023 1802 1105 Παῦλος
1835 1041 2106 1110 Ἐφεσίοις

520 1134 602 1197 είς
650 1132 888 1202 Μίλητον
937 1131 1137 1194 αὐτοὺς
1197 1128 1731 1202 μεταπεμψάμενος
1799 1128 1940 1198 Ἐγὼ
1991 1131 2104 1198 γὰρ

519 1217 672 1283 οῖδα,
704 1221 888 1292 φησὶν,
920 1219 1009 1272 ὅτι
1036 1219 1499 1274 εἰσελεύσονται
1541 1215 1692 1288 μετά
1735 1216 1852 1284 τήν
1893 1216 2104 1286 ἄφιξίν

512 1325 633 1379 μου
685 1307 862 1361 λύκοι
898 1304 1112 1375 ,βαρεῖς
1131 1308 1218 1372 εις
1252 1303 1430 1375 ὑμᾶς,
1487 1304 1574 1375 μὴ
1616 1304 1954 1375 φειδόμενοι
1992 1302 2103 1358 τοῦ

517 1394 818 1464 ποιμνίου.
861 1393 968 1448 Καὶ
996 1393 1066 1459 ἐξ
1113 1391 1280 1462 ὑμῶν
1300 1392 1369 1446 δὲ
1411 1391 1612 1448 αὐτῶν
1649 1392 2102 1460 ἀναστήσονται

492 1481 733 1551 ,ἄνδρες
758 1481 1095 1547 λαλοῦντες
1131 1479 1593 1549 διεστραμμένα,
1644 1480 1752 1535 τοῦ
1809 1477 2102 1546 ἀποσπᾷν

515 1571 658 1638 τοὺς
676 1571 946 1640 μαθητὰς
980 1569 1172 1622 ὀπίσω
1202 1565 1420 1622 αὐτῶν.
1455 1569 1528 1622 Οὐ
1580 1567 1920 1639 χαλκοτύπος
1959 1568 2097 1641 ἀνὴρ

527 1660 874 1731 Ἀλέξανδρος
894 1658 1063 1730 μυρία
1087 1658 1361 1729 παρέσχεν
1386 1656 1536 1728 αὐτῷ
1557 1657 1882 1728 πράγματα,
1901 1674 2102 1714 πανταο

513 1748 671 1820 χόθεν
705 1747 962 1812 ἐλαύνων,
999 1745 1276 1817 πολεμῶν,
1320 1745 1634 1814 πυκτεύων,
1665 1745 1759 1800 καὶ
1794 1749 1874 1810 είς
1900 1746 2097 1800 τοσαύ-

511 1853 612 1908 την
641 1836 802 1889 αὐτὸν
845 1835 1180 1906 κατέστησεν
1214 1834 1458 1903 ἀγωνίαν
1477 1875 1491 1897 ,
1522 1834 1597 1898 ὡς
1632 1836 1724 1888 καὶ
1755 1834 1834 1906 τῷ
1877 1833 2096 1906 μαθητῇ

512 1924 880 1996 παραγγεῖλαι
939 1923 1036 1977 κα)⁵
1076 1924 1249 1977 εἰπεῖν
1268 1939 1282 1954 ·
1312 1925 1416 1977 Ὃν
1464 1924 1562 1977 καί
1614 1923 1696 1977 σὺ
1744 1923 2095 1994 φυλάσσου·

508 2014 658 2070 λίαν
698 2012 809 2082 νὰρ
832 2011 1168 2079 ἀνθέστηκε
1213 2010 1338 2077 τοῖς
1382 2009 1694 2080 ἡμετέροις·
1718 2013 1955 2081 λόγοις
1983 2013 2098 2083 οὐχ

509 2101 706 2172 όλόκλη
714 2117 807 2171 ρον
831 2099 986 2163 ἐθνος
1014 2097 1121 2153 τῶν
1135 2097 1392 2152 Γαλατῶν
1407 2098 1514 2152 ὑπό
1539 2117 1699 2153 τινων
1715 2100 2098 2170 ψευδαδέλφων

509 2188 803 2260 διεφθάρη,
837 2188 932 2241 καὶ
953 2186 1089 2258 πρὸς
1119 2185 1454 2257 Ἰουδαῖσμὺν
1471 2186 1874 2259 ηὐτομόλησεν;
1896 2178 2019 2242 Οὐκ
2037 2189 2095 2242 ἐν

510 2276 821 2352 προοιμίοις
864 2273 958 2328 τοῦ
1003 2273 1368 2346 κηρύγματος
1402 2278 1431 2329 6
1471 2276 1746 2346 Στέφανος
1787 2277 1929 2349 ὑπὲρ
1966 2278 2095 2342 τοὺς

510 2365 788 2436 ποταμοὺς
812 2362 948 2436 ῥέων
979 2362 1074 2415 καὶ
1103 2361 1311 2425 πάντας
1341 2364 1730 2434 ἐπιστομίζων,
1762 2367 1791 2417 6
1815 2363 1913 2430 τὰς
1941 2365 2095 2420 ἀναι-

509 2453 770 2524 σχύντους
802 2451 1166 2522 ἀποφράττων
1215 2449 1488 2504 Ἰουδαίων
1532 2451 1800 2515 γλώττας,
1839 2448 1883 2521 ᾧ
1916 2453 2093 2518 οὐδεὶς

507 2541 824 2612 ἀντιστῆναι
849 2538 1102 2609 ἠδύνατο,
1131 2541 1159 2592 6
1187 2540 1367 2592 πάντα
1403 2542 1607 2611 συγχὺς
1634 2552 1658 2581 α
1691 2541 1759 2594 τὰ
1801 2541 2090 2603 Ἰουδαϊκὰ,

506 2634 537 2686 6
563 2629 821 2702 λαμπρὸν
861 2629 1068 2701 στήσας
1096 2628 1358 2701 τρόπαιον
1398 2630 1495 2682 καὶ
1538 2630 1692 2702 νίκην
1730 2632 2035 2704 περιφανῆ,
2064 2634 2094 2686 6

505 2721 752 2788 γενναοῖς
771 2709 944 2781 οὗτος,
960 2716 1055 2769 καὶ
1072 2714 1255 2785 σοφὸς,
1280 2717 1372 2769 καὶ
1396 2716 1618 2788 χάριτος
1637 2719 2091 2790 πεπληρωμένος,

504 2807 600 2860 καὶ
618 2803 888 2875 τοσαύτην
903 2802 1232 2873 Ἐκκλησίαν
1267 2801 1515 2872 ὠφελῶν,
1547 2803 1669 2857 οὐδέ
1692 2803 1862 2859 πολὺν
1898 2807 2092 2876 χρόνον

506 2896 739 2965 ποιήσας
778 2894 835 2945 ἐν
871 2891 949 2962 τῷ
988 2891 1329 2963 κηρύγματι,
1365 2891 1562 2963 ἀθρόον
1599 2893 1845 2964 ἡρπάγη,
1883 2896 1976 2947 καὶ
2013 2895 2089 2958 ὡς

507 2975 826 3054 βλάσφημος
887 2978 1274 3043 κατεδικάζετο
1330 2980 1425 3032 καὶ
1476 2979 1830 3045 κατελεύετο;
1882 2981 1947 3035 Τί
1999 2982 2088 3036 δαὶ

519 3070 810 3132 Ἰάκωϐος;
848 3067 947 3120 οὐκ
978 3068 1035 3118 ἐν
1067 3067 1208 3138 ἀρχῇ
1260 3068 1354 3120 καὶ
1380 3068 1546 3131 αὐτὸς
1575 3071 1667 3122 καί¹
1696 3069 1756 3135 ἐξ
1786 3069 1979 3140 αὐτῆς,
2012 3071 2088 3134 ὡς

503 3159 701 3215 εἰπεῖν.
729 3155 974 3225 βαλϐῖδος
1004 3153 1342 3225 ἀνεσπάσθη,
1373 3157 1465 3209 καὶ
1498 3156 1840 3228 ἀποτμηθεὶς
1870 3160 1951 3222 είς
1990 3159 2087 3230 χά-

505 3248 591 3317 ριν
610 3244 716 3298 τῶν
759 3240 1028 3297 Ἰουδαίων
1061 3242 1166 3296 ὑπὸ
1205 3242 1470 3316 Ἡρώδου,
1490 3244 1634 3300 οὕτω
1660 3247 1753 3299 τὸν
1775 3245 1889 3317 βίον
1919 3246 2085 3300 κατέ-

499 3333 631 3384 λυσε
652 3368 666 3390 ,
701 3327 888 3390 στῦλος
919 3326 1162 3391 τοιοῦτος
1189 3329 1281 3380 καὶ
1317 3329 1598 3401 ἑδραίωμα
1626 3329 1948 3401 τηλικοῦτον
1985 3332 2086 3402 τῆς

502 3417 795 3490 ἀληθείας;
823 3417 986 3468 Πόσοι
1008 3415 1128 3469 τότε
1154 3417 1600 3483 ἐσκανδαλίζοντο
1628 3420 1928 3490 γινομένων
1957 3421 2084 3474 τού-

499 3519 644 3568 των;
694 3499 836 3553 Ἀλλ’
891 3501 941 3552 οι
988 3499 1219 3564 ἑστῶτες
1282 3501 1502 3556 ἵσταντο
1553 3503 1618 3568 δ,
1669 3504 1765 3558 καί⁸
1820 3502 2086 3575 μειζόνως

502 3587 737 3640 ἵσταντο.
770 3584 1036 3636 ’Ἄκουσον
1090 3583 1222 3652 γοῦν
1263 3585 1315 3637 τί
1369 3603 1532 3658 φησιν
1565 3588 1593 3639 6
1629 3587 1840 3652 Παῦλος
1893 3589 2087 3642 Φιλιπ-

501 3668 720 3738 πησίοις
755 3666 1105 3720 ἐπιστέλλων·
1123 3669 1175 3720 Γ
1178 3668 1459 3722 ινώσκειν
1484 3669 1552 3722 δὲ
1578 3669 1734 3740 ὑμᾶς
1753 3671 2082 3742 βούλομαι,

499 3751 773 3820 ἀδελφοί,
810 3749 898 3803 ὅτι
936 3749 1010 3804 τὰ
1067 3751 1194 3804 κατ’
1211 3747 1328 3820 ⁴ἐμὲ
1365 3749 1608 3821 μᾶλλον
1638 3757 1726 3820 είς
1764 3755 2084 3824 προκοπὴν

498 3834 609 3890 τοῦ
650 3834 1021 3919 Εὐαττελίου
1060 3832 1380 3900 ἐλήλυθεν,
1411 3834 1565 3890 ὥστε
1610 3839 1753 3905 τοὺς
1794 3841 2098 3919 πλείονας.

499 3915 619 3972 τῶν
647 3915 926 3984 ἀδελφῶν
954 3917 1023 3971 ὲν
1054 3919 1268 3984 Κυρίῳ,
1303 3921 1662 3986 πεποιθότας
1691 3920 1814 3988 τοῖς
1837 3921 2084 3990 δεσμοῖς

493 4018 637 4070 μου,
657 3999 1098 4074 περισσοτέρως
1123 3997 1353 4069 τολμᾷν
1377 4001 1614 4070 ἀφόϐως
1635 4003 1742 4056 τὸν
1765 4004 1952 4072 λόγον
1977 4005 2082 4058 τοῦ

500 4085 651 4140 Θεοῦ
707 4082 942 4138 λαλεῖν.
1000 4078 1154 4147 Εῐδες
1207 4083 1494 4154 ἀνδρείαν;
1554 4081 1692 4151 εἶδες
1728 4088 2079 4160 παρῤησίαν;

497 4163 637 4230 εἶδες
700 4164 942 4219 εὐτονίαν
993 4165 1207 4237 ψυχῆς;
1272 4163 1414 4230 εἶδες
1476 4169 1763 4238 φιλόσοφον
1815 4170 2076 4241 γνὼμηνς

508 4250 725 4321 Ἐὡρων
773 4248 865 4302 τὸν
896 4249 1217 4303 διδάσκαλον
1262 4253 1319 4305 ἐν
1356 4251 1717 4326 δεσμωτηρίῳ
1762 4257 1858 4308 καὶ
1889 4255 2077 4308 ἁλύσει

498 4333 1006 4403 συγκεκλεισμένον,
1062 4335 1385 4406 ἀγχόμενον,
1421 4336 1733 4407 παιόμενον,
1778 4337 1874 4392 καῖ
1908 4339 2081 4410 μυρία

495 4418 772 4487 πάσχοντα
802 4415 968 4474 δεινὰ,
1006 4409 1100 4470 καἸ
1148 4418 1208 4471 οὐ
1253 4420 1411 4490 μόνον
1441 4421 1540 4473 οὐκ
1592 4409 2076 4488 ἐσκανδαλίζοντο,

495 4499 618 4553 οὐδέ
675 4499 1065 4570 ἐθορυϐοῦντο,
1123 4502 1260 4555 ἀλλά
1325 4505 1419 4556 καὶ
1484 4505 1706 4576 μείζονα
1766 4509 2078 4578 προθυμίαν

494 4581 750 4645 ἐκτῶντο,
805 4585 898 4635 καὶ
946 4583 1166 4637 πλείονα
1220 4587 1503 4658 προκοπὴν
1551 4592 1630 4653 εἰς
1685 4591 1810 4653 τοὺς
1858 4593 2077 4659 ἀγῶνας

493 4666 798 4736 ἐλάμϐανον
814 4666 910 4718 τοῦ
940 4666 1260 4721 διδασκάλου
1288 4673 1400 4732 τοῖς
1427 4672 1765 4743 παθήμασιν.
1799 4668 1959 4728 ’Λλλά
1981 4675 2077 4728 καὶ

494 4748 848 4818 ὑπεσύροντο,
890 4749 1078 4820 φησὶν,
1137 4752 1331 4822 ἕτεροι.
1392 4755 1527 4807 Οὐδὲ
1584 4756 1693 4821 ἐγὼ
1750 4759 1887 4829 πρὸς
1918 4757 2078 4812 τοῦτο

492 4830 776 4898 ἀντιλέγω·
809 4832 903 4884 καὶ
941 4831 1050 4902 γάρ
1097 4834 1244 4896 εἰκὸς
1278 4836 1505 4900 πολλοὺς
1531 4840 1624 4891 καὶ
1672 4841 2072 4912 ὑποσύρεσθαι,

491 4915 790 4984 γινομένων
815 4915 1037 4970 τούτων·
1062 4919 1196 4982 ἀλλ’,
1233 4920 1260 4972 ὃ
1291 4920 1552 4984 πολλάκις
1577 4918 1748 4986 εἷπον,
1782 4927 1874 4977 καὶ
1899 4926 2074 4992 λέγων

490 5000 552 5052 οὐ
585 4999 896 5068 παύσομαι,
941 5000 1096 5055 τοῦτο
1141 5004 1234 5057 καὶ
1278 5004 1371 5057 νῦν
1402 5007 1532 5076 ἐρῶ·
1569 5019 1589 5046 ε
1634 5010 1843 5071 ἑαυτοῖς
1873 5011 2071 5064 δίκαιοι

489 5082 648 5136 τοῦτο
670 5082 734 5136 ἂν
760 5080 869 5135 εἶεν
897 5084 1200 5152 λογίζεσθαι
1224 5081 1390 5151 οὗτοι,
1411 5092 1468 5143 ού
1496 5095 1560 5160 τῇ
1592 5093 1696 5144 τῶν
1732 5095 2072 5166 πραγμάτων

489 5165 670 5234 φύσει.
717 5167 827 5218 Καὶ
873 5168 1193 5238 γὰράπιὼν
1231 5175 1258 5225 ὁ
1317 5173 1551 5243 Χριστὸς
1584 5165 1836 5230 ἐντεῦθεν
1868 5179 2070 5248 ταύτην

487 5249 776 5302 κατέλιπεν
800 5250 950 5323 [500]
983 5253 1112 5322 ἡμῖν
1157 5255 1254 5326 τὴν
1297 5257 1685 5330 κληρονομίαν,
1737 5262 1929 5330 λέγων,
1977 5263 2071 5314 Ἐν

485 5332 567 5395 τῷ
598 5334 814 5402 (κόσμῳ
850 5336 1065 5403 θλίψιν
1088 5336 1274 5399 ἕξετε·
1305 5341 1422 5403 καὶ,
1471 5344 1595 5396 Ἐπὶ
1633 5345 1935 5414 ἡγεμόνας
1971 5348 2070 5400 καί

486 5416 778 5498 βασιλέας
827 5419 1194 5487 ἀχθήσεσθε·
1249 5425 1363 5487 καὶ,
1411 5428 1619 5481 Ἔσται
1680 5433 1921 5498 καιρὸς,
1971 5432 2070 5486 ὅτε

483 5497 600 5565 πᾶς
641 5502 672 5552 ό
705 5502 1060 5570 ἀποκτείνας
1101 5506 1278 5578 ὑμᾶς,
1311 5507 1471 5574 δόξει
1497 5497 1786 5581 λατρείαν
1805 5497 2069 5585 προσφέ-

544 5659 567 5719 f'
635 5656 646 5702 1
657 5656 684 5704 ii
711 5659 950 5719 συσχείαε.

543 5716 571 5783 1}
729 5711 836 5766 άλλδ
854 5724 896 5766 οἱ
921 5723 1094 5783 ἑδραῖοι
1119 5725 1309 5775 ἵσταντο

544 5782 565 5809 ε
594 5780 682 5830 Hic
703 5782 838 5831 locus
867 5780 1060 5834 vitiatus
1086 5788 1293 5836 videtur.

1244 307 1304 365 S.
1341 304 1629 364 JOANNIS
1665 299 2167 364 CHRYSOSTOMI
2212 301 2537 360 ARCHIEP.
2580 301 3142 361 CONSTANTINOP.

3715 308 3826 364 5H

2211 435 2346 486 ρειν
2368 417 2450 484 τῷ
2475 418 2617 485 Θεῷ.
2634 419 2801 475 Ὠστε
2823 419 3094 494 περιττῶς
3117 436 3207 489 μοι
3226 418 3355 485 τοὺς
3383 420 3825 493 σκανδαλιζομέ-

2217 525 2342 572 νους
2379 508 2660 582 πανταχοῦ
2689 510 3008 583 προφέρεις·
3039 508 3129 563 ἀεὶ
3156 508 3265 579 γὰρ
3295 509 3472 563 ταῦτα
3502 511 3819 566 συνέϐαινε.

2215 598 2328 652 Καὶ
2373 597 2427 650 τί
2467 596 2613 666 λέγω
2659 598 2729 652 τά
2766 600 2874 652 τῶν
2914 597 3266 664 ἀποστόλων;
3298 598 3464 652 Πόσοι
3485 600 3565 670 τῷ
3590 602 3822 672 σταυρῷ

2215 683 2380 739 αὐτοῦ
2403 683 2500 739 τοῦ
2536 686 2720 740 κοινοῦ
2752 686 2970 740 πάντων
3000 685 3158 756 ἡμῶν
3181 687 3456 748 Δεσπότω
3481 687 3819 742 ἐσκανδαλί-

2215 772 2444 844 σθησαν,
2475 772 2570 828 καὶ
2616 772 3072 846 παρανομώτεροι
3107 775 3202 828 καὶ
3236 775 3564 848 θρασύτεροι
3606 777 3820 846 μᾶλλον

2213 860 2482 930 ἐγένοντο,
2510 863 2606 917 καὶ
2637 863 2928 934 παριόντες
2956 862 3286 934 ἐκωμῴδουν
3315 863 3500 929 αὐτὸν,
3530 863 3814 933 λέγοντες,

2223 950 2284 1004 '0
2328 952 2652 1006 καταλύων
2681 952 2790 1006 τὸν
2825 951 3000 1021 ναὸν.
3049 953 3149 1008 καὶ
3205 952 3279 1008 ἐν
3323 955 3526 1022 τρισὶν
3557 953 3818 1025 ἡμέραις

2206 1039 2454 1108 ἐγείρων
2485 1039 2674 1096 αὐτὸν
2712 1039 3024 1108 ά,’ἇλλους
3044 1040 3305 1107 ἔσωσεν,
3336 1042 3560 1098 ἑαυτὸν
3586 1048 3664 1097 οὺ
3705 1043 3816 1098 δύ-

2206 1145 2381 1186 ναται
2411 1129 2646 1196 σῶσαι;
2671 1131 2741 1185 Εί
2772 1131 2905 1197 Υἱὸς
2936 1126 2994 1185 εἶ
3020 1129 3127 1186 τοῦ
3153 1128 3326 1192 Θεοῦ.
3353 1131 3644 1198 κατάϐηθι
3685 1133 3813 1187 ἀπὸ

2208 1218 2315 1273 τοῦ
2345 1219 2636 1288 σταυροῦ,
2665 1218 2764 1274 καί
2801 1221 3214 1290 πιστεύσομεν
3239 1224 3327 1288 εἰς
3353 1221 3448 1276 σέ.
3485 1221 3628 1275 Ἀλλ’
3652 1223 3812 1293 ὅμως

2205 1308 2306 1360 οὐκ
2330 1307 2398 1361 ἂν
2431 1307 2605 1378 ῐχοιεν
2651 1308 2949 1379 ἀπολογίαν
2981 1302 3128 1362 οῦτοι
3159 1310 3268 1363 -διά
3291 1311 3384 1364 τὸν
3424 1312 3688 1382 σταυρόν.
3743 1309 3810 1367 ’0

2204 1392 2314 1465 γὰρ
2365 1393 2570 1466 λῃστὴς
2603 1396 2862 1451 ἁπάντων
2889 1401 3189 1469 κατηγορεῖ
3231 1398 3342 1452 τῶν
3369 1399 3652 1456 τοιούτων.
3693 1401 3810 1454 Καὶ

2205 1481 2314 1555 γὰρ
2333 1485 2427 1538 καὶ
2448 1485 2658 1550 ἐκεῖνος
2685 1485 3103 1560 ἐσταυρωμένον
3118 1485 3257 1542 εἷδεν
3278 1488 3412 1556 ἀνω,
3430 1489 3526 1544 καὶ
3547 1491 3609 1543 οὐ
3637 1493 3807 1562 μόνον

2203 1573 2302 1626 οὐκ
2334 1573 2750 1646 ἐσκανδαλίσθη.
2781 1574 2918 1630 ἀλλά
2945 1563 3042 1629 καί.
3069 1576 3322 1631 ἐντεῦθεν
3353 1578 3579 1649 μείζονα
3601 1581 3807 1635 ὑπόθε-

2205 1678 2289 1715 σιν
2315 1661 2364 1715 ἐ)
2375 1661 2508 1716 αϐεν
2539 1664 2620 1727 είς
2645 1662 2708 1716 τὸ
2739 1662 3120 1736 φιλοσοφῆσαι,
3145 1668 3239 1720 καὶ
3260 1669 3438 1722 πάντα
3462 1669 3715 1741 ὑπερϐὰς
3733 1671 3807 1726 τὰ

2202 1750 2539 1824 ἀνθρώπινα,
2572 1751 2667 1806 καὶ
2694 1751 2773 1822 τῷ
2819 1753 3007 1824 πτερῷ
3034 1754 3135 1825 τῆς
3166 1756 3406 1823 πίστεως
3440 1759 3766 1829 κουφισθεὶς
3785 1805 3803 1827 ,

2202 1839 2331 1912 περὶ
2358 1839 2469 1895 τῶν
2507 1840 2810 1913 μελλόντων
2840 1842 3174 1915 ἐφιλοσόφει.
3220 1846 3396 1918 Ὁρῶν
3431 1847 3542 1921 γάρ
3570 1851 3805 1906 ἀνεσκο-

2201 1929 2561 2000 λοπισμένον,
2625 1932 3139 2004 μεμαστιγωμένον.
3198 1934 3580 2007 ὑϐριζόμενον,
3633 1941 3803 2015 χολὴν

2202 2015 2578 2090 ποτιζόμενον,
2595 2020 2996 2093 ἐμπτυόμενον,
3013 2021 3120 2075 ὑπὸ
3138 2022 3200 2094 δή
3209 2041 3309 2094 μου
3329 2025 3590 2081 τοσούτου
3603 2028 3802 2098 χλευα-

2201 2101 2450 2174 ζόμενον,
2507 2104 2615 2158 ὐπὸ
2661 2105 3015 2180 δικαστηρίου
3069 2111 3494 2184 κατακριθέντα,
3544 2117 3648 2188 τὴν
3707 2119 3802 2172 ἐπὶ

2201 2191 2430 2280 θάνατον
2482 2194 2819 2266 ἀπαχθέντα,
2871 2198 3048 2253 οὐδενὶ
3097 2201 3306 2256 τούτων
3369 2205 3798 2280 ἐσκανδαλίσθη·

2197 2279 2314 2334 ἀλλ’
2347 2281 2489 2352 όρῶν
2528 2283 2762 2355 σταυρὸν
2795 2286 2887 2339 καὶ
2918 2287 3083 2359 ἥλους
3115 2291 3536 2362 ἐμπεπηγότας,
3566 2297 3662 2350 καὶ
3683 2279 3799 2351 κω-

2201 2371 2408 2441 μῳδίαν
2447 2371 2717 2446 τοσαύτην
2767 2377 3058 2448 γινομένην
3112 2379 3219 2434 ὐπὸ
3277 2381 3370 2435 τοῦ
3424 2383 3672 2456 πλήθους
3705 2387 3800 2442 τοῦ

2196 2456 2623 2530 διεφθαρμένου,
2661 2461 2761 2532 τὴν
2789 2463 2957 2535 ὀρθὴν
2987 2466 3103 2520 όδὸν
3133 2469 3298 2534 αὐτὸς
3338 2470 3559 2526 ἐϐάδισε
3583 2473 3796 2543 λέγων,

2195 2543 2519 2634 Μνήσθητί
2537 2567 2659 2617 μου
2689 2550 2759 2604 ἐν
2777 2550 2854 2621 τῇ
2876 2553 3174 2624 ,ϐασιλείᾳ
3197 2572 3335 2612 σου·
3364 2561 3462 2613 καὶ
3494 2561 3591 2615 τὸν
3622 2581 3798 2634 κατη-

2197 2633 2467 2705 γοροῦντα
2490 2637 2837 2708 ἐπεστόμιζε,
2859 2642 2954 2695 καὶ
2971 2643 3039 2697 τὰ
3059 2647 3235 2709 οἰκεῖα
3261 2647 3642 2721 ἁμαρτήματα
3653 2633 3798 2719 ἐξω-

2200 2725 2500 2794 μολογεϊτο,
2520 2727 2615 2781 καὶ
2639 2731 2766 2800 περὶ
2786 2731 3135 2798 ἀναστάσεως
3151 2737 3483 2807 ἐφιλοσόφει·
3503 2743 3599 2795 καὶ
3621 2743 3796 2799 ταῦτα

2194 2815 2255 2869 οὐ
2279 2817 2508 2888 νεκροὺς
2535 2817 2658 2871 ἰδὼν
2674 2820 3077 2891 ἐγειρομένους,
3109 2825 3169 2878 οὐ
3190 2825 3427 2898 λεπροὺς
3456 2831 3797 2906 καθαιρομέ-

2194 2921 2337 2969 νους,
2373 2907 2436 2959 οὐ
2473 2908 2683 2977 χωλοὺς
2706 2910 3144 2983 διορθουμένους,
3162 2915 3222 2968 οὐ
3247 2917 3524 2974 θάλατταν
3538 2923 3796 2992 χαλινου-

2197 2993 2387 3083 μένην,
2415 2995 2476 3048 οὐ
2505 2995 2770 3066 δαίμονας
2790 2998 3205 3071 ἐλαυνομένους,
3242 3007 3342 3061 οὐκ
3368 3007 3571 3079 ἄρτους
3610 3015 3793 3083 πηγάς

2193 3082 2406 3146 ζοντας,
2431 3084 2492 3136 οὐ
2514 3085 2581 3138 τά
2602 3086 2756 3151 ἄλλα,
2795 3088 2942 3161 ἅπερ
2994 3090 3263 3147 ἐθεάσατο
3291 3095 3402 3149 τῶν
3453 3099 3732 3154 Ἰουδαίων
3767 3104 3800 3156 6

2191 3169 2513 3261 ﬁgogxal
2547 3173 2886 3245 θεασάμενος
2927 3179 3297 3251 ἐσταύρωσεν.
3345 3182 3667 3254 Ἀλλόῦτος
3694 3191 3799 3261 μὲν

2192 3258 2722 3332 ἀνεσκολοπισμένον
2783 3264 2907 3318 ἰδὼν
2955 3268 3050 3322 καὶ
3105 3267 3426 3341 ὡμολόγησε
3483 3274 3643 3342 Θεὸν,
3697 3258 3800 3332 καὶ

2194 3347 2477 3418 βασιλείας
2533 3351 2934 3422 ἐμνημόνευσε,
2999 3355 3093 3411 καὶ
3153 3360 3280 3430 περὶ
3335 3361 3446 3415 τῶν
3483 3363 3801 3433 μελλόντων

2191 3434 2608 3507 ἐφιλοσόφησεν·
2646 3440 2847 3494 ἐκεῖνοι
2877 3441 2932 3495 δὲ
2961 3443 3492 3518 θαυματουργοῦντα
3517 3452 3798 3525 θεασάμε-

2192 3542 2311 3614 νοι,Δ
2352 3525 2447 3614 καὶ
2503 3526 2605 3596 τῆς
2659 3527 2747 3582 διά
2786 3528 2981 3598 λόγων.
3025 3534 3254 3603 καὶτῆς
3303 3537 3392 3593 διά
3441 3545 3797 3614 πραγμάτων

2191 3611 2600 3678 ἀπολαύσαντες
2623 3615 2994 3684 διδασκαλίας,
3025 3621 3087 3674 οὐ
3121 3623 3283 3693 μόνον
3303 3627 3457 3680 οὐδὲν
3476 3611 3794 3698 ἀπώναντο,

2189 3700 2326 3754 ἀλλά
2348 3702 2442 3754 καὶ
2469 3704 2548 3765 εἰς
2562 3701 2623 3756 τὸ
2654 3703 2882 3774 ἔσχατον
2916 3707 3186 3781 βάραθρον
3215 3712 3318 3782 τῆς
3339 3714 3624 3784 ἀπωλείας
3654 3738 3796 3777 κατ-

2189 3788 2517 3860 ηνέχθησαν,
2561 3792 2654 3845 ἐπὶ
2704 3794 2795 3847 τὸν
2846 3797 3080 3867 σταυρὸν
3127 3799 3293 3853 αὐτὸν
3327 3803 3794 3874 ἀναϐιϐάσαντες.

2199 3878 2364 3949 Ὁρᾷς
2399 3879 2481 3932 ὅτι
2507 3881 2556 3933 οί
2601 3881 2701 3948 μὲν
2753 3881 3072 3953 ἀγνώμονες
3125 3888 3218 3941 καὶ
3268 3891 3630 3962 ἠμελημένοι.
3668 3898 3794 3953 οὐδὲ

2189 3964 2298 4018 ἀπὸ
2323 3966 2431 4018 τῶν
2457 3967 2815 4054 ὠφελούντων
2839 3973 3239 4044 κερδαίνουσιν·
3265 3978 3314 4029 0!
3352 3977 3408 4031 δέ
3439 3981 3796 4054 εὐγνώμονες

2190 4053 2280 4105 καὶ
2301 4054 2578 4123 νήφοντες.
2609 4057 2703 4125 ἀφ’
2723 4050 2798 4111 ὧν
2833 4058 3011 4130 ἕτεροι
3039 4050 3640 4132 σκανδαλίζονται,γάπδ
3661 4073 3793 4126 τού·-

2185 4158 2294 4195 των
2345 4141 2412 4195 τὰ
2447 4143 2679 4213 μέγιστα
2723 4145 3094 4217 ὠφελοῦνται;
3160 4153 3332 4209 Τοῦτο
3392 4158 3486 4210 καὶ
3541 4160 3637 4212 ἐπὶ
3686 4163 3793 4217 τοῦ

2199 4228 2389 4291 Ἰούδα,
2418 4231 2513 4283 καὶ
2546 4233 2639 4284 ἐπὶ
2660 4232 2757 4286 τοῦ
2806 4235 2927 4288 Ἰὼϐ
2955 4237 3103 4291 ἔστιν
3129 4239 3282 4296 ίδεῖν.
3315 4243 3372 4296 '0
3397 4246 3496 4315 μὲν
3517 4247 3627 4320 γὰρ
3653 4251 3793 4304 Ἰού-

2184 4314 2283 4378 δας
2310 4316 2430 4368 οὐδὲ
2462 4318 2687 4394 ἀπὸτοῦ
2715 4321 2956 4392 Χριστοῦ
2990 4324 3082 4378 τοῦ
3131 4326 3231 4398 τὴν
3266 4314 3608 4405 οἰκουμένην*
3635 4337 3757 4409 διορ
3771 4367 3800 4381 οε

2188 4402 2464 4469 θώσαντος
2491 4406 2694 4481 ἐσώθη·
2744 4413 2772 4464 6
2809 4412 2866 4465 δὲ
2917 4414 3040 4468 Ἰὼϐ
3067 4417 3188 4470 οὐδέ
3244 4419 3356 4473 ἀπὸ
3384 4421 3480 4476 τοῦ
3525 4402 3786 4482 sum.

2184 4492 2277 4547 τοῦ
2332 4497 2623 4563 τοσούτους
2676 4502 3046 4570 ἀπολέσαντος
3108 4508 3337 4581 ἐϐλάϐη.
3398 4513 3538 4567 Ἀλλ’
3596 4518 3626 4569 6
3681 4519 3785 4588 μὲν

2188 4586 2355 4682 μυρία
2392 4588 2616 4682 πάσχων
2649 4594 2814 4657 κακὰ,
2846 4597 3230 4666 ἐστεφανοῦτο·
3259 4603 3471 4670 ἐκεῖνος
3502 4605 3582 4670 δὲ,
3611 4609 3642 4661 6
3678 4586 3782 4682 ση-

2187 4677 2311 4769 μεία
2328 4675 2679 4769 θεασάμενος,
2697 4682 2791 4769 καὶ
2806 4683 2968 4748 αὐτὸς
2989 4688 3241 4758 ποιήσας,
3259 4692 3288 4744 6
3310 4695 3539 4769 νεκροὺς
3555 4675 3785 4769 ἐγείρας

2185 4761 2277 4857 κοιὶ
2327 4763 2595 4857 δαίμονας
2637 4768 2838 4857 ἐλάσας
2879 4773 3150 4845 (καὶγὰρ
3207 4779 3300 4832 καὶ
3359 4761 3521 4845 αὐτὸς
3567 4761 3782 4857 ταύτην

2182 4848 2371 4920 εἴληφε
2404 4853 2505 4921 τὴν
2537 4853 2848 4926 ἐξουσίαν),
2874 4859 2903 4909 ὀ
2945 4862 3116 4933 μυρία
3170 4867 3301 4936 περὶ
3357 4866 3638 4936 βασιλείας
3683 4875 3782 4927 καὶ⁵

2180 4938 2405 5030 γεέννης
2429 4939 2690 5007 ἀκούσας,
2725 4946 2752 4997 6
2784 4948 3065 5018 τραπέζης
3095 4958 3435 5026 κοινωνήσας
3466 4961 3777 5030 μυστικῆς,

2176 5028 2203 5078 ὁ
2235 5025 2450 5080 δείπνου
2505 5031 2792 5101 μετασχὼν
2839 5025 3323 5105 φρικωδεστάτου,
3356 5025 3779 5119 καὶντοσαύτης

2175 5113 2493 5177 ἀπολαύσας
2534 5119 2745 5180 εὐνοίας
2780 5122 2874 5174 καὶ
2931 5126 3205 5193 προνοίας,
3258 5129 3393 5199 ὅσης
3436 5132 3640 5205 Πέτρος
3681 5113 3778 5192 καί

2189 5202 2445 5293 Ἰάκωϐος
2495 5207 2586 5256 καὶ
2633 5207 2908 5279 Ἰωάννης,
2947 5213 3149 5281 μᾶλλον
3183 5215 3239 5268 δὲ
3272 5219 3365 5270 καὶ
3592 5224 3776 5292 πολλῷ

2178 5289 2437 5352 πλείονος·
2500 5295 2636 5360 μετά
2687 5298 2794 5382 γάρ
2839 5299 2938 5368 τῆς
2978 5300 3145 5371 ἄλλης
3179 5303 3502 5373 ἐπιμελείας
3542 5289 3637 5363 καὶ

2178 5381 2660 5472 συγκαταϐάσεως,
2689 5379 2755 5454 ἧς
2788 5387 3016 5458 μετέσχε
3046 5392 3268 5463 πολλῆς,
3305 5396 3399 5448 καὶ
3425 5397 3491 5451 τά
3515 5379 3775 5472 χρήματα

2173 5463 2282 5516 τῶν
2323 5470 2572 5537 πενήτων
2625 5473 2988 5544 ἐγχειρισθεὶς
3025 5473 3114 5548 ἦν·
3147 5481 3269 5537 τότε
3299 5474 3460 5546 οὗτος
3493 5487 3631 5553 μετά
3679 5507 3773 5542 το-

2177 5554 2349 5607 σαῦτα
2383 5556 2772 5632 ἐξεϐακχεύθη,
2832 5565 2924 5617 καὶ
2959 5567 3049 5620 τὸν
3095 5571 3339 5625 Σατανᾶν
3366 5574 3772 5648 ὑποδεξάμενος

2173 5641 2261 5695 διὰ
2285 5643 2382 5712 τῆς
2415 5646 2803 5720 φιλαργυρίας,
2835 5655 2912 5716 εἰς
2947 5654 3043 5724 τὴν
3070 5657 3265 5713 ἑαυτοῦ
3290 5661 3532 5722 διάνοιαν
3551 5666 3771 5735 ἐγένετο

2239 5804 2263 5844 ἀ
2285 5807 2383 5858 Alii
2407 5814 2598 5874 ἡμέραις
2623 5817 2888 5880 οἰκοδομῶν
2912 5819 3072 5870 αὐτόν,
