4050 6432
257 334 364 393 815

254 443 646 516 apestolorum,
679 435 901 509 quasso?
931 448 1111 489 nonne
1152 433 1430 494 innumera
1463 430 1588 484 talia
1632 427 1852 483 evenie-

257 535 422 590 bant?
453 531 587 586 Audi
619 529 744 600 quid
769 528 910 582 dicat
935 525 1134 581 Paulus
1162 541 1177 577 :
1207 524 1323 579 Scis
1345 523 1470 587 hac,
1515 522 1652 591 quod
1694 520 1856 572 aversi

1079 319 1173 375 AD
1210 315 1341 373 EOS
1378 316 1494 384 QUI
1535 311 2034 374 SC'ANDALIZATI
2075 308 2276 366 SUNT.
2309 305 2441 362 LIB.
2474 301 2671 360 UNUS.

1889 417 1894 420 ’
1968 423 2145 493 fecerit
2195 437 2303 486 vos,
2355 419 2688 473 arbitrabitur
2729 415 3024 486 obsequium
3071 429 3126 468 se
3175 420 3419 484 prmstare
3467 410 3576 465 Deo

3465 293 3572 351 5H

1968 510 2150 583 (Joan.
2182 511 2268 567 16.
2299 511 2377 579 2).
2409 511 2596 580 Itaque
2639 509 2841 565 frustra
2886 507 3018 564 mihi
3054 520 3152 563 eos
3175 507 3267 577 qui
3295 503 3570 560 scandali—

254 635 374 680 sunt
403 641 434 677 a
461 639 540 682 me
559 595 731 676 onum
749 619 836 689 qui
856 618 911 671 in
941 617 1061 670 Asia
1083 623 1218 678 sunt,
1244 630 1306 668 ea:
1325 613 1503 683 quibus
1529 622 1602 666 est
1626 609 1858 680 Phygel-
1963 611 2182 702 fantur,
2201 600 2401 674 ubique
2426 601 2618 702 objicis
2647 618 2662 656 :
2695 615 2915 702 semper
2942 598 3084 702 enim
3109 595 3573 702 boccaecideruut.

255 718 339 770 lus
381 724 427 768 et
470 713 815 778 Hermogenes
845 707 941 781 (2.
975 706 1110 762 Tim.
1138 708 1189 761 1.
1221 704 1354 776 15).
1397 703 1590 759 Nonne
1612 715 1859 756 carceres
1963 693 2037 748 Et
2056 693 2183 765 quid
2216 709 2304 750 res
2327 695 2694 764 apostolorum
2736 692 2979 762 attingo?
3003 691 3176 762 Quam
3220 691 3373 745 multi
3411 703 3578 745 cruce

255 807 635 864 inhabitabant
662 801 954 857 doctores?
998 814 1176 853 nonne
1205 796 1414 861 catenis
1439 801 1595 850 erant
1627 793 1860 847 circum-

256 900 411 955 dati?
437 914 614 954 nonne
639 911 669 951 a
699 895 1028 958 domesticis,
1061 892 1128 945 ah
1148 890 1337 945 alienis
1362 888 1499 941 mala
1520 885 1863 956 patiebantur

254 990 538 1048 extrema?
561 1003 740 1042 nonne
763 997 880 1057 post
896 986 1015 1039 illos
1039 986 1090 1037 in
1115 983 1272 1037 ovilia
1295 980 1403 1050 lupi
1421 994 1613 1050 graves
1633 977 1860 1047 ingressi

255 1082 417 1138 sunt?
458 1096 637 1136 nonne
665 1080 765 1134 ista
798 1077 998 1132 Paulus
1048 1073 1373 1144 praedicebat
1415 1070 1666 1140 Ephesiis
1695 1111 1710 1135 ,
1739 1082 1860 1122 cum

259 1173 499 1226 Miletum
525 1171 649 1226 illos
697 1166 1129 1223 transmitteret?
1155 1164 1270 1235 Ego
1311 1165 1455 1217 enim
1486 1162 1612 1226 scio,
1667 1160 1860 1230 inquit,

256 1265 499 1333 quoniam
514 1263 772 1316 intrabunt
796 1269 906 1329 post
926 1258 1280 1313 discessionem
1300 1272 1465 1311 meam
1490 1255 1601 1325 lupi
1614 1270 1792 1326 graves
1810 1255 1863 1307 in

259 1371 370 1420 vos,
392 1369 493 1407 non
513 1363 775 1425 parcentes
800 1352 960 1422 gregi.
991 1348 1057 1402 Et
1087 1365 1150 1403 ea:
1173 1347 1312 1402 vobis
1338 1347 1462 1418 ipsis
1483 1355 1754 1417 exsurgent
1770 1345 1867 1398 uiri

261 1448 521 1517 loquentes
549 1462 802 1516 perversa,
832 1455 886 1497 ut
917 1443 1168 1498 abducant
1194 1441 1471 1511 discipulos
1501 1448 1615 1508 post
1636 1455 1691 1493 se
1723 1436 1862 1510 (Act.

259 1539 356 1593 20.
385 1540 475 1594 29.
525 1538 641 1608 50).
673 1536 868 1592 Nonne
913 1535 1220 1592 Alexander
1274 1534 1357 1586 vir
1405 1534 1628 1587 rerarius
1682 1529 1866 1585 multis

261 1647 386 1685 eum
417 1631 644 1701 negotiis
669 1629 962 1694 infestavit,
995 1627 1463 1698 persequutionem
1495 1638 1870 1691 movens,-un-

262 1723 427 1792 dique
477 1722 813 1791 impugnans,
854 1721 1146 1786 lacessens,
1193 1717 1328 1774 etin
1371 1725 1548 1772 tantas
1588 1714 1867 1784 angustias

261 1828 388 1870 eum
415 1814 716 1882 redegerat,
742 1821 868 1867 utet
891 1811 1209 1882 discipulum
1223 1809 1612 1864 admoneretac
1624 1807 1863 1862 diceret:

266 1905 428 1970 Quem
454 1915 501 1958 et
531 1914 584 1958 tu
608 1904 774 1958 devita
797 1919 816 1957 :
835 1905 982 1958 valde
1000 1903 1134 1957 enim
1163 1902 1346 1961 restitit
1369 1900 1531 1954 verbis
1548 1898 1733 1952 nostris
1765 1896 1863 1970 (2.

267 1993 401 2051 Tim.
418 1997 506 2052 4.4
518 1993 613 2067 5‘)?
631 1995 820 2051 Nonne
841 2009 870 2048 a
895 1993 1210 2062 quibusdam
1235 1992 1381 2047 falsis
1408 1990 1661 2046 fratribus
1675 2004 1868 2046 corru-

262 2095 354 2156 pta
374 2094 459 2140 est
477 2088 682 2154 integra
699 2087 844 2139 natio
861 2084 1190 2149 Galatarum,
1213 2092 1265 2139 et
1281 2083 1348 2138 ad
1361 2081 1669 2138 Judazorum
1688 2089 1868 2151 partes

264 2175 474 2229 transiit
490 2173 633 2243 (Gal.
647 2174 683 2229 2
715 2173 772 2244 4)
787 2174 812 2226 l
832 2173 1017 2228 Nonne
1031 2174 1081 2228 in
1098 2173 1265 2243 ipsius
1279 2171 1601 2243 evangelica:
1619 2170 1870 2240 praedica-

263 2266 426 2322 tionis
473 2267 778 2337 primordiis
816 2266 1140 2338 Stephanus,
1172 2267 1261 2336 qui
1288 2265 1478 2336 majori
1508 2279 1629 2319 cum
1661 2265 1866 2334 impetu

261 2371 424 2427 quam
463 2358 578 2428 ipsa
625 2356 844 2412 ﬂumina
883 2357 1046 2412 verba
1087 2356 1376 2422 fundebat,
1408 2365 1464 2411 et
1496 2354 1749 2410 omnibus
1789 2354 1864 2408 si-

263 2445 489 2504 lentium
507 2448 834 2518 imponebat,
852 2455 943 2522 qui
960 2449 1268 2505 Judazorum
1291 2449 1500 2520 linguas
1528 2448 1868 2518 impudentes

261 2539 600 2605 occludebal,
625 2542 712 2597 cui
731 2543 984 2597 resistere
1011 2557 1170 2597 inemo
1185 2549 1416 2611 poterat,
1433 2541 1523 2613 qui
1546 2555 1633 2596 res
1648 2539 1869 2597 Judzeo-

261 2649 383 2689 rum
424 2649 614 2690 omnes
644 2635 1004 2691 confundebat
1030 2678 1047 2704 ,
1080 2636 1396 2706 praeclarum
1436 2643 1698 2704 tropmum
1741 2650 1867 2690 ere-

261 2736 439 2793 xerat,
456 2737 510 2782 et
525 2728 785 2798 insignem
803 2723 1077 2785 victoriam
1099 2736 1420 2798 reportarat,
1437 2724 1732 2798 generosus
1754 2726 1863 2794 ille,

262 2827 320 2874 et
349 2819 588 2888 sapiens,
617 2827 672 2874 et
700 2819 868 2891 gratia
899 2820 1107 2890 plenus,
1141 2819 1230 2889 qui
1264 2818 1332 2874 de
1365 2826 1509 2873 tanta
1539 2818 1679 2875 bene
1705 2817 1871 2874 meri-

263 2919 348 2965 tus
377 2918 496 2964 erat
529 2911 788 2976 Ecclesia,
841 2926 962 2966 cum
993 2927 1098 2966 non
1129 2911 1417 2966 admodum
1445 2910 1700 2968 diuturno
1729 2921 1869 2966 tem-

263 3015 395 3071 pore
422 3000 786 3070 pnedicasset,
818 3002 1099 3058 confestim
1146 3003 1400 3071 abreptus
1446 3012 1698 3074 tanquam
1749 3004 1869 3060 bla-

262 3090 520 3159 sphemus
581 3091 935 3148 damnabatur
982 3104 1036 3148 et
1086 3095 1436 3165 lapidabatur.
1511 3096 1647 3164 Quid
1705 3112 1870 3167 porro

259 3181 537 3238 Iacobus?
591 3199 772 3241 nonne
823 3187 893 3241 ab
937 3186 1087 3242 initio
1131 3174 1245 3257 ipse
1290 3204 1541 3259 quoque,
1591 3198 1753 3259 atque
1799 3189 1869 3244 ab

264 3273 395 3344 ipsis
425 3277 812 3344 propemodum
853 3278 1015 3333 stadii
1061 3280 1374 3336 carceribus
1406 3283 1643 3344 avulsus,
1691 3291 1748 3338 et
1793 3285 1862 3339 ab

262 3365 479 3422 llerode
509 3367 561 3420 in
587 3368 812 3438 gratiam
842 3368 1153 3425 Judteorum
1181 3372 1358 3442 capite
1392 3382 1670 3429 truncatus
1703 3376 1867 3438 vitam

262 3456 419 3523 llitiit,
452 3466 596 3512 tanta
647 3458 730 3513 illa
759 3461 1029 3528 columna,
1081 3471 1283 3517 tantum
1323 3463 1576 3520 columen
1624 3466 1868 3524 veritatis

261 3549 402 3615 (Act.
429 3549 518 3605 12.
544 3549 641 3624 2)?
670 3552 840 3620 Quam
874 3556 1024 3609 multi
1056 3562 1164 3610 tum
1196 3556 1716 3625 scaudalizabantur,
1742 3575 1866 3615 cum

261 3641 634 3706 incederent?
686 3643 794 3699 Sed
844 3647 933 3716 qui
989 3647 1222 3711 stabant,
1249 3655 1538 3720 steterunt,
1561 3657 1618 3706 et
1661 3649 1869 3707 ﬁrmius

260 3741 526 3789 steterunt
555 3733 593 3787 ¹.
624 3733 762 3789 Audi
794 3749 927 3791 sane
952 3736 1079 3806 quid
1118 3737 1186 3790 ad
1218 3737 1588 3807 Philippenses
1615 3741 1865 3797 scribens

260 3824 406 3879 dicat
456 3824 654 3881 Paulus
700 3843 716 3880 :
772 3825 922 3881 Scire
968 3836 1137 3882 autent
1177 3844 1264 3883 vos
1307 3830 1442 3897 volo,
1490 3835 1696 3902 fratres,
1749 3835 1870 3903 quia

260 3931 377 3987 qua!
401 3916 539 3970 circa
568 3932 647 3971 me
675 3925 814 3983 sunt,
843 3919 1005 3990 magis
1034 3919 1104 3972 ad
1130 3924 1413 3992 profectum
1442 3933 1685 3977 uenerunt
1711 3938 1868 3978 evan-

261 4009 402 4078 gelii,
430 4010 503 4062 ita
530 4019 584 4063 ut
612 4011 787 4080 plures
810 4027 838 4065 e
858 4010 1102 4082 fratribus
1130 4012 1184 4066 in
1206 4011 1449 4080 Domino,
1478 4015 1794 4084 conﬁdentes
1812 4017 1869 4070 in

262 4100 479 4155 uinculis
506 4103 646 4166 meis,
681 4103 1026 4157 abundantius
1046 4104 1291 4158 auderent
1326 4105 1438 4160 sine
1460 4107 1640 4162 timore
1663 4109 1869 4163 uerbum

261 4192 363 4249 Dei
409 4194 548 4266 loqui
579 4193 840 4266 (Philipp.
888 4197 937 4251 l.
970 4197 1058 4251 l2.
1105 4197 1218 4269 14).
1253 4198 1419 4255 Vides
1457 4199 1870 4258 fortitudinem?

263 4283 416 4338 vides
447 4283 733 4338 ﬁduciam?
757 4285 905 4340 vides
931 4287 1125 4341 animae
1149 4289 1547 4345 constantiam?
1568 4291 1718 4346 vides
1737 4306 1870 4362 pro-

265 4375 879 4446 positnntphilos0phi:e
927 4378 1195 4446 plenum?
1243 4369 1870 4462 Videbant'magistrum

265 4467 320 4531 in
348 4482 569 4524 cnrcere
595 4477 649 4526 et
671 4469 898 4524 vinculis
919 4474 1258 4538 conclusum,
1294 4477 1499 4542 vexari,
1527 4477 1684 4544 caedi,
1712 4479 1870 4537 malis

265 4559 563 4615 innumeris
587 4559 772 4631 afﬂigi,
803 4573 980 4617 etnon
1003 4563 1177 4619 solum
1208 4581 1313 4619 non
1341 4567 1868 4638 scandalizabantur,

264 4666 440 4722 neque
475 4653 954 4722 perturbabantur,
1004 4655 1100 4713 sed
1129 4664 1186 4712 et
1230 4658 1488 4728 majorem
1531 4661 1868 4717 alacritatem

263 4743 636 4812 acquirebant,
675 4753 729 4800 et
754 4745 820 4799 ad
870 4748 1145 4804 subeunda
1187 4752 1482 4807 certamina
1515 4755 1756 4824 magistri
1787 4757 1871 4812 sui

263 4832 649 4890 afllictionibus
669 4838 848 4891 acrius
868 4839 1248 4896 incitabantur.
1277 4844 1348 4898 At
1376 4845 1519 4899 enim
1542 4847 1722 4901 caueri
1745 4862 1871 4917 per-

268 4928 637 4993 vertebantur,
663 4928 804 4984 dicet
824 4930 1038 4999 aliquis.
1072 4932 1256 5002 Neque
1286 4950 1386 5006 ego
1408 4936 1490 4990 his
1505 4939 1820 4994 contradico
1855 4957 1869 4996 :

264 5017 560 5072 verisimile
593 5034 824 5088 namque
840 5032 923 5081 est
943 5022 1158 5088 multos,
1178 5023 1304 5079 dum
1328 5027 1445 5082 hanc
1468 5028 1679 5095 ﬁerent,
1707 5029 1873 5087 fuisse

265 5124 588 5190 perversos;
624 5111 716 5166 sed
749 5113 890 5182 quod
923 5129 1067 5185 saepe
1095 5116 1225 5183 djxi,
1263 5129 1317 5173 et
1355 5119 1538 5176 dicere
1577 5137 1871 5194 numquam

264 5201 516 5266 ceSSabo,
567 5201 626 5271 id,
663 5219 803 5258 nunc
851 5205 1011 5260 etiam
1055 5206 1227 5262 dicam
1259 5226 1272 5262 :
1302 5209 1403 5264 sibi
1448 5210 1554 5268 hoc
1606 5213 1872 5281 ejusmodi

265 5292 515 5347 homines
540 5294 803 5354 deberent
830 5296 1114 5366 imputare,
1156 5317 1262 5355 non
1300 5318 1480 5356 rerum
1531 5313 1754 5360 natura).
1799 5304 1875 5362 Si.

267 5386 483 5459 quidem
510 5386 633 5441 hinc
656 5388 939 5448 discedens
965 5390 1212 5447 Christus
1239 5393 1379 5457 hanc
1409 5396 1563 5454 nobis
1599 5397 1873 5456 heredita-

272 5487 378 5531 tcm
412 5477 649 5547 reliquit,
683 5479 867 5534 dicens
901 5498 915 5534 :
948 5479 1015 5535 In
1060 5485 1247 5537 mundo
1298 5502 1586 5555 pressuram
1630 5488 1874 5545 habebitis

278 5568 566 5638 (Joan.'i6.
602 5569 716 5640 53),
742 5580 816 5638 et,
837 5572 917 5624 Ad
939 5569 1201 5643 pra'sides,
1233 5586 1278 5629 et
1314 5577 1383 5630 ad
1412 5595 1554 5650 reges
1579 5579 1834 5635 ducentini
1853 5623 1870 5649 ,

274 5659 487 5732 (Matth.
523 5660 608 5716 10.
635 5661 745 5733 18),
770 5672 844 5729 et,
871 5661 987 5718 Erit
1012 5674 1230 5734 tempus,
1259 5685 1372 5723 cum
1401 5671 1566 5725 omnis
1593 5673 1680 5742 qui
1714 5673 1873 5729 inter-

337 5774 354 5807 ί
390 5774 499 5836 Alii,
523 5773 610 5838 qui
640 5773 774 5840 firmi
797 5786 954 5841 erant,
983 5785 1236 5844 steterunt,
1262 5788 1308 5834 et
1332 5784 1489 5849 magis
1511 5789 1763 5840 steterunt.

1968 786 2139 856 ipsius
2159 787 2400 842 omnium
2440 797 2683 843 nostrum
2716 786 2926 841 Domini
2955 784 3302 840 scandalizati
3332 793 3490 851 sunt,
3521 791 3578 838 et

1966 877 2256 947 nequiores
2296 888 2458 949 atque
2514 878 2834 934 audaciores
2895 887 3023 932 sunt
3067 876 3225 942 facti,
3272 891 3397 932 cum
3441 891 3580 946 pne-

1969 977 2240 1024 tereuntes
2277 970 2450 1039 ipsum
2508 969 2837 1032 irridehant,
2890 968 3175 1023 dicentes:
3211 967 3313 1033 Qui
3361 966 3579 1022 destruit

1969 1061 2233 1131 templunt,
2259 1071 2306 1114 et
2333 1061 2387 1115 in
2414 1062 2585 1115 triduo
2615 1062 2748 1115 illud
2767 1062 3064 1130 recedi/ient,
3087 1060 3216 1115 alios
3241 1060 3410 1115 salvos
3432 1060 3575 1131 fecit,

1969 1151 2192 1222 seipsum
2223 1168 2325 1206 non
2353 1161 2515 1223 potest
2558 1153 2757 1206 salvum
2794 1152 3008 1222 facere?
3046 1151 3109 1206 Si
3156 1149 3327 1205 Filius
3368 1149 3468 1205 Dei
3501 1166 3576 1215 es,

1969 1240 2217 1297 descende
2236 1242 2300 1297 de
2327 1259 2497 1311 cruce,
2523 1252 2574 1298 et
2596 1243 2860 1298 credemus
2885 1245 2941 1297 in
2971 1254 3020 1298 te
3049 1243 3068 1314 (
3102 1240 3294 1297 Matth.
3326 1241 3415 1295 2'7.
3439 1243 3512 1296 40
3532 1239 3578 1313 ).

1967 1331 2080 1389 Nec
2106 1343 2280 1390 tamen
2307 1335 2395 1389 isti
2420 1335 2768 1391 excusatione
2801 1334 2952 1406 digni
2981 1335 3178 1390 fuerint
3214 1344 3435 1406 propter
3450 1349 3579 1388 cru-

1969 1441 2111 1482 cem.
2139 1425 2272 1482 Nam
2301 1442 2492 1483 omnes
2532 1428 2796 1498 ejusmodi
2843 1428 2985 1483 latro
3009 1437 3251 1484 accusat.
3277 1426 3576 1507 Siquidem

1971 1520 2062 1576 ille
2081 1520 2296 1577 sublimi
2316 1521 2463 1578 cruci
2485 1521 2707 1577 aflixum
2732 1520 2885 1586 vidit,
2913 1531 2967 1577 et
2992 1536 3102 1577 non
3124 1520 3286 1588 modo
3311 1520 3581 1577 scandali-

1970 1619 2124 1666 zatus
2155 1626 2262 1667 non
2284 1623 2388 1680 est,
2413 1612 2509 1669 sed
2536 1614 2664 1669 inde
2701 1628 2916 1685 quoque
2953 1612 3213 1684 majorem
3242 1612 3309 1668 ad
3341 1611 3580 1682 philoso-

1972 1703 2245 1776 phandum
2272 1704 2614 1760 occasionem
2635 1706 2864 1776 accepit,
2883 1720 3181 1778 omnesque
3207 1719 3294 1761 res
3314 1703 3581 1762 humanas

1974 1796 2382 1859 transcendens.
2404 1805 2462 1852 et
2485 1797 2588 1851 alis
2610 1795 2733 1852 fldel
2766 1799 2817 1851 in
2835 1796 3000 1851 altum
3032 1808 3254 1852 evectus
3273 1838 3289 1865 ,
3317 1795 3388 1852 de
3416 1796 3580 1852 rebus

1974 1886 2168 1942 futuris
2212 1887 2643 1958 pltiluSOphatur.
2697 1888 2830 1943 Cum
2870 1888 3013 1943 enim
3073 1878 3312 1959 patibulo
3358 1885 3579 1941 aflixnm

1971 1987 2241 2044 cerneret,
2294 1979 2611 2034 verberibus
2655 1994 2879 2044 casum,
2928 1979 3273 2035 contumeliis
3301 1976 3578 2045 affectum,

1971 2071 2099 2128 felle
2125 2081 2387 2142 potatum,
2415 2074 2587 2143 sputis
2603 2086 2974 2144 conSpersum,
3000 2089 3032 2128 a
3061 2081 3210 2128 tanto
3233 2073 3435 2145 populo
3454 2072 3586 2128 sub-

1971 2145 2279 2231 sannatum,
2300 2178 2332 2218 a
2355 2163 2539 2234 judice
2561 2165 2895 2234 damnatum,
2926 2165 2994 2221 ad
3017 2172 3246 2220 mortem
3268 2165 3581 2231 abductum,

1973 2256 2124 2310 nullo
2152 2256 2381 2312 istorum
2425 2259 2823 2314 scandalizatus
2868 2267 2998 2315 est:
3027 2257 3123 2314 sed
3169 2273 3293 2313 cum
3335 2269 3583 2314 cerneret

1972 2360 2187 2413 crucem
2213 2357 2268 2404 et
2294 2349 2478 2405 clavos
2504 2349 2738 2418 deﬁxos,
2756 2359 2813 2406 et
2831 2359 3035 2405 tantam
3059 2349 3176 2405 tieri
3203 2350 3584 2406 subsannatio-

1973 2453 2096 2494 nem
2124 2453 2158 2495 a
2181 2439 2338 2510 plebe
2364 2440 2677 2512 depravata,
2706 2451 2853 2498 recta
2891 2443 3005 2512 ipse
3043 2443 3125 2496 via
3173 2442 3455 2498 incedebat
3494 2442 3581 2498 di-

1973 2547 2106 2589 cens
2136 2549 2151 2588 :
2184 2533 2443 2616 Memento
2474 2536 2571 2589 mei
2594 2535 2646 2589 in
2671 2552 2830 2608 regno
2854 2545 2941 2589 tuo
2970 2534 3122 2609 (Luc.
3149 2535 3240 2593 25.
3272 2534 3403 2608 42);
3437 2545 3493 2590 et
3530 2536 3582 2592 ei
3669 2612 3676 2616 _

1972 2625 2062 2695 qui
2083 2614 2457 2692 maledicebat,
2484 2640 2546 2681 os
2572 2626 2915 2691 occludebat,
2949 2642 3156 2698 suaque
3181 2637 3398 2698 peccata
3411 2628 3584 2700 conli-

1975 2716 2208 2783 tebatur,
2235 2718 2379 2774 etde
2425 2722 2823 2777 resurrectione
2865 2721 3343 2794 pbilosophabatur
3374 2741 3390 2779 :
3419 2724 3585 2797 idque

1974 2823 2098 2865 cum
2147 2810 2414 2866 excitatos
2451 2821 2697 2869 mortuos
2738 2830 2848 2868 non
2899 2815 3144 2884 vidisset,
3196 2832 3304 2872 non
3337 2817 3584 2888 leprosos

1974 2901 2281 2969 mandatos,
2314 2917 2423 2960 non
2449 2904 2671 2960 claudos
2693 2917 2933 2975 sanatos,
2980 2922 3088 2963 non
3134 2923 3284 2964 mare
3332 2909 3582 2967 refrena-

1975 3001 2112 3062 tum,
2141 3009 2248 3051 non
2276 2995 2552 3052 daemones
2577 2997 2800 3067 ejectos,
2829 3013 2936 3054 non
2977 3013 3143 3070 panes
3172 3001 3581 3073 multiplicatos,

1976 3099 2082 3139 non
2102 3085 2208 3140 alia
2227 3100 2347 3157 qua:
2389 3080 2644 3143 Judaicus
2680 3089 2915 3161 populus
2961 3100 3413 3160 spectaverat,et
3457 3109 3582 3150 cum

1973 3186 2290 3248 spectasset,
2320 3194 2443 3236 eum
2463 3184 2609 3236 cruci
2635 3182 2904 3238 aliixerat.
2931 3183 3029 3239 llic
3043 3200 3173 3240 vero
3193 3200 3317 3242 cum
3342 3188 3588 3260 patibulo

1973 3270 2196 3326 aflixum
2221 3274 2614 3343 conspexisset,
2641 3283 2698 3330 et
2727 3275 2897 3332 Deum
2933 3277 3082 3332 illum
3100 3280 3382 3336 confessus
3401 3289 3507 3350 est,
3528 3291 3586 3338 et

1973 3365 2126 3435 regni
2153 3365 2419 3433 meminit,
2451 3376 2507 3422 et
2532 3367 2601 3424 de
2625 3369 2789 3426 rebus
2811 3368 3008 3427 futuris
3037 3371 3448 3444 philosophatus
3476 3387 3580 3445 est;

1972 3466 2031 3511 at
2056 3458 2129 3512 illi
2161 3459 2252 3530 qui
2276 3460 2531 3516 miracula
2560 3461 2845 3518 iacientem
2879 3476 3304 3535 conspexerant,
3349 3477 3405 3524 et
3448 3483 3586 3542 quos

1974 3549 2174 3619 partim
2194 3550 2400 3620 verbis,
2421 3553 2620 3622 partim
2651 3556 2908 3625 operibus
2955 3556 3088 3627 ipsis
3115 3558 3384 3617 doctrina:
3413 3563 3586 3632 parti-

1973 3643 2122 3711 cipes
2151 3643 2372 3712 iecerat,
2388 3659 2500 3700 non
2527 3646 2689 3702 modo
2720 3647 2856 3703 nihil
2882 3649 3007 3706 inde
3034 3653 3280 3721 utilitatis
3299 3665 3584 3727 ceperunt.

1974 3734 2068 3788 sed
2098 3749 2222 3788 cum
2269 3739 2324 3790 in
2372 3752 2590 3792 crucem
2625 3739 2774 3793 illum
2808 3742 3145 3809 suStulerint,
3182 3745 3238 3800 in
3280 3756 3585 3805 extremum

1973 3822 2295 3895 perditiOnis
2321 3836 2447 3884 sunt
2465 3829 2779 3886 barathrum
2801 3830 3239 3892 devoluti.Vides
3266 3846 3324 3893 ut
3351 3839 3584 3911 improbi

1974 3928 2029 3975 et
2055 3920 2270 3978 desides
2298 3937 2368 3979 ne
2394 3938 2460 3979 ex
2493 3924 2654 3980 rebus
2680 3925 2899 3995 quidem
2949 3929 3175 3987 utilibus
3219 3929 3455 3989 fructum
3485 3935 3586 3992 ali-

1974 4029 2134 4086 quem
2167 4017 2466 4088 percipiant
2496 4035 2514 4076 :
2546 4020 2698 4090 probi
2733 4029 2914 4077 autem
2945 4037 3011 4079 ac
3036 4023 3246 4095 vigiles,
3277 4029 3473 4097 quibus
3497 4046 3572 4086 re

1976 4107 2078 4163 bus
2125 4109 2217 4163 alii
2265 4109 2717 4178 scandalizantur,
2750 4130 3019 4170 summam
3055 4131 3125 4173 ex
3151 4117 3258 4173 illis
3297 4120 3585 4180 utilitatem

1976 4198 2314 4269 decerpant?
2345 4202 2457 4256 Hoc
2487 4212 2541 4257 et
2571 4204 2623 4258 in
2649 4203 2812 4272 Juda,
2835 4216 2890 4260 et
2916 4207 2969 4261 in
3017 4206 3123 4264 Job
3169 4224 3396 4268 cernere
3435 4214 3584 4271 licet.

1974 4291 2109 4349 Nam
2130 4293 2300 4352 ludas
2323 4312 2392 4352 ne
2413 4311 2443 4350 a
2464 4296 2682 4354 Christo
2711 4299 2950 4370 quidem,
2983 4301 3076 4372 qui
3100 4303 3358 4359 mundum
3382 4305 3590 4364 instau-

1976 4388 2138 4454 ravit,
2169 4389 2350 4445 salvus
2378 4389 2494 4445 fieri
2522 4391 2696 4462 potuit
2730 4409 2746 4446 :
2770 4391 2874 4448 Job
2901 4403 3082 4450 autem
3109 4409 3210 4452 nec
3235 4397 3305 4453 ab
3331 4397 3449 4468 ipso
3465 4399 3587 4455 dia-

1976 4477 2126 4547 bolo,
2155 4481 2245 4551 qui
2275 4492 2382 4536 tam
2419 4485 2617 4537 multos
2661 4484 2930 4554 perdidit,
2988 4487 3150 4543 laesus
3196 4499 3300 4547 est.
3355 4491 3461 4548 Sed
3499 4493 3589 4550 hic

1976 4571 2194 4640 quidem
2245 4573 2395 4628 mille
2425 4573 2706 4630 divexatus
2739 4577 2899 4632 malis
2951 4578 3182 4647 palmam
3241 4589 3588 4651 reportavit:

1980 4661 2070 4717 ille
2099 4679 2231 4718 vero
2269 4665 2358 4735 qui
2408 4667 2560 4736 signa
2588 4680 2966 4737 conspexerat,
2997 4678 3052 4725 et
3082 4671 3200 4741 ipse
3233 4672 3456 4744 τοῦδε-ιιι,
3497 4679 3588 4748 qui

1980 4764 2227 4810 mortuos
2269 4758 2577 4824 suscitaret,
2632 4768 2688 4814 et
2725 4759 3003 4818 darmoues
3045 4765 3324 4834 expulerat
3349 4767 3499 4838 (nam
3533 4781 3588 4826 et

1981 4847 2120 4903 hanc
2142 4849 2257 4920 ipse
2285 4859 2608 4920 potestatem
2641 4853 2911 4926 accepit),
2962 4857 3054 4927 qui
3093 4857 3162 4913 de
3211 4875 3380 4931 regno
3401 4877 3465 4920 ac
3491 4879 3588 4934 ge-

1981 4943 2162 4999 henua
2191 4945 2396 5001 inﬁnita
2446 4947 2750 5016 audiverat,
2780 4951 2874 5021 qui
2903 4951 3198 5022 spiritualis
3225 4971 3429 5014 mensae
3457 4974 3586 5031 par-

1981 5036 2150 5107 ticeps
2167 5037 2361 5103 fuerat,
2389 5040 2478 5110 qui
2505 5042 2848 5098 tremendum
2877 5043 2944 5098 ad
2977 5044 3107 5099 illud
3160 5047 3465 5104 convivium
3496 5052 3593 5106 ad-

1980 5131 2178 5186 missus
2200 5130 2394 5196 fuerat,
2449 5148 2577 5204 erga
2621 5150 2782 5205 quem
2820 5144 3026 5191 tantam
3071 5138 3506 5198 benevolentiam
3538 5155 3593 5199 ct

1979 5238 2164 5278 curam
2192 5225 2532 5289 exhibuerat,
2561 5229 2958 5299 quantamerg'a
2978 5229 3218 5294 Petrum,
3238 5231 3592 5304 etJacobum,

1979 5326 2034 5372 et
2063 5317 2350 5384 Joannem,
2398 5320 2508 5375 imo
2555 5337 2688 5378 vero
2739 5324 3003 5393 majorem
3040 5346 3053 5382 :
3087 5327 3352 5396 siquidem
3400 5341 3597 5399 prazter

1981 5410 2141 5464 aliam
2165 5411 2584 5468 sollicitudinem
2611 5424 2666 5469 et
2692 5414 3083 5486 dignationem,
3109 5434 3213 5487 qua
3259 5420 3408 5474 illum
3443 5437 3595 5476 com-

1981 5502 2174 5572 plexus
2204 5511 2340 5568 erat,
2374 5505 2618 5575 pecunia:
2635 5522 2936 5577 pauperum
2980 5508 3155 5563 fuerat
3192 5511 3266 5565 illi
3309 5514 3596 5568 commissa

1981 5595 2254 5680 custodig;
2285 5605 2397 5652 tum
2438 5613 2572 5652 vero
2615 5599 2718 5654 iste
2745 5609 2866 5670 post
2907 5611 3124 5670 accepta
3163 5602 3422 5658 beneﬁcia
3471 5604 3570 5658 furi

1982 5685 2162 5742 bunda
2185 5688 2416 5757 quadam
2468 5690 2751 5747 insolentia
2800 5693 3193 5763 caepiteﬂ‘crri,
3235 5710 3300 5751 ac
3342 5695 3600 5752 Satanam

1995 5794 2091 5849 per
2111 5779 2390 5836 avaritiam
2423 5781 2482 5837 in
2502 5784 2738 5840 animum
2789 5799 2943 5841 suum
2988 5786 3310 5855 admittens,
3358 5787 3601 5859 proditor
