4050 6428
499 346 604 401 515

381 469 405 504 ο
499 456 671 510 factus
696 462 800 518 eat,
831 461 886 506 et
914 447 1053 520 quod
1094 455 1253 516 caput
1287 453 1371 498 est
1422 442 1682 497 malorum
1717 435 2045 505 perpetravit
2069 472 2084 497 ,

499 549 658 601 talem
691 543 1000 614 sanguinem
1028 540 1242 608 triginta
1270 535 1540 606 argenteis
1583 528 1841 591 vendidit,
1886 540 1950 580 ac
1981 525 2088 578 Do-

495 638 699 692 minum
751 633 936 688 osculo
983 629 1217 701 prodidit
1268 626 1624 682 fraudulento.
1672 622 1840 687 Quam
1893 617 2090 672 multos

497 735 650 795 putas
683 725 784 778 hoc
807 723 968 776 etiam
998 719 1390 775 scandalizatus
1417 729 1536 770 esse
1561 754 1576 778 ,
1603 711 1802 782 quod-a
1828 708 2091 778 discipulo

497 814 724 884 proditio
747 814 816 868 sit
841 813 1074 866 admissa
1095 810 1118 862 τ
1143 809 1278 878 Quid
1303 823 1428 862 vero
1453 805 1650 860 deserti
1676 802 1869 868 incola,
1894 800 2090 855 sterilis

497 907 696 977 proles,
730 905 1001 962 Zachariae
1034 903 1193 968 ﬁlius,
1226 901 1316 972 qui
1364 911 1606 955 sanctum
1639 911 1702 950 ac
1751 895 2088 950 tremendum

495 997 628 1052 illud
653 1008 813 1068 caput
844 998 1039 1052 meruit
1062 996 1354 1064 baptizare,
1392 993 1580 1062 suique
1611 990 1819 1044 Domini
1853 1003 2090 1056 praecur-

494 1107 586 1146 sor
617 1092 755 1156 ﬁeri,
778 1107 899 1145 eum
931 1090 984 1143 in
1017 1103 1234 1142 carcere
1264 1084 1566 1148 habitabat,
1593 1097 1713 1136 cum
1744 1080 1917 1149 capite
1944 1089 2093 1132 trun—

495 1183 734 1247 cabatur,
769 1193 823 1238 et
851 1183 902 1236 in
931 1179 1250 1236 meretriciae
1279 1178 1578 1242 saltationis
1610 1175 1885 1246 praemium
1915 1171 2091 1224 aedes

497 1273 924 1340 permittebatur,
957 1287 1114 1341 quam
1139 1270 1338 1324 multos
1365 1267 1752 1323 scandalizatos
1779 1273 1889 1320 tum
1924 1262 2092 1316 fuisse

499 1365 819 1419 arbitraris?
872 1363 1009 1431 Quid
1060 1362 1180 1416 dico
1221 1372 1328 1416 tum
1384 1357 1675 1428 temporis?
1715 1356 1884 1424 Quam
1938 1352 2091 1408 multi

497 1469 636 1510 nunc
657 1465 777 1524 post
809 1465 1011 1508 tantum
1042 1464 1250 1523 tempus
1277 1452 1539 1520 elapsum,
1558 1450 1684 1504 dum
1713 1448 1827 1502 haec
1847 1446 2088 1509 audiunt,

495 1545 959 1600 scandalizantur?
979 1545 1114 1614 Quid
1140 1543 1260 1598 dico
1289 1543 1574 1609 Joannem,
1605 1549 1659 1596 et
1693 1553 1986 1602 carcerem,
2037 1546 2092 1590 et

496 1635 698 1689 caedem
728 1636 893 1702 illam,
916 1645 971 1690 et
995 1635 1134 1689 circa
1163 1648 1350 1690 servos
1370 1648 1625 1703 oecupor,
1657 1647 1778 1685 eum
1801 1631 1867 1685 ad
1910 1629 2092 1685 Domi-

494 1743 619 1781 num
647 1729 816 1796 ipsum
846 1743 1124 1782 recurrere
1150 1727 1467 1796 oporteret?

562 1816 691 1871 Car.
724 1817 840 1870 XV.
881 1817 1190 1885 lnsipientes
1229 1819 1382 1870 etiam
1423 1832 1485 1869 ea:
1520 1832 1578 1869 eo
1608 1815 1743 1884 quod
1778 1824 1930 1884 caput
1977 1823 2089 1866 erat

497 1908 762 1971 bonorum,
794 1909 887 1960 hoc
917 1917 988 1960 est
1013 1923 1076 1961 ea:
1097 1923 1243 1960 cruce
1261 1948 1275 1971 ,
1322 1923 1412 1976 per
1439 1923 1591 1976 quam
1629 1907 1799 1959 salvus
1825 1909 1992 1976 factus
2018 1915 2090 1958 est

493 1999 627 2051 orbis
656 2009 903 2051 terrarum
923 2039 939 2064 ,
972 1999 1269 2052 scandalum
1314 2015 1488 2067 passas
1528 2015 1652 2052 esse.
1681 2027 1750 2038 ——
1775 1998 1915 2052 Crux
1944 1999 2088 2053 enim

489 2088 706 2156 Christi,
736 2106 854 2160 qua:
889 2090 1144 2144 mundum
1173 2092 1476 2145 universum
1498 2091 1686 2150 erexit,
1707 2105 1825 2159 qua:
1845 2105 2085 2145 errorem

491 2183 726 2248 sustulit,
753 2199 873 2252 qua:
895 2192 1092 2238 terram
1125 2185 1175 2237 iu
1200 2183 1390 2237 eazlum
1414 2184 1708 2249 convertit,
1741 2199 1860 2252 qua:
1895 2198 2088 2238 nervos

493 2274 684 2328 mortis
703 2274 918 2338 excidit,
954 2290 1072 2344 quae
1110 2273 1376 2330 infernum
1415 2271 1654 2329 inutilem
1688 2274 1937 2341 reddidit,
1967 2291 2088 2345 quae

490 2365 684 2419 diaboli
712 2381 889 2421 arcem
937 2367 1150 2433 evertit,
1201 2383 1320 2436 quae
1347 2368 1684 2422 daemonibus
1729 2383 1790 2423 os
1838 2369 2084 2435 occlusit,

488 2473 606 2526 qure
636 2457 878 2512 homines
905 2459 1124 2526 angelos
1145 2458 1413 2527 reddidit,
1437 2450 1557 2529 quae
1586 2460 1769 2513 altaria
1800 2461 2084 2527 subvertit,

486 2557 542 2601 ct
571 2547 832 2601 idolorum
871 2549 1068 2617 templa
1102 2549 1409 2614 destruxit,
1458 2565 1576 2618 qua:
1619 2546 1808 2604 novam
1837 2560 1892 2604 et
1922 2551 2088 2606 inusi-

493 2648 656 2693 tatam
718 2639 857 2694 hanc
910 2640 1305 2712 philosophiam
1349 2641 1401 2696 in
1449 2652 1645 2697 terram
1691 2643 1911 2712 invexit,
1967 2660 2089 2714 quae

491 2731 626 2784 bona
653 2731 855 2800 peregit
900 2731 1196 2797 innumera,
1243 2732 1358 2787 haec
1389 2733 1686 2799 tremenda,
1730 2734 1982 2803 ingentia,
2035 2743 2090 2789 et

487 2821 754 2886 sublimia,
803 2837 981 2876 nonne
1029 2821 1209 2875 multis
1264 2822 1576 2876 scandalum
1627 2825 1846 2878 attulit?
1897 2826 2088 2881 Nonne

485 2913 722 2983 quotidie
740 2915 934 2968 clamat
955 2915 1146 2968 Paulus
1162 2913 1369 2981 dicens,
1405 2930 1578 2985 neque
1602 2916 1926 2972 erubescens
1949 2917 2087 2973 :Nos

484 3013 652 3059 autem
677 3005 1014 3074 prwdieamus
1040 3005 1296 3059 Christum
1318 3007 1638 3074 cruci/trum,
1657 3007 1857 3062 Judteis
1884 3011 2088 3078 quidem

486 3096 805 3163 scandalum,
844 3096 1086 3152 Gentibus
1125 3109 1292 3153 autem
1343 3100 1609 3153 stultitiam
1651 3098 1726 3173 (Ι.
1753 3100 1871 3156 Cor.
1900 3101 2088 3174 LE3)?

485 3185 623 3256 Quid
648 3187 821 3256 igitur,
848 3187 952 3253 dic,
975 3189 1181 3258 quaso?
1197 3205 1302 3243 non
1324 3190 1562 3258 oportuit
1579 3189 1703 3244 ferri
1722 3205 1958 3256 erucem,
1991 3209 2086 3247 ne-

486 3295 590 3347 que
604 3281 936 3335 tremendum
961 3281 1088 3336 illud
1111 3281 1430 3337 sacriﬁcium
1451 3281 1652 3347 offerri,
1672 3299 1844 3352 neque
1862 3293 1940 3337 tot
1953 3299 2088 3352 prte-

489 3375 634 3427 clara
655 3373 890 3428 facinora
911 3376 1128 3444 patrari,
1155 3383 1434 3444 propterea
1456 3375 1599 3444 quod
1631 3391 1716 3430 res
1743 3376 1832 3430 illa
1856 3392 2087 3445 pereun-

488 3465 630 3520 tibus
656 3477 770 3519 erat
799 3465 1130 3533 scandalum,
1153 3477 1207 3521 et
1236 3476 1369 3532 tum,
1401 3474 1456 3522 et
1473 3466 1745 3536 deinceps,
1766 3477 1820 3520 et
1841 3471 2083 3538 sequenti

487 3556 677 3625 quovis
704 3555 983 3624 tempore?
1008 3555 1139 3622 Quis
1167 3555 1304 3610 adeo
1335 3555 1569 3611 furiosus
1596 3567 1699 3623 est,
1737 3557 1873 3612 adeo
1905 3567 2085 3613 mente

487 3654 694 3714 captus,
724 3657 785 3700 ut
805 3645 907 3701 hoc
934 3646 1119 3700 dicat?
1147 3647 1219 3701 Ut
1264 3647 1427 3717 igitur
1467 3647 1572 3702 hoc
1617 3649 1738 3704 loco
1767 3664 1871 3702 non
1899 3664 2084 3703 eorum

487 3745 574 3791 est
630 3735 873 3792 habenda
915 3738 1050 3792 ratio
1079 3738 1168 3806 qui
1212 3737 1664 3805 scandalizantur,
1699 3740 1912 3794 tametsi
1955 3741 2085 3794 lauti

490 3829 597 3883 sint
624 3845 866 3894 numero,
899 3831 992 3885 sed
1015 3845 1202 3884 eorum
1231 3831 1322 3899 qui
1353 3831 1484 3885 salvi
1505 3829 1630 3885 facti
1651 3841 1794 3903 sunt,
1822 3833 1912 3903 qui
1945 3849 2089 3902 prm-

489 3921 634 3976 clare
657 3932 955 3992 gesserunt,
996 3924 1085 3992 qui
1129 3939 1222 3992 per
1250 3898 1455 3977 lautam
1499 3898 1815 3993 sapien‘tiam
1846 3928 2087 3996 profece-

489 4021 653 4076 runt;
683 4028 859 4082 neque
885 4013 1170 4068 dicendum
1192 4023 1276 4068 est
1294 4015 1454 4084 objici
1487 4031 1646 4085 posse
1674 4015 1795 4070 illos
1822 4020 1910 4088 qui
1933 4033 2087 4074 sean-

489 4105 700 4159 dalizati
731 4113 876 4170 sunt,
901 4120 1022 4161 eum
1048 4107 1148 4161 sibi
1173 4108 1366 4163 merito
1389 4108 1488 4177 ipsi
1513 4111 1723 4178 possint
1755 4111 1881 4165 illud
1910 4114 2086 4182 impu-

493 4205 608 4250 tare
662 4214 677 4251 :
734 4197 803 4251 ita
852 4198 1103 4252 nimirum
1149 4213 1320 4269 neque
1357 4200 1461 4255 hoc
1503 4211 1762 4271 tempore.
1813 4205 2084 4274 Siquidem

489 4289 798 4344 scandalum
823 4306 928 4345 nou
948 4305 1014 4343 ex
1039 4299 1224 4343 natura
1242 4292 1416 4347 erucis
1438 4292 1653 4358 accidit,
1677 4294 1771 4348 sed
1797 4311 1863 4350 ex
1895 4312 2077 4350 eorum

491 4380 715 4434 stultitia
737 4382 823 4449 qui
848 4381 1190 4435 scaudalizati
1209 4393 1334 4436 sunt
1356 4400 1370 4449 ;
1402 4400 1560 4453 quam
1581 4387 1649 4439 ob
1671 4401 1884 4439 causam
1906 4387 2088 4457 adjicit

491 4476 650 4527 etiam
675 4471 868 4525 Paulus
898 4489 912 4524 :
946 4472 1081 4542 Ipsis
1097 4488 1264 4528 autent
1288 4477 1497 4540 vocatis,
1525 4474 1727 4530 Iudicis
1747 4489 1897 4549 atque
1937 4477 2085 4534 Grae-

489 4564 582 4627 cis,
615 4563 868 4617 Christum
891 4562 984 4617 Dei
1008 4565 1239 4617 virtutem
1261 4576 1308 4618 et
1331 4564 1426 4620 Dei
1448 4569 1750 4637 sapientiam
1769 4570 1873 4641 (Ib.
1894 4587 1941 4624 υ.
1967 4571 2083 4642 24);

488 4656 920 4725 «ιιιωιᾱοᾳυίόειιι
949 4656 1027 4710 sol
1049 4671 1263 4725 quoque
1288 4657 1494 4712 debiles
1523 4661 1707 4716 oculos
1745 4663 1908 4719 hedit.
1949 4663 2085 4730 Quid

492 4747 657 4815 ergo?
697 4760 801 4799 non
846 4747 1083 4815 oportuit
1125 4761 1246 4801 esse
1286 4750 1495 4803 solem?
1527 4750 1627 4805 Mel
1654 4769 1866 4823 quoque
1896 4756 2086 4810 morbo

495 4830 859 4884 laborantibus
904 4846 1144 4886 amarunt
1174 4830 1403 4886 videtur.
1435 4834 1572 4900 Quid
1587 4835 1758 4906 ergo?
1788 4855 1910 4893 num
1957 4841 2086 4896 illud

491 4940 521 4978 e
567 4922 744 4978 medie
774 4924 1065 4978 tollendum
1119 4925 1238 4978 est?
1280 4924 1385 4994 Ipsi
1438 4930 1690 4997 apostoli,
1741 4945 1919 5015 nonne
1967 4933 2087 4988 aliis

489 5014 705 5080 quidem
735 5014 868 5068 odor
893 5016 1080 5068 mortis
1103 5017 1154 5068 iu
1182 5025 1432 5083 mortem,
1463 5019 1580 5073 aliis
1610 5030 1787 5075 autem
1806 5014 1940 5076 odor
1961 5025 2086 5078 vita:

491 5111 542 5160 in
577 5107 738 5160 vitam
781 5106 995 5160 fuerunt
1041 5107 1116 5173 (2.
1148 5107 1265 5162 Cor.
1296 5109 1350 5162 2.
1385 5109 1512 5180 16)?
1552 5113 1636 5165 An
1677 5114 1832 5183 igitur
1868 5125 2088 5185 pr0pter

488 5215 582 5252 cos
612 5197 701 5267 qui
731 5206 1145 5271 pereunt,_tanta
1189 5200 1345 5267 potiri
1391 5217 1518 5256 cura
1566 5218 1672 5259 non
1715 5207 1952 5274 oportuit
1994 5222 2087 5261 eos

491 5290 576 5360 qui
605 5290 830 5344 vivunt?
859 5290 974 5358 Ipse
1002 5305 1130 5343 vero
1169 5290 1366 5346 Christi
1404 5295 1684 5362 adventus,
1725 5307 1779 5352 et
1813 5300 1956 5354 salus
1987 5317 2084 5355 no—

492 5394 619 5445 stra,
654 5381 774 5437 fons
816 5382 1109 5448 bonorum,
1151 5394 1206 5440 et
1235 5385 1368 5451 vita,
1399 5385 1533 5441 bona
1580 5388 1863 5444 innumera
1887 5433 1901 5455 ,
1926 5408 2083 5460 quam

493 5474 670 5528 multis
698 5476 874 5544 gravia
908 5478 1122 5532 fuerunt
1151 5488 1207 5534 et
1241 5479 1509 5532 molesta?
1537 5496 1694 5549 quam
1746 5483 1944 5537 multos
1987 5499 2085 5537 ex-

490 5566 764 5620 cusatione
794 5582 856 5620 ac
876 5569 1027 5623 venia
1057 5570 1366 5638 privarunt?
1395 5569 1509 5624 Non
1540 5571 1691 5625 audis
1720 5573 1846 5642 quid
1892 5575 1959 5628 de
1993 5575 2085 5628 Ju-

489 5655 620 5711 dznis
637 5657 880 5715 Christus
900 5662 1083 5716 dicat?
1113 5662 1172 5717 Si
1201 5680 1303 5717 non
1330 5665 1596 5731 venissem,
1619 5675 1663 5719 et
1694 5667 1931 5734 loquutus
1949 5669 2079 5735 fuis-

495 5761 599 5800 sem
620 5750 712 5819 eis,
736 5763 999 5823 peccatum
1027 5771 1124 5809 non
1148 5754 1384 5811 haberent
1412 5772 1430 5812 :
1454 5773 1588 5813 nunc
1604 5766 1771 5813 autem
1798 5762 2078 5814 excusatiu-

1207 334 1264 389 S.
1304 329 1584 387 JUANNIS
1624 319 2100 380 (ZIIRYSOSTOMI
2139 316 2460 372 ARCIIIEI’.
2499 312 3040 370 CONS'T‘ANTINOP.

3697 314 3814 369 516

2205 446 2320 483 nem
2355 444 2456 482 non
2488 427 2671 481 habent
2713 427 2778 480 de
2803 432 3010 496 peccato
3035 441 3126 480 suo
3151 423 3171 496 (
3193 423 3351 478 Joan.
3383 425 3468 480 15.
3497 424 3636 494 22).
3667 425 3818 494 Quid

2199 519 2367 586 ergo?
2397 534 2462 572 an
2492 519 2615 588 quia
2639 527 2760 586 post
2784 517 3074 572 adventum
3096 514 3475 570 inexcusabilia
3510 515 3652 571 facta
3681 526 3821 570 sunt

2199 625 2384 665 eorum
2408 617 2646 679 peccata,
2673 623 2779 662 non
2829 606 3066 677 oportuit
3117 607 3270 661 illum
3300 605 3557 662 advenire
3583 618 3821 678 propter

2198 716 2292 757 eos
2324 701 2411 770 qui
2439 700 2580 754 bono
2611 700 2750 754 male
2775 709 2901 754 sunt
2929 698 3048 753 usi?
3072 697 3202 766 Quis
3244 698 3346 753 hoc
3384 697 3569 752 dicat?
3611 697 3816 766 Nemo,

2198 809 2374 862 neque
2419 794 2464 846 si
2492 792 2646 862 plane
2691 792 2762 846 sit
2805 799 2986 846 mente
3012 799 3218 860 captus.
3241 788 3380 856 Quid
3413 804 3541 845 vero
3563 804 3633 844 ex
3664 789 3820 844 Scri-

2198 884 2390 953 pturis,
2424 898 2626 954 quaeso,
2651 898 2810 953 quam
2869 882 3022 936 multi
3067 881 3377 937 scandalum
3433 881 3816 951 acceperunt?

2198 990 2358 1044 quam
2392 975 2572 1029 multa:
2612 975 2856 1029 luereses
2885 973 3010 1028 inde
3036 974 3376 1029 occasionem
3419 974 3817 1045 arripuerunt?

2199 1068 2280 1120 An
2305 1065 2464 1136 igitur
2484 1067 2723 1136 oportuit
2753 1065 2936 1122 delere
2951 1065 3259 1136 Scripturas
3292 1066 3362 1121 ob
3383 1080 3478 1122 cos
3505 1067 3596 1136 qui
3645 1081 3818 1121 scan-

2197 1157 2411 1212 dalizati
2447 1159 2612 1213 sunt?
2640 1168 2731 1213 aut
2756 1175 2823 1214 ne
2849 1159 2917 1213 ab
2941 1159 3095 1213 initio
3133 1158 3349 1227 quidem
3389 1159 3566 1214 tradi?
3591 1159 3815 1230 Nequa-

2197 1265 2354 1321 quam
2389 1269 2402 1302 :
2435 1248 2543 1306 imo
2573 1267 2702 1315 vero
2743 1253 2977 1307 maxime
3007 1254 3244 1322 oportuit
3272 1252 3409 1307 tradi
3438 1263 3664 1322 propter
3687 1268 3811 1317 eos,

2196 1342 2262 1396 ad
2318 1357 2454 1412 quos
2505 1359 2694 1412 magna
2735 1343 2858 1414 inde
2903 1343 3088 1398 debuit
3141 1345 3343 1398 utilitas
3386 1344 3690 1399 dimanare.
3726 1344 3813 1399 llli

2197 1433 2339 1488 enim
2371 1434 2607 1504 sibiipsis
2646 1433 2664 1504 (
2698 1449 2872 1504 neque
2918 1444 3166 1504 repetere
3204 1434 3391 1491 eadem
3431 1450 3518 1491 me
3560 1435 3812 1506 pigebit)

2196 1524 2446 1579 scandala
2492 1526 2758 1593 imputent
2788 1543 2800 1579 :
2832 1526 2925 1596 qui
2977 1540 3108 1581 vero
3147 1528 3438 1581 maximam
3495 1526 3624 1582 inde
3675 1540 3809 1582 sunt

2196 1615 2479 1672 ut‘litatem
2510 1619 2832 1686 percepturi,
2854 1632 2960 1673 non
2989 1618 3315 1675 mediocrem
3333 1620 3603 1689 iacturam
3631 1617 3806 1675 fecis-

2194 1718 2335 1776 sent,
2377 1709 2422 1763 si
2460 1718 2676 1779 propter
2722 1710 2948 1764 aliorum
2990 1711 3388 1780 improbitatem
3419 1726 3484 1766 ac
3527 1713 3812 1785 negligen-

2195 1801 2323 1854 tiam
2359 1800 2453 1866 illi,
2487 1800 2679 1870 quibus
2707 1816 2893 1856 earum
2924 1802 3136 1872 largitio
3172 1802 3450 1871 profutura
3487 1813 3625 1869 erat,
3659 1812 3809 1859 tanta

2193 1889 2422 1945 fuissent
2442 1891 2670 1945 utilitate
2697 1891 2943 1950 fraudati.
2965 1889 3088 1947 Noli
3113 1907 3243 1961 ergo
3273 1892 3402 1947 mihi
3444 1907 3542 1948 eos
3563 1907 3810 1948 comme-

2194 1996 2408 2037 morare
2437 1984 2528 2053 qui
2555 1993 2783 2053 pereunt
2816 1984 2995 2053 :quod
3024 1983 3165 2040 enim
3200 1986 3253 2040 in
3293 1985 3460 2055 priori
3489 1985 3628 2041 libro
3669 1985 3806 2053 dixi,

2193 2073 2374 2129 nullus
2397 2089 2465 2129 ex
2487 2075 2553 2130 iis
2576 2076 2666 2145 qui
2693 2076 2900 2146 seipsos
2932 2076 3124 2146 injuria
3155 2091 3262 2132 non
3292 2076 3558 2142 afficiunt,
3587 2078 3656 2134 ab
3683 2077 3808 2133 aliis

2195 2165 2314 2219 latdi
2346 2176 2539 2235 potest,
2572 2169 2820 2238 quamvis
2843 2167 2911 2224 de
2932 2169 3039 2224 vita
3071 2169 3186 2240 ipsa
3221 2171 3294 2224 sit
3335 2169 3638 2240 periculum
3670 2169 3807 2224 sub—

2194 2257 2450 2313 eundum.

2265 2349 2392 2405 CAP.
2439 2350 2579 2405 XVI.
2633 2351 2734 2418 Qui
2760 2353 2982 2423 seipsum
3027 2353 3219 2421 injuria
3256 2370 3358 2408 non
3413 2354 3630 2426 αῇίτὶαι,
3688 2372 3806 2409 eum

2193 2456 2224 2492 α
2251 2442 2449 2494 nemine
2483 2443 2601 2495 (redi
2641 2458 2806 2512 posse.
2835 2473 2909 2483 —
2938 2443 3076 2510 Quid
3114 2445 3257 2499 enim
3298 2446 3456 2500 laesus
3495 2454 3584 2501 est
3621 2447 3759 2502 Abel
3787 2490 3803 2513 ,

2192 2532 2336 2601 quod
2369 2531 2605 2588 fraterna
2634 2550 2793 2589 manu
2838 2537 2910 2589 sit
2951 2537 3161 2594 occisus
3188 2580 3204 2605 ,
3248 2548 3304 2592 et
3346 2539 3695 2594 immaturam
3737 2556 3803 2595 ac

2192 2623 2484 2678 violentam
2518 2635 2744 2679 mortem
2769 2628 2840 2680 sit
2865 2628 3093 2695 passus?
3123 2627 3311 2683 Nonne
3343 2631 3519 2698 potius
3541 2629 3596 2685 id
3626 2631 3809 2686 lucra-

2194 2721 2283 2768 tus
2323 2723 2441 2778 est,
2493 2724 2551 2769 ut
2594 2716 3016 2785 splendidiorem
3048 2733 3304 2773 coronam
3349 2719 3618 2776 referret?
3662 2722 3807 2788 Quid

2193 2820 2354 2874 porro
2380 2806 2570 2874 Jacob,
2601 2808 2688 2877 qui
2721 2809 2878 2862 tantis
2902 2825 2931 2862 a
2959 2810 3125 2866 fratre
3158 2812 3515 2869 incommodis
3544 2824 3632 2870 est
3657 2817 3800 2871 atl'e-

2192 2907 2335 2966 ctus,
2361 2909 2416 2953 et
2442 2899 2562 2954 loco
2593 2901 2800 2970 pulsus,
2823 2903 3000 2968 exsul,
3025 2905 3279 2970 extorris,
3301 2920 3366 2958 ae
3387 2920 3577 2960 servus
3600 2906 3802 2974 factus,

2192 2990 2258 3045 ad
2289 2999 2583 3046 extremam
2601 2991 2800 3046 fantem
2829 3001 2914 3048 est
2934 2994 3222 3049 redactus?
3251 2996 3389 3064 Quid
3415 3013 3546 3053 vero
3571 2998 3800 3070 Ioseph,

2193 3085 2282 3153 qui
2315 3085 2426 3154 pari
2471 3085 2678 3140 ratione
2724 3087 2846 3141 loco
2890 3086 3160 3157 domoque
3191 3091 3408 3159 pulsus,
3440 3093 3724 3162 captivus,
3751 3106 3806 3150 et

2195 3188 2401 3238 servus,
2431 3186 2483 3228 ct
2526 3177 2734 3231 vinctus
2757 3179 2924 3232 evasit
2950 3219 2964 3243 ,
3010 3180 3062 3233 in
3107 3191 3409 3236 extremum
3453 3184 3577 3238 vitae
3610 3186 3804 3241 discri«

2195 3281 2316 3323 men
2348 3266 2639 3330 adductus,
2682 3278 2735 3322 et
2764 3283 2885 3323 cum
2919 3271 2969 3323 in
3003 3272 3175 3340 patria
3197 3314 3210 3337 ,
3258 3281 3372 3326 tum
3417 3289 3647 3345 peregre
3692 3285 3800 3331 tam

2194 3357 2373 3411 multis
2401 3369 2484 3412 est
2519 3361 2800 3416 calumniis
2835 3363 3151 3430 appetitus?
3191 3365 3327 3432 Quid
3374 3376 3556 3422 autem
3585 3367 3802 3440 Moyses

2191 3463 2222 3502 a
2248 3457 2396 3504 tanto
2421 3452 2621 3519 p0pulo
2652 3452 2850 3508 millies
2877 3453 3175 3522 lapidatus,
3204 3465 3257 3510 et
3287 3457 3353 3510 ab
3383 3457 3475 3522 iis,
3506 3457 3578 3513 de
3604 3460 3802 3530 quibus

2192 3538 2330 3594 bene
2361 3542 2587 3597 meritus
2615 3552 2751 3608 erat,
2782 3545 3006 3600 insidias
3033 3548 3257 3617 passus?
3285 3548 3423 3616 Quid
3451 3564 3645 3606 omnes
3676 3569 3801 3623 pro-

2194 3631 2390 3701 pbetaa,
2421 3635 2613 3703 quibus
2639 3645 2719 3690 tot
2742 3636 2972 3692 intulere
2993 3639 3131 3693 mala
3153 3639 3513 3709 Judmi?Quid
3536 3644 3641 3700 Job
3663 3647 3797 3716 ipse,

2193 3741 2350 3795 quem
2378 3729 2673 3784 innumeris
2700 3729 2949 3785 diabolus
2971 3730 3236 3787 machinis
3261 3737 3633 3804 oppugnavit?
3653 3739 3796 3805 Quid

2194 3825 2300 3872 tres
2330 3821 2479 3887 pueri
2499 3819 2522 3872 ?
2545 3820 2682 3888 Quid
2705 3821 2911 3890 Daniel,
2936 3825 3025 3892 qui
3051 3824 3194 3891 vita),
3218 3825 3504 3894 libertatis,
3529 3837 3584 3884 et
3605 3832 3800 3902 capitis

2191 3925 2459 3965 summum
2501 3914 2715 3995 subiere
2753 3915 3081 3970 discrimen?
3109 3918 3246 3983 Quid
3280 3935 3408 3974 vero
3447 3921 3632 3978 lli-[ias
3659 3967 3673 3989 ,
3707 3927 3799 3995 qui

2192 4018 2400 4058 summa
2428 4019 2650 4074 pressus
2677 3992 2876 4077 inopia,
2907 4008 3119 4065 sedibus
3142 4012 3255 4066 suis
3276 4013 3486 4082 pulsus,
3519 3992 3800 4085 fugitivus,

2194 4095 2365 4151 incola
2392 4096 2627 4162 deserti,
2670 4112 2886 4169 semper
2923 4102 3081 4156 exsul
3125 4111 3181 4156 et
3219 4105 3451 4160 extorris
3478 4116 3562 4161 est
3588 4108 3805 4165 factus?

2191 4191 2330 4258 Quid
2359 4191 2574 4246 tandem
2604 4192 2788 4257 David,
2813 4194 2901 4262 qui
2935 4203 3062 4247 tota
3089 4194 3251 4250 Saﬁle
3277 4198 3455 4263 malis,
3491 4210 3567 4254 tot
3593 4203 3803 4260 deinde

2191 4297 2221 4334 a
2258 4283 2476 4352 proprio
2505 4282 2615 4336 filio
2652 4292 2735 4338 est
2777 4282 3044 4338 affectus?
3075 4301 3255 4342 nonne
3297 4288 3561 4345 illustrior
3588 4294 3800 4363 evasit,

2192 4374 2416 4427 summis
2445 4388 2734 4444 oppressus
2760 4375 3113 4430 incommodis
3139 4419 3154 4444 ,
3183 4393 3344 4448 quam
3374 4395 3497 4436 cum
3528 4397 3799 4456 prospere

2192 4474 2384 4519 cuncta
2430 4465 2822 4522 succederent?
2869 4466 3010 4533 Quid
3056 4468 3274 4523 demum
3332 4471 3570 4529 Joannes
3619 4478 3803 4548 capite

2195 4558 2500 4613 truncatus?
2524 4559 2661 4626 Quid
2688 4559 2937 4630 apostoli,
2966 4576 3194 4631 quorum
3223 4563 3327 4617 alii
3355 4567 3531 4634 capite
3563 4574 3800 4628 truncati

2194 4659 2347 4716 sunt,
2378 4651 2466 4705 alii
2498 4654 2710 4708 exteris
2748 4654 3026 4724 suppliciis
3067 4655 3280 4710 affecti?
3306 4656 3446 4725 Quid
3490 4673 3797 4734 martyres,

2192 4745 2360 4814 quiin
2396 4746 2586 4800 mediis
2627 4748 2909 4801 tormentis
2950 4749 3286 4817 gravissimis
3313 4753 3549 4808 animam
3593 4769 3801 4825 posue-

2193 4839 2350 4891 runt?
2373 4852 2550 4892 nonne
2571 4853 2761 4893 omnes
2783 4840 2865 4893 isti
2899 4849 3007 4893 tum
3038 4842 3271 4897 maxime
3294 4843 3531 4899 illustres
3555 4845 3802 4917 fuerunt,

2194 4943 2312 4982 cum
2332 4929 2720 5000 appetebantur
2741 4930 2975 5000 injuriis,
3002 4947 3121 4986 eum
3147 4933 3356 4989 insidiis
3381 4934 3800 5004 obsidebantur,

2193 5036 2310 5074 cum
2343 5021 2526 5076 ultima
2549 5022 2728 5076 omnia
2761 5022 2905 5091 passi
2929 5035 3242 5080 constanter
3273 5026 3553 5082 ferebant?

2261 5114 2391 5168 CAP.
2451 5113 2615 5167 XVII.
2708 5115 2958 5170 Maxima?
3002 5117 3368 5184 providentia,
3415 5120 3654 5176 bonitatis
3682 5165 3696 5187 ,
3752 5134 3802 5178 et

2192 5207 2416 5261 caritatis
2461 5207 2557 5261 Dei
2597 5209 2954 5264 documentum
2993 5226 3099 5264 esse
3136 5228 3359 5265 crucem.
3402 5245 3471 5254 —
3496 5215 3630 5271 Cum
3666 5233 3800 5274 vero

2191 5315 2532 5354 communem
2567 5299 2849 5355 Dominum
2893 5309 3134 5357 nostrum
3178 5305 3247 5358 ob
3285 5306 3389 5359 alia
3417 5316 3611 5362 cuneta
3643 5312 3792 5365 cele-

2192 5392 2429 5455 bramus,
2464 5408 2644 5448 nonne
2670 5395 2739 5448 ob
2764 5394 2863 5448 hoc
2889 5396 3162 5464 prmeipue
3190 5397 3550 5461 celebramus,
3584 5401 3794 5469 gloriﬁ-

2193 5498 2395 5549 camus,
2425 5493 2477 5537 et
2505 5484 2846 5554 suspicimus,
2876 5485 3018 5555 quod
3050 5501 3289 5552 erucem,
3316 5499 3370 5542 et
3393 5500 3622 5545 mortem
3648 5493 3816 5552 illam.

2193 5577 2575 5632 exsecrabilem
2612 5594 2800 5646 passus
2844 5581 2966 5635 est?
3007 5580 3194 5635 Nonne
3245 5582 3346 5636 hoc
3391 5598 3590 5654 susque
3621 5586 3794 5656 deque

2191 5680 2368 5724 versat
2405 5670 2599 5725 l'aulus
2626 5673 2864 5728 caritatis
2904 5674 3071 5743 ipsius
3103 5676 3154 5728 in
3189 5692 3287 5729 nos
3315 5677 3567 5734 indicium
3594 5722 3606 5742 ,
3643 5684 3786 5749 quod

2196 5762 2265 5818 sit
2302 5766 2581 5820 mortuus?
2609 5766 2749 5836 quod
2790 5782 2886 5836 pro
2915 5767 3179 5837 ejusmodi
3209 5770 3278 5824 sit
3311 5770 3618 5829 hominibus
3647 5788 3787 5831 mor-
