4050 6424
258 370 372 426 5ιὸ

256 482 551 556 προδότης.
589 481 687 533 καὶ
714 479 779 534 16
829 482 1124 551 κεφάλαιον
1169 483 1468 553 εἰργάσατο
1495 483 1603 534 τῶν
1638 482 1826 535 κακῶν
1847 521 1861 544 ,

254 570 399 644 αἷμα
422 572 665 626 τοιοῦτον
699 573 956 644 πωλήσας
982 574 1281 644 τριάκοντα
1304 575 1608 646 ἀργυρίων,
1645 575 1739 628 καὶ
1770 593 1862 642 φι-

256 671 461 740 λήματι
491 667 654 734 δολίῳ
682 666 915 737 προδοὺς
943 665 1035 719 τὸν
1065 667 1368 737 Δεσπότην.
1399 667 1606 726 Πόσους
1633 667 1736 718 οἴει
1770 666 1863 718 καὶ

255 761 318 814 ἑν
345 759 520 830 τούτῳ
556 755 1039 825 σκανδαλισθῆναι,
1076 755 1156 826 τῷ
1188 758 1340 827 παρά
1369 756 1464 809 τοῦ
1494 756 1740 828 μαθητοῦ
1770 774 1862 824 γε·

254 852 450 904 νέσθαι
477 852 578 921 τήν
608 846 904 918 προδοσίαν
927 866 941 912 ;
967 847 1032 900 Τί
1059 847 1148 900 δαὶ
1173 849 1202 899 6
1227 848 1329 918 τῆς
1356 850 1567 920 ἐρήμου
1602 849 1826 911 πολίτης
1845 890 1860 913 ,

254 945 284 997 6
316 944 414 1012 τῆς
440 941 665 1012 στείρας
692 937 928 1010 καρπός,
975 940 1003 992 6
1033 938 1130 991 τοῦ
1174 940 1449 1010 Ζαχαρίου
1485 942 1650 1002 παῖς,
1697 942 1725 992 6
1764 939 1862 1010 τὴν

255 1035 424 1103 ἀγίαν
456 1034 676 1102 ἐκείνην
703 1033 794 1083 καὶ
826 1030 1073 1102 φρικώδη
1099 1031 1464 1097 καταξιωθεὶς
1485 1030 1752 1100 βαπτίσαι
1772 1048 1864 1083 κε·-

256 1126 461 1197 φαλὴν,
495 1125 588 1177 καὶ
641 1123 896 1191 γενέσθαι
932 1123 1242 1193 πρόδρομος
1273 1122 1368 1174 τοῦ
1405 1124 1608 1174 οἰκείου
1652 1123 1862 1174 Δεσπό-

253 1236 377 1281 του,
427 1219 515 1270 ὅτε
563 1216 939 1288 δεσμωτήριον
983 1213 1118 1284 ᾤκει
1145 1253 1159 1276 ,
1202 1213 1288 1265 ὅτε
1340 1213 1720 1282 ἀπετέμνετο,
1763 1213 1860 1265 καὶ

257 1308 535 1380 πόρνικῆς
565 1310 848 1379 ὀρχήσεως
900 1303 1085 1376 σφαγὴ
1138 1305 1332 1376 μισθὸς
1379 1306 1608 1372 ἐγίνετο,
1661 1305 1863 1368 πόσους

254 1404 363 1456 οἴει
400 1399 852 1464 σκανδαλίζεσθαι
883 1401 1038 1465 τότε;
1085 1400 1196 1452 Καὶ
1238 1400 1291 1452 τί
1332 1398 1476 1480 λέγω
1511 1400 1666 1464 τότε;
1697 1399 1864 1452 Πόσοι

255 1494 357 1547 νῦν
389 1492 526 1564 μετά
555 1492 750 1564 χρόνον
792 1491 1051 1546 τοσοῦτον
1082 1490 1262 1545 ταῦτα
1300 1491 1594 1555 ἀκούοντες
1630 1492 1862 1545 σκανδα-

255 1585 539 1650 λίζονται;
578 1585 687 1638 Καὶ
725 1584 778 1637 τί
813 1583 959 1651 λέγω
990 1583 1084 1636 16v
1119 1582 1396 1654 Ἰωάννην,
1431 1584 1524 1636 καὶ
1549 1584 1609 1636 τὸ
1651 1584 1866 1654 δεσμωο

255 1682 469 1750 τήριον,
505 1678 601 1732 καὶ
635 1677 733 1749 τὴν
761 1677 977 1747 σφαγὴν
1011 1675 1252 1746 ἐκείνην,
1279 1676 1373 1728 καὶ
1408 1676 1537 1746 περὶ
1563 1675 1691 1734 τοὺς
1717 1674 1868 1727 οἰκέ-

257 1788 362 1834 τας
415 1769 873 1840 ἀναστρέφομαι,
927 1768 1046 1821 δέον
1087 1768 1252 1821 πάλιν
1299 1768 1394 1861 ἐπὶ
1438 1767 1530 1820 τὸν
1585 1767 1865 1839 Δεσπότην

259 1865 608 1931 καταφυγεῖν
631 1879 646 1928 ;

335 1957 480 2025 Κεφ.
506 1956 587 2011 ιε’.
632 1956 689 2008 ’0
718 1954 828 2024 γὰρ
851 1954 1085 2025 σταυρὸς
1126 1951 1220 2006 τοῦ
1269 1951 1532 2024 Χριστοῦ,
1585 1951 1613 2003 6
1657 1950 1757 2022 τὴν
1789 1952 1867 2004 οἰ-

260 2048 538 2121 κουμένην
567 2046 836 2119 ὀρθώσας,
875 2047 905 2099 6
948 2047 1046 2117 τὴν
1095 2045 1305 2117 πλάνην
1335 2044 1522 2111 λύσας,
1564 2046 1592 2097 6
1632 2043 1730 2114 τὴν
1763 2044 1867 2114 γῆν

261 2144 500 2214 ποιήσας
531 2140 780 2211 οὐρανὸν,
825 2141 854 2192 6
896 2139 992 2192 τοῦ
1025 2137 1259 2193 θανάτου
1291 2137 1359 2191 τὰ
1398 2136 1566 2209 νεῦρα
1603 2137 1867 2206 ἐκκόψας,

261 2237 292 2288 6
321 2234 414 2286 τὸν
434 2233 566 2304 ᾅδην
587 2232 864 2304 ἄχρηστον
890 2231 1292 2302 ἐργασάμενος,
1316 2232 1344 2284 6
1374 2230 1470 2283 τοῦ
1496 2229 1746 2284 διαϐόλου
1770 2230 1869 2303 τὴν

263 2327 564 2401 ἀκρόπολιν
584 2325 919 2390 καταλύσας,
948 2327 976 2376 6
995 2325 1122 2388 τοὺς
1146 2324 1408 2394 δαίμονας
1434 2323 1820 2393 ἐπιστομίσας,
1842 2325 1871 2376 6

263 2419 393 2481 τοὺς
416 2415 740 2487 ἀνθρώπους
770 2413 1036 2484 ἀγγέλους
1059 2417 1313 2484 ποιήσας,
1337 2413 1365 2465 6
1389 2412 1608 2484 βωμοὺς
1633 2415 1872 2468 καταλύ-

203 2527 230 2542 κτ
268 2528 368 2573 σας
399 2511 496 2564 καὶ
528 2511 690 2573 ναοὺς
724 2511 1063 2582 ἀνατρέψας,
1095 2512 1123 2565 ό
1153 2512 1254 2584 τὴν
1291 2514 1488 2584 καινὴν
1524 2514 1731 2585 ταύτην
1775 2515 1870 2568 καὶ

268 2601 429 2674 ξένην
456 2603 772 2673 φιλοσοφίαν
803 2605 879 2667 είς
917 2605 1016 2674 τὴν
1040 2605 1145 2674 γῆν
1171 2605 1612 2677 καταφυτεύσας,
1641 2609 1669 2661 6
1699 2608 1870 2679 μυρία

265 2697 647 2768 ἐργασάμενος
660 2697 862 2765 ἀγαθὰ,
875 2699 944 2752 τὰ
963 2698 1214 2770 φρικώδη
1231 2698 1405 2754 ταῦτα
1427 2700 1520 2752 καὶ
1545 2700 1756 2771 μεγάλα
1779 2702 1872 2754 καὶ

266 2788 472 2858 ὑψηλὰ,
503 2788 627 2859 οὐχὶ
662 2790 962 2844 σκάνδαλον
999 2789 1219 2854 πολλοῖς
1245 2792 1510 2859 γέγονεν;
1545 2792 1682 2864 Οὐχὶ
1723 2792 1872 2845 Παῦ-

266 2882 360 2945 λος
391 2882 490 2953 βοᾷ
522 2883 645 2935 καθ’
679 2883 922 2953 ἑκάστην
947 2884 1167 2955 ἡμέραν
1199 2883 1398 2952 λέγων,
1429 2886 1524 2938 καὶ
1549 2888 1652 2940 οὐκ
1679 2886 1873 2958 αἰσχύ-

267 2991 420 3028 νεται
445 2991 458 3004 ⁸
501 2974 702 3044 Ἡμεῖς
723 2974 792 3028 δὲ
834 2977 1228 3046 κηρύσσομεν
1270 2978 1532 3045 Χριστὸν
1576 2979 1876 3048 ἐσταυρωο

263 3066 476 3137 μένον,
520 3068 821 3134 Ἰουδαίοις
842 3070 963 3137 μὲν
991 3068 1377 3134 σκάνδαλον,
1413 3072 1621 3126 ἔθνεσι
1647 3073 1718 3126 δὲ
1751 3092 1874 3143 μω-

263 3160 438 3228 ρίαν;
464 3159 530 3212 Τί
561 3156 675 3228 οῦν,
699 3161 823 3214 εἰπέ
848 3178 937 3231 μοι
959 3179 973 3226 ;
1002 3162 1102 3215 οὐκ
1123 3163 1295 3234 ἐχρῆν
1318 3164 1573 3232 γενέσθαι
1593 3165 1688 3218 τὸν
1713 3182 1878 3220 σταυ⁸

274 3252 389 3324 ρὸν,
421 3253 544 3306 οὐδέ
573 3253 671 3324 τὴν
705 3253 955 3326 φρικώδη
989 3255 1210 3326 ἐκείνην
1244 3259 1601 3330 ἀνενεχθῆναι
1647 3258 1841 3312 θυσίαν
1862 3301 1876 3323 ,

269 3346 395 3400 οὐδὲ
419 3345 661 3400 τοσαῦτα
682 3346 1002 3417 τελεσθῆναι
1033 3348 1464 3419 κατορθώματα,
1491 3351 1684 3421 ἐπειδὴ
1713 3352 1880 3405 σκάνο

267 3438 432 3492 δαλον
457 3438 676 3506 ἐγένετο
697 3442 813 3502 τοῖς
843 3439 1243 3510 ἀπολλυμένοις
1268 3442 1327 3493 τὸ
1355 3445 1590 3513 πρᾶγμα
1617 3445 1712 3497 καὶ
1733 3445 1876 3506 τότε,

274 3531 372 3584 καὶ
401 3531 540 3601 μετὰ
561 3531 756 3594 ταῦτα,
787 3533 881 3584 καὶ
905 3531 1059 3603 παρά
1083 3532 1260 3586 πάντα
1284 3534 1377 3586 τὸν
1406 3536 1600 3604 χρόνον
1623 3553 1636 3600 ;
1666 3538 1777 3590 Καὶ
1796 3537 1882 3600 τίς

273 3623 422 3678 οὕτω
459 3625 822 3694 μαινόμενος,
859 3626 943 3689 τίς
995 3625 1171 3689 οὕτως
1214 3627 1558 3698 ἐξεστηκὼς,
1603 3631 1679 3694 ὠς
1722 3631 1883 3684 τοῦτο

275 3717 486 3781 εἰπεῖν;
509 3717 722 3789 ’Ὠσπερ
743 3715 836 3770 οὖν
859 3718 1095 3771 ἐνταῦθα
1113 3720 1173 3772 οὐ
1196 3721 1323 3784 τοὺς
1347 3722 1883 3794 σκανδαλιζομένους

276 3809 360 3862 δεῖ
389 3807 738 3876 λογίζεσθαι,
774 3811 955 3863 καίτοι
989 3811 1281 3878 τοσούτους
1327 3812 1490 3877 ὄντας
1512 3854 1526 3876 ,
1577 3816 1716 3869 ἀλλά
1756 3821 1883 3882 τοὺς

280 3901 579 3964 σωθέντας,
611 3902 738 3965 τοὺς
763 3901 1221 3972 κατορθώσαντας
1241 3945 1254 3969 ,
1289 3907 1415 3968 τοὺς
1460 3907 1884 3973 ἀπολαύσαντας

278 3994 380 4063 τῆς
409 3991 680 4064 τοσαύτης
711 3995 926 4061 σοφίας·
961 3995 1055 4049 καὶ
1095 3997 1152 4050 οὐ
1190 3998 1296 4068 χρὴ
1322 3997 1524 4067 λέγειν,
1559 4000 1622 4052 Τί
1661 4000 1718 4053 δὲ
1749 4003 1884 4074 πρὸς

279 4085 410 4147 τοὺς
439 4085 967 4151 σκανδαλισθέντας;
1011 4090 1228 4152 ἑαυτοῖς
1283 4090 1392 4160 γὰρ
1435 4091 1502 4143 ἂν
1538 4087 1648 4144 εἶεν
1685 4094 1886 4148 ἐκεῖνοι

281 4177 483 4232 δίκαιοι
522 4177 855 4246 λογίζεσθαι·
890 4180 1035 4234 οὕτω
1075 4181 1138 4252 δὴ
1172 4183 1295 4236 οὐδὲ
1332 4184 1449 4241 νῦν.
1479 4185 1553 4237 Τὸ
1586 4185 1696 4257 γὰρ
1721 4189 1888 4242 σκάν-

282 4269 442 4323 δαλον
478 4271 538 4324 οὐ
571 4272 723 4342 παρὰ
753 4274 854 4343 τὴν
895 4273 1058 4345 φύσιν
1087 4274 1180 4327 τοῦ
1209 4275 1444 4347 σταυροῦ
1474 4277 1727 4346 γέγονεν,
1751 4278 1889 4334 ἀλλὰ

286 4363 440 4432 παρά
455 4362 555 4434 τὴν
580 4364 770 4418 ἄνοιαν
786 4365 895 4417 τῶν
919 4365 1449 4437 σκανδαλιζομένων·
1470 4369 1551 4422 διὸ
1570 4370 1667 4423 καὶ
1691 4371 1889 4440 ἐπάγει

286 4454 317 4506 6
340 4453 572 4518 Παῦλος,
601 4455 816 4522 Αὑτοῖς
837 4457 906 4509 δὲ
927 4456 1053 4523 τοῖς
1072 4458 1342 4525 κλητοῖς,
1363 4459 1677 4526 Ἰουδαίοις
1704 4478 1766 4514 τε
1791 4463 1889 4515 καὶ

293 4545 580 4612 Ἕλλησι,
599 4547 1023 4614 ΧριστὸνΘεοῦ
1051 4547 1312 4617 δύναμιν
1334 4551 1431 4604 καὶ
1458 4551 1608 4605 Θεὸῦ
1639 4553 1888 4621 σοφίαν·

288 4634 412 4688 ἐπεὶ
430 4636 526 4688 καὶ
546 4638 574 4689 6
591 4637 742 4706 ἥλιος
771 4636 1000 4706 βλάπτει
1018 4642 1144 4705 τοὺς
1163 4642 1414 4706 ἀσθενεῖς
1431 4643 1540 4697 τῶν
1568 4644 1888 4716 ὀφθαλμῶν.

289 4727 354 4780 Τί
375 4723 500 4792 οῦν;
531 4729 632 4782 οὐκ
680 4729 786 4782 ἔδει
839 4731 1094 4798 γενέσθαι
1144 4733 1238 4786 τὸν
1281 4735 1471 4806 ῆλιον;
1524 4738 1636 4791 Καὶ
1674 4737 1736 4791 16
1769 4740 1892 4808 μέλι

289 4820 489 4894 πικρὸν
516 4819 885 4888 τοίς’νοσούσι
939 4827 1213 4896 φαίνεται.
1261 4830 1326 4882 Τί
1361 4826 1483 4896 οὗν;
1521 4832 1892 4904 ἀφανισθῆναι

289 4913 400 4967 ἔδει
430 4913 592 4968 τοῦτο
620 4919 685 4969 ἐκ
712 4917 805 4969 τοῦ
834 4918 1036 4988 μέσου;
1064 4920 1226 4974 Αὐτοὶ
1266 4921 1395 4975 δὲοὶ
1425 4924 1736 4989 ἀπόστολοι,
1773 4927 1895 4998 οὐχὶ

289 5011 404 5072 τοῖς
434 5007 533 5078 μὲν
556 5009 701 5080 ὀσμὴ
722 5011 957 5064 θανάτου
985 5016 1066 5077 εἰς
1091 5013 1322 5067 θάνατον
1341 5010 1505 5085 ἦσαν,
1539 5019 1651 5080 τοῖς
1669 5017 1725 5070 δὲ
1748 5019 1894 5090 ὀσμὴ

291 5099 440 5171 ζωῆς
485 5103 565 5164 εἰς
614 5099 794 5172 ζωήν;
853 5105 951 5157 Διά
1001 5107 1128 5169 τοὺς
1182 5106 1594 5176 ἀπολλυμένους
1648 5104 1742 5162 οῦν
1794 5110 1896 5163 οὐκ

293 5191 400 5244 ἔδει
435 5193 562 5254 τοὺς
585 5191 736 5265 [502]
767 5193 974 5260 ζῶντας
1016 5196 1325 5251 ἀπολαῦσαι
1370 5199 1469 5270 τῆς
1500 5199 1773 5269 τοσαύτης
1798 5220 1898 5272 κη-

292 5282 586 5352 δεμονίας;
619 5283 769 5355 Αὕτη
813 5284 869 5339 δὲ
904 5288 935 5358 ή
988 5289 1261 5359 παρουσία
1300 5290 1394 5343 τοῦ
1429 5291 1692 5362 Χριστοῦ,
1733 5295 1764 5363 ἡ
1795 5311 1901 5346 σω-

292 5373 464 5445 τηρία
499 5375 532 5445 ή
571 5376 836 5448 ἡμετέρα,
876 5380 909 5448 ή
945 5380 1096 5450 πηγὴ
1137 5381 1249 5434 τῶν
1287 5382 1530 5450 ἀγαθῶν,
1577 5385 1610 5454 ἡ
1652 5385 1788 5454 ζωὴ,
1831 5385 1899 5439 τὰ

300 5467 473 5538 μυρία
514 5467 694 5535 καλὰ,
747 5469 949 5534 πόσους
1006 5473 1286 5544 ἐϐάρησε,
1343 5475 1546 5539 πόσους
1598 5476 1899 5546 ἀπολογίας

295 5560 644 5632 ἀπεστέρησε
693 5563 788 5614 καὶ
841 5565 1204 5635 συγγνώμης;
1252 5567 1368 5619 Οὐκ
1415 5569 1637 5632 ἀκούεις
1678 5570 1731 5621 τί
1768 5589 1902 5640 φησι

299 5654 430 5724 περὶ
462 5653 572 5705 τῶν
634 5655 901 5708 Ἰουδαίων
946 5659 975 5708 6
1017 5657 1293 5727 Χριστός;
1332 5661 1400 5711 El
1441 5659 1526 5728 μὴ
1563 5657 1758 5728 ἦλθον
1804 5664 1905 5715 καὶ

298 5744 584 5813 ἐλάλησα
637 5746 885 5814 αὐτοῖς,
941 5750 1238 5818 ἁμαρτίαν
1283 5755 1394 5805 οὐκ
1448 5749 1640 5822 εἶχον·
1688 5754 1805 5806 νῦν
1837 5755 1904 5807 δὲ

300 5839 614 5909 πρόφασιν
642 5844 752 5896 οὐκ
785 5843 1000 5912 έχουσι
1034 5845 1168 5913 περὶ
1207 5843 1315 5913 τῆς
1348 5845 1641 5915 ἁμαρτίας
1679 5847 1898 5906 αὐτῶν.

1107 366 1198 420 AD
1239 365 1370 422 EOS
1405 365 1526 432 QUI
1567 363 2079 422 SCANDALIZATI
2125 365 2332 423 SUNT.
2379 367 2508 422 LIB.
2559 365 2764 421 UNUS.

3474 370 3579 426 516

1971 483 2036 534 Τί
2085 477 2212 546 οῦν;
2275 482 2464 552 ἐπειδὴ
2521 483 2910 552 ἀναπολόγητα
2959 484 3148 546 αὐτοῖς
3215 483 3408 552 γέγονε
3441 486 3582 554 μετὰ

1969 574 2068 642 τὴν
2101 573 2407 643 παρουσίαν
2428 573 2497 624 τά
2521 574 2925 644 ἁμαρτήματα,
2951 575 3054 627 οὐκ
3078 574 3183 626 ἔδει
3205 575 3368 628 αὐτὸν
3397 592 3582 646 παρα-

1970 664 2226 732 γενέσθαι
2254 665 2320 717 δι⁹
2357 664 2602 728 ἐκείνους
2651 661 2776 728 τοὺς
2809 666 2998 728 κακῶς
3046 665 3124 736 τῷ
3175 665 3326 737 καλῷ
3366 683 3582 738 χρησα-

1974 757 2204 826 μένους;
2253 758 2363 811 Καὶ
2403 758 2489 820 τίς
2524 757 2591 811 ἂν
2637 758 2809 810 ταῦτα
2843 758 3025 824 etnon;
3061 758 3254 822 Οὐδεὶς
3298 759 3421 812 οὐδέ
3472 759 3581 811 τῶν

1970 847 2180 918 σφόδρα
2216 847 2610 918 ἐξεστηκότων.
2639 849 2706 900 Τί
2727 849 2836 912 δαὶ,
2867 849 2979 903 ἀπὸ
3017 850 3128 902 τῶν
3160 849 3394 922 Γραφῶν
3413 891 3427 914 ,
3458 850 3584 902 εἰπέ

1973 956 2084 1010 μοι,
2110 939 2265 992 πόσοι
2293 935 2834 1012 ἐσκανδαλίσθησαν;
2867 941 3036 994 πόσαι
3059 942 3303 1013 αἱρέσεις
3327 941 3583 994 ἐντεῦθεν

1969 1031 2160 1084 ἔτεκον
2182 1034 2406 1094 ἑαυταῖς
2424 1034 2732 1103 προφάσεις
2750 1051 2763 1096 ;
2784 1034 3210 1102 Ἐξαλειφθῆναι
3235 1030 3330 1087 οὖν
3355 1033 3464 1086 εδει
3481 1032 3584 1092 τὰς

1971 1123 2198 1191 Γραφάς
2228 1123 2315 1176 διὰ
2336 1124 2466 1187 τοὺς
2495 1123 3024 1188 σκανδαλισθέντας,
3053 1124 3085 1194 ἢ
3117 1123 3252 1194 μηδὲ
3275 1125 3374 1194 τὴν
3406 1121 3585 1193 ἀρχὴν

1967 1215 2225 1284 δοθῆναι;
2259 1217 2560 1286 Οὐδαμῶς·
2623 1218 2760 1272 ἀλλά
2819 1217 2916 1270 καὶ
2975 1217 3184 1286 σφόδρα
3235 1216 3454 1285 δοθῆναι
3493 1214 3586 1267 διὰ

1969 1308 2098 1371 τοὺς
2135 1309 2431 1378 μέλλοντας
2459 1310 2810 1381 καρποῦσθαι
2837 1310 2936 1381 τὴν
2966 1312 3062 1363 ἀπ’
3086 1309 3268 1363 αὐτῶν
3283 1309 3580 1379 ὠφέλειαν.

1984 1401 2216 1453 Ἐκεῖνοι
2269 1401 2369 1471 μὲν
2413 1402 2524 1473 γὰρ
2561 1403 2748 1473 (πάλιν
2780 1405 2841 1456 οὐ
2875 1404 3158 1474 παύσομαι
3208 1401 3281 1455 τὰ
3320 1401 3466 1455 αὐτὰ
3495 1401 3585 1454 λέ-

1971 1491 2109 1563 γων)
2145 1493 2363 1556 ἑαυτοῖς
2399 1493 2809 1562 λογιζέσθωσαν
2839 1495 2906 1548 τὰ
2940 1493 3217 1547 σκάνδαλα
3243 1509 3256 1522 ’
3294 1494 3344 1545 οί
3375 1493 3432 1545 δὲ
3459 1492 3589 1563 μέλ-

1972 1583 2158 1647 λοντες
2183 1584 2241 1650 ἐξ
2273 1584 2455 1637 αὐτῶν
2483 1585 2553 1638 τά
2589 1585 2826 1655 μέγιστα
2859 1582 3213 1652 ὠφελεῖσθαι,
3265 1584 3330 1636 οὐ
3373 1584 3473 1654 τὴν
3499 1601 3590 1636 τυο

1973 1676 2177 1746 χοῦσαν
2224 1679 2528 1748 ὑπέμειναν
2576 1678 2644 1731 ἀν
2679 1678 2928 1750 ζημίαν,
2993 1678 3040 1730 εί
3082 1675 3173 1731 διά
3219 1676 3318 1746 τὴν
3378 1675 3588 1747 ἑτέρων

1974 1768 2375 1839 ἀγνωμοσύνην
2411 1770 2506 1822 καὶ
2535 1770 2812 1842 ρᾳθυμίαν
2852 1771 3008 1823 αὐτοὶ
3048 1768 3340 1839 μέλλοντες
3367 1766 3586 1840 κερδαί-

1972 1878 2086 1913 νειν
2124 1860 2203 1930 τῷ
2229 1861 2414 1914 λαϐεῖν
2445 1861 2641 1926 αὐτάς,
2677 1861 3140 1933 ἀπεστερήθησαν
3180 1861 3279 1932 τῆς
3322 1859 3587 1928 τοιαύτης

1974 1953 2266 2022 ὠφελείας.
2318 1955 2411 2026 Μὴ
2445 1955 2624 2008 τοίνυν
2667 1973 2760 2025 μοι
2806 1954 2936 2024 λέγε
2979 1956 3108 2014 τοὺς
3153 1953 3584 2024 ἀπολλυμένους·

1975 2047 2114 2119 ὅπερ
2149 2048 2256 2118 γάρ
2288 2048 2384 2100 καὶ
2409 2047 2467 2100 ἑν
2497 2047 2577 2117 τῷ
2635 2047 2948 2118 ἔμπροσθεν
3000 2042 3154 2098 εἷπον
3205 2045 3376 2114 λόγῳ,
3410 2043 3590 2106 οὐδεὶς

1974 2139 2084 2191 τῶν
2114 2139 2341 2202 ἑαυτοὺς
2391 2139 2469 2209 μὴ
2511 2138 2850 2192 ἀδικούντων
2892 2137 3024 2208 παρ’
3062 2137 3270 2209 ἑτέρων
3317 2136 3591 2190 ἀδικεῖται

1979 2253 2132 2298 ποτε,
2170 2235 2274 2288 κᾶν
2315 2238 2396 2299 είς
2427 2235 2564 2288 αὐτὸ
2598 2235 2660 2287 16
2690 2236 2792 2305 ζῇν
2824 2233 3138 2304 κινδυνεύῃ.

2050 2335 2191 2401 Κεφ.
2221 2339 2315 2397 ις’.
2334 2333 2400 2385 Τί
2422 2332 2529 2403 γὰρ
2547 2332 2576 2384 6
2599 2331 2767 2384 ’Δϐελ
2788 2329 3016 2400 ἐϐλάϐη,
3035 2329 3158 2383 εἰπέ
3182 2347 3294 2398 μοι,
3313 2327 3422 2380 ὐπὸ
3439 2325 3593 2380 ἀδελ-

1978 2431 2149 2502 φικῆς
2175 2431 2525 2502 κατενεχθεὶς
2553 2429 2757 2493 δεξιᾶς,
2793 2428 2890 2481 καὶ
2912 2427 3093 2498 ἄωρον
3122 2427 3219 2480 καὶ
3257 2425 3429 2497 βίαιον
3457 2425 3594 2476 ὐπο-

1981 2529 2172 2600 μείνας
2191 2527 2421 2582 θάνατον
2439 2544 2453 2593 ;
2477 2527 2593 2580 ἀλλ’
2616 2527 2736 2596 οὐχὶ
2765 2525 2968 2597 μᾶλλον
2985 2526 3077 2579 ἐκέ
3085 2527 3265 2596 ρδανε,
3279 2520 3594 2594 λαμπρότε-

1982 2643 2074 2698 ρον
2102 2626 2518 2696 ἀναδησάμενος
2540 2625 2838 2693 στέφανον;
2863 2623 2927 2676 Τί
2945 2623 3002 2676 δέ
3024 2625 3052 2676 6
3067 2620 3288 2686 Ἰακὼϐ,
3303 2618 3594 2674 ότοσαῦτα

1979 2721 2173 2775 παθὼν
2201 2721 2356 2794 παρά
2379 2720 2474 2774 τοῦ
2504 2720 2763 2789 ἀδελφοῦ,
2795 2721 2892 2775 καὶ
2917 2719 3134 2786 ἄπολις,
3156 2720 3250 2772 καὶ
3275 2718 3477 2788 φυγάς,
3498 2717 3594 2770 καὶ

1984 2821 2356 2893 μετανάστης,
2393 2821 2489 2874 καὶ
2528 2819 2719 2884 δοῦλος
2753 2819 3069 2889 γενόμενος,
3104 2817 3198 2870 καὶ
3239 2817 3319 2879 είς
3365 2815 3595 2885 ἔσχατον

1979 2919 2142 2991 λιμὸν
2175 2917 2561 2990 κατενεχθείς;
2601 2916 2666 2970 Τί
2700 2916 2790 2970 δαὶ
2827 2919 2856 2969 6
2883 2915 3106 2986 Ἰωσὴφ,
3140 2915 3344 2985 ὁμοίως
3374 2914 3472 2966 καὶ
3497 2913 3596 2965 αὐ-

1980 3019 2074 3081 τὸς
2103 3017 2319 3081 ἄπολις,
2344 3017 2552 3080 ἄοικος,
2581 3015 2679 3068 καὶ
2710 3013 3086 3084 αἰχμάλωτος,
3125 3012 3222 3066 καὶ
3250 3011 3460 3074 δοῦλος,
3502 3012 3597 3068 καὶ

1980 3114 2273 3186 δεσμώτης
2305 3112 2572 3183 γεγονὼς,
2609 3111 2706 3164 καὶ
2738 3112 2868 3181 περὶ
2898 3109 3006 3162 τῶν
3030 3109 3281 3180 ἐσχάτων
3321 3107 3598 3162 κινδυνεύ-

1987 3229 2107 3276 σας,
2126 3214 2224 3266 καὶ
2251 3214 2309 3264 ἐν
2332 3213 2398 3282 τῇ
2423 3209 2604 3280 οἰκείᾳ
2629 3209 2725 3262 καὶ
2747 3210 2805 3262 ἐν
2829 3209 2896 3278 τῇ
2920 3207 3204 3278 ἀλλοτρία,
3224 3207 3318 3260 καὶ
3338 3204 3600 3268 τοιαύτας

1986 3315 2292 3384 ὑπομείνας
2326 3310 2617 3376 διαϐολάς;
2649 3309 2715 3363 Τί
2747 3309 2837 3362 δαὶ
2864 3311 2893 3362 ὁ
2923 3309 3168 3378 Μωῦσῆς
3201 3307 3308 3361 ὑπὸ
3338 3305 3601 3358 τοσούτου

1986 3410 2161 3480 δήμου
2198 3408 2465 3479 μυριάκις
2492 3406 2911 3471 καταλευσθεὶς,
2938 3406 3032 3458 καὶ
3064 3403 3218 3474 παρά
3241 3403 3351 3456 τῶν
3375 3401 3602 3472 εὐεργε-

1985 3508 2264 3578 τηθέντων
2301 3504 2749 3572 ἐπιϐουλευθείς;
2784 3503 2849 3555 Τί
2891 3504 2980 3557 δαὶ
3011 3506 3058 3555 οἱ
3087 3502 3367 3573 προφῆται
3402 3501 3604 3561 πάντες

1987 3605 2232 3658 τοσαῦτα
2263 3603 2418 3675 παρὰ
2445 3602 2555 3655 τῶν
2591 3602 2866 3655 Ἰουδαίων
2898 3600 3168 3664 παθόντες
3196 3600 3382 3662 κακὰς
3413 3597 3479 3650 Τί
3515 3597 3606 3650 δαὶ

1988 3706 2016 3756 6
2057 3702 2200 3768 Ἰὼϐ,
2243 3702 2348 3755 ὐπὸ
2387 3701 2482 3755 τοῦ
2533 3699 2786 3753 διαϐόλου
2827 3700 3053 3770 μυρίαις
3119 3698 3392 3769 μηχαναῖς
3447 3694 3608 3746 πολε-

1993 3799 2226 3872 μηθείς;
2258 3801 2322 3852 Τί
2363 3799 2452 3852 δαὶ
2478 3801 2528 3852 οἰ
2560 3798 2752 3861 παῖδες
2788 3799 2838 3850 οἱ
2868 3800 3054 3869 τρεῖς;
3095 3797 3160 3849 Τί
3195 3797 3282 3848 δαὶ
3322 3797 3350 3848 6
3381 3792 3604 3864 Δανιὴλ,

1993 3897 2123 3964 περὶ
2152 3897 2324 3967 ζωῆς,
2358 3899 2490 3969 περὶ
2524 3897 2865 3970 ἐλευθερίας,
2899 3898 3029 3966 περὶ
3057 3896 3170 3949 τῶν
3205 3896 3453 3966 ἐσχάτων
3487 3912 3607 3948 κιν-

1990 3995 2260 4058 δυνεύσας
2281 3996 2466 4049 αὐτῶν
2489 4015 2502 4063 ;
2524 3997 2589 4049 Τί
2609 3997 2696 4049 δαὶ
2717 3999 2746 4049 6
2770 3997 2959 4059 Ἠλίας
2984 3996 3192 4066 ἐσχάτῃ
3215 3995 3378 4064 πενίᾳ
3405 3993 3608 4058 συζῶν,

1993 4093 2381 4164 ἐλαυνόμενος,
2405 4094 2784 4164 δραπετεύων,
2807 4094 2908 4158 τὰς
2935 4095 3180 4164 ἐρήμους
3213 4091 3400 4156 οἰκῶν,
3427 4092 3609 4161 φυγὰς

1993 4196 2085 4248 ἀεὶ
2140 4195 2235 4246 καὶ
2286 4195 2636 4264 μετανάστης
2688 4193 3022 4268 γινόμενος;
3079 4192 3143 4244 Τί
3201 4191 3291 4244 δαὶ
3337 4190 3610 4255 όιΔαυῖδ,

1993 4292 2238 4346 τοσαῦτα
2289 4293 2390 4362 μὲν
2425 4292 2579 4362 παρὰ
2611 4291 2707 4345 τοῦ
2743 4292 2920 4345 Σαοὺλ
2942 4330 2957 4355 ,
2993 4290 3236 4344 τοσαῦτα
3280 4290 3337 4342 δέ
3379 4289 3612 4361 ὕστερον

1997 4373 2153 4461 παρὰ
2182 4388 2276 4442 τοῦ
2305 4389 2437 4442 ἰδίου
2466 4389 2658 4452 παιδὸς
2688 4387 2881 4442 παθών
2902 4405 2916 4455 ;
2941 4387 3063 4458 οὐχὶ
3091 4386 3292 4458 μᾶλλον
3314 4386 3611 4457 διέλαμψε,

1994 4490 2066 4542 τὰ
2090 4488 2295 4559 ἔσχατα
2330 4489 2560 4558 πάσχων
2595 4487 2763 4553 κακά,
2798 4489 2831 4558 ἢ
2858 4489 2947 4541 ὅτε
2980 4486 3290 4558 εὐημερίας
3323 4485 3612 4556 ἀπήλαυε;

2001 4587 2066 4640 Τί
2099 4585 2187 4640 δαὶ
2215 4589 2243 4639 ὁ
2279 4587 2538 4656 Ἰωάννης
2566 4584 2946 4654 ἀποτμηθείς;
2979 4585 3045 4636 Τί
3078 4585 3169 4637 δαὶ
3205 4586 3254 4636 οἰ
3296 4583 3612 4652 ἀπόστολοι,

1998 4689 2048 4740 οἱ
2083 4688 2182 4757 μὲν
2211 4685 2654 4757 ἀποτμηθέντες,
2679 4686 2728 4738 οἱ
2755 4685 2812 4738 δέ
2846 4683 3064 4756 ἑτέραις
3092 4685 3394 4754 τιμωρίαις
3433 4701 3617 4755 παρα-

1999 4786 2249 4848 δοθέντες
2275 4802 2289 4851 ;
2315 4785 2379 4836 Τί
2407 4783 2498 4837 δαὶ
2523 4784 2572 4836 οἰ
2605 4785 2907 4854 μάρτυρες,
2931 4785 2980 4834 οἱ
3001 4782 3204 4846 δειναῖς
3231 4782 3489 4852 βασάνοις
3512 4782 3614 4853 τὴν

1999 4887 2183 4958 ψυχὴν
2206 4883 2658 4956 ἀπορρήξαντες;
2685 4883 2808 4952 οὐχὶ
2831 4883 3034 4944 πάντες
3057 4877 3202 4935 οῦτοι
3223 4883 3348 4934 τότε
3375 4882 3614 4952 μάλιστα

2004 4983 2281 5054 ἔλαμψαν,
2315 4983 2404 5035 ὅτε
2451 4980 2858 5051 ἑπηρεάζοντο;
2891 4980 2982 5031 ὅτε
3025 4978 3489 5046 ἐπεϐουλεύοντο;
3522 4980 3614 5032 ὅτε

2004 5083 2075 5136 τά
2102 5082 2312 5151 ἔσχατα
2341 5081 2650 5149 πάσχοντες
2678 5076 2948 5145 γενναίως
2973 5077 3362 5146 είστήκεισαν;

2078 5182 2220 5249 Κεφ.
2254 5179 2340 5243 ιζ’.
2376 5180 2479 5232 Τὸν
2498 5179 2554 5232 δέ
2577 5177 2755 5231 κοινὸν
2777 5179 2808 5247 ή
2819 5176 2936 5247 μῶν
2960 5178 3244 5248 Δεσπότην
3276 5178 3363 5231 διὰ
3387 5177 3456 5232 τὰ
3479 5179 3614 5232 ἄλλα

2010 5281 2189 5334 πάντα
2212 5277 2606 5350 ἀνυμνοῦντες,
2643 5277 2702 5330 οὐ
2731 5276 2819 5330 διὰ
2844 5275 3003 5343 τοῦτο
3034 5276 3274 5346 μάλιστα
3305 5277 3457 5350 [505]
3490 5281 3619 5331 ἀνυ-

2013 5378 2147 5448 μνοῦ
2157 5395 2277 5449 μεν,
2291 5377 2628 5442 δοξάζοντες,
2647 5374 3081 5445 ἐκπληττόμενοι
3096 5387 3119 5414 ει
3138 5374 3228 5427 διὰ
3243 5375 3333 5427 τὸν
3359 5393 3492 5428 σταυ
3503 5376 3618 5446 ρὸν,

2008 5479 2098 5530 διὰ
2122 5478 2212 5534 τὸν
2240 5477 2473 5531 θάνατον
2493 5475 2702 5527 ἐκεῖνον
2729 5477 2820 5526 τὸν
2847 5473 3124 5543 ἐπάρατον
3153 5489 3168 5538 ;
3202 5472 3280 5525 Οὐ
3309 5471 3471 5524 τοῦτο
3500 5474 3615 5526 ἄνω

2013 5579 2110 5632 καὶ
2131 5578 2283 5631 κάτω
2306 5594 2371 5646 ση
2383 5578 2533 5646 μεῖον
2549 5576 2575 5626 6
2589 5572 2803 5635 Παῦλος
2826 5574 3062 5624 ποιεῖται
3087 5571 3187 5640 τῆς
3209 5571 3433 5640 ἀγάπης
3450 5573 3620 5624 αὐτοῦ

2009 5678 2112 5748 τῆς
2142 5677 2273 5748 περὶ
2297 5678 2329 5746 ή
2340 5675 2470 5745 μᾶς,
2492 5670 2554 5725 16
2579 5671 2876 5725 ἀποθανεῖν
2897 5689 2911 5735 ;
2938 5670 2996 5722 τὸ
3026 5671 3167 5740 ὑπὲρ
3193 5668 3455 5720 τοιούτων
3477 5667 3618 5718 ἀπο-

2077 5801 2100 5827 ³
2131 5799 2226 5846 Alii
2255 5799 2332 5844 διὰ
2371 5795 2516 5845 τοῦτο
2557 5796 2736 5855 μᾶλλον
2783 5793 3100 5853 θαυμάζομεν,
3145 5789 3415 5842 δοξάζοντες
3439 5786 3518 5836 καὶ
3541 5785 3622 5833 ἐκ-

2011 5860 2344 5923 πληττόμενοι.
