4050 6426
499 374 599 432 8ίῖ

498 489 714 555 θανεῖνς
739 492 832 545 καὶ
862 490 1058 560 παρεὶς
1086 479 1262 546 εἰπεῖν
1281 493 1374 547 τὸν
1409 493 1659 565 οὐρανὸν,
1691 495 1791 565 τὴν
1825 493 1950 563 γῆν,
1975 491 2076 561 τὴν

499 577 790 642 θάλατταν,
810 577 880 633 τὰ
920 578 1056 633 ἄλλα
1090 579 1295 643 πάντα,
1329 581 1475 652 ἆπερ
1503 581 1757 651 ιποίησεν
1783 581 1812 634 δ
1843 579 2078 651 Χριστὸς

497 665 580 728 είς
607 665 796 738 χρείαν
819 663 978 735 ἡμῶν
1005 665 1099 719 καὶ
1128 667 1458 734 ἀνάπαυσιν,
1481 667 1594 721 άνω
1624 668 1719 721 καλ⁸
1741 667 1894 721 κάτω
1924 683 2077 735 περι-

501 753 722 824 στρέφει
765 753 856 805 τὸν
902 753 1132 826 σταυρὸν
1152 795 1171 822 ,
1201 754 1374 824 λέγων
1393 769 1409 784 ο
1450 755 1804 824 Συνέστησε
1857 753 1926 808 δὲ
1959 753 2076 822 τὴν

497 840 718 896 ἑαυτοῦ
751 841 994 912 ἀγάπην
1033 845 1068 898 ό
1107 844 1252 910 Θεὸς
1292 847 1379 910 εἰς
1399 843 1590 914 ἡμᾶς,
1625 843 1736 908 ὅτι,
1768 844 1857 899 ἔτι
1886 844 2074 914 ἀμαρ-

497 927 704 982 τωλῶν
721 929 912 984 ὄντων
928 929 1116 1001 ἡμῶν,
1139 931 1392 999 Χριστὸς
1413 929 1564 1000 ὑπὲρ
1587 929 1754 1001 ἡμῶν
1777 930 2039 986 ἀπέθανε
2055 944 2072 960 ⁸

498 1015 593 1068 καὶ
631 1014 882 1069 ἐντεῦθεν
920 1018 1050 1088 ἡμῖν
1085 1016 1328 1089 χρηστάς
1372 1017 1641 1072 ὑποτείνει
1672 1017 1774 1082 τὰς
1819 1017 2073 1080 ἐλπίδας,

494 1099 704 1168 λέγων·
744 1103 815 1156 Εἰ
859 1104 970 1171 γὰρ
1026 1102 1228 1171 ἐχθροί
1280 1102 1453 1170 ὄντες
1496 1104 1959 1175 κατηλλάγημεν
1989 1102 2071 1168 τῷ

499 1185 623 1262 Θεῷ
657 1187 754 1243 διὰ
790 1189 896 1243 τοῦ
944 1189 1204 1245 θανάτου
1239 1190 1346 1244 τοῦ
1409 1191 1547 1245 Υίοῦ
1589 1191 1776 1246 αὐτοῦ
1799 1233 1814 1254 .
1861 1189 2072 1256 πολλῷ

492 1273 733 1343 μᾶλλον
765 1276 1243 1347 καταλλαγέντες
1295 1280 1688 1349 σωθησόμεθα
1731 1279 1804 1332 ἐν
1852 1277 1928 1347 τῇ
1955 1276 2070 1345 ζωῇ

495 1361 722 1426 αὐτοῦς
751 1363 865 1418 Οὐκ
907 1361 1001 1416 έπὶ
1041 1365 1218 1435 τούτῳ
1252 1364 1486 1436 μάλιστα
1516 1368 1612 1420 καὶ
1649 1365 1813 1429 αὐτὸς
1857 1366 2069 1420 καλλω-

497 1449 735 1522 πίζεται,
771 1451 868 1504 καὶ
896 1451 1039 1521 μέγα
1065 1454 1272 1521 φρονεῖ,
1309 1454 1401 1504 καὶ
1424 1452 1642 1522 σκιρτᾷ,
1672 1451 1766 1504 καὶ
1794 1450 2070 1504 πέτατκιι

496 1535 604 1588 ὑπὸ
631 1536 730 1606 τῆς
769 1538 984 1609 ἡδονῆς,
1015 1538 1282 1602 Γαλάταις
1319 1537 1546 1608 γράφων
1580 1537 1773 1602 οὕτως,
1808 1537 1970 1606 Ἐμοὶ
2001 1535 2073 1592 δὲ

495 1623 578 1693 μὴ
610 1623 842 1692 γένοιτο
873 1625 1233 1694 καυχᾶσθαι,
1262 1627 1316 1680 εἰ
1336 1625 1422 1696 μὴ
1455 1625 1527 1679 ἐν
1563 1624 1644 1692 τῷ
1679 1623 1920 1694 σταιῳῷ
1964 1625 2070 1680 τοῦ

493 1713 716 1779 Κυρίου
742 1710 913 1781 ἡμῶν
963 1711 1158 1780 Ἰησοῦ
1190 1713 1488 1781 Χριστοῦς
1519 1713 1627 1766 Kal
1654 1712 1707 1766 τί
1747 1712 2068 1783 θαυμάζεις,

495 1800 545 1851 εἰ
575 1798 786 1862 Παῦλος
817 1799 911 1854 ἐπὶ
941 1800 1116 1871 τούτῳ
1167 1802 1366 1873 σκιρτᾷ
1403 1802 1498 1855 xal
1548 1801 1692 1874 πηδᾷ
1724 1803 1819 1856 καὶ
1856 1799 2070 1854 καλλω-

493 1885 752 1951 πίζεταις
806 1887 979 1951 Αὐτὸς
1017 1889 1046 1940 ό
1071 1886 1244 1942 ταῦτα
1278 1887 1486 1952 παθὼν,
1528 1887 1686 1955 δόξαν
1725 1888 1788 1942 τὸ
1833 1889 2071 1959 πρᾶγμα

493 1971 671 2026 καλεῖ.
700 1973 892 2041 Πάτερ
920 1975 1048 2046 γὰρ,
1085 1977 1269 2046 φησὶν,
1297 1975 1600 2043 ἐλήλυθεν
1637 1977 1678 2045 ἠ
1720 1975 1862 2046 ὥρα,
1892 1977 2070 2041 δόξα-

492 2060 612 2112 σόν
639 2076 755 2114 σου
788 2061 898 2115 τὸν
923 2063 1074 2117 Υίόν.
1104 2064 1210 2118 Kal
1238 2065 1266 2117 ό
1301 2063 1544 2136 μαθητὴς
1573 2063 1630 2118 δὲ
1656 2065 1697 2122 ὁ.
1722 2063 1897 2118 ταῦτα
1930 2064 2068 2136 γρά-

491 2145 599 2214 ψας
621 2147 793 2212 οὕτως
821 2149 1006 2222 ἔλεγεν
1029 2167 1042 2180 ·
1062 2152 1237 2206 Οὔπω
1256 2153 1368 2222 γὰρ
1394 2149 1473 2224 ἦν
1496 2154 1566 2207 ἐν
1593 2153 1799 2219 αὐτοῖς
1826 2153 2070 2223 Πνεῦμα

491 2233 683 2304 ἅγιον,
717 2235 808 2293 ὅτι
841 2237 1078 2307 Ἰησοῦς
1101 2239 1336 2295 οὐδέπω
1355 2241 1680 2310 ἐδοξάσθη,
1702 2242 1861 2309 δόξαν
1885 2243 2068 2298 καλῶν
2110 2268 2117 2273 ·

489 2323 582 2374 τὸν
609 2323 864 2395 σταυρόν.
893 2325 1024 2381 Ὅτε
1047 2326 1105 2380 δὲ
1133 2327 1299 2382 αὑτοῦ
1330 2328 1429 2400 τὴν
1462 2330 1685 2398 ἀγάπην
1716 2331 2068 2401 παραστῆσαι

490 2409 793 2483 ἐϐουλήθη,
839 2414 936 2468 καὶ
974 2415 1134 2479 αὐτὸς
1182 2416 1238 2470 τί
1283 2411 1435 2483 εἶπες
1493 2420 1732 2489 σημεῖα,
1775 2418 2066 2489 θαύματα,

489 2498 750 2569 τεράστιά
767 2515 885 2552 τινα
909 2515 924 2566 ;
952 2501 1236 2573 Οὐδαμῶς,
1264 2503 1402 2557 άλλά
1418 2504 1508 2560 τδν
1537 2506 1770 2577 σταυρὸν
1794 2507 1874 2570 εἰς
1905 2506 2070 2576 μέσον

488 2584 670 2656 φέρει,
707 2586 912 2654 λέγων·
950 2588 1149 2656 οὕτως
1193 2590 1516 2660 ἠγάπησεν
1543 2597 1575 2648 ό
1625 2593 1771 2658 Θεὸς
1819 2595 1928 2649 τὸν
1963 2595 2067 2650 κό-

404 2719 412 2728 .
487 2689 668 2741 σμον,
695 2673 785 2728 ὅτι
815 2675 925 2730 τὸν
965 2676 1102 2730 Υίὸν
1133 2678 1323 2732 αὐτοῦ
1360 2680 1468 2732 τὸν
1492 2680 1794 2753 μονογενῆ
1821 2682 2066 2750 ἔδωκεν,

487 2759 589 2812 ἵνα
626 2758 745 2826 πᾶς
790 2765 825 2814 ό
867 2765 1170 2818 πιστεύων
1211 2765 1306 2819 ἐπ’
1359 2768 1547 2820 αὑτὸν
1564 2807 1580 2832 ,
1624 2768 1713 2839 μὴ
1745 2771 2066 2840 ἀπόληται,

485 2847 626 2904 ἀλλ’
652 2849 763 2918 ἔχῃ
790 2847 946 2919 ζωὴν
975 2851 1238 2908 αίώνιον.
1261 2855 1373 2908 Kal
1402 2854 1614 2919 Παῦλος
1642 2857 1838 2911 πάλιν·
1870 2858 1973 2926 “Oc
1997 2876 2066 2930 τε

485 2934 595 2989 τοῦ
637 2935 790 2991 ἰδίου
845 2937 983 2992 Υίοῦ
1034 2944 1147 2996 οὐκ
1179 2942 1462 3010 ἐφείσατο
1482 2985 1496 3009 ,
1536 2944 1673 3000 ἀλλ’
1711 2945 1866 3014 ὑπὲρ
1897 2947 2066 3016 ἡμῶν

485 3021 732 3078 πάντων
777 3025 1120 3093 παρέδωκεν
1167 3027 1377 3092 αὐτὸν,
1424 3029 1550 3096 πῶς
1605 3033 1742 3101 οὐχί
1796 3033 1896 3088 καί
1943 3034 2066 3089 σὺν

483 3107 646 3174 αὺτῷ
676 3111 750 3165 τὰ
775 3111 974 3166 πάντα
1005 3114 1152 3184 ἡμῖν
1177 3117 1524 3185 χαρίσεταις
1563 3119 1672 3173 Kal
1699 3122 1780 3183 εἰς
1807 3137 2066 3175 ταπεινοο

487 3195 762 3269 φροσύνην
795 3198 852 3252 δὲ
872 3199 1003 3254 ὅταν
1023 3203 1217 3273 ὲνάγῃ,
1252 3202 1505 3258 ἐντεῦθεν
1532 3205 1932 3272 κατασκευάζει
1966 3209 2066 3278 τὴν

483 3284 841 3352 παραίνεσιν,
876 3285 1022 3341 οὕτω
1068 3287 1278 3357 λέγων’
1325 3291 1400 3345 Et
1444 3308 1534 3358 τις
1572 3292 1956 3363 παράκλησις
1993 3295 2065 3349 ἐν

484 3365 736 3437 Χριστῷ,
764 3373 821 3428 ει
842 3390 898 3428 τι
921 3377 1302 3445 παραμύθιον
1321 3377 1580 3446 ἀγάπης,
1600 3381 1657 3433 ει
1678 3397 1768 3446 τις
1785 3381 2064 3435 κοινωνία

481 3457 853 3527 Πνεύματος,
872 3462 927 3514 εί
952 3477 1086 3516 τινα
1109 3463 1436 3534 σπλάγχνα
1455 3467 1552 3522 καί
1575 3468 1878 3538 οἰκτιρμοί,
1911 3473 2064 3538 πλη-

479 3543 717 3611 ρώσατέ
759 3564 878 3616 μου
908 3547 1022 3617 τὴν
1065 3549 1281 3618 χαρὰν,
1315 3551 1417 3604 ἵνα
1467 3553 1533 3606 τὸ
1579 3553 1727 3607 αὑτύ
1776 3554 2062 3624 φρονῆτε,

482 3633 600 3700 τὴν
623 3633 820 3704 αὐτὴν
845 3635 1087 3705 ἀγάπην
1105 3637 1354 3705 ἔχοντες
1377 3641 1710 3710 σύμψυχοι,
1745 3643 1808 3696 τὸ
1836 3641 1907 3696 ἐν
1929 3660 2067 3713 φρο-

481 3718 754 3789 νοῦντες,
773 3723 968 3791 μηδὲν
992 3725 1118 3779 κατ’
1145 3726 1408 3793 ἐρίθειαν
1431 3727 1468 3797 ἡ
1498 3729 1873 3798 κενοδοξίαν,
1900 3731 2064 3786 ἀλλὰ

483 3806 559 3876 τῇ
580 3814 1099 3882 ταπεινοφροσύνῃ
1115 3815 1428 3884 ἀλλήλους
1441 3823 1878 3888 προηγούμενοι
1894 3822 2064 3890 ὑπερ-

481 3895 738 3966 έχοντας
755 3897 1006 3952 ἑαυτῶν.
1022 3897 1155 3956 Εἶτα
1175 3902 1412 3970 εἰσάγων
1425 3903 1525 3976 τὴν
1547 3905 1878 3979 συμϐουλὴν,
1897 3909 2031 3980 φησί
2045 3925 2058 3937 ·

487 3983 669 4039 Τοῦτο
710 3985 820 4054 γὰρ
864 3989 1198 4056 φρονείσθω
1223 3997 1294 4042 εν
1330 3987 1494 4060 ὑμῖν,
1534 3991 1566 4044 ὃ
1599 3993 1699 4044 καὶ
1733 3993 1802 4045 ἐν
1827 3992 2064 4062 Χριστῷ

496 4069 722 4138 Ἰησοῦ,
742 4070 811 4137 ὃς
829 4071 898 4125 ἐν
911 4073 1115 4143 μορφῇ
1130 4075 1282 4129 Θεοῦ
1300 4075 1606 4146 ὑπάρχων,
1620 4080 1733 4148 οὐχ
1749 4079 2065 4150 ἁρπαγμὸν

483 4157 758 4229 ἡγήσατο
787 4160 854 4214 τὸ
880 4156 1033 4214 εἶναι
1059 4162 1166 4216 lora
1193 4161 1335 4228 Θεῷ,
1362 4165 1498 4220 ἀλλ’
1523 4166 1743 4222 ἑαυτὸν
1777 4167 2058 4236 ἐκένωσε,

478 4246 724 4315 μορφὴν
759 4246 986 4302 δούλου
1031 4249 1252 4316 λαϐὼν,
1296 4252 1366 4304 ἐν
1403 4251 1717 4323 ὁμοιώματι
1747 4255 2060 4324 ἀνθρώπου

483 4335 822 4405 γενόμενος,
843 4338 941 4392 καί
962 4339 1032 4392 ἐν
1052 4340 1315 4410 σχήματι
1334 4344 1597 4410 εὑρεθεὶς
1611 4346 1693 4410 ὼς
1713 4343 2023 4414 ἄνθρωπος
2041 4363 2054 4376 ·

479 4423 886 4479 ἐταπείνωσεν
925 4426 1176 4494 ἑαυτὸν,
1231 4429 1551 4500 γενόμενος
1579 4431 1850 4499 ὑπήκοος
1881 4432 2061 4502 μέχρι

482 4514 766 4577 θανάτου,
796 4513 1056 4570 θανάτου
1086 4515 1156 4570 δὲ
1198 4519 1488 4587 σταυροῦ.
1526 4520 1638 4573 Kal
1672 4522 1799 4591 περὶ
1837 4522 2059 4593 ἀγάπης

480 4596 536 4648 δὲ
585 4596 747 4650 πάλιν
799 4599 1183 4668 συμϐουλεύων
1221 4603 1380 4656 τοῦτο
1433 4606 1506 4667 είς
1571 4605 1737 4674 μέσον
1791 4607 2055 4676 παράγει,

493 4679 806 4747 Ἀγαπιῑτε,
851 4681 1056 4749 λέγων,
1099 4684 1433 4753 ἀλλήλους,
1475 4687 1665 4755 καθὼς
1706 4691 1806 4744 καί
1852 4693 1885 4744 ό
1930 4693 2059 4758 Χρι-

479 4762 628 4829 στὸς
684 4765 1005 4834 ἠγάπησεν
1055 4767 1207 4837 ἡμᾶς
1271 4771 1372 4825 καί
1430 4773 1649 4828 ἑαυτὸν
1713 4774 2058 4844 παρέδωκεν

477 4850 633 4920 ὑπὲρ
685 4852 854 4920 ήμῶν
904 4856 1258 4924 προσφορὰν
1289 4861 1387 4913 καί
1436 4862 1652 4916 θυσίαν
1701 4863 1779 4930 τῷ
1822 4862 1944 4929 Θεῷ
1972 4867 2058 4932 εἰς

479 4939 686 5008 ὀσμὴν
712 4941 984 5008 εὐωδίας.
1021 4944 1130 4998 Kal
1169 4948 1436 5013 γυναῖκας
1469 4948 1757 5004 συνάπτων
1797 4951 2056 5023 ἀνδράσιν

479 5026 562 5088 εἰς
589 5026 862 5095 ὁμόνοιαν,
887 5029 1030 5082 οὕτω
1071 5028 1253 5099 λέγει·
1281 5034 1346 5085 Ol
1385 5031 1622 5102 ἄνδρες,
1647 5037 1914 5107 ἀγαπᾶτε
1952 5039 2058 5108 τὰς

479 5109 766 5192 γυναῖκας
796 5109 1046 5176 ἑαυτῶν,
1069 5113 1265 5181 καθὼς
1292 5115 1394 5168 καὶ
1429 5120 1463 5172 ό
1488 5119 1742 5187 Χριστὸς
1777 5121 2058 5192 ἠγάπησε

479 5190 1042 5277 τὴνᾳἘκκλησίαν,
1106 5201 1205 5253 καί
1248 5200 1595 5269 παρέδωκεν
1643 5190 1864 5259 ἑαυτὸν
1906 5190 2058 5277 ὑπὲρ

477 5274 692 5343 αὐτῆς.
734 5278 844 5364 Kal
872 5280 1033 5364 αὐτος
1070 5281 1128 5334 δὲ
1153 5282 1366 5347 δεικνὺς
1394 5285 1511 5350 πῶς
1550 5288 1700 5360 αὐτῷ
1729 5289 1790 5342 τὸ
1825 5274 2057 5364 πρᾶγμα

478 5359 947 5447 περισπούδαστον
983 5357 1072 5432 ἦν,
1098 5365 1191 5418 καὶ
1232 5374 1348 5431 πῶς
1572 5357 1774 5444 σφόδρα
1810 5357 1920 5447 ἦρα
1951 5357 2056 5430 *τοῦ

478 5442 707 5532 πάθοιὲς,
743 5443 834 5532 τὸν
862 5447 1095 5532 πρῶτον
1127 5449 1236 5504 τῶν
1278 5452 1626 5522 ἀποστόλων,
1670 5442 1772 5526 τὴν
1815 5442 2058 5532 κρηπῖδα

475 5527 576 5616 τῆς
600 5525 961 5616 ΣΕκκλησίας,
996 5533 1089 5585 τὸν
1136 5540 1434 5606 κορυφαῖον
1471 5540 1566 5592 τοῦ
1605 5543 1768 5614 χοροῦ
1802 5525 1922 5597 τῶν
1955 5564 2057 5616 μα-

480 5611 683 5702 θητῶν,
713 5617 1003 5694 καὶταῦτα
1037 5620 1098 5684 ἐξ
1145 5623 1371 5690 ἀγνοίας
1418 5611 1898 5698 εἰπόνταξἼλεώς
1931 5611 2053 5702 σοι,

479 5698 678 5762 Κύριε.
699 5703 770 5754 οὐ
794 5702 880 5772 μὴ
899 5704 1067 5760 ἔσται
1085 5724 1181 5765 σοι
1209 5709 1408 5777 τοῦτο,
1440 5713 1669 5769 ἄκουσον
1687 5717 1737 5770 τί
1759 5718 2016 5774 ἐκάλεσεν
2038 5698 2051 5752 λ

537 5796 563 5826 ⁸
587 5798 689 5853 Alii
708 5803 914 5855 πέτεται.

1163 372 1223 428 S.
1257 371 1547 430 JOANNIS
1578 370 2068 431 CHRYSOSTOMI
2101 371 2428 434 ARCHIEP.
2470 377 3019 439 CONSTANTINOP.

3659 385 3776 439 518

2183 496 2402 567 Ὕπαγε
2422 497 2618 553 ὀπίσω
2633 516 2775 569 μου,
2801 497 3060 564 Σατανᾶ,
3083 497 3436 554 σκάνδαλον
3448 515 3574 568 μου
3595 496 3682 554 εἷ’
3700 503 3776 572 τῇ

2178 588 2279 641 ύπε
2287 589 2452 660 ρϐολῇ
2466 590 2566 660 τῆς
2579 589 2793 662 ὕϐρεώς
2812 609 2871 645 τε
2889 593 2986 646 καὶ
3001 591 3103 662 τῆς
3117 591 3496 663 ἐπιτιμήσεως
3516 591 3622 664 τὴν
3637 591 3776 645 πολ-

2178 678 2274 750 λὴν
2291 680 2420 750 περὶ
2434 681 2496 734 τὸ
2519 683 2752 752 πρᾶγμα
2770 682 2936 736 αὑτοῦ
2955 682 3198 754 σπουδὴν
3213 682 3456 737 ὲνδεικνύ
3465 681 3775 754 μενοςλίαὶ

2174 768 2274 839 τὴν
2306 770 2404 840 μὲν
2430 767 2728 825 ἀνάστασιν
2753 771 2936 844 λάθρα
2966 773 3060 827 καὶ
3083 775 3143 826 έν
3171 772 3510 846 παραϐύστῳ
3535 773 3775 843 πεποίη-

2177 876 2293 925 κεν,
2325 861 2834 934 έπιτρέπωναύτῆς
2863 866 2962 935 τὴν
2999 864 3275 930 ἀπόδειξιν
3307 865 3387 936 τῷ
3421 864 3564 936 μετὰ
3587 863 3774 918 ταῦτα

2175 952 2354 1024 χρόνῳ
2384 955 2582 1008 παντί·
2613 956 2706 1010 τὸν
2739 956 2798 1010 δὲ
2845 957 3080 1026 σταυρὸν
3119 959 3180 1012 ὲν
3224 957 3370 1030 μέσῃ
3398 959 3464 1028 τῇ
3498 955 3680 1016 πόλει,
3711 957 3774 1008 ἐν

2180 1041 2324 1116 μέσῃ
2374 1045 2441 1114 τῇ
2485 1045 2671 1117 ἑορτῇ,
2701 1047 2758 1100 ὲν
2812 1047 2966 1118 μέσῳ
3012 1045 3092 1117 τῷ
3117 1045 3277 1118 δήμῳ
3319 1044 3429 1099 τῶν
3463 1044 3771 1110 Ἰουδαίων,

2175 1133 2454 1204 ἑκατέρων
2477 1133 2589 1187 τῶν
2611 1135 2978 1207 δικαστηρίων
3008 1135 3318 1206 παρόντων,
3343 1132 3677 1203 Ῥωμαϊκῶν
3707 1150 3771 1186 τε

2175 1224 2272 1278 καὶ
2310 1224 2620 1279 Ἰουδαϊκῶν
2639 1265 2655 1290 ,
2689 1227 2792 1297 τῆς
2832 1227 3024 1298 ἑορτῆς
3061 1226 3268 1290 πάντας
3302 1224 3674 1295 συναγούσης,
3711 1228 3773 1279 ἐν

2172 1315 2357 1388 ἡμέρᾳ
2383 1315 2544 1390 μέσῃ,
2577 1319 2636 1370 ὲν
2669 1317 2835 1388 κοινῷ
2863 1317 2965 1389 τῆς
3005 1318 3336 1389 οἰκουμένης
3375 1316 3594 1386 θεάτρῳ
3631 1317 3772 1370 ὺπέ-

2177 1423 2350 1477 μεινε.
2379 1409 2492 1462 Kal
2513 1408 2702 1479 ἐπειδὴ
2723 1411 2774 1462 οἰ
2815 1409 3087 1480 παρόντες
3119 1409 3280 1480 μόνον
3310 1409 3498 1480 ἑώρων
3528 1407 3591 1459 τὸ
3625 1407 3772 1475 γινό-

2177 1513 2359 1567 μενον,
2397 1497 2629 1564 ἐπέταξε
2670 1499 2750 1570 τῷ
2783 1499 2920 1570 ¹ἡλίῳ
2951 1498 3210 1571 κρυϐέντι
3243 1498 3524 1570 πανταχοῦ
3555 1499 3660 1568 τῆς
3689 1499 3770 1551 οἰ-

2173 1587 2448 1660 κουμένης
2494 1590 2826 1660 ἀπαγγεῖλαι
2865 1591 2926 1644 τὸ
2958 1590 3236 1662 τόλμημα.
3283 1590 3480 1646 Καίτοι
3519 1589 3766 1654 πολλοῖς,

2170 1681 2310 1753 ὅπερ
2347 1680 2518 1753 ἔφθην
2545 1683 2748 1750 εἰπὼν,
2783 1682 3081 1738 σκάνδαλον
3129 1683 3193 1736 τὸ
3236 1682 3472 1754 πρᾶγμα
3503 1681 3764 1751 ἐγίνετο·

2171 1769 2288 1824 ἀλλ’
2321 1771 2384 1823 οὐ
2404 1771 2486 1826 δεῖ
2503 1773 2720 1836 τούτοις
2753 1772 3066 1843 προσέχειν,
3102 1771 3238 1826 ἀλλὰ
3265 1774 3377 1836 τοῖς
3406 1769 3765 1842 σωζομένοις,

2171 1862 2284 1923 τοῖς
2321 1859 2735 1932 κατωρθωκόσι,
2766 1863 2876 1915 Kal
2901 1861 2953 1914 τί
2977 1861 3305 1932 θαυμάζεις,
3337 1863 3385 1914 εἰ
3419 1862 3478 1914 έν
3505 1861 3587 1932 τῷ
3622 1877 3774 1934 παρ-

2169 1949 2283 2005 όντι
2309 1951 2410 2022 βίῳ
2436 1952 2581 2006 οὕτω
2599 1952 2850 2025 λαμπρὸς
2867 1954 2896 2006 ό
2919 1951 3152 2022 σταυρὸς
3193 1951 3269 2015 ὡς
3293 1954 3386 2004 καὶ
3409 1951 3572 2017 δόξαν
3595 1951 3767 2004 αὐτὸν

2171 2041 2456 2097 καλεῖσθαι
2487 2045 2798 2116 ΧριστὸνΊ),
2834 2045 2928 2098 καὶ
2956 2044 3048 2098 τὸν
3081 2043 3298 2097 Παῦλον
3328 2043 3416 2096 ἐπ’
3449 2042 3602 2113 αὐτῷ
3627 2059 3768 2096 καυ-

2171 2133 2406 2204 χᾶσθαις
2463 2134 2554 2189 Ἐν
2598 2133 2707 2206 γάρ
2756 2135 2941 2207 ἐκείνῃ
2981 2136 3047 2205 τῇ
3093 2133 3302 2205 φοϐερᾷ
3344 2133 3443 2186 καὶ
3494 2132 3766 2204 φρικώδει

2171 2225 2378 2297 ἡμέρᾳ,
2409 2225 2538 2280 ὅταν
2562 2225 2690 2298 ελθῃ
2723 2227 2826 2296 τὴν
2859 2224 3018 2290 δόξαν
3045 2223 3458 2296 ἐνδεικνύμενος
3491 2224 3595 2293 τὴν
3627 2225 3766 2278 ἑαυ-

2169 2316 2286 2381 τοῦ,
2320 2318 2448 2372 ὅταν
2487 2317 2618 2390 ἔλθῃ
2650 2320 2709 2370 ὲν
2747 2319 2813 2390 τῇ
2859 2317 2985 2388 δόξῃ
3018 2316 3114 2371 τοῦ
3144 2317 3358 2388 Πατρδς
3401 2314 3593 2380 αὑτοῦ,
3627 2317 3766 2370 ὅταν

2170 2409 2230 2462 τὸ
2262 2408 2494 2482 φοϐερὸν
2540 2413 2691 2481 παρῇ
2732 2410 3039 2482 κριτήριον,
3073 2409 3204 2464 ὅταν
3244 2411 3397 2462 πᾶσα
3444 2409 3480 2479 ἡ
3513 2407 3627 2461 τῶν
3669 2409 3768 2462 ἀν-

2171 2499 2409 2572 θρώπων
2447 2501 2779 2572 παραστήκῃ
2806 2501 2990 2570 φύσις,
3023 2501 3154 2554 ὅταν
3178 2498 3418 2570 ποταμοὶ
3450 2498 3765 2569 καχλάζονο

2167 2609 2262 2657 τες
2281 2634 2297 2657 ,
2349 2595 2479 2648 ὅταν
2524 2593 2772 2662 ἀγγέλων
2813 2593 2975 2664 δῆμοι
3020 2593 3114 2645 καὶ
3167 2592 3277 2646 τῶν
3321 2592 3434 2646 άνω
3471 2591 3767 2663 δυνάμεων

2168 2686 2366 2757 ἀθρόον
2393 2685 2692 2756 ὲκχέωνται
2711 2685 2862 2740 κάτω
2894 2685 3014 2756 μετ’
3039 2684 3228 2749 αὑτοῦ,
3257 2685 3388 2737 ὅταν
3421 2682 3656 2756 βραϐεῐα
3685 2681 3762 2736 τὰ

2173 2777 2346 2849 μυρία
2376 2779 2581 2842 ἐκεῖνα,
2610 2778 2736 2832 ὅταν
2760 2779 2809 2832 οἰ
2852 2778 2952 2848 μὲν
2977 2777 3053 2840 ὡς
3081 2777 3236 2848 ἥλιος
3264 2775 3585 2846 λάμπωσιν,
3616 2775 3668 2827 οἰ
3703 2773 3766 2828 δὲ

2168 2870 2246 2932 ὡς
2265 2870 2516 2942 ἀστέρες,
2544 2871 2672 2924 ὅταν
2695 2870 3000 2942 συμμορίαι
3029 2867 3344 2941 μαρτύρων,
3370 2866 3502 2922 ὅταν
3523 2865 3769 2920 ἀποστό-

2166 2959 2276 3013 λων
2305 2962 2478 3031 χοροὶ,
2512 2961 2642 3014 ὅταν
2682 2961 2982 3032 προφητῶν
3023 2960 3299 3030 τάγματα,
3328 2960 3458 3012 ὅταν
3491 2956 3768 3028 γενναίων

2166 3052 2378 3122 ἀνδρῶν
2409 3052 2660 3124 σύλλογοι
2687 3053 2888 3116 πάντες
2918 3054 3000 3118 είς
3031 3053 3197 3123 μέσον
3225 3051 3488 3120 ἄγωνται,
3515 3049 3642 3104 τότε
3671 3049 3765 3121 δὴ,

2165 3143 2288 3197 τότε
2314 3144 2373 3197 ὲν
2407 3145 2590 3215 ἐκείνῃ
2625 3146 2692 3216 τῇ
2722 3144 3089 3216 λαμπρότητι,
3112 3143 3170 3196 ἑν
3191 3142 3378 3216 ἐκείνῃ
3408 3144 3474 3213 τῇ
3518 3156 3767 3211 περιφαο

2169 3233 2326 3304 νείᾳ,
2370 3235 2534 3287 αὑτὸν
2584 3235 2802 3306 ἔρχεται
2849 3236 3034 3306 φέρων
3083 3233 3348 3306 λαμπράς
3385 3232 3626 3302 ἀφιέντα
3659 3231 3767 3296 τάς

2167 3326 2410 3388 ἀκτῖνας.
2455 3327 2594 3381 Τότε
2624 3326 2757 3397 γὰρ,
2797 3327 2962 3396 φησὶ.
3002 3325 3342 3395 φανήσεται
3383 3323 3452 3378 τὸ
3501 3322 3769 3394 σημεῖον

2164 3416 2272 3470 τοῦ
2323 3414 2458 3471 Υίοῦ
2509 3416 2618 3471 τοῦ
2669 3417 2983 3486 ἀνθρώπου
3019 3418 3090 3472 ἐν
3131 3415 3214 3483 τῷ
3259 3413 3498 3486 οὐρανῷ
3514 3455 3531 3480 ,
3583 3413 3684 3469 καὶ
3728 3417 3766 3469 ό

2166 3507 2342 3575 ἣλιος
2368 3509 2858 3576 σκοτισθήσεται,
2889 3509 2987 3563 καὶ
3018 3509 3057 3576 ἠ
3091 3508 3330 3578 σελήνη
3368 3509 3441 3562 οὐ
3475 3507 3659 3561 δώσει
3689 3506 3766 3560 τὸ

2165 3597 2386 3668 φέγγος
2416 3597 2625 3666 αὐτῆς,
2656 3598 2720 3652 τὸ
2755 3599 2825 3652 δὲ
2854 3597 3108 3668 σημεῖον
3127 3597 3232 3652 τοῦ
3257 3594 3529 3665 σταυροῦ
3563 3593 3768 3664 φανή-

2165 3703 2354 3742 σεται.
2382 3689 2446 3740 Ὢ
2473 3687 2679 3751 πάθους
2705 3688 3052 3759 λαμπρότης,
3075 3686 3122 3740 ὣ
3152 3684 3394 3759 σταυροῦ
3417 3685 3723 3757 φαιδρότης
3744 3700 3761 3716 ⁶

2163 3778 2315 3850 ἥλιος
2345 3778 2674 3842 σκοτίζεται,
2712 3779 2810 3832 καὶ
2845 3770 3023 3850 άστρα
3048 3778 3242 3832 πίπτει
3272 3777 3463 3848 ὥσπερ
3494 3774 3692 3846 φύλλα,
3732 3777 3766 3829 ό

2163 3869 2221 3923 δὲ
2253 3871 2489 3941 σταυρὸς
2532 3870 2754 3924 πάντων
2797 3862 3022 3924 ἐκείνων
3069 3869 3369 3939 φανότερον
3417 3866 3761 3938 διαλάμπι.

2163 3955 2286 4010 ὅλον
2315 3957 2564 4027 κατέχων
2603 3944 2694 4011 τεν
2727 3958 2976 4029 οὐρανόν.
3033 3955 3198 4028 Ὁρᾷς
3237 3955 3357 4020 πῶς
3407 3954 3763 4022 ἐγκαλλωπί-

2164 4042 2318 4107 ζεται
2341 4044 2516 4116 τούτῳ
2543 4046 2573 4099 δ
2605 4044 2924 4114 Δεσθτότηςς
2961 4043 3078 4107 πῶς
3111 4041 3272 4107 δόξαν
3307 4040 3476 4096 αὑτοῦ
3513 4040 3577 4094 τὸ
3612 4042 3763 4113 πρᾶ-

2166 4147 2286 4206 γμα
2310 4131 2370 4185 δν
2399 4129 2712 4202 ἀποφαίνει,
2751 4134 2879 4188 ὃταν
2911 4135 2970 4185 ὲν
3012 4133 3197 4206 ἐκείνῃ
3225 4132 3449 4205 δεικνύῃ
3478 4130 3646 4185 αὑτὸν
3685 4134 3758 4203 τῇ

2163 4205 2347 4291 ἡμέρᾳ
2363 4222 2429 4290 τῇ
2449 4221 2739 4294 οἰκουμένῃ
2757 4221 2907 4294 πάσῃ
2926 4219 3067 4290 μετά
3081 4205 3349 4291 τοσαύτης
3369 4219 3719 4290 λαμπηδόνος
3735 4236 3756 4284 ;

2234 4309 2374 4376 Κεφ.
2413 4305 2502 4376 ιη’.
2540 4308 2648 4360 Kal
2694 4307 2758 4360 σὺ
2781 4308 2981 4372 τοίνυν,
3010 4307 3140 4361 ὅταν
3175 4307 3291 4380 ίδῃς
3325 4306 3478 4370 τινάς
3512 4305 3623 4358 ἀπὸ
3644 4306 3758 4359 τῶν

2163 4391 2484 4463 συμϐάντων
2503 4393 3041 4462 σκανδαλιζομένους,
3062 4392 3272 4463 πρῶτον
3296 4393 3395 4464 μὲν
3412 4393 3592 4446 έκεῖνο
3609 4391 3759 4460 λογί-

2161 4479 2278 4546 ζου,
2311 4481 2389 4533 ὅτι
2423 4482 2522 4534 οὐκ
2550 4479 2946 4545 ὲντεῦθεν,ἀλλ’
2977 4479 3086 4534 άπὸ
3104 4479 3205 4550 τῆς
3237 4480 3446 4542 οἰκείας
3466 4479 3758 4543 ἀσθενείας

2159 4569 2229 4622 τά
2249 4569 2522 4624 σκάνδαλα
2536 4584 2550 4599 °
2565 4570 2659 4623 καλ⁵
2673 4569 2920 4640 δηλοῦσιν
2940 4571 2988 4623 οἰ
3003 4568 3160 4623 τοῦτο
3183 4568 3259 4642 μὴ
3275 4567 3760 4630 παθόντες.”Επειο

2159 4675 2228 4712 τα
2264 4659 2479 4722 σκόπει,
2499 4658 2581 4712 δτι
2615 4658 2798 4712 πολλοὶ
2821 4660 2915 4712 καὶ
2950 4657 3254 4729 διέλαμψαν
3288 4655 3542 4711 ἐντεῦθεν
3569 4657 3758 4729 μειξόο

2159 4763 2285 4811 νως,
2298 4745 2390 4800 τόν
2404 4745 2536 4801 Θεὸν
2553 4745 2866 4810 δοξάζοντες
2881 4748 2975 4800 καὶ
3002 4746 3142 4818 μετά
3164 4749 3344 4816 πάσης
3366 4745 3758 4816 εὐχαριστοῦν-

2157 4852 2251 4897 τες
2285 4835 2519 4906 σπουδῆς
2555 4833 2701 4904 αύτῷ
2740 4835 2836 4888 xal
2883 4835 2976 4887 επὶ
3005 4834 3234 4898 τούτοις.
3270 4833 3481 4888 Οὐκοῦν
3515 4835 3593 4906 μὴ
3625 4837 3754 4902 τοὺς

2159 4921 2550 4993 σαλευομένους
2578 4921 2851 4992 ὅρα,ἀλλά
2877 4923 3110 4985 καὶτοὺς
3138 4921 3352 4992 παγίως
3367 4922 3632 4987 ἑστῶτας,
3657 4923 3756 4978 καὶ

2159 5012 2450 5081 ἀκινήτους
2505 5009 2786 5079 μένοντας,
2823 5010 2917 5062 κα)⁵
2964 5008 3135 5080 ταύτῃ
3173 5009 3556 5081 ἰσχυροτέρους
3601 5028 3754 5079 γινο-

2165 5101 2393 5172 μένους·
2427 5099 2583 5172 [505]
2611 5100 2685 5172 μὴ
2711 5101 2837 5164 τοὺς
2857 5098 3313 5172 θορυϐουμένους,
3333 5100 3471 5154 ἀλλά
3499 5102 3597 5154 καὶ
3622 5103 3751 5165 τοὺς

2160 5188 2220 5251 ἐξ
2260 5187 2456 5258 οὺρίων
2484 5186 2768 5250 πλέοντας,
2804 5187 2899 5240 καὶ
2947 5186 3128 5258 πολλῷ
3174 5186 3393 5251 πλείους
3432 5187 3594 5252 δντας
3637 5189 3752 5241 τῶν

2159 5277 2607 5347 παρασυρέντων.
2652 5277 2713 5328 Εἰ
2763 5275 2818 5327 δὲ
2860 5275 3079 5338 πλείους
3127 5271 3267 5347 ἦσαν
3305 5278 3526 5340 ἐκεῖνοι,
3558 5278 3748 5347 κρείτο

2159 5385 2268 5420 των
2297 5360 2379 5430 εἷς
2422 5365 2592 5419 ποιῶν
2631 5363 2695 5418 τὸ
2733 5363 2948 5434 θέλημα
2991 5364 3222 5435 Κυρίου,
3258 5365 3291 5436 ἢ
3335 5363 3518 5436 μύριοι
3563 5367 3748 5436 παρά-

2159 5473 2336 5526 νομοι.

2233 5543 2363 5614 Κεφ.
2399 5545 2482 5599 ιϐ’.
2547 5545 2829 5616 Ἐννόησον
2876 5546 2989 5600 ὅσοι
3033 5547 3128 5601 καὶ
3187 5545 3485 5618 μαρτυρίου
3537 5545 3742 5612 στέφα-

2159 5651 2248 5687 νον
2270 5634 2614 5704 ἀνεδήσαντο.
2648 5634 2710 5686 Ol
2740 5633 2838 5703 μὲν
2870 5632 2979 5705 γὰρ
3009 5631 3485 5718 ὲμαστιγώθησαν,
3513 5633 3562 5686 οί
3585 5634 3643 5687 δὲ
3666 5635 3749 5698 είς

2157 5721 2534 5792 δεσμωτήριον
2556 5720 2940 5791 ἐνεϐλήθησαν,
2963 5721 3010 5774 οἰ
3034 5721 3090 5774 δὲ
3113 5721 3332 5788 ἁλύσεις
3351 5721 3424 5786 ὡς
3447 5722 3755 5795 κακοῦργοι

2221 5819 2250 5860 1»
2272 5821 2476 5884 Χριστόν
2496 5821 2640 5871 deest
2658 5823 2710 5871 in
2730 5820 3019 5884 quibusdam
3041 5832 3161 5871 mss;
