4050 6430
235 391 347 449 517

238 504 410 562 tuus?
437 513 494 561 et
519 504 779 560 omlttens
816 500 1044 568 ctelum,
1080 508 1283 555 terram
1304 541 1319 566 ,
1351 513 1532 561 mare,
1563 511 1628 551 ac
1656 505 1854 551 caetera

242 602 426 653 omnia
448 609 898 658 commemorare,
925 607 1046 664 qua:
1075 591 1142 645 ad
1166 605 1323 645 usum
1357 598 1600 644 nostrum
1627 596 1682 642 et
1709 587 1854 640 sola-

237 695 378 745 tium
403 689 647 746 condidit
669 687 938 749 Christus,
968 698 1171 753 susque
1201 683 1378 752 deque
1407 690 1588 736 versat
1611 693 1852 744 crucem,

235 786 425 836 diceus
476 797 490 834 :
543 776 929 834 Contntendavit
984 785 1157 830 autem
1206 775 1475 828 caritatem
1525 789 1673 826 suam
1717 771 1856 824 Deus

237 891 363 945 erga
409 889 502 926 nos
527 913 542 938 ,
587 871 828 941 quoniam
878 885 992 922 cum
1040 868 1210 922 adhuc
1266 875 1556 937 peccatores
1597 879 1815 918 essemus
1838 903 1854 928 ,

237 963 473 1020 Christus
501 980 594 1034 pro
624 961 766 1016 nobis
799 970 1028 1015 mortuus
1059 969 1132 1012 est
1164 957 1341 1026 (Rom.
1373 958 1429 1012 5.
1463 955 1519 1011 8.
1552 956 1633 1025 9);
1657 963 1712 1010 et
1733 953 1858 1008 inde

240 1072 342 1111 nos
375 1057 428 1111 in
454 1071 603 1125 spem
633 1054 893 1124 optimam
922 1053 1077 1122 erigit
1107 1051 1294 1106 dicens
1324 1068 1338 1106 :
1373 1049 1434 1105 Si
1456 1051 1589 1104 enim
1614 1066 1728 1102 cum
1756 1049 1858 1101 ini-

241 1148 362 1202 mici
389 1162 641 1212 essemus,
671 1143 987 1199 reconciliati
1023 1159 1202 1197 sumus
1245 1142 1352 1196 Deo
1384 1159 1473 1212 per
1496 1151 1704 1194 mortem
1733 1139 1860 1193 Filii

242 1242 358 1310 ejus
382 1257 400 1294 :
430 1239 587 1292 multo
633 1238 796 1309 magis
823 1236 1142 1290 reconciliati
1170 1235 1299 1288 salvi
1326 1236 1514 1289 erimus
1554 1235 1608 1286 in
1646 1234 1748 1286 vita
1774 1237 1855 1302 ip-

243 1335 354 1387 sius
388 1331 576 1400 (Rom.
621 1331 676 1384 5.
712 1329 838 1399 10).
883 1327 1075 1382 Nonne
1117 1335 1172 1381 et
1213 1328 1328 1395 ipse
1375 1327 1475 1380 hac
1523 1341 1582 1379 re
1629 1325 1860 1379 maxime

245 1426 528 1496 gloriatur,
558 1432 614 1478 et
641 1422 742 1477 sibi
777 1422 984 1490 placet,
1014 1418 1250 1490 gaudet,
1281 1427 1334 1472 et
1359 1418 1594 1472 exsultat
1635 1432 1744 1487 pra:
1775 1417 1860 1469 ni-

247 1518 356 1571 mia
387 1515 659 1585 voluptate
683 1557 698 1581 ,
730 1528 851 1568 cum
883 1512 952 1566 ad
979 1512 1202 1567 Galatas
1242 1512 1311 1564 ita
1354 1511 1571 1574 scribit,
1605 1509 1740 1562 Mihi
1768 1525 1864 1562 au-

247 1619 349 1662 tem
383 1608 511 1662 absit
543 1605 795 1678 gloriari,
842 1606 940 1659 nisi
983 1605 1037 1658 in
1087 1621 1236 1658 cruce
1281 1603 1489 1658 Domini
1529 1603 1692 1656 nostri
1737 1601 1863 1656 Jesu

248 1699 438 1754 Christi
466 1699 614 1768 (Cal.
645 1697 698 1752 6.
731 1699 838 1768 Η).
877 1696 1016 1766 Quid
1048 1711 1178 1752 vero
1208 1694 1422 1750 miraris
1445 1737 1458 1758 ,
1488 1695 1533 1748 si
1560 1694 1761 1748 Paulus
1789 1693 1860 1748 ob

249 1792 305 1846 id
338 1785 603 1854 exsultat,
636 1789 852 1855 exsilit,
886 1798 941 1843 et
979 1788 1282 1859 gloriatur?
1330 1788 1422 1842 Ille
1470 1788 1584 1856 ipse
1625 1787 1714 1856 qui
1749 1787 1864 1842 liazc

252 1898 446 1953 passus
471 1893 571 1948 est,
603 1883 832 1953 gloriam
862 1897 977 1936 rem
1008 1882 1152 1936 illam
1183 1881 1438 1952 appellat.
1475 1880 1638 1934 Pater
1675 1883 1860 1948 enim,

250 1975 458 2045 inquit,
484 1975 614 2048 uenit
637 1975 785 2040 hora,
810 1974 1048 2045 glori/ica
1070 1972 1119 2027 F
1121 1974 1266 2028 ilium
1292 1985 1435 2027 tuum
1460 1973 1641 2044 (Joan.
1668 1974 1756 2028 17.
1782 1974 1862 2042 1).

253 2067 326 2121 Et
353 2067 649 2136 discipulus
679 2066 768 2137 qui
799 2068 901 2120 ista
932 2066 1150 2136 scripsit
1174 2066 1390 2121 dicebat
1416 2083 1429 2122 :
1458 2066 1705 2120 Nondum
1730 2068 1866 2120 enim

250 2170 362 2214 erat
383 2161 435 2213 in
461 2159 586 2230 ipsis
614 2157 843 2226 Spiritus
869 2169 1096 2225 sanctus,
1122 2160 1244 2228 quia
1264 2159 1420 2215 Jesus
1448 2160 1674 2214 nondum
1695 2161 1866 2229 fuerat

251 2251 571 2322 gloriﬁcatus
601 2248 780 2322 (Joan.
811 2250 865 2304 7.
891 2249 1006 2321 59),
1038 2250 1234 2320 quibus
1257 2252 1437 2306 verbis
1463 2251 1688 2321 gloriam
1737 2267 1866 2306 cru-

251 2357 374 2397 cem
406 2343 658 2413 appellat.
687 2342 820 2398 Cum
856 2358 983 2398 vero
1013 2345 1294 2398 caritatem
1325 2344 1494 2414 ipsius
1522 2345 1690 2399 voluit
1719 2345 1865 2400 desi-

250 2449 445 2504 gnare,
492 2432 619 2504 quid
664 2445 720 2490 et
769 2434 883 2503 ipse
925 2433 1097 2490 dixit?
1147 2451 1274 2490 num
1322 2437 1511 2506 signa,
1563 2437 1820 2492 miracula
1848 2479 1863 2504 ,

253 2525 498 2597 prodigia
528 2526 837 2596 quarpiam?
862 2525 1021 2581 Nullo
1059 2527 1220 2581 modo
1241 2571 1256 2595 ,
1291 2528 1385 2582 sed
1417 2543 1632 2583 crucem
1667 2530 1716 2583 in
1747 2546 1863 2585 me-

251 2616 405 2672 dium
448 2616 655 2686 profert
692 2616 920 2672 dicens:
957 2617 1046 2672 Sic
1087 2617 1228 2672 Deus
1267 2620 1446 2674 dilexit
1493 2622 1780 2687 mundum,
1812 2633 1866 2675 ut

253 2708 451 2765 Filium
479 2727 629 2764 suum
670 2710 990 2781 unigenitum
1020 2710 1167 2764 daret
1192 2752 1206 2774 ,
1238 2722 1290 2764 ut
1322 2714 1487 2767 onmis
1509 2714 1598 2783 qui
1628 2715 1786 2767 credit
1814 2715 1867 2767 in
1896 2775 1900 2778 ,

247 2820 400 2868 sum,
431 2819 531 2857 non
567 2803 767 2873 pereat,
795 2803 885 2856 sed
924 2802 1107 2857 habeat
1138 2804 1289 2857 vitam
1316 2817 1560 2861 wternam
1592 2806 1775 2876 (Joan.
1808 2809 1861 2863 ὅ.

253 2894 368 2966 Hi).
401 2895 467 2948 Et
498 2895 694 2949 Paulus
731 2895 924 2949 iterum
962 2914 975 2949 :
1007 2895 1107 2961 Qui
1136 2897 1348 2966 proprio
1379 2895 1520 2951 Filio
1550 2915 1649 2952 non
1679 2916 1865 2968 peper-

251 2991 341 3051 cit,
377 2988 468 3043 sed
494 3005 586 3059 pro
615 2987 758 3042 nobis
789 2989 1020 3044 omnibus
1051 2988 1264 3042 tradidit
1289 2990 1455 3056 illum,
1485 2991 1742 3062 quomodo
1765 3010 1868 3047 non

249 3081 410 3135 etiam
437 3096 551 3132 cum
579 3079 668 3133 illo
697 3080 868 3132 omnia
894 3080 1038 3134 nobis
1072 3079 1280 3134 donabit
1315 3080 1502 3152 (Rom.
1536 3084 1589 3138 8.
1622 3083 1691 3137 52
1713 3083 1776 3157 )?
1803 3086 1868 3141 Et

250 3186 379 3226 cum
406 3172 472 3226 ad
517 3171 874 3227 humilitatem
909 3172 1094 3227 incitat
1119 3215 1134 3237 ,
1168 3171 1293 3228 hinc
1317 3175 1751 3232 adhortationem
1783 3181 1868 3234 in-

248 3265 429 3320 stituit
455 3265 507 3318 in
543 3265 657 3319 haec
689 3265 855 3319 verba
890 3281 905 3320 :
947 3265 1009 3320 Si
1047 3283 1149 3337 qua
1181 3284 1299 3339 ergo
1325 3270 1606 3325 consolatio
1635 3272 1686 3325 in
1716 3271 1866 3326 Clu-i-

248 3368 351 3422 sto,
377 3357 420 3410 si
449 3355 586 3428 quod
615 3357 857 3410 solatium
882 3358 1132 3424 caritatis,
1155 3363 1201 3412 si
1229 3376 1328 3430 qua
1349 3363 1563 3416 societas
1599 3362 1827 3433 Spiritus
1849 3405 1862 3430 ,

249 3451 295 3503 si
326 3465 427 3519 qua
454 3449 648 3503 viscera
676 3465 736 3502 ac
761 3449 1111 3504 miserationes
1130 3492 1144 3516 ,
1170 3451 1376 3521 implete
1396 3453 1642 3523 gaudium
1666 3471 1831 3506 meum
1847 3496 1862 3520 ,

250 3554 306 3597 ut
334 3542 468 3595 idem
489 3542 724 3612 sapiatis,
749 3543 976 3596 eamdem
999 3544 1262 3597 caritatem
1289 3543 1549 3612 habentes,
1571 3546 1862 3613 unanimes,

243 3636 475 3704 idipsunt
502 3635 754 3703 sapientes
778 3675 792 3699 ,
825 3634 955 3687 nihil
995 3651 1084 3704 per
1122 3636 1494 3690 contentionem
1518 3679 1532 3703 ,
1576 3653 1738 3708 neque
1777 3655 1868 3708 per

245 3727 456 3781 inanem
485 3725 702 3796 gloriam
727 3767 742 3792 ,
774 3725 864 3778 sed
887 3725 941 3778 in
973 3726 1262 3780 huntilitate
1293 3728 1582 3796 superiores
1609 3729 1703 3782 sibi
1731 3730 1866 3783 invi-

251 3836 363 3873 cem
378 3819 679 3873 arbitrantes
707 3816 968 3890 (Philipp.
995 3818 1050 3872 2.
1078 3820 1105 3875 1
1139 3849 1160 3860 -
1184 3820 1261 3890 3).
1294 3819 1430 3874 Tum
1453 3823 1742 3876 consilium
1768 3823 1867 3878 ad-

249 3912 483 3981 iungens
508 3912 584 3965 ait
612 3928 624 3965 :
660 3910 773 3965 Hoc
799 3912 933 3965 enim
958 3913 1135 3966 sentite
1154 3913 1208 3966 in
1234 3914 1392 3980 vobis,
1417 3917 1556 3984 quod
1581 3917 1635 3969 in
1665 3915 1868 3970 Christo

252 4003 382 4057 Jesu
402 4042 420 4068 ,
447 4003 532 4072 qui
561 4018 676 4055 cum
704 4003 756 4056 in
781 4001 950 4072 forma
980 4001 1078 4057 Dei
1118 4015 1246 4059 esset
1271 4047 1286 4071 ,
1330 4022 1433 4058 non
1465 4007 1703 4077 rapinam
1731 4009 1870 4062 arbi-

256 4104 420 4149 tratus
449 4103 521 4149 est
547 4111 654 4148 esse
675 4110 728 4148 se
751 4096 1000 4164 aequalem
1018 4094 1150 4162 Deo,
1170 4101 1259 4150 sed
1285 4101 1609 4168 semetipsum
1634 4101 1869 4155 exinani-

252 4187 344 4254 vit,
378 4187 599 4256 formant
619 4187 749 4240 servi
783 4189 1037 4257 accipiens
1059 4232 1073 4256 ,
1104 4191 1156 4244 in
1184 4191 1570 4246 similitudinem
1603 4195 1870 4248 hominum

256 4284 424 4352 factus
445 4322 459 4345 ,
493 4290 539 4333 et
566 4279 741 4333 habitu
780 4282 1014 4335 inuentus
1042 4293 1096 4335 ut
1121 4284 1271 4337 homo
1301 4300 1318 4338 :
1351 4285 1637 4340 humiliauit
1664 4291 1868 4342 semeti-

257 4390 428 4444 psum,
452 4375 617 4443 factus
647 4372 882 4428 obediens
912 4391 1066 4444 usque
1094 4377 1162 4430 ad
1191 4387 1422 4443 ntortem,
1457 4391 1670 4434 mortem
1701 4392 1871 4436 autem

255 4465 422 4517 crucis
469 4461 585 4534 (Ib.
619 4480 667 4518 υ.
724 4465 757 4519 5
785 4495 806 4508 ο
837 4464 928 4535 8).
982 4466 1056 4521 De
1105 4469 1328 4523 caritate
1377 4485 1553 4544 porro.
1585 4473 1869 4528 consilium

260 4556 397 4611 dans
423 4599 438 4622 ,
470 4555 574 4610 hoc
624 4556 676 4611 in
723 4557 960 4613 medium
999 4559 1220 4615 adducit
1253 4577 1266 4614 :
1301 4560 1510 4633 Diligite
1537 4581 1624 4618 vos
1650 4575 1826 4620 mutuo
1851 4609 1868 4634 ,

256 4650 449 4718 inquit,
478 4650 603 4702 sicut
634 4649 863 4705 Christus
893 4651 1072 4706 dilexit
1099 4671 1212 4720 nos,
1235 4665 1282 4708 et
1308 4657 1518 4710 tradidit
1545 4661 1872 4729 semetipsum

258 4759 352 4810 pro
382 4741 526 4795 nobis
557 4741 862 4796 oblationem
888 4753 934 4796 et
961 4745 1181 4799 hostiam
1207 4743 1320 4800 Deo
1363 4747 1416 4800 in
1461 4749 1672 4803 adorent
1698 4753 1870 4805 suavi-

258 4834 376 4886 tatis
402 4831 628 4902 (Ephes.
659 4834 712 4889 5.
742 4833 778 4887 2
802 4834 845 4902 ).
874 4834 1009 4889 Cum
1045 4852 1174 4891 vero
1197 4847 1381 4892 mutua
1412 4841 1556 4894 viros
1582 4845 1868 4898 concordia

255 4941 382 4980 cum
415 4926 669 4982 uxoribus
701 4929 978 4998 coniungit
1001 4971 1016 4993 ,
1052 4929 1123 4984 ita
1154 4930 1392 5001 loquitur
1437 4953 1449 4987 :
1484 4932 1631 5001 Viri,
1674 4937 1872 5008 diligite

255 5033 443 5071 mres
474 5027 665 5072 vestras
689 5060 706 5085 ,
735 5019 864 5073 sicut
904 5030 951 5074 et
982 5021 1213 5075 Christus
1257 5024 1433 5078 dilexit
1469 5026 1751 5081 Ecclesium
1776 5071 1789 5093 ,
1825 5040 1872 5083 et

259 5111 473 5165 tradidit
503 5112 724 5180 seipsunt
773 5129 866 5182 pro
901 5130 959 5167 ea
987 5113 1169 5185 (Ibid.
1203 5133 1250 5170 υ.
1281 5118 1409 5188 25).
1443 5121 1616 5190 Atque
1641 5132 1698 5177 ut
1733 5123 1873 5177 indi—

257 5211 404 5257 caret
438 5202 552 5270 ipse
578 5218 737 5271 quam
771 5203 1012 5260 studiose
1040 5222 1152 5260 rem
1182 5208 1328 5263 illam
1357 5221 1670 5280 expeteret,
1697 5229 1869 5284 quan-

261 5309 421 5366 taque
443 5296 710 5365 passionis
736 5297 1028 5365 cupiditate
1057 5309 1350 5368 teneretur,
1382 5305 1614 5373 primum
1647 5319 1870 5378 aposto-

259 5388 480 5451 lorum,
529 5385 934 5442 fundamentum
999 5390 1296 5456 Eeclesize,
1358 5397 1655 5467 principem
1699 5409 1874 5456 cintus

260 5478 695 5549 discipulorum,
754 5479 914 5550 idque
972 5498 1091 5536 cum
1145 5500 1208 5540 ex
1263 5486 1562 5556 ignorantia
1619 5490 1874 5561 loquutus

261 5571 512 5634 dixisset,
546 5569 812 5639 PrOpitius
845 5573 932 5626 tibi
955 5585 1081 5640 esto,
1113 5575 1351 5644 Domine,
1385 5597 1486 5634 non
1513 5584 1607 5635 erit
1634 5585 1722 5637 tibi
1753 5586 1868 5652 hoc,

259 5664 385 5719 audi
412 5663 538 5735 quid
566 5664 772 5718 vocarit
796 5682 810 5719 :
846 5664 986 5720 Vade
1012 5679 1124 5736 post
1151 5687 1230 5724 me
1264 5681 1471 5740 satana,
1496 5677 1794 5730 scandalum
1822 5695 1874 5734 es

259 5756 384 5808 mihi
417 5754 436 5824 (
464 5754 653 5811 Matth.
688 5757 892 5824 16.32.
921 5759 1028 5832 23)
1063 5779 1075 5813 ε
1109 5778 1212 5832 qua
1243 5767 1588 5822 contumelia:
1611 5779 1665 5822 et
1691 5769 1872 5827 incre-

258 5850 496 5922 pationis
515 5851 820 5922 asperitate,
843 5864 1044 5924 quanto
1064 5857 1242 5913 studio
1259 5873 1372 5914 rem
1398 5859 1547 5916 illam
1566 5871 1868 5934 expeteret,

1099 384 1191 438 AD
1229 381 1360 439 EOS
1395 380 1514 448 QUI
1553 374 2063 436 SCANDALIZATI
2103 374 2301 432 SUNT.
2347 376 2477 433 LIB.
2520 377 2728 440 UNUS.

3474 382 3580 438 5l8

1969 492 2247 549 indicavit.
2297 496 2373 550 Ac
2410 499 2865 554 resurrectionem
2897 495 3116 570 quidem
3155 512 3308 552 suam
3355 497 3580 554 clamet

1966 585 2021 638 in
2052 583 2268 638 occulto
2302 583 2417 639 ﬁeri
2447 586 2616 640 voluit
2636 627 2650 649 ,
2683 587 2909 657 ejusque
2936 588 3427 644 manilestationem
3468 599 3585 645 toto

1964 679 2316 747 consequenti
2347 687 2590 748 tempore
2619 679 2733 734 lieri
2768 680 3012 750 permisit
3037 697 3052 735 :
3085 696 3301 737 crucem
3325 693 3505 736 autem
3530 683 3582 737 in

1966 767 2142 823 media
2173 769 2423 835 civitate,
2459 771 2510 825 in
2540 770 2716 826 media
2745 769 3071 839 festivitate,
3101 773 3155 827 in
3194 772 3374 828 medio
3400 772 3584 843 populi

1963 861 2274 917 Judteorum
2301 905 2316 931 ,
2346 878 2469 918 cum
2517 872 2808 934 utrumque
2851 863 3116 934 judicium
3162 865 3420 930 adesset,
3470 875 3584 919 tum

1967 953 2272 1008 Romanum
2301 996 2316 1020 ,
2348 963 2459 1008 tum
2502 954 2788 1010 Judaicum
2814 995 2830 1020 ,
2877 970 3000 1010 cum
3043 955 3360 1012 solemuitas
3396 971 3588 1011 omnes

1965 1055 2350 1116 congregaret,
2382 1046 2561 1101 medio
2587 1047 2676 1113 die
2701 1089 2715 1112 ,
2750 1050 2802 1101 in
2832 1047 3108 1103 communi
3139 1047 3288 1104 orbis
3317 1056 3585 1104 terrarum

1969 1135 2182 1191 theatro
2203 1139 2475 1193 sustinuit.
2502 1139 2569 1193 Et
2591 1139 2846 1209 quoniam
2871 1139 2949 1194 illi
2971 1140 3146 1194 solum
3172 1139 3263 1212 qui
3286 1141 3588 1195 intererant

1969 1242 2082 1281 rem
2131 1244 2249 1297 qua:
2294 1228 2588 1298 gerebatur
2637 1228 2926 1297 videbant,
2961 1231 3248 1299 imperavit
3286 1230 3389 1285 soli
3431 1240 3487 1286 ut
3529 1246 3590 1285 se

1968 1320 2363 1388 absconderet,
2406 1331 2569 1392 atque
2595 1323 2667 1376 ita
2698 1321 2958 1377 universo
2995 1331 3258 1378 terrarum
3289 1323 3408 1378 orbi
3438 1324 3590 1378 nefa-

1970 1411 2107 1464 rium
2136 1411 2266 1465 illud
2291 1412 2497 1466 facinus
2520 1413 2907 1484 promulgat-et.
2930 1413 3226 1470 Enimvero
3251 1415 3375 1470 licet
3401 1415 3586 1488 multis

1970 1517 2058 1556 res
2087 1503 2196 1568 illa,
2235 1513 2292 1556 ut
2319 1513 2444 1559 ante
2471 1504 2606 1568 dixi,
2636 1506 2949 1561 scandalum
2972 1506 3234 1575 attulerit,
3265 1522 3373 1562 non
3406 1517 3588 1562 tamen

1971 1593 2198 1648 istorum
2246 1593 2493 1652 habenda
2541 1599 2721 1662 ratio,
2765 1598 2862 1653 sed
2908 1599 3120 1653 illorum
3148 1601 3237 1669 qui
3281 1599 3413 1656 salvi
3457 1599 3586 1655 facti

1969 1697 2116 1753 sunt,
2150 1688 2240 1758 qui
2269 1704 2328 1744 se
2359 1698 2504 1744 recte
2526 1701 2832 1761 gesserunt.
2857 1691 2996 1760 Quid
3022 1707 3152 1747 vero
3181 1692 3414 1756 miraris,
3441 1694 3585 1763 quod

1971 1781 2026 1834 in
2058 1780 2159 1836 hac
2201 1783 2309 1836 vita
2341 1798 2474 1838 crux
2515 1783 2653 1839 adeo
2680 1786 2750 1838 sit
2778 1785 3041 1850 illusuis,
3071 1794 3129 1840 ut
3154 1787 3318 1842 etiam
3357 1785 3586 1857 gloriam

1970 1872 2115 1926 illam
2166 1872 2416 1930 Christus
2470 1876 2743 1946 appellet,
2801 1886 2855 1931 et
2915 1877 3115 1934 Paulus
3167 1891 3232 1934 ea
3289 1879 3591 1950 glorietur?

1969 1963 2249 2040 Siquidem
2279 1967 2330 2020 in
2363 1967 2454 2022 illo
2497 1968 2724 2023 terribili
2762 1983 2827 2023 ac
2852 1969 3137 2024 tremendo
3167 1969 3256 2024 die
3277 2011 3291 2035 ,
3322 1985 3446 2024 cum
3475 1971 3592 2042 glo-

1973 2059 2114 2113 riam
2143 2076 2296 2115 suam
2327 2070 2649 2117 ostensurus
2687 2061 3006 2127 advenerit,
3044 2078 3166 2117 cum
3211 2064 3264 2119 in
3309 2063 3476 2135 gloria
3509 2066 3593 2119 sui

1974 2150 2149 2205 Patris
2177 2151 2486 2218 advenerit,
2510 2168 2632 2208 cum
2657 2153 2900 2230 terribile
2923 2155 3157 2209 tribunal
3189 2155 3443 2222 adstabit,
3468 2173 3590 2211 cum

1972 2242 2149 2298 oumis
2179 2242 2460 2299 hominum
2485 2253 2677 2300 natura
2703 2245 2944 2311 sistetur,
2974 2261 3098 2300 cum
3130 2245 3275 2302 ﬂuvii
3311 2248 3596 2304 trahentur

1975 2335 2134 2406 ignis,
2163 2350 2285 2390 cum
2315 2337 2634 2407 angelorum
2678 2347 2872 2392 turmae
2897 2338 3305 2409 caelestiumque
3333 2341 3593 2396 virtutum

1972 2427 2155 2481 statim
2200 2427 2581 2496 eﬂ'uudentur,
2626 2439 2683 2485 ut
2719 2445 2850 2516 Icum
2897 2430 3015 2500 ipso
3056 2432 3427 2499 descendant,
3457 2449 3602 2489 cum-

1975 2519 2257 2576 innumera
2290 2522 2380 2576 illa
2423 2524 2644 2593 praemia
2691 2534 3104 2595 proponentur,
3150 2540 3273 2580 cum
3320 2527 3409 2580 alii
3454 2527 3596 2582 sicut

1974 2612 2087 2676 sol,
2117 2612 2210 2666 alii
2241 2613 2384 2668 sicut
2411 2614 2584 2670 stella:
2609 2614 2982 2686 refulgebunt,
3013 2633 3134 2672 cum
3168 2628 3468 2690 martyrum
3497 2633 3595 2672 co-

1975 2702 2197 2772 hortes,
2231 2719 2354 2759 cum
2386 2707 2754 2775 apostolorum
2800 2707 2988 2773 chori,
3036 2725 3158 2763 cum
3206 2710 3596 2780 prophetatum

1974 2795 2196 2852 ordines
2215 2837 2230 2861 ,
2261 2813 2382 2852 cum
2414 2814 2802 2868 generosornm
2846 2801 3087 2855 virorum
3116 2811 3293 2856 cmtus
3322 2817 3513 2857 omnes
3540 2801 3595 2857 in

1976 2887 2212 2942 medium
2264 2889 2558 2958 prodibunt
2590 2907 2604 2946 ε
2640 2899 2751 2944 tum
2799 2891 2852 2945 in
2896 2891 2987 2945 illo
3027 2891 3355 2962 splendore,
3409 2893 3462 2947 in
3504 2893 3598 2948 illa

1974 2980 2412 3050 magniﬁcentia,
2466 2982 2782 3053 Splendidos
2825 2983 3008 3039 radios
3058 2987 3396 3041 emittentem
3445 2986 3594 3041 illam

1973 3079 2194 3140 gestans
2219 3071 2491 3128 adveniet.
2517 3071 2662 3127 Tunc
2684 3075 2850 3138 enim,
2878 3075 3076 3145 inquit,
3099 3077 3368 3147 apparebit
3390 3077 3597 3150 signum

1976 3161 2104 3218 Filii
2135 3164 2358 3219 hominis
2386 3167 2438 3220 in
2469 3167 2593 3221 cwlo
2616 3209 2630 3235 ,
2656 3177 2702 3220 et
2732 3168 2811 3221 sol
2842 3167 3216 3234 obscurabitur,
3251 3180 3299 3223 et
3338 3171 3463 3224 luna
3493 3187 3598 3226 non

1975 3260 2117 3314 dabit
2145 3261 2316 3315 lumen
2341 3279 2510 3327 suum,
2545 3271 2600 3314 at
2638 3264 2843 3334 signant
2872 3265 3038 3318 crucis
3077 3264 3348 3334 apparebit
3371 3263 3594 3335 (Matth.

1974 3352 2066 3406 24.
2110 3351 2243 3423 50).
2285 3352 2330 3407 Ο
2374 3354 2643 3424 passionis
2682 3354 3062 3424 splendorem!
3111 3372 3146 3412 ο
3189 3357 3370 3412 erucis
3418 3356 3596 3428 fulgo-

1975 3447 2131 3500 rem!
2165 3447 2247 3501 sol
2276 3447 2602 3502 obscuratur
2627 3490 2642 3516 ,
2692 3461 2745 3503 et
2789 3451 2960 3506 stellae
3007 3450 3209 3506 cadunt
3247 3451 3387 3506 sicut
3429 3451 3556 3508 folia
3579 3493 3596 3520 ,

1975 3552 2111 3593 crux
2139 3550 2318 3594 autem
2351 3541 2606 3596 omnibus
2635 3541 2740 3596 illis
2767 3543 2966 3597 clarius
2992 3542 3227 3614 refulget
3247 3585 3263 3609 ,
3296 3553 3351 3599 et
3381 3545 3599 3600 univer-

1975 3645 2095 3684 sum
2128 3632 2320 3684 caelum
2353 3640 2605 3701 occupat.
2642 3631 2804 3688 Vides
2835 3645 2892 3687 ut
2918 3648 2979 3688 ea
3009 3633 3273 3689 Dominus
3297 3635 3600 3704 glorietur?

1975 3720 2130 3776 vides
2162 3730 2221 3775 ut
2244 3738 2358 3777 rem
2388 3723 2533 3778 illam
2570 3724 2802 3794 gloriam
2833 3740 2988 3779 suam
3020 3741 3144 3780 esse
3175 3726 3439 3794 declaret,
3473 3743 3597 3784 cum

1979 3815 2032 3869 in
2067 3816 2161 3869 illo
2192 3815 2278 3870 die
2312 3818 2406 3872 toti
2437 3818 2554 3872 orbi
2585 3827 2853 3874 terrarum
2883 3834 3008 3875 cum
3041 3829 3192 3875 tanto
3228 3821 3376 3876 illam
3415 3823 3599 3893 splen-

1975 3906 2109 3962 dore
2139 3908 2484 3965 manifestet?

2047 3997 2183 4057 Car.
2211 3998 2402 4053 XVIII.
2460 3999 2583 4055 Non
2610 4002 2916 4057 mediocrem
2941 4004 3214 4058 utilitatem
3265 4022 3330 4060 ea:
3379 4006 3442 4060 iis
3481 4023 3596 4077 qua!

1977 4091 2296 4158 acciderunt,
2331 4093 2402 4146 ad
2425 4092 2710 4149 Ecclesiam
2732 4095 3047 4150 dintanasse.
3077 4126 3151 4137 -—
3178 4097 3248 4151 Et
3275 4108 3329 4153 tu
3361 4099 3524 4176 igitur
3553 4102 3599 4156 si

1977 4183 2199 4252 quando
2224 4186 2505 4254 quOSpiam
2536 4187 2740 4243 videris
2786 4204 2852 4243 ex
2894 4190 2960 4244 iis
3004 4206 3125 4260 qua:
3162 4192 3415 4247 accidunt
3441 4209 3597 4249 scan-

1977 4274 2224 4340 dalizari,
2254 4277 2487 4346 primum
2516 4279 2735 4349 quidem
2765 4280 2897 4335 illud
2926 4283 3098 4352 cogita
3121 4324 3134 4346 ,
3164 4298 3272 4338 non
3303 4283 3429 4339 inde
3449 4325 3464 4348 ,
3499 4284 3596 4341 sed

1979 4381 2008 4419 a
2051 4367 2270 4436 propria
2301 4369 2541 4437 ipsorum
2570 4371 2940 4426 imbecillitate
2975 4373 3224 4426 scandala
3261 4376 3550 4443 provenire
3582 4394 3598 4432 :

1981 4458 2034 4513 id
2061 4459 2205 4529 quod
2238 4460 2477 4514 indicant
2506 4461 2604 4527 illi,
2636 4462 2725 4532 qui
2754 4463 2887 4518 nihil
2922 4464 3028 4517 tale
3061 4465 3358 4533 patiuntur.
3393 4466 3600 4523 Deinde

1979 4551 2266 4606 considera
2310 4553 2512 4607 multos
2541 4554 2872 4610 illustriores
2902 4555 3028 4610 inde
3057 4556 3300 4612 redditos
3327 4573 3477 4623 esse,
3509 4561 3600 4630 qui

1983 4647 2152 4701 Deum
2179 4646 2484 4716 glorilicant
2502 4690 2516 4712 ,
2542 4649 2700 4717 eique
2730 4664 2944 4703 sununo
2971 4649 3151 4704 studio
3178 4666 3275 4720 pro
3307 4650 3391 4706 bis
3420 4655 3600 4708 omni-

1982 4739 2082 4793 bus
2103 4740 2308 4809 gratias
2332 4749 2516 4808 agunt.
2543 4739 2663 4794 Noli
2695 4755 2827 4810 ergo
2855 4756 2972 4804 eos,
2996 4742 3088 4812 qui
3111 4742 3416 4798 labelactati
3447 4755 3600 4814 sunt,

1982 4841 2250 4900 spectare,
2285 4830 2381 4884 sed
2410 4845 2506 4886 eos
2527 4831 2618 4901 qui
2644 4833 2865 4888 stabiles
2892 4846 3307 4903 permanserunt
3327 4846 3383 4892 et
3405 4837 3603 4893 immo-

1983 4921 2116 4976 biles
2136 4963 2151 4986 ,
2187 4936 2356 4991 eaque
2386 4921 2596 4976 ratione
2627 4923 2963 4978 robustiores
3003 4935 3296 4980 evaserunt
3322 4945 3336 4982 :
3372 4942 3478 4982 non
3507 4945 3604 4984 eos

1981 5016 2070 5084 qui
2094 5015 2395 5070 conturbati
2416 5025 2564 5082 sunt,
2582 5016 2677 5070 sed
2696 5032 2792 5072 eos
2815 5018 2904 5085 qui
2923 5019 3223 5074 secundum
3243 5023 3602 5092 navigationis

1982 5123 2201 5162 cursum
2233 5119 2561 5173 tenuerunt,
2606 5111 2883 5180 multoque
2927 5113 3109 5182 plures
3152 5124 3279 5169 sunt
3325 5116 3468 5183 illis,
3513 5118 3604 5189 qui

1984 5199 2137 5256 luere
2181 5202 2443 5271 perversi.
2488 5202 2740 5257 Attamen
2782 5205 3028 5273 quamvis
3061 5206 3137 5260 illi
3166 5207 3352 5279 plures
3381 5221 3564 5266 essent
3590 5253 3605 5275 ,

1984 5293 2179 5348 melior
2205 5302 2290 5348 est
2321 5310 2488 5360 unus,
2521 5296 2610 5364 qui
2640 5294 2766 5349 facit
2797 5283 3128 5353 voluntatem
3162 5300 3417 5370 Domini,
3439 5317 3604 5374 quam

1985 5385 2134 5440 mille
2170 5387 2614 5455 praevaricatores
2644 5386 2831 5457 (Et-cli.
2866 5389 2955 5443 16.
2986 5388 3061 5463 3).

2041 5499 2171 5554 CAP.
2195 5499 2337 5554 XIX.
2365 5500 2480 5555 Hoc
2501 5503 2779 5556 multorum
2797 5507 3382 5576 ntartyruminstitutum
3399 5527 3460 5564 ac
3482 5529 3604 5580 pro-

1985 5591 2207 5660 positum
2233 5593 2391 5663 fuisse
2415 5595 2518 5647 sive
2546 5611 2662 5647 cum
2689 5599 2928 5662 viverent,
2959 5599 3062 5652 sive
3097 5616 3212 5653 cum
3258 5614 3606 5670 morerentur;

1985 5693 2234 5755 martyres
2271 5685 2445 5753 plures
2483 5686 2543 5739 ob
2572 5703 2777 5741 causas.
2800 5718 2870 5727 —
2905 5688 3098 5744 Veniat
3126 5691 3218 5746 tibi
3253 5692 3305 5746 in
3340 5704 3602 5764 mentem,

1984 5786 2116 5846 quot
2147 5787 2413 5850 martyres
2443 5777 2641 5834 fuerint
2683 5796 2938 5836 coronam
2967 5783 3167 5852 adepti.
3200 5784 3334 5840 Nam
3362 5787 3449 5840 alii
3477 5791 3601 5858 qui-

1984 5869 2108 5925 dem
2145 5871 2458 5930 verberibus
2487 5873 2615 5929 czesi
2641 5883 2800 5942 sunt,
2843 5884 2900 5932 et
2937 5876 2991 5933 in
3022 5893 3296 5937 carcerem
3327 5882 3560 5952 conjectl
3581 5925 3600 5952 ,
