4050 6464
477 377 581 433 519

469 489 560 546 alii
607 484 951 559 compedibus
994 491 1265 552 tamquam
1311 477 1682 533 malefactores
1727 473 1929 539 vincti,
1969 469 2057 524 alii

469 579 643 652 patria
670 576 811 648 pulsi
835 581 980 640 sunt,
1004 572 1091 627 alii
1123 585 1274 625 suam
1301 566 1655 624 substantiam
1689 561 2058 652 perdiderunt,

468 651 560 726 alii
576 683 800 743 peregre
816 675 942 722 sunt
965 663 1208 734 relegati,
1225 661 1315 714 alii
1357 657 1660 726 interempti
1680 663 1825 720 sunt,
1844 651 2059 722 quidam

470 776 533 818 re
571 762 682 831 ipsa
708 801 724 825 ,
751 756 966 831 quidam
1009 754 1124 809 sola
1167 753 1460 807 voluntate.
1503 747 1639 802 Cum
1677 745 1819 800 enim
1861 744 2060 796 lanceae

466 852 852 924 expedirentur
871 890 887 915 ,
923 854 1245 903 acuerentur
1271 856 1428 898 enses
1453 882 1468 908 ,
1499 839 1655 893 minae
1698 836 1919 907 singulis
1948 833 2060 889 die-

473 946 570 999 bus
603 945 1013 1004 intentarentur,
1044 945 1098 992 et
1121 935 1210 1007 qui
1237 933 1579 1003 magistratus
1607 927 1895 1000 gerebant,
1928 925 2060 979 iram

473 1037 742 1106 spirarent
760 1077 775 1098 ,
803 1031 978 1087 caedes
1007 1028 1341 1084 minarentur
1368 1033 1419 1078 et
1453 1035 1648 1093 genera
1677 1018 2060 1087 suppliciorum

474 1126 753 1180 innumera
779 1164 793 1188 ,
825 1122 1042 1175 minime
1065 1124 1378 1180 cesserunt,
1426 1126 1596 1182 neque
1624 1111 2018 1164 succubuerunt
2043 1146 2057 1170 ,

471 1215 566 1271 sed
611 1215 662 1268 in
709 1227 841 1284 rupe
885 1217 1150 1267 steterunt
1196 1205 1535 1274 immobiles,
1564 1211 1619 1256 et
1659 1200 1839 1254 omnia
1889 1198 2062 1251 facere

472 1307 688 1379 patique
726 1304 1065 1366 maluerunt,
1094 1314 1252 1371 quam
1296 1305 1354 1352 ut
1379 1296 1434 1350 in
1463 1293 1791 1349 consortium
1819 1288 2064 1343 venerint

472 1415 659 1457 eorum
699 1399 794 1469 qui
830 1396 1032 1451 scelera
1065 1401 1207 1448 tanta
1235 1395 1606 1461 patraverant,
1637 1399 1810 1454 neque
1843 1382 1940 1436 viri
1969 1394 2062 1434 so-

472 1495 580 1550 lum
607 1536 621 1561 ,
650 1491 743 1548 sed
769 1499 824 1548 et
850 1489 1118 1545 mulieres.
1149 1485 1280 1540 Nam
1321 1491 1376 1537 et
1419 1479 1671 1534 mulieres
1707 1476 1808 1530 hoc
1855 1473 2063 1527 inivere

476 1595 772 1646 certamen,
797 1592 851 1637 et
872 1577 1100 1650 amplius
1126 1590 1269 1646 saepe
1298 1587 1455 1642 quam
1485 1570 1586 1625 viri
1612 1584 1670 1624 se
1697 1566 1920 1621 viriliter
1950 1563 2063 1618 for-

475 1679 705 1746 titerque
746 1679 1044 1744 gesserunt.
1083 1667 1268 1738 Neque
1307 1665 1562 1720 mulieres
1603 1669 1844 1725 tantum,
1878 1657 1971 1713 sed
2011 1666 2067 1713 et

474 1767 875 1830 adolescentes,
923 1770 976 1817 et
1014 1758 1299 1816 admodum
1336 1758 1582 1825 juvenes.
1623 1753 1704 1806 An
1750 1750 1908 1819 igitur
1949 1748 2065 1802 hazc

476 1857 651 1928 exigui
679 1865 802 1911 sunt
828 1852 1082 1909 momenti
1113 1860 1189 1905 tot
1213 1857 1506 1920 martyrum
1538 1855 1740 1900 turmas
1769 1841 2064 1896 Ecclesium

474 1947 845 2005 luci-ifecisse?
875 1945 1010 2001 Sunt
1047 1943 1189 1998 enim
1221 1949 1488 2010 martyres
1512 1936 1600 1992 isti
1625 1948 1837 1990 omnes.
1884 1931 2066 2002 Neque

473 2041 617 2096 enim
665 2037 744 2093 illi
782 2037 954 2092 solum
999 2035 1088 2105 qui
1135 2031 1201 2088 ad
1242 2030 1502 2101 judicium
1545 2038 1668 2083 sunt
1711 2024 1965 2090 adducti,
2013 2033 2070 2078 et

474 2131 779 2186 sacrificare
795 2127 951 2198 jussi,
980 2140 1154 2195 neque
1180 2128 1505 2194 paruerunt,
1533 2118 1655 2188 quia
1681 2117 1820 2188 passi
1849 2123 1975 2170 sunt
2000 2128 2064 2169 ea

476 2239 597 2294 qua:
626 2231 750 2278 sunt
790 2220 966 2290 passi,
1007 2226 1268 2288 martyres
1305 2222 1428 2268 sunt
1467 2210 1691 2266 vocandi
1725 2227 1738 2263 :
1769 2208 1862 2264 sed
1902 2208 2066 2263 etiam

478 2314 550 2368 illi
578 2314 667 2382 qui
696 2312 766 2366 ob
791 2325 904 2366 rem
927 2307 1202 2380 quamvis,
1233 2321 1352 2374 quae
1398 2303 1510 2358 Deo
1555 2302 1822 2371 placeret,
1867 2297 2068 2368 aliquid

477 2405 585 2473 pati
641 2405 780 2458 ultro
832 2400 1156 2464 voluerunt;
1217 2406 1271 2452 et
1331 2396 1375 2449 si
1442 2396 1561 2464 quis
1613 2409 1725 2448 rem
1790 2392 2070 2463 diligenter

475 2494 899 2558 examinaverit,
946 2491 1000 2545 hi
1044 2498 1170 2545 sunt
1218 2488 1390 2558 potius
1437 2502 1594 2556 quam
1644 2485 1738 2539 illi.
1775 2484 1890 2539 Non
1924 2485 2066 2538 enim

474 2585 696 2655 mqnalis
723 2591 805 2638 est
827 2579 1028 2646 meriti,
1043 2593 1164 2634 cum
1182 2575 1442 2648 ejusmodi
1463 2576 1711 2630 interitus
1729 2584 1782 2627 et
1805 2573 2068 2643 pernicies

477 2678 670 2729 animae
686 2670 1064 2741 sit'proposita,
1076 2676 1388 2723 contentum
1409 2681 1528 2722 esse
1545 2663 1738 2734 aliquid
1757 2665 1946 2733 pati,et
1963 2677 2068 2717 non

479 2766 695 2836 perire,
737 2772 897 2832 atque
938 2763 1009 2817 ob
1051 2761 1228 2814 minus
1266 2755 1484 2827 aliquod
1549 2756 1746 2808 bonum
1795 2769 1928 2823 opus
1972 2753 2074 2808 hoc

476 2856 652 2925 ipsum
685 2853 1002 2923 supplicium
1047 2850 1334 2905 sustinere.
1365 2848 1548 2916 Neque
1591 2861 1720 2901 vero
1766 2846 1940 2900 solum
1979 2860 2074 2900 eos

474 2947 566 3016 qui
592 2946 753 2999 occisi
781 2954 925 3010 sunt,
953 2943 1048 2997 sed
1077 2942 1238 2996 etiam
1281 2955 1375 2996 eos
1414 2939 1504 3010 qui
1546 2939 1716 3009 parati
1747 2941 1992 3005 fuerunt,
2019 2948 2074 2994 et

474 3040 541 3093 ad
573 3039 677 3094 hoc
701 3037 938 3108 prompti
964 3079 979 3104 ,
1014 3035 1254 3105 martyrii
1285 3047 1538 3088 coronam
1577 3030 1801 3101 adeptos
1829 3045 1982 3096 esse,
2019 3037 2075 3085 et

475 3132 579 3186 hoc
604 3131 798 3200 ipsum,
832 3138 886 3184 et
911 3127 1050 3198 quod
1083 3126 1228 3198 prius
1257 3125 1388 3185 dixi.
1415 3138 1536 3178 eum
1561 3123 1649 3193 qui
1677 3123 1747 3177 ob
1777 3137 1862 3177 res
1891 3122 2070 3176 mino-

477 3239 572 3298 res
595 3225 807 3281 occisus
834 3224 919 3286 sit,
959 3230 1251 3293 martyrem
1275 3233 1396 3275 esse
1425 3216 1739 3288 perfectum,
1767 3217 2074 3272 testimonio

477 3317 629 3374 Pauli
657 3315 895 3372 conabor
924 3313 1171 3384 probare.
1202 3309 1333 3366 Cum
1365 3310 1507 3365 enim
1537 3309 1790 3377 coepisset
1818 3323 1913 3363 eos
1937 3324 2074 3362 enu-

479 3423 688 3464 morare
755 3407 943 3462 beatus
990 3404 1229 3466 Paulus,
1282 3403 1372 3471 qui
1427 3401 1689 3470 majorum
1749 3399 2077 3468 temporibus

479 3501 714 3556 illustres
739 3498 990 3562 fuerant,
1023 3506 1184 3566 atque
1209 3494 1278 3550 ab
1305 3495 1420 3564 ipso
1445 3493 1613 3549 Abele
1653 3492 1858 3546 initium
1897 3491 2077 3546 duxis-

477 3602 582 3656 set,
600 3591 790 3647 deinde
810 3590 877 3644 ad
899 3589 1011 3644 Noe
1033 3602 1364 3659 progressus,
1389 3587 1679 3650 Abraham,
1701 3585 1865 3646 Isaac.
1886 3583 2072 3650 Jacob,

478 3684 714 3755 Moysem
737 3723 750 3746 ,
778 3682 972 3746 Josue,
1001 3680 1252 3734 Davidem
1273 3721 1288 3746 ,
1333 3678 1638 3734 Samuelem
1661 3719 1676 3741 ,
1725 3677 1893 3732 Eliam
1916 3720 1929 3742 ,
1963 3677 2076 3730 Eli-

479 3792 646 3831 sazutn
666 3819 681 3842 ,
708 3775 899 3831 Jobum
922 3816 935 3836 ,
965 3773 1162 3842 adjecit
1186 3772 1373 3827 dicens
1397 3790 1410 3826 :
1440 3770 1666 3840 Ideoque
1692 3781 1738 3824 et
1766 3787 1858 3824 nos
1886 3779 2077 3823 tantam

484 3867 713 3921 tabentes
737 3867 1022 3936 impositam
1041 3865 1221 3918 nubem
1245 3872 1525 3932 martyrum
1547 3861 1729 3934 (Hebr.
1757 3860 1845 3916 12.
1878 3861 1952 3932 1).
1983 3863 2080 3918 At-

477 3959 572 4026 qui
599 3971 702 4012 non
730 3971 918 4010 omnes
945 3955 1023 4010 illi
1054 3954 1238 4020 occisi,
1267 3955 1375 4008 imo
1404 3970 1470 4008 ne
1497 3968 1635 4007 unus
1663 3953 1879 4023 quidem
1900 3993 1914 4018 ,
1946 3954 2080 4007 dno-

481 4049 585 4103 bus
630 4057 721 4101 aut
767 4046 938 4101 tribus
987 4045 1265 4115 exceptis,
1308 4044 1478 4100 Abcle
1517 4044 1723 4098 scilicet
1748 4053 1805 4098 et
1830 4042 2077 4098 Joanne:

479 4141 662 4194 cieteri
693 4153 822 4193 vero
851 4137 1076 4191 naturali
1103 4144 1276 4190 morte
1303 4135 1465 4189 vitam
1497 4133 1772 4191 nierunt.
1793 4134 2080 4188 Enimvero

481 4233 718 4289 Joannes
744 4232 858 4300 ipse
879 4246 984 4285 non
1008 4243 1132 4283 cmn
1159 4223 1467 4284 Sacricare
1491 4227 1676 4297 jussus
1698 4237 1881 4291 esset,
1909 4242 2082 4296 neque

482 4327 767 4397 paruisset,
800 4322 1009 4378 occisus
1038 4331 1138 4383 est,
1177 4335 1351 4390 neque
1376 4319 1442 4373 ad
1473 4320 1640 4373 altare
1663 4317 1923 4372 deductus
1944 4359 1959 4383 ,
1985 4333 2082 4371 ne-

485 4432 587 4486 que
635 4414 702 4470 ad
752 4413 950 4468 idolum
1000 4420 1332 4482 pertractus,
1387 4410 1482 4464 sed
1523 4409 1592 4463 ob
1638 4426 1802 4464 unum
1835 4409 2079 4464 verbum.

485 4506 622 4561 Nam
652 4505 901 4575 quoniam
934 4502 1142 4557 dixerat
1178 4500 1374 4556 llerodi
1407 4518 1419 4553 :
1455 4498 1578 4554 Non
1620 4501 1734 4553 licet
1773 4500 1858 4553 tibi
1903 4499 2086 4553 habere

489 4613 703 4652 uxorem
739 4595 975 4663 Philippi
1007 4594 1181 4664 fratris
1211 4595 1284 4645 tui
1314 4592 1541 4663 (Matth.
1567 4594 1653 4646 H.
1683 4594 1717 4646 4
1736 4591 1779 4663 ),
1808 4605 1860 4644 et
1889 4593 1938 4645 in
1967 4608 2086 4647 car-

486 4702 614 4743 cere
649 4685 926 4748 habitavit,
974 4694 1028 4738 et
1078 4682 1278 4738 caedem
1307 4683 1449 4736 illam
1476 4683 1743 4739 sustinuit.
1790 4683 1940 4750 Quod
1965 4682 2010 4737 si
2040 4683 2086 4738 is

485 4779 574 4849 qui
609 4775 1007 4831 matrimonium
1037 4784 1222 4830 contra
1253 4775 1397 4843 leges
1423 4783 1754 4828 contractum
1794 4775 1936 4828 ultus
1967 4784 2079 4842 est,

488 4875 749 4937 quantum
782 4867 833 4919 in
865 4866 981 4936 ipso
1006 4864 1221 4934 quidem
1252 4863 1350 4917 fuit
1377 4862 1589 4936 (neque
1618 4864 1758 4918 enim
1787 4865 1926 4934 quod
1958 4881 2084 4934 per-

493 4973 676 5027 peram
707 4966 910 5027 gestum
939 4964 1022 5010 est
1048 4953 1372 5016 emendavit,
1397 4954 1490 5007 sed
1513 4953 1647 5007 dixit
1669 4962 1892 5017 tantum,
1915 4969 2086 5024 neque

491 5050 661 5118 potuit
688 5047 988 5118 impedire),
1018 5048 1061 5100 si
1088 5062 1222 5117 ergo
1249 5061 1368 5100 cum
1400 5045 1628 5100 dixisset
1660 5054 1888 5111 tantum,
1913 5063 2085 5116 neque

497 5140 647 5195 aliud
680 5155 743 5194 ex
776 5154 833 5193 se
858 5138 1189 5201 contulisset,
1213 5153 1278 5192 eo
1305 5138 1446 5207 quod
1476 5138 1650 5207 capite
1680 5147 1974 5193 trunctatus
1996 5139 2085 5206 sit,

494 5243 698 5303 martyr
724 5241 774 5285 et
806 5239 1098 5300 martyrum
1134 5231 1334 5298 primus
1361 5238 1441 5284 est
1471 5247 1484 5282 :
1517 5231 1606 5300 qui
1638 5241 1743 5283 tam
1776 5231 1956 5284 multis
1981 5245 2087 5284 ete-

493 5323 648 5380 dibus
677 5337 734 5378 se
764 5323 1098 5391 objecerunt,
1131 5337 1304 5389 neque
1324 5321 1434 5384 jam
1467 5321 1699 5385 Herodi,
1727 5321 1822 5375 sed
1849 5321 2085 5375 universi

493 5417 640 5472 orbis
686 5426 946 5470 terrarum
989 5413 1318 5483 principibus
1369 5428 1428 5467 se
1471 5424 1865 5482 opposuerunt,
1915 5429 2089 5483 neque

495 5505 730 5577 conjugii
776 5507 935 5560 unius
965 5504 1162 5574 injuste
1208 5503 1322 5557 initi
1347 5546 1361 5567 ,
1391 5503 1485 5557 sed
1513 5505 1800 5572 patriarum
1835 5505 2008 5574 legum
2037 5514 2091 5559 et

499 5598 756 5655 Ecclesiae
783 5598 977 5652 rituum
1010 5595 1375 5650 defensionem
1410 5604 1800 5664 susceperunt,
1836 5610 1971 5665 quos
2000 5596 2089 5650 alii

496 5692 919 5754 insectabantur,
949 5699 1002 5744 et
1041 5703 1161 5742 cum
1205 5686 1384 5741 verbis
1421 5697 1534 5741 tum
1563 5687 1812 5757 Operibus
1842 5686 2087 5742 duciam

510 5797 621 5853 prte
646 5798 705 5843 se
734 5783 1006 5851 tulerunt,
1037 5795 1157 5836 cum
1188 5780 1406 5851 singulis
1432 5778 1618 5836 diebus
1649 5787 2005 5851 morerentur,
2036 5789 2092 5837 et

1184 366 1241 424 S.
1280 361 1560 423 JOANNIS
1581 354 2056 418 CHRYSOSTOMI
2097 352 2414 410 ARCHIEP.
2457 351 2996 410 CONSTANTINOP.

3660 349 3778 404 520

2165 469 2291 537 viri,
2318 479 2372 525 et
2399 471 2672 534 mulieres,
2695 481 2750 526 et
2775 470 2946 541 pueri,
2973 485 3151 526 nonne
3171 469 3365 526 millies
3395 472 3445 526 in
3468 481 3781 547 martyrum

2169 577 2449 616 numerum
2489 562 2720 617 adscribi
2763 563 3076 617 merentur?
3105 563 3546 633 Quandoquidem
3592 565 3781 618 Abra-

2167 651 2290 707 ham
2319 667 2548 724 quoque,
2584 669 2704 709 cum
2735 670 2841 709 non
2870 656 3042 725 reipsa
3073 655 3238 708 filium
3272 666 3580 724 mactasset,
3605 655 3780 711 animi

2167 750 2440 817 proposito
2487 748 2652 802 [ilium
2685 750 2974 816 mactavit,
3005 758 3060 804 et
3089 766 3274 805 vocem
3307 752 3454 806 illam
3496 755 3781 808 cmlestem

2168 839 2436 895 dicentem
2479 841 2728 895 audivit:
2765 841 2886 895 Non
2929 843 3196 912 pepercisti
3231 844 3490 915 unigenito
3537 847 3648 914 [ilio
3692 857 3784 900 tuo

2168 943 2375 1002 propter
2402 950 2481 987 me
2507 932 2656 1002 (Gen.
2689 934 2778 988 22.
2807 933 2917 1008 l2).
2942 933 3017 989 lta
3043 936 3119 1001 lit,
3146 945 3204 990 ut
3226 937 3425 1006 ubique
3452 939 3618 992 animi
3651 955 3783 1006 pro-

2168 1023 2398 1090 positum
2426 1065 2440 1088 ,
2473 1024 2560 1077 ubi
2593 1023 2887 1092 perfectum
2936 1025 3094 1080 fuerit
3132 1026 3184 1079 in
3228 1027 3424 1081 virtute
3448 1069 3463 1090 ,
3511 1029 3781 1096 integram

2167 1127 2422 1166 coronam
2451 1115 2698 1183 accipiat.
2730 1114 2884 1182 Quod
2910 1116 2954 1170 si
2989 1116 3077 1170 ille
3097 1158 3110 1182 ,
3145 1131 3266 1171 cum
3291 1117 3400 1172 filio
3427 1134 3526 1172 suo
3553 1134 3660 1173 non
3687 1134 3783 1188 pe

2171 1203 2465 1270 percisset,
2503 1205 2571 1256 ita
2599 1205 2900 1260 celebratus
2932 1215 3046 1272 est,
3086 1205 3140 1259 hi
3183 1221 3304 1260 cum
3352 1208 3455 1262 sibi
3495 1208 3627 1277 ipsis
3670 1225 3784 1263 non

2169 1295 2525 1361 pepercerim,
2553 1296 2724 1365 cogita
2748 1305 3000 1365 quantam
3023 1297 3128 1350 sint
3149 1300 3415 1367 recepturi
3439 1299 3779 1366 mercedem,

2169 1385 2258 1454 qui
2291 1400 2394 1440 nor.
2427 1403 2590 1441 unum
2622 1399 2676 1441 et
2716 1388 2852 1444 duos
2873 1431 2886 1455 ,
2939 1398 3116 1444 tresve
3158 1390 3274 1445 dies
3297 1431 3313 1457 ,
3351 1392 3448 1447 sed
3479 1408 3575 1461 per
3605 1401 3780 1446 tntum

2167 1477 2291 1532 vitae
2320 1494 2430 1532 sua:
2461 1489 2670 1550 tempus
2693 1481 2745 1534 in
2770 1480 2868 1535 hac
2887 1482 3001 1535 acie
3026 1492 3312 1547 steterunt,
3336 1485 3616 1550 conviciis,
3648 1500 3781 1538 con-

2172 1571 2421 1637 tumeliis,
2451 1572 2680 1641 injuriis,
2705 1573 2986 1627 calumniis
3013 1574 3269 1628 divexati.
3295 1574 3479 1646 Neque
3501 1578 3646 1630 enim
3674 1577 3781 1632 hoc

2170 1662 2345 1732 exigui
2376 1673 2455 1718 est
2485 1663 2760 1718 momenti.
2785 1663 3046 1731 Quocirca
3077 1664 3255 1718 laudat
3287 1665 3387 1720 hoc
3415 1683 3629 1738 quoque
3661 1684 3780 1722 ma

2170 1769 2306 1824 gnus
2338 1755 2532 1809 Paulus
2561 1755 2747 1811 dicens
2774 1773 2787 1809 :
2826 1755 2890 1810 Et
2921 1757 2974 1809 in
2999 1756 3162 1811 altera
3191 1758 3395 1825 quidem
3422 1761 3713 1830 opprobriis
3735 1772 3784 1816 et

2172 1846 2581 1900 tribulationibus
2605 1848 2947 1915 spectaculum
2973 1849 3096 1914 facti
3124 1865 3142 1901 :
3169 1849 3219 1902 in
3249 1850 3411 1902 altero
3447 1861 3618 1904 autem
3655 1854 3784 1907 socii

2172 1937 2339 1989 taliter
2365 1937 2959 2006 conversantiume/fecti
2984 1940 3002 2009 (
3030 1939 3190 1993 Hebr.
3225 1940 3309 1995 lO.
3335 1942 3406 1997 55
3503 1943 3620 1998 Jam
3652 1945 3781 2014 quid

2173 2027 2366 2081 attinet
2397 2042 2490 2082 eos
2519 2043 2946 2084 commemorare
2971 2031 3060 2098 qui
3091 2042 3142 2085 et
3177 2032 3276 2100 ipsi
3307 2042 3433 2087 sunt
3460 2037 3696 2102 mortui,
3728 2047 3784 2091 et

2173 2117 2262 2195 qui
2293 2133 2388 2172 eos
2413 2120 2732 2186 incitarunt,
2762 2136 2793 2174 a
2824 2121 3013 2190 quibus
3043 2122 3164 2177 talia
3197 2125 3634 2195 suscipiebantur
3660 2143 3783 2183 cer-

2171 2193 2370 2261 tamina
2397 2250 2410 2272 ,
2437 2224 2559 2263 cum
2591 2210 2733 2265 viros
2754 2250 2770 2275 ,
2799 2219 2912 2265 tum
2943 2211 3239 2266 mulieres?
3267 2193 3432 2269 Recte
3473 2226 3654 2270 autem
3684 2216 3784 2272 hos

2173 2312 2384 2366 quoque
2411 2297 2608 2353 laudat.
2639 2299 2770 2353 Nam
2800 2309 2853 2354 et
2882 2299 3166 2357 facultates
3190 2317 3316 2356 suas
3345 2319 3646 2375 exposuere
3669 2321 3783 2376 per-

2175 2389 2351 2456 multi,
2371 2398 2431 2444 ut
2455 2390 2615 2446 etiam
2644 2391 2806 2446 vincti
2829 2401 2883 2447 et
2909 2394 3124 2448 exsules
3153 2403 3314 2449 tanta:
3340 2397 3664 2453 calamitatis
3683 2400 3783 2454 alis

2175 2496 2281 2551 quo
2310 2483 2502 2537 solatio
2538 2483 2868 2550 fruerentur,
2901 2495 2955 2540 et
2979 2485 3128 2554 juxta
3159 2487 3360 2542 dictum
3394 2488 3523 2544 illud
3550 2492 3782 2561 apostoli

2179 2571 2299 2644 (Ib.
2339 2589 2388 2632 v.
2417 2571 2547 2645 54),
2580 2589 2700 2628 cum
2742 2575 2936 2646 gaudio
2981 2579 3221 2646 rapinam
3267 2579 3532 2634 bonorum
3560 2596 3785 2638 suorum

2176 2667 2549 2736 susciperent:
2579 2669 2666 2721 alii
2703 2670 2893 2737 partim
2924 2672 3092 2739 patria
3113 2713 3128 2736 ,
3163 2673 3354 2740 partim
3382 2674 3489 2728 vita
3524 2675 3642 2743 ipsa
3670 2679 3782 2745 pri-

2175 2759 2284 2812 vati
2327 2769 2468 2813 sunt.
2518 2759 2649 2814 Cum
2695 2763 2853 2831 igitur
2899 2770 3072 2836 tantas
3110 2779 3241 2834 opes
3295 2766 3516 2833 videas,
3569 2778 3784 2825 tantum

2179 2851 2408 2917 lucrum,
2445 2861 2647 2906 tantum
2679 2864 2940 2923 qutestum
2967 2855 3223 2911 Ecclesiae
3256 2859 3575 2925 obvenisse,
3609 2868 3790 2916 tantos

2177 2943 2474 3010 acquisitos
2504 2959 2627 2999 esse
2670 2945 2953 3001 thesauros
2977 2989 2990 3010 ,
3021 2963 3116 3004 eos
3146 2951 3232 3018 qui
3265 2951 3411 3020 prius
3437 2953 3622 3006 animo
3651 2969 3788 3009 cou-

2177 3031 2421 3087 ciderant
2442 3076 2456 3099 ,
2488 3033 2610 3103 igne
2640 3036 2976 3093 ardentiores
3006 3054 3127 3094 esse
3175 3041 3343 3096 factos
3364 3084 3381 3108 ,
3421 3058 3518 3097 eos
3552 3046 3646 3113 qui
3693 3045 3791 3100 toti

2179 3122 2401 3179 theatris
2449 3125 2595 3179 aflixi
2640 3139 2827 3194 erant,
2877 3128 3087 3183 deserta
3135 3131 3389 3199 petiisse,
3433 3148 3496 3188 ac
3537 3135 3708 3190 saltus
3737 3145 3793 3190 et

2179 3224 2391 3268 montes
2420 3215 2472 3269 in
2505 3214 2777 3270 Ecclesias
2805 3219 3137 3275 convertisse
3161 3261 3176 3285 ,
3223 3235 3284 3276 ac
3325 3225 3544 3279 nemine
3569 3239 3790 3296 gregem

2181 3305 2463 3371 educente,
2486 3323 2612 3363 oves
2643 3323 2917 3378 pastorum
2947 3328 3170 3367 munere
3196 3313 3408 3370 functas
3433 3331 3574 3382 esse,
3603 3333 3668 3373 ac
3696 3321 3794 3376 mi-

2183 3397 2302 3453 lites
2328 3398 2454 3454 item
2489 3401 2825 3472 imperatoris
2848 3420 2911 3459 ac
2936 3404 3109 3471 ducis,
3137 3422 3259 3462 cum
3289 3418 3487 3464 tantam
3510 3412 3796 3468 conliden-

2183 3491 2308 3545 tiam
2336 3507 2399 3545 ac
2428 3491 2789 3548 fortitudinem
2824 3512 2933 3565 pra:
2963 3513 3023 3552 se
3064 3499 3296 3563 ferrent,
3338 3517 3636 3574 omnesque
3665 3522 3790 3562 cum

2181 3595 2247 3635 eo
2272 3597 2378 3650 quo
2409 3598 2506 3651 par
2543 3596 2659 3638 erat
2689 3585 2884 3642 ardore
2908 3629 2923 3652 ,
2962 3589 3140 3643 studio
3163 3632 3178 3656 ,
3223 3591 3490 3663 diligentia
3532 3596 3796 3653 collecus

2181 3672 2455 3729 celebrare
2487 3692 2500 3728 :
2530 3690 2634 3729 non
2656 3677 2997 3747 obstupescis
3021 3690 3075 3734 et
3100 3682 3334 3750 miraris,
3359 3687 3632 3754 negotium
3655 3689 3798 3744 adeo

2183 3763 2405 3820 feliciter
2444 3768 2813 3823 successisse?
2852 3769 2968 3824 Non
3015 3773 3157 3827 enim
3205 3776 3367 3833 modo
3404 3776 3498 3845 qui
3547 3781 3796 3835 moribus

2184 3857 2364 3925 probis
2396 3868 2568 3923 erant,
2600 3860 2694 3914 sed
2724 3872 2779 3915 et
2806 3862 2957 3916 multi
2991 3864 3080 3931 qui
3116 3863 3445 3921 theatrorqu
3474 3870 3682 3924 insania
3714 3871 3796 3925 la-

2185 3949 2463 4016 borabant,
2508 3961 2556 4005 et
2611 3952 2747 4007 ludis
2788 3954 3133 4011 Circensibus
3177 3958 3375 4013 addicti
3429 3971 3582 4016 erant
3609 4005 3624 4027 ,
3671 3967 3796 4019 zelo

2184 4040 2413 4108 quodam
2447 4041 2566 4110 igne
2595 4043 2982 4099 vehementiori
3009 4049 3256 4102 succensi
3282 4059 3446 4104 totam
3478 4052 3624 4108 illam
3648 4055 3798 4109 insa-

2187 4132 2327 4185 niam
2373 4132 2682 4200 abjecerunt
2708 4177 2723 4201 ,
2763 4146 2817 4189 et
2859 4152 2956 4205 per
2985 4138 3128 4207 ipsos
3157 4142 3544 4209 propemodum
3583 4147 3798 4216 gladios

2187 4223 2503 4277 exsilierunt
2523 4267 2537 4290 ,
2575 4228 2916 4297 magistratus
2939 4231 3196 4287 audacter
3218 4250 3282 4289 ac
3310 4234 3476 4291 libere
3501 4252 3626 4293 sunt
3652 4241 3794 4296 allo-

2186 4317 2367 4385 quuti,
2413 4326 2676 4374 tormenta
2721 4332 3044 4390 spreverunt
3073 4367 3086 4378 .
3113 4327 3287 4382 minas
3324 4335 3596 4400 aspernati
3626 4347 3791 4402 sunt,

2187 4419 2384 4476 quanta
2419 4409 2627 4464 virtutis
2653 4412 2722 4466 sit
2750 4413 2831 4467 vis
2862 4415 3240 4483 ostenderunt,
3270 4430 3325 4475 et
3352 4437 3460 4491 quo
3491 4435 3649 4493 pacto
3675 4426 3795 4483 eri

2188 4501 2360 4568 possit
2401 4511 2459 4554 ut
2498 4503 2661 4557 etiam
2706 4504 2864 4560 valde
2916 4507 3157 4576 perditus
3203 4510 3366 4566 homo
3417 4517 3792 4584 pmnitentiam

2191 4606 2357 4660 agens
2387 4602 2441 4647 et
2468 4609 2762 4652 conversus
2796 4599 2967 4668 ipsum
3016 4604 3177 4657 etiam
3222 4605 3488 4677 fastigium
3533 4611 3794 4668 cazlorum

2192 4683 2436 4754 attingat.
2467 4687 2598 4740 Cum
2645 4703 2772 4757 ergo
2819 4699 2926 4746 tam
2973 4695 3139 4747 multa
3184 4699 3402 4764 praemia
3437 4700 3652 4768 videas,
3685 4714 3796 4761 tam

2192 4775 2386 4828 multas
2416 4791 2646 4834 coronas
2671 4781 2958 4849 acquisitas
2985 4823 2998 4843 ,
3035 4795 3233 4839 tantam
3263 4803 3503 4857 sparsam
3532 4807 3656 4850 esse
3698 4796 3799 4852 do-

2191 4865 2438 4930 ctrinam,
2474 4869 2617 4923 unde
2641 4912 2655 4935 ,
2699 4887 2881 4940 quarso
2903 4914 2917 4938 ,
2961 4874 3045 4938 fit,
3090 4886 3148 4930 ut
3179 4880 3593 4940 scandalizeris?
3621 4888 3704 4943 E1
3728 4905 3799 4945 eo

2192 4957 2334 5022 quod
2356 4960 2593 5013 nonnulli
2623 4966 3091 5035 pereanttinquit.
3123 4970 3189 5022 At
3214 4972 3358 5026 enim
3383 5017 3397 5039 ,
3423 4986 3481 5029 ut
3505 4975 3617 5045 jam
3653 4979 3791 5046 dixi,

2193 5059 2367 5115 neque
2393 5049 2574 5105 dicere
2598 5051 2860 5119 desinam,
2891 5055 2944 5110 bi
2973 5059 3290 5126 perditionis
3318 5079 3429 5119 suae
3454 5071 3798 5128 occasionem

2191 5139 2290 5192 sibi
2311 5140 2446 5209 ipsis
2485 5142 2683 5198 debent
2709 5147 2992 5217 imputare.
3021 5151 3160 5208 Nihil
3201 5157 3344 5209 enim
3386 5159 3526 5215 aliud
3557 5172 3668 5218 toto
3697 5165 3798 5222 de-

2193 5245 2352 5286 cursu
2380 5236 2640 5290 orationis
2664 5239 2892 5306 probare
2917 5244 3190 5300 contendi.
3219 5246 3398 5302 Dicam
3422 5261 3474 5304 et
3499 5251 3642 5307 aliud
3669 5271 3804 5325 pras-

2192 5325 2395 5378 clarum
2429 5325 2633 5381 facinus
2662 5328 2783 5384 inde
2810 5342 3014 5387 natum.
3037 5335 3208 5403 Quam
3240 5340 3391 5394 multi
3417 5343 3560 5397 larva
3585 5346 3803 5414 pietatis

2193 5413 2430 5479 obtecti,
2462 5433 2622 5486 quam
2662 5421 2814 5475 multi
2846 5425 3154 5480 simulatam
3185 5413 3652 5495 mansuetudinem
3688 5455 3802 5508 pm

2192 5519 2250 5559 se
2279 5504 2512 5561 ferentes
2532 5547 2549 5574 ,
2598 5525 2758 5579 quam
2789 5514 2946 5569 multi
2971 5557 2986 5582 ,
3016 5518 3106 5586 qui
3136 5520 3232 5574 viri
3266 5525 3445 5592 magni
3491 5541 3614 5582 esse
3641 5504 3798 5598 puta-

2193 5595 2404 5663 bantur,
2439 5613 2538 5653 nec
2577 5611 2767 5670 erant,
2800 5605 3081 5663 confestim
3133 5609 3236 5666 hoc
3277 5622 3518 5685 tempore
3563 5595 3799 5677 convicti

2196 5689 2428 5756 fuerunt,
2463 5691 2783 5765 illorumque
2811 5697 3018 5753 fallacia
3049 5700 3283 5769 detecta,
3313 5709 3453 5775 quod
3483 5721 3671 5775 erant,
3698 5728 3798 5783 ap-

2202 5791 2523 5854 paruerunt,
2548 5800 2655 5841 non
2691 5787 2831 5858 quod
2863 5804 2958 5860 per
2998 5805 3265 5851 summam
3305 5796 3550 5856 fraudem
3585 5817 3646 5860 se
3672 5814 3799 5860 esse
