4050 6428
226 363 337 422 529

229 477 611 551 περιέκειντο,
648 477 698 530 οί
730 474 787 529 δέ
832 471 1091 544 πατρίδος
1123 469 1407 535 ἐξέπεσον,
1453 466 1505 519 οί
1535 464 1593 518 δέ
1638 461 1829 517 οὐσίαν

228 569 536 634 ἀπέϐαλον,
559 571 610 623 οί
634 568 694 622 δέ
733 567 870 638 πρὸς
912 565 1014 638 τὴν
1047 563 1354 637 ὑπερορίαν
1381 556 1826 631 μετῳκίσθησαν,

227 661 282 717 οί
315 662 375 717 δι
406 661 752 732 ἐσφάγησαν,
776 660 826 712 οί
856 657 956 729 μὲν
983 658 1079 711 καὶ
1100 657 1168 728 τῇ
1199 655 1391 725 πείρα,
1416 653 1465 706 οί
1488 651 1547 704 δὲ
1568 649 1664 703 καὶ
1691 647 1828 719 μόνῃ

229 757 300 826 τῇ
328 753 544 827 γνώμῃ.
560 753 673 808 Καὶ
697 753 809 824 γὰρ
830 751 1075 824 δοράτων
1095 747 1513 820 γυμνουμένων,
1537 743 1632 798 καὶ
1658 740 1830 810 ξιφῶν

230 847 592 919 ἡκονημένων
612 883 627 908 ,
689 845 786 898 καὶ
843 842 1087 898 ἀπειλῶν
1146 839 1269 895 καθ’
1330 838 1571 908 ἐκάστην
1615 835 1830 906 ἡμέραν

239 937 556 1008 γινομένων,
587 933 684 987 καὶ
709 932 819 987 τῶν
854 932 914 986 ἐν
953 931 1152 1002 ἀρχαῖς
1184 926 1362 1000 θυμοῦ
1398 928 1671 982 πνεόντων
1690 963 1705 988 ,
1736 922 1830 977 καὶ

233 1028 413 1098 φόνων
437 1023 970 1096 ἐπανατεινομένων,
996 1021 1096 1077 καὶ
1122 1020 1337 1093 μυρίων
1363 1017 1522 1073 είδῶν
1550 1016 1830 1071 κολάσεων

231 1118 330 1174 καὶ
357 1116 660 1190 τιμωριῶν,
680 1117 784 1172 οὐκ
825 1110 999 1183 εἴξαν,
1026 1113 1151 1168 οὐδὲ
1189 1112 1484 1192 ἐνέδωκαν.
1516 1109 1634 1164 ἀλλ’
1663 1109 1829 1179 έστη-

234 1226 337 1265 σαν
383 1210 477 1263 ἐπὶ
527 1209 629 1280 τῆς
661 1207 868 1278 πέτρας
914 1204 1205 1277 ἀκίνητοι,
1239 1202 1420 1258 πάντα
1457 1201 1557 1254 καὶ
1602 1199 1830 1269 ποιῆσαι

231 1300 331 1355 καὶ
372 1299 565 1355 παθεῖν
596 1297 936 1371 αἱρούμενοι,
963 1297 1104 1352 ὥστε
1147 1295 1223 1368 μή
1257 1292 1588 1365 κοινωνῆσαι
1617 1293 1685 1362 τῇ
1720 1308 1828 1344 πα-

237 1391 472 1463 ρανομίᾳ
501 1390 613 1445 τῶν
648 1389 716 1444 τά
748 1387 977 1444 τοιαῦτα
1010 1389 1464 1462 τετολμηκότων,
1503 1386 1606 1441 οὐκ
1635 1384 1830 1457 ἄνδρες

227 1480 292 1537 δὲ
329 1482 511 1554 μόνον,
536 1480 676 1536 άλλά
706 1481 803 1536 καὶ
833 1482 1113 1550 γυναῖκες.
1148 1480 1262 1535 Καὶ
1296 1479 1409 1552 γάρ
1443 1475 1540 1532 καὶ
1569 1478 1830 1546 γυναῖκες

230 1570 370 1644 πρὸς
392 1571 485 1626 τδν
511 1569 700 1640 ἀγῶνα
734 1568 1076 1624 ἀπεδύσαντο
1101 1568 1313 1635 τοῦτον,
1344 1567 1441 1622 καὶ
1466 1564 1680 1637 ἀνδρῶν
1705 1563 1832 1617 πολ-

228 1662 399 1735 λαχοῦ
463 1662 665 1735 μᾶλλον
686 1697 694 1710 ι
718 1662 1064 1733 ήνδρίσαντο.
1102 1662 1179 1718 Οὐ
1227 1661 1488 1730 γυναῖκες
1526 1657 1582 1713 δὲ
1629 1658 1792 1730 μόνον
1810 1698 1827 1724 ,

229 1753 371 1808 ἀλλά
401 1755 496 1808 καὶ
526 1753 637 1809 νέοι
664 1753 761 1810 καὶ
801 1754 1065 1825 μειράκια
1095 1752 1319 1825 κομιδῆ.
1351 1749 1517 1806 Ταῦτ’
1546 1744 1663 1816 οὖν,
1704 1747 1828 1802 είπέ

233 1862 348 1916 μοι,
379 1844 578 1918 μικρά,
608 1842 864 1898 τοσοῦτον
901 1844 1074 1916 δῆμον
1113 1843 1411 1915 μαρτύρων
1438 1841 1701 1914 κερδᾶναι
1728 1839 1834 1911 τὴν

243 1936 607 2009 Ἐκκλησίαν;
639 1936 935 2009 Μάρτυρες
973 1935 1088 2008 γάρ
1128 1935 1370 2000 άπαντες
1402 1928 1570 1990 οὗτοι.
1607 1933 1684 1987 Οὐ
1715 1932 1828 2004 γάρ

227 2030 296 2101 δὴ
334 2029 497 2101 μόνον
528 2031 728 2083 ἐκεῖνοι
756 2029 807 2082 οί
836 2029 918 2092 είς
947 2028 1303 2100 δικαστήριον
1327 2025 1706 2088 έλκυσθέντες,
1731 2021 1827 2078 καὶ

231 2121 394 2175 θῦσαι
423 2119 811 2184 κελευσθέντες
837 2162 852 2186 ,
899 2119 992 2173 καὶ
1051 2119 1127 2191 μὴ
1183 2118 1529 2184 πεισθέντες,
1560 2116 1828 2179 παθόντες

229 2213 376 2283 άπερ
411 2211 636 2276 Ιπαθον,
672 2210 952 2283 μάρτυρες
985 2209 1052 2264 ἂν
1096 2205 1210 2264 εἶεν
1293 2209 1433 2264 ἀλλά
1475 2210 1724 2264 κάκεῖνοι
1773 2209 1825 2261 οἱ

229 2305 375 2377 ὐπὶρ
401 2303 625 2360 ὁτουοῦν
655 2303 763 2358 τῶν
795 2302 875 2374 τῷ
917 2301 1038 2374 Θεῷ
1079 2302 1382 2356 δοκούντων
1410 2301 1604 2356 παθεῖν
1637 2319 1692 2355 τι
1719 2317 1825 2356 κα-

228 2397 588 2469 ταδεξάμενοι
611 2414 624 2426 ·
652 2396 748 2450 καὶ
784 2393 838 2448 εἴ
864 2413 949 2460 τις
992 2393 1130 2467 μετά
1161 2393 1448 2467 ἀκριϐείας
1489 2392 1822 2460 ἐξετάσειεν,

226 2480 378 2543 οῦτοι
412 2486 635 2559 μᾶλλον,
665 2486 699 2558 ἢ
743 2489 965 2541 ἐκεῖνοι.
1003 2485 1078 2539 Οὐ
1108 2484 1220 2557 γάρ
1250 2487 1400 2539 ἐστιν
1443 2484 1557 2538 ἴσον
1598 2483 1824 2556 ὀλέθρου

227 2580 474 2636 τοιούτου
507 2581 604 2634 καὶ⁸
651 2578 928 2642 ἀπωλείας
959 2576 1140 2648 ψυχῆς
1179 2576 1610 2650 προτεινομένης
1650 2593 1823 2630 κατα-

225 2673 490 2741 δέξασθαι
528 2672 722 2727 παθεῖν
754 2689 808 2725 τι
837 2671 932 2724 καὶ
963 2669 1041 2741 μὴ
1078 2666 1514 2740 παραπολέσθαι,
1554 2667 1649 2721 καὶ
1679 2667 1824 2739 ὑπὲρ

227 2766 512 2829 ἐλάττονος
534 2761 963 2835 κατορθώματος
992 2759 1091 2832 τὴν
1112 2759 1285 2832 αὐτὴν
1301 2757 1511 2829 ταύτην
1532 2760 1824 2828 ὑπομεῖναι

225 2858 521 2930 τιμωρίαν.
550 2857 674 2910 Ὅτι
700 2855 757 2908 δὲ
786 2854 884 2925 οὐχ
911 2855 960 2907 οί
998 2852 1302 2921 σφαγέντες
1336 2852 1520 2922 μόνον,
1561 2850 1698 2906 ἀλλὰ
1727 2851 1825 2904 καὶ¹

224 2954 278 3006 οί
301 2947 813 3024 παρεσκευασμένοι
836 2947 930 2999 καὶ
949 2944 1233 3015 γενόμενοι
1252 2943 1389 3015 πρὸς
1411 2943 1571 2996 τοῦτο
1589 2943 1820 3015 ἕτοιμοι,

230 3040 539 3115 μαρτυρίου
577 3039 846 3108 στέφανον
885 3037 1237 3108 ἀνεδήσαντο,
1270 3033 1431 3089 τοῦτό
1458 3052 1519 3088 τε
1546 3035 1699 3099 αὐτὸ,
1728 3035 1824 3089 καὶ

225 3133 257 3187 δ
296 3131 564 3204 πρότερον
607 3130 826 3201 εἴρηκα,
858 3127 940 3181 ὃτι
994 3128 1023 3180 ὁ
1050 3126 1190 3198 ὑπὲρ
1234 3127 1534 3180 ἐλαττόνων
1567 3127 1821 3196 σφαγεὶς,

230 3222 445 3294 μάρτυς
475 3220 624 3273 ἐστὶν
657 3219 1093 3291 ἀπηρτισμένος,
1128 3215 1235 3270 ἀπὺ
1267 3217 1364 3288 τῆς
1391 3215 1613 3271 Παύλου
1639 3217 1824 3288 φωνῆς

227 3311 514 3378 ἀποδεῖξαι
547 3309 704 3364 τοῦτο
732 3310 1088 3380 πειράσομαι.
1125 3306 1458 3380 Ἀρξάμενος
1487 3307 1598 3379 γάρ
1624 3306 1824 3378 ἀπαριι

228 3403 489 3476 θμεῖσθαι
520 3403 650 3467 τοὺς
679 3401 773 3455 ἐπὶ
801 3401 910 3454 τῶν
931 3400 1215 3470 προγόνων
1239 3397 1562 3469 λάμψαντας
1582 3400 1610 3452 ὁ
1641 3399 1822 3470 μακά-

231 3514 347 3569 ριος
375 3496 612 3561 Παῦλος,
646 3496 741 3548 καὶ
766 3492 866 3564 τὴν
901 3492 1077 3563 ἀρχὴν
1117 3493 1227 3545 ἀπὸ
1268 3491 1365 3544 τοῦ
1400 3491 1569 3544 ’Δϐελ
1596 3492 1826 3563 ποιησά-

231 3604 425 3661 μενος,
470 3584 589 3641 εἴτα
636 3585 913 3659 προελθὼν
963 3587 1043 3649 είς
1071 3584 1163 3637 τὸν
1202 3584 1362 3649 Νῶε,
1392 3582 1486 3636 τὸν
1535 3581 1822 3653 Ἀϐραάμ,

226 3679 322 3734 τὸν
361 3678 580 3745 Ἰσαὰκ,
623 3678 716 3731 τὸν
762 3674 978 3740 Ἰακὼϐ,
1014 3675 1105 3729 τὸν
1149 3675 1421 3740 Μωῦσέα,
1449 3675 1542 3728 τὸν
1591 3673 1822 3745 Ἰησοῦν,

225 3776 321 3828 τὸν
355 3772 542 3837 Δαυῒδ,
565 3771 660 3825 τὸν
696 3769 970 3842 Σαμουὴλ,
1002 3769 1097 3822 τὸν
1130 3768 1340 3829 Ἠλίαν,
1371 3767 1464 3821 τὸν
1499 3768 1822 3830 Ἐλισσαῖον,

226 3865 321 3921 τὸν
354 3863 498 3930 Ἰὼϐ,
531 3865 777 3934 ἐπήγαγε
805 3862 978 3930 λέγων
998 3877 1010 3891 ·
1050 3860 1376 3930 Τοιγαροῦν
1402 3861 1500 3914 καί
1529 3859 1701 3929 ἡμεῖς
1725 3877 1821 3913 το-

227 3957 458 4012 σοῦτον
485 3955 731 4024 ἔχοντες
759 3953 1174 4021 περικείμενον
1208 3953 1355 4022 ἡμῖν
1385 3954 1569 4020 νέφος
1597 3953 1824 4021 μαρτύ-

222 4066 366 4117 ρων.
402 4047 664 4115 Καίτοιγε
697 4047 759 4099 οὐ
804 4046 1007 4110 πάντες
1054 4046 1372 4116 ἐσφάγησαν
1411 4038 1580 4106 οὗτοι,
1621 4043 1823 4113 μᾶλλον

227 4141 287 4194 δέ
311 4139 436 4193 ούδέ
470 4134 574 4203 εἷς,
620 4138 762 4210 πλὴν
791 4139 937 4192 δυοῖν
970 4138 1003 4209 ἢ
1048 4137 1238 4210 τριῶν,
1262 4137 1358 4191 τοῦ
1393 4138 1561 4190 Ἀϐελ
1594 4139 1690 4192 xal
1726 4138 1821 4191 τοῦ

244 4231 488 4285 Ἰωάννου
507 4247 520 4260 ο
557 4231 608 4283 οί
637 4229 694 4284 δὲ
721 4229 869 4284 ἄλλοι
903 4219 1308 4301 πάντεςοίκείᾳ
1331 4228 1557 4301 τελευτῇ
1587 4230 1678 4285 τὸν
1707 4229 1825 4301 βίον

229 4322 551 4376 κατέλυσαν.
585 4323 695 4376 Καὶ
730 4323 982 4395 Ἰωάννης
1020 4322 1078 4375 δὲ
1120 4322 1284 4386 αὐτὸς
1323 4323 1384 4376 ού
1429 4323 1589 4376 θῦσαι
1630 4322 1822 4377 κελευ-

231 4412 381 4477 σθεὶς
411 4413 507 4466 καὶ
535 4413 609 4483 μὴ
645 4412 1085 4483 καταδεξάμενος
1114 4413 1354 4486 ἐσφάγη,
1377 4414 1499 4468 οὐδὲ
1528 4417 1610 4478 εἰς
1639 4415 1823 4486 βωμὸν

228 4505 442 4576 ἀχθεὶς,
468 4505 591 4558 οὐδέ
622 4505 760 4576 πρὸς
805 4505 1024 4558 εἴδωλον
1059 4505 1363 4569 ἐλκυσθεὶς,
1392 4507 1507 4560 ἀλλ’
1542 4507 1685 4578 ὐπέρ
1724 4511 1824 4580 ῥή-

231 4614 403 4666 ματος
442 4596 582 4660 ἐνός.
617 4596 836 4667 Ἐπειδὴ
869 4598 978 4670 γάρ
1009 4594 1128 4650 εἷπε
1168 4597 1244 4668 τῷ
1281 4597 1519 4672 Ἡρώδῃ,
1560 4602 1683 4655 Οὐκ
1720 4601 1821 4663 ἕε-

227 4690 362 4743 εστί
382 4704 482 4743 σοι
499 4687 662 4756 ἔχειν
687 4687 800 4756 τὴν
829 4688 1083 4757 γυναῖκα
1099 4691 1402 4744 Φιλιππου
1419 4692 1526 4745 τοῦ
1551 4693 1820 4762 ἀδελφοῦ

228 4796 370 4843 σου,
412 4780 508 4832 καὶ⁵
553 4778 616 4832 τὸ
655 4778 1032 4852 δεσμωτήριον
1065 4781 1279 4852 ᾤκησε,
1326 4783 1422 4835 καὶ
1459 4783 1560 4854 τὴν
1606 4785 1820 4856 σφαγὴν

229 4871 449 4940 ἐκείνην
483 4869 796 4940 ὑπέμεινεν.
849 4873 912 4924 Εἰ
959 4872 1017 4925 δὲ
1047 4873 1075 4924 ὁ
1105 4875 1282 4943 γάμον
1331 4876 1820 4947 παρανομούμενον

229 4962 547 5034 ἐκδικήσας,
581 4962 644 5014 τὸ
673 4979 736 5030 γε
763 4963 842 5026 είς
878 4962 1039 5017 αὐτὸν
1071 4959 1206 5036 ἧκον
1236 4967 1383 5036 (οὐδέ
1411 4967 1520 5038 γάρ
1541 4967 1820 5040 διώρθωσε

227 5054 292 5107 τὸ
323 5051 511 5118 κακῶς
546 5054 934 5123 γεγενημένον,
965 5054 1119 5128 [506]
1155 5055 1268 5108 ἀλλ’
1306 5053 1428 5110 εἷπε
1468 5059 1653 5128 μόνον,
1678 5059 1819 5114 παῦ-

232 5161 322 5201 σαι
350 5146 406 5199 δὲ
445 5146 546 5198 οὐκ
580 5146 854 5215 ἴσχυσεν),
902 5148 950 5199 εί
981 5147 1163 5200 τοίνυν
1205 5151 1233 5200 ὁ
1286 5148 1446 5218 μόνον
1479 5151 1684 5216 εἰπὼν,
1726 5154 1820 5205 καὶ

233 5238 400 5310 μηδὲν
423 5236 636 5292 οἴκοθεν
663 5240 695 5308 ἣ
722 5238 886 5294 τοῦτο
908 5239 1259 5308 εἰσενεγκὼν,
1283 5241 1471 5314 ἐπειδὴ
1500 5245 1816 5316 ἀπετμήθη,

231 5333 467 5405 μάρτυς,
526 5333 620 5386 καὶ
668 5333 964 5404 μαρτύρων
1008 5334 1125 5386 ἐστὶ
1165 5333 1414 5406 πρῶτος·
1462 5338 1512 5388 οἱ
1551 5340 1819 5403 τοσαύτας

230 5425 445 5494 σφαγὰς
495 5423 1002 5496 προσδοκήσαντες,
1054 5427 1147 5478 καὶ
1199 5428 1320 5497 οὐχὶ
1367 5428 1504 5498 πρὸς
1548 5429 1816 5502 Ἡρώδην,

228 5516 364 5569 ἀλλά
393 5515 532 5587 πρὸς
557 5516 683 5574 τοὺς
721 5517 1063 5586 κρατοῦντας
1100 5521 1199 5589 τῆς
1231 5520 1559 5592 οίκουμένης
1601 5523 1819 5594 ἀπάσης

227 5602 656 5674 ἀποδυσάμενοι,
682 5605 777 5657 καὶ
808 5607 930 5676 οὐχὶ
958 5607 1123 5678 γάμῳ
1158 5612 1655 5682 παρανομουμένῳ,
1683 5613 1820 5665 ἀλλά

228 5693 418 5766 νόμοις
464 5694 741 5766 πατρῴοις
785 5699 881 5751 καὶ
926 5698 1150 5770 θεσμοῖς
1197 5700 1523 5771 Ἐκκλησίας
1575 5706 1817 5777 ἐπηρεασι

230 5786 404 5842 «eam
458 5790 859 5857 παραστάντες.
885 5793 977 5845 καὶ
1011 5793 1100 5845 διὰ
1139 5792 1247 5847 τῶν
1283 5795 1546 5866 ῥημάτων
1595 5800 1688 5851 καὶ
1729 5800 1816 5854 διὰ

522 5881 796 5944 Ρετιιοι..
840 5884 962 5946 Gn.
1005 5882 1136 5942 LII.

1075 6103 1108 6124 ο

1080 348 1175 413 AD
1213 352 1346 412 EOS
1393 345 1517 421 QUI
1548 325 2063 406 summa“?!
2104 332 2312 395 sum.
2345 331 2478 387 Lm.
2523 327 2738 387 unus.

3431 318 3545 376 530

1933 451 2044 508 τῶν
2077 448 2424 522 πραγμάτων
2455 439 2775 515 παρρησίαν
2822 433 3265 506 ἐπιδειξάμενοι,
3292 431 3399 522 καὶ,
3416 431 3543 487 καθ’

1933 521 2171 612 ἑκάστην
2209 536 2430 610 ἡμέραν
2463 531 2925 601 ἀποθνήσκοντες,
2957 524 3050 579 καὶ
3087 523 3283 594 ἄνδρες
3317 521 3544 612 καὶγυ-

1932 611 2238 693 ναῖκεςκαὶ
2270 625 2486 687 παῖδες,
2512 621 2631 684 πῶς
2662 619 2765 673 οὐκ
2799 615 2868 670 ἂν
2896 612 3007 670 εἷεν
3036 613 3238 667 δίκαιοι
3278 611 3542 682 μυριάκις

1935 726 2016 786 είς
2043 719 2138 774 τὸν
2156 718 2268 772 τῶν
2297 712 2596 788 μαρτύρων
2625 707 2997 779 καταλεγῆναι
3031 703 3227 777 χορόν;
3262 702 3418 756 Ἐπεὶ
3445 700 3542 754 καὶ

1933 812 1962 864 ὁ
2001 808 2278 881 Ἀϐραὰμ,
2315 805 2392 877 μὴ
2425 802 2638 873 σφάξας
2666 799 2736 871 τῇ
2791 797 2960 868 πείρᾳ.
2988 795 3081 848 τὸν
3121 793 3259 881 υἱὸν,
3298 793 3365 862 τῇ
3392 806 3540 881 -προ-

1935 879 2335 968 θέσειήέσφαξε,
2373 892 2469 948 καὶ
2499 891 2685 962 φωνῆς
2719 888 2954 959 Ιήκουσεν
2990 882 3199 938 ἄνωθεν
3245 879 3539 968 λεγούσης,

1932 992 2016 1044 δτι
2047 990 2168 1044 οὐκ
2196 967 2435 1056 ἐφείσω
2473 980 2580 1036 τοῦ
2625 977 2764 1035 υίοῦ
2803 991 2923 1032 σου
2964 972 3074 1029 τοῦ
3114 969 3429 1042 ἀγαπητοῦ
3467 967 3546 1020 δι’

1935 1076 2059 1148 ἐμέ.
2088 1076 2246 1131 Οὕτω
2267 1069 2551 1141 πανταχοῦ
2575 1067 2670 1123 καὶ
2693 1068 2727 1138 ἡ
2747 1063 2968 1135 γνώμη,
2990 1063 3119 1115 ὅταν
3151 1056 3546 1148 ἀπηρτισμένη

1933 1147 1971 1240 ᾗ
1995 1165 2090 1219 ἐπὶ
2121 1163 2225 1233 τῆς
2251 1161 2476 1233 ἀρετῆς,
2504 1156 2800 1227 ὁλόκληρον
2829 1150 3101 1224 λαμϐάνει
3128 1148 3223 1202 τὸν
3251 1147 3541 1216 στέφανον.

1935 1237 1998 1310 ΠΙ
2043 1255 2101 1309 δὲ
2149 1255 2380 1315 ἐκεῖνος.
2415 1247 2534 1303 υἱοῦ
2585 1247 2660 1318 μὴ
2714 1243 3072 1316 φεισάμενος.
3107 1238 3283 1303 οὓτως
3333 1237 3542 1304 ἀνεκη-

1944 1344 2170 1416 ρύττετο
2205 1353 2257 1403 ι.
2290 1333 2440 1395 οῦτοι
2495 1334 2710 1391 ἑαυτῶν
2743 1333 2842 1404 μὴ,
2872 1329 3195 1402 φεισάμενοι
3219 1366 3235 1390 ,
3285 1324 3544 1396 ἐννόησον

1935 1412 2102 1486 πόσον
2145 1428 2408 1500 λήψονται
2451 1423 2679 1497 μισθὸν,
2714 1422 2776 1475 οὐ
2811 1420 2964 1492 μίαν,
3014 1418 3077 1471 οὐ
3122 1412 3237 1479 δύο,
3265 1414 3361 1468 καὶ
3391 1413 3544 1483 τρεῖς

1930 1521 2172 1593 ἡμέρας.
2194 1517 2311 1572 ἀλλ’
2343 1515 2639 1588 ὁλόκληρον
2663 1510 2756 1565 τὸν
2781 1509 2896 1582 βίον
2921 1508 3015 1563 ἐπὶ¹
3041 1505 3144 1577 τῆς
3177 1501 3543 1593 παρατάξεως

1934 1589 2218 1679 ἱστάμενοι
2260 1603 2503 1675 ταύτης,
2549 1600 2869 1673 βαλλόμενοι
2916 1593 3250 1668 λοιδορίαις,
3291 1589 3538 1679 ὕϐρεσιν,

1931 1674 2244 1770 ἐπηρείαις,
2278 1674 2688 1764 συκοφαντίαις.
2715 1688 2852 1743 Οὐδέ
2877 1687 2988 1758 γάρ
3018 1683 3178 1738 τοῦτο
3205 1678 3420 1770 μικρόν.
3439 1674 3542 1770 ἀιδ

1932 1765 2151 1850 καὶ-*ὼς
2185 1784 2332 1854 μέγα
2373 1781 2586 1846 Παῦλος
2626 1777 2760 1834 αὐτὸ
2795 1772 3068 1847 θαυμάζει
3104 1771 3312 1840 λέγων⁸
3359 1765 3542 1854 Τοῦτο

1925 1873 2044 1946 μὲν
2065 1853 2434 1942 ὀνειδισμοῖς
2464 1869 2565 1924 καί
2596 1867 2852 1937 θλίψεσι
2879 1858 3334 1946 θεατριζόμενοι,
3361 1853 3541 1946 τοῦτο

1930 1941 2000 2016 δὲ
2031 1941 2308 2016 κοινωνοί
2351 1957 2472 2013 τῶν
2498 1957 2657 2012 οὕτω
2699 1954 3073 2022 πασχόντων
3106 1945 3464 2019 γενηθέντες
3485 1941 3536 1996 ι.

1930 2050 1998 2104 Τί
2027 2050 2095 2105 ἀν
2126 2066 2215 2114 τις
2248 2049 2396 2102 εἴποι
2416 2049 2545 2110 τοὺς
2575 2044 2672 2098 καὶ
2701 2044 2904 2106 αὐτοὺς
2932 2039 3409 2109 ἀποθνήσκοντας,
3442 2029 3540 2086 καὶ

1927 2140 2057 2203 τοὺς
2090 2137 2159 2192 τά
2194 2133 2425 2191 τοιαῦτα
2467 2132 2769 2196 ἀθλοῦντας
2803 2128 3161 2196 ἀλείψαντας,
3207 2124 3302 2178 καὶ
3336 2121 3541 2192 ἄνδρας

1930 2229 2027 2281 καὶ
2050 2229 2357 2297 γυναῖκας;
2385 2219 2586 2287 Καλῶς
2614 2221 2672 2275 δέ
2714 2221 2916 2283 αὐτοὺς
2961 2217 3057 2272 καὶ
3100 2212 3396 2284 θαυμάζει.
3427 2208 3542 2297 καὶ

1928 2314 2038 2387 γὰρ
2064 2295 2165 2368 -καῖ
2190 2312 2382 2377 οὐσίας
2411 2310 2695 2368 ἐπέδωκαν
2724 2306 2945 2371 πολλοὶ,
2978 2304 3121 2357 ῶστε
3162 2303 3291 2366 τοὺς
3326 2295 3542 2387 δεσμῶ-

1928 2385 2029 2467 τας
2063 2403 2160 2456 καὶ
2191 2401 2321 2465 τούς
2351 2398 2666 2471 ἐξορίστους
2695 2395 2842 2468 ἔχειν
2884 2395 2991 2449 τιν’
3040 2387 3398 2463 παραμυθίαν
3437 2385 3539 2456 τῆς

1926 2489 2202 2562 τοσαύτης
2240 2487 2644 2560 ταλαιπωρίας,
2675 2486 2772 2540 καὶ
2796 2484 2896 2555 τὴν
2929 2481 3188 2554 ἁρπαγὴν
3215 2476 3326 2531 τῶν
3360 2476 3539 2543 ὐπαρ-

1927 2577 2133 2648 χόντων
2169 2576 2345 2648 ἡδέως
2375 2574 2648 2642 ἐδέξαντο,
2673 2573 2818 2626 κατά
2861 2572 2924 2625 τὸ
2956 2566 3316 2625 ἀποστολικὺν
3359 2564 3540 2634 ἐκεῖνο

1926 2667 2111 2735 λόγιον
2135 2683 2148 2696 ·
2186 2665 2389 2737 ἕτεροι,
2419 2665 2470 2718 οί
2500 2663 2602 2734 μέν
2636 2661 2920 2734 πατρίδος,
2945 2663 2995 2713 οί
3026 2658 3084 2712 δέ
3115 2657 3212 2710 καῖ⁹
3251 2654 3423 2724 αὐτῆς
3453 2649 3540 2715 ἐξ·

1924 2754 2236 2826 εϐλήθησαν
2257 2753 2359 2824 τῆς
2392 2751 2562 2822 ζωῆς.
2594 2749 2769 2822 Ὁρῶν
2793 2749 2974 2802 τοίνυν
3002 2744 3259 2800 τοσοῦτον
3283 2743 3536 2803 πλοῦτον,

1925 2843 2180 2898 τοσοῦτον
2210 2841 2426 2913 κέρδος,
2469 2837 2746 2910 τοσαύτην
2794 2835 3068 2908 ἐμπορίαν
3112 2835 3180 2904 τῇ
3233 2829 3538 2900 Ἐκκλησία

1928 2932 2314 3005 συνηγμένην,
2349 2928 2646 2992 τοσούτους
2695 2923 3010 2997 θησαυροὺς
3063 2919 3535 2990 ἀποτιθεμένους,

1928 3022 2102 3092 πυρὸς
2138 3019 2533 3091 σφοδροτέρους
2566 3017 2890 3087 γινομένους
2934 3012 3061 3074 τοὺς
3106 3010 3375 3082 πρότερον
3405 3008 3539 3059 ἀνα-

1927 3111 2317 3175 πεπτωκότας,
2361 3109 2459 3162 καὶ
2499 3109 2628 3170 τοὺς
2661 3105 2914 3177 θεάτροις
2956 3098 3426 3172 προσηλωμένους
3456 3097 3538 3158 είς

1925 3200 2025 3263 τὰς
2059 3197 2300 3271 ἐρημίας
2334 3196 2600 3263 ἐξιόντας,
2661 3193 2760 3248 καὶ
2797 3192 2899 3255 τάς
2941 3191 3122 3254 νάπας
3169 3189 3268 3241 καὶ
3317 3185 3388 3238 τὰ
3433 3184 3536 3257 δρη

1928 3284 2222 3350 ποιοῦντας
2245 3285 2567 3356 ἐκκλησίας,
2595 3284 2689 3337 καὶ
2716 3280 2935 3344 οὐδενὸς
2956 3278 3246 3347 ἐξάγοντος
3271 3274 3372 3346 τὴν
3407 3273 3538 3341 ἀγέ-

1926 3375 2047 3446 λην,
2073 3378 2152 3437 εἰς
2178 3374 2278 3446 τὴν
2307 3373 2418 3427 τῶν
2451 3373 2730 3443 ποιμένων
2758 3369 2912 3434 τάξιν
2941 3366 3287 3440 μεταστάντα
3313 3363 3383 3416 τὰ
3410 3361 3540 3432 πρό-

1927 3464 2090 3527 ϐατα,
2128 3464 2225 3517 καὶ
2257 3464 2385 3526 τοὺς
2429 3459 2773 3533 στρατιώτας
2810 3459 2891 3522 είς
2920 3458 3019 3528 τὴν
3047 3455 3144 3509 τοῦ
3197 3450 3536 3525 στρατηγοῦ,

1927 3551 2244 3624 παρρησίας
2286 3551 2476 3603 ἕνεκεν
2529 3549 2624 3602 καὶ
2678 3547 2973 3619 ἀνδρείας,
3011 3546 3108 3598 καὶ
3142 3544 3353 3606 πάντας
3396 3540 3538 3612 μετά

1925 3643 2027 3712 τῆς
2073 3641 2460 3713 προσηκούσης
2495 3638 2852 3710 θερμότητος,
2898 3635 3165 3706 σπουδῆς,
3209 3632 3534 3705 ἐμμελείας,

1925 3734 2026 3796 τὰς
2054 3733 2304 3799 συνάξεις
2328 3730 2738 3794 ἐπιτελοῦντας,
2761 3731 2863 3784 οὐκ
2891 3729 3174 3800 ἐκπλήττῃ
3202 3715 3297 3780 καὶ
3321 3727 3538 3797 θαυμά-

1927 3823 2062 3885 ζεις,
2087 3822 2211 3875 ὅσον
2245 3825 2310 3874 ἐκ
2341 3820 2535 3874 τούτου
2565 3818 2904 3893 κατόρθωμα
2934 3819 3193 3887 γέγονεν;
3223 3818 3299 3869 Οὐ
3325 3815 3438 3886 γὰρ
3468 3815 3534 3887 δὴ

1930 3909 2092 3980 μόνον
2130 3912 2177 3963 οί
2210 3909 2390 3981 ὀρθῶς
2431 3908 2700 3978 βιοῦντες,
2744 3907 2886 3962 ἀλλά
2917 3906 3105 3960 πολλοὶ
3137 3906 3234 3959 καὶ
3262 3905 3373 3958 τῶν
3403 3905 3534 3975 περὶ

1926 4000 1994 4051 τά
2044 3998 2249 4070 θέατρα
2293 3999 2619 4068 μεμηνότων
2670 3998 2767 4050 καὶ
2819 3995 3189 4067 ἱπποδρομίας
3231 3992 3535 4065 προσεχόν-

1925 4103 2057 4152 των,
2092 4086 2197 4139 ὐπὸ
2219 4085 2314 4139 τοῦ
2347 4086 2512 4156 ζήλου
2549 4085 2723 4157 πυρὸς
2762 4084 3125 4156 σφοδροτέρου
3158 4083 3531 4154 πυρωθέντες,

1927 4176 2108 4229 πᾶσαν
2137 4175 2356 4245 ἐκείνην
2387 4173 2653 4228 ἀπέθεντο
2680 4175 2781 4244 τὴν
2816 4173 3036 4244 μανίαν,
3063 4173 3160 4226 καὶ
3195 4175 3318 4225 κατ’
3349 4171 3532 4225 αὐτῶν

1925 4263 2036 4315 τῶν
2058 4262 2230 4333 ξιφῶν
2259 4262 2446 4333 σχεδὸν
2485 4258 2968 4333 ἐπήδησαν,¹’πρὺς
2996 4262 3268 4333 ἄρχοντας
3310 4262 3532 4332 παρρη-

1929 4349 2266 4421 σιαζόμενοι,
2295 4351 2548 4422 βασάνων
2576 4351 3071 4422 καταφρονοῦντες,
3096 4349 3339 4404 ἀπειλῶν
3369 4366 3533 4403 καταο

1929 4439 2216 4507 γελῶντες,
2240 4439 2548 4504 δεικνύντες
2579 4441 2705 4494 ὅσον
2746 4441 2895 4492 ἐστὶν
2931 4425 3126 4512 ἀρετὴ,
3164 4440 3259 4492 καὶ
3285 4438 3404 4502 πῶς
3451 4439 3530 4492 ένι

1925 4529 2016 4580 τὸν
2053 4528 2260 4599 σφόδρα
2304 4527 2717 4597 ἀπολλύμενον,
2755 4530 3171 4598 μετανοήσαντα
3219 4529 3313 4579 καὶ
3367 4543 3529 4596 μετα-

1929 4619 2133 4671 στάντα
2150 4617 2302 4690 [507]
2328 4619 2502 4686 αὐτῆς
2527 4617 2773 4687 ἅψασθαι
2791 4617 2901 4670 τῶν
2924 4617 3172 4689 οὐρανῶν
3192 4617 3294 4686 τῆς
3316 4618 3525 4686 ἁψῖδος.

1927 4702 2180 4756 Τοσαῦτα
2209 4699 2301 4756 οὖν
2329 4702 2562 4773 βραδεῖα
2586 4701 2754 4773 ὁρῶν,
2771 4702 3062 4765 τοσούτους
3087 4702 3385 4771 στεφάνους
3410 4701 3531 4754 πλε-

1926 4791 2190 4860 κομένους
2211 4831 2225 4854 ,
2257 4791 2529 4862 τοσαύτην
2565 4791 2919 4846 διδασκαλίαν
2953 4791 3251 4861 γινομένην
3272 4832 3286 4856 ,
3326 4790 3490 4843 πόθεν
3510 4829 3526 4851 ,

1924 4877 2047 4928 εἰπέ
2082 4894 2195 4945 μοι,
2227 4875 2597 4948 σκανδαλίξῃς
2635 4876 2769 4927 Ἀπὸ
2789 4875 2901 4927 τῶν
2923 4875 3306 4937 ἀπολωλότων,
3337 4877 3504 4946 φησίν

1943 4959 2105 5023 Ἀλλ’,
2134 4960 2273 5030 ὅπερ
2296 4960 2456 5030 ἔφην,
2483 4961 2577 5012 καὶ
2606 4959 2780 5029 λέγων
2809 4959 2872 5012 οὐ
2902 4960 3209 5032 παύσομαι,
3234 4953 3380 5014 οὗτοι
3407 4964 3503 5014 έαυ

1930 5045 2042 5107 τοῖς
2064 5044 2472 5112 λογιζέσθωσαν
2496 5046 2596 5114 τῆς
2627 5045 2906 5109 ἀπωλείας
2923 5046 3024 5118 τὴν
3056 5047 3334 5101 ὑπόθεσιν.
3359 5047 3532 5100 Τοῦτο

1924 5130 2033 5200 γάρ
2054 5130 2121 5182 δι’
2150 5131 2272 5183 ὅλου
2296 5133 2325 5183 ὁ
2354 5131 2513 5199 λόγος
2537 5133 2672 5200 ἡμῖν
2695 5131 3106 5201 ἀγωνιζόμενος
3131 5131 3354 5197 ἔδειξεν.
3376 5132 3530 5186 Εἴπω

1925 5216 2019 5267 καὶ
2050 5215 2235 5286 ἕτερον
2270 5214 2624 5287 κατόρθωμα.
2659 5215 2825 5269 Πόσοι
2861 5220 3204 5287 προσωπεῖον
3238 5216 3529 5281 εὐλαϐείας

1926 5300 2324 5370 περικείμενοι,
2360 5301 2519 5353 πόσοι
2548 5299 2941 5372 πεπλασμένην
2977 5302 3263 5374 πραότητα
3289 5302 3525 5372 ἔχοντες.

1925 5385 2082 5437 πόσοι
2108 5384 2335 5455 μεγάλοι
2363 5387 2507 5449 τινὲς
2534 5384 2674 5439 εῖναι
2704 5386 3073 5456 νομιζόμενοι,
3101 5389 3197 5441 καὶ
3227 5389 3328 5440 οὐκ
3353 5389 3529 5451 ὄντες,

1923 5468 2120 5539 ἀθρόον
2151 5471 2246 5522 ἐπὶ
2287 5469 2382 5523 τοῦ
2422 5471 2695 5542 παρόντος
2733 5471 3137 5544 διηλέγχθησαν
3181 5473 3401 5544 καιροῦ,
3437 5475 3533 5526 καὶ

1924 5553 1990 5606 τὰ
2055 5553 2156 5623 τῆς
2209 5555 2427 5624 ἀπάτης
2475 5556 2657 5619 αὐτοῖς
2701 5555 2928 5628 διερρύη
2957 5598 2972 5622 ,
3031 5559 3126 5609 καὶ
3171 5557 3311 5628 ὅπερ
3351 5553 3531 5628 ἦσαν,

1924 5639 2229 5707 ἐφάνησαν,
2275 5639 2376 5710 οὐχ
2426 5639 2563 5709 ὅπερ
2614 5639 2977 5712 ὑπεκρίνοντο
3013 5647 3106 5696 καὶ
3141 5644 3402 5714 ﬁnitum;
3453 5641 3532 5698 Οὐ

1988 5749 2010 5776 ⁸
2036 5748 2132 5795 Alii
2157 5746 2548 5804 ἀνακηρύττεται.

1989 5810 2014 5848 b
2043 5812 2135 5857 ,ιιιί
2159 5811 2254 5856 τῶν
2283 5809 2434 5864 οὕτως
2453 5809 2877 5872 ἀναστρεφομένων
2901 5811 3186 5878 γενηθέντες.

3115 5892 3156 5953 9
