4050 6430
509 329 607 385 521

508 471 703 544 μικρὸν
745 470 801 526 δὲ
853 473 1042 537 τοῦτο,
1098 475 1232 528 άλλά
1283 480 1378 533 καὶ
1429 480 1633 552 σφόδρα
1691 481 1945 552 μέγιστον
2004 480 2081 540 εἰς

500 570 769 640 ὠφέλειαν
805 571 914 624 τῶν
970 571 1264 627 ἐθελόντων
1313 576 1636 648 προσέχειν,
1691 577 1750 630 τὸ
1788 575 2083 644 διαγνῶναι

501 668 628 731 τοὺς
659 666 883 738 ἔχοντας
912 666 1022 721 τῶν
1064 669 1355 739 προϐάτων
1386 672 1484 738 τάς
1514 673 1697 745 δοράς,
1728 672 1822 726 καὶ
1853 671 1929 743 μὴ
1956 673 2085 724 ἀνα-

504 762 795 832 μίγνυσθαι
826 765 951 829 τοὺς
977 767 1174 831 λύκους
1200 769 1328 832 τοὺς
1359 767 1501 821 οῦτω
1530 768 1943 841 κρυπτομένους
1971 773 2085 835 τοῖς

498 861 667 927 ὅντως
698 864 1012 935 προϐάτοις.
1040 867 1150 920 Καὶ
1178 866 1287 937 γάρ
1317 867 1545 937 κάμινος
1576 868 1800 935 γέγονεν
1831 869 1860 921 6
1893 868 2085 939 καιρὸς

500 951 675 1023 οὗτος,
706 960 774 1013 τὰ
812 961 1014 1031 χαλκὸν
1041 961 1233 1033 ἔχοντα
1267 962 1370 1015 τῶν
1393 963 1746 1034 νομισμάτων
1770 964 2082 1035 διελέγχων,

499 1055 592 1106 τὴν
627 1056 875 1125 μόλιϐδον
915 1059 1265 1129 κατατήκων,
1314 1061 1413 1130 τὴν
1448 1058 1702 1131 καλάμην
1745 1062 2081 1125 κατακαίων,

500 1150 599 1215 τὰς
629 1154 815 1223 τιμίας
847 1153 976 1218 ὕλας
1014 1156 1347 1227 τιμιωτέρας
1374 1157 1713 1226 ἀποφαίνων.
1741 1158 1914 1213 Τοῦτο
1937 1162 2031 1212 καὶ
2058 1163 2086 1213 6

502 1249 713 1313 Παῦλος
746 1253 1027 1321 σημαίνων
1058 1252 1244 1321 ἔλεγε*
1275 1252 1376 1306 Δεῖ
1394 1252 1463 1306 δὲ
1493 1253 1590 1308 καί
1620 1255 1882 1323 αἱρέσεις
1910 1251 2083 1321 εἶναι,

500 1349 599 1402 ἵνα
624 1352 675 1402 οἱ
707 1348 935 1418 δόκιμοι
965 1350 1213 1419 φανεροί
1242 1350 1532 1420 γένωνται
1553 1351 1622 1405 ἐν
1654 1353 1815 1421 ὑμῖν.

570 1466 712 1534 Κεφ.
738 1471 803 1518 κ’.
840 1466 1020 1536 Μηδὲν
1040 1466 1135 1519 οῦν
1160 1483 1217 1519 σε
1237 1467 1439 1521 τούτων
1470 1454 1883 1533 σκανδαλιζέτω,
1914 1469 1991 1541 μὴ
2013 1471 2089 1521 ἱε-

504 1562 630 1633 ρεὺς
651 1561 744 1616 νῦν
766 1562 965 1631 φαῦλος
981 1564 1365 1634 γεγενημένος,
1380 1564 1473 1619 καὶ
1490 1564 1650 1617 λύκου
1674 1565 1873 1628 παντὸς
1889 1564 2087 1637 ἀγριώ-

501 1676 658 1729 τερον
687 1660 965 1731 ἐπιπηδῶν
983 1664 1049 1732 τῇ
1073 1662 1263 1733 ἀγέλη,
1293 1662 1368 1733 μὴ
1409 1660 1516 1714 τῶν
1537 1662 1831 1733 ἀρχόντων,
1870 1663 1944 1735 μὴ
1975 1663 2085 1717 τῶν

503 1759 848 1826 κρατούντων
877 1777 961 1823 τις
990 1760 1190 1831 πολλὴν
1218 1760 1475 1832 ὠμότητα
1504 1760 1928 1830 ἐνδεικνύμενος.
1961 1762 2082 1817 Ἐν-

502 1858 691 1927 νόησον
708 1857 837 1926 γοῦν
865 1859 947 1913 ὅτι
973 1859 1067 1913 καὶ
1082 1860 1173 1913 ἐπὶ
1199 1861 1305 1914 τῶν
1321 1862 1633 1915 ἀποστόλων
1656 1864 1853 1933 συνέϐη
1881 1862 2084 1916 τούτων

502 1954 875 2028 χαλεπώτερα.
903 1957 972 2011 ’Ὀ
1001 1974 1059 2010 τε
1088 1957 1198 2029 γὰρ
1224 1960 1443 2031 κρατῶν
1476 1960 1595 2014 τότε
1622 1960 1685 2013 τὸ
1710 1960 2011 2033 σκῆπτρον,
2026 1962 2087 2014 τὸ

504 2054 802 2124 μυστήριον
823 2055 922 2125 τῆς
959 2056 1189 2126 ἀνομίας
1207 2051 1275 2127 ἦν
1305 2056 1471 2127 (οὓτω
1490 2056 1599 2128 γὰρ
1634 2057 1799 2111 αὐτὸν
1823 2060 1852 2111 6
1874 2056 2085 2122 Παῦλος

501 2152 783 2223 ἐκάλεσε),
837 2155 946 2211 πᾶν
989 2148 1126 2218 εἶδος
1179 2155 1381 2217 κακίας
1429 2154 1691 2220 ἐπελθὼν,
1742 2158 1834 2210 καί
1874 2159 2084 2220 πάντας

501 2249 826 2320 ἀποκρύψας
854 2253 917 2323 τῇ
948 2252 1201 2323 πονηρίᾳ,
1244 2252 1357 2305 611‘
1380 2251 1534 2306 οὐδὲν
1557 2251 1681 2306 οὔτε
1707 2254 1808 2325 τὴν
1854 2254 2083 2325 Ἐκκλη-

505 2350 647 2415 σίαν,
665 2348 787 2404 οὔτε
807 2351 931 2411 τοὺς
954 2350 1232 2419 γενναίους
1260 2351 1501 2416 ἐκείνους
1518 2351 1715 2423 ἀνδρας
1761 2351 1919 2406 τοῦτο
1944 2369 2087 2424 παρ·

503 2448 760 2518 έϐλαψεν,
811 2448 949 2503 ἀλλὰ
998 2450 1092 2502 καὶ
1114 2448 1531 2522 λαμπροτέρους
1582 2451 1892 2521 ἀπέφηνεν·
1939 2451 1993 2503 οῖ
2027 2467 2086 2503 τε

505 2547 671 2618 ἱερεῖς
703 2547 812 2599 τῶν
852 2547 1117 2600 Ἰουδαίων
1148 2546 1292 2601 οὕτω
1325 2547 1519 2617 φαῦλοι
1554 2550 1646 2602 καὶ
1669 2547 1895 2620 πονηροί
1941 2564 2087 2611 τινες

500 2638 661 2714 ἦσαν,
693 2643 766 2706 ὡς
793 2644 1107 2699 κελεύεσθαι
1134 2658 1159 2685 ι
1188 2645 1279 2698 τὸν
1309 2644 1468 2717 ζῆλον
1496 2645 1675 2699 αὐτῶν
1704 2645 1798 2698 τοῦ
1832 2644 1947 2715 βίου
1965 2645 2088 2714 φεύ-

507 2757 643 2809 γειν·
674 2742 795 2794 Ἐπί
819 2744 927 2814 γὰρ
951 2742 1062 2810 τῆς
1085 2741 1379 2808 Μωυσέως
1400 2741 1715 2811 καθέδρας,
1745 2743 1930 2813 φησὶν,
1948 2742 2075 2796 ὲκάι

507 2848 689 2896 θισαν
715 2846 769 2896 οί
789 2841 1145 2912 γραμματεῖς
1166 2840 1263 2895 καὶ
1283 2842 1337 2894 οί
1358 2839 1667 2909 Φαρισαῖοι
1687 2859 1700 2871 ε
1729 2839 1927 2894 πάντα
1949 2836 2083 2907 οὖν,

502 2938 621 2994 ὅσα
644 2940 997 3009 ἆνλέγωσιν
1022 2938 1166 3008 ὑμῖν
1199 2937 1411 3001 ποιεῖν,
1450 2938 1699 2992 ποιεῖτε·
1734 2938 1888 2993 κατὰ
1913 2937 1981 2991 δὲ
2015 2937 2087 2993 τὰ

502 3038 648 3107 ἔργα
677 3036 877 3092 αὐτῶν
902 3037 989 3106 μὴ
1030 3036 1248 3091 ποιεῖτε
1268 3053 1280 3067 ο
1325 3036 1498 3090 καίτοι
1525 3035 1576 3090 τί
1601 3036 1796 3105 γένοιτ’
1826 3036 1891 3091 ἂν
1923 3053 2088 3108 πονηο

506 3134 727 3207 ρότερον
764 3133 974 3206 ἱερέων,
1026 3126 1099 3187 ὧν
1134 3135 1163 3185 6
1188 3132 1350 3204 ζῆλος
1398 3132 1686 3187 ἀπολλύειν
1742 3132 1931 3204 ἔμελλε
1963 3132 2088 3195 τοὺς

511 3231 907 3303 μιμουμένους;
936 3230 1071 3285 Ἀλλ’
1096 3230 1241 3297 ὅμως
1275 3230 1368 3284 καὶ
1389 3229 1643 3283 τοιούτων
1662 3229 1830 3284 ὄντων
1846 3228 1951 3283 τῶν
1968 3230 2087 3283 τότε

507 3331 873 3401 κρατούντων,
914 3331 963 3382 οί
1000 3328 1332 3400 λάμψαντες,
1385 3328 1435 3383 οἱ
1467 3327 1905 3397 στεφανωθέντες
1938 3326 2090 3381 οὐδὲν

510 3428 956 3501 παρεϐλάϐησαν,
984 3427 1121 3481 ἀλλά
1150 3426 1410 3497 μειζόνως
1434 3424 1893 3496 ἐδοξάσθησαν.οὺ
1911 3423 2091 3477 τοίνυν

512 3525 812 3594 ξενίζεσθαι
839 3529 945 3601 χρὴ
972 3530 1082 3589 τοῖς
1116 3524 1439 3597 γινομένοις.
1461 3523 1745 3595 Πανταχοῦ
1769 3523 1877 3594 γὰρ
1906 3540 2093 3593 πειρα-

511 3630 640 3698 σμοὶ
664 3628 777 3691 τοῖς
826 3626 1086 3698 νήφουσίν
1134 3626 1239 3678 είσι
1274 3622 1713 3696 παρεζευγμένοι
1745 3622 1852 3675 61:6
1877 3621 1985 3674 τῶν
2016 3624 2094 3674 οἱ-

510 3726 693 3793 κείων,
725 3726 833 3781 ἀπὸ
857 3725 964 3778 τῶν
986 3723 1299 3794 ἀλλοτρίων.
1327 3722 1427 3775 Διὰ
1452 3720 1610 3775 τοῦτο
1636 3722 1730 3775 καί
1758 3720 1971 3784 Παῦλος
1995 3720 2093 3785 τὰς

512 3823 738 3894 νιφάδας
769 3821 913 3893 δρῶν
941 3820 1054 3875 τῶν
1096 3818 1359 3873 κινδύνων
1380 3817 1478 3881 τὰς
1515 3818 1862 3889 ἐπαγομένας
1888 3818 2091 3881 αὐτοῖς,

510 3922 607 3975 καὶ
658 3917 907 3982 δεδοικὼς
938 3920 1010 3989 μή
1045 3934 1187 3979 τινες
1210 3916 1313 3969 τῶν
1355 3915 1613 3985 μαθητῶν
1650 3913 1899 3967 ἐντεῦθεν
1937 3914 2096 3981 θορυ-

515 4019 746 4092 ϐηθῶσι,
778 4016 1006 4088 γράφων
1041 4014 1224 4081 ἔλεγεν
1244 4028 1257 4041 ·
1313 4014 1599 4080 Ἔπεμψα
1636 4010 1780 4080 ὑμῖν
1813 4009 2097 4079 Τιμόθεον

512 4122 598 4185 είς
615 4118 682 4171 τὸ
691 4114 924 4186 μηδένα
950 4111 1266 4165 σαίνεσθαι
1299 4109 1369 4161 ἐν
1398 4109 1527 4175 ταῖς
1544 4108 1793 4176 θλίψεσι
1822 4108 2092 4171 ταύταιςο

512 4214 683 4270 αὐτοὶ
709 4212 818 4282 γὰρ
842 4211 1043 4264 οἴδατε
1073 4206 1162 4261 ὅτι
1192 4209 1279 4273 είς
1309 4204 1485 4259 τοῦτο
1509 4205 1769 4274 κείμεθα.
1795 4206 1861 4257 Ὃ
1875 4204 1931 4257 δὲ
1943 4204 2095 4274 λέγει

512 4312 750 4367 τοιοῦτόν
784 4311 931 4361 ἐστιν
953 4324 963 4337 ’
992 4298 1160 4367 Οὗτος
1188 4305 1219 4373 ἡ
1228 4303 1343 4373 μῶν
1364 4305 1392 4356 6
1416 4300 1549 4372 βίος,
1576 4302 1714 4372 αὓτη
1739 4301 1835 4373 τῆς
1858 4302 2093 4355 ἀποστο-

513 4412 671 4479 λικῆς
699 4404 971 4466 πολιτείας
1000 4404 1034 4472 ἡ
1066 4398 1375 4462 ἀκολουθία,
1402 4399 1463 4452 :6
1492 4399 1658 4468 μυρία
1680 4400 1908 4469 πάσχειν
1925 4398 2091 4452 κακά.

514 4508 617 4573 Εἰς
650 4505 827 4559 τοῦτο
852 4503 960 4573 γὰρ
984 4499 1244 4569 κείμεθα,
1263 4496 1419 4567 φησί.
1480 4495 1543 4547 Τί
1570 4496 1734 4559 ἐστιν,
1767 4498 1871 4561 Εἰς
1918 4494 2097 4549 τοῦτο

517 4605 797 4673 κε,ίμεθα;
822 4600 1032 4665 Ὠσπερ
1070 4595 1137 4649 τά
1163 4592 1296 4646 ὥνια
1321 4594 1399 4655 εἰς
1422 4590 1581 4645 τοῦτο
1609 4593 1905 4663 παρῆκται,
1937 4596 2015 4658 είς
2037 4593 2097 4647 τὸ

518 4700 668 4776 [508]
701 4696 1015 4759 πωλεῖσθαι,
1038 4692 1182 4746 οῦτω
1214 4691 1310 4746 καὶ
1337 4692 1365 4743 6
1388 4690 1743 4754 61:06:01Lx6;
1787 4690 1899 4761 βίος
1928 4694 2007 4755 εἰς
2036 4691 2098 4745 τδ

517 4796 872 4870 λοιδορεῖσθαι
904 4794 998 4848 καὶ
1032 4792 1111 4855 εἰς
1139 4789 1199 4844 :6
1225 4789 1454 4861 πάσχειν
1484 4787 1691 4852 κακῶς,
1737 4789 1816 4852 είς
1838 4789 1913 4865 τὸ.
1931 4788 2096 4860 μηδέ.

518 4914 649 4953 ποτε
682 4895 958 4954 ἀναπνεῖν,
984 4892 1063 4954 είς
1087 4889 1147 4941 τὸ
1173 4886 1449 4957 μηδεμίαν
1478 4886 1621 4957 ἔχειν
1649 4887 1953 4958 ἀνακωχήν.
1990 4889 2099 4942 Καὶ

517 4996 632 5047 ὅσοι
664 4992 947 5061 νήφουσιν,
974 4987 1036 5040 οὑ
1067 4984 1226 5056 μόνον
1266 4983 1419 5036 οὐδὲν
1460 4982 1711 5036 ἐντεῦθεν
1747 4984 2095 5054 βλάπτονται,

519 5089 656 5145 ἀλλά
681 5088 775 5140 καὶ
796 5084 1055 5155 μειζόνως
1080 5082 1438 5154 κερδαίνουσι.
1470 5081 1560 5134 Διὸ
1583 5081 1677 5134 καὶ
1693 5081 1930 5145 τούτους,
1963 5083 2099 5153 μετά

519 5186 582 5239 τὸ
602 5184 809 5256 μαθεῖν,
838 5182 918 5235 ὅτι
936 5181 1197 5251 ἑστήκασι
1226 5178 1511 5247 γενναίως,
1532 5176 1837 5248 θαυμάζει·
1857 5181 1951 5232 καὶ
1974 5181 2099 5251 περὶ

522 5282 725 5353 ἐτέρων
756 5280 813 5333 δέ
844 5278 1017 5333 ταῦτα
1045 5277 1212 5345 λέγει,
1235 5278 1317 5331 ὅτι
1347 5277 1485 5348 μετὰ
1514 5276 1584 5330 τά
1616 5277 1789 5347 δεσμὰ
1821 5276 1986 5330 αὑτοῦ
2007 5278 2101 5330 καὶ

519 5381 619 5443 τὰς
655 5378 869 5440 ἀλύσεις
891 5374 1293 5448 περισσοτέρως
1321 5375 1562 5446 ἐτόλμων
1582 5374 1799 5443 ἀφόϐως
1832 5374 1925 5428 τὸν
1946 5375 2100 5442 λόγον

519 5476 721 5532 λαλεῖν.
757 5476 821 5529 Τί
849 5476 937 5530 δαὶ
969 5474 1062 5528 ἐπὶ
1086 5473 1385 5538 Μωῦσέως,
1418 5474 1535 5527 είπέ
1574 5491 1691 5543 μοι;
1723 5476 1778 5526 ἐν
1805 5473 1945 5546 μέσῃ
1969 5473 2095 5543 βαρ-

523 5575 706 5645 ϐάρων
734 5571 885 5645 χώρᾳ
904 5572 1004 5626 οὐκ
1028 5572 1237 5641 ἀφῆκεν
1258 5574 1286 5625 ὁ
1312 5570 1443 5635 Θεὸς
1472 5571 1564 5624 καὶ
1592 5558 1802 5641 μάγους
1830 5571 1897 5623 τά
1926 5571 2103 5623 αὐτῶν

523 5670 923 5738 ἐπιδείξασθαις
952 5669 1075 5741 οὐχὶ
1097 5670 1189 5723 καὶ
1206 5668 1409 5738 ταύτης
1436 5667 1707 5738 μέμνηται
1731 5668 1831 5736 τῆς
1864 5668 2102 5738 ἱστορίας

587 5805 613 5832 ⁸
637 5802 784 5852 Savil.
808 5806 856 5852 in
879 5818 1031 5867 marg.
1054 5804 1185 5853 addit
1210 5803 1316 5859 τοὺς
1353 5804 1511 5859 λαούς.

1220 336 1276 391 S.
1317 337 1607 415 JOANNIS
1646 337 2147 397 CIIRYSOSTOMI
2183 340 2509 400 ARCHIEP.
2544 339 3097 399 CONSTANTINOP.

3680 340 3797 395 522

2183 478 2211 529 6
2244 478 2487 546 (16610;;
2529 483 2641 535 Ὃν
2663 482 2887 549 τρόπον
2935 480 3003 533 δὲ
3052 478 3292 548 Ἰαννῆς
3318 479 3413 532 καί
3459 477 3790 547 Ἰαμϐρῆς,

2184 576 2369 646 φησὶν,
2402 577 2793 646 ἀντέστησαν
2812 575 3072 639 Μωυσεῖ,
3105 576 3262 630 οὕτω
3285 574 3385 628 καί
3413 571 3583 631 οὗτοι
3616 576 3761 629 ἀντι
3785 604 3798 617 ο

2185 672 2518 742 στήσονται
2555 673 2628 742 τῇ
2667 674 2937 741 ἀληθείᾳ.
2987 665 3158 736 Οὗτος
3220 670 3479 725 οὐδέποτε
3512 671 3794 725 ἐπέλιπεν

2185 768 2309 823 οὕτε
2343 769 2409 824 τὰ
2445 770 2739 838 σκάνδαλα,
2767 770 2889 824 οὕτε
2916 771 2966 822 οἱ
2982 767 3405 840 στεφανούμενοι
3434 768 3522 822 διά
3546 768 3791 822 τούτων.

2185 866 2349 920 Ταῦτ’
2372 862 2465 921 οὖν
2504 868 2720 921 ἅπαντα
2751 867 2985 936 λογίζου,
3007 866 3103 919 καὶ
3130 864 3205 937 μὴ
3233 864 3410 919 ταῦτα
3429 865 3610 935 μόνον,
3643 863 3792 919 ἀλλὰ

2185 964 2281 1017 καὶ
2312 964 2435 1018 ὅσον
2459 964 2651 1036 κέρδος
2670 962 2781 1017 ἀπὸ
2804 962 2897 1016 τοῦ
2927 963 3257 1034 πράγματος
3285 962 3499 1031 γέγονε.
3536 964 3791 1017 Κάκεῖνο
3840 994 3843 997 -

2188 1061 2410 1127 σκόπει,
2456 1060 2540 1113 ὃτι
2586 1061 2683 1115 καί
2721 1060 2899 1131 ἕτεροί
2938 1059 3085 1123 τινές
3113 1060 3253 1112 εἰσιν
3283 1057 3591 1130 ἀπόρρητοι
3627 1057 3788 1125 λόγοι

2184 1157 2419 1211 τούτων·
2452 1158 2513 1209 οὐ
2540 1156 2649 1229 γὰρ
2676 1157 2856 1210 πάντα
2884 1156 3083 1210 εἰδέναι
3106 1157 3257 1227 ἡμᾶς
3282 1155 3507 1209 δυνατόν
3529 1173 3543 1186 ’
3578 1154 3676 1208 καὶ
3699 1155 3786 1207 ὅτι

2185 1255 2251 1308 τά
2279 1256 2621 1329 χρηστότερα
2654 1256 3027 1328 ἀπαντήσεται
3064 1255 3205 1323 μετὰ
3227 1254 3422 1317 ταῦτα,
3453 1254 3548 1307 καὶ
3576 1252 3788 1306 πλείων

2186 1352 2709 1425 ήπαραδοξοποιία·
2748 1352 2936 1424 ὥσπερ
2976 1346 3068 1407 οὖν
3096 1353 3189 1406 ἐπὶ
3235 1353 3329 1406 τοῦ
3372 1331 3575 1422 Ἰωσὴέρ
3609 1354 3643 1420 ἡ
3679 1349 3785 1419 μὲν

2184 1450 2329 1523 ἀρχὴ
2380 1450 2663 1504 δυσκολίαν
2707 1446 2856 1521 εἶχε,
2916 1450 3010 1504 καὶ
3048 1451 3208 1521 μέχρι
3254 1448 3451 1502 πολλοῦ
3487 1447 3686 1520 προῄει
3716 1447 3787 1500 τὰ

2186 1549 2505 1619 πράγματα,
2539 1548 2871 1611 ἀπεναντίας
2900 1544 3038 1602 εῖναι
3061 1546 3322 1600 δοκοῦντα
3348 1549 3413 1617 τῇ
3446 1547 3781 1616 ὑποσχέσειο

2186 1644 2414 1716 ὕστερον
2460 1644 2517 1697 δὲ
2560 1642 2780 1716 μείζονα
2831 1645 2940 1697 τῶν
2998 1643 3481 1715 προσδοκηθέντων
3528 1643 3781 1711 ἐγένετο.

2183 1742 2294 1795 Καὶ
2328 1741 2421 1795 ἐπὶ¹
2449 1739 2540 1794 τοῦ
2579 1739 2813 1813 σταυροῦ
2852 1740 2909 1794 δὲ
2942 1740 3043 1794 οὐκ
3078 1739 3305 1804 εὐθέως,
3347 1740 3471 1793 ούδέ
3503 1742 3562 1793 ἐν
3589 1755 3779 1810 προοι-

2188 1838 2332 1910 μίοις
2372 1839 2467 1892 καὶ
2495 1840 2553 1891 ἐν
2581 1839 2725 1910 ἀρχῇ
2760 1838 2819 1890 :6
2854 1836 3185 1908 κατόρθωμα
3225 1837 3371 1890 ἅπαν
3407 1835 3779 1907 ἐϐλάστησεν,

2184 1935 2320 1989 ἀλλὰ
2343 1938 2402 1990 :6
2432 1936 2531 2006 μὲν
2560 1934 2857 1988 σκάνδαλον
2878 1933 3095 2005 προῄει,
3126 1934 3218 1987 καὶ
3244 1934 3402 2002 ὀλίγα
3430 1932 3556 1987 τινὰ
3580 1933 3779 2000 γέγονε

2185 2038 2384 2107 σημεῖα
2440 2033 2715 2104 θαύματος
2762 2033 2947 2086 ἕνεκεν
3000 2031 3093 2084 καὶ
3122 2032 3219 2102 τῆς
3265 2029 3611 2103 διορθώσεως
3668 2030 3781 2082 τῶν

2182 2132 2355 2186 ταῦτα
2381 2132 2791 2204 τολμησάντων,
2841 2132 2935 2185 καὶ
2991 2130 3193 2194 εὐθέως
3237 2129 3454 2184 ἅπαντα
3495 2130 3775 2201 παρέδραο

2187 2248 2306 2301 μεν,
2334 2229 2395 2283 Et
2424 2229 2531 2302 γὰρ
2573 2228 2666 2283 καὶ
2694 2229 2756 2282 :6
2784 2228 3187 2299 καταπέτασμα
3230 2228 3456 2299 ἐσχίσθη
3509 2227 3607 2281 τοῦ
3646 2226 3780 2280 ναοῦ

2182 2328 2325 2391 τότε,
2375 2327 2470 2381 καὶ¹
2519 2328 2719 2397 πέτραι
2748 2326 3090 2397 ἐρῤάγησαν,
3120 2326 3212 2379 καὶ
3264 2326 3418 2394 ἥλιος
3458 2324 3777 2392 ἐσκοτίσθη,

2186 2425 2322 2480 ἀλλὰ
2356 2425 2530 2479 ταῦτα
2562 2426 2619 2477 ἐν
2661 2426 2769 2496 μιᾷ⁵
2792 2424 2979 2495 ἡμέρᾳ
3007 2424 3102 2477 καὶ
3142 2424 3200 2477 ἐν
3225 2422 3365 2495 λήθῃ
3395 2424 3592 2491 γέγονε
3625 2422 3780 2492 παρά

2184 2523 2297 2586 τοῖς
2321 2520 2554 2585 πολλοῖς.
2590 2520 2745 2575 Μετὰ
2770 2519 2828 2573 δέ
2848 2519 3020 2573 ταῦτα
3050 2518 3253 2581 εὐθέως
3281 2521 3340 2572 ἐν
3379 2522 3527 2589 φυγῇ
3553 2520 3605 2571 οί
3636 2518 3778 2571 ἀπό-

2187 2618 2383 2677 στολοι.
2408 2618 2466 2671 ἐν
2493 2616 2696 2684 διώξει,
2729 2617 2788 2670 ἐν
2835 2616 3117 2686 πολέμοις,
3149 2617 3207 2669 ἐν
3241 2614 3582 2679 ἐπιϐουλαῖς,
3644 2613 3777 2665 λαν-

2187 2718 2460 2781 θάνοντες,
2516 2716 2905 2787 κρυπτόμενοι,
2946 2714 3267 2780 δεδοικότες,
3322 2713 3777 2783 καταλευόμενοι,

2184 2812 2328 2867 οὕτω
2357 2812 2450 2866 τὸν
2481 2811 2639 2882 λόγον
2678 2812 2976 2882 ἐκήρυττον
2996 2827 3008 2841 ·
3046 2811 3142 2865 καὶ⁵
3186 2811 3243 2863 ἐν
3271 2810 3561 2883 δυναστεία
3606 2809 3778 2881 πολλῇ

2185 2908 2294 2962 τῶν
2350 2908 2620 2964 Ἰουδαίων
2675 2910 2703 2962 6
2750 2907 2919 2979 δῆμος
2940 2947 2955 2973 ,
3013 2908 3255 2976 ἀγόντων
3284 2948 3296 2967 ,
3352 2906 3735 2978 περιαγόντων
3765 2947 3778 2963 .

2190 3004 2921 3081 ἐλκόντων,σπαραττόντων
2939 3005 3065 3069 τοὺς
3109 3002 3484 3067 πιστεύοντας.
3524 3003 3637 3056 Καὶ
3670 3002 3782 3072 γὰρ

2186 3102 2313 3166 τοὺς
2350 3101 2617 3173 ἄρχοντας
2658 3099 2777 3171 μεθ’
2820 3100 3031 3154 ἑαυτῶν
3079 3100 3331 3170 ἔχοντες,
3376 3100 3495 3153 καθ’
3538 3100 3783 3167 ἐκάστην

2187 3193 2323 3269 ἦγον
2372 3199 2467 3253 καὶ
2508 3197 2775 3268 περιῆγον
2818 3198 2945 3261 τοὺς
2989 3197 3343 3260 ἀποστόλους.
3385 3196 3497 3250 Καὶ
3542 3196 3596 3249 τί
3638 3195 3783 3263 λέγω

2188 3295 2297 3348 τῶν
2330 3294 2596 3349 Ἰουδαίων
2630 3295 2720 3348 τὸν
2749 3294 2919 3365 δῆμον
2959 3294 3053 3349 καὶ
3082 3294 3381 3366 ἀρχονταςς
3415 3288 3512 3357 Εἷς
3546 3293 3785 3364 σκηνοῤ-

2192 3392 2383 3461 ράφος,
2439 3390 2567 3461 περὶ
2618 3390 2865 3462 δέρματα
2917 3390 3325 3461 ἠσχολημένος,
3363 3390 3392 3443 6
3436 3388 3655 3452 Παῦλος
3692 3387 3783 3459 (τί

2190 3487 2655 3558 δέσκηνορῤάφου
2709 3487 3156 3558 εὐτελέστερονς)
3214 3486 3451 3557 τοσαύτῃ
3511 3486 3784 3557 ἐκέχρητο

2106 3608 2109 3611 λ
2190 3588 2257 3655 τῇ
2291 3584 2480 3654 μανία,
2497 3585 2572 3647 ὼς
2604 3583 2788 3656 σύρειν
2814 3582 3012 3654 ἀνδρας
3038 3584 3131 3637 καὶ
3158 3585 3447 3651 γυναῖκας,
3477 3582 3575 3634 καὶ
3598 3599 3781 3652 1:696—

2189 3682 2389 3735 διδόναι
2410 3684 2489 3745 είς
2520 3681 2770 3751 φυλακήν
2784 3698 2797 3712 ·
2826 3681 2920 3734 καὶ
2935 3682 2963 3734 6
2988 3697 3119 3733 σταυ
3129 3680 3323 3751 ρωθεὶς
3339 3679 3589 3750 ἠνείχετο
3608 3679 3786 3731 ταὴα

2189 3781 2355 3854 ὁρῶν.
2394 3781 2558 3836 Ἀλλὰ
2579 3784 2681 3853 ὅρα
2715 3782 2831 3847 πῶς
2865 3781 3005 3853 μετὰ
3028 3781 3204 3836 ταῦτα
3223 3771 3378 3843 οὗτός
3405 3797 3466 3832 τε
3492 3782 3521 3833 6
3545 3778 3787 3849 διώκτης

2192 3880 2401 3942 πάντας
2457 3879 2887 3952 ὑπερηκόντισε,
2928 3878 3025 3933 καὶ
3081 3880 3144 3932 :6
3200 3879 3434 3950 πρᾶγμα
3489 3877 3634 3948 ὑπὲρ
3694 3878 3787 3930 τὸν

2192 3976 2343 4049 ἥλιον
2371 3975 2653 4047 διέλαμψε,
2688 3976 2781 4029 καὶ
2812 3977 2991 4029 πᾶσαν
3022 3975 3254 4046 κατέσχε
3296 3974 3395 4046 τὴν
3428 3974 3786 4044 οἰκουμένην.

2266 4100 2407 4169 Κεφ.
2436 4097 2545 4153 κα’.
2576 4099 2639 4152 Et
2665 4098 2723 4152 δέ
2754 4098 2951 4167 λέγοις,
2980 4100 3092 4153 Καὶ
3125 4099 3267 4162 τίνος
3287 4098 3473 4154 ἕνεκεν
3504 4099 3599 4152 καὶ
3634 4099 3693 4151 ἐν
3718 4101 3786 4169 τῇ

2194 4195 2411 4266 Παλαιᾷ
2444 4197 2539 4249 καὶ
2564 4197 2622 4248 ἐν
2654 4198 2720 4265 τῇ
2758 4197 2932 4265 Καινῇ
2963 4195 3208 4248 τοσοῦτοι
3254 4195 3507 4260 κίνδυνοι,
3537 4196 3789 4248 τοσοῦτοι

2195 4293 2513 4363 πειρασμοὶ,
2568 4291 2828 4345 τοσαῦται
2877 4290 3202 4357 ἐπιϐουλαί;
3252 4291 3491 4361 μάνθανε
3548 4292 3647 4345 καὶ
3687 4291 3789 4362 τὴν

2196 4390 2395 4443 αἰτίαν.
2418 4388 2513 4453 Τίς
2529 4384 2673 4459 οὖνὴ
2701 4388 2877 4456 αἰτίας
2911 4388 3225 4457 Παλαίστρα
3253 4392 3282 4442 6
3298 4388 3490 4459 παρὼν
3508 4388 3624 4459 βίος
3648 4391 3790 4452 ἐστὶ,

2194 4488 2499 4558 γυμνάσιον
2526 4489 2621 4542 καὶ
2650 4487 2819 4556 ἀγὼν,
2862 4489 3245 4561 χωνευτήριον,
3301 4486 3525 4557 βαφεῖον
3559 4487 3787 4557 ἀρετῆς.

2199 4587 2411 4657 Ὥσπερ
2438 4582 2530 4639 οὖν
2563 4588 2611 4639 οἱ
2645 4583 2969 4654 σκυτοδέψαι
3004 4584 3075 4637 τὰ
3123 4584 3369 4655 δέρματα
3409 4582 3790 4654 λαμϐάνοντες

2200 4683 2467 4755 στύφουσι
2498 4684 2786 4755 πρότερον,
2824 4681 3225 4743 κατατείνουσι,
3260 4680 3484 4734 παίουσι
3506 4682 3604 4733 καὶ

2197 4791 2398 4859 τοίχοις
2419 4785 2513 4837 καὶ
2529 4783 2697 4845 λίθοις
2720 4782 3193 4852 προσαράσσοντες
3216 4780 3309 4833 καὶ
3328 4780 3542 4852 ἑτέραις
3565 4779 3799 4851 μυρίαις

2200 4884 2518 4957 θεραπείαις
2549 4880 2687 4934 αὑτά
2717 4882 3042 4949 ποιήσαντες
3066 4879 3349 4948 ἐπιτήδεια
3368 4878 3505 4950 1:96;
3534 4880 3636 4949 τὴν
3666 4880 3801 4933 ὐπο-

2198 4984 2361 5054 δοχὴν
2394 4986 2490 5053 τῆς
2524 4981 2723 5051 βαφῆς,
2762 4978 2904 5032 οὕτω
2936 4978 2996 5031 :6
3023 4980 3220 5049 χρῶμα
3251 4977 3311 5030 :6
3336 4979 3519 5048 τίμιον
3547 4980 3798 5047 ἐπάγου-

2205 5099 2319 5135 σινο
2368 5080 2423 5133 οἴ
2468 5096 2498 5130 τ
2580 5076 2867 5149 χρυσοχόοι
2896 5077 2958 5128 τὸ
2988 5076 3211 5145 χρυσίον
3240 5077 3320 5139 εἰς
3346 5075 3408 5129 :6
3437 5075 3549 5148 πῦρ
3590 5078 3800 5145 ἐμϐάλ-

2201 5184 2405 5245 λοντες,
2434 5183 2499 5250 τῇ
2534 5180 2749 5249 βασάνῳ
2778 5179 2876 5248 τῆς
2920 5178 3150 5247 καμίνου
3195 5176 3608 5249 παραδιδόασιν,
3650 5177 3798 5232 ὥστε

2204 5280 2428 5350 ποιῆσαι
2462 5276 2853 5349 καθαρώτατον
2874 5294 2885 5305 ·
2920 5276 2973 5328 οἵ
2999 5293 3055 5327 τε
3087 5275 3454 5346 παιδοτρίϐαι,
3504 5276 3563 5329 ἐν
3594 5279 3659 5347 τῇ
3690 5294 3800 5331 πα-

2202 5378 2435 5447 λαίστρα
2463 5375 2679 5439 πολλοῖς
2718 5374 2905 5437 πόνοις
2933 5376 3059 5438 τοὺς
3088 5373 3389 5436 ἀθλοῦντας
3420 5375 3760 5445 γυμνάζουσι
3778 5420 3795 5443 ,

2204 5476 2311 5529 τῶν
2338 5472 2649 5527 ἀντιπάλων
2673 5470 3030 5542 σφοδρότερον
3059 5472 3244 5534 αὐτοῖς
3278 5472 3675 5541 ἐμπίπτοντες,
3706 5474 3799 5525 ἴνα.

2205 5575 2263 5627 ἐν
2310 5575 2375 5642 τῇ
2414 5572 2690 5641 γυμνασίᾳ
2728 5570 2789 5623 :6
2821 5572 2927 5625 πᾶν
2967 5570 3414 5641 κατορθώσαντες
3447 5572 3505 5623 ἐν
3540 5572 3652 5632 τοῖς
3685 5569 3800 5622 τῶν

2205 5671 2540 5724 διδασκάλων
2563 5670 2831 5741 σώμασιν,
2869 5670 2959 5721 ἐπὶ
2986 5668 3095 5721 τῶν
3127 5667 3355 5735 ἀγώνων
3392 5670 3676 5739 εὐτρεπεῖς
3692 5662 3798 5723 ὦσι

2212 5769 2306 5823 καὶ
2336 5768 2848 5839 παρεσκευασμένοι
2884 5767 3021 5838 1:96;
3056 5764 3153 5829 τὰς
3201 5765 3371 5828 λαϐάς
3419 5764 3528 5818 τῶν
3557 5761 3792 5835 ἐχθρῶν,
