4050 6426
221 379 323 437 δυ

220 492 790 562 simulabantiNeque
814 507 942 547 vero
973 492 1022 547 id
1057 491 1233 560 exigui
1276 485 1535 542 momenti
1579 493 1663 539 est
1686 526 1699 546 ,
1732 480 1826 536 sed

220 569 571 655 summopere
599 585 820 656 prodest
844 584 947 639 illis
977 585 1068 654 qui
1101 583 1269 638 velint
1293 579 1597 642 attendere,
1623 584 1680 629 ut
1711 574 1832 627 illos

222 678 543 748 diguoscant
558 679 647 748 qui
673 677 901 748 pellibus
924 677 1103 730 ovium
1128 674 1252 729 tecti
1284 683 1425 732 sunt,
1459 685 1528 724 ne
1556 668 1634 722 sic
1653 665 1833 720 occul-

223 771 317 824 tati
339 771 456 840 ηιρὶ
485 786 609 826 cum
645 771 788 824 veris
816 770 1010 824 ovibus
1048 769 1396 823 misceantur.
1428 764 1525 818 Est
1551 762 1695 815 enim
1726 759 1834 812 for-

223 878 329 917 nax
360 862 606 932 quaedam
637 872 847 931 tempus
888 860 1058 924 istud,
1101 875 1222 929 qua:
1259 857 1556 911 submratos
1584 865 1833 906 nummus

221 952 518 1023 patefacit,
565 969 686 1022 quae
736 952 1008 1023 plumbum
1055 949 1365 1020 liquefacit,
1413 947 1594 1016 paleas
1632 945 1828 1004 exurit,

222 1049 460 1116 pretiosa
493 1047 712 1104 metalla
743 1046 1061 1114 pretiosiora
1090 1043 1285 1098 reddit.
1311 1041 1422 1095 lloc
1464 1039 1625 1092 etiam
1669 1035 1831 1105 signi-

221 1137 390 1193 ﬁcans
412 1139 609 1193 Paulus
633 1137 847 1193 dlcebat
875 1155 888 1190 :
927 1135 1138 1206 Oportet
1165 1144 1335 1188 autem
1363 1141 1408 1185 et
1446 1131 1661 1183 hmreses
1692 1144 1829 1192 esse,

222 1231 396 1300 utqui
423 1231 622 1302 probati
660 1239 806 1296 sunt,
841 1228 1098 1300 manifesti
1133 1227 1260 1296 ﬁant
1304 1227 1358 1278 in
1405 1223 1541 1277 vobis
1573 1221 1590 1293 (
1617 1222 1668 1274 I.
1710 1219 1830 1273 Cor.

225 1323 469 1395 “.19).

293 1413 424 1469 CAP.
495 1413 617 1470 XX.
683 1413 1012 1485 Temporibus
1067 1407 1413 1482 apostolorum
1484 1423 1562 1460 res
1611 1404 1834 1459 evenisse

218 1508 536 1577 graviores;
606 1507 720 1560 vitta
766 1503 1061 1576 apostolica
1141 1501 1478 1572 pra’rogativa
1543 1499 1728 1570 qualis.
1761 1527 1833 1537 --

221 1596 365 1652 Nihil
395 1613 524 1668 ergo
551 1599 775 1652 istorum
809 1606 860 1652 te
889 1595 1236 1656 scandalizet,
1267 1609 1373 1646 non
1402 1591 1658 1645 sacerdos
1687 1604 1832 1643 nunc

221 1690 576 1760 depravatus,
618 1700 674 1746 et
721 1693 847 1760 lupo
885 1688 1074 1760 quovis
1126 1688 1320 1741 saevius
1365 1688 1417 1739 in
1449 1699 1664 1755 gregem
1699 1683 1830 1736 insi-

222 1781 381 1847 liens,
439 1797 544 1835 non
588 1796 652 1836 ex
693 1779 1095 1849 magistratibus
1143 1785 1233 1831 aut
1277 1776 1609 1845 principibus
1650 1774 1826 1838 ullus,

218 1872 314 1942 qui
346 1889 590 1942 magnam
619 1872 989 1926 crudelitatem
1037 1885 1146 1940 prie
1187 1884 1247 1924 se
1293 1868 1446 1922 ferat.
1495 1866 1685 1921 Veniat
1734 1867 1827 1921 tibi

220 1963 275 2016 in
318 1974 553 2019 mentem
602 1963 967 2032 apostolorum
1012 1962 1348 2032 temporibus
1387 1977 1474 2016 res
1516 1960 1683 2014 multo
1710 1975 1832 2030 gra-

219 2054 400 2110 viores
445 2057 562 2109 istis
603 2055 886 2110 accidisse.
931 2054 1062 2108 Nam
1095 2064 1150 2108 et
1175 2055 1240 2118 is,
1292 2055 1379 2124 qui
1411 2065 1520 2108 tum
1553 2065 1828 2122 sceptrum

217 2150 440 2217 gerebat
482 2149 799 2220 Imperator,
849 2150 1165 2222 mysterium
1208 2158 1325 2203 erat
1373 2149 1675 2218 iniquitatis
1725 2147 1862 2220 (sic-

218 2242 362 2294 enim
394 2257 515 2296 eum
551 2243 743 2296 Paulus
770 2243 1061 2311 appellavit
1085 2239 1159 2313 [2.
1191 2241 1372 2294 Thess.
1402 2241 1455 2294 2.
1492 2239 1546 2313 7]
1575 2241 1615 2309 ),
1649 2242 1828 2295 omnia

215 2348 416 2404 genera
460 2335 711 2389 vitiorum
768 2344 1098 2404 pervaserat,
1147 2343 1201 2388 et
1245 2349 1433 2388 omnes
1489 2335 1829 2403 improbitate

216 2436 586 2497 superaverat,
629 2437 683 2482 at
737 2428 871 2481 nihil
919 2427 1021 2481 hoc
1051 2435 1142 2480 aut
1172 2427 1490 2492 Ecclesiam,
1538 2437 1630 2480 aut
1659 2441 1827 2496 gene-

215 2533 373 2574 rosos
402 2520 520 2574 illos
550 2521 693 2574 viros
724 2521 884 2587 Irsit,
920 2521 1030 2574 imo
1060 2519 1579 2576 etiam‘illustriorcs
1601 2518 1776 2574 etl'ecit
1812 2538 1824 2573 :

213 2623 270 2669 et
313 2612 624 2668 Judteorum
657 2615 968 2667 sacerdotes
1000 2612 1070 2666 ita
1099 2613 1245 2682 pravi
1278 2623 1331 2666 et
1369 2613 1600 2682 improbi
1651 2612 1826 2666 homi-

214 2721 313 2759 nes
356 2715 530 2768 erant,
579 2714 638 2760 ut
666 2706 984 2774 juberentur
1030 2705 1212 2774 populi
1244 2720 1434 2759 eorum
1477 2706 1601 2759 vita:
1651 2704 1828 2758 imita-

215 2796 417 2851 tionem
440 2798 615 2852 vitare
645 2816 657 2851 :
693 2795 864 2867 Super
886 2796 1183 2851 cathedram
1209 2798 1354 2851 enim
1383 2797 1599 2868 Moysis,
1631 2797 1823 2868 inquit,

212 2891 451 2945 sederunt
483 2890 681 2946 Scriba:
709 2902 754 2945 et
786 2890 1040 2944 Pharismi
1073 2906 1092 2944 :
1122 2892 1294 2944 omnia
1324 2908 1444 2963 ergo
1470 2906 1583 2961 quae
1606 2891 1826 2944 dixerint

212 2987 351 3040 vobis
381 2988 638 3058 facienda,
671 2988 841 3058 facite,
873 2989 1150 3042 secundum
1190 3006 1344 3057 opera
1376 3006 1490 3043 vero
1537 3007 1709 3044 eorum
1737 3007 1828 3044 no-

212 3081 302 3134 lite
335 3084 502 3152 facere
560 3080 773 3156 (Matth.
807 3081 896 3136 25.
930 3082 983 3136 2.
1019 3082 1073 3152 3)
1108 3102 1122 3140 :
1157 3086 1368 3136 tametsi
1413 3083 1542 3152 quid
1601 3083 1827 3152 nequius

211 3171 316 3226 illis
337 3173 707 3227 sacerdotibus
737 3174 861 3244 fingi
897 3184 1093 3244 potest,
1142 3190 1371 3245 quorum
1413 3175 1638 3230 imitatio
1681 3187 1830 3245 pote-

211 3273 296 3318 rat
341 3264 570 3333 perdere
609 3276 904 3321 sectatores
950 3267 1212 3321 illorum?
1258 3270 1507 3322 Attamen
1542 3269 1663 3322 licet
1695 3270 1828 3324 tales

210 3366 398 3409 essent
427 3358 693 3426 principes
722 3357 865 3411 illius
894 3359 1151 3426 temporis
1177 3400 1192 3424 ,
1241 3360 1330 3427 qui
1361 3359 1688 3415 celebriores
1713 3370 1826 3414 tum

211 3446 455 3512 fuerunt,
491 3459 651 3519 atque
702 3450 947 3504 coronati
974 3460 1282 3517 evaserunt,
1335 3452 1483 3506 nullo
1528 3453 1687 3506 molo
1717 3452 1826 3506 laesi

209 3553 373 3609 sunt,
431 3546 540 3598 imo
602 3546 780 3614 potius
829 3546 1086 3599 clariores
1130 3544 1252 3599 facti
1302 3555 1447 3600 sunt.
1505 3545 1620 3599 Non
1668 3546 1829 3616 igitur

210 3643 426 3704 oportet
475 3639 544 3689 ob
590 3652 673 3698 ea,
724 3652 844 3705 qua:
893 3636 1162 3700 accidunt,
1219 3629 1629 3706 obstupescere.
1685 3638 1819 3692 Nam

213 3726 411 3797 ubique
441 3729 772 3783 tentationes
805 3730 890 3795 iis,
943 3730 1034 3799 qui
1084 3730 1271 3800 vigiles
1315 3742 1369 3785 et
1417 3733 1606 3786 attenti
1658 3745 1824 3799 sunt,

209 3820 511 3882 adhaerent,
571 3824 682 3876 sive
732 3837 761 3874 a
806 3822 1140 3886 domesticis,
1190 3824 1304 3877 sive
1347 3825 1414 3878 ab
1449 3824 1661 3879 alienis.
1696 3826 1830 3880 Pro-

211 3922 396 3985 pterea
449 3914 644 3968 Paulus
683 3913 866 3978 etiam,
919 3931 1038 3969 cum
1074 3916 1342 3985 ingentem
1377 3934 1658 3972 numerum
1687 3921 1828 3990 peri-

209 4004 458 4058 culorum
509 4005 616 4058 illis
643 4016 892 4059 cerneret
944 4006 1249 4071 imminere,
1301 4024 1365 4062 ac
1411 4021 1711 4074 vereretur,
1761 4028 1827 4065 ne

209 4098 299 4167 qni
331 4097 578 4166 discipuli
608 4099 732 4152 inde
763 4099 1126 4164 turbarentur,
1177 4101 1227 4154 in
1272 4102 1388 4156 haec
1417 4104 1579 4158 verba
1617 4105 1826 4160 scribe-

209 4192 301 4244 bat
326 4210 338 4244 :
374 4190 496 4244 Misi
523 4192 590 4244 ad
612 4209 696 4247 vos
722 4191 1064 4259 Timotheum,
1107 4205 1160 4247 ut
1188 4211 1334 4248 nemo
1367 4207 1627 4251 moveatur
1652 4199 1705 4252 in
1737 4201 1825 4252 tri-

209 4282 552 4337 bulationibus
590 4284 698 4338 istis
731 4286 871 4349 :ipsi
904 4286 1037 4339 enim
1085 4287 1222 4339 scitis
1260 4288 1396 4356 quod
1441 4289 1494 4341 in
1537 4290 1632 4342 hoc
1676 4292 1828 4358 positi

207 4389 384 4426 sumus
429 4375 526 4444 (t.
573 4373 750 4430 Thess.
790 4378 842 4431 5.
871 4376 907 4430 2
934 4376 974 4445 ).
1033 4380 1270 4444 Quorum
1321 4381 1406 4434 hic
1460 4396 1652 4435 sensus
1699 4394 1820 4438 est:

209 4466 336 4521 Haec
372 4478 457 4522 est
500 4469 604 4522 vita
649 4480 855 4536 nostra,
905 4469 1021 4524 haec
1062 4471 1368 4539 apostolit-ar
1398 4475 1826 4529 conversationis

207 4568 292 4613 est
325 4560 581 4625 conditio,
625 4572 681 4615 ut
708 4561 940 4617 ferendis
967 4564 1122 4617 malis
1155 4565 1452 4619 innumeris
1483 4567 1547 4620 sit
1571 4567 1820 4620 obnoxia.

211 4649 277 4704 In
310 4651 405 4704 hoc
436 4655 579 4707 enim
615 4655 765 4722 positi
795 4670 988 4720 sanius,
1035 4656 1225 4724 inquit.
1267 4656 1405 4723 Quid
1457 4667 1572 4718 est.
1622 4656 1686 4710 In
1730 4661 1824 4713 hoc

211 4745 364 4812 positi
389 4745 604 4798 sumus?
632 4745 1096 4812 Quemadmodum
1132 4763 1217 4800 res
1247 4749 1461 4801 venales
1495 4749 1544 4801 in
1577 4749 1678 4803 hoc
1699 4761 1822 4805 sunt

209 4836 490 4904 exposite,
536 4847 592 4890 ut
636 4837 941 4892 vendantur
984 4839 1107 4891 :sie
1151 4849 1206 4892 et
1249 4840 1539 4906 apostolica
1587 4843 1714 4906 vita,
1763 4852 1820 4896 ιιι

207 4927 465 4981 conviciis
494 4927 811 4990 inccssatur,
859 4939 915 4982 ut
957 4930 1093 4982 mala
1142 4932 1393 4999 patiatur,
1442 4947 1500 4986 ιιι
1528 4950 1819 5004 numquam

210 5019 464 5087 respiret,
508 5029 566 5072 ut
611 5020 784 5073 nullas
817 5020 1057 5075 inducias
1101 5024 1460 5077 nanciscatur.
1516 5025 1684 5079 Porro
1728 5028 1818 5096 qui

210 5111 397 5181 vigiles
443 5120 498 5165 et
539 5115 728 5166 attenti
762 5125 907 5179 sunt,
956 5131 1060 5168 non
1094 5116 1254 5169 modo
1282 5118 1414 5170 nihil
1452 5118 1574 5172 inde
1602 5121 1820 5188 capiunt

208 5203 539 5270 detrimenti,
594 5206 686 5258 sed
730 5206 959 5272 amplius
1009 5207 1134 5261 inde
1176 5209 1466 5263 lucrantnr.
1515 5210 1689 5277 Quam
1751 5213 1819 5266 ob

207 5308 425 5348 causam
473 5303 529 5347 ct
579 5295 710 5349 istos
761 5296 845 5350 ubi
893 5306 1202 5352 constanter
1231 5302 1491 5356 restitisse
1530 5306 1814 5372 cognovit,

208 5385 554 5439 commendat
583 5405 594 5437 :
625 5397 679 5441 et
707 5387 775 5441 de
806 5390 926 5441 aliis
955 5391 1051 5442 ista
1084 5391 1234 5454 dicit,
1278 5408 1373 5446 eos
1404 5403 1524 5463 post
1553 5395 1669 5465 ejus
1698 5398 1815 5450 vin-

209 5477 326 5528 anla
393 5487 446 5530 et
491 5493 710 5532 catenas
750 5481 1111 5540 abundantius
1141 5500 1302 5537 ausos
1328 5501 1449 5541 esse
1474 5488 1590 5542 sine
1625 5490 1816 5546 timore

207 5567 431 5620 Verbum
474 5568 567 5623 Dei
615 5571 758 5641 loqui
799 5575 815 5640 (
849 5571 1080 5642 Philipp.
1115 5577 1164 5627 i.
1200 5576 1326 5646 14).
1357 5577 1492 5643 Quid
1519 5595 1648 5634 vero
1683 5590 1818 5635 tetu-

206 5673 340 5729 pore
369 5659 588 5733 Moysis,
618 5665 842 5733 quicso?
888 5681 1066 5719 nonne
1095 5666 1144 5719 in
1170 5669 1340 5721 media
1376 5671 1593 5740 regione
1625 5674 1816 5729 barba-

209 5767 391 5807 rorum
437 5770 619 5825 magns
663 5759 822 5812 etiam
877 5760 1121 5829 permisit
1169 5760 1310 5815 Deus
1356 5779 1536 5818 rerum
1597 5783 1813 5823 suarum

204 5865 479 5914 speczmt-n
530 5854 783 5908 exhibere.
811 5858 832 5908 ἶ)
877 5870 1053 5908 nonne
1106 5854 1262 5927 hujus
1308 5871 1519 5926 quoque
1566 5864 1809 5918 meminit

1058 373 1153 430 AD
1191 370 1323 428 EOS
1359 366 1477 439 QUI
1516 359 2014 424 SCANDALIZATI
2044 358 2244 419 SUNT.
2287 357 2421 416 LIB.
2464 357 2666 416 UNUS.

3455 350 3564 404 5‘1‘1

1943 476 2182 532 historia:
2241 475 2478 532 Paulus?
2537 469 2980 541 Quemadmodum
3032 478 3204 526 autem
3246 469 3445 524 .Iannes
3517 475 3566 520 et

1937 567 2197 635 Jambres,
2247 569 2440 637 inquit,
2485 568 2777 620 restiterunt
2827 564 3023 636 Moysi,
3075 565 3148 618 ita
3178 573 3222 617 et
3248 563 3302 616 hi
3326 562 3563 617 resistent

1940 660 2140 714 veritati
2187 659 2267 730 (2.
2294 658 2428 714 Tim.
2461 659 2514 715 5.
2546 657 2622 728 8).
2649 657 2721 711 Ita
2751 671 3043 727 numquam
3071 655 3361 712 defuerunt
3387 669 3560 725 neque

1940 750 2217 817 scandala,
2249 766 2424 820 neque
2454 750 2544 820 qui
2572 750 2858 805 occasione
2897 749 3111 804 illorum
3147 763 3347 804 corona
3390 747 3552 803 dona-

1941 854 2146 900 rentur.
2210 844 2336 900 Hzec
2383 845 2547 914 igitur
2595 845 2774 898 omnia
2819 859 2941 899 cum
2986 843 3169 898 animo
3206 852 3298 909 t_uo
3344 850 3549 912 reputa,

1941 952 2116 1008 neque
2141 939 2260 991 haec
2289 945 2518 1004 tantum,
2551 936 2646 992 sed
2678 946 2731 991 ct
2755 946 3011 1007 quantum
3039 952 3107 992 cx
3132 935 3234 991 hac
3257 952 3317 992 re
3348 935 3561 991 lucrum

1940 1029 2243 1084 obvenerit.
2295 1026 2434 1084 Illud
2481 1042 2696 1099 quoque
2745 1027 3066 1094 considam,
3113 1027 3374 1098 quasdam
3423 1028 3560 1083 alias

1939 1121 2105 1178 etiam
2152 1121 2378 1175 istorum
2426 1135 2652 1176 arcanas
2691 1135 2815 1176 esse
2864 1121 3141 1187 rationes;
3188 1136 3365 1192 neque
3412 1120 3560 1178 enim

1941 1214 2057 1268 ﬁeri
2092 1223 2286 1283 potest,
2331 1223 2390 1268 ut
2433 1215 2611 1269 omnia
2661 1216 2934 1279 sciamus;
2981 1229 3045 1270 ac
3100 1228 3190 1270 res
3229 1216 3399 1271 multo
3434 1229 3563 1285 pro-

1940 1307 2209 1376 speriurcs
2258 1317 2547 1361 evcnturas
2591 1316 2817 1376 postea,
2892 1307 3170 1376 multoque
3238 1307 3388 1376 plura
3461 1322 3562 1362 nos

1940 1401 2197 1456 miracula
2259 1409 2596 1470 spectaturos
2675 1419 2687 1454 :
2759 1402 3213 1471 quemadmodum
3279 1414 3332 1458 ct
3401 1413 3561 1457 tritate

1938 1491 2141 1560 Joscph
2193 1493 2522 1562 principium
2559 1493 2776 1564 quidem
2819 1493 3230 1550 difficultatibus
3271 1496 3556 1567 obSeptum

1941 1585 2056 1648 fuit,
2102 1585 2304 1656 diuque
2350 1601 2438 1641 res
2480 1587 2863 1652 succedebant,
2895 1604 3016 1658 qua:
3064 1595 3276 1660 penitus
3324 1592 3558 1662 promis-

1939 1679 2076 1732 sioni
2122 1680 2406 1734 contrariae
2432 1679 2754 1736 videbantur
2808 1699 2820 1734 :
2880 1692 3062 1751 postea
3112 1695 3288 1739 tamen
3340 1702 3558 1741 omnem

1938 1771 2395 1838 exspectationem
2424 1774 2699 1841 superavit
2725 1782 2968 1829 eventus.
2993 1775 3284 1832 Enimvero
3315 1787 3559 1846 tempore

1940 1863 2204 1932 passionis
2232 1863 2431 1920 Christi
2463 1880 2568 1919 non
2597 1866 2796 1931 statim,
2831 1883 3004 1938 neque
3038 1870 3090 1922 in
3121 1869 3344 1923 'cvordio
3374 1880 3428 1925 et
3459 1873 3561 1927 ini.

1941 1957 2014 2011 tio
2044 1958 2287 2027 prosperi
2319 1972 2602 2014 successus
2632 1975 2824 2016 omnes
2847 1964 3243 2032 germinarunt,
3277 1964 3372 2019 sed
3401 1981 3560 2021 scan-

1936 2051 2116 2106 dalum
2144 2053 2360 2123 quidem
2390 2055 2609 2124 prodiit,
2656 2065 2712 2111 et
2757 2072 2924 2127 pauca
2960 2058 3206 2127 quiedam
3251 2059 3391 2114 facta
3432 2073 3561 2116 sunt

1938 2146 2220 2214 miracula,
2251 2158 2307 2201 ut
2335 2149 2738 2220 corrigerentur
2763 2152 2849 2220 qui
2881 2152 2997 2206 haec
3024 2153 3231 2208 scelera
3251 2155 3554 2232 patrabant.

1935 2252 1999 2291 ac
2023 2238 2204 2292 subito
2229 2247 2422 2294 cuncta
2449 2244 2848 2310 prteterierunt.
2873 2244 3131 2312 Quamvis
3153 2246 3298 2300 enim
3326 2247 3556 2303 scissum

1938 2328 2097 2385 fuerit
2125 2340 2234 2385 tum
2265 2335 2447 2403 templi
2482 2335 2684 2402 velum,
2721 2347 2773 2391 et
2798 2347 2967 2408 petrae
2996 2341 3184 2394 scissa:
3208 2341 3335 2404 sint,
3381 2352 3436 2396 et
3475 2344 3556 2397 sol

1936 2425 2257 2480 obscuratus
2292 2446 2302 2479 :
2339 2426 2454 2482 hinc
2487 2439 2664 2484 tamen
2695 2431 2833 2486 intra
2860 2449 3025 2486 unum
3055 2433 3198 2489 diem
3222 2436 3554 2503 acciderunt,

1936 2525 1987 2569 ct
2019 2517 2069 2570 in
2100 2518 2427 2573 oblivionem
2462 2521 2604 2592 vulgi
2639 2533 2919 2578 venerunt.
2971 2525 3163 2582 Postea
3196 2543 3326 2584 vero
3365 2531 3557 2586 confe-

1935 2609 2058 2662 stim
2110 2610 2160 2664 in
2210 2609 2386 2681 fugam
2418 2615 2560 2669 versi
2623 2626 2750 2669 sunt
2798 2619 3053 2687 apostoli,
3113 2624 3554 2692 perscqnutione.

1935 2699 2130 2767 bellis,
2185 2703 2395 2758 insidiis
2444 2705 2701 2775 divexati,
2737 2709 2986 2778 latentes,
3034 2713 3354 2778 absconditi,
3408 2729 3556 2773 metu

1935 2795 2213 2864 correpti,
2273 2797 2541 2866 lapidibus
2602 2802 2825 2870 appetiti
2873 2805 3096 2873 verbum
3152 2807 3240 2861 Dei
3294 2809 3558 2877 praedica-

1937 2885 2063 2939 baut
2108 2906 2122 2940 :
2169 2897 2386 2958 tumque
2428 2891 2716 2960 plurimum
2760 2894 3142 2952 dominabatur
3192 2903 3425 2970 populus
3462 2903 3558 2956 Ju-

1935 2977 2216 3046 dieorum,
2276 2983 2364 3052 qui
2424 2983 2508 3036 ϐιΙι
2533 2984 2612 3040 les
2663 2987 3042 3053 abducebant.
3095 2993 3554 3066 eireumagobant,

1936 3073 2259 3140 trahebant,
2335 3078 2678 3146 torquebant.
2758 3081 2893 3134 Cum
2958 3085 3101 3137 enim
3161 3086 3263 3140 illis
3315 3087 3559 3143 faverent

1936 3164 2302 3234 magistratus,
2336 3169 2575 3237 quotidie
2627 3171 2973 3228 abducebant
3001 3185 3058 3231 et
3083 3179 3564 3237 circutnducebant

1935 3258 2230 3324 apustolos.
2285 3258 2422 3327 Quid
2473 3261 2596 3316 dico
2647 3265 2903 3332 p0pu|um
2935 3266 3244 3324 Judmorum
3297 3283 3349 3326 et
3386 3276 3558 3342 magi-

1935 3351 2179 3404 stratus?
2234 3351 2382 3407 Unus
2431 3355 2608 3423 opifex
2664 3358 3159 3429 tabernaculorum,
3207 3364 3350 3418 circa
3393 3367 3560 3435 pelles

1935 3454 2252 3510 occupatus,
2287 3446 2482 3502 Paulus
2524 3448 2688 3519 (quid
2739 3466 2902 3520 porro
2932 3456 3396 3512 tabernaculormn
3438 3461 3558 3529 opi-

1938 3535 2035 3591 tice
2079 3540 2318 3610 vilius?)
2375 3551 2517 3595 tanta
2571 3544 2829 3599 saeviebat
2881 3546 3127 3613 insania,
3187 3559 3246 3604 ut
3300 3554 3444 3606 viros
3497 3569 3561 3609 ac

1937 3631 2192 3687 mulieres
2249 3635 2525 3700 traheret,
2574 3646 2622 3690 ct
2674 3638 2726 3691 in
2781 3654 3057 3696 carcerem
3112 3646 3404 3712 conjiceret
3435 3689 3449 3710 ,
3500 3660 3556 3701 et

1937 3722 2040 3778 hoc
2080 3724 2382 3780 Crucilixus
2431 3744 2553 3781 cum
2603 3742 2875 3808 cerneret,
2935 3736 3447 3808 permittebat(Act.
3500 3743 3557 3794 9.

1938 3817 1988 3870 ί.
2048 3816 2126 3889 2).
2174 3819 2242 3872 At
2292 3828 2344 3871 tu
2399 3819 2521 3874 vide
2573 3837 2680 3891 quo
2730 3806 2888 3892 pacio
2944 3826 3144 3882 deinde
3203 3806 3324 3884 tum
3364 3846 3556 3902 persc-

1935 3923 2133 3982 quutor
2164 3914 2264 3969 iste
2293 3930 2480 3969 omnes
2511 3919 2867 3985 superaverit,
2908 3931 2964 3974 et
3010 3937 3097 3977 res
3140 3925 3239 3978 ista
3281 3927 3397 3981 sole
3442 3927 3559 3997 ipso

1936 4005 2135 4060 clarius
2181 4006 2482 4075 rcfulserit,
2532 4020 2807 4082 totumque
2854 4014 3042 4071 orbem
3093 4027 3357 4074 terrarum
3400 4038 3559 4078 oecu-

1938 4099 2094 4166 parit.

2035 4190 2164 4246 (ΞΑΡ.
2213 4191 2354 4247 XXI.
2424 4194 2527 4250 Cur
2585 4205 2690 4250 tam
2740 4199 2791 4251 in
2856 4199 3023 4255 Veteri
3075 4219 3231 4273 quam
3280 4207 3332 4260 in
3401 4206 3555 4262 Novo

1940 4280 2259 4338 Testamento
2286 4287 2460 4340 multa:
2488 4290 2676 4360 fuerint
2703 4291 3020 4362 aﬂlictiones.
3051 4327 3122 4335 —
3152 4297 3304 4364 Quod
3333 4300 3376 4352 si
3412 4299 3552 4356 forte

1935 4373 2102 4437 dicas,
2134 4391 2292 4444 quam
2323 4378 2392 4432 ob
2422 4395 2636 4434 causam
2669 4393 2724 4435 et
2754 4384 2806 4437 in
2840 4384 3018 4440 Veteri
3061 4400 3114 4442 et
3157 4390 3208 4444 in
3247 4389 3397 4445 Novo
3447 4393 3556 4448 Te-

1935 4476 2205 4521 stamento
2240 4477 2345 4522 tam
2377 4472 2542 4525 multa
2571 4475 2828 4542 pericula,
2865 4488 2969 4531 tam
2999 4480 3180 4534 multa:
3210 4481 3551 4550 afﬂictiones,

1936 4566 2040 4610 tam
2089 4559 2270 4614 multa:
2317 4563 2524 4617 insidiae
2569 4563 2790 4629 fuerint,
2835 4585 3051 4624 causam
3082 4587 3368 4643 cognosce.
3400 4577 3557 4644 Qum-

1934 4666 2055 4722 nam
2105 4667 2236 4722 ergo
2285 4670 2444 4710 causa
2494 4659 2614 4712 est?
2667 4659 2924 4716 Palmstra
2985 4666 3229 4734 qumdam
3285 4679 3369 4724 est
3438 4671 3555 4726 lucc

1934 4744 2062 4807 vita,
2108 4749 2446 4816 gymnasium
2497 4759 2553 4805 et
2605 4761 2904 4819 certamen,
2948 4756 3138 4812 fornax
3191 4760 3504 4816 conﬂatoria
3540 4807 3555 4827 ,

1932 4848 1984 4893 et
2016 4841 2262 4896 tinctoria
2293 4843 2506 4898 virtutis
2536 4846 2772 4900 officina.
2806 4847 2877 4903 Ut
2910 4850 3069 4919 igitur
3097 4852 3266 4922 pelles
3302 4866 3555 4926 acceptas

1932 4930 2293 5002 adstringunt,
2347 4937 2665 5002 extendunt,
2715 4942 3057 5008 percutiunt,
3127 4959 3191 5000 ac
3258 4948 3555 5016 parietibus

1932 5034 1985 5075 et
2045 5026 2187 5077 saxis
2240 5025 2466 5080 allidunt
2510 5031 2760 5098 coriarii,
2803 5043 2857 5087 et
2905 5035 3025 5088 aliis
3073 5038 3370 5093 innumeris
3419 5043 3550 5094 arti-

1934 5113 2067 5168 ﬁciis
2115 5117 2182 5170 ad
2228 5120 2626 5186 susripiendam
2678 5123 2964 5179 tincturam
3011 5128 3240 5184 reddunt
3303 5132 3550 5200 idoneas,

1931 5221 1994 5260 ac
2042 5207 2237 5264 deinde
2278 5212 2570 5279 pretiosum
2610 5215 2846 5271 colorem
2878 5218 3177 5286 inducunt;
3212 5233 3266 5277 et
3301 5226 3549 5280 auriﬁr-es

1935 5301 1984 5352 in
2014 5302 2189 5370 ignem
2223 5303 2525 5373 conjectum
2555 5323 2744 5361 aurum
2778 5309 3013 5367 fornacis
3040 5317 3274 5371 examini
3308 5319 3546 5383 tradunt,

1933 5404 1990 5447 ιιι
2017 5397 2364 5462 purissimum
2394 5400 2653 5468 reddant;
2700 5414 2810 5458 tum
2839 5408 3000 5462 ctiam
3029 5410 3337 5477 pardutriba:
3367 5414 3551 5470 multis

1932 5488 2207 5544 laboribus
2250 5492 2300 5543 in
2359 5494 2606 5561 palmstra
2647 5510 2902 5552 exercent
2933 5501 3186 5567 athletas,
3215 5503 3340 5558 dum
3373 5505 3554 5560 acrius

1931 5599 2091 5653 quam
2138 5585 2434 5640 adversarii
2484 5590 2534 5642 in
2577 5606 2675 5645 eos
2719 5596 2975 5660 impetum
3022 5597 3250 5663 iaciunt,
3320 5610 3376 5651 ιιι
3427 5618 3548 5654 cum

1932 5676 1982 5729 in
2017 5678 2497 5735 exercitationibus
2524 5694 2714 5738 cuncta
2739 5689 3064 5756 percgcrint,
3091 5708 3320 5760 corpore
3347 5692 3548 5747 decoro

1929 5772 2037 5824 sint
2067 5781 2119 5824 et
2146 5773 2377 5842 eleganti
2410 5776 2460 5828 in
2491 5780 2894 5844 certaminibus,
2937 5791 2995 5836 et
3035 5785 3101 5837 ita
3131 5788 3447 5855 comparati,
3495 5799 3548 5840 nt

1934 5865 2087 5920 futile
2139 5867 2476 5923 inin'iicormn
2525 5857 2811 5941 petitiones
2877 5889 3070 5933 omnes
3134 5882 3351 5936 cludant
3400 5899 3410 5934 :
3476 5880 3549 5933 ita
