4050 6432
514 344 621 402 523

509 475 730 539 quoque
771 460 901 519 facit
948 460 1003 517 in
1049 460 1150 518 hac
1189 461 1299 518 vita
1330 460 1503 526 Deus.
1560 462 1689 519 dum
1746 464 1980 520 animam
2027 462 2096 519 ad

514 542 760 609 'rirtutem
785 562 962 624 aptam
990 552 1105 609 vult
1130 551 1355 609 reddere
1390 569 1405 608 :
1435 551 1737 627 adstringit,
1779 562 1836 610 et
1878 552 2096 622 condat,

516 654 568 699 et
608 642 955 700 alliictionum
993 641 1156 699 tradit
1194 643 1460 707 examini,
1518 651 1577 698 ut
1619 643 1983 715 pusillanimes
2034 658 2098 699 ac

513 731 723 788 remissi
761 733 1172 804 adstringantur,
1201 742 1260 790 et
1294 733 1383 804 qui
1414 734 1622 805 probati
1661 743 1787 790 sunt
1824 734 2097 805 probatio-

513 838 600 879 res
643 823 907 890 evadant,
961 838 1063 881 nec
1098 824 1167 881 ab
1209 825 1333 881 ullis
1374 825 1678 881 daemonum
1722 826 1962 890 insidiis,
2006 834 2099 882 aut

510 915 707 971 diaboli
752 916 956 988 laqueis
998 916 1242 988 superari
1269 918 1493 987 possint,
1542 917 1637 972 sed
1681 931 1870 973 omnes
1907 917 2097 973 admo-

508 1012 636 1067 dum
686 1012 863 1068 idonei
905 1011 972 1068 ad
1015 1012 1188 1068 futura
1230 1013 1368 1068 bona
1409 1010 1745 1081 suscipienda
1784 1010 2092 1067 reddantur.

511 1104 605 1160 Vir
644 1103 808 1170 enim,
834 1102 1027 1176 inquit,
1069 1103 1158 1174 qui
1208 1116 1315 1158 non
1361 1110 1445 1157 est
1488 1110 1740 1168 tentatus,
1769 1117 1874 1157 non
1906 1102 2095 1171 proba.

510 1207 593 1252 tus
618 1204 704 1251 est
733 1212 748 1251 :
780 1205 836 1252 et
877 1195 1092 1261 Paulus,
1141 1192 1421 1249 Tribnlatio
1466 1194 1762 1265 patientium
1806 1202 2047 1265 operatur
2073 1205 2094 1248 :

509 1288 751 1357 patientia
779 1301 897 1341 vero
923 1285 1270 1359 probationem
1316 1284 1495 1356 (Rom.
1528 1284 1584 1341 5.
1614 1286 1668 1341 ὅ.
1701 1286 1782 1356 4).
1833 1284 2093 1340 Toleran-

507 1381 671 1438 tiores
698 1380 858 1451 igitur
880 1388 937 1436 et
965 1379 1310 1449 patientiores
1336 1378 1525 1435 volens
1548 1377 1796 1446 reddere,
1826 1376 2092 1433 numisma

503 1474 633 1531 sinit
656 1473 908 1530 omnibus
922 1471 1096 1529 modis
1120 1471 1402 1544 explorari.
1428 1470 1538 1527 llac
1563 1470 1632 1527 de
1649 1485 1811 1527 causa
1836 1469 1939 1526 Job
1961 1484 2094 1541 quo-

504 1581 612 1638 que
628 1566 737 1638 pati
766 1565 1009 1638 permisit
1037 1579 1099 1620 ea
1128 1579 1251 1634 quae
1278 1577 1466 1634 passus
1492 1566 1595 1628 est,
1623 1571 1684 1619 ut
1707 1561 1981 1632 probatior
1998 1576 2095 1632 ap-

505 1666 756 1730 pareret,
808 1666 865 1714 et
905 1655 1104 1712 diaboli
1149 1670 1211 1711 os
1253 1655 1599 1720 occluderet;
1637 1662 1920 1726 propterea
1972 1670 2097 1725 per-

506 1752 654 1808 misit
689 1761 744 1806 et
789 1748 1083 1820 apostolos,
1130 1755 1188 1804 ut
1234 1756 1292 1803 et
1332 1746 1408 1803 illi
1459 1746 1710 1804 fortiores
1763 1746 2089 1813 evaderent,

505 1854 560 1900 ct
618 1842 809 1898 virium
859 1854 1075 1896 suarum
1128 1839 1228 1894 hac
1268 1838 1475 1894 ratione
1528 1838 1799 1909 specimen
1848 1839 2091 1895 ederent.

504 1933 637 1990 Nam
679 1942 735 1989 et
773 1932 888 1989 haec
919 1941 1004 1989 est
1034 1945 1195 1987 causa
1239 1945 1348 1986 non
1385 1931 1595 2003 exigua.
1635 1931 1993 1999 Quamobrem
2038 1940 2096 1987 et

503 2024 671 2081 Paulo
707 2025 940 2094 quietem
990 2037 1055 2079 ac
1098 2020 1480 2077 relaxationem
1527 2035 1557 2075 a
1600 2022 1758 2077 malis
1804 2023 2093 2092 postulanti

504 2116 708 2174 diccbat
733 2159 747 2182 ,
790 2114 987 2187 Sanicit
1034 2113 1125 2169 tibi
1148 2114 1315 2185 gratia
1341 2130 1453 2167 mea
1479 2129 1500 2168 :
1529 2129 1650 2169 nant
1676 2114 1835 2170 uirtus
1881 2130 1996 2171 mea
2037 2114 2093 2169 in

504 2210 795 2281 inﬁrmitate
817 2206 1078 2279 perﬁcitur
1106 2205 1184 2275 (Ξ.
1211 2204 1334 2261 Cor.
1370 2207 1458 2262 η.
1490 2206 1570 2278 9).

576 2302 708 2360 Car.
764 2299 928 2357 XXII.
976 2299 1281 2372 Aﬁlictiones
1319 2316 1421 2354 non
1476 2299 1627 2355 modo
1690 2317 1791 2356 non
1838 2300 2095 2356 scandali-

506 2412 644 2464 ωτι,
674 2395 762 2451 sed
785 2402 835 2450 et
858 2392 1096 2465 prodesse
1127 2390 1229 2447 illis
1256 2392 1343 2461 qui
1367 2408 1432 2446 ex
1459 2407 1602 2462 a’qtto
1621 2400 1669 2446 et
1693 2392 1822 2447 bona
1836 2392 2091 2463 judicent,

503 2494 605 2544 sint
628 2489 744 2544 licet
772 2484 1015 2543 Gentiles.
1055 2515 1117 2527 —
1151 2484 1425 2555 Siquidem
1452 2485 1524 2539 illi
1552 2485 1641 2555 qui
1668 2484 1907 2540 nondum
1935 2484 2095 2540 [idem

506 2579 865 2635 Christianam
910 2586 1035 2632 sunt
1080 2575 1333 2645 amplexi,
1378 2575 1607 2646 amplius
1636 2575 1762 2632 inde
1799 2576 2091 2643 lucramur,

505 2673 550 2728 si
582 2670 767 2743 vigiles
802 2666 1000 2725 fuerint
1024 2680 1081 2726 et
1108 2668 1318 2729 attenti.
1348 2666 1482 2723 Cum
1513 2667 1654 2723 enim
1681 2683 1783 2724 eos
1805 2668 2013 2739 injuriis
2041 2677 2097 2724 et

504 2762 844 2821 contumeliis
871 2744 1011 2817 allici
1036 2759 1300 2828 viderent,
1328 2759 1384 2814 in
1413 2773 1681 2815 carcerem
1712 2759 1926 2830 conjici,
1968 2775 2095 2830 pro-

506 2856 618 2912 bris
674 2852 923 2918 onerari,
974 2851 1179 2907 insidiis
1221 2850 1548 2922 oppugnari,
1600 2850 1776 2922 capite
1820 2853 2089 2919 truncari,

506 2943 686 3010 exuri,
720 2944 774 2999 in
813 2956 964 2998 mare
1005 2941 1264 3013 demergi,
1306 2956 1480 3011 neque
1505 2940 1627 2996 ullis
1656 2943 1917 3012 ejusmodi
1939 2943 2095 2999 malis

507 3035 722 3101 cedere,
753 3034 927 3104 cogita
955 3041 1207 3102 quantam
1241 3033 1294 3086 in
1319 3031 1724 3087 admirationem
1757 3032 2097 3091 traducerent

508 3133 840 3197 spectatores
866 3137 994 3178 suos
1019 3136 1138 3177 cum
1160 3122 1321 3186 illius,
1350 3131 1460 3176 tum
1492 3119 1651 3192 hujus
1676 3124 1933 3194 temporis
1959 3140 2096 3195 pm-

508 3214 823 3271 stantissimi
853 3213 1067 3268 athletae
1101 3212 1211 3269 isti.
1255 3212 1437 3283 itaque
1467 3226 1573 3268 non
1598 3213 1758 3270 modo
1783 3215 2094 3272 scandalum

509 3310 713 3365 nullum
742 3308 958 3380 pariunt
986 3306 1087 3363 illis
1110 3306 1201 3378 qui
1227 3306 1409 3376 vigiles
1434 3314 1559 3362 sunt
1583 3316 1639 3362 et
1661 3309 1869 3375 attenti,
1893 3324 1957 3365 ea
1976 3325 2095 3381 qua:

509 3401 778 3469 accidunt,
828 3399 923 3456 sed
973 3400 1134 3455 etiam
1180 3397 1440 3454 doctrinae
1486 3398 1706 3467 majoris
1741 3401 2095 3474 adipiscendae

510 3496 848 3551 occasionem
877 3492 981 3547 illis
1004 3489 1272 3546 adferunt.
1323 3489 1525 3545 idcirco
1552 3490 1749 3546 Paulus
1790 3493 1950 3547 etiam
1993 3493 2096 3549 hoc

510 3588 607 3642 sibi
658 3585 859 3641 dictum
902 3583 1141 3649 audivit,
1210 3581 1375 3636 Vim:
1406 3576 1516 3636 mea
1558 3582 1613 3636 in
1641 3583 1936 3652 inﬁrmitate
1977 3565 2094 3655 pei—

511 3682 699 3749 ﬁcitur.
736 3676 849 3733 Hoc
875 3687 930 3731 et
959 3678 1017 3731 in
1047 3674 1227 3731 Veteri
1254 3685 1311 3730 et
1338 3675 1390 3729 in
1420 3673 1570 3730 Novo
1595 3674 1942 3733 Testamento
1969 3693 2095 3749 spe-

510 3783 655 3827 ctare
705 3771 845 3825 licet.
914 3767 1190 3838 Perpende
1240 3782 1469 3829 namque
1518 3768 1786 3837 quomodo
1844 3769 2092 3826 allecmm

512 3866 676 3919 luisse
722 3862 1297 3919 Nabuchodonosorcm
1358 3858 1644 3917 verisimile
1691 3862 1798 3927 sit,
1852 3878 1881 3916 a
1930 3863 2099 3918 tribus

514 3958 712 4025 pueris,
759 3956 948 4019 servis,
1012 3954 1250 4021 captivis,
1300 3952 1646 4022 compedibus
1684 3954 1894 4018 vinctis,
1947 3954 2099 4010 llam-

513 4052 615 4104 inis
661 4048 936 4117 expositis,
989 4054 1136 4099 tanto
1177 4045 1411 4099 exercitu
1455 4052 1729 4113 spectante
1768 4055 2095 4114 superatum,

513 4152 569 4194 ut
591 4141 679 4209 qui
724 4139 819 4192 tria
859 4151 1081 4205 corpora
1114 4135 1431 4203 mancipata,
1457 4135 1693 4195 subacta,
1729 4137 1895 4204 patria
1927 4137 2096 4207 pulsa,

513 4232 783 4292 libertate,
813 4228 1037 4290 honore,
1078 4236 1360 4297 potestate,
1400 4227 1641 4295 pecuniis
1670 4229 1913 4297 spoliata,
1946 4230 2100 4300 longe

509 4345 538 4378 ει
600 4322 910 4393 propinquis
948 4321 1233 4375 constituta
1278 4336 1389 4375 non
1428 4329 1634 4388 poterat
1689 4324 1917 4378 vincere.
1945 4324 2097 4393 Quod

514 4418 558 4470 si
592 4415 851 4485 pennissa
880 4414 965 4466 illa
1009 4428 1112 4466 non
1158 4411 1345 4466 fuisset
1374 4414 1603 4480 exustio,
1649 4423 1753 4468 tam
1781 4416 2097 4485 praeclarum

514 4506 796 4575 prmmium
826 4518 929 4557 non
955 4502 1328 4565 obtinuissent,
1379 4519 1477 4558 nec
1520 4504 1591 4558 ita
1636 4506 1967 4574 splendidam
2011 4525 2103 4564 co-

513 4611 703 4652 ronam
748 4595 923 4664 adepti
972 4602 1173 4649 essent.
1227 4593 1502 4663 Perpende
1542 4600 1811 4665 quomodo
1854 4599 2098 4655 allectum

520 4690 683 4743 luisse
722 4686 1009 4741 verisimile
1047 4696 1129 4741 εει
1171 4684 1434 4740 Herodem
1484 4687 1867 4755 reprehensum
1912 4705 1941 4744 a
1982 4692 2100 4746 vin-

515 4796 625 4851 cto,
668 4798 789 4836 cum
835 4790 1076 4837 cerneret
1114 4781 1244 4835 nihil
1289 4796 1409 4836 eum
1452 4780 1518 4835 de
1565 4781 1813 4853 loquendi
1855 4786 2102 4842 libertate

518 4883 737 4944 propter
786 4881 1025 4927 catenam
1073 4872 1364 4936 remittere,
1407 4872 1501 4926 sed
1536 4874 1706 4928 occidi
1734 4876 1912 4943 malle,
1944 4894 2099 4949 quam

524 4963 929 5033 pulcherrimam
961 4962 1104 5015 illam
1132 4961 1299 5017 libere
1324 4962 1573 5033 loquendi
1605 4967 1907 5022 facultatem
1948 4974 2104 5023 amit-

521 5065 653 5110 tere.
686 5054 868 5125 Cogita
898 5053 1013 5124 quis
1038 5069 1102 5108 ex
1126 5054 1429 5109 hominibus
1456 5056 1595 5111 illius
1620 5060 1813 5125 tntatis,
1837 5062 1915 5115 vel
1938 5064 2098 5119 etiam

521 5145 897 5216 consequentis
935 5145 1072 5207 mvi,
1129 5160 1248 5199 cum
1295 5146 1410 5201 haec
1464 5160 1708 5204 cerneret
1758 5161 1812 5205 et
1852 5154 2097 5224 audiret,

522 5238 863 5310 quantumvis
909 5238 1068 5291 deses
1120 5252 1183 5306 ac
1226 5238 1481 5293 remissus
1509 5249 1671 5309 esset,
1709 5252 1763 5296 at
1797 5245 1990 5315 exiguo
2021 5259 2098 5303 ta-

523 5345 645 5385 men
674 5329 875 5398 judicio
925 5329 1145 5390 valeret,
1203 5344 1307 5383 non
1346 5345 1609 5388 summam
1650 5334 1931 5391 utilitatem
1981 5339 2101 5396 inde

522 5422 850 5490 decerperet.
902 5418 1017 5473 Noli
1070 5419 1214 5473 enim
1274 5420 1401 5474 mihi
1462 5436 1886 5483 commemorare
1932 5431 2103 5487 scele-

528 5522 670 5570 ratos
718 5523 773 5568 et
819 5512 1009 5566 stultos
1059 5509 1322 5576 homines,
1374 5513 1648 5580 socordes,
1704 5524 1846 5574 totos
1893 5524 2102 5591 corpori

526 5604 789 5661 curandos
816 5603 1075 5667 addictos,
1129 5617 1190 5657 ac
1216 5602 1355 5658 loliis
1385 5604 1631 5661 leviores.
1672 5607 1762 5665 lsti
1810 5614 1953 5666 enim
1997 5630 2103 5670 non

529 5694 614 5755 his
638 5698 829 5763 solum,
857 5695 950 5750 sed
970 5710 1029 5749 re
1051 5694 1255 5764 quavis,
1286 5709 1406 5765 qua:
1435 5697 1707 5765 acciderit,
1732 5700 2100 5760 oll‘enduutur:

526 5804 633 5846 non
658 5786 812 5844 aliter
838 5800 899 5842 ac
924 5787 1153 5859 populus
1178 5785 1506 5855 .ludteorum,
1560 5791 1647 5859 qui
1675 5801 1729 5849 et
1754 5808 1876 5849 cum
1905 5812 2101 5853 manna

1243 345 1303 403 S.
1338 343 1617 405 JOANNIS
1652 344 2126 406 CHRYSOSTOMI
2163 344 2479 404 ARCHIEP.
2520 294 3055 405 CONS'I'ANTINOP.

3700 346 3819 401 5‘35

2211 463 2537 528 comederet,
2588 473 2645 520 et
2697 480 2821 522 cum
2868 477 3083 535 panem,
3144 476 3210 533 pa
3228 464 3345 519 iter
3388 477 3641 519 morosus
3688 468 3820 518 erat

2208 562 2263 610 et
2305 553 2697 623 oﬂ'endebatur,
2726 555 2839 612 sive
2867 556 2920 611 in
2941 552 3176 627 Egypto
3204 563 3365 620 esset,
3395 554 3511 610 sive
3532 552 3603 609 ab
3631 551 3817 627 Egy-

2211 656 2304 715 pto
2346 644 2627 710 liberatus,
2700 646 2816 701 sive
2863 645 3078 702 adesset
3114 644 3357 717 Moyses,
3409 645 3524 700 sive
3566 644 3815 700 abesset.

2212 734 2404 790 Verum
2440 736 2559 792 illos
2597 736 2651 791 in
2700 736 2936 792 medium
2975 736 3105 791 mihi
3148 735 3450 807 producito,
3494 737 3587 807 qui
3636 736 3815 790 sobrii

2205 839 2359 884 erant
2388 838 2444 884 et
2471 829 2696 901 vigiles;
2753 840 2808 885 et
2832 845 2952 886 cum
2978 830 3161 884 animo
3188 838 3279 885 tuo
3308 838 3521 900 reputa,
3546 839 3813 898 quantam

2205 918 2351 988 ipsos
2394 919 2671 990 probabile
2706 920 2779 975 sit
2813 921 3100 976 utilitatem
3137 920 3263 976 inde
3304 920 3628 990 percepisse,
3679 936 3812 975 cum

2204 1010 2436 1064 animam
2482 1020 2820 1067 constantem
2866 1020 3172 1078 cernerent,
3222 1020 3457 1068 mentem
3503 1012 3811 1078 invictam,

2205 1099 2441 1172 linguam
2468 1102 2703 1157 maxima
2728 1103 2975 1159 libertate
2999 1102 3250 1174 loquendi
3280 1104 3589 1174 praeditam,
3619 1103 3813 1159 homi-

2203 1205 2326 1246 nem
2353 1191 2551 1249 deserti
2597 1193 2847 1259 incolam,
2872 1209 3054 1265 regem
3081 1210 3355 1266 superare,
3396 1196 3630 1251 vinctum
3656 1210 3810 1256 esse.

2204 1296 2303 1337 nec
2346 1292 2525 1339 tamen
2573 1284 2769 1341 cedere
2798 1287 2851 1351 ⁸,
2892 1286 3067 1356 capite
3113 1288 3385 1351 truncari,
3436 1303 3540 1343 nec
3587 1288 3759 1343 silere
3792 1305 3811 1343 :

2200 1371 2298 1429 sed
2336 1388 2406 1429 ne
2458 1374 2550 1431 hic
2571 1376 2784 1445 quidem
2814 1376 3070 1445 subsiste,
3102 1393 3287 1434 vermn
3314 1394 3379 1435 ea
3419 1394 3543 1449 qua:
3572 1389 3811 1449 sequuta

2200 1473 2366 1532 sunt,
2413 1466 2681 1521 examina.
2733 1465 2907 1537 Caput
2948 1470 3245 1539 amputavit
3283 1469 3567 1534 Herodes,
3623 1471 3812 1540 capite

2203 1565 2475 1613 truncatus
2517 1568 2602 1615 est
2633 1558 2891 1615 Joannes.
2922 1559 3053 1627 Quis
3077 1575 3206 1630 ergo
3236 1560 3429 1616 beatas
3456 1560 3811 1617 ali-omnibus

2202 1650 2558 1720 prtedicatur?
2584 1653 2703 1721 quis
2730 1652 3019 1709 imitandus
3043 1653 3389 1722 preponitur?
3417 1655 3537 1724 quis
3561 1653 3781 1709 celebra

2202 1742 2330 1796 tur?
2369 1743 2489 1812 quis
2509 1746 2842 1799 coronatur?
2883 1745 3002 1815 quis
3045 1746 3335 1818 praeconiis
3379 1747 3651 1802 ornatur?
3684 1755 3811 1817 quis

2201 1833 2490 1889 laudatur!
2537 1835 2659 1906 quis
2706 1836 3161 1893 commendatur?
3205 1836 3327 1908 quis
3364 1838 3417 1892 in
3470 1838 3613 1893 hunc
3634 1854 3811 1909 usque

2201 1924 2343 1982 diem
2394 1926 2783 1997 reprehendit?
2831 1928 3022 1985 Nonne
3060 1930 3115 1985 in
3142 1914 3365 2002 singulis
3409 1931 3671 1987 Ecclesiis
3722 1934 3811 1987 hic

2200 2022 2412 2093 quidem
2441 2024 2657 2087 clamat,
2692 2022 2813 2078 Non
2842 2025 2959 2080 licet
2987 2024 3076 2078 tibi
3106 2025 3294 2080 habere
3326 2042 3540 2081 uxorem
3573 2025 3811 2099 Philippi

2201 2117 2377 2187 fratris
2411 2118 2485 2170 tui
2523 2116 2736 2188 (Matth.
2769 2118 2858 2174 14.
2889 2119 2950 2185 4)
2984 2136 2999 2172 :
3030 2117 3123 2173 ille
3148 2134 3277 2174 vero
3302 2117 3621 2175 dili'amatur
3641 2121 3809 2175 etiam

2202 2217 2325 2278 post
2350 2208 2555 2264 obitum
2591 2208 2663 2263 ob
2684 2209 3026 2276 adulterium,
3056 2210 3343 2276 insaniam,
3397 2220 3454 2266 et
3478 2212 3765 2267 audaciam
3784 2212 3811 2267 ?

2202 2298 2500 2355 Considera
2542 2315 2672 2354 vero
2718 2310 2914 2370 praeter
2957 2316 3022 2356 ea
3069 2317 3191 2371 quas
3234 2301 3376 2357 dicta
3415 2312 3563 2367 sunt,
3606 2312 3811 2373 quanta

2203 2392 2371 2449 virtus
2399 2394 2545 2448 esset
2569 2393 2787 2465 captivi,
2817 2403 3013 2465 quanta
3038 2396 3250 2466 tyranni
3280 2395 3640 2453 imbecillitas.
3670 2394 3812 2451 Nam

2203 2482 2290 2540 hic
2316 2482 2532 2555 quidem
2572 2499 2679 2540 non
2729 2485 2902 2555 potuit
2943 2485 3177 2556 linguam
3229 2502 3392 2540 unam
3431 2502 3808 2559 compescere,

2202 2574 2297 2632 sed
2327 2590 2389 2631 ea
2420 2576 2623 2631 sublata
2647 2615 2662 2643 ,
2690 2588 2938 2633 sexcenta
2969 2592 3068 2649 pro
3093 2578 3185 2635 illa
3209 2588 3265 2635 et
3293 2594 3415 2633 cum
3449 2580 3539 2635 illa
3573 2597 3670 2636 ora
3719 2598 3811 2638 re—

2202 2670 2401 2724 seravit
2434 2687 2447 2723 :
2481 2669 2571 2725 ille
2599 2686 2728 2727 vero
2754 2682 2809 2726 et
2835 2680 2944 2727 tum
2977 2673 3127 2728 illum
3153 2684 3272 2743 post
3296 2675 3503 2730 ctndcm
3534 2685 3815 2745 perterre-

2202 2759 2329 2813 fecit
2350 2757 2507 2832 (adeo
2547 2762 2744 2831 quippe
2774 2764 3159 2819 conscientiam
3187 2766 3304 2834 ejus
3331 2767 3666 2836 percellebat
3691 2783 3808 2823 tne-

2203 2858 2308 2914 tus,
2358 2859 2416 2905 ut
2454 2850 2627 2921 ipsum
2664 2864 2774 2908 tum
2823 2856 3081 2925 temporis
3125 2857 3531 2913 arbitraretura
3573 2864 3809 2917 mortuis

2201 2941 2487 2997 excitatum
2516 2944 2771 2998 miracula
2800 2948 3071 3017 patrare),
3123 2958 3179 3004 ct
3207 2964 3337 3003 vero
3368 2965 3511 3005 nunc
3535 2960 3591 3005 et
3620 2968 3687 3007 ex
3717 2953 3815 3009 illo

2203 3040 2464 3103 tempore,
2516 3045 2773 3107 perpetuo
2824 3054 2921 3106 per
2964 3040 3271 3095 universum
3314 3043 3502 3096 orbem
3540 3052 3812 3100 terrarum

2202 3136 2258 3183 et
2294 3142 2391 3199 per
2419 3144 2479 3185 se
2523 3139 2579 3185 et
2610 3146 2705 3200 per
2730 3131 2866 3185 alios
2909 3132 3275 3202 reprehendit.
3321 3134 3599 3206 Siquidem
3646 3152 3817 3192 unus-

2201 3218 2427 3290 quisque
2452 3221 2578 3275 dum
2609 3223 2939 3293 evangelium
2968 3224 3107 3278 istud
3138 3226 3294 3294 legit,
3334 3226 3464 3281 dicit
3492 3243 3510 3279 :
3546 3227 3668 3284 Non
3696 3231 3815 3285 licet

2203 3310 2292 3365 tibi
2333 3312 2516 3367 habere
2544 3328 2753 3368 uxorem
2786 3314 3025 3386 Philippi
3048 3318 3224 3386 fratris
3254 3320 3327 3371 tui
3360 3335 3379 3371 :
3406 3327 3462 3374 et
3490 3320 3608 3375 sine
3639 3336 3811 3376 evan-

2202 3402 2341 3474 gelio
2386 3405 2436 3457 in
2485 3406 2732 3472 emtihns,
2787 3406 2838 3460 in
2872 3410 3271 3477 congressibus,
3325 3410 3439 3467 sive
3486 3413 3578 3483 qui
3621 3412 3811 3481 domi,

2203 3494 2318 3549 sive
2364 3496 2454 3564 qui
2500 3497 2552 3549 in
2584 3496 2719 3562 loro,
2770 3498 2885 3551 sive
2912 3499 2999 3568 qui
3032 3499 3227 3569 ubique
3264 3500 3416 3565 liunt,
3465 3506 3715 3572 quamvis
3740 3506 3808 3561 ad

2208 3587 2375 3655 ipsam
2427 3604 2617 3659 pergas
2656 3592 2928 3659 regionem
2984 3592 3284 3657 Persarum,
3333 3598 3578 3665 quamvis
3622 3598 3677 3652 in
3720 3598 3812 3653 ln-

2205 3680 2370 3747 diam,
2418 3684 2661 3751 quamvis
2712 3685 2762 3737 in
2804 3683 3209 3752 Mauritaniam,
3261 3689 3505 3757 quamvis
3552 3690 3607 3743 in
3650 3706 3812 3760 quas-

2207 3786 2435 3841 cumque
2490 3782 2661 3826 terras
2732 3774 2811 3827 sol
2865 3776 3094 3845 aspicit,
3162 3783 3241 3831 vel
3309 3780 3471 3834 etiam
3523 3781 3589 3835 ad
3666 3783 3814 3851 ipsos

2206 3862 2419 3917 ultimos
2479 3864 2662 3918 mundi
2712 3865 2928 3930 limites,
3007 3868 3142 3923 hanc
3201 3884 3386 3925 vocem
3443 3871 3677 3939 audies,
3756 3884 3814 3928 ct

2202 3954 2403 4025 justum
2456 3955 2606 4010 illum
2642 3958 2849 4012 videbis
2874 3961 3166 4014 etiamnum
3219 3964 3567 4027 clamantem,
3634 3965 3814 4019 incul-

2206 4055 2462 4109 cantem,
2506 4059 2561 4103 et
2611 4050 2903 4118 nequitiam
2950 4054 3159 4122 tyranni
3211 4054 3647 4122 redarguentem,
3700 4073 3807 4113 nec

2207 4154 2456 4208 umquam
2520 4141 2808 4205 silentem,
2891 4160 3065 4214 neque
3117 4155 3192 4198 tot
3251 4162 3518 4201 annorum
3582 4165 3818 4205 numero

2207 4231 2682 4300 reprehensionem
2755 4235 3050 4289 debilitari.
3124 4238 3259 4303 Quid
3320 4254 3450 4308 ergo
3500 4239 3815 4297 detrimenti

2206 4323 2349 4391 cepit
2388 4339 2454 4377 ex
2495 4322 2641 4377 obitu
2686 4326 2860 4393 jttsllls
2901 4328 3028 4380 ille?
3068 4328 3193 4398 quid
3225 4344 3288 4382 ex
3338 4338 3515 4384 morte
3543 4331 3819 4386 violenta?

2206 4415 2335 4483 quid
2389 4433 2454 4469 ex
2498 4420 2733 4471 catena?
2777 4420 2900 4487 quid
2971 4436 3037 4474 ex
3102 4424 3371 4478 carcere?
3422 4424 3573 4490 Quos
3630 4434 3815 4481 autem

2209 4520 2315 4558 non
2342 4508 2591 4571 correxit,
2622 4509 2811 4577 quibus
2860 4527 2955 4564 cor
3004 4521 3237 4581 saperet,
3289 4528 3351 4568 ex
3404 4514 3469 4568 iis
3495 4530 3619 4583 qum
3651 4514 3814 4579 dixit,

2208 4613 2273 4651 ex
2318 4598 2382 4653 iis
2429 4615 2545 4670 quze
2584 4616 2770 4668 passus
2806 4614 2906 4664 est,
2976 4620 3042 4657 cx
3094 4606 3158 4659 iis
3198 4622 3317 4675 qua:
3360 4622 3505 4661 nunc
3529 4608 3819 4677 prtedicat,

2210 4688 2395 4744 eadem
2446 4705 2687 4760 prorsus,
2730 4709 2849 4762 qua:
2895 4710 3015 4748 cum
3070 4696 3316 4751 viveret?
3368 4696 3489 4751 Noli
3541 4712 3675 4768 ergo
3723 4699 3813 4754 ili-

2209 4795 2371 4848 cere,
2436 4782 2605 4851 Quam
2651 4785 2721 4839 ob
2761 4800 2978 4841 causam
3028 4789 3161 4841 mori
3195 4789 3489 4859 permissus
3517 4792 3650 4845 est?
3693 4790 3817 4848 Non

2210 4874 2354 4929 enim
2410 4876 2540 4931 illud
2574 4887 2690 4931 erat
2736 4881 2892 4942 mori,
2948 4880 3042 4934 sed
3074 4896 3331 4937 coronam
3358 4882 3583 4954 adipisci
3630 4900 3647 4939 :
3704 4901 3817 4942 non

2211 4965 2453 5033 interire,
2503 4968 2598 5022 sed
2630 4970 2907 5025 meliorem
2933 4972 3097 5026 vitam
3147 4973 3433 5043 auspicari.
3487 4974 3645 5031 Disce
3689 4976 3817 5046 phi-

2214 5055 2507 5127 losophari,
2557 5069 2612 5113 ct
2662 5076 2769 5115 non
2824 5062 2987 5117 modo
3028 5064 3161 5118 nihil
3202 5076 3253 5120 te
3296 5065 3397 5121 ista
3444 5065 3666 5134 laedent,
3718 5070 3820 5125 sed

2218 5160 2271 5205 et
2320 5152 2617 5205 commodis
2660 5155 2843 5208 multis
2890 5156 3192 5225 augeberis.

2280 5241 2506 5310 losepho
2549 5244 2677 5299 nihil
2719 5248 2888 5300 nocuit
2932 5246 3188 5319 Egyptia
3216 5267 3235 5315 ;
3264 5250 3481 5322 Iosephi
3519 5252 3818 5323 exemplum

2210 5350 2363 5403 quam
2385 5337 2525 5389 utile.
2555 5366 2625 5377 —
2655 5338 2793 5405 Quid
2816 5354 2946 5394 vero
2970 5342 3165 5397 mulier
3179 5340 3429 5414 Egyptia
3458 5343 3482 5397 ’ἒ
3512 5343 3704 5398 Nonne
3724 5358 3793 5398 ac

2210 5426 2435 5489 cusavit,
2491 5436 2543 5482 et
2588 5430 2908 5486 calumniata
2960 5434 3081 5488 est?
3134 5449 3313 5490 nonne
3345 5435 3549 5503 justum
3590 5436 3818 5492 vinxit?

2213 5533 2391 5572 nonne
2442 5518 2491 5573 in
2549 5534 2818 5577 carcerem
2872 5525 3179 5596 compegit?
3222 5541 3402 5582 nonne
3442 5529 3495 5582 in
3540 5544 3816 5586 summurn

2212 5609 2400 5678 capitis
2430 5610 2712 5667 dis:rimen
2761 5614 3026 5670 adduxit?
3081 5633 3258 5674 nonne
3296 5629 3555 5688 quantum
3609 5620 3663 5674 in
3696 5621 3812 5691 ipsa

2215 5697 2311 5752 fuit
2339 5700 2519 5762 situm.
2551 5700 2863 5759 interemit?
2891 5724 3069 5764 nonne
3098 5709 3328 5767 infamiae
3356 5720 3536 5768 notam
3564 5712 3811 5769 inussit?

2284 5813 2299 5843 ⁸
2328 5811 2431 5871 Alii.
2454 5826 2540 5865 nec
2563 5821 2721 5869 tamen
2744 5824 2923 5872 tacere.
