4050 6428
229 344 342 405 525

231 462 329 519 καὶ
355 459 554 532 ῥᾳδίως
579 457 752 522 αὐτὰς
787 457 1112 511 διαλύσωσιν
1130 473 1143 487 ⁸
1176 455 1321 509 οὕτω
1348 455 1442 508 x61
1458 451 1636 514 όΘεδς
1664 451 1722 502 ἐν
1745 446 1824 517 τῷ

231 551 462 625 παρόντι
486 550 586 622 βίῳ
609 551 784 603 ποιεῖ·
819 549 958 620 πρὸς
986 549 1192 622 ἀρετὴν
1219 545 1534 617 ἐπιτηδείαν
1567 541 1827 614 βουλόμε-

231 661 322 709 νος
343 643 751 716 μετασκευάσαι
767 642 866 713 τὴν
886 640 1087 712 ψυχὴν,
1111 640 1208 694 καὶ
1231 638 1445 708 στύφει,
1460 636 1557 689 καὶ
1573 631 1823 705 χωνεύει,

232 736 329 790 καὶ
359 732 580 805 βασάνῳ
612 730 938 803 πειρασμῶν
970 730 1362 802 παραδίδωσιν,
1397 727 1542 782 ὥστε
1587 722 1714 788 τούς
1764 737 1826 776 τε

233 824 704 888 ἀναπεπτωκότας
733 824 828 877 καὶ
857 822 1281 893 διαλελυμένους
1322 819 1625 889 σφιγγῆναι
1648 859 1661 881 ,
1697 813 1826 878 τούς

231 934 299 972 τε
324 917 585 989 δοκίμους
614 915 1015 987 δοκιμωτέρους
1041 913 1298 984 γενέσθαι
1323 954 1338 979 ,
1367 912 1462 966 καὶ
1491 905 1826 980 ἀχειρώτους

233 1012 359 1074 ταῖς
379 1010 490 1064 τῶν
518 1007 791 1080 δαιμόνων
821 1006 1139 1070 ἐπιϐουλαῖς
1165 1005 1260 1060 καὶ
1301 1007 1422 1068 ταῖς
1450 1001 1547 1056 τοῦ
1575 998 1826 1054 διαϐόλου

239 1098 455 1167 παγίσι,
487 1096 583 1150 καὶ
626 1094 835 1166 σφόδρα
878 1094 1216 1165 ἐπιτηδείους
1247 1094 1385 1164 πρὸς
1415 1090 1514 1162 τὴν
1546 1089 1654 1144 τῶν
1702 1086 1830 1160 μελ-

237 1187 440 1241 λόντων
458 1184 679 1254 ἀγαθῶν
707 1183 975 1256 ὑποδοχὴν
999 1182 1267 1246 ἅπαντας.
1298 1180 1462 1252 ’Δνὴρ
1479 1178 1611 1250 γὰρ,
1637 1177 1828 1248 φησὶν,

237 1277 868 1350 ἀπείραστος,ἀδόκιμος
885 1292 901 1307 ·
921 1275 1017 1329 καὶ
1041 1276 1070 1333 6
1098 1274 1333 1338 Παῦλος,
1361 1270 1431 1326 Ἢ
1451 1271 1661 1339 θλίψις
1680 1271 1830 1324 ὐπο-

233 1369 440 1441 μονήν
452 1365 862 1440 κατεργάζεται
881 1381 896 1396 ⁸
914 1368 953 1436 ἠ
987 1365 1056 1420 δὲ
1075 1363 1353 1435 ὑπομονὴ
1372 1362 1651 1433 δοκιμήν.
1673 1362 1828 1426 Καρ-

237 1462 495 1534 τερικοὺς
548 1455 645 1515 οὖν
699 1460 794 1513 καὶ
839 1458 1283 1530 ύπομονητικοὺς
1322 1455 1548 1527 ποιῆσαι
1609 1453 1782 1508 θέλων
1813 1490 1829 1517 .

239 1553 436 1626 ἀφίησι
466 1554 529 1607 τὸ
569 1553 818 1624 νόμισμα
851 1551 1351 1614 διακωδωνίζεσθαι
1409 1549 1574 1604 παντὶ
1619 1546 1827 1620 τρόπῳ.

241 1641 460 1715 Ταύτης
484 1643 670 1697 ἐνεκεν
689 1643 790 1714 τῆς
818 1642 997 1704 αἰτίας
1031 1641 1236 1694 καὶτὸν
1281 1640 1400 1694 Ἰὼϐ
1429 1640 1609 1712 ἀφῆκε
1635 1637 1832 1694 παθεῖν

241 1729 390 1810 άπερ
439 1737 664 1801 ἐπαθεν,
713 1736 855 1791 ὥστε
898 1737 994 1791 καὶ
1023 1734 1395 1806 δοκιμώτερον
1437 1733 1698 1804 φανῆναι,
1735 1731 1831 1786 καί

240 1829 522 1902 ἐμφράξαι
554 1830 650 1885 τοῦ
679 1831 930 1886 διαϐόλου
955 1830 1019 1884 τὸ
1046 1830 1223 1901 στόμα
1248 1844 1261 1857 ⁶
1293 1829 1382 1884 διά
1407 1827 1565 1881 τοῦτο
1591 1826 1831 1888 καὶτοὺς

240 1922 577 1988 ἀποστόλους
627 1923 861 1996 ἀφῆκεν,
905 1922 1048 1977 ὥστε
1091 1923 1378 1985 κάκείνους
1421 1919 1831 1990 ἀνδρειοτέρους

238 2015 518 2086 γενέσθαι,
549 2015 644 2069 καὶ
669 2015 767 2087 τὴν
801 2017 1012 2071 οἰκείαν
1063 2016 1297 2086 δύναμιν
1327 2013 1505 2087 ταύτῃ
1557 2010 1832 2076 ἐπιδείξα-

239 2092 392 2162 σθαι.
428 2109 537 2161 Καὶ
565 2108 674 2180 769
704 2109 799 2162 καὶ
846 2107 987 2179 αὕτη
1035 2109 1186 2162 αἰτία
1242 2108 1304 2161 ού
1354 2105 1552 2179 μικρά.
1587 2104 1679 2158 Διὸ
1736 2103 1833 2157 καὶ

238 2201 441 2271 Παύλῳ
482 2200 636 2270 έλεγε
692 2201 943 2272 ζητοῦντι
977 2202 1164 2256 ἄνεσιν
1213 2199 1308 2255 καὶ
1358 2198 1686 2270 ἀπαλλαγὴν
1720 2196 1833 2251 τῶν

239 2297 581 2366 κατεχόντων
604 2295 812 2361 κακῶν,
858 2296 1057 2364 Ἀρκεῖ
1082 2313 1183 2351 σοι
1210 2295 1248 2364 ἡ
1271 2293 1444 2365 χάρις
1471 2311 1590 2365 μου
1610 2310 1624 2323 ·
1661 2292 1701 2361 ἡ
1721 2292 1834 2362 γὰρ

235 2387 498 2457 δύναμις
515 2405 639 2456 μου
661 2387 732 2441 ἐν
748 2389 1034 2456 ἀσθενείᾳ
1065 2388 1420 2442 τελειοῦται.

309 2504 451 2570 Κεφ.
475 2500 579 2572 κβ’.
593 2497 705 2556 Καὶ
727 2502 835 2573 γὰρ
855 2502 905 2555 οί
938 2501 1170 2572 μηδέπω
1191 2500 1270 2572 τῷ
1295 2500 1439 2573 λόγῳ
1458 2497 1551 2553 τοῦ
1570 2500 1830 2571 Χριστιαο

238 2592 437 2663 νισμοῦ
469 2592 994 2666 προσελθόντες,καὶ
1023 2591 1273 2645 ἐντεῦθεν
1297 2590 1583 2661 μειζόνως,
1616 2591 1711 2646 ἐὰν
1739 2591 1832 2661 νή-

236 2700 403 2755 φωσι,
419 2684 783 2757 κερδαίνουσι.
803 2685 915 2739 Καὶ
939 2683 1048 2755 769
1062 2684 1192 2738 ὅταν
1217 2682 1399 2738 ῐδωσιν
1414 2683 1830 2749 ἀδικουμένους,

237 2774 700 2848 λοιδορουμένους,
722 2773 1099 2849 δεσμωτήριον
1127 2773 1433 2840 οἰκοῦντας,
1453 2772 1834 2847 ἐπηρεαζομέ-

238 2885 390 2935 νους,
414 2867 952 2940 ἐπιϐουλευομένους,
968 2869 1465 2941 ἀποτεμνομένους,
1485 2867 1831 2939 καιομένους,

237 2960 830 3033 καταποντιζομένους,
857 2960 954 3014 καὶ
981 2960 1172 3033 μηδενὶ
1195 2959 1306 3014 τῶν
1341 2959 1532 3015 δεινῶν
1559 2959 1841 3025 εἴκοντας,

238 3051 498 3122 ἐννόησον
528 3052 653 3106 ὅσον
703 3051 922 3124 ἔχοντες
967 3051 1155 3124 θαῦμα
1202 3051 1314 3106 τῶν
1350 3051 1675 3124 παραδόξων
1710 3064 1835 3106 του-

237 3161 353 3200 των
401 3141 651 3214 ἀθλητῶν
688 3129 1021 3216 ἀπήρχοντο’
1053 3144 1148 3197 καὶ
1194 3145 1243 3197 οί
1289 3143 1444 3208 τότε,
1479 3144 1576 3198 καὶ
1613 3145 1664 3198 οἰ
1713 3143 1831 3197 νῦν.

242 3238 409 3292 Ὥστε
435 3237 500 3291 ού
533 3235 694 3308 μόνον
725 3237 825 3290 οὐκ
858 3235 1154 3308 ἐργάζεται
1185 3235 1483 3291 σκάνδαλον
1511 3236 1586 3292 τά
1612 3252 1839 3307 γεγενη-

243 3331 384 3404 μένα
405 3332 518 3394 τοῖς
549 3330 836 3400 νήφουσιν,
879 3328 1018 3383 άλλά
1047 3329 1144 3383 καὶ
1188 3329 1437 3394 πλείονος
1486 3329 1836 3393 διδασκαλίας

241 3422 500 3486 ὑπόθεσις
523 3407 760 3490 γίνεται.
791 3423 883 3475 Διὸ
907 3421 1004 3476 καὶ
1026 3421 1238 3486 Παῦλος
1260 3423 1462 3493 ἢκουσε
1505 3420 1702 3486 ταῦτα,
1752 3423 1836 3476 ὅτι

251 3517 329 3570 Ἠ
352 3514 609 3583 δύναμίς
630 3530 753 3583 μου
774 3513 845 3567 ἐν
859 3512 1145 3579 ἀσθενείᾳ
1175 3511 1525 3568 τελειοῦται.
1544 3511 1715 3567 Τοῦτο
1743 3512 1838 3567 καὶ

239 3605 335 3661 ἐπὶ
355 3606 454 3676 τῆς
475 3603 719 3668 Παλαιᾱς
745 3605 839 3658 καὶ
860 3602 954 3656 ἐπὶ
977 3603 1076 3674 τῆς
1104 3603 1315 3674 Καινῆς
1330 3602 1479 3657 ἐστιν
1501 3604 1702 3676 εὑρεῖν.
1722 3606 1839 3661 Ἔν-

240 3700 435 3770 νόησον
467 3697 577 3770 γάρ
608 3696 661 3749 τί
708 3695 940 3766 πάσχειν
971 3694 1122 3760 εἰκὸς
1138 3690 1207 3767 ἦν
1234 3697 1327 3751 τὸν
1360 3694 1839 3770 Ναϐουχοδονόσορ

241 3792 350 3846 ὑπὸ
383 3789 554 3863 τριῶν
582 3788 811 3854 παίδων,
829 3787 1056 3852 δούλων,
1083 3787 1480 3859 αἰχμαλώτων,
1511 3787 1836 3860 δεδεμένων,

241 3881 523 3955 πυρπολου
530 3878 708 3952 μένων
728 3920 746 3946 ,
806 3876 1068 3932 τοσούτου
1131 3876 1500 3949 στρατοπέδου
1569 3878 1839 3945 παρόντος

241 3973 590 4045 ἡττώμενον,
641 3970 737 4025 καὶ
781 3968 858 4042 μὴ
897 3969 1201 4041 δυνάμενον
1243 3969 1412 4040 τριῶν
1451 3972 1839 4042 περιγενέσθαι

245 4067 518 4138 σωμάτων
537 4062 974 4134 δεδουλωμένων,
1009 4063 1412 4134 ὑποκειμένων,
1457 4065 1718 4137 πατρίδος
1744 4066 1839 4119 ἐκ-

243 4157 638 4225 πεπτωκότων,
669 4156 1007 4228 ἐλευθερίας,
1028 4156 1221 4228 τιμῆς.
1253 4157 1596 4220 δυναστείας,
1617 4175 1723 4230 χρη
1732 4160 1840 4230 μά-

241 4272 373 4319 των,
419 4252 611 4324 πόρῤω
659 4248 774 4303 τῶν
821 4249 1042 4304 οίκείων
1068 4250 1499 4322 ἀπῳκισμένων.
1548 4252 1611 4305 El
1654 4251 1722 4324 δὴ
1763 4253 1840 4325 μὴ

245 4345 598 4419 συνεχωρήθη
651 4345 682 4396 6
733 4344 1066 4415 ἐμπρησμὸς
1119 4345 1368 4408 ἐκεῖνος,
1420 4345 1523 4399 οὐκ
1579 4344 1647 4399 ἂν
1697 4345 1842 4401 οὕτω

241 4437 498 4509 λαμπρὸν
529 4435 592 4489 τὸ
615 4432 870 4507 βραϐεῖον
899 4435 1142 4503 ἐγένετο,
1171 4435 1273 4489 οὐκ
1307 4434 1375 4490 ἃν
1398 4435 1546 4490 οὕτω
1568 4438 1842 4512 φαιδρὸςό

244 4530 533 4598 στέφανος.
560 4526 849 4596 Ἐννόησον
868 4527 923 4579 τί
940 4527 1176 4598 πάσχειν
1196 4527 1344 4591 εἰκὸς
1371 4524 1442 4600 ἦν
1469 4530 1564 4585 τὸν
1592 4529 1843 4604 Ἡρώδην

242 4623 348 4677 ὑπὸ
379 4619 660 4692 δεσμώτου
691 4619 1072 4692 ἐλεγχόμενον,
1090 4621 1186 4674 καὶ
1210 4621 1424 4693 ὁρῶντα
1454 4623 1578 4677 οὐδὲ
1606 4623 1716 4678 ἀπὸ
1742 4627 1844 4697 τῆς

243 4713 488 4776 ἁλύσεως
509 4710 663 4785 [510]
694 4711 966 4766 ἐνδιδόντα
993 4713 1059 4783 τῇ
1091 4713 1399 4786 παρρησίᾳ,
1437 4713 1554 4768 ἀλλ’
1577 4714 1840 4788 αἰρούμε-

223 4824 332 4862 νον
389 4806 668 4876 σφαγῆναι
722 4803 948 4876 μᾶλλον,
999 4804 1341 4876 ἢ.προέσθαι
1386 4806 1488 4876 τὴν
1546 4806 1843 4880 καλλίστην

242 4896 734 4968 ἐλευθεροστομίαν
771 4896 1015 4967 ἐκείνην.
1055 4895 1343 4966 Ἐννόησον
1382 4897 1463 4961 τίς
1493 4897 1639 4970 ὁρῶν
1670 4900 1843 4955 ταῦτα

242 4989 338 5042 καὶ
363 4987 580 5042 ἀκούων
609 4987 706 5043 καὶ
721 4986 834 5042 τῶν
861 4988 982 5042 τότε
1000 4986 1220 5052 ζώντων
1244 4986 1340 5041 καὶ
1363 4988 1472 5042 τῶν
1501 4989 1646 5060 μετὰ
1667 4992 1844 5046 ταῦτα

243 5078 575 5151 γενομένων,
624 5078 730 5135 κάν
781 5077 990 5152 σφόδρα
1045 5080 1466 5144 ἀναπεπτωκὼς
1511 5079 1579 5156 ᾖ,
1629 5082 1757 5138 νοῦν
1785 5086 1844 5141 δέ

242 5191 366 5227 τινα
400 5172 538 5243 ἔχων
566 5172 796 5245 βραχὺν,
831 5173 949 5237 πῶς
971 5174 1042 5229 τὰ
1067 5175 1300 5246 μέγιστα
1331 5178 1598 5248 κερδάνας
1627 5177 1841 5234 ἄπεισι.

242 5263 336 5335 Μὴ
370 5263 483 5333 γάρ
517 5281 607 5335 μοι
633 5263 702 5318 τὰ
734 5263 1069 5336 καθάρματα
1101 5265 1214 5320 τῶν
1234 5269 1480 5340 ἀνοήτων
1505 5270 1690 5342 εἴπης,
1715 5273 1845 5336 τοὺς

246 5353 454 5421 βλᾶκας
487 5354 584 5407 καὶ
609 5354 961 5427 αὐτόσαρκας
987 5355 1172 5423 ὄντας,
1209 5359 1304 5412 καί¹
1327 5358 1545 5429 φύλλων
1575 5360 1844 5437 κουφοτέ-

248 5460 396 5514 ρους.
429 5437 593 5500 Οὖτοι
615 5445 726 5519 γὰρ
754 5447 875 5519 οὐχὶ
901 5447 1114 5514 τούτοις
1143 5450 1326 5521 μόνον,
1362 5453 1501 5507 ἀλλά
1541 5456 1638 5511 καί⁸
1679 5457 1845 5512 παντὶ

248 5533 436 5605 σχεδὸν
461 5538 745 5610 γενομένῳ
773 5539 1208 5611 προσπταίουσιν
1231 5559 1244 5573 ο
1268 5544 1346 5608 ὡς
1378 5545 1475 5600 καὶ
1501 5549 1530 5599 6
1569 5547 1843 5605 Ἰουδαίων

244 5624 418 5695 δῆμος
438 5628 534 5680 καὶ
552 5629 730 5700 μάννα
746 5631 940 5687 ἐσθίων
962 5633 1058 5687 καὶ
1081 5635 1268 5706 ἄρτον,
1287 5637 1492 5708 ὁμοίως
1513 5638 1846 5711 δυσάρεστος

245 5712 335 5788 ἦν,
368 5719 464 5772 καὶ
507 5722 564 5774 ἐν
594 5722 858 5796 Αἰγύπτῳ
887 5725 984 5792 ὢν,
1023 5729 1116 5782 καὶ
1161 5729 1501 5800 ἀπαλλαγεὶς
1533 5731 1840 5801 Αἰγύπτου,

248 5812 342 5865 καὶ
373 5813 639 5883 παρόντος
665 5814 964 5882 Μωῦσέως,
1009 5820 1101 5874 καὶ
1127 5821 1476 5888 ἀπελθόντος.
1531 5823 1670 5878 Ἀλλ’
1695 5826 1838 5880 ἐκεί-

1051 342 1144 398 AD
1182 339 1317 398 EOS
1358 337 1480 408 ρυι
1523 329 2036 393 SCANDALIZATI
2078 327 2283 386 SU‘NT.
2319 326 2451 384 LIB.
2488 322 2701 384 UNUS.

3422 315 3528 373 526

1932 463 2058 510 νους
2092 447 2173 510 εἰς
2203 445 2370 516 μέσον
2400 443 2501 512 άγε
2535 459 2648 512 μοι,
2679 439 2808 502 τοὺς
2843 436 3138 508 νήφοντας.
3187 431 3316 498 τοὺς
3359 432 3530 505 ἐγρη-

1934 547 2186 620 γορότας,
2233 545 2330 599 καὶ
2378 543 2597 614 λογίζου
2648 541 2824 610 πόσην
2854 538 3005 602 είκὸς
3039 536 3247 600 αὐτοὺς
3279 534 3534 590 ἐντεῦθεν

1937 648 2337 720 καρπώσασθαι
2370 647 2468 720 τὴν
2489 645 2784 714 ὠφέλειαν,
2825 642 3072 714 ὁρῶντας
3102 639 3286 712 ψυχὴν
3329 639 3534 712 ἀπερί-

1934 764 2194 823 τρεπτον,
2213 749 2472 822 φρόνημα
2489 745 2826 810 ἀδούλωτον,
2886 743 3140 817 γλῶτταν
3219 741 3537 814 παρρησίας

1935 853 2238 924 γέμουσαν,
2267 848 2554 922 ἄνθρωπον
2585 844 2996 918 ὲρημοπολίτην
3021 842 3286 915 βασιλέως
3312 857 3540 914 περιγε-

1938 956 2182 1026 νόμενον,
2217 951 2589 1023 δεσμούμενον
2615 949 2710 1004 καὶ
2740 948 2844 1002 οὐκ
2870 947 3145 1002 ἐνδιδόντα
3161 955 3204 1011 ⁸,
3234 944 3542 1016 ἀποτεμνό·

1941 1075 2103 1130 μενον
2132 1059 2226 1110 καὶ
2257 1056 2318 1109 ού
2357 1053 2627 1123 σιγῶντα⁶
2658 1050 2754 1106 καὶ
2782 1050 2919 1122 μηδὲ
2952 1049 3113 1121 μέχρι
3137 1045 3344 1102 τούτων
3380 1049 3537 1118 στῇς,

1937 1161 2077 1217 ἀλλά
2126 1160 2224 1214 καὶ
2274 1158 2344 1213 τά
2398 1157 2541 1228 μετά
2603 1158 2782 1212 ταῦτα
2832 1151 3078 1222 ἐξέταζε.
3154 1151 3459 1220 ’Ᾱπέτεμεν
3512 1152 3541 1203 6

1949 1259 2217 1332 Ἡρώδης,
2237 1257 2534 1330 ἀπετμήθη
2557 1259 2585 1311 6
2625 1256 2901 1327 Ἰωάννης.
2930 1253 3026 1318 Τίς
3044 1248 3138 1308 οὖν
3164 1254 3315 1307 ἐστιν
3349 1254 3406 1306 ἐν
3429 1254 3544 1315 τοῖς

1941 1366 2198 1421 ἁπάντων
2229 1361 2639 1435 μακαρισμοῖς;
2673 1357 2758 1419 τίς
2803 1355 3082 1429 ζηλωτός;
3111 1356 3198 1421 τίς
3224 1355 3543 1427 ἀνακηρύτα

1939 1483 2131 1531 τεται;
2162 1465 2244 1530 τίς
2274 1460 2639 1533 στεφανοῦται.
2659 1478 2674 1528 ;
2698 1461 2784 1524 τίς
2803 1460 3252 1532 ἐγκωμιάζεται;
3273 1457 3359 1523 τίς
3390 1461 3544 1512 ἐπαιο

1939 1570 2111 1622 νεῖται
2137 1584 2151 1633 ;
2177 1567 2263 1631 τίς
2288 1564 2632 1636 θαυμάζεται
2654 1580 2667 1629 ;
2697 1561 2782 1625 τίς
2819 1561 2983 1634 μέχρι
3006 1561 3253 1632 σήμερον
3286 1561 3500 1631 ἐλέγχει
3527 1577 3543 1620 ;

1942 1672 2017 1724 Οὐ
2049 1668 2170 1724 καθ’
2201 1667 2441 1736 ἑκάστην
2473 1665 2802 1737 Ἐκκλησίαν
2839 1665 2868 1718 6
2901 1664 3001 1735 μὲν
3033 1662 3152 1735 βοᾷ,
3183 1665 3306 1717 Οὐκ
3337 1661 3548 1727 ἔξεστί

1940 1789 2041 1830 σοι
2090 1771 2260 1842 ἔχειν
2305 1769 2424 1840 τὴν
2468 1771 2726 1839 γυναῖκα
2765 1767 3074 1822 Φιλίππου
3129 1765 3238 1821 τοῦ
3271 1763 3548 1832 ἀδελφοῦ

1941 1889 2092 1929 σου·
2126 1875 2155 1927 6
2184 1872 2243 1927 δὲ
2295 1869 2676 1943 στηλιτεύεται
2717 1869 2813 1923 καὶ
2862 1868 3002 1941 μετά
3045 1866 3307 1938 τελευτὴν
3347 1867 3442 1921 ἐπὶ
3479 1867 3546 1936 τῇ

1945 1975 2167 2049 μοιχείᾳ
2201 1974 2297 2028 καὶ
2329 1975 2396 2045 τῇ
2440 1972 2719 2044 παρανοίᾳ
2751 1971 2847 2026 καὶ
2871 1974 2939 2043 τῇ
2976 1969 3314 2045 θρασύτητι;
3341 1970 3548 2023 Σκόπει

1940 2078 1998 2133 δὲ
2027 2057 2166 2149 μετά
2184 2075 2293 2131 τῶν
2317 2073 2650 2147 εἰρημένων,
2665 2073 2768 2144 ὅση
2793 2072 2888 2127 τοῦ
2921 2071 3203 2144 δεσμώτου
3227 2074 3260 2142 ὴ
3291 2069 3550 2142 δύναμις,

1943 2178 2152 2234 καὶτοῦ
2178 2178 2446 2249 τυράννου
2475 2178 2510 2248 ή
2542 2175 2816 2230 ἀσθένεια.
2862 2175 2924 2228 Ὅ
2952 2175 3052 2246 μέν
3085 2173 3195 2246 γὰρ
3225 2174 3326 2227 οὐκ
3359 2172 3552 2242 ἴσχυσε

1945 2283 2075 2356 μίαν
2095 2280 2451 2352 ἐπιστομίσαι
2473 2278 2747 2349 γλῶτταν,
2770 2277 2890 2333 ἀλλ’
2916 2275 3124 2332 ἀνελὼν
3157 2275 3351 2349 αὐτὴν,
3375 2276 3552 2348 μυρία

1943 2386 2058 2439 ἀντ’
2094 2384 2311 2455 ἐκείνης
2345 2382 2441 2437 καὶ
2470 2381 2590 2454 μετ’
2620 2381 2841 2453 ἐκείνης
2877 2379 3086 2451 ήνέῳξε
3111 2378 3362 2450 στόματα
3392 2394 3405 2408 ο
3434 2381 3462 2432 ὁ
3491 2377 3551 2430 δέ

1944 2488 2038 2542 καὶ
2085 2487 2210 2541 τότε
2254 2484 2420 2540 αὐτὸν
2473 2483 2679 2549 εὐθέως
2718 2483 2960 2555 ἐφόϐησε
2999 2481 3140 2552 μετά
3182 2481 3281 2553 τὴν
3328 2479 3551 2551 σφαγὴν

1943 2591 2112 2664 (οὕτω
2136 2589 2248 2662 γάρ
2296 2587 2467 2643 αὑτοῦ
2501 2588 2565 2643 τὸ
2596 2587 2838 2651 συνειδὸς
2880 2573 3169 2643 κατέσειεν
3194 2587 3223 2640 6
3253 2585 3439 2655 φόϐος,
3473 2583 3572 2648 ώςι

1941 2695 2188 2767 νομίζειν
2215 2692 2387 2748 αὐτὸν
2413 2692 2539 2746 τότε
2565 2691 2661 2745 καὶ
2710 2693 2775 2746 ἐκ
2800 2689 3017 2762 νεκρῶν
3046 2686 3368 2744 ἀναστάντα
3418 2686 3555 2741 θαυ-

1955 2797 2335 2872 ματουργεῖν),
2369 2796 2467 2851 καὶ
2498 2794 2596 2850 νῦν
2624 2795 2682 2849 δὲ
2718 2795 2815 2848 καὶ
2865 2793 2928 2860 ἐξ
2978 2792 3193 2846 ἐκείνου
3225 2789 3316 2845 διὰ
3347 2788 3561 2853 παντὸς.

1942 2900 2036 2955 τοῦ
2061 2901 2258 2972 χρόνου
2285 2897 2429 2953 κατὰ
2445 2899 2629 2953 πᾶσαν
2650 2897 2816 2951 αὐτὸν
2841 2895 3059 2966 ἐλέγχει
3082 2892 3182 2966 τὴν
3196 2891 3550 2963 οἰκουμένην,

1944 3004 2038 3056 καὶ
2082 3003 2154 3071 διζ
2203 3001 2422 3068 ἐαυτοῦ,
2477 3000 2574 3055 καὶ
2610 3000 2681 3054 δι’
2717 2998 2945 3071 ἐτέρων.
3003 2995 3281 3059 Ἕκαστος
3328 2993 3440 3063 γὰρ
3488 2991 3560 3045 τὸ

1944 3063 2289 3176 Εὐαγγὲλιον
2331 3063 2733 3172 ἀναγινώσκων
2767 3063 2949 3167 τοῦτο,
2981 3097 3154 3167 λέγει,
3188 3098 3312 3152 οὐκ
3343 3095 3554 3162 ἔξεστί

1944 3225 2045 3268 σοι
2087 3209 2254 3280 ἔχειν
2297 3208 2414 3278 τὴν
2451 3205 2717 3279 γυναῖκα
2778 3205 3086 3263 Φιλίππου
3124 3203 3234 3259 τοῦ
3276 3199 3554 3272 ἀδελφοῦ

1945 3327 2065 3367 σου
2092 3327 2106 3341 ·
2139 3310 2237 3366 καὶ
2285 3309 2380 3365 τοῦ
2412 3307 2754 3380 Εὐαγγελίου
2805 3307 2977 3380 χωρὶς
3013 3307 3074 3360 ἐν
3129 3302 3417 3374 συλλόγοις
3459 3303 3559 3358 καὶ

1949 3409 2282 3476 συνουσίαις,
2304 3413 2425 3474 ταῖς
2457 3411 2623 3476 οῐκοι,
2656 3411 2777 3474 ταῖς
2813 3410 2874 3463 ἐν
2903 3407 3105 3480 ἀγορᾷ,
3135 3407 3259 3472 ταῖς
3295 3405 3558 3461 ἀπανιιτα-⁵

1947 3513 2066 3588 χοῦ,
2095 3512 2200 3569 κάν
2235 3516 2315 3578 είς
2355 3511 2454 3584 τὴν
2505 3512 2738 3585 Περσῶν
2782 3511 2973 3584 χώραν
3005 3509 3274 3582 ἀπέλθῃς,
3325 3509 3432 3564 κᾶν
3471 3510 3558 3573 είς

1948 3617 2048 3691 τήν
2096 3616 2300 3682 Ἰνδῶν,
2349 3614 2455 3671 κᾶν
2485 3615 2566 3680 εἰς
2616 3614 2716 3686 τὴν
2764 3613 3034 3686 Μαύρων,
3069 3613 3178 3668 κάν
3239 3612 3374 3684 ὅσην
3399 3611 3563 3684 ήλιος

1951 3721 2126 3792 ἐφορᾷ
2162 3719 2290 3789 γῆν,
2341 3717 2438 3773 καὶ
2470 3715 2610 3790 πρὸς
2659 3714 2833 3780 αὐτάς
2870 3713 2972 3779 τὰς
3005 3713 3292 3785 ἐσχατιὰς,
3348 3713 3562 3786 ταύτης

1947 3821 2192 3895 ἀκούσῃς
2221 3824 2323 3893 τῆς
2358 3819 2566 3892 φωνῆς,
2619 3817 2716 3875 καὶ
2766 3817 2890 3889 ὄψει
2943 3817 3037 3873 τὸν
3082 3817 3293 3873 δίκαιον
3346 3818 3558 3872 ἐκεῖνον

1949 3923 2032 3978 ετι
2083 3923 2180 3979 καὶ⁵
2223 3922 2322 3978 νῦν
2367 3921 2602 3996 βοῶντα,
2653 3920 2956 3994 ἐνηχοῦντα
2979 3961 2994 3988 ,
3050 3921 3147 3976 καὶ
3197 3920 3298 3993 τὴν
3352 3923 3569 3976 κακίαν

1950 4026 2243 4099 ἐλέγχοντα
2271 4024 2368 4100 τοῦ
2397 4025 2689 4100 τυράννου,
2725 4024 2822 4079 καὶ
2845 4023 3110 4079 οὐδέποτε
3137 4023 3402 4094 σιγῶντα,
3431 4024 3555 4078 οὐδὲ

1949 4126 2030 4200 τῷ
2051 4127 2251 4201 πλήθει
2283 4098 2380 4183 τοῦ
2413 4098 2609 4200 χρόνου
2649 4126 2741 4182 τὸν
2763 4125 2991 4198 έλεγχον
3025 4125 3452 4199 μαραινόμενον.
3489 4123 3556 4178 Τί

1949 4229 2130 4286 τοίνυν
2151 4229 2262 4284 ἀπὸ
2280 4228 2380 4300 τῆς
2400 4219 2659 4300 τελευτῆς
2685 4227 3008 4300 παρεϐλάϐη
3034 4229 3063 4281 6
3080 4225 3289 4294 δίκαιος
3310 4227 3519 4291 ἐκεῖνος
3537 4243 3554 4291 ς

1949 4333 2005 4389 τί
2033 4332 2090 4388 δέ
2113 4332 2223 4387 ἀπὸ
2238 4330 2338 4387 τοῦ
2366 4330 2545 4403 βιαίου
2567 4331 2840 4400 θανάτους
2861 4331 2915 4385 τί
2938 4330 2998 4385 δέ
3018 4330 3132 4386 ἀπὸ
3149 4331 3254 4403 τῆς
3279 4328 3568 4394 ἀλύσεωςς.

1951 4434 2004 4490 τί
2024 4434 2081 4490 δὲ
2105 4435 2218 4490 ἀπὸ
2237 4434 2335 4489 τοῦ
2357 4432 2770 4506 δεσμωτηρίους
2802 4432 2970 4499 Τίνας
2990 4432 3171 4491 δέ,ούκ
3195 4430 3426 4505 ὤρθωσε
3447 4431 3560 4487 τῶν

1951 4537 2081 4592 νοῦν
2112 4538 2371 4610 ἑχόντων,
2410 4536 2506 4607 ἀφ’
2537 4528 2616 4592 ὧν
2654 4530 2839 4602 εἶπεν,
2863 4535 2960 4608 ἀφ’
2986 4529 3064 4592 ὧν
3103 4536 3328 4604 ἐπαθεν,
3361 4535 3457 4608 ἀφ’
3482 4532 3560 4594 ὧν

1952 4641 2035 4695 ἔτι
2055 4640 2150 4696 καὶ
2181 4638 2278 4694 νῦν
2301 4637 2566 4710 κηρύττει
2592 4637 2662 4692 τά
2690 4636 2851 4705 αὐτά,
2881 4637 2921 4693 6
2949 4639 3046 4694 καὶ
3070 4637 3194 4694 τότε
3222 4637 3370 4706 ζῶν,
3401 4637 3557 4713 [5H]

1953 4742 2046 4811 Μὴ
2100 4741 2280 4794 τοίνυν
2311 4738 2462 4808 λέγε,
2488 4737 2588 4793 Διά
2621 4737 2674 4794 τί
2700 4740 3056 4813 συνεχωρήθη
3099 4741 3428 4808 ἀποθανεῖνς
3482 4741 3559 4795 Οὐ

1954 4841 2064 4915 γὰρ
2116 4841 2350 4905 θάνατος
2383 4836 2473 4914 ἦν,
2515 4839 2656 4895 ἀλλά
2681 4839 2951 4912 στέφανος
2967 4841 3031 4895 τὸ
3064 4841 3462 4914 γεγενημένον,
3496 4842 3560 4896 οὐ

1951 4945 2203 5017 τελευτὴ,
2239 4943 2379 4999 ἀλλά
2419 4941 2670 5016 μείζονος
2704 4942 2854 5017 ζωῆς
2889 4946 3175 5018 προοίμια.
3216 4947 3376 5004 Μάθε
3412 4948 3566 5017 φιλο-

1956 5050 2166 5120 σοφεῖν,
2199 5047 2295 5102 καὶ
2316 5048 2379 5103 οὐ
2406 5047 2566 5119 μόνον
2587 5047 2742 5101 ούδέν
2772 5048 2840 5102 ἐκ
2863 5047 2975 5101 τῶν
2997 5047 3258 5103 τοιούτων
3286 5047 3561 5123 βλαϐήσῃ,

1954 5149 2092 5206 ἀλλά
2121 5149 2220 5204 καὶ
2247 5148 2318 5202 τὰ
2349 5149 2586 5220 μέγιστα
2615 5148 2922 5221 κερδανεῖς.

2029 5261 2096 5315 Τί
2155 5261 2213 5315 δὲ
2261 5263 2294 5334 ή
2353 5262 2632 5331 Αἰγυπτία
2669 5263 2840 5335 γυνή;
2875 5264 2949 5318 Οὐ
2992 5265 3414 5338 κατηγόρησεν;
3461 5265 3567 5321 οὐκ

1957 5363 2442 5434 ἐσυκοφάντησεν;
2474 5362 2576 5417 οὐκ
2619 5362 2781 5435 ἔδησε
2814 5364 2906 5418 τὸν
2936 5364 3185 5432 δίκαιον;
3227 5366 3330 5423 οὐκ
3363 5368 3447 5432 εἰς
3478 5367 3566 5422 δε-

1959 5467 2280 5540 σμωτήριον
2314 5465 2601 5532 ἐνέϐαλεν;
2633 5465 2696 5521 οὐ
2729 5465 2822 5520 τὸν
2855 5466 2986 5540 περί
3017 5466 3127 5521 τῶν
3163 5466 3413 5540 ἐσχάτων
3436 5469 3566 5523 ἐπε-

1958 5571 2243 5644 κρέμασεν
2266 5568 2420 5641 αύτῷ
2450 5569 2721 5636 κίνδυνον;
2747 5570 2850 5625 οὐκ
2877 5570 3079 5637 ἀνεῖλε,
3099 5570 3163 5625 τό
3184 5587 3248 5642 γε
3280 5574 3362 5637 είς
3385 5572 3564 5645 αὐτὴν

1955 5665 2124 5742 ἦκονς
2154 5669 2215 5724 οὑ
2253 5668 2503 5742 πονηρὰν
2559 5669 2858 5745 περιέθηκε
2915 5670 3112 5742 δόξαν;
3141 5672 3206 5728 Τί
3251 5666 3346 5728 οὖν
3397 5668 3564 5729 αὐτὸν

2015 5832 2042 5862 ⁸
2065 5828 2164 5882 Alii
2189 5830 2266 5878 καί
2291 5829 2346 5878 οὐ
2371 5829 2646 5878 σιωπῶντα.
