4050 6436
514 327 625 383 225

517 442 926 517 παρέϐλαψενῆ
972 446 1132 511 τότε,
1185 449 1218 518 ﬂ
1258 446 1386 514 νῦν;
1439 449 1710 520 Καθάπερ
1766 446 1876 518 γάρ
1927 448 2098 517 πυρὸς

512 537 780 608 ἄνθρακες
813 539 919 591 ὑπὸ
971 539 1192 611 ἀχύρων
1230 539 1600 610 καλυφθέντες
1620 583 1635 606 ,
1665 541 1815 613 παρὰ
1865 542 1964 611 μὲν
1998 541 2097 612 τὴν

511 629 686 699 ἀρχὴν
710 629 1026 695 σκιάζεσθαι
1049 630 1317 696 δοκοῦσιν,
1347 632 1544 708 ἀθρόον
1565 633 1624 686 δὲ
1651 634 2005 702 διαφαγόντες
2029 631 2098 684 τά

509 719 856 790 ἐπικείμενα,
876 721 942 775 δι’
956 722 1137 776 αὐτῶν
1158 714 1387 778 ἐκείνων
1401 726 1510 780 τῶν
1523 726 1740 798 ἀχύρων
1759 725 2096 796 ὑψηλοτέραν

511 808 810 862 ἀνάπτουσι
844 811 942 882 τὴν
992 812 1202 882 φλόγα·
1239 811 1383 868 οὑτω
1433 810 1498 886 δὴ
1545 816 1638 870 καὶ
1676 817 1710 885 ή
1751 815 1955 885 ἀρετὴ,
1993 814 2098 868 κᾶν

510 900 916 971 ἐπηρεάζεσθαι
953 902 1111 976 δοκῇ.
1138 904 1363 977 ὔστερον
1389 905 1453 978 δὴ
1483 906 1553 960 δι’
1581 906 1760 960 αὐτῶν
1785 905 1895 960 τῶν
1921 907 2097 960 κωλυ-

512 992 704 1062 μάτων
740 994 1003 1066 μειζόνως
1028 997 1200 1066 ἀνθεῖ,
1228 1001 1320 1053 καὶ
1353 1003 1432 1063 είς
1463 999 1630 1053 αὑτὸν
1658 1001 1848 1069 φθάνει
1885 1000 1977 1054 τὸν
2008 1001 2098 1054 οὐ·

511 1086 698 1154 ρανόν.
728 1087 793 1140 Τί
826 1088 936 1161 γὰρ
969 1092 1388 1164 μακαριώτερον
1434 1092 1629 1160 γένοιτ’
1683 1092 1752 1146 ἂν
1781 1091 1874 1146 τοῦ
1919 1093 2098 1147 νεανί-

513 1195 648 1232 σκου
676 1181 886 1235 ἐκείνου
913 1182 1002 1240 διὰ
1026 1184 1126 1254 τὴν
1146 1186 1532 1253 συκοφαντίαν,
1549 1185 1638 1240 διά
1656 1187 1756 1256 τὴν
1781 1187 2094 1259 ἐπιϐουλὴν,

507 1271 574 1325 οὐ
598 1271 689 1326 διά
711 1273 803 1326 τὸν
833 1273 1022 1346 θρόνον
1053 1277 1148 1330 τὸν
1176 1276 1234 1329 ἐν
1263 1277 1546 1350 Αἰγύπτῳ,
1579 1278 1700 1332 οὐδὲ
1729 1278 1816 1333 διά
1853 1280 1953 1351 τὴν
1980 1281 2100 1333 ἐκεῖ

510 1363 830 1433 βασιλείαν;
863 1367 1147 1438 Πανταχοῦ
1176 1369 1285 1440 γάρ
1315 1372 1428 1433 τοῖς
1461 1369 1691 1426 πάθεσιν
1719 1374 1777 1425 αξ
1803 1371 1973 1437 δόξαι,
2001 1371 2097 1425 καὶ

513 1458 568 1508 αἱ
607 1457 1010 1529 εὐδοκιμήσεις,
1051 1461 1150 1515 καὶ
1192 1465 1240 1516 οί
1277 1464 1530 1534 στέφανοί
1563 1466 1668 1519 εισι
1708 1465 2095 1538 συγκεκληρω-

514 1549 688 1618 μένοι.
714 1553 848 1622 Οὐχὶ
890 1553 983 1606 καὶ
1013 1554 1201 1609 τοῦτον
1239 1558 1440 1622 πάντες
1481 1557 1757 1628 πανταχοῦ
1781 1559 1880 1628 τῆς
1917 1559 2097 1612 οίκου-

517 1643 686 1714 μένης
718 1643 932 1714 ᾀδουσις
965 1647 1074 1700 Kal
1101 1648 1292 1719 χρόνου
1319 1649 1572 1703 τοσούτου
1601 1650 1803 1722 πλῆθος
1829 1634 1930 1704 οὐκ
1963 1652 2099 1722 ἐμά-

455 1749 464 1754 ’
515 1753 682 1806 ρανεν
709 1737 875 1790 αὐτοῦ
901 1738 1000 1807 τὴν
1039 1742 1283 1812 μνήμην,
1322 1740 1458 1794 ἀλλά
1492 1740 1602 1794 τῶν
1631 1740 1926 1811 βασιλικῶν
1955 1741 2098 1795 είκό-

516 1847 622 1882 νων
654 1828 1036 1901 λαμπρότερόν
1069 1849 1129 1885 τε
1153 1833 1249 1885 καὶ
1269 1832 1655 1904 διαρκέστερον
1684 1835 1740 1888 αἱ
1774 1833 1876 1905 τῆς
1896 1834 2098 1906 ἀρετῆς

516 1922 613 1975 καὶ
647 1921 748 1991 τῆς
772 1922 1128 1993 σωφροσύνης
1146 1922 1312 1977 αὑτοῦ
1347 1923 1620 1994 πανταχοῦ
1642 1923 1742 1995 τῆς
1771 1925 2098 1996 οἰκουμένης

515 2014 831 2068 ἀνάκεινται
855 2015 1083 2078 εἰκόνες,
1113 2017 1169 2068 ἐν
1192 2017 1257 2086 τῇ
1293 2015 1599 2086 Ῥωμαίων,
1623 2017 1682 2069 ἐν
1706 2020 1770 2087 τῇ
1807 2015 2096 2088 βαρϐάρων

516 2105 690 2177 χώρα,
724 2109 780 2160 ἐν
811 2106 888 2168 τῷ
915 2109 1147 2160 ἑκάστου
1182 2107 1464 2172 συνειδότι,
1497 2110 1555 2161 ἐν
1583 2112 1648 2180 τῇ
1673 2109 1903 2161 ἑκάστου
1933 2108 2098 2176 γλώτ-

516 2216 604 2270 τῃ.
647 2199 757 2252 Καὶ
784 2198 996 2269 ὁρῶμεν
1030 2197 1194 2251 αὐτὸν
1233 2198 1472 2262 ἅπαντες
1511 2199 1897 2271 κατεχόμενον,
1935 2198 2098 2270 ἀρχό-

519 2308 679 2360 μενον
705 2332 719 2356 ,
771 2290 1211 2360 συμϐουλεύοντα
1269 2293 1334 2361 τῇ
1397 2290 1556 2362 ἀθλία
1606 2293 1700 2346 καὶ
1765 2293 2096 2364 ταλαιπώρῳ

526 2382 696 2453 πόρνῃ
727 2381 796 2435 τὰ
824 2381 1034 2446 δέοντα,
1066 2383 1162 2436 καὶ
1187 2383 1256 2437 τά
1298 2385 1426 2456 παρ’
1463 2384 1660 2438 ἐαυτοῦ
1700 2385 1878 2438 πάντα
1925 2387 2102 2455 εἰσφέ-

522 2493 581 2545 ρο
596 2492 683 2528 κτα
717 2476 796 2537 είς
839 2474 936 2544 τὴν
978 2473 1194 2546 ἐκείνης
1227 2475 1525 2547 σωτηρίαν,
1567 2475 1893 2548 ἐντρέποντα
1931 2479 2100 2550 αὐτῆς

515 2569 614 2639 τὴν
641 2568 1057 2639 ἀναισχυντίαν,
1092 2568 1388 2622 σϐεννύντα
1421 2569 1520 2641 τὴν
1550 2569 1800 2640 κάμινον,
1832 2571 2102 2642 χειμῶνος

520 2660 828 2730 ἐξαρπάσαι
868 2658 1251 2730 ἐπιχειροῦντα
1292 2658 1565 2730 χαλεποῦ,
1617 2662 1712 2713 καὶ
1766 2663 1846 2724 είς
1875 2661 1971 2733 τὴν
2004 2678 2103 2727 γα-

517 2752 684 2822 λήνην
704 2750 1001 2823 ὁρμίζονται
1021 2769 1033 2780 ο
1065 2748 1183 2804 εἶτα
1203 2751 1388 2822 ἐπειδὴ
1410 2750 1470 2804 τὸ
1495 2750 1783 2806 κλυδώνιον
1806 2753 2098 2824 ὑπερέσχε,

520 2847 614 2900 καὶ
647 2831 979 2917 ὑπέραντλον
1019 2843 1082 2897 τὸ
1115 2844 1297 2898 πλοῖον
1343 2842 1554 2914 γέγονε,
1585 2845 1932 2914 ναυαγούσης
1965 2847 2104 2899 ἐκεί-

519 2951 640 3005 νης,
666 2935 939 3005 φεύγοντα
979 2934 1050 2989 τὰ
1092 2936 1335 3007 κύματα,
1364 2936 1458 2988 καὶ
1496 2936 1590 2989 ἐπὶ
1621 2935 1719 3007 τὴν
1751 2936 1974 3007 στερεὰν
2003 2936 2103 3006 τῆς

523 3028 880 3098 σωφροσύνης
917 3027 1120 3098 πέτραν
1151 3029 1436 3098 τρέχοντα,
1454 3029 1549 3080 καὶ
1581 3028 1650 3082 τά
1685 3029 1962 3100 ίμάτιαήέν
1987 3033 2104 3092 ταῖς

523 3120 737 3188 ἐκείνης
768 3119 1252 3189 καταλιμπάνοντα
1285 3120 1462 3192 χερσὶ,
1505 3121 1600 3173 καλ⁵
1631 3120 1741 3176 τῶν
1777 3120 1875 3184 τάς
1904 3137 2108 3191 πορφυ-

527 3211 681 3284 ρίδας
715 3211 1196 3284 περιϐεϐλημένων
1225 3212 1608 3285 λαμπρότερον
1634 3215 1692 3267 ἐν
1715 3216 1780 3282 τῇ
1807 3215 2105 3285 γυμνότητι

523 3306 870 3376 φαινόμενον,
904 3304 999 3358 καὶ
1039 3304 1292 3377 καθάπερ
1324 3306 1554 3377 ἀριστέα
1600 3307 1724 3362 τινά
1762 3309 1857 3362 καὶ
1887 3325 2106 3380 τροπαι-

523 3398 685 3468 οῦχον
713 3396 956 3468 φαιδρὸν,
983 3397 1044 3452 τὸ
1071 3397 1332 3470 τρόπαιον
1355 3400 1588 3456 ἱστῶντα
1607 3403 1706 3473 της
1728 3402 2101 3482 σωφροσύνης.

526 3488 638 3540 Kal
670 3486 790 3539 οὐδέ
829 3488 887 3540 ἐν
914 3487 1127 3543 τούτοις
1171 3487 1516 3559 καταλύομεν
1547 3489 1645 3561 τὴν
1686 3492 1924 3562 μνήμην,
1973 3481 2107 3542 ἀλλά

529 3581 838 3655 περαιτέρω
876 3583 1189 3656 προϊόντες,
1217 3583 1432 3656 ὁρῶμεν
1483 3581 1647 3635 αὐτὸν
1693 3581 1854 3636 πάλιν
1903 3583 1984 3646 είς
2030 3581 2107 3636 δε-

530 3676 839 3748 σμωτήριον
865 3674 1236 3745 ἀπαγόμενον,
1260 3674 1565 3744 δεδεμένον,
1593 3673 1910 3745 αὐχμῶντα,
1942 3673 2108 3728 πολὺν

529 3772 646 3822 ἐκεῖ
667 3769 964 3840 τηκόμενον
1011 3769 1221 3841 χρόνον.
1261 3767 1372 3822 Kal
1402 3767 1489 3821 διὰ
1516 3765 1688 3822 ταῦτα
1716 3766 1950 3838 μάλιστα
1988 3767 2111 3820 θαυ-

533 3861 775 3932 μάζομεν
806 3861 966 3914 πάλιν
997 3861 1184 3928 αὐτὸν,
1232 3860 1631 3932 μακαρίζομεν,
1670 3860 2108 3930 ἐκπληττόμεθα,

531 3951 881 4023 ἐπαινοῦμεν.
919 3953 1039 4007 Κάν
1081 3951 1314 4023 σώφρων
1359 3971 1442 4016 τις
1471 3950 1527 4026 ᾖ,
1563 3953 1760 4008 ἐννοῶν
1808 3953 1969 4006 αὐτὸν
2017 3970 2114 4006 σω-

535 4045 897 4119 φρονέστερος
929 4045 1166 4116 γίνεται·
1203 4047 1307 4100 κᾶν
1339 4047 1656 4111 ἀκόλαστος,
1687 4046 1874 4116 τάχιον
1902 4047 1978 4115 τῷ
2042 4046 2114 4098 διο

531 4140 780 4211 ηγήματι
809 4139 943 4210 πρὸς
974 4138 1326 4210 σωφροσύνην
1363 4138 1704 4209 μεθίσταται,
1743 4139 1836 4192 καὶ
1881 4140 1985 4192 ὑπὸ
2017 4139 2115 4208 τῆς

539 4233 782 4305 ιστορίας
811 4234 1049 4304 ἀμείνων
1077 4232 1425 4287 καθίσταται.
1461 4233 1644 4287 Ταῦτα
1683 4234 1862 4288 τοίνυν
1901 4235 2114 4288 ἀπαντα

536 4307 910 4394 ἀναλέγοντες,
933 4326 1099 4398 μηδὲν
1119 4324 1459 4396 θορυϐεῖσθε,
1499 4327 1638 4381 ἀλλά
1677 4326 1769 4381 καὶ
1800 4327 2115 4398 κερδαίνετε

538 4422 604 4474 ἐκ
631 4419 741 4472 τῶν
785 4418 1123 4488 γινομένων·
1162 4419 1256 4472 καὶ
1288 4421 1322 4489 ή
1366 4418 1476 4471 τῶν
1519 4417 1825 4472 ἀθλούντων
1871 4420 2117 4491 ὑπομονὴ

540 4511 774 4582 γινέσθω
804 4512 1096 4582 καρτερίας
1127 4512 1255 4581 ὑμῖν
1296 4510 1639 4574 διδάσκαλος,
1680 4512 1775 4564 καὶ
1818 4512 1998 4566 πάντα
2029 4512 2120 4564 τὸν

545 4605 660 4675 βίον
687 4605 793 4656 τῶν
811 4603 1094 4672 ’γενναίων
1129 4603 1221 4656 καὶ
1264 4601 1484 4674 ὑψηλῶν
1514 4601 1722 4673 ἀνδρῶν
1773 4602 2006 4673 ὁρῶντες
2033 4602 2122 4656 διὰ

543 4696 698 4769 [512]
723 4696 982 4750 τοιούτων
1015 4695 1397 4765 ὑφαινόμενον,
1425 4695 1498 4766 μὴ
1534 4695 1842 4765 συγχεῖσθε,
1873 4695 2005 4764 μηδὲ
2035 4711 2123 4748 ται

546 4791 826 4864 ράττεσθε,
863 4791 998 4862 μήτε
1033 4792 1147 4853 τοῖς
1187 4787 1357 4850 ἰδίοις,
1392 4789 1530 4858 μήτε
1555 4790 1669 4852 τοῖς
1703 4788 1903 4850 κοινοῖς
1938 4803 2124 4857 πειρα-

547 4887 733 4955 σμοῖς·
789 4883 880 4935 καὶ
909 4881 1018 4953 γάρ
1068 4881 1161 4934 καὶ
1210 4883 1242 4952 ή
1287 4881 1578 4951 Ἐκκλησία
1625 4881 1682 4948 ἐξ
1741 4881 1917 4950 ἀρχῆς
1950 4879 2124 4944 οὑτως

546 4976 780 5046 ἐτράφη,
816 4975 990 5036 οὑτως
1037 4973 1266 5044 ηὐξήθη.
1300 4972 1482 5042 Μηδὲν
1518 4968 1610 5025 οὖν
1639 4971 1941 5037 ξενίζεσθε·
1972 4973 2124 5026 οὐδὲν

547 5069 655 5140 γάρ
683 5068 910 5130 ἀπεικὸς
936 5068 1178 5134 γέγονεν.
1212 5065 1350 5117 Ἀλλ’
1374 5063 1562 5135 ὥσπερ
1579 5066 1672 5117 ἐπὶ
1699 5066 1808 5118 τῶν
1832 5063 2122 5135 βιωτικῶν,

544 5161 648 5212 οὐκ
680 5158 809 5232 ἔνθα
847 5160 1027 5228 ἄχυρα
1070 5157 1162 5210 καὶ
1203 5158 1416 5226 χόρτος.
1451 5158 1571 5210 οὑδέ
1603 5158 1732 5212 ἔνθα
1775 5160 1980 5230 ἄμμος,
2011 5159 2125 5212 ἀλλ’

549 5248 677 5303 ῑνθα
727 5249 948 5320 χρυσίον
1004 5250 1098 5300 καὶ
1153 5252 1525 5320 μαργαρῖται,
1559 5251 1677 5301 ἐκεῖ
1727 5251 1984 5320 πειραταὶ
2034 5251 2126 5303 καὶ

550 5341 975 5394 καταποντισταὶ
1025 5341 1116 5393 καὶ
1167 5339 1360 5410 λῃσταὶ
1394 5342 1488 5394 καὶ
1522 5341 1841 5412 τοιχωρύχοι
1887 5341 2127 5411 συνεχῶς

551 5427 825 5501 ἐνοχλοῦσι
859 5432 954 5484 καὶ
984 5429 1460 5484 ἐπιϐουλεύουσιν·
1498 5429 1642 5484 οὕτω
1677 5431 1770 5484 καὶ
1815 5433 1843 5484 ό
1881 5430 2128 5494 διάϐολος

553 5521 680 5575 ἔνθα
696 5521 760 5574 ἂν
787 5521 868 5592 ῖδη
892 5520 1120 5574 πλοῦτον
1149 5523 1512 5592 συναγόμενον
1533 5523 1622 5576 τὸν
1643 5523 1782 5576 κατά
1809 5522 2009 5593 ψυχὴν,
2031 5525 2127 5576 καὶ

560 5614 818 5686 εὐπορίαν
863 5613 1145 5676 εὐσεϐείας
1187 5615 1614 5684 ἐπιτεινομένην,
1648 5616 1764 5667 ἐκεῖ
1794 5612 1862 5667 τά
1895 5615 2129 5686 μηχανή-

1275 325 1333 384 5.
1372 326 1664 385 ιοΑΝΝιε
1699 324 2107 383 (ςιιιιγεοδτο

2226 325 2546 384 ARCHIEP.
2592 329 3134 389 CONSTANTINOP.

3692 326 3810 382 326

2202 445 2337 499 ἀλλά
2368 449 2462 500 καὶ
2505 448 2725 518 μείζονα
2775 449 2866 502 τὸν
2903 447 3132 502 πλοῦτον
3164 447 3263 516 τῆς
3298 443 3501 517 ἀρετῆς
3539 442 3817 510 συνάγου-

2201 549 2286 586 σιν
2305 549 2318 563 ·
2349 534 2378 587 δ
2401 533 2466 605 δὴ
2497 535 2592 589 καὶ
2627 535 2722 590 νῦν
2751 536 2962 606 γέγονε.

2271 624 2412 692 Κεφ.
2455 623 2563 693 κγ’.
2615 627 2725 678 Kal
2763 626 3018 694 μέγιστον
3047 623 3112 678 ἄν
3142 639 3225 687 τις
3253 620 3412 674 τοῦτο
3441 619 3672 690 σημεῖον
3700 616 3804 669 καὶ

2200 708 2292 763 τοῦ
2316 710 2546 764 πλούτου
2567 711 2676 765 τῶν
2701 711 3159 784 κατορθωμάτων,
3184 710 3278 764 καὶ
3297 710 3395 779 τῆς
3411 707 3668 777 ἀνδρείας
3695 705 3803 773 τῆς

2216 797 2540 868 Ἐκκλησίας
2564 800 2864 870 ποιήσειεν.
2897 800 3027 853 Ὅτε
3059 799 3167 870 γὰρ
3196 794 3337 850 εἶδεν
3368 795 3539 865 αὐτὴν
3563 796 3593 848 ὁ
3625 809 3801 861 πονη-

2202 885 2294 957 ρὸς
2305 887 2516 958 δαίμων
2528 888 2734 952 ἐκεῖνος
2753 889 3034 946 ἀνθοῦσαν.
3051 885 3461 955 εὐδοκιμοῦσαν,
3482 886 3540 936 ἐν
3561 880 3806 952 βραχείᾳ

2200 974 2394 1046 καιροῦ
2436 977 2576 1047 ῥοπῇ
2609 975 2748 1047 πρὸς
2781 975 2916 1044 ὕψος
2954 975 3354 1046 ἀνενεχθεῖσαν,
3391 969 3595 1042 πολλὴν
3629 987 3806 1023 σπουο

2199 1063 2293 1136 δὴν
2333 1067 2391 1118 ἐν
2439 1066 2576 1136 αὐτῇ
2619 1065 2934 1135 γινομένην,
2980 1065 3075 1118 καὶ⁸
3110 1065 3209 1136 τὴν
3263 1062 3365 1134 μὲν
3415 1060 3526 1114 τῶν
3567 1059 3806 1112 εὐδοκι-

2204 1152 2448 1223 μούντων
2479 1154 2572 1206 ἐπὶ
2601 1153 2663 1206 τὸ
2711 1151 2921 1223 βέλτιον
2957 1153 3220 1218 ἐπίδοσιν,
3261 1149 3369 1204 τῶν
3403 1151 3462 1202 ἐν
3492 1147 3805 1219 ἁμαρτίαις

2200 1239 2419 1304 ζώντων
2457 1242 2539 1304 εἰς
2574 1240 2859 1310 μετάνοιαν
2890 1240 3244 1309 μετάστασιν,
3271 1239 3457 1292 πᾶσαν
3489 1234 3588 1307 τὴν
3618 1236 3807 1288 οἰκου-

2203 1328 2368 1397 μένην
2396 1327 2507 1380 ἀπδ
2537 1328 2636 1398 τῆς
2663 1327 2869 1391 πόλεως
2894 1326 3102 1397 ταύτης
3131 1325 3582 1397 κατηχουμένην·
3610 1324 3804 1378 πάντα

2200 1413 2449 1485 ἐκίνησεν
2472 1415 2638 1469 αὐτοῦ
2664 1415 3152 1486 τάξμηχανήματα,
3173 1416 3268 1470 καὶ⁵
3294 1412 3592 1485 ἐμφυλίους
3621 1411 3803 1481 ἀνῆψε

2198 1503 2490 1573 πολέμους.
2535 1502 2646 1557 Kal
2678 1503 2933 1574 καθάπερ
2977 1504 3070 1556 ἐπὶ
3099 1502 3193 1556 τοῦ
3232 1501 3377 1567 Ἰὼϐ,
3409 1500 3506 1555 νῦν
3557 1500 3662 1570 μὲν
3700 1499 3806 1568 τὴν

2199 1590 2476 1663 ἀποϐολὴν
2505 1591 2614 1645 τῶν
2662 1593 2986 1664 χρημάτων,
3033 1590 3217 1676 νῦνβέ
3247 1589 3346 1661 τὴν
3387 1587 3668 1643 ἀπαιδίαν.
3702 1585 3804 1638 νῦν

2197 1679 2254 1734 δὲ
2286 1680 2384 1750 τὴν
2411 1681 2726 1752 ἀρρωστίαν
2751 1681 2848 1734 τοῦ
2881 1679 3155 1751 σώματος,
3193 1679 3288 1733 νῦν
3314 1678 3371 1731 δὲ
3406 1679 3504 1748 τῆς
3535 1677 3804 1746 γυναικὸς

2199 1769 2296 1838 τὴν
2343 1767 2611 1836 γλῶτταν,
2663 1768 2760 1822 νῦν
2811 1767 2868 1830 δὲ
2903 1767 3011 1821 τῶν
3052 1768 3218 1836 φίλων
3253 1765 3321 1819 τά
3365 1764 3542 1832 ὀνείδη
3598 1766 3696 1815 καὶ
3732 1762 3805 1814 τά

2202 1854 2511 1925 σκώμματα
2537 1856 2628 1908 καὶ
2652 1856 2753 1919 τάς
2777 1856 3044 1927 λοιδορίας
3075 1855 3242 1908 ἐκίνει
3268 1852 3413 1907 κατά
3439 1853 3533 1905 τοῦ
3561 1851 3801 1909 δικαίου,

2199 1943 2295 1996 καὶ
2330 1943 2437 1994 πᾶν
2496 1937 2636 2005 εἶδος
2689 1944 3102 2014 μηχανημάτων
3142 1941 3454 2013 προσῆγεν·
3505 1939 3654 1994 οὕτω
3707 1939 3804 1992 καί

2198 2030 2290 2082 ἐπὶ
2321 2031 2420 2100 τῆς
2459 2029 2805 2101 Ἐκκλησίας,
2849 2031 2937 2084 διά
2973 2029 3163 2098 φίλων,
3203 2029 3270 2082 δι’
3304 2027 3540 2098 ἐχθρῶν.
3571 2027 3662 2080 διά
3693 2028 3806 2079 τῶν

2199 2119 2277 2181 εἰς
2312 2117 2513 2187 κλῆρον
2545 2118 2864 2181 τελούντων,
2897 2117 2987 2172 διά
3028 2117 3136 2171 τῶν
3168 2117 3248 2180 είς
3291 2117 3586 2187 στρατείαν
3634 2132 3806 2168 κατα-

2199 2204 2533 2276 λεγομένων,
2560 2206 2647 2259 διά
2674 2205 2783 2258 τῶν
2813 2208 3088 2276 ἐπισκοπῇ
3123 2203 3530 2275 τετιμημένων,
3557 2202 3648 2256 διά
3680 2203 3806 2256 πολ-

2200 2292 2308 2345 λῶν
2337 2294 2431 2346 καῖ
2465 2293 2823 2346 παντοδαπῶν
2853 2293 3163 2364 προσώπων
3192 2292 3261 2346 τὰ
3287 2291 3417 2362 παρ’
3443 2288 3648 2344 ἐαυτοῦ
3687 2289 3806 2342 ἐκί-

2202 2398 2384 2450 νησεν.
2427 2379 2566 2433 Ἀλλ’
2591 2381 2740 2450 ὅμως
2788 2382 2880 2433 καὶ
2922 2379 3163 2434 τοσαῦτα
3214 2379 3701 2451 μηχανησάμενος,
3742 2377 3806 2430 οὐ

2207 2469 2370 2538 μόνον
2415 2469 2586 2540 αὐτὴν
2625 2471 2727 2523 οὐκ
2757 2470 3070 2534 ἐσάλευσεν,
3100 2468 3238 2523 ἀλλά
3272 2468 3366 2521 καὶ
3407 2467 3808 2539 λαμπροτέραν

2204 2557 2479 2626 ἐποίησεν.
2508 2557 2586 2610 Οὐ
2614 2558 2722 2627 γάρ
2757 2557 2901 2612 οὑτω
2926 2558 3046 2611 τότε
3081 2557 3155 2628 μὴ
3196 2556 3562 2627 ἐνοχλουμένη
3594 2555 3810 2617 πάντας

2179 2644 2543 2707 ἐπαίδευσεν,
2573 2645 2648 2707 ὡς
2683 2644 2777 2696 νῦν
2813 2647 2913 2716 τὴν
2949 2645 3276 2714 οἰκουμένην
3309 2643 3552 2698 διδάσκει
3601 2659 3798 2714 καρτεο

2207 2737 2340 2805 ρεῖν,
2384 2735 2838 2808 ἐγκρατεύεσθαι,
2881 2736 3068 2807 φέρειν
3116 2736 3479 2807 πειρασμούς,
3518 2735 3808 2805 ὑπομονὴν

2205 2822 2648 2888 ἐπιδείκνυσθαι,
2706 2827 3068 2896 καταφρονεῖν
3121 2824 3230 2879 τῶν
3278 2823 3574 2894 βιωτικῶν,
3633 2823 3809 2894 μηδὲν

2205 2909 2454 2979 ἡγεῖσθαι
2485 2903 2738 2976 πλοῦτον,
2764 2911 3074 2984 καταγελᾷν
3102 2912 3290 2983 τιμῆς,
3323 2912 3606 2984 ὑπερορᾷν
3635 2912 3808 2966 θανά-

2203 3014 2319 3062 του,
2349 3001 2710 3070 καταφρονεῖν
2743 2999 2910 3071 ζωῆς,
2955 3001 3196 3071 πατρίδα
3228 3003 3495 3072 παρορᾷν,
3545 2999 3811 3062 οἰκείους,

2208 3086 2414 3156 φίλους,
2458 3090 2760 3156 συγγενεῖς,
2793 3090 2930 3160 πρὸς
2976 3090 3193 3159 σφαγὰς
3225 3089 3559 3143 ἀποδύεσθαι
3600 3105 3808 3144 παντο-

2206 3174 2413 3240 δαπὰς,
2462 3176 2603 3230 κατὰ
2659 3175 2828 3246 ξιφῶν
2874 3177 3155 3248 κυϐιστᾷν,
3191 3177 3258 3230 τά
3303 3176 3537 3249 λαμπρὰ
3585 3178 3811 3232 ἃπαντα

2207 3262 2300 3316 τοῦ
2339 3263 2604 3336 παρόντος
2632 3263 2770 3333 βίου,
2801 3265 2968 3335 τιμάς
2995 3263 3140 3334 λέγω
3179 3266 3276 3319 καὶ
3304 3264 3485 3329 δόξας,
3517 3265 3612 3318 καὶ
3644 3265 3812 3319 δυνα-
3840 3298 3842 3300 τ

2211 3350 2413 3418 στείαν,
2443 3351 2536 3405 καὶ
2567 3351 2798 3423 τρυφὴν,
2833 3353 2941 3406 τῶν
2972 3351 3176 3422 ὴρινῶν
3219 3351 3398 3406 ἀνθῶν
3447 3351 3811 3423 εὐτελέστερα

2210 3433 2348 3491 εἶναι
2385 3438 2650 3510 νομίζειν.
2681 3441 2792 3493 Kal
2829 3439 3002 3494 ταῦτα
3031 3439 3130 3510 οὐχ
3179 3434 3260 3503 εἷς
3314 3438 3564 3493 παιδεύει
3621 3458 3807 3511 μονον,

2209 3527 2326 3580 οὐδὲ
2360 3527 2453 3582 δύο
2481 3530 2577 3583 καί
2613 3532 2785 3601 τρεῖς,
2819 3528 2957 3582 ἀλλά
2989 3530 3095 3592 πᾶς
3125 3531 3154 3582 ό
3184 3528 3335 3594 λαὸς,
3368 3529 3463 3583 καὶ
3489 3530 3554 3582 οὐ
3588 3529 3679 3582 διὸ.
3713 3532 3813 3602 ῥη-

2213 3619 2398 3690 μάτων
2435 3620 2618 3690 μόνον,
2663 3618 2801 3673 ἀλλά
2831 3621 2924 3673 καὶ
2961 3618 3050 3672 διὰ
3085 3621 3451 3690 πραγμάτων,
3480 3618 3552 3672 δι’
3581 3612 3660 3673 ὧν
3701 3622 3814 3675 πά-

2213 3723 2422 3776 σχουσι,
2452 3707 2518 3760 δι’
2548 3702 2623 3761 ὧν
2663 3705 2874 3772 νικῶσι,
2904 3706 2973 3761 δι’
3002 3699 3078 3760 ὧν
3117 3706 3491 3779 περιγίνονται
3533 3706 3646 3760 τῶν
3685 3708 3819 3761 ἐπι-

2213 3793 2594 3860 ϐουλευόντων,
2634 3794 2700 3847 δι’
2729 3787 2804 3847 ῶν
2841 3795 3148 3866 ἀδάμαντος
3182 3793 3539 3867 στερρότερον
3568 3796 3668 3849 καὶ
3705 3795 3815 3850 πέ-

2213 3899 2350 3953 τρας
2398 3883 2746 3954 ἰσχυρότερον
2789 3881 3006 3936 ἅπαντα
3050 3882 3362 3952 στέγουσιν,
3407 3882 3508 3954 οὐχ
3539 3883 3685 3938 ὅπλα
3723 3901 3820 3939 κι-

2217 3969 2454 4032 νοῦντες,
2487 3971 2549 4023 οὐ
2597 3970 2833 4040 πόλεμον
2883 3969 3360 4042 ἀναρριπίζοντες,
3413 3970 3477 4024 οὐ
3529 3970 3707 4036 τόξον,
3750 3972 3817 4028 οὑ

2218 4055 2345 4128 βέλη
2392 4057 2668 4126 ἀφιέντες,
2711 4058 2830 4111 ἀλλ’
2864 4057 3144 4128 ὑπομονῆς
3179 4060 3357 4128 τεῖχος
3386 4057 3621 4123 ἕκαστος
3652 4075 3817 4132 περι-

2215 4145 2584 4215 ϐεϐλημένος,
2634 4145 2964 4216 ἐμμελείας,
3008 4146 3350 4218 πραότητος,
3399 4147 3691 4218 ἀνδρείας,
3736 4147 3820 4218 τῷ

2217 4234 2447 4303 πάσχειν
2465 4233 2652 4294 κακῶς
2681 4234 2808 4296 τοὺς
2825 4233 3118 4297 ποιοῦντας
3161 4235 3227 4286 ἐκ
3267 4233 3467 4287 πολλοῦ
3508 4233 3605 4288 τοῦ
3652 4251 3817 4305 ’περι⁸

2216 4336 2368 4384 οντος
2397 4321 2872 4392 καταισχύνοντες.

2292 4461 2442 4534 [515]
2467 4464 2603 4533 Κεφ.
2634 4464 2732 4518 κδ.
2752 4463 2868 4518 Νῦν
2887 4465 3020 4534 γοῦν
3041 4459 3185 4522 οὗτοι
3203 4463 3302 4538 μὲν
3315 4461 3530 4535 φαιδρῷ
3544 4461 3623 4534 τῷ
3643 4480 3817 4535 προσ-

2217 4542 2352 4616 ώπῳ
2368 4590 2382 4613 ,
2428 4546 2729 4619 ἐλευθέροις
2745 4552 2856 4613 τοῖς
2871 4549 3190 4622 ὀφθαλμοῖς,
3205 4549 3491 4622 παρρησίᾳ
3507 4547 3705 4619 ἀφάτῳ
3719 4564 3818 4601 κε-

2222 4645 2327 4702 χρη
2337 4630 2505 4700 μένοι,
2525 4631 2606 4694 εἰς
2626 4630 2832 4700 ἀγοράν
2856 4631 3235 4702 ἐμϐάλλουσιν,
3253 4634 3310 4686 ἐν
3324 4633 3524 4694 οἰκίαις
3550 4631 3821 4702 στρέφον-

2222 4729 2334 4776 ται,
2361 4713 2496 4783 πρὸς
2523 4715 2622 4785 τὴν
2655 4713 2873 4781 σύναξιν
2905 4715 3295 4786 αὐτομολοῦσιν
3314 4731 3330 4746 ·
3361 4717 3412 4769 οί
3432 4715 3490 4768 δὲ
3518 4713 3697 4769 ταῦτα
3722 4717 3820 4787 ἐρ-

2225 4797 2548 4864 γασάμενοι,
2575 4795 2698 4850 καθ’
2714 4797 2944 4852 ἕκαστον
2965 4798 3072 4852 τῶν
3101 4800 3530 4870 μηχανημάτων,
3553 4793 3629 4854 ὧν
3654 4815 3822 4869 προσ-

2227 4879 2471 4948 άγουσιν,
2501 4881 2990 4952 ἐγκαλυπτόμενοι.
3023 4885 3117 4936 καὶ
3151 4883 3388 4954 πονηρὸν
3421 4882 3571 4935 ἐνδον
3601 4883 3820 4952 ἔχοντες

2229 4965 2487 5029 συνειδὸς,
2515 4965 2826 5035 τρέμοντες,
2867 4967 3183 5030 δεδοικότες,
3230 4967 3376 5020 οὑτω
3407 4967 3676 5038 περιίασι.
3710 4967 3822 5018 Καὶ

2229 5048 2481 5121 καθάπερ
2522 5049 2589 5101 τά
2621 5047 2928 5103 δυσθάνατα
2967 5051 3077 5104 τῶν
3114 5051 3320 5122 θηρίων
3364 5050 3502 5120 μετά
3541 5052 3822 5120 προτέραν

2231 5132 2324 5186 καὶ
2357 5133 2613 5203 δευτέραν
2645 5132 2859 5204 πληγὴν
2893 5136 3266 5206 σφοδροτέρως
3301 5136 3672 5190 ἐπιπίπτοντα
3697 5139 3821 5199 ταῖς

2229 5218 2454 5286 αίχμαῖς
2479 5216 2586 5270 τῶν
2613 5215 2876 5286 δοράτων,
2903 5217 3286 5290 χαλεπωτέραν
3316 5219 3660 5273 καθ’ἐαυτῶν
3689 5219 3823 5272 ὠθεῖ

2227 5299 2328 5368 τὴν
2367 5299 2604 5370 πληγὴν,
2647 5301 2714 5352 τά
2759 5301 3054 5372 τραύματα
3108 5304 3188 5366 εἰς
3221 5303 3361 5356 αὐτά
3412 5303 3480 5357 τά
3533 5304 3822 5374 σπλάγχνα

2228 5381 2494 5452 δεχόμενα
2515 5399 2528 5412 ’
2561 5384 2653 5436 καὶ
2693 5385 2761 5437 τά
2806 5384 3024 5455 κύματα
3052 5389 3168 5448 ταῖς
3202 5389 3430 5457 πέτραις
3476 5387 3818 5456 ῥηγνύμενα,

2230 5467 2295 5535 τῇ
2332 5466 2664 5538 σφοδροτέρᾳ
2714 5467 2862 5540 ῥύμῃ
2909 5467 3078 5522 ἐαυτά
3130 5470 3383 5538 ἀφανίζει
3434 5470 3530 5522 καὶ
3573 5469 3818 5523 διαλύει·

2231 5550 2374 5603 οὑτω
2420 5552 2484 5621 δὴ
2535 5553 2630 5604 καὶ
2683 5545 2828 5605 οὑτοι
2877 5555 2944 5606 δι’
2973 5547 3048 5607 ὧν
3090 5553 3554 5618 ἐπιϐουλεύουσιν,
3607 5555 3823 5617 ἑαυτοῖς

2239 5635 2496 5706 μᾶλλονῆ
2539 5637 2749 5708 ἑτέροις
2782 5637 2852 5692 τά
2885 5639 3139 5712 βάραθρα
3182 5640 3586 5712 ἀνορύττουσιν.
3621 5643 3684 5693 υἱ
3723 5641 3823 5712 μὲν

559 5724 709 5780 ματα
755 5706 933 5777 ἵστησι
967 5708 1059 5761 καὶ
1092 5708 1378 5779 προσάγει.
1419 5708 1554 5760 Ἀλλ’
1589 5707 1682 5760 ἐὰν
1705 5711 1752 5761 οἱ
1793 5707 2131 5761 ἐπιϐουλευό⁴
2238 5719 2346 5790 γὰρ
2387 5706 2860 5791 ἐπιϐουλευόμενοι
2886 5706 2987 5793 τὴν
3008 5706 3357 5796 οἰκουμένην,
3394 5725 3633 5797 ἐραστάς
3668 5706 3823 5796 ἔχου-

561 5818 710 5874 μενοι
739 5801 999 5870 νήφωσιν,
1023 5802 1084 5855 οὐ
1119 5801 1279 5870 μόνον
1298 5800 1447 5853 οὐδὲν
1480 5799 1826 5854 ἐλαττοῦνται
1859 5797 2126 5866 ἐντεῦθεν,

2243 5821 2346 5874 σιν,
2377 5805 2688 5870 ἐπαινέτας,
2721 5805 3057 5880 θαυμαστάς.
3087 5809 3581 5882 ἀνακηρύττοντας,
3623 5825 3822 5882 στεφα-
