4050 6432
275 333 389 391 59.5

276 451 420 519 Quid
468 449 630 518 igitur
673 459 764 504 aut
813 459 922 506 tum
957 452 1236 521 temporis,
1269 460 1360 507 aut
1411 467 1554 507 nunc
1596 453 1669 507 illi
1709 451 1892 507 nocuit

283 542 440 611 (Gen.
469 541 589 613 39)?
619 543 690 599 llt
739 544 883 598 enim
925 544 1024 598 sub
1066 545 1236 613 paleis
1276 545 1574 599 absconditi
1628 544 1893 599 carbones

278 634 423 703 ignis
447 633 700 688 videntur
723 635 935 704 quidem
967 634 1120 689 initio
1141 635 1415 700 occultari,
1447 634 1743 704 derepente
1764 649 1894 688 vero

277 742 406 797 qua:
444 728 695 798 imposita
721 738 845 784 sunt
873 737 1271 794 consumentes,
1305 743 1402 797 per
1423 728 1572 798 ipsas
1606 729 1784 796 paleas
1801 741 1894 780 su-

281 820 591 876 blimiorem
621 821 891 876 ﬂammam
923 821 1228 876 accendunt
1259 839 1273 877 :
1308 822 1380 876 ita
1411 822 1664 878 nimirum
1696 829 1752 875 et
1784 822 1892 874 vir-

281 924 394 978 tus,
438 915 561 968 licet
604 913 948 968 contumeliis
991 913 1133 969 affici
1179 914 1446 977 videatur,
1497 923 1678 983 postea
1715 923 1894 966 tamen

282 1004 373 1058 his
403 1005 534 1076 ipsis
554 1005 848 1062 obstaculis
879 1017 1123 1075 promota
1151 1005 1308 1062 floret
1333 1007 1566 1076 amplius
1589 1047 1606 1073 ,
1633 1015 1688 1061 et
1712 1006 1777 1060 ad
1808 1006 1890 1076 ip-

283 1111 406 1150 sum
462 1096 652 1150 caelum
706 1098 969 1166 pervenit.
1022 1097 1159 1165 Quid
1210 1099 1352 1153 enim
1405 1098 1498 1152 illo
1553 1097 1897 1153 adolescente

285 1199 506 1260 propter
534 1191 858 1246 calumniam
885 1193 1093 1248 beatius
1123 1191 1237 1248 fieri
1274 1201 1475 1263 potest,
1507 1203 1727 1262 propter
1755 1192 1890 1246 insi-

280 1284 429 1351 dias,
461 1301 567 1340 non
596 1295 815 1356 propter
841 1286 1091 1341 thronum
1124 1287 1176 1341 in
1206 1286 1462 1358 Egypto,
1484 1302 1658 1354 neque
1675 1295 1898 1357 propter

286 1391 514 1446 regnum
567 1377 676 1432 illic
721 1379 1047 1434 obtentum?
1088 1377 1316 1445 Semper
1358 1379 1502 1433 enim
1560 1378 1898 1449 passionibus

284 1468 481 1537 gloria,
511 1469 960 1535 ctcelebritas,ct
983 1485 1199 1526 coronae
1223 1478 1350 1524 sunt
1373 1471 1678 1539 assignatze.
1708 1469 1899 1524 Nonne

288 1559 452 1613 istum
497 1560 774 1615 celebrant
825 1577 1014 1617 omnes
1061 1562 1259 1631 ubique
1314 1571 1580 1616 terrarum
1638 1562 1662 1614 ?
1711 1560 1898 1630 Neque

290 1659 442 1704 tanto
468 1651 618 1721 lapsu
653 1654 909 1721 temporis
935 1653 1052 1721 ejus
1094 1653 1354 1707 memoria
1397 1653 1676 1707 intermori
1696 1653 1894 1722 potuit,

287 1745 385 1798 sed
415 1745 542 1814 ipsis
569 1746 1066 1816 regiisimaginibus
1095 1747 1415 1802 illustriores
1447 1762 1511 1802 ac
1534 1746 1898 1801 diuturniores

288 1837 503 1891 virtutis
533 1837 650 1906 ejus
680 1850 735 1892 et
773 1837 1034 1893 castitatis
1077 1839 1338 1908 imagines
1382 1839 1577 1910 ubique
1630 1849 1896 1894 terrarum

287 1938 418 1983 sunt
442 1931 647 1999 positaz,
668 1930 720 1984 in
740 1930 1124 1997 Romanorum,
1145 1931 1195 1986 in
1217 1931 1565 1987 barbarorum
1586 1932 1824 2003 regione,
1845 1933 1898 1987 in

291 2024 710 2093 uniuscujusque
735 2025 1090 2089 conscientia,
1125 2025 1176 2080 in
1208 2025 1466 2096 cujusque
1497 2025 1695 2097 lingua.
1731 2026 1797 2080 Et
1817 2027 1900 2080 in-

291 2125 508 2170 tuemur
533 2115 682 2170 illum
727 2131 917 2182 omnes
947 2117 1199 2183 detineri,
1234 2119 1428 2187 premi,
1477 2117 1764 2174 consulere
1795 2119 1897 2171 mi-

289 2224 430 2263 serae
449 2219 503 2264 et
533 2209 874 2266 infortunata:
897 2212 969 2267 illi
996 2212 1265 2267 meretrici
1292 2228 1411 2282 quae
1437 2213 1693 2283 oportuit,
1718 2212 1784 2267 ad
1807 2226 1898 2266 sa-

289 2301 458 2354 .‘utem
490 2301 606 2371 ejus
654 2304 930 2369 tuendam,
973 2305 1120 2358 omni
1169 2319 1393 2360 munere
1425 2320 1524 2360 suo
1553 2313 1700 2360 recte
1728 2303 1897 2376 fungi,

289 2390 639 2461 impudentia:
681 2393 848 2464 ipsius
893 2395 1151 2465 pudorem
1201 2397 1442 2466 injicere,
1489 2397 1762 2452 fornacem
1804 2413 1900 2452 ex-

288 2485 587 2556 stinguere,
640 2502 707 2542 ex
753 2489 1053 2558 periculosa
1097 2499 1420 2560 tempestate
1447 2492 1656 2561 eripere
1691 2493 1896 2556 conari,

287 2585 453 2646 atque
497 2576 563 2632 ad
605 2581 1006 2649 tranquillitatis
1050 2592 1268 2651 portum
1317 2583 1585 2638 deducere
1638 2601 1653 2639 :
1701 2583 1899 2641 deinde

287 2669 545 2734 quoniam
574 2670 810 2738 procella
840 2671 1128 2741 superabat
1156 2716 1169 2740 ,
1195 2684 1251 2728 et
1276 2673 1527 2729 fluetibus
1559 2675 1901 2744 operiebatur

288 2759 583 2828 navigium,
630 2774 752 2816 eum
793 2764 1130 2834 naufragium
1187 2765 1274 2820 illa
1329 2765 1550 2833 faceret,
1605 2768 1896 2837 procellam

287 2851 514 2914 evitare,
565 2863 727 2923 atque
780 2855 847 2908 ad
880 2856 1130 2912 stabilem
1179 2859 1443 2913 castitatis
1475 2873 1664 2928 rupem
1709 2859 1900 2915 confu-

288 2942 489 3014 giendo
523 2956 704 3001 vestes
728 2948 780 3002 in
806 2949 1052 3004 manibus
1087 2951 1231 3008 illius
1261 2951 1637 3022 derelinquere
1668 2995 1682 3018 ,
1713 2955 1900 3024 sicque

289 3040 345 3091 in
393 3039 481 3093 illa
513 3040 754 3096 nuditate
801 3042 906 3097 illis
951 3043 1040 3113 qui
1083 3045 1367 3113 purpureis
1405 3055 1528 3100 sunt
1574 3045 1900 3102 indumentis

287 3131 492 3197 amicti,
518 3131 862 3188 illustriorem
891 3150 1170 3204 apparere,
1201 3151 1263 3192 ac
1286 3145 1557 3205 tamquam
1583 3139 1896 3194 bellatorem

288 3222 577 3289 quemdam
617 3225 871 3280 eximium
906 3237 1067 3298 atque
1105 3230 1365 3286 victorem
1403 3242 1660 3300 tropaeum
1691 3234 1899 3303 erigere

287 3313 570 3368 castitatis.
628 3315 734 3372 Sed
783 3334 956 3388 neque
997 3320 1080 3373 his
1116 3321 1375 3378 limitibus
1418 3323 1536 3394 ejus
1580 3326 1895 3381 memoriam

290 3405 640 3461 terminamus
666 3449 680 3472 ,
713 3423 898 3464 verum
930 3410 1158 3467 ulterius
1199 3415 1606 3485 progredientes
1638 3417 1811 3488 ipsum
1843 3419 1896 3473 in

287 3510 562 3551 carcerem
593 3497 782 3554 abduci
813 3501 1078 3569 videmus,
1112 3505 1326 3572 vinciri,
1358 3507 1613 3576 squalore
1652 3508 1893 3575 sordere,

286 3585 542 3640 diuturno
573 3588 681 3644 illic
721 3600 963 3660 tempore
1008 3596 1416 3652 contabescere.
1454 3599 1630 3668 Atque
1680 3601 1749 3656 ob
1781 3600 1896 3656 haec

289 3678 403 3746 ipsa
437 3679 669 3735 maxime
711 3682 857 3736 illum
891 3684 1085 3740 iterum
1111 3689 1551 3745 commendamus
1577 3732 1591 3757 ,
1637 3692 1895 3761 prtediea-

289 3785 431 3835 tntis,
479 3772 760 3837 miramur,
811 3774 1107 3831 laudamus.
1160 3777 1314 3845 Quod
1361 3780 1404 3834 si
1432 3791 1613 3837 castus
1652 3783 1894 3850 sitquis-

288 3863 453 3932 piam,
485 3879 605 3918 cum
635 3865 702 3920 de
746 3867 837 3922 illo
875 3871 1096 3940 cogitat,
1126 3873 1324 3928 castior
1349 3873 1408 3928 fit
1457 3893 1470 3929 :
1505 3876 1644 3946 quod
1669 3878 1712 3931 si
1741 3879 1898 3934 lasci-

288 3969 406 4018 vus,
437 3955 543 4009 eito
592 3957 677 4010 illa
709 3961 1018 4015 narratione
1046 3962 1111 4016 ad
1155 3965 1454 4020 castitatem
1489 3967 1800 4034 traducitur,
1829 3970 1899 4024 il-

289 4048 498 4118 liusque
547 4049 784 4108 historia)
825 4059 1338 4115 commemoratione
1389 4062 1579 4116 melior
1633 4066 1894 4121 redditur.

292 4140 418 4194 llzne
451 4141 608 4210 igitur
632 4145 810 4198 omnia
838 4147 1153 4218 colligentes
1189 4153 1354 4207 nolite
1386 4155 1584 4209 turbari
1620 4198 1634 4220 ,
1667 4159 1761 4212 sed
1797 4175 1894 4228 po-

287 4233 392 4286 tius
421 4249 486 4287 ex
517 4234 579 4288 iis
607 4251 725 4305 quae
747 4238 995 4293 accidunt
1023 4242 1230 4296 lucrum
1259 4243 1533 4312 decerpite
1559 4263 1571 4309 ;
1599 4249 1776 4317 sitque
1800 4266 1894 4302 vo-

286 4324 369 4378 bis
393 4340 577 4379 eorum
605 4329 876 4397 patientia,
913 4333 1000 4401 qui
1042 4333 1319 4389 decertant
1391 4337 1688 4394 tolerantia:
1732 4344 1897 4412 magi-

285 4427 431 4480 stra;
463 4417 696 4488 dumque
727 4422 890 4476 vitam
935 4442 1149 4480 onmem
1179 4442 1564 4498 generosorum
1586 4442 1745 4502 atque
1775 4436 1894 4489 illu-

285 4512 476 4565 strium
506 4517 741 4569 virorum
769 4519 986 4573 cernitis
1017 4535 1081 4574 ex
1122 4521 1204 4575 his
1243 4524 1493 4580 omnibus
1519 4541 1641 4583 esse
1684 4530 1856 4582 conlla
1876 4561 1890 4572 ς

287 4613 428 4667 tam,
463 4621 528 4658 ne
558 4611 866 4664 terreamini
900 4652 914 4676 ,
947 4627 1122 4682 neque
1151 4615 1458 4683 turbemini,
1492 4620 1606 4676 sive
1638 4624 1890 4692 propriis,

284 4696 400 4750 sive
424 4697 614 4751 alienis
643 4698 1019 4757 afflictionibus
1052 4724 1063 4756 :
1095 4722 1216 4760 nam
1242 4707 1482 4764 Ecclesia
1511 4713 1578 4767 ab
1621 4714 1771 4768 initio
1817 4726 1894 4771 ste

286 4791 508 4855 nutrita,
551 4792 628 4845 sic
676 4804 829 4847 aucta
861 4806 963 4851 est.
1005 4797 1145 4852 Nihil
1179 4817 1307 4868 ergo
1338 4818 1433 4856 vos
1475 4814 1716 4861 terreat:
1761 4812 1891 4864 nihil

283 4880 427 4931 enim
454 4880 648 4936 accidit
689 4894 882 4952 printer
908 4903 1133 4943 morem.
1161 4891 1261 4944 Sed
1295 4895 1433 4948 sicut
1465 4895 1516 4948 in
1547 4897 1705 4952 rebus
1734 4916 1892 4954 mun-

279 4971 437 5024 danis
467 4988 570 5026 non
603 4973 688 5028 ubi
731 4987 855 5030 sunt
884 4981 1048 5047 palea:
1073 4983 1155 5037 vel
1179 4983 1402 5052 fmnum,
1435 5004 1532 5046 nec
1574 4991 1662 5046 ubi
1703 5010 1888 5062 arena,

279 5062 373 5114 sed
408 5063 494 5116 ubi
523 5077 783 5120 aurumet
804 5070 1175 5136 uniones,illie
1199 5078 1382 5144 pirate
1407 5092 1552 5148 sunt,
1585 5085 1888 5153 pnedoncs,

278 5163 332 5205 et
366 5153 624 5221 latrones,
657 5165 710 5210 et
738 5173 1014 5215 murorum
1071 5165 1404 5232 perfossores
1437 5171 1744 5242 frequenter
1777 5195 1891 5230 Ino-

284 5244 404 5297 lesti
427 5257 572 5310 sunt,
605 5259 656 5301 et
688 5249 909 5305 insidias
940 5265 1130 5321 parant
1161 5277 1172 5312 :
1215 5260 1290 5313 sic
1315 5263 1474 5318 etiam
1501 5265 1766 5330 diabolus,
1802 5273 1887 5327 ubi

277 5339 533 5394 collectas
567 5340 757 5398 viderit
785 5359 915 5414 opes
942 5348 1155 5417 animm,
1186 5367 1248 5407 ac
1271 5353 1548 5411 facultates
1571 5372 1754 5416 auctas
1779 5366 1891 5427 pie-

279 5431 424 5494 tatis,
457 5433 564 5488 illic
594 5449 719 5489 suas
751 5439 1025 5494 machinas
1066 5445 1204 5498 sistit
1239 5457 1292 5501 et
1322 5449 1591 5506 admovet.
1622 5455 1772 5523 Quod
1819 5459 1881 5522 si,

275 5524 470 5593 quibus
503 5527 710 5582 insidia:
751 5544 1006 5597 parantur
1035 5578 1046 5597 ,
1083 5539 1111 5588 ii
1149 5539 1333 5608 vigiles
1361 5541 1562 5599 fuerint
1589 5558 1642 5602 et
1670 5554 1883 5618 attenti,

277 5633 381 5669 nou
417 5617 576 5671 modo
598 5620 728 5674 nihil
759 5622 880 5677 inde
910 5626 1182 5696 patiuntur
1205 5631 1532 5701 detrimenti,
1569 5639 1662 5693 scd
1687 5650 1740 5694 et
1767 5617 1886 5694 am-

277 5707 473 5777 pliores
520 5708 643 5765 inde
687 5713 897 5769 virtutis
937 5733 1068 5787 opes
1095 5724 1432 5779 accumulant
1469 5743 1480 5780 :
1514 5729 1655 5797 quod
1689 5732 1884 5787 ctiam-

272 5815 397 5855 ilillll
429 5813 624 5858 L'VCflll.

1080 335 1172 391 AD
1212 334 1338 393 EOS
1362 336 1478 405 QUI
1519 334 2024 395 SCANDALIZATI
2063 335 2263 394 SUNT.
2309 337 2439 391 LIB.
2485 336 2688 395 UNUS.

3517 328 3626 387 526

2075 450 2204 508 Caes
2257 450 2450 507 XXI“.
2491 450 2782 506 Maximum
2837 464 2942 504 esse
2997 447 3175 519 glorite
3215 457 3264 502 et
3324 444 3627 500 celebritatis

2004 541 2250 598 Ecclesia:
2274 544 2551 610 indicium,
2583 559 2700 615 qua:
2735 542 3030 596 acciderunt
3056 583 3070 606 ,
3103 554 3261 612 eaque
3294 538 3470 592 multis
3500 555 3626 604 pro-

2005 636 2181 705 fuisse.
2205 665 2279 676 ——
2302 638 2479 707 Atque
2504 636 2608 691 hoc
2633 635 2926 690 maximum
2956 633 3212 690 indicium
3236 631 3495 715 ubertatis
3518 630 3620 686 bo-

2005 742 2198 782 norum
2237 743 2482 797 operum,
2517 737 2570 784 et
2601 727 2933 782 fortitudinis
2965 725 3226 782 Ecclesia:
3255 725 3451 795 poterit
3471 724 3618 796 quis-

2007 817 2149 888 piam
2196 819 2494 889 assignare.
2544 817 2680 874 Cum
2729 818 2872 873 enim
2903 818 3046 872 illam
3093 817 3368 886 improbus
3409 816 3623 872 dmmon

2006 909 2288 966 florentem
2314 911 2465 976 vidit,
2494 910 2638 966 fama
2659 909 3012 976 celebratam,
3043 910 3197 964 brevi
3222 909 3483 979 temporis
3511 923 3625 962 mo-

2006 1011 2191 1056 mento
2222 1003 2274 1056 in
2321 1003 2488 1058 altum
2523 1011 2786 1068 evectam,
2817 1002 3042 1057 multam
3084 1002 3138 1055 in
3181 1016 3245 1056 ea
3291 999 3624 1072 diligentiam

2007 1094 2275 1163 adhiberi,
2305 1111 2368 1151 ac
2395 1097 2594 1166 probos
2620 1096 2857 1167 majores
2879 1096 3056 1153 facere
3083 1097 3135 1150 in
3155 1098 3354 1151 virtute
3385 1111 3626 1167 progres-

2005 1204 2121 1256 sus,
2153 1204 2248 1245 eos
2275 1191 2368 1262 qui
2396 1191 2561 1246 vitam
2604 1206 2758 1246 suam
2790 1191 3026 1261 peccatis
3064 1191 3385 1256 infecerant,
3409 1190 3475 1245 ad
3509 1206 3626 1261 pm-

2007 1282 2287 1339 nitentiam
2318 1298 2441 1340 esse
2479 1297 2793 1350 conversos,
2825 1293 2996 1339 totum
3025 1285 3210 1339 orbem
3246 1292 3510 1338 terrarum
3545 1284 3623 1337 is-

2009 1374 2115 1430 tius
2139 1374 2372 1429 civitatis
2395 1389 2557 1445 opera
2583 1375 2906 1430 it‘tstructum
2935 1389 3058 1430 esse
3087 1393 3099 1428 :
3125 1389 3316 1428 omnes
3346 1375 3627 1428 machinas

2009 1481 2134 1524 suas
2162 1467 2420 1534 admovit,
2443 1477 2498 1524 et
2523 1468 2779 1524 intestina
2809 1467 2950 1524 bella
2976 1468 3251 1524 excitavit.
3287 1467 3354 1521 Et
3377 1465 3626 1543 quemad-

2009 1562 2228 1618 modum
2250 1578 2374 1617 cum
2399 1561 2595 1618 Jobum
2627 1571 2964 1634 oppugnaret
2989 1604 3002 1627 ,
3031 1576 3176 1617 nunc
3210 1560 3428 1632 quidem
3462 1575 3625 1630 pecu-

2009 1653 2218 1708 niarum
2240 1654 2470 1724 jactura,
2501 1670 2645 1710 nunc
2676 1663 2858 1710 autem
2889 1653 3118 1710 orbitate
3139 1653 3456 1719 liberorum,
3487 1667 3630 1706 nunc

2009 1746 2254 1815 corporis
2282 1746 2624 1817 :egritudine,
2656 1761 2800 1802 nunc
2847 1747 3028 1816 lingua
3072 1745 3282 1812 uxoris,
3311 1760 3456 1800 nunc
3495 1744 3630 1796 ami-

2008 1851 2198 1893 corum
2222 1838 2456 1908 probris,
2485 1839 2670 1894 sannis
2691 1847 2746 1896 et
2767 1837 3028 1894 conviciis
3053 1842 3256 1908 justum
3287 1835 3579 1907 impetebat
3615 1855 3626 1889 :

2009 1930 2087 1985 sic
2116 1931 2280 1986 etiam
2307 1931 2360 1985 in
2389 1931 2692 1987 Ecclesiam
2721 1945 2820 2000 per
2849 1931 3074 1993 amicos,
3109 1945 3206 2000 per
3235 1929 3502 1990 inimicos,
3533 1943 3629 1997 per

2009 2038 2106 2079 eos
2125 2025 2218 2094 qui
2245 2025 2298 2078 in
2324 2025 2528 2079 clerum
2549 2024 2728 2080 allecti
2752 2032 2927 2090 erant,
2963 2038 3057 2093 per
3082 2037 3178 2078 eos
3200 2022 3364 2092 quiin
3394 2021 3624 2075 militum

2010 2133 2266 2175 numeros
2295 2119 2471 2185 relati,
2507 2132 2602 2186 per
2625 2133 2721 2174 eos
2740 2118 2829 2188 qui
2851 2116 3149 2188 episcopali
3185 2114 3400 2170 fuerant
3425 2115 3631 2168 honoro

2009 2211 2268 2278 decorati,
2296 2228 2391 2282 per
2408 2212 2602 2268 multas
2618 2213 2904 2282 variasque
2927 2225 3186 2281 personas
3215 2209 3629 2279 impressionem

2011 2305 2152 2359 fecit.
2186 2303 2572 2360 Verumtamen
2618 2313 2698 2360 tot
2745 2303 2980 2359 admotis
3027 2302 3292 2358 machinis
3328 2316 3433 2355 non
3469 2299 3628 2354 mode

2009 2397 2154 2452 illam
2171 2413 2274 2452 non
2288 2398 2581 2466 concussit,
2596 2397 2689 2452 sed
2709 2396 3054 2454 illustriorem
3071 2397 3230 2453 etiam
3250 2393 3499 2450 reddidit.
3513 2393 3626 2448 Non

2009 2491 2154 2546 enim
2185 2491 2256 2546 ita
2295 2503 2408 2547 tum
2440 2492 2662 2549 minime
2703 2491 2954 2548 divexata
2984 2501 3210 2546 cunctos
3237 2487 3538 2551 erudiebat,
3572 2497 3624 2539 ut

2009 2603 2154 2643 nunc
2198 2597 2364 2643 totum
2394 2588 2581 2644 orbem
2610 2597 2876 2644 terrarum
2910 2587 3226 2659 patientiam
3264 2583 3447 2650 docet,
3487 2591 3624 2636 tent-

2010 2681 2330 2749 perantiam,
2355 2679 2675 2736 afflictioncs
2694 2681 2948 2746 tolerare,
2968 2677 3327 2734 constantiam
3342 2675 3622 2738 exhibere,

2009 2771 2286 2828 saecularia
2328 2783 2699 2837 contemnere,
2749 2773 2963 2828 divitias
3015 2786 3112 2842 pro
3160 2769 3330 2824 nihilo
3385 2769 3624 2832 habere,

2008 2865 2291 2937 despicere
2336 2867 2593 2934 honores,
2647 2877 2880 2922 mortem
2937 2864 3243 2936 aspernari,
3295 2865 3464 2918 vitam
3491 2878 3626 2919 con-

2010 2967 2273 3025 temnere,
2308 2961 2534 3029 patriam
2569 2961 2863 3030 negligere,
2899 2960 3213 3024 familiares,
3249 2960 3472 3022 amicos,
3496 2973 3622 3028 pro-

2011 3051 2260 3122 pinquos,
2287 3053 2354 3106 ad
2395 3052 2576 3108 caides
2604 3053 2854 3108 diversas
2884 3052 3194 3108 subeundas
3233 3067 3293 3106 se
3321 3051 3624 3122 accingere,

2009 3145 2062 3198 in
2105 3144 2313 3199 medios
2359 3144 2568 3215 gladios
2619 3145 2848 3210 insilire,
2896 3157 3087 3201 cuncta
3126 3161 3248 3215 quae
3295 3147 3346 3198 in
3387 3146 3488 3199 hac
3517 3144 3625 3198 vita

2006 3246 2134 3292 sunt
2161 3238 2463 3308 splendida,
2489 3239 2724 3296 honores
2752 3242 2992 3311 inquam,
3025 3250 3080 3295 et
3100 3239 3350 3311 gloriam,
3374 3240 3622 3310 imperia,

2008 3329 2249 3396 delicias,
2301 3331 2491 3386 viliora
2540 3331 2764 3388 floribus
2811 3334 2994 3389 vernis
3027 3333 3248 3388 ducere.
3283 3334 3458 3404 Atque
3508 3333 3625 3387 haec

1969 3474 1984 3489 ,
2009 3438 2115 3477 non
2148 3439 2287 3479 unus
2317 3439 2414 3479 nos
2443 3425 2634 3482 edocet
2659 3435 2888 3492 tantum,
2919 3443 3096 3498 neque
3123 3428 3232 3481 duo
3265 3428 3344 3482 vel
3373 3437 3502 3492 tres,
3526 3429 3622 3481 sed

2009 3515 2239 3585 populus
2268 3515 2569 3585 universus,
2600 3533 2774 3589 neque
2797 3520 2974 3574 verbis
3000 3530 3228 3587 tantum,
3253 3535 3438 3574 verum
3460 3521 3622 3574 etiam

2006 3608 2288 3679 operibus,
2311 3625 2408 3680 per
2435 3625 2497 3665 ca
2518 3627 2638 3680 qua:
2667 3613 2963 3681 patiuntur,
2998 3624 3052 3669 et
3079 3614 3204 3668 dtun
3228 3615 3468 3678 vincunt,
3495 3614 3623 3667 dum

2013 3701 2358 3758 insidiatores
2386 3717 2516 3759 suos
2545 3703 2836 3775 hostesque
2872 3717 3148 3775 superant,
3180 3708 3308 3761 dum
3339 3709 3626 3762 adamante.

2010 3792 2278 3849 firmiores
2328 3803 2382 3849 et
2412 3811 2544 3864 rupe
2573 3798 2907 3853 robustiores
2944 3807 3134 3854 cuncta
3169 3800 3469 3868 perferunt,
3515 3818 3621 3855 non

2005 3900 2156 3941 arma
2203 3898 2497 3953 sumentes,
2549 3905 2656 3944 non
2688 3890 2885 3946 bellum
2924 3893 3240 3958 excitantes,
3276 3909 3382 3948 non
3412 3910 3619 3960 arcum,

2007 3993 2113 4032 non
2158 3978 2380 4048 sagittas
2414 3979 2708 4048 vibrantes,
2758 3984 2853 4038 sed
2902 3985 3095 4054 singuli
3127 3985 3401 4055 patientiae
3433 4002 3624 4058 pr0pu-

2006 4071 2233 4138 gnaculo
2282 4071 2498 4137 muniti,
2527 4074 2828 4141 modestiae,
2864 4079 3312 4144 mansuetudinis,
3349 4079 3617 4135 fortitudi-

2006 4164 2089 4217 nis
2111 4207 2123 4228 ,
2154 4173 2208 4219 et
2236 4163 2362 4219 dum
2407 4167 2545 4219 mala
2575 4167 2841 4236 patienter
2872 4170 3082 4232 ferunt,
3114 4171 3218 4226 illis
3254 4172 3342 4242 qui
3372 4188 3433 4226 ea
3483 4174 3619 4227 inle-

2006 4265 2133 4310 runt
2163 4258 2334 4311 multo
2370 4258 2629 4328 majorem
2654 4260 3002 4331 ignominiam
3033 4264 3330 4319 inurentes.

2077 4350 2204 4404 Car.
2251 4350 2440 4408 XXIV.
2489 4353 2590 4418 Qui
2644 4354 2751 4409 lucc
2799 4359 2990 4411 scelera
3042 4369 3399 4428 perpeti-arant
3430 4404 3443 4424 ,
3505 4361 3620 4414 inde

2005 4459 2202 4512 quoque
2226 4446 2342 4513 jam
2374 4463 2552 4515 pontus
2574 4447 2730 4502 luere.
2774 4480 2846 4489 —
2883 4450 3035 4506 Nunc
3065 4451 3280 4521 quidem
3340 4463 3487 4509 certe
3535 4456 3622 4509 isti

2004 4535 2151 4587 vultu
2177 4534 2356 4601 hilari,
2392 4547 2610 4606 aspectu
2643 4539 2831 4605 libero,
2855 4542 3044 4597 fiducia
3078 4543 3380 4599 incredibili
3409 4546 3617 4614 praiditi

2007 4626 2057 4680 in
2091 4627 2264 4683 forum
2292 4646 2352 4685 se
2374 4631 2630 4698 inferunt,
2655 4645 2940 4688 versantur
2969 4651 3020 4689 tu
3043 4635 3268 4702 atdibus,
3287 4638 3350 4692 ad
3367 4639 3620 4695 collectas

2005 4724 2332 4778 conveniunt
2351 4726 2737 4790 celebrandas;
2767 4729 2837 4781 illi
2864 4738 3041 4783 autem
3066 4731 3153 4800 qui
3176 4731 3297 4784 talia
3319 4742 3618 4801 patrarunt,

2003 4813 2128 4866 dum
2199 4816 2437 4884 singulas
2485 4817 2775 4873 admovent
2814 4821 3087 4876 machinas
3119 4860 3134 4886 ,
3180 4823 3448 4892 pudefacti
3511 4826 3618 4879 cir-

2001 4918 2278 4975 cumeunt,
2309 4921 2360 4964 et
2397 4929 2555 4980 prava
2608 4913 2751 4967 intus
2796 4916 3128 4970 conscientia
3164 4918 3320 4981 torti,
3361 4928 3504 4974 metu
3559 4937 3622 4975 ac

2005 5014 2240 5056 tremore
2271 5008 2525 5074 correpti.
2570 5005 2638 5060 Et
2662 5008 3122 5076 quemadmodum
3153 5011 3278 5064 ἵει-ιη
3319 5026 3438 5080 qua:
3481 5012 3619 5064 difli-

2000 5093 2156 5147 cilius
2187 5107 2503 5163 caecantur,
2533 5114 2654 5152 cum
2685 5108 2808 5168 post
2838 5115 2998 5154 unam
3036 5109 3127 5154 aut
3157 5101 3380 5155 alteram
3413 5103 3619 5172 plagam

2003 5184 2256 5239 intlletam
2290 5189 2340 5240 in
2375 5188 2648 5243 hastarum
2680 5206 2968 5246 mucrones
2997 5192 3618 5261 irruuntvehementius,

1997 5278 2272 5346 graviores
2299 5280 2400 5334 sibi
2436 5283 2618 5352 plagas
2646 5282 2914 5354 infligunt,
2946 5296 2998 5339 et
3028 5286 3156 5355 ipsis
3185 5288 3479 5342 visceribus
3508 5291 3621 5344 suis

2001 5370 2190 5424 vulnus
2223 5373 2532 5441 excipiunt;
2565 5376 2808 5446 itemque
2851 5378 3067 5445 ﬂuctus,
3097 5379 3184 5448 qui
3225 5379 3448 5449 rupibus
3497 5382 3619 5436 alli-

1997 5462 2217 5524 duntur,
2244 5466 2434 5534 majori
2461 5467 2668 5536 seipsos
2688 5469 2888 5538 impetu
2911 5469 3212 5525 dissolvunt
3233 5487 3295 5526 ac
3309 5472 3572 5542 dissipant
3604 5493 3615 5527 :

1997 5555 2073 5609 sic
2103 5557 2353 5610 nimirum
2387 5567 2442 5612 et
2461 5559 2544 5612 isti
2573 5559 2698 5614 dum
2734 5562 3084 5628 insidiantur,
3126 5564 3227 5618 sibi
3256 5566 3436 5633 potius
3458 5582 3618 5636 quam

1995 5651 2205 5701 caeteris
2237 5648 2407 5704 fossas
2435 5661 2488 5704 et
2515 5652 2764 5708 baratltra
2797 5655 3081 5710 effodiunt.
3117 5656 3248 5710 Nam
3276 5658 3350 5711 illi
3375 5657 3613 5727 quidem,

1997 5740 2189 5808 quibus
2221 5741 2429 5795 insidia:
2463 5744 2776 5810 tenduntur,
2811 5747 2878 5801 ab
2904 5748 2968 5801 iis
2998 5758 3269 5815 amantur,
3307 5749 3616 5815 laudantur,

2000 5833 2480 5903 commendantur,
2519 5836 2914 5907 prmdicantur,
2956 5857 3154 5896 corona
3191 5841 3495 5906 donantur,
3527 5841 3615 5913 qui
