4050 6426
505 337 607 394 5ἳῖ

509 467 604 508 eos
631 457 914 516 noverunt,
945 447 1035 518 qui
1061 462 1166 502 non
1196 453 1476 510 noverunt,
1510 443 1597 513 qui
1629 458 1687 498 re
1714 446 1849 513 ipsa,
1869 443 1956 512 qui
1979 440 2096 497 sola

510 544 666 596 (anna:
685 540 945 595 relatione
970 539 1180 592 illorum
1204 535 1438 592 didicere
1462 551 1548 590 res
1567 543 1766 606 gestas,
1791 535 2098 589 innumeros

510 632 711 688 habent
734 634 822 702 qui
851 629 1144 685 condolent
1165 670 1181 692 ,
1210 630 1299 699 qui
1326 628 1381 683 in
1405 627 1790 683 certaminibus
1809 626 2094 696 adjuvant,

509 725 598 796 qui
637 738 893 794 prospera
948 723 1052 777 illis
1097 730 1383 791 precantur
1422 735 1611 775 omnes
1645 736 1659 773 :
1688 719 1766 774 illi
1800 729 1977 773 autem
2008 718 2098 788 qui

509 817 737 874 tendunt
782 815 1025 881 insidias,
1077 815 1203 869 odio
1251 813 1512 869 habentur
1551 826 1582 866 a
1615 821 1720 866 tam
1753 810 1952 874 multis,
1984 819 2040 866 et
2065 825 2096 865 a

511 909 681 965 multo
710 909 950 978 pluribus
984 916 1322 973 accusantur,
1344 913 1634 975 carpuntur
1653 946 1668 970 ,
1696 903 2098 972 reprehendun-

514 1012 624 1069 tur,
653 1001 939 1072 ignominia
966 1009 1238 1064 notantur,
1266 999 1398 1054 diris
1420 997 1714 1054 innumeris
1737 997 2094 1063 devoventur;

513 1091 643 1147 nihil
672 1091 940 1160 plerisque
963 1088 1245 1159 Optabilius
1267 1097 1387 1158 est,
1413 1103 1569 1159 quam
1596 1097 1656 1142 ut
1697 1101 1793 1142 eos
1818 1087 1992 1158 pinnis
2020 1087 2100 1142 vi-

510 1184 676 1238 deant
703 1182 1082 1253 suppliciisque
1108 1181 1415 1236 mulctatos.
1459 1182 1632 1251 Atque
1661 1180 1778 1236 haec
1801 1180 2015 1252 quidem
2040 1181 2096 1237 in

511 1277 614 1334 hac
633 1279 741 1334 vita
774 1295 787 1331 :
815 1293 936 1349 qua:
963 1292 1092 1332 vero
1114 1277 1167 1331 in
1194 1277 1370 1332 futura
1395 1285 1518 1331 sunt
1539 1285 1819 1343 eventura,
1836 1275 1956 1346 quis
1976 1283 2097 1330 tan-

511 1370 634 1426 dem
668 1371 862 1440 poterit
885 1369 1127 1424 oratione
1150 1368 1478 1440 complecti?
1519 1368 1648 1423 Nam
1681 1369 1726 1425 si
1755 1368 1800 1424 is
1822 1370 1910 1440 qui
1934 1384 2096 1424 unum

511 1460 970 1529 scandalizaverit,
997 1469 1145 1516 tanto
1169 1460 1431 1530 supplicio
1453 1459 1757 1526 mulctatur,
1779 1469 1837 1514 ut
1852 1459 2099 1530 expediat

507 1554 558 1609 ei
588 1554 780 1609 molam
805 1554 1089 1609 asinariam
1120 1554 1173 1608 in
1195 1553 1311 1623 ejus
1331 1552 1469 1609 colio
1505 1553 1778 1624 suspendi,
1797 1562 1850 1609 ct
1870 1554 1921 1607 in
1949 1568 2096 1610 mare

508 1647 744 1717 demergi
765 1645 912 1716 (Luc.
936 1648 1024 1702 i7.
1092 1647 1169 1719 2):
1186 1646 1620 1718 perpendequam
1636 1647 2095 1717 gravesillidaturi

509 1741 614 1794 sint
638 1755 844 1809 ptenas,
865 1741 916 1795 in
943 1741 1035 1795 illo
1065 1750 1173 1794 tum
1191 1739 1392 1810 judicio
1419 1739 1717 1808 tremendo,
1735 1741 1947 1812 quantis
1968 1755 2096 1810 sup-

511 1831 682 1900 pliciis
708 1830 1366 1901 plectendi,qui,quantum
1386 1833 1438 1884 in
1466 1831 1596 1901 ipsis
1615 1830 1827 1901 quidem
1853 1829 2095 1897 fuit,uni-

513 1938 719 1977 versum
753 1922 1029 1976 turbarunt
1055 1922 1235 1977 orbem
1266 1931 1546 1986 terrarum,
1571 1931 1676 1976 tam
1695 1920 1887 1978 multas
1905 1922 2095 1978 Eccle-

509 2015 617 2068 sias
643 2023 1024 2074 cverteru‘nt.et
1053 2014 1348 2069 innumeris
1367 2014 1563 2084 ubique
1577 2012 2096 2069 scandalisexcitatis

511 2115 708 2159 tantam
733 2121 915 2173 pacem
943 2103 1344 2160 disturbat-unt?
1382 2107 1452 2160 At
1478 2105 1548 2159 illi
1572 2106 1659 2175 qui
1692 2113 1770 2161 tot
1794 2104 2001 2174 injuriis
2029 2105 2095 2160 ab

509 2197 614 2253 illis
643 2198 975 2265 atl'ectisunt,
1006 2199 1160 2253 bonis
1175 2199 1449 2268 operibus,
1479 2197 1834 2267 passionibus,
1858 2197 2089 2263 coronis,

512 2290 766 2358 praemiis,
794 2305 912 2346 cum
944 2291 1110 2345 multa
1143 2289 1332 2346 ﬁducia
1361 2287 1722 2360 refulgentes,
1745 2303 1870 2346 cum
1895 2298 2095 2360 marty-

1291 329 1349 386 S.
1387 327 1666 384 JOANNIS
1694 326 2070 384 CHRYSOST.
2104 325 2421 384 ARCHIEP.
2464 327 2996 389 CONSTANTINOP.

3695 340 3807 397 528

2209 441 2378 506 ribus,
2423 459 2544 498 cum
2583 445 2860 515 apostolis,
2901 462 3023 503 cum
3053 448 3330 519 generosis
3374 460 3430 507 et
3469 449 3811 509 sublimibus

2206 533 2312 588 illis
2340 533 2466 588 viris
2493 536 2770 592 sistentur.
2813 539 2890 594 Ac
2913 539 3087 609 puniri
3115 540 3240 597 illos
3262 542 3479 612 quidem
3507 545 3808 615 Videbunt,

2206 622 2329 678 illos
2377 631 2557 680 tamen
2608 628 2882 696 suppliciis
2935 644 3042 684 non
3096 641 3352 701 poterunt
3399 633 3652 703 liberare,
3705 637 3808 692 sed

2205 717 2448 786 quamvis
2491 733 2680 789 preces
2725 721 2952 777 offerant
2976 723 3084 790 isti,
3114 725 3248 780 nihil
3274 727 3394 783 illos
3415 728 3701 798 juvabunt.
3747 730 3791 786 S

2206 811 2350 865 enim
2391 812 2435 866 is
2474 814 2564 883 qui
2604 812 2865 871 Lazarum
2895 833 3060 874 unum
3107 821 3477 890 pmtcrierat,
3507 832 3586 878 tot
3609 839 3811 894 poenas

2204 902 2477 967 sustinuit,
2509 920 2684 975 neque
2720 907 2970 963 solatium
3026 910 3194 964 ullum
3243 911 3500 976 obtinuit,
3527 914 3657 985 quid
3713 916 3810 971 isti

2205 995 2494 1063 patientur,
2524 998 2614 1068 qui
2643 1006 2749 1052 tam
2774 999 2970 1054 multos
2991 1005 3488 1073 persequutionibus
3504 1015 3557 1061 et
3573 1006 3811 1061 scanda-

2205 1086 2272 1142 lis
2289 1086 2631 1145 offenderunt
2658 1089 2810 1161 (Luc.
2833 1091 2966 1163 16)?
2988 1092 3113 1148 Haec
3134 1094 3294 1164 igitur
3319 1097 3502 1151 omnia
3530 1112 3655 1152 cum
3685 1099 3811 1153 ani-

2204 1179 2308 1235 mis
2353 1180 2545 1236 vestris
2594 1191 2927 1251 reputantes,
2982 1195 3038 1240 et
3076 1201 3429 1258 quiscumque
3477 1187 3562 1244 liis
3602 1189 3808 1245 similia

2203 1278 2420 1326 suntex
2465 1273 2634 1327 sacris
2663 1272 2858 1329 Literis
2887 1274 3222 1346 colligentes,
3256 1278 3411 1333 vobis
3453 1278 3587 1349 ipsis
3631 1289 3808 1336 tutam

2204 1362 2581 1431 munitionem,
2609 1373 2664 1419 et
2709 1365 2814 1421 illis
2856 1366 2949 1436 qui
3002 1367 3383 1426 imbecilliores
3427 1370 3606 1427 adhuc
3652 1383 3805 1438 sunt,

2203 1455 2596 1513 medicamenta
2623 1473 2689 1514 ex
2709 1457 2794 1515 bis
2815 1461 3214 1518 narrationibus
3234 1474 3628 1533 comparantes,
3656 1465 3806 1521 linni

2203 1557 2340 1603 state
2364 1558 2524 1619 atque
2557 1549 2880 1620 immobiles,
2904 1561 2960 1607 et
2980 1553 3118 1608 bona
3142 1555 3297 1610 vobis
3334 1557 3568 1626 reposita
3600 1573 3804 1629 exspe-

2202 1648 2361 1695 ctate.
2402 1640 2639 1696 Omnino
2653 1643 2822 1711 enim,
2850 1645 3071 1700 omnino
3087 1660 3293 1702 merces
3318 1648 3469 1703 vobis
3501 1650 3801 1718 parabitur,

2203 1748 2310 1788 non
2336 1747 2454 1805 qua:
2481 1734 2750 1791 laboribus
2769 1743 2972 1792 tantum
3004 1737 3075 1793 sit
3103 1739 3350 1809 aequalis,
3381 1739 3479 1796 sed
3507 1741 3804 1808 immensa,

2202 1827 2504 1898 quaelongo
2541 1829 2663 1884 illos
2691 1839 2908 1901 superet
2951 1830 3252 1887 intervallo.
3292 1832 3437 1889 Talis
3464 1835 3665 1905 quippe
3712 1836 3810 1892 be-

2203 1920 2394 1989 nignus
2432 1920 2687 1976 estDens
2720 1937 2869 1993 :prae
2921 1923 3082 1978 nimia
3134 1937 3232 1978 sua
3288 1924 3610 1982 liberalitate
3657 1927 3802 1993 illos,

2203 2012 2292 2081 qui
2316 2011 2440 2065 boni
2468 2012 2738 2083 quidpiam
2761 2024 3016 2085 praestare
3038 2016 3307 2072 voluerint
3349 2027 3440 2073 aut
3485 2018 3663 2091 eﬂ‘ari,
3705 2039 3800 2078 re-

2203 2105 2660 2160 munerationibus
2699 2120 2760 2162 ac
2785 2108 3019 2176 praemiis
3038 2123 3296 2178 superare
3336 2112 3651 2168 contendit:
3680 2130 3806 2185 qua:

2204 2198 2404 2253 utinam
2425 2213 2816 2269 consequamur
2848 2200 2902 2255 in
2926 2199 3142 2256 Christo
3166 2200 3297 2257 Jesu
3329 2202 3561 2260 Domino
3583 2215 3796 2272 nostro,

2200 2291 2286 2346 cui
2311 2289 2476 2361 gloria
2507 2282 2558 2347 in
2579 2292 2772 2349 smcula
2796 2292 3136 2350 sucularum.
3168 2295 3359 2350 Amen.
