4050 6448
235 371 346 430 537

238 482 502 546 νοῦντας,
546 482 674 546 τοὺς
708 481 939 544 εἰδότας,
987 480 1118 542 τοὺς
1157 479 1258 533 οὐκ
1288 478 1516 544 εἰδότας,
1551 479 1678 540 τοὺς
1725 477 1836 530 ἀπὸ

235 573 352 628 τῶν
388 572 748 643 πραγμάτων.
791 571 919 632 τοὺς
971 570 1082 624 ἀπὸ
1114 570 1216 640 τῆς
1257 571 1447 641 φήμης
1494 569 1562 623 τὰ
1607 567 1834 622 ἐκείνων

242 664 636 738 μανθάνοντας,
675 664 804 727 τοὺς
837 661 1240 730 συναλγοῦντας
1276 663 1524 734 μυρίους,
1550 660 1676 724 τοὺς
1711 675 1838 714 συν-

237 752 697 825 αγωνιζομένους,
726 753 854 816 τοὺς
894 751 963 805 τά
1005 752 1219 824 χρηστὰ
1266 750 1695 822 συνευχομένους
1737 751 1832 804 αὐ·

237 846 356 907 τοῖς
400 843 641 906 πάντας·
672 843 723 895 οί
779 841 838 895 δὲ
887 842 1331 906 ἐπιϐουλεύοντες
1377 843 1506 906 τοὺς
1541 839 1836 913 μισοῦντας

236 931 530 994 τοσούτους
554 931 649 985 καὶ
679 930 863 1002 πολλῷ
890 932 1130 997 πλείους,
1159 934 1285 996 τοὺς
1319 933 1682 1004 κατηγόρους,
1707 931 1835 996 τοὺς

236 1021 648 1089 διαϐάλλοντας,
670 1023 798 1086 τοὺς
824 1023 1169 1095 ἐλέγχοντας,
1193 1023 1323 1086 τοὺς
1346 1021 1830 1093 καταισχύνοντας,

232 1113 366 1176 τοὺς
391 1111 790 1184 ἐπαρωμένους
815 1113 1008 1186 μυρία,
1035 1114 1161 1178 τοὺς
1194 1113 1606 1186 ἐπιθυμοῦντας
1637 1115 1834 1179 αὐτοὺς

238 1202 374 1256 ιδεῖν
408 1202 726 1257 ἕν’κολάσει
765 1203 862 1258 καὶ
905 1205 1172 1278 τιμωρίᾳ.
1231 1204 1347 1260 Καὶ
1381 1204 1557 1260 ταῦτα
1598 1207 1698 1278 μὲν
1745 1207 1834 1260 έν-

231 1293 440 1349 ταῦθα·
470 1294 538 1348 τά
570 1293 628 1348 δὲ
660 1296 780 1349 ἐκεῖ
805 1297 958 1361 ποῖος
1003 1297 1351 1368 παραστήσει
1381 1297 1576 1368 λόγος;
1616 1297 1683 1352 El
1718 1298 1830 1372 γὰρ

230 1386 335 1440 ινα
363 1402 448 1450 τις
481 1386 844 1452 σκανδαλίσας
875 1388 1116 1463 τοσαύτῃ
1145 1390 1368 1446 κολάσει
1413 1391 1827 1464 κατακρίνεται,

229 1476 314 1541 ὡς
344 1477 645 1548 συμφέρειν
680 1479 850 1550 μύλον
878 1482 1260 1554 κρεμασθῆναι
1297 1483 1390 1537 ἰπὶ
1432 1482 1527 1536 τὸν
1557 1481 1830 1554 τράχηλον

232 1567 427 1635 αὐτοῦ,
475 1571 570 1625 καὶ
600 1573 1101 1644 καταποντισθῆναι
1131 1577 1213 1639 είς
1251 1573 1352 1647 τὴν
1389 1573 1701 1630 θάλασσαν·
1744 1576 1830 1629 ὲν-

229 1658 428 1730 νόησον
468 1662 641 1728 πόσας
690 1662 954 1719 δώσουσιν
980 1659 1128 1721 οὗτοι
1174 1665 1331 1730 δίκας
1377 1666 1439 1720 ιν
1490 1665 1572 1738 τῷ
1614 1665 1831 1739 φοϐερῷ

226 1749 572 1826 δικαστηρίῳ
620 1755 743 1809 τότε
789 1755 1008 1828 ἐκείνῳ,
1062 1758 1235 1822 πόσας
1290 1756 1692 1829 ύποστήσονται
1748 1774 1830 1812 τι·

231 1843 472 1914 μωρίας,
507 1847 568 1901 τό
593 1865 657 1917 γε
685 1850 767 1914 είς
806 1849 1005 1915 αὐτοὺς
1038 1844 1196 1924 ἧκον,
1240 1849 1340 1923 τὴν
1369 1850 1703 1923 οἰκουμένην
1731 1868 1831 1905 τα-

232 1932 499 2001 ράξαντες
543 1936 783 2004 ἃπασαν,
823 1941 1092 2006 τοσαύτας
1137 1938 1542 2011 ἀνατρέψαντες
1592 1939 1828 2011 Ἐκκλη-

231 2024 379 2090 σίας,
422 2027 662 2103 τοσαύτῃ
699 2030 1108 2104 πολεμήσαντες
1145 2033 1361 2104 εἰρήνῃ,
1405 2034 1576 2105 μυρία
1624 2051 1829 2089 παντα-

231 2113 332 2185 χοῦ
363 2115 639 2171 σκάνδαλα
680 2118 898 2187 θέντεςς
939 2123 990 2175 οί
1022 2121 1080 2174 δὲ
1113 2124 1245 2195 παρ’
1273 2124 1496 2178 ἐκείνων
1539 2122 1826 2190 παθόντες,

232 2206 382 2276 ἅπερ
418 2205 642 2271 ἔπαθον,
680 2209 818 2278 μετὰ
861 2210 972 2264 τῶν
1007 2213 1326 2285 μαρτύρων,
1362 2213 1502 2286 μετὰ
1548 2214 1660 2269 τῶν
1687 2216 1828 2269 άπο⁴

231 2295 463 2362 στόλων,
519 2299 660 2368 μετὰ
713 2299 823 2354 τῶν
877 2305 1144 2370 γενναίων
1197 2307 1292 2362 καὶ
1339 2305 1561 2378 ὑψηλῶν
1612 2305 1826 2380 ἀνδρῶν

247 2387 589 2459 στήσονται,
634 2389 947 2464 λάμποντες
1011 2395 1123 2451 άπὸ
1171 2398 1283 2453 τῶν
1348 2399 1825 2472 κατορθωμάτων,

1740 361 2129 419 ΕΡιδτοιιε.

3446 361 3552 418 528

1945 475 2055 530 άπὸ
2115 473 2227 527 τῶν
2287 470 2482 526 παθῶν
2509 512 2524 538 ,
2582 470 2694 526 ἀπὸ
2736 471 2847 526 τῶν
2909 469 3192 541 στεφάνων
3218 513 3232 536 ,
3283 473 3392 527 άπὸ
3441 475 3555 532 τιῖιν

1946 564 2242 637 βραϐείων,
2271 565 2382 620 άπὸ
2410 564 2513 634 τῆς
2547 562 2754 636 πολλῆς
2789 562 3129 635 παρρησίας.
3172 565 3285 618 Καὶ
3330 564 3555 634 ὄψονται

1943 659 2045 729 μὲν
2073 658 2278 721 αὐτοὺς
2331 654 2758 727 κολαζομένους,
2810 655 3121 727 ἐξαρπάσαι
3163 655 3251 720 δὲ,
3305 657 3411 711 κᾶν
3449 676 3552 726 μυ·-

1942 749 2129 819 ριάκις
2157 746 2490 819 βουληθῶσι,
2515 747 2619 817 τῆς
2649 746 2929 812 κολάσεως
2956 747 3018 801 ού
3041 747 3388 817 δυνήσονται·
3417 749 3557 803 άλλά

1940 839 2168 911 θήσουσι
2202 837 2303 910 μὲν
2349 837 2636 910 ἱκετηρίαν
2662 833 2830 903 οὗτοι,
2857 836 3010 890 οὐδὲν
3052 835 3108 890 δὲ
3144 836 3452 908 ὀνήσουσιν.
3489 837 3553 890 El

1939 929 2050 1001 γάρ
2074 932 2103 983 ό
2136 929 2349 1000 πένητα
2376 929 2478 983 ἕνα
2523 927 2905 1001 παραδραμὼν
2933 927 3026 981 τὸν
3057 927 3311 998 Λάζαρον
3354 927 3551 981 τοσαύ-

1936 1039 2037 1092 την
2066 1020 2329 1093 ύπέμεινε
2357 1020 2536 1093 δίκην,
2564 1019 2659 1074 καὶ
2689 1019 2949 1091 οὐδεμιᾶς
2979 1019 3140 1090 ἔτυχε
3171 1018 3548 1091 παραμυθίας,

1935 1113 1990 1167 τί
2031 1113 2312 1168 πείσονται
2337 1107 2508 1177 οὗτοι,
2551 1112 2845 1175 τοσούτους
2872 1111 3160 1176 διώξαντες
3186 1111 3281 1167 καὶ
3317 1110 3552 1166 σκανδα-

1937 1203 2222 1270 λίσαντες;
2275 1205 2443 1259 Ταῦτ’
2486 1200 2581 1259 οὖν
2617 1204 2834 1259 ᾶπαντα
2879 1202 3252 1275 λογιζόμενοι,
3304 1205 3400 1258 καὶ
3446 1205 3551 1260 ὅσα

1936 1297 2148 1363 τούτοις
2182 1298 2406 1353 ἐοικότα
2431 1297 2540 1353 άτώ
2569 1298 2677 1352 τῶν
2705 1297 2868 1352 θείων
2907 1297 3259 1366 συλλέγοντες
3286 1297 3545 1370 Γραφῶν,

1937 1389 2152 1453 ἑαυτοῖς
2201 1389 2303 1460 μὲν
2351 1391 2532 1460 τεῖχος
2574 1387 2852 1459 ἀσφαλὲς,
2895 1390 3009 1452 τοῖς
3042 1386 3099 1442 δὲ
3133 1387 3550 1460 ἀσθενεστέροις

1935 1482 2017 1535 ἔτι
2045 1481 2321 1553 φάρμακα
2347 1480 2522 1536 ταῦτα
2567 1483 3076 1547 κατασκευάζοντες
3107 1481 3177 1535 τά
3205 1481 3545 1555 διηγήματα,

1937 1574 2168 1644 στήκετε
2221 1572 2452 1645 ἑδραῖοι,
2499 1572 2595 1628 καὶ
2644 1573 3058 1644 ἀμετακίνητοι,
3089 1573 3162 1628 τὰ
3208 1573 3548 1646 ὑποκείμενα

1938 1663 2068 1735 ύμῖν
2094 1663 2276 1734 ἀγαθὰ
2307 1664 2699 1736 ἀναμένοντες.
2753 1664 2982 1730 Πάντως
3013 1664 3145 1736 γὰρ,
3175 1665 3394 1731 πάντως
3431 1665 3547 1720 κεί-

1937 1772 2092 1812 σεται
2127 1756 2259 1828 ύμῖν
2299 1755 2532 1829 ἀμοιϐὴ,
2557 1757 2619 1809 οὐ
2651 1756 2761 1810 τῶν
2795 1756 2977 1811 πόνων
3011 1757 3124 1827 ῐση,
3159 1756 3275 1811 ἀλλ’
3307 1757 3376 1811 ὲκ
3413 1755 3545 1811 πολε

1934 1847 2028 1903 λοῦ
2073 1847 2170 1903 τοῦ
2217 1849 2506 1922 περιόντος
2553 1849 2783 1919 άφατος.
2835 1848 3090 1914 Τοιοῦτος
3137 1849 3247 1920 γὰρ
3292 1851 3322 1904 ό
3355 1848 3545 1919 φιλάν-

1934 1940 2156 2013 θρωπος
2223 1940 2393 2006 Θεός·
2451 1941 2591 2014 μετὰ
2641 1941 2846 2012 πολλῆς
2894 1941 2996 2012 τῆς
3052 1940 3366 2012 φιλοτιμίας
3415 1944 3543 2006 τοὺς

1932 2031 2139 2102 ἀγαθόν
2191 2048 2247 2086 τι
2302 2035 2478 2088 ποιεῖν
2522 2034 2555 2104 ἢ
2613 2032 2799 2106 [5M]
2859 2033 3043 2102 λέγειν
3071 2033 3542 2106 προαιρουμένους

1933 2127 2058 2189 ταῖς
2107 2124 2413 2179 ἀντιδόσεσι
2475 2127 2570 2180 καὶ
2625 2129 2748 2189 ταῖς
2807 2126 3065 2198 ἀμοιϐαῖς
3119 2127 3277 2197 νικᾷν
3342 2125 3542 2181 ὲσπού-
3617 2133 3620 2138 ’

1930 2216 2095 2271 δακεν
2117 2233 2131 2248 ο
2160 2210 2236 2271 ὧν
2269 2217 2626 2291 ὲπιτύχοιμεν
2650 2222 2709 2274 ὲν
2736 2217 2964 2293 Χριστῷ
3019 2217 3194 2290 Ἰησοῦ
3226 2217 3306 2289 τῷ
3349 2218 3541 2290 Κυρίῳ

1929 2308 2110 2382 ήμῶν,
2161 2301 2208 2378 ᾧ
2261 2312 2298 2382 ἡ
2356 2309 2486 2379 δόξα
2538 2313 2622 2376 είς
2671 2312 2803 2376 τοὺς
2868 2309 3075 2376 αίῶνας
3127 2309 3241 2366 τῶν
3299 2309 3535 2366 αίώνων.

1943 2401 2141 2472 Ἀμήν.
