4050 6424
379 5153 608 5210 ""qui
633 5155 787 5205 autei

548 463 606 508 ut
636 451 774 521 apud
805 467 902 507 nos
926 452 1252 509 diverterent
1281 469 1295 507 :
1325 462 1477 508 erant
1522 452 1664 508 enim
1705 449 1998 506 diversoria
2019 487 2035 512 ,
2077 453 2132 500 et

540 542 722 598 omnia
748 542 850 597 alia
880 559 998 613 quae
1027 542 1336 613 oportebat,
1379 544 1516 599 bene
1546 543 1801 598 instructa
1831 558 1843 595 :
1877 550 1930 594 at
1955 551 2129 608 neque

542 631 618 688 illi
647 646 821 702 neque
857 633 971 704 ipse
1010 634 1165 690 nobis
1204 648 1406 689 morem
1449 633 1726 700 gerebant.
1759 629 1910 688 Unde
1942 642 2040 684 nos
2064 641 2128 682 ea

541 724 805 791 videntes,
834 726 988 782 valde
1029 725 1508 795 consternabamur
1541 725 1720 779 animo
1747 741 1761 777 :
1792 731 1846 776 et
1887 719 2129 789 quamvis

541 815 860 884 Injustarum
899 816 1111 872 illarum
1154 816 1548 873 inimicitiarum
1574 829 1788 870 causam
1814 811 2014 867 nullam
2042 810 2128 865 in-

541 907 728 960 venire
755 921 1034 976 possemus
1055 947 1073 974 ,
1103 907 1449 962 nihilominus
1479 914 1655 960 tamen
1696 903 1870 958 officia
1912 901 1992 958 eis
2030 901 2131 955 im-

542 995 849 1066 pendimus,
875 1011 996 1067 quae
1035 1011 1134 1067 par
1171 1006 1287 1052 erat
1327 1010 1426 1051 nos
1469 995 1574 1052 illis
1617 993 1902 1055 exhibere:
1931 1008 1996 1048 ac
2020 993 2130 1050 fre-

544 1096 775 1155 quenter
797 1087 970 1157 ipsum
994 1087 1410 1154 obsecravimus,
1430 1096 1488 1142 ut
1504 1102 1570 1143 se
1583 1086 1738 1141 nobis
1756 1085 2126 1157 coniungeret,

546 1175 889 1248 diceretque,
928 1180 1081 1250 cujus
1111 1178 1280 1250 gratia
1310 1179 1488 1234 statim
1515 1178 1582 1234 ab
1612 1177 1765 1234 initio
1793 1185 2000 1233 tantum
2028 1191 2128 1232 ex-

546 1270 738 1327 citaret
757 1271 977 1339 bellum,
995 1270 1048 1326 in
1071 1279 1321 1343 tantaque
1342 1271 1471 1328 urbe
1487 1270 1804 1326 discordiam
1828 1269 2124 1329 induceret.

547 1359 748 1418 Verum
771 1377 891 1418 cum
915 1363 1002 1419 ille
1021 1377 1235 1419 causam
1256 1363 1437 1419 dicere
1458 1362 1643 1427 nollet,
1667 1375 1860 1433 meque
1878 1369 2131 1431 urgerent

546 1464 886 1510 accusatores
907 1455 1043 1526 ejus,
1067 1455 1276 1511 vocavit
1304 1471 1403 1511 nos
1427 1454 1721 1525 Imperator
1745 1452 2127 1524 pientissimus,

546 1553 603 1600 ct
625 1545 786 1615 jussit
814 1547 891 1601 ire
918 1545 986 1601 ad
1016 1547 1188 1626 locum
1215 1546 1269 1602 in
1297 1561 1404 1618 quo
1434 1546 1522 1601 ille
1549 1545 1768 1616 agebat,
1802 1553 1859 1599 et
1891 1543 2003 1599 illic
2025 1543 2129 1600 cri-

549 1635 712 1706 mina,
739 1650 859 1707 qua:
883 1636 983 1706 ipsi
1007 1636 1346 1702 offerrentur,
1371 1637 1575 1693 audire.
1611 1635 1743 1692 Nam
1772 1636 2130 1702 incursiones,

547 1733 606 1780 et
649 1725 861 1792 cades,
904 1734 961 1782 et
1006 1726 1106 1781 alia
1153 1728 1378 1798 plurima
1417 1727 1739 1797 objiciebant
1765 1743 1780 1781 :
1808 1741 1908 1783 nos
1950 1734 2129 1782 autem

548 1814 778 1870 scientes
826 1814 968 1886 leges
1013 1824 1243 1887 patrum,
1274 1817 1499 1888 viroque
1523 1815 1782 1873 honorem
1799 1816 2126 1882 deferentes,

549 1904 807 1960 habentes
832 1906 990 1960 etiam
1017 1921 1178 1977 super
1201 1908 1301 1962 hac
1327 1923 1386 1963 re
1411 1907 1529 1978 ejus
1559 1909 1741 1964 literas
1764 1948 1780 1974 ,
1807 1915 2056 1978 oportere
2076 1907 2129 1962 in

548 1995 846 2068 quibusque
869 1998 1153 2067 provinciis
1179 2014 1272 2054 sua
1299 1999 1506 2070 negotia
1533 1999 1762 2065 tractari,
1788 2013 1961 2069 neque
1981 2005 2131 2053 extra

552 2087 749 2143 limites
775 2089 984 2144 illarum
1013 2088 1182 2156 trahi,
1214 2088 1557 2146 vehementer
1582 2089 1993 2146 detrectavimm
2015 2130 2030 2156 ,
2062 2105 2132 2145 ne

549 2191 764 2232 causam
803 2179 1199 2248 susciperemus
1239 2179 1600 2250 judicandam.
1648 2180 1817 2236 Porro
1847 2181 1937 2236 ille
1976 2181 2130 2251 quasi

549 2268 815 2339 prioribus
865 2270 1142 2326 conatibus
1192 2271 1463 2327 cumulum
1515 2270 1716 2328 addere
1760 2270 2128 2336 contendens,

547 2359 714 2414 multa
739 2361 1058 2417 auctoritate
1077 2370 1264 2417 vocato
1283 2361 1661 2418 archidiacono
1687 2377 1830 2429 meo,
1852 2363 2002 2434 quasi
2018 2362 2128 2433 jam

547 2449 788 2506 Ecclesia
831 2450 1045 2507 viduata
1088 2462 1250 2521 esset,
1280 2468 1346 2508 ac
1389 2453 1694 2524 episcopum
1738 2468 1844 2509 non
1888 2453 2128 2520 haberet,

545 2544 748 2600 clerum
791 2559 1007 2602 omnem
1049 2546 1152 2603 sibi
1187 2562 1285 2618 per
1327 2547 1478 2603 illum
1518 2548 1798 2618 adjunxit:
1828 2548 2131 2619 fiebantque

547 2634 775 2692 deserta:
799 2635 851 2691 in
880 2637 998 2693 dies
1024 2637 1287 2705 ecclesiae,
1321 2637 1448 2694 dum
1475 2654 1506 2694 e
1534 2639 1755 2710 singulis
1775 2640 2016 2696 ecclesiis
2043 2641 2130 2696 ab-

544 2726 875 2782 ducebantur
889 2727 1066 2784 clerici
1096 2737 1151 2783 et
1180 2728 1579 2785 instruebantur
1599 2739 1657 2784 ut
1676 2743 1776 2785 nos
1792 2741 2126 2797 accusarent,

543 2828 600 2874 et
627 2817 836 2874 libellos
863 2817 1124 2874 adversus
1151 2833 1253 2874 nos
1280 2818 1652 2889 producerent.
1681 2820 1809 2875 Post
1833 2821 1950 2876 haec
1971 2836 2130 2876 voca-

542 2908 620 2963 vit
653 2917 710 2964 et
744 2923 841 2964 nos
880 2907 946 2963 ad
981 2907 1268 2978 judicium,
1302 2909 1537 2966 nondum
1570 2910 1753 2968 dilutis
1780 2911 1879 2967 sibi
1904 2911 2128 2983 objectis

546 2998 881 3065 criminibus,
905 2997 956 3052 id
986 2997 1128 3069 quod
1149 2999 1381 3055 maxime
1400 3009 1586 3055 contra
1612 3015 1799 3056 omnes
1821 3016 2054 3058 canones
2074 3012 2129 3058 et

541 3090 691 3161 leges
713 3098 846 3145 erat.

614 3178 670 3233 2.
704 3178 1091 3250 Chrysostomus
1130 3197 1222 3236 cur
1256 3197 1426 3237 coram
1455 3181 1733 3254 Theophila
1775 3193 1822 3236 et
1847 3184 2050 3239 asseclis
2075 3200 2128 3239 se

540 3273 716 3327 sistere
739 3273 1003 3326 recusarit.
1027 3303 1096 3314 —
1127 3273 1296 3331 Porro
1317 3275 1577 3340 scientes,
1611 3290 1708 3330 nos
1735 3290 1842 3331 non
1879 3275 1945 3329 ad
1978 3275 2127 3346 judi-

542 3361 684 3427 cium
717 3361 875 3432 (nam
901 3362 1132 3434 alioquin
1159 3365 1456 3420 sexcenties
1483 3367 1910 3435 venissemus‘),
1936 3367 2029 3424 sed
2057 3367 2125 3422 ad

543 3451 754 3516 hostem
784 3460 840 3513 et
864 3453 1132 3510 inimicum
1162 3465 1434 3524 venturos,
1458 3457 1510 3512 id
1533 3458 1673 3529 quod
1696 3459 1825 3514 satis
1851 3459 2124 3515 declarant

545 3559 665 3614 quat
693 3543 840 3614 prius
865 3559 928 3600 ac
953 3555 1137 3616 postea
1163 3555 1286 3603 sunt
1312 3546 1469 3615 facta,
1500 3549 1741 3604 misimus
1761 3550 1828 3606 ad
1852 3566 1975 3606 cum
2005 3551 2122 3622 epi-

540 3647 756 3704 scopos,
795 3634 1119 3692 Demetrium
1148 3639 1455 3709 episcopum
1497 3639 1817 3707 Pesinuntis,
1846 3641 2121 3715 Eulysium

540 3725 794 3794 Apameae
817 3766 834 3792 ,
882 3725 1197 3797 Lupicinum
1239 3731 1528 3800 Appiarize,
1559 3732 1898 3802 presbyteros
1921 3744 2118 3799 autem,

539 3814 866 3874 Germanum
894 3827 949 3874 et
974 3819 1258 3884 Severum,
1290 3823 1767 3893 respOndimusque
1791 3826 2031 3882 modeste
2056 3841 2122 3882 ex

540 3917 726 3964 nostro
753 3909 992 3967 instituto
1019 3929 1033 3965 :
1061 3928 1164 3968 non
1195 3913 1364 3970 vitare
1389 3929 1485 3969 nos
1505 3915 1786 3984 judicium,
1818 3917 1912 3971 sed
1941 3917 2120 3972 inimi-

541 4013 664 4051 cum
689 4007 931 4069 apertum
952 4043 966 4064 .
995 4010 1050 4056 et
1077 4001 1284 4059 hostem
1325 4005 1682 4060 manifestum.
1712 4004 1844 4061 Nam
1870 4009 1961 4078 qui
1987 4024 2122 4064 nou-

540 4090 668 4149 dum
714 4093 945 4162 acceptis
986 4093 1180 4150 libellis
1213 4095 1392 4151 statim
1436 4096 1504 4153 ab
1546 4097 1697 4152 initio
1738 4098 1859 4154 talia
1897 4099 2037 4166 fecit,
2067 4109 2123 4157 et

538 4181 772 4252 seipsum
808 4181 1074 4239 abstraxit
1116 4185 1184 4240 ab
1228 4185 1480 4244 Ecclesiae
1509 4188 1755 4258 precibus
1792 4199 1847 4245 et
1881 4204 2121 4247 commu-

537 4273 728 4337 nione,
757 4281 812 4328 et
841 4272 1059 4344 insuper
1080 4285 1416 4334 accusatores
1441 4279 1788 4348 subornavit,
1817 4282 2021 4338 clerum
2051 4283 2117 4338 ad

536 4379 597 4420 se
622 4365 800 4433 traxit,
826 4367 1107 4423 ecclesiam
1131 4368 1425 4426 desolavit:
1451 4373 1719 4443 quomodo
1748 4374 1970 4432 idoneus
1993 4392 2118 4433 cen-

536 4455 643 4510 seri
674 4458 841 4525 possit
867 4457 1191 4528 liujusmodi,
1215 4470 1273 4516 ut
1295 4464 1348 4517 in
1373 4462 1568 4533 judicis
1594 4465 1843 4522 thronum
1865 4482 2118 4526 conscen-

534 4545 629 4599 dat
653 4545 752 4602 sibi
781 4547 1001 4604 minime
1023 4554 1442 4621 congruentem?
1465 4553 1644 4625 Neque
1661 4557 1801 4612 enim
1823 4573 2114 4629 congruum

530 4646 615 4694 est
641 4679 657 4703 ,
706 4647 762 4694 ut
801 4640 838 4694 ii
879 4641 968 4712 qui
1009 4642 1064 4697 in
1106 4641 1340 4716 ἕωμο
1363 4655 1506 4714 sunt,
1534 4647 1775 4716 judicent
1810 4665 1905 4707 cos
1942 4653 2031 4722 qui
2062 4655 2114 4708 in

531 4731 785 4798 Thracia,
815 4743 869 4789 et
893 4735 1187 4804 praesertim
1216 4737 1304 4794 ille
1332 4739 1421 4809 qui
1453 4740 1567 4809 ipse
1589 4756 1714 4798 reus
1735 4752 1838 4810 est,
1871 4744 2116 4802 inimicus

528 4832 584 4878 et
618 4820 786 4878 hostis
805 4824 848 4879 '.
876 4825 946 4880 At
972 4825 1061 4883 ille
1089 4827 1220 4883 nihil
1246 4828 1440 4885 horum
1468 4833 1750 4900 reveritus,
1778 4849 1973 4907 magno
1998 4846 2115 4892 stu-

525 4982 640 5080 alii:
660 4971 766 5083 ip:
785 4977 923 5024 uarat
945 4987 959 5000 ο
979 4977 1177 5051 Fabric,
1201 4985 1248 5030 et
1287 4992 1367 5030 eos
1389 4979 1474 5043 qui
1510 4984 1578 5036 ad
1599 4985 1756 5050 ipsum
1777 4998 2114 5055 accesserat;

636 5066 687 5098 .,_
762 5044 841 5098 eos
966 5045 1074 5088 mite
1093 5053 1250 5098 tum
1283 5041 1592 5097 admrcmt.
1627 5056 1791 5098 Itaque
1834 5051 2110 5098 chrvsosto-

524 5053 2110 5175 Esasisséeﬁstmsmmmms

661 5161 762 5235 nte
962 5159 1283 5235 advenerant,
1327 5159 1368 5213 si
1402 5174 1588 5235 stemus
1623 5159 2017 5235 pﬁwus—izd—it‘owru'm
2027 5159 2111 5228 ii;

690 5215 813 5292 give]
827 5218 1169 5292 _'tl_1eophilum
1201 5232 1254 5274 et
1264 5215 1382 5292 _'_cos
1399 5215 1586 5292 quiad—
1603 5215 1758 5292 ipsum
1779 5215 2088 5290 ἦξε-ἷξῗεῖιῖ

526 5278 811 5360 geum-
820 5278 1154 5360 [ahriciauum
1417 5278 1431 5349 ξ
1444 5352 1454 5360 _
1473 5278 1994 5360 velh’fheop-hi—Iu'mme't
2005 5278 2109 5352 'é'n'é

598 5338 608 5350 ο

767 5342 874 5404 ipso
897 5352 1151 5405 venerant,
1175 5355 1230 5420 nt
1253 5342 1490 5400 fertur'in
1513 5342 1708 5406 duobus
1718 5342 1932 5421 Elidis
1942 5342 2106 5412 Vedii-ir:

671 5437 682 5446 .
717 5408 827 5446 Haec
847 5416 966 5446 vom
1003 5415 1242 5446 minum-
1275 5409 1419 5446 lootin
1447 5419 1602 5446 mani.
1634 5419 1831 5446 mna...
1869 5422 1926 5446 ..Α
1961 5437 2102 5446 ....__-

573 5400 1242 5487 .1'3?-.'L=é9j;°'2-métier
1274 5409 1419 5487 laeuo
1447 5400 1931 5487 πηεέῖεῗίῑιῖεςῖτῖιῖῖᾶ
1961 5400 2106 5487 ἐδἷῦ

696 5463 899 5541 ﬂecte
913 5458 1232 5541 ,ενιπᾴτέιιιάίηε
1269 5458 1603 5538 ερίὲὲὸρὄῖιῖνῑ
1637 5458 2106 5541 “ὁὲἶιῦ’,“ἐῖῖιειὶ“ὲ¹ι’ἐιὲ

528 5525 673 5587 etiam
691 5526 816 5587 apud
851 5525 1119 5579 Palladium.

593 5585 1028 5670 ius-l‘cjaﬂesmttss.
1054 5601 1220 5670 recte.
1239 5602 1288 5644 tu
1310 5597 1453 5648 Editis
1475 5598 1597 5662 hac,
1632 5616 1744 5654 nam
1765 5602 1975 5670 alioquin
1990 5624 2100 5662 sex-

525 5645 701 5712 centies
723 5652 1024 5712 uenissemus,
1047 5654 1245 5707 desunt.

589 5711 1097 5796 inanissimam
1121 5731 1256 5770 reum
1301 5719 1636 5789 ultimumque
1658 5734 1897 5792 accusent,
1925 5745 2029 5796 pro,
2055 5741 2103 5787 et

518 5778 806 5835 nunerum,
832 5780 924 5826 etc.

1321 333 1376 390 8.
1416 330 1691 390 JOANNIS
1720 325 2094 387 CHRYSOST.
2140 323 2458 383 ARCHIEP.
2498 327 3035 389 CONS'I‘ANTINOP.

2236 445 2326 500 dio
2350 447 2659 516 anhelabat,
2679 457 2739 505 ut
2758 447 3042 520 perliceret
3059 461 3122 504 ea
3142 463 3261 520 qua:
3282 457 3459 505 mente
3479 457 3833 518 conceperat.

2234 539 2368 594 Cum
2397 551 2579 597 autem
2599 548 3028 597 contestaremur
3047 550 3263 611 paratos
3289 553 3390 596 nos
3414 538 3481 596 ad
3509 539 3836 596 diluendum

2233 629 2457 685 crimina
2478 672 2493 698 ,
2533 638 2587 685 et
2626 630 2694 685 ad
2737 630 3116 696 innocentiam,
3149 631 3289 686 sicut
3313 638 3367 685 et
3393 629 3712 685 innocentes
3743 645 3839 684 su-

2235 737 2375 788 mus,
2395 722 2773 778 declarandam
2797 735 2980 778 coram
3006 731 3224 779 centum
3249 723 3330 778 vel
3357 723 3505 778 mille
3530 723 3836 793 episcopis,

2235 827 2341 870 non
2370 814 2601 869 assensit
2625 829 2641 869 :
2672 813 2768 869 sed
2796 813 2921 869 licet
2943 813 3193 870 absentes
3215 828 3492 877 essemus,
3523 823 3577 869 et
3607 812 3679 868 ad
3705 829 3840 885 syn-

2233 905 2393 962 odum
2441 905 2856 976 appellaremus,
2896 903 3264 974 judiciumque
3306 903 3735 974 requireremus,
3784 910 3841 960 et

2234 1010 2340 1050 non
2377 995 2628 1062 tribunal,
2669 995 2767 1051 sed
2807 994 3120 1050 manifestas
3157 994 3463 1050 inimicitias
3495 995 3835 1066 fugeremus,

2234 1085 2350 1156 ipse
2388 1094 2568 1142 tamen
2608 1093 2949 1142 accusatores
2986 1085 3244 1156 suscepit,
3284 1086 3838 1142 excommunicatosa

2234 1193 2324 1234 me
2347 1177 2597 1245 absolvit,
2616 1186 2671 1234 et
2696 1178 2766 1234 ab
2788 1177 2914 1243 illis,
2940 1177 3030 1249 qui
3057 1177 3292 1234 nondum
3315 1193 3377 1235 se
3401 1178 3471 1235 de
3495 1180 3610 1234 suis
3638 1193 3843 1249 purga.

2231 1280 2423 1326 verant
2459 1271 2804 1338 criminibus,
2842 1269 3054 1327 libellos
3078 1270 3159 1343 (α)
3185 1270 3429 1341 accepit:
3457 1280 3514 1328 et
3541 1281 3662 1327 acta
3689 1285 3838 1340 prte-

2233 1362 2394 1421 scribi
2420 1363 2622 1434 jussit,
2658 1378 2779 1434 qua:
2812 1362 2990 1420 omnia
3015 1360 3222 1432 legibus
3246 1369 3304 1417 et
3324 1361 3623 1417 canonibus
3652 1361 3840 1431 prohi-

2232 1453 2343 1512 bita
2367 1463 2540 1511 erant.
2567 1454 2636 1511 Et
2654 1453 2782 1525 quid
2801 1468 2938 1525 opus
2962 1461 3047 1511 est
3063 1452 3228 1509 multa
3248 1452 3463 1508 dicere?
3486 1451 3602 1509 Non
3623 1450 3840 1507 destitit

2233 1547 2413 1603 omnia
2442 1546 2622 1603 facere
2659 1561 2725 1604 ac
2759 1547 2966 1613 moliri,
2997 1545 3170 1602 donec
3202 1559 3302 1600 nos
3329 1545 3381 1600 vi
3419 1559 3484 1601 ac
3522 1544 3766 1615 potentia
3804 1558 3838 1599 ο

2233 1638 2451 1695 civitate
2487 1647 2544 1695 et
2579 1638 2821 1696 Ecclesia
2846 1638 3094 1708 ejiceret,
3120 1636 3281 1692 etiam
3306 1637 3418 1707 jam
3453 1644 3708 1707 provecta
3735 1650 3834 1690 ve-

2233 1746 2419 1801 spera,
2447 1743 2503 1787 et
2541 1732 2790 1788 universo
2824 1731 3020 1802 populo
3058 1745 3157 1786 nos
3196 1739 3572 1802 prosequente.
3604 1729 3838 1785 Tractus

2235 1823 2394 1894 igitur
2406 1823 2457 1877 vi
2473 1831 2528 1878 et
2546 1822 2804 1880 abductus
2824 1838 2856 1878 a
2881 1821 3107 1878 Curioso
3134 1821 3285 1878 urbis
3310 1821 3364 1878 in
3393 1821 3568 1877 media
3589 1821 3834 1887 civitate,

2234 1923 2290 1969 et
2315 1913 2368 1969 in
2397 1914 2572 1969 navim
2598 1914 2892 1985 conjectus,
2924 1929 3020 1986 per
3046 1923 3259 1970 noctem
3288 1912 3567 1985 navigavi,
3593 1927 3662 1968 eo
3688 1912 3836 1984 quod

2233 2007 2302 2062 ad
2343 2007 2608 2082 synodum
2653 2017 2711 2064 et
2744 2008 2946 2079 justum
2985 2006 3241 2078 judicium
3285 2020 3655 2076 provocaram.
3701 2004 3838 2074 Quis

2236 2100 2350 2156 haec
2379 2101 2498 2157 sine
2525 2100 2796 2174 Iacrymis,
2819 2101 3028 2158 etiamsi
3058 2115 3154 2157 cor
3177 2098 3448 2170 lapideum
3481 2099 3712 2164 haheat,
3739 2112 3837 2152 au-

2231 2192 2372 2250 diret
2392 2194 2416 2248 ἲ

2312 2285 2704 2358 Chrysostomus
2731 2302 2764 2340 α
2785 2286 2945 2357 priori
2970 2285 3151 2341 exsilio
3170 2284 3333 2340 redita:
3354 2283 3608 2352 quomodo
3632 2298 3692 2338 se
3722 2300 3837 2355 ges-

2233 2381 2377 2444 serit,
2427 2389 2475 2435 et
2514 2395 2630 2451 quia
2669 2380 2732 2435 sit
2771 2395 3058 2450 perpessus.
3104 2376 3338 2433 Violenta
3364 2379 3418 2431 in
3457 2374 3747 2432 Ecclesium
3769 2377 3836 2429 in

2234 2470 2701 2543 raptim—Verum
2728 2471 2873 2541 quia,
2899 2470 3037 2525 sicut
3063 2468 3211 2540 prius
3235 2467 3367 2534 dixi,
3395 2482 3461 2523 ea
3488 2482 3609 2538 qum
3635 2481 3836 2538 perpe-

2234 2579 2348 2619 ram
2371 2563 2506 2620 llunt
2528 2605 2545 2632 ,
2572 2579 2680 2619 non
2710 2565 2883 2619 solum
2912 2560 3241 2633 deploranda
3269 2602 3286 2629 ,
3313 2561 3408 2617 sed
3430 2566 3487 2617 et
3507 2559 3833 2631 corrigenda

2233 2667 2394 2714 sunt:
2425 2657 2548 2713 ideo
2571 2657 2846 2713 caritatem
2871 2665 3104 2712 vestram
3131 2654 3360 2710 obsecro
3381 2695 3397 2722 ,
3421 2662 3479 2708 ut
3505 2662 3836 2724 provocetm

2232 2749 2300 2805 ad
2331 2749 2744 2814 condolendum,
2771 2747 3176 2818 .‘aciendumque
3189 2746 3389 2813 omnia,
3411 2761 3519 2817 quo
3538 2747 3685 2802 mala
3716 2745 3834 2802 hac

2232 2843 2511 2899 sistantur.
2540 2841 2724 2914 Neque
2765 2843 2910 2898 enim
2951 2842 3039 2897 hic
3073 2839 3367 2896 facinorum
3406 2837 3514 2894 illis
3553 2838 3703 2906 finis,
3734 2837 3832 2896 sed

2231 2935 2298 2991 ad
2324 2935 2501 3006 priora
2531 2935 2847 3006 adjecerunt
2876 2943 2933 2991 et
2961 2934 3088 2990 alia.
3125 2932 3259 2990 Nam
3287 2942 3570 3004 postquam
3586 2945 3702 3006 eos
3736 2935 3832 3004 qui

2232 2998 2512 3085 ecclesiam
2541 2998 2879 3099 impudenter
2907 3027 3212 3082 invaserant
3242 3067 3257 3092 ,
3286 2998 3557 3095 piissimus
3583 2998 3830 3094 impera-

2232 3129 2316 3176 tor
2338 3120 2517 3190 ejecit,
2543 3127 2599 3176 et
2626 3119 2781 3176 multi
2808 3118 3064 3189 episcopi,
3099 3117 3189 3186 qui
3213 3115 3457 3183 aderant,
3485 3129 3828 3186 cognoscen-

2233 3221 2313 3267 tes
2341 3211 2672 3282 iniquitatem
2713 3219 2768 3266 et
2807 3210 3138 3266 invasionem
3181 3208 3392 3263 illorum
3416 3249 3432 3275 ,
3457 3205 3613 3279 quasi
3641 3206 3830 3264 incen-

2229 3303 2377 3359 dium
2404 3304 2701 3374 depascens
2737 3304 2916 3359 omnia
2948 3344 2962 3368 ,
3001 3302 3265 3375 fugientes
3295 3341 3313 3369 ,
3344 3301 3398 3357 in
3422 3314 3549 3357 suas
3573 3300 3830 3372 regiones

2229 3403 2614 3451 concesserunt
2643 3436 2658 3461 ,
2700 3409 2905 3464 nosque
2948 3394 3137 3448 iterum
3168 3393 3221 3448 in
3252 3393 3439 3449 urbem
3464 3401 3521 3449 et
3549 3391 3608 3447 in
3631 3390 3829 3449 Eccle-

2229 3487 2363 3542 siam
2393 3527 2410 3549 ,
2449 3502 2480 3542 a
2517 3501 2621 3558 qua
2646 3487 2843 3556 injuste
2886 3485 3042 3556 cjecti
3072 3499 3285 3540 eramus
3312 3525 3328 3551 ,
3369 3483 3544 3540 vocati
3585 3497 3780 3540 sumus
3808 3525 3827 3548 .

2229 3579 2608 3635 inducentibus
2637 3591 2738 3633 nos
2780 3577 3042 3647 episcopis
3070 3591 3226 3647 supra
3257 3575 3499 3648 triginta,
3531 3583 3588 3631 et
3613 3577 3829 3632 notario

2228 3670 2297 3727 ah
2325 3671 2652 3742 Imperatore
2679 3669 2920 3740 piissimo
2946 3670 2998 3724 in
3035 3668 3137 3725 hoc
3167 3668 3333 3724 misso
3360 3709 3375 3734 ,
3404 3666 3496 3724 ille
3519 3667 3705 3724 statim
3732 3681 3828 3724 au-

2229 3759 2380 3832 fugit.
2411 3761 2518 3817 Cur
2559 3772 2614 3817 et
2660 3777 2762 3833 qua
2791 3762 2860 3818 de
2898 3776 3057 3817 causa
3079 3761 3103 3813 ?
3129 3760 3210 3816 Eo
3247 3759 3390 3832 quod
3437 3759 3667 3832 ingressi
3694 3775 3824 3817 mox

2227 3855 2640 3912 obsecrahamus
2671 3855 3126 3927 religiosissimum
3155 3853 3537 3925 Imperatorem
3561 3894 3579 3922 ,
3610 3863 3822 3910 utcon-

2227 3949 2406 4004 cilium
2427 3960 2662 4022 cogeret,
2690 3967 2798 4022 quo
2827 3951 2961 4007 facta
2994 3951 3110 4007 hazc
3135 3950 3474 4022 punirentur.
3500 3949 3638 4007 Male
3658 3950 3824 4023 igitur

2225 4041 2473 4096 conscius
2499 4042 2623 4109 sibi,
2644 4053 2700 4098 ct
2723 4042 3194 4114 reprehensionem
3222 4043 3612 4112 pertimescens
3640 4084 3658 4111 ,
3697 4058 3823 4099 cum

2225 4131 2565 4203 Imperatoris
2586 4135 2754 4191 litera:
2783 4136 2836 4190 in
2855 4137 3032 4191 omnia
3066 4136 3180 4193 loca
3203 4138 3547 4194 mitterentur
3569 4145 3627 4192 et
3645 4136 3823 4193 unde-

2222 4242 2451 4299 cumque
2473 4243 2662 4286 omnes
2680 4240 3082 4301 congregarent,
3102 4231 3330 4297 occulte,
3357 4229 3642 4300 mediaque
3660 4238 3824 4288 nocte

2224 4319 2340 4391 ipse
2365 4335 2486 4377 cum
2526 4322 2640 4378 suis
2683 4323 2936 4378 omnibus
2964 4336 3257 4378 conscensa
3303 4323 3428 4379 navi
3467 4323 3686 4394 elapsus
3712 4334 3816 4381 est.

2296 4415 2349 4471 5.
2377 4414 2548 4470 Porro
2572 4429 2702 4480 nos,
2728 4423 2913 4485 utpote
2941 4415 3285 4472 conscientia:
3310 4424 3512 4471 nostra:
3542 4415 3776 4475 fidentes
3811 4459 3828 4484 ,

2224 4521 2330 4560 non
2350 4515 2630 4577 propterea
2643 4507 2968 4574 destitimus,
2997 4507 3096 4563 sed
3114 4506 3305 4566 eadem
3335 4507 3530 4564 iterum
3547 4522 3577 4563 a
3599 4508 3827 4582 religio-

2223 4599 2439 4654 sissimo
2465 4599 2792 4669 lmperatore
2816 4598 3120 4669 petivimus.
3142 4597 3244 4667 Qui
3272 4609 3328 4654 et
3359 4614 3456 4669 pro
3488 4613 3587 4656 sua
3620 4601 3827 4671 pietate

2223 4691 2399 4747 missis
2423 4690 2492 4748 ad
2523 4691 2669 4747 illum
2694 4691 2893 4746 nuntiis
2925 4731 2940 4757 ,
2985 4705 3110 4746 eum
3139 4731 3157 4758 ,
3187 4699 3244 4747 et
3279 4705 3467 4749 omnes
3490 4691 3734 4764 quicum
3757 4705 3827 4750 eo

2220 4795 2394 4853 erant,
2423 4802 2488 4842 ex
2517 4785 2749 4858 [Egypto
2779 4787 3008 4849 vocavit,
3037 4796 3095 4841 ut
3117 4786 3377 4844 rationem
3403 4787 3672 4845 factorum
3691 4790 3809 4847 red-

2221 4881 2441 4938 derent:
2474 4896 2645 4951 neque
2673 4888 2918 4950 putarent
2943 4893 3006 4934 ea
3034 4895 3155 4950 qua:
3200 4880 3300 4949 ipsi
3335 4894 3437 4935 una
3462 4881 3642 4940 solum
3673 4897 3809 4953 prte-

2219 4982 2372 5029 scnte
2400 4980 2550 5042 parte
2580 5014 2595 5038 ,
2625 4972 2882 5041 nobisque
2910 4971 3219 5026 absentibus
3247 4980 3432 5027 contra
3461 4987 3702 5030 canones
3731 4975 3812 5030 in-

2212 5063 2356 5134 juste
2384 5070 2709 5118 attentarant
2735 5103 2750 5126 ,
2779 5076 2900 5119 esse
2925 5061 3024 5116 sibi
3054 5061 3121 5122 ad
3155 5063 3524 5134 purgationem
3562 5066 3717 5124 satis.
3750 5071 3816 5122 At

2216 5153 2377 5224 regiis
2403 5152 2571 5207 literis
2592 5152 2681 5208 ille
2701 5169 2806 5208 non
2836 5152 3258 5222 obtemperavit,
3285 5154 3384 5209 sed
3413 5153 3561 5211 domi
3590 5159 3808 5224 mansit,

2214 5253 2515 5315 praetexens
2535 5243 2853 5300 seditionem
2875 5244 3055 5315 populi
3083 5285 3100 5312 ,
3143 5244 3380 5302 studium
3401 5246 3659 5307 nimirum
3680 5265 3818 5320 quo-

2275 5425 3088 5538 (ἕῖυέῗπῖίυὲιθίέῗὲιῗσὲἐίἻίξὲἙῈ
3105 5429 3817 5538 ἓτὲῗθιὲἓῖἓὲθὲωξῖὲᾎᾙ

2211 5497 2267 5538 ut
2285 5486 2552 5553 plurimum
2589 5486 2824 5548 signiﬁcat
2864 5486 3084 5539 libellum
3108 5486 3453 5541 accusati-anes
3473 5486 3814 5556 coumlea'en.

2213 5558 2330 5619 tem.
2355 5552 2473 5601 vide
2494 5553 2723 5619 Canglum
2753 5553 2804 5601 in
2839 5550 3077 5602 Glossario
3119 5559 3298 5603 Graeco.
3325 5559 3395 5603 De
3424 5555 3639 5619 ctu-lose,
3681 5557 3815 5619 quod

2210 5614 2549 5678 oﬂiciumerat
2570 5621 2651 5678 sat,
2682 5613 2972 5678 frequenter
3010 5622 3351 5678 memoratum,
3396 5617 3590 5678 egimus
3611 5618 3663 5665 in
3688 5613 3809 5667 ﬁdit.

2212 5673 2541 5746 Athanasii‘p.
2569 5675 2676 5746 199,
2702 5673 2884 5746 curiosi
2909 5681 3051 5746 erant
3069 5676 3106 5746 ii
3127 5677 3309 5746 quibus
3342 5673 3460 5746 cura
3491 5679 3811 5746 inguinum:

2208 5737 2415 5812 supina,
2432 5736 3044 5812 etjqeelilzstpervsme
3066 5736 3273 5812 ταοίτξρτε
3296 5738 3571 5812 ipsaseas.
3589 5752 3811 5812 τρωιικ

2213 5797 2271 5849 ad
2296 5797 2637 5857 Inmerato'rem
2660 5797 2914 5852 deferendi
2939 5812 2995 5852 ac
3015 5798 3347 5850 denuntiandi.
3367 5797 3433 5850 tbi
3459 5797 3569 5852 ride
3588 5800 3676 5849 sis.
