4050 6430
181 345 291 398 633
1625 343 2004 400 EPISTOLE.
3417 335 3526 391 53‘

180 462 433 514 rumdam
465 458 898 529 intempestivum
924 499 939 524 ,
965 458 1055 528 qui
1081 458 1128 512 ei
1153 457 1433 520 favebant;
1458 458 1669 510 tametsi
1694 472 1790 527 po-

182 552 344 621 pulus
393 553 500 606 illic
535 569 749 622 quoque
793 563 918 605 ante
951 551 1131 606 literas
1172 550 1432 606 conviciis
1462 566 1584 603 eum
1639 551 1798 603 innu-

183 645 356 698 meris
389 646 735 714 prosciderat.
778 645 971 700 Verum
1019 645 1135 699 lucc
1166 660 1307 699 nunc
1333 654 1522 699 exacte
1549 643 1797 712 prosequi

183 736 467 798 nolumus,
501 737 594 790 sed
620 737 734 790 lucc
757 745 959 790 tantum
988 736 1190 791 idcirco
1227 736 1482 800 diximus,
1516 745 1572 788 ut
1594 751 1716 788 eum
1749 735 1798 787 in

167 823 416 881 nefariis
443 830 722 882 conatibus
746 828 1139 894 deprehensum
1163 827 1590 882 ostenderemus.
1621 827 1802 896 Itaque

191 936 296 975 nos
335 937 438 975 non
471 922 771 990 quievimus
793 962 811 988 ,
843 922 937 976 sed
969 923 1021 977 in
1051 922 1151 978 hoc
1182 923 1522 977 incubuimus
1543 963 1557 987 ,
1587 932 1802 976 orantes

192 1013 602 1081 Imperatorem,
637 1023 693 1068 ut
719 1013 1012 1070 haberetur
1032 1015 1317 1084 judicium,
1353 1017 1403 1069 in
1436 1031 1544 1085 quo
1566 1031 1726 1086 agere
1750 1025 1804 1069 et

189 1107 528 1176 reSpondere
559 1107 785 1162 liceret:
815 1109 1129 1163 dicebamus
1171 1110 1313 1164 enim
1352 1125 1450 1164 nos
1494 1119 1710 1176 paratos
1735 1109 1801 1163 ad

190 1197 593 1253 ostendendum
632 1217 731 1258 nos
759 1218 863 1256 non
892 1217 1013 1257 esse
1048 1216 1201 1267 reos,
1231 1201 1325 1258 sed
1355 1202 1477 1256 illos
1505 1203 1680 1270 legum
1712 1216 1805 1256 ex-

191 1303 401 1345 tremos
439 1301 886 1364 transgressores.
919 1296 1082 1350 Erant
1116 1304 1295 1350 autem
1327 1297 1496 1350 relicti
1524 1297 1608 1350 hic
1635 1295 1753 1367 Syri
1789 1337 1802 1360 ,

189 1384 287 1451 qui
317 1398 437 1437 eum
468 1401 533 1439 eo
559 1387 848 1451 aﬂ'uerant,
883 1397 938 1442 et
971 1403 1093 1442 cum
1126 1387 1218 1442 illo
1240 1391 1599 1444 communiter
1625 1389 1806 1442 omnia

193 1472 471 1540 fecerant;
501 1478 567 1532 ad
604 1479 704 1534 hos
748 1481 1074 1535 accessimus
1107 1524 1122 1546 ,
1156 1481 1220 1535 ad
1266 1482 1496 1536 dandam
1543 1482 1805 1536 rationem

197 1569 376 1633 parati
403 1609 420 1635 ,
452 1581 613 1640 atque
640 1587 801 1640 super
829 1587 906 1630 ea,
925 1589 983 1627 re
1013 1588 1158 1642 szepe
1183 1589 1277 1626 eos
1305 1575 1767 1644 interpellavimns
1791 1617 1806 1636 ,

195 1659 549 1717 obsecrantes
582 1673 639 1718 ut
665 1665 1016 1733 dignarentur
1064 1667 1218 1721 nobis
1257 1667 1466 1722 libellos
1497 1679 1553 1722 et
1590 1683 1810 1723 accusa-

197 1754 409 1810 tionum
439 1766 555 1811 acta
579 1758 728 1822 dare,
760 1761 845 1813 vel
869 1776 1036 1830 genus
1067 1761 1374 1824 criminum,
1410 1763 1495 1816 vel
1527 1773 1810 1816 accusato-

196 1862 292 1901 res
334 1849 480 1918 ipsos
523 1852 861 1921 signiﬁcare:
898 1869 1083 1908 verum
1108 1854 1236 1907 nihil
1265 1854 1458 1909 horum
1501 1855 1809 1924 impetravi-

198 1955 324 1994 mus
344 1982 358 2007 ,
385 1941 478 1996 sed
511 1943 700 1998 iterum
731 1959 796 1997 ex
840 1945 1076 1999 Ecclesia
1104 1945 1264 2015 ejeCti
1294 1961 1498 2000 sumus.
1525 1947 1810 2014 Quomodo

196 2049 324 2103 qua:
357 2043 481 2089 tunc
506 2046 651 2105 gesta
680 2045 826 2104 sunt,
860 2048 914 2093 et
943 2055 1158 2094 omnem
1184 2039 1808 2110 excedunttragmdiam,

195 2129 761 2199 enarraverimiquis
804 2145 865 2184 ea
912 2146 1091 2185 sermo
1138 2130 1474 2202 explicabit?
1503 2148 1622 2202 quae
1665 2135 1812 2189 auris

199 2219 322 2273 sine
352 2218 576 2273 horrore
605 2222 903 2292 percipiet?
924 2224 1058 2278 Cum
1086 2224 1228 2277 enim
1268 2225 1355 2279 illa
1386 2242 1507 2296 quze
1527 2225 1639 2281 dixi
1675 2243 1813 2296 pne-

203 2310 555 2366 tenderemns
574 2354 589 2376 ,
622 2314 739 2381 ipso
772 2329 965 2384 magno
987 2317 1213 2370 sabbato
1242 2317 1466 2372 collecta
1492 2334 1682 2372 manus
1713 2321 1813 2372 mi-

201 2400 379 2468 litum,
412 2403 477 2456 ad
508 2419 788 2473 vesperam
807 2406 913 2460 diei
939 2407 990 2460 in
1018 2408 1276 2462 ecclesias
1304 2408 1568 2479 ingressa,
1602 2411 1809 2464 clerum

200 2509 420 2549 omnem
469 2496 558 2567 qui
590 2497 874 2553 nobiscum
905 2508 1025 2554 erat
1048 2501 1102 2554 vi
1129 2502 1288 2570 ejecit
1317 2543 1331 2567 ,
1382 2511 1437 2556 et
1473 2504 1641 2556 armis
1690 2518 1813 2557 san-

201 2591 473 2644 etuarium
505 2590 739 2662 undique
769 2593 1001 2648 obsedit.
1028 2595 1279 2649 Mulieres
1299 2610 1508 2664 quoque
1534 2611 1810 2650 sacrarum

197 2683 431 2751 mdium,
461 2700 580 2755 quae
609 2701 705 2755 per
729 2686 855 2741 illud
890 2695 1099 2757 tempus
1129 2703 1189 2743 se
1219 2698 1480 2744 exuerant
1506 2732 1519 2755 ,
1553 2699 1610 2744 ut
1642 2690 1814 2759 bapti-

203 2786 460 2830 zarentur
484 2817 498 2842 ,
531 2788 677 2832 metu
708 2779 886 2848 gravis
915 2780 1071 2833 istius
1115 2780 1363 2852 incursus
1394 2781 1553 2835 nuda:
1586 2782 1810 2852 aufuge-

201 2880 332 2932 runt
361 2888 374 2936 ;
407 2887 582 2941 neque
604 2873 747 2928 enim
779 2874 1177 2928 concedebatur
1206 2869 1262 2928 ut
1291 2890 1350 2928 se
1382 2875 1644 2940 velarent,
1676 2876 1814 2931 sicut

199 2961 464 3019 mulieres
497 2963 753 3020 honestas
782 2965 976 3029 decet;
1009 2966 1192 3021 multae
1238 2967 1397 3021 etiam
1425 2970 1662 3037 acceptis
1690 2970 1812 3023 vul-

200 3057 423 3111 neribus
446 3056 813 3126 ejiciebantur,
836 3068 888 3112 et
908 3058 1169 3128 sanguine
1193 3059 1550 3128 implebantur
1573 3060 1809 3128 piscinae,

201 3157 258 3200 et
288 3163 481 3202 cruore
507 3148 647 3202 sacri
683 3148 868 3204 latices
895 3148 1274 3204 rubescebant.
1307 3148 1491 3218 Neque
1517 3150 1605 3204 hic
1632 3166 1811 3205 rerum

202 3239 328 3292 finis
350 3249 487 3294 erat.
518 3239 649 3294 Nam
682 3249 737 3295 et
768 3240 942 3294 locum
970 3283 983 3303 ,
1018 3243 1068 3293 in
1102 3256 1208 3309 quo
1237 3254 1421 3295 sancta
1449 3242 1664 3296 condita
1695 3257 1813 3298 ser-

202 3330 513 3397 vabantur,
568 3330 797 3401 ingressi
856 3339 983 3385 sunt
1035 3332 1278 3396 milites,
1327 3347 1556 3401 quorum
1604 3334 1815 3404 aliquos

202 3423 409 3476 scimus
437 3422 598 3477 nullis
625 3423 864 3477 initiatos
906 3425 1176 3494 mysteriis
1202 3467 1216 3489 ,
1261 3434 1314 3479 et
1345 3425 1595 3480 viderunt
1634 3428 1813 3481 omnia

201 3529 326 3582 qua:
359 3517 498 3568 intus
529 3525 701 3568 erant.
723 3515 860 3582 Quin
888 3525 940 3568 et
967 3517 1337 3568 sanctissimus
1353 3515 1550 3570 Christi
1573 3521 1813 3587 sanguis,

202 3611 347 3662 sicut
373 3609 426 3662 in
450 3608 539 3662 tali
569 3609 798 3662 tumultu
831 3609 1128 3677 contingit,
1162 3609 1210 3660 in
1245 3609 1628 3677 praedictorum
1673 3611 1814 3665 mili-

205 3710 320 3753 tum
349 3710 529 3754 vestes
558 3699 762 3754 eﬂ'usus
791 3708 873 3754 est
899 3741 914 3765 ,
942 3699 1245 3767 ﬁebantque
1272 3701 1422 3769 quasi
1454 3701 1503 3754 in
1539 3701 1816 3756 barbarica

203 3793 516 3861 captivitate
538 3793 738 3846 omnia.
769 3791 974 3861 Vulgus
1003 3791 1146 3844 enim
1179 3792 1229 3845 in
1274 3783 1622 3848 solitudinem
1662 3795 1812 3864 fuga-

204 3885 366 3937 batur
396 3926 410 3949 ,
446 3884 732 3938 multitudo
761 3884 938 3938 omnis
967 3893 1118 3938 extra
1147 3884 1418 3938 civitatem
1456 3885 1774 3940 versabatur
1799 3929 1813 3953 ,

201 3986 468 4044 erantque
498 3976 550 4029 in
581 3985 729 4030 tanto
771 3975 912 4030 festo
956 3991 1135 4029 vacua:
1178 3976 1375 4046 populo
1417 3977 1663 4032 ecclesizc
1698 4021 1711 4040 ,
1763 3989 1819 4034 ct

204 4072 389 4141 plures
419 4085 579 4140 quam
602 4070 952 4140 quadraginta
982 4069 1243 4138 episcopi,
1276 4070 1365 4139 qui
1393 4071 1550 4125 nobis
1577 4088 1818 4127 commu-

205 4164 475 4228 uicarant,
505 4178 626 4216 cum
657 4163 855 4231 populo
877 4172 929 4216 ct
952 4163 1102 4216 clero
1132 4163 1248 4216 sine
1275 4178 1434 4216 causa
1462 4163 1814 4233 fugabantur:

203 4264 262 4310 et
288 4256 359 4308 ob
391 4254 690 4324 prodigiosa
720 4253 940 4323 ﬂagitia,
967 4254 1162 4324 ubique
1193 4270 1288 4323 per
1315 4253 1451 4319 fora,
1484 4270 1579 4325 per
1601 4255 1815 4316 dumos,

207 4366 306 4418 per
352 4347 672 4402 solitudines
693 4391 706 4411 ,
737 4363 834 4417 per
864 4363 1052 4402 omnes
1100 4349 1330 4403 civitatis
1363 4358 1542 4416 partes
1568 4391 1582 4415 ,
1638 4352 1818 4404 omnia

207 4442 481 4508 lamentis,
506 4441 794 4510 eiulatibus
822 4485 834 4506 ,
887 4452 938 4496 et
984 4442 1222 4497 fontibus
1271 4445 1630 4512 lacrymarum
1662 4445 1818 4512 plena

204 4545 363 4588 erant.
394 4551 407 4588 :
443 4543 500 4588 ut
522 4551 629 4590 non
645 4536 806 4590 modo
831 4535 919 4604 qui
945 4535 1339 4604 afﬂigebantur,
1368 4535 1462 4590 sed
1490 4544 1543 4589 et
1565 4537 1652 4605 qui
1689 4537 1818 4595 nihil

208 4630 316 4682 tale
349 4627 707 4696 patiebantur,
729 4637 785 4684 et
815 4645 920 4682 non
944 4629 1114 4683 solum
1146 4632 1232 4699 qui
1265 4640 1463 4685 nostra:
1490 4632 1612 4687 lidei
1644 4644 1818 4698 erant,

206 4722 306 4776 sed
335 4732 391 4776 et
425 4721 664 4777 ltmretici
696 4766 711 4789 ,
744 4733 798 4778 et
833 4723 1002 4777 Judaei
1039 4769 1052 4788 ,
1082 4733 1137 4778 et
1181 4726 1431 4794 gentiles,
1481 4728 1552 4780 ob
1597 4730 1822 4783 sceleris

206 4815 548 4868 atrocitatem
577 4814 856 4869 nobiscum
887 4815 1151 4880 dolerent,
1181 4825 1233 4870 et
1262 4818 1412 4886 quasi
1449 4834 1543 4886 per
1575 4820 1680 4873 vim
1732 4837 1823 4874 ca-

210 4914 301 4975 pta
326 4905 548 4960 civitate
578 4945 593 4971 ,
627 4907 859 4961 tumultu
885 4949 901 4972 ,
932 4909 1288 4976 trepidatione
1316 4924 1376 4962 ac
1411 4909 1625 4978 planctu
1664 4913 1819 4981 plena

208 5007 365 5052 erant
395 5000 599 5051 omnia.
629 4998 777 5053 Talia
803 5000 918 5053 ausi
949 5008 1075 5054 sunt
1111 5010 1308 5069 pra-ter
1335 5003 1660 5056 sententiam
1690 5006 1820 5073 piis-

201 5091 332 5148 simi
384 5090 732 5161 Imperatoris
764 5135 778 5158 ,
834 5106 991 5148 nocte
1037 5095 1243 5158 multa,
1298 5097 1568 5166 episcopis
1598 5097 1714 5152 hanc
1742 5100 1825 5152 in-

201 5184 547 5240 struentibus
569 5203 593 5251 λ,
622 5195 677 5240 et
701 5187 885 5242 multis
923 5189 974 5242 in
1008 5188 1140 5243 locis
1180 5189 1399 5244 ordines
1449 5190 1775 5246 ducentibus
1805 5235 1820 5258 ,

204 5292 312 5331 nec
343 5277 791 5332 erubescentibus
819 5320 832 5344 ,
867 5280 1009 5349 quod
1043 5297 1138 5349 pro
1169 5281 1413 5336 diaconis
1443 5284 1821 5353 campiducto-

204 5388 303 5427 i-es
345 5367 421 5438 (α)
467 5380 772 5438 praeeuntes
817 5353 1096 5426 haberent.
1136 5373 1237 5429 Ubi
1279 5389 1409 5427 vero
1447 5374 1619 5429 illuxit
1654 5376 1771 5432 dies
1807 5418 1822 5444 ,

272 5501 348 5576 (α)
383 5503 779 5576 Campiductores
795 5505 991 5576 ii_erant
1010 5505 1093 5567 qui
1120 5507 1373 5576 exercitiis
1396 5507 1686 5576 militaribus
1701 5523 1827 5572 pra:-

210 5572 372 5638 erant,
396 5567 580 5627 quique
608 5568 794 5638 tirones
813 5567 1169 5638 docebant,_ut
1201 5571 1268 5617 ait
1299 5572 1546 5638 vegetius
1570 5571 1605 5621 Ι.
1641 5574 1684 5628 l,
1703 5567 1822 5635 'cap.

211 5628 288 5693 lg.
318 5633 426 5676 Haec
452 5641 544 5677 vox
570 5632 781 5693 occurrit
805 5631 951 5678 etiam
977 5631 1102 5691 apud
1127 5628 1446 5693 iampridiuiii
1471 5634 1522 5681 in
1556 5628 1824 5692 Severofe.

209 5690 272 5738 53
299 5703 310 5736 :
339 5699 479 5738 certe
503 5691 900 5751 rainpiductores
924 5690 1070 5742 vestri
1112 5690 1342 5744 hanc—vo:
1367 5695 1636 5745 docuerunt
1658 5690 1828 5746 contra

211 5759 481 5809 Sarmatas,
507 5761 602 5823 etc.
633 5755 716 5803 Ubi
737 5755 1102 5823 restituendum
1134 5762 1286 5823 putat
1329 5757 1605 5823 Salmasius,
1630 5759 1825 5823 campi-

209 5824 457 5878 nactam;
475 5815 564 5865 sed
589 5829 682 5866 vox
715 5817 1111 5880 campiductores
1134 5815 1224 5868 lioc
1241 5819 1566 5882 Cbrysostomi
1593 5815 1828 5886 exemplo

1908 459 2086 513 omnis
2113 462 2305 514 civitas
2329 463 2480 512 extra
2512 469 2700 513 muros
2732 454 2836 510 sub
2876 452 3100 510 arbores
3129 460 3186 509 et
3214 454 3267 507 ἱ·ι
3298 467 3523 508 nemora

1909 553 2211 624 emigravit,
2246 551 2315 607 ibi
2342 550 2537 606 festum
2555 549 2702 606 diem
2726 549 3008 604 celebrans
3031 590 3047 614 ,
3075 546 3230 617 quasi
3257 561 3386 602 oves
3407 544 3522 599 dis-

1911 661 2106 717 persae.

1982 741 2034 795 4.
2093 739 2242 793 Licet
2291 736 2445 792 vobis
2484 751 2552 791 ex
2597 735 2681 790 his
2723 742 2781 789 et
2808 742 3000 788 cmtera
3034 730 3213 786 omnia
3245 743 3522 800 pensare:

1912 848 2034 886 nam
2065 831 2246 885 omnia
2293 845 2414 899 quae
2455 827 2594 882 facta
2636 835 2761 881 sunt
2786 825 3059 895 sigillatim
3091 838 3343 878 sermone
3370 836 3526 876 com-

1913 928 2074 995 plecti
2108 968 2121 989 ,
2159 934 2218 979 ut
2260 924 2414 990 dixi,
2451 920 2784 993 impossibile
2833 928 2936 974 est.
2983 919 3079 974 Est
3111 927 3289 973 autem
3327 924 3382 971 et
3423 916 3529 970 hoc

1913 1033 2171 1090 perquam
2217 1017 2527 1076 molestum,
2551 1013 2692 1085 quod
2728 1013 2849 1066 talia
2873 1004 3126 1080 tantaque
3150 1009 3285 1063 mala
3314 1008 3524 1064 nullum

1912 1113 2088 1168 adhuc
2128 1112 2287 1167 finem
2333 1110 2647 1180 accipiant,
2698 1123 2870 1175 neque
2922 1120 3046 1174 spes
3114 1103 3184 1158 sit
3242 1118 3306 1158 ea
3362 1102 3523 1158 linem

1916 1207 2213 1268 habitura;
2267 1203 2359 1259 sed
2424 1211 2687 1272 augentur
2759 1199 2811 1252 in
2882 1199 3000 1252 dies
3063 1197 3233 1266 magis
3294 1209 3356 1249 ac
3411 1209 3525 1247 ma-

1913 1301 1994 1371 gis
2021 1342 2034 1363 ,
2064 1314 2266 1369 nosque
2312 1298 2580 1367 plerisque
2631 1294 2839 1350 ridiculi
2890 1292 3014 1347 facti
3068 1306 3285 1351 sumus:
3322 1291 3430 1344 imo
3457 1289 3530 1344 ri-

1915 1395 2005 1450 det
2037 1393 2213 1447 nullus
2237 1433 2249 1455 ,
2279 1391 2438 1445 etiam
2459 1391 2501 1443 si
2521 1388 2674 1443 valde
2699 1388 2767 1443 sit
2791 1399 3109 1455 pervorsus;
3141 1384 3322 1453 lugent
3347 1392 3525 1435 autem

1914 1500 2104 1541 omnes
2136 1493 2352 1553 preptcr
2377 1490 2672 1536 extremam
2692 1489 2745 1533 et
2768 1477 3059 1532 inauditam
3089 1475 3224 1530 hanc
3247 1474 3528 1538 malitiam,

1915 1579 2183 1633 malorum
2216 1576 2372 1630 facile
2399 1572 2785 1642 colapbonem.

1993 1669 2315 1725 Perturbatio
2342 1667 2415 1722 rei
2444 1665 2797 1721 ecclesiastica:
2822 1665 2873 1717 in
2909 1661 3132 1716 Oriente.
3156 1691 3226 1700 ——
3243 1659 3373 1728 Quis
3400 1674 3533 1713 vero

1915 1764 2242 1832 reliquarum
2272 1760 2634 1815 Ecclesiarum
2665 1756 3100 1827 perturbationes
3126 1753 3306 1823 eloqui
3338 1752 3531 1822 possit?

1918 1855 2033 1908 Non
2076 1853 2218 1906 eiiim
2277 1852 2360 1906 hic
2399 1849 2629 1906 cessavit
2674 1849 2776 1902 hoc
2817 1847 3016 1901 malum
3045 1888 3059 1909 ,
3109 1845 3201 1900 sed
3251 1859 3421 1914 usque
3465 1844 3533 1896 ad

1919 1948 2196 2002 Orientem
2226 1945 2491 2015 pervenit.
2519 1943 2651 1996 Nam
2676 1942 2810 1994 sicut
2838 1955 2868 1993 a
2896 1939 3071 2007 capite
3100 1936 3258 1992 malis
3287 1936 3531 1990 humori—
3587 1980 3614 1992 ι

1919 2043 2018 2096 bus
2039 2038 2432 2101 deﬂuentibus,
2460 2035 2662 2104 reliqua
2689 2033 2930 2086 membra
2961 2036 3382 2098 corrumpuntur
3418 2045 3430 2080 :
3461 2027 3532 2080 ita

1921 2149 2061 2187 nunc
2089 2147 2302 2202 quoque
2332 2129 2614 2189 tumultus,
2647 2128 2734 2197 qui
2765 2126 2815 2180 in
2848 2125 2949 2178 hac
2971 2139 3161 2194 magna
3179 2124 3395 2178 civitate
3424 2136 3536 2176 coe-

1920 2235 2138 2296 perunt,
2169 2224 2320 2293 quasi
2350 2238 2415 2276 ex
2444 2222 2588 2274 fonte
2619 2220 2671 2273 in
2700 2219 2876 2273 omnia
2910 2217 3026 2271 loca
3058 2216 3260 2270 sensim
3284 2213 3531 2277 eflluunt,

1918 2333 1971 2376 et
2000 2321 2182 2375 clerici
2225 2317 2425 2387 ubique
2453 2317 2506 2368 in
2539 2316 2824 2384 episcopos
2856 2312 3141 2381 insurgunt
3169 2352 3184 2372 ,
3213 2319 3268 2364 et
3294 2308 3536 2378 episcopi

1919 2413 1986 2466 ab
2019 2411 2289 2479 episcopis
2315 2450 2330 2473 ,
2361 2417 2414 2462 et
2442 2407 2622 2476 populi
2651 2421 2677 2458 a
2713 2403 2923 2473 populis
2945 2404 2961 2433 ι
2989 2402 3147 2457 scissi
3180 2410 3324 2465 sunt,
3359 2408 3412 2455 et
3444 2398 3535 2452 alii

1919 2503 2230 2574 propediem
2255 2500 2589 2562 scindentur,
2609 2507 2661 2553 et
2683 2480 3029 2567 exspectatur
3049 2494 3246 2564 ubique
3265 2492 3531 2547 malorum

1921 2607 2125 2666 partus,
2159 2596 2411 2665 orbisque
2443 2593 2607 2647 totius
2638 2591 2939 2646 subversio.
2971 2589 3134 2659 Igitur
3154 2629 3169 2651 ,
3193 2585 3396 2642 domini
3427 2585 3536 2639 mei

1920 2691 2155 2744 maxime
2194 2685 2483 2742 venerandi
2513 2695 2564 2740 et
2589 2685 2660 2754 pii
2695 2727 2707 2746 ,
2743 2700 2865 2738 cum
2899 2681 3015 2736 hmc
3042 2682 3112 2735 ita
3143 2696 3202 2734 se
3229 2678 3429 2733 habere
3457 2677 3540 2731 di-

1919 2782 2161 2835 diceritis
2193 2819 2207 2843 ,
2241 2778 2476 2833 studium
2518 2787 2755 2831 vestrum
2802 2785 2856 2828 et
2908 2789 3154 2844 magnam
3201 2770 3534 2841 diligentiam

1920 2874 2173 2928 adhibete
2198 2914 2213 2939 ,
2246 2887 2353 2942 quo
2380 2869 2695 2924 retundatur
2721 2867 2836 2921 haec
2861 2881 2980 2936 quae
3013 2866 3065 2919 in
3096 2863 3362 2918 Ecclesias
3394 2861 3537 2916 irru-

1920 2970 1997 3038 pit
2027 2967 2296 3037 iniquitas.
2330 2964 2539 3034 Quippe
2567 2962 2610 3014 si
2645 2975 2761 3014 mos
2797 2959 2884 3014 hic
2907 2957 3214 3021 invaluerit,
3239 2955 3391 3011 etfas
3416 2953 3535 3010 fue-

1921 3062 1992 3115 rit
2018 3060 2188 3114 cuivis
2216 3060 2266 3114 in
2301 3059 2530 3111 alienam
2569 3054 2859 3123 paroreiam
2903 3053 3204 3122 irrumpere
3237 3092 3252 3116 ,
3287 3049 3448 3118 idque
3469 3063 3536 3103 ex

1921 3163 2086 3206 unus
2112 3149 2408 3204 intervallis
2432 3189 2446 3214 ,
2490 3155 2544 3198 ct
2570 3146 2769 3213 ejicere
2795 3159 2928 3213 quos
2956 3142 3190 3196 voluerit
3222 3181 3237 3207 ,
3273 3150 3328 3196 et
3351 3149 3536 3194 aucto-

1921 3247 2082 3302 ritate
2115 3243 2325 3312 propria
2354 3254 2581 3310 qumque
2607 3254 2704 3308 pro
2732 3236 2956 3290 libidine
2984 3251 3080 3289 sua
3113 3237 3309 3297 facere,
3339 3233 3538 3288 scitote

1921 3336 2064 3408 quod
2093 3335 2240 3391 brevi
2266 3332 2568 3387 transibunt
2599 3329 2800 3393 omnia,
2830 3338 2884 3382 et
2911 3337 3052 3381 totus
3084 3327 3231 3381 orbis
3261 3335 3538 3395 premetur

1923 3433 2064 3488 bello
2091 3427 2419 3498 inexpiabili,
2452 3425 2704 3481 omnibus
2733 3423 2940 3488 ejectis,
2977 3433 3031 3477 et
3058 3436 3248 3476 omnes
3276 3419 3542 3489 ejicienti-

1923 3527 2039 3581 bus.
2086 3524 2424 3592 Quapropter
2463 3533 2531 3573 ne
2571 3516 2817 3572 confusio
2859 3517 2975 3570 lucc
3019 3531 3234 3569 omnem
3277 3529 3398 3584 quae
3441 3513 3542 3567 sub

1923 3620 2056 3674 caelo
2082 3628 2168 3672 est
2195 3617 2467 3669 nationem
2499 3612 2752 3676 invadat,
2808 3611 3037 3664 obsecro
3078 3617 3137 3663 ut
3161 3609 3367 3664 scribas
3393 3604 3538 3678 quod

1924 3712 2039 3766 hmc
2066 3723 2171 3764 tam
2202 3710 2381 3778 inique
2413 3705 2569 3767 facta,
2601 3714 2653 3759 et
2683 3704 2752 3758 ab
2775 3718 2878 3756 una
2915 3703 3087 3756 solum
3119 3710 3271 3771 parte
3301 3698 3538 3755 absenti-

1925 3805 2024 3858 bus
2052 3803 2227 3866 nobis,
2259 3810 2445 3855 etnon
2474 3795 2869 3853 declinantibus
2891 3794 3174 3865 judicium,
3207 3809 3314 3848 non
3339 3791 3542 3846 habent

1925 3897 2091 3950 robur
2114 3936 2129 3960 ,
2159 3893 2298 3948 sicut
2329 3906 2506 3962 neque
2533 3905 2628 3945 sua
2653 3898 2842 3943 natura
2875 3887 3106 3942 habent:
3138 3886 3216 3940 illi
3241 3896 3419 3940 autem
3447 3883 3538 3954 qui

1926 3988 2064 4042 adeo
2095 3987 2276 4056 inique
2316 3986 2493 4055 egisse
2521 3982 2848 4050 deprehensi
2878 3989 3003 4035 sunt
3023 4025 3036 4043 ,
3067 3995 3241 4048 poma:
3276 3978 3540 4033 ecclesia-

1927 4083 2180 4134 sticarum
2216 4079 2388 4148 legum
2423 4077 2773 4145 subjaceant:
2809 4074 2965 4128 nobis
2987 4089 3134 4137 vero,
3160 4073 3250 4143 qui
3285 4087 3385 4127 nec
3412 4085 3544 4126 con-

1927 4174 2051 4227 victi
2083 4215 2097 4236 ,
2133 4187 2231 4226 nec
2261 4169 2531 4238 redarguti
2557 4210 2572 4234 ,
2604 4183 2704 4222 nec
2724 4167 2890 4222 habiti
2923 4176 2978 4219 ut
3007 4167 3083 4220 rei
3115 4179 3303 4220 sumus
3329 4207 3343 4228 ,
3371 4163 3543 4218 literis

1927 4265 2122 4320 vestris
2147 4271 2202 4317 et
2231 4263 2456 4316 caritate
2481 4269 2681 4326 vestra,
2717 4259 3053 4328 aliorumque
3075 4259 3316 4312 omnium
3351 4299 3366 4320 ,
3400 4271 3541 4326 quo-

1927 4374 2045 4411 rum
2078 4356 2282 4410 scilicet
2325 4364 2377 4409 et
2417 4362 2574 4408 antea
2607 4353 2864 4407 societate
2897 4350 3209 4405 fruebamur
3239 4391 3253 4414 ,
3285 4348 3388 4402 frui
3414 4363 3546 4402 con-

1928 4448 2122 4502 cedite.
2145 4446 2200 4500 Si
2225 4455 2402 4499 autem
2426 4443 2719 4498 adversarii
2760 4443 2926 4496 nostri
2949 4483 2964 4506 ,
2985 4443 3074 4510 qui
3108 4443 3176 4494 ita
3208 4441 3388 4510 inique
3420 4453 3544 4508 ege-

1929 4550 2053 4594 runt
2079 4580 2094 4605 ,
2123 4538 2297 4592 adhuc
2319 4537 2524 4607 fingunt
2543 4535 2766 4589 crimina
2791 4535 3037 4603 qumdam
3068 4541 3289 4603 propter
3309 4548 3428 4602 quae
3448 4546 3545 4586 nos

1931 4635 2133 4703 injuste
2159 4631 2455 4700 eiecerunt,
2479 4645 2583 4682 non
2609 4629 2746 4682 datis
2777 4627 2930 4680 nobis
2954 4629 3109 4691 actis,
3134 4641 3308 4695 neque
3326 4625 3544 4688 libellis,

1931 4737 2104 4795 neque
2153 4723 2509 4778 manifestatis
2554 4719 2956 4775 accusatoribus
3002 4737 3016 4773 :
3058 4718 3101 4772 si
3124 4716 3548 4786 denturjudices

1931 4815 2251 4885 incorrupti,
2271 4822 2573 4884 agemus,et
2595 4811 2868 4865 tuebimur
2884 4810 3044 4864 etiam
3062 4825 3160 4862 nos
3178 4809 3406 4862 libenter
3422 4821 3548 4860 ειυς

1931 4923 2066 4973 sam,
2101 4905 2624 4972 monstrabimusmie
2657 4916 2755 4955 nos
2787 4917 2893 4955 non
2925 4915 3046 4955 esse
3074 4915 3197 4954 reos
3215 4915 3400 4954 eorum
3428 4913 3551 4968 qua:

1931 5002 2086 5056 nobis
2110 5000 2388 5068 objiciunt,
2422 4999 2558 5052 sicut
2576 5006 2629 5051 et
2649 4997 2806 5066 plane
2827 4995 3026 5049 innoxii
3050 5008 3238 5048 sumus
3261 5000 3552 5048 :etcontra

1932 5111 2049 5164 qua:
2078 5095 2145 5146 ab
2174 5095 2300 5162 ipsis
2332 5091 2466 5144 facta
2492 5099 2676 5144 contra
2709 5104 2922 5142 omnem
2955 5096 3080 5139 sunt
3107 5086 3352 5140 ordinem
3373 5126 3386 5149 ,
3413 5100 3549 5139 con-

1934 5198 2011 5242 tra
2033 5201 2223 5242 omnes
2249 5187 2419 5255 leges,
2447 5193 2632 5238 contra
2656 5197 2848 5237 omnes
2872 5180 3268 5236 ecclesiasticos
3289 5193 3550 5234 canones.

1933 5279 2149 5328 firmatur
2172 5293 2182 5326 :
2205 5280 2295 5326 tria
2341 5279 2458 5338 item
2501 5275 2690 5338 profert
2723 5273 2955 5337 exempla
2994 5275 3202 5334 Cangius
3242 5273 3290 5320 in
3315 5271 3556 5338 Glossario

1932 5349 2094 5391 Gra'co
2115 5355 2176 5390 ex
2203 5343 2374 5388 Leonis
2398 5333 2520 5400 Imp‘.
2547 5338 2766 5394 't‘acticis,
2789 5333 3407 5400 ubi'semperiiamtotxm
3433 5333 3556 5400 legi-

1934 5414 2031 5454 tur.
2057 5406 2129 5451 Sic
2155 5405 2303 5452 etiam
2331 5397 2614 5449 Ammianus
2641 5398 2942 5448 \tarccllinus
2967 5397 3014 5445 I.’
3031 5398 3106 5447 19.
3152 5399 3349 5447 videtur
3374 5397 3556 5445 Salma-

1931 5471 2034 5515 sius
2052 5465 2467 5528 (“ampt'doctorem
2494 5460 2659 5528 malle,
2686 5464 2799 5524 quia
2825 5469 2845 5505 \
2864 5463 3061 5528 egetius
3084 5474 3234 5523 supra
3274 5460 3425 5508 allato
3451 5458 3557 5506 loco

1935 5537 1987 5578 et
2007 5530 2054 5576 in
2076 5523 2268 5576 duobus
2292 5523 2836 5586 aliist‘ampidoctOrem
2876 5523 3016 5585 legit.
3045 5530 3228 5586 terum
3252 5528 3424 5571 monet
3447 5528 3546 5570 Ste-

1934 5592 2153 5639 wechius
2176 5591 2234 5638 ad
2260 5585 2452 5649 singula
2479 5584 2582 5635 loca
2605 5584 3022 5649 tL-anipiductorem
3049 5584 3318 5647 legendum
3343 5596 3477 5642 esse,
3505 5592 3557 5633 et

1934 5654 1993 5702 ad
2021 5653 2105 5701 lib.
2136 5661 2204 5710 Ill,
2227 5665 2334 5714 cap.
2360 5653 2411 5708 6,
2431 5649 2581 5714 _addit
2605 5651 2675 5698 sic
2701 5651 2749 5698 in
2776 5649 3075 5714 membranis
3099 5649 3289 5714 haberi.
3326 5649 3558 5714 Attamen

1937 5715 2169 5778 exempla
2193 5707 2301 5764 duo
2319 5711 2524 5777 rrazfert
2556 5719 2796 5762 Gruterus
2820 5715 2867 5761 in
2891 5713 3159 5775 'I'hcsauro,
3186 5712 3271 5761 ubi
3311 5707 3558 5772 campido-

1934 5788 2038 5829 etur
2061 5777 2243 5845 legitur
2376 5837 2387 5845 ι
2454 5836 2463 5845 η

2007 5845 2019 5871 ι
2060 5840 2314 5901 Palladius,
2341 5836 2510 5891 clerici
2533 5850 2564 5889 a
2587 5836 2797 5890 clericis.
