4050 6448
524 446 596 502 Ει
621 442 748 515 quid
775 441 896 499 dico
921 455 1153 498 canones
1177 440 1613 498 ecclesiasticos?
1657 433 1843 512 Neque
1861 439 1918 495 in
1935 439 2109 512 genti-

524 529 656 592 lium
680 534 911 607 judiciis,
934 548 1106 604 neque
1136 534 1189 588 in
1227 533 1573 589 barbarorum
1606 532 1958 589 tribunalibus
1983 532 2107 587 talia

524 633 785 680 attentata
805 633 927 680 sunt
950 638 1235 694 umquam:
1266 624 1375 678 imo
1401 638 1529 678 vero
1556 638 1728 694 neque
1755 621 1990 694 Scythae,
2014 636 2110 677 ne-

525 730 631 787 que
657 717 983 773 Sauromatae
997 729 1246 784 umquam
1266 713 1588 784 iudicarunt,
1597 714 1855 784 judicium
1872 713 2107 769 dandum

523 805 619 864 uni
647 805 781 880 parti
802 848 820 876 ,
846 807 1066 864 absente
1083 821 1148 863 ea
1176 821 1297 877 qua:
1333 817 1615 862 accusatur
1637 848 1652 871 ,
1682 815 1737 864 et
1774 806 1973 862 vitante
2000 822 2106 861 non

518 901 781 972 judicium
799 940 818 968 ,
845 901 941 957 sed
978 899 1285 956 inimicitias
1308 940 1325 967 ,
1357 908 1415 956 et
1438 899 1721 954 invocante
1746 897 1911 952 multa
1941 897 2106 951 millia

517 988 765 1060 judieum
791 1029 809 1056 ,
849 999 905 1046 et
955 998 1286 1060 protestante
1312 1003 1492 1044 coram
1521 997 1633 1044 toto
1657 987 1789 1044 orbe
1812 986 2109 1042 declaratuo

525 1094 641 1136 ram
684 1095 745 1136 se
774 1096 879 1136 non
904 1095 1026 1136 esse
1068 1095 1212 1136 ream
1238 1120 1255 1146 ,
1288 1079 1735 1150 depulsuramque
1770 1078 1995 1136 crimina
2016 1118 2030 1142 ,
2053 1086 2109 1132 et

526 1178 866 1225 ostensuram
883 1184 1034 1225 suam
1059 1169 1112 1225 in
1127 1169 1376 1226 omnibus
1395 1169 1772 1226 innocentiam.
1799 1168 1926 1224 liae
1947 1167 2107 1239 igitur

525 1260 710 1314 omnia
724 1275 847 1316 cum
874 1261 946 1317 ita
960 1275 1021 1316 se
1047 1259 1247 1317 habere
1267 1259 1637 1317 intellexeritis
1661 1275 1694 1315 a
1718 1259 1950 1315 dominis
1971 1259 2107 1315 meis

1306 341 1366 385 δ.
1395 323 1674 385 ιοΑΝΝιε
1709 322 2084 384 CHRYSOST.
2129 324 2445 383 ARCHIEP.
2474 321 3020 384 CONSTANTINOP.

3707 314 3826 372 536

2215 439 2465 511 piissimis
2485 440 2736 498 fratribus
2762 441 2960 497 nostris
2984 441 3280 512 episcopis,
3309 441 3540 500 obsecro
3586 451 3650 500 ut
3675 459 3825 515 pra-

2215 531 2366 585 stetis
2408 529 2462 586 id
2505 529 2649 601 quod
2677 538 2861 602 petent
2897 529 3082 586 ofﬁcii.
3132 530 3252 599 Quo
3293 547 3401 587 non
3432 534 3613 589 solum
3655 534 3827 590 nobis

2213 620 2660 692 gratiﬁcahimini,
2681 623 2786 678 sed‘
2805 631 2860 678 et
2889 621 3251 677 Ecclesiarum
3281 623 3641 685 universitati.
3667 639 3824 678 mer-

2214 711 2510 782 cedemque
2535 713 2805 781 accepturi
2831 713 2961 768 estis
2986 725 3018 765 a
3048 711 3178 774 Deo,
3210 711 3300 782 qui
3355 710 3491 767 nihil
3543 728 3655 768 non
3687 729 3822 783 pro-

2215 813 2336 874 pter
2352 803 2708 858 Ecclesiarum
2735 816 2922 872 pacem
2943 801 3118 858 facere
3136 802 3402 873 dignatur.
3419 803 3652 874 Semper
3672 804 3818 870 vale,

2215 902 2271 950 et
2296 908 2389 950 ora
2409 909 2507 965 pro
2529 909 2637 960 me,
2654 893 2869 950 domine
2884 894 3333 950 reverendissime
3343 903 3400 950 et
3413 896 3762 951 sanctissime
3779 898 3799 928 ⁸

2295 1012 2314 1044 ¹
2339 1013 2482 1076 Apud
2510 1012 2786 1078 fallacium
2823 1012 3034 1078 epistola
3073 1014 3148 1066 sic
3168 1013 3386 1066 desinit:
3418 1028 3621 1078 semper
3653 1015 3827 1078 faceto

2227 1072 2620 1145 dignatus-quax
2656 1073 2804 1125 etiam
2833 1072 3015 1147 scripta
3034 1083 3107 1127 est
3143 1078 3233 1148 gd_
3250 1076 3511 1148 Venerium
3529 1072 3826 1142 episcopum

2229 1135 2578 1204 κιαιοιᾳηιορι
2597 1134 2664 1204 04
2687 1136 3020 1204 9'"th
3040 1139 3278 1204 έηιηιεεω
3295 1152 3591 1204 causeam
3603 1139 3824 1204 ,ωαξη-

2228 1209 2329 1260 que
2353 1195 2618 1265 epistolam
2643 1195 2767 1265 infra
2789 1197 2943 1265 habes
2961 1201 3021 1265 ad
3049 1195 3341 1265 Venerium,
3366 1195 3549 1265 nempe
3573 1195 3825 1251 Ecdicia-

2229 1259 2458 1319 nensem,
2481 1264 2536 1308 et
2556 1259 2616 1309 ad
2637 1259 2972 1311 Chromatium
2991 1261 3387 1326 Aquileiensem.

535 1361 3820 1389 Μ*

1316 1443 1981 1534 INNOCENTIO,
2039 1441 2552 1516 EPISCOPO
2605 1440 2967 1528 ΒΟΜᾹΞ,

1591 1593 1867 1640 Joannes
1909 1595 1977 1640 nt
2017 1593 2266 1641 nouitio
2307 1592 2600 1638 suumn
2645 1571 2756 1654 (ο).

1605 1679 2332 1735 ———-—03§).

601 1768 805 1843 Corpus
830 1771 1042 1842 quidem
1072 1779 1311 1828 nostrum
1341 1787 1450 1828 uno
1475 1780 1681 1829 tantum
1711 1773 1829 1831 loco
1856 1782 2106 1840 tenetur;

529 1865 768 1922 caritatis
808 1874 984 1922 autem
1021 1864 1103 1920 ala
1146 1866 1199 1921 in
1233 1867 1490 1922 universo
1529 1866 1661 1923 orbe
1701 1866 2110 1923 circumvolitat.

533 1954 763 2012 Proinde
809 1954 934 2011 licet
985 1965 1128 2012 tanta
1180 1957 1387 2013 itineris
1438 1958 1834 2030 intercapedine
1883 1958 2114 2027 separati

530 2048 717 2113 simus,
744 2062 774 2102 a
803 2048 999 2118 pietate
1025 2057 1201 2105 tamen
1229 2057 1406 2105 vestra
1429 2064 1534 2105 non
1559 2049 1832 2116 absumus,
1865 2049 1958 2106 sed
1982 2064 2115 2120 quo-

533 2136 665 2193 tidie
693 2138 842 2194 vobis
868 2147 1160 2209 praesentes
1201 2154 1389 2196 sumus
1411 2140 1428 2172 ¹
1449 2158 1462 2193 :
1485 2140 1719 2196 caritatis
1766 2141 1908 2197 enim
1947 2141 2116 2196 oculis

536 2227 782 2284 videmus
816 2239 1046 2284 vestram
1085 2229 1228 2284 illam
1264 2228 1660 2297 fortitudinem,
1692 2230 1956 2286 sincerum
1982 2230 2114 2285 aﬁ'e-

441 2336 444 2338 '
531 2328 707 2385 ctum,
753 2320 1211 2390 constantiamque
1247 2335 1354 2375 non
1402 2320 1746 2389 mutabilem,
1795 2323 2118 2377 consolatio-

537 2425 769 2482 nemque
799 2412 940 2468 illam
970 2427 1246 2484 magnam,
1274 2422 1616 2483 perpetuam,
1648 2421 1807 2484 atque
1833 2414 2076 2470 stabilem
2096 2456 2114 2483 ,

534 2518 694 2573 quam
723 2505 879 2561 nobis
903 2504 1123 2561 effertis.
1151 2503 1363 2572 Quanto
1398 2506 1542 2561 enim
1571 2505 1765 2561 ﬂuctus
1789 2507 2120 2563 extolluntur

535 2593 834 2660 sublimius,
861 2604 916 2651 et
942 2597 1116 2666 plures
1141 2597 1306 2653 latent
1334 2597 1560 2667 scopuli,
1589 2598 2119 2670 vehementioresque

535 2694 662 2740 sunt
688 2695 1030 2754 tempestates
1047 2729 1061 2751 ,
1093 2696 1243 2744 tanto
1272 2689 1442 2760 magis
1467 2688 1732 2760 vigilantia
1758 2699 1932 2746 vestra
1959 2705 2122 2762 auge-

538 2785 863 2846 turzneque
908 2793 1002 2832 vos
1047 2787 1192 2833 tanta
1215 2778 1318 2834 viae
1341 2780 1652 2848 proiisitas,
1698 2795 1870 2851 neque
1913 2784 2116 2837 tantum

536 2867 792 2938 temporis
821 2868 1156 2924 intervallum
1186 2910 1201 2937 ,
1243 2885 1416 2940 neque
1451 2885 1632 2926 rerum
1663 2870 2002 2928 difﬁcultates
2030 2889 2118 2928 se-

539 2957 752 3028 gniores
808 2958 1152 3016 reddiderunt
1188 2977 1203 3015 :
1239 2959 1333 3017 sed
1389 2972 1792 3031 perseveranter
1841 2963 2117 3018 imitamini

532 3049 763 3117 optimos
783 3048 1188 3120 gubernatores,
1215 3051 1306 3121 qui
1333 3060 1459 3107 tunc
1488 3053 1720 3108 maxime
1747 3053 1936 3124 vigiles
1964 3062 2116 3120 sunt,

537 3155 658 3194 cum
695 3139 917 3196 excitari
957 3139 1180 3208 fluctus,
1224 3157 1372 3198 mare
1408 3143 1763 3200 intumescere
1803 3152 1858 3199 et
1898 3145 2119 3200 multum

536 3244 792 3300 aquarum
819 3229 1082 3302 fragorem
1108 3273 1122 3296 ,
1155 3232 1723 3306 profundissimamque
1763 3235 1994 3292 interdiu
2027 3252 2123 3291 no-

538 3333 676 3379 ctem
728 3326 974 3396 ingruere
1027 3327 1230 3382 vident.
1283 3327 1579 3400 Eapropter
1623 3339 1679 3384 et
1721 3331 1923 3400 gratias
1972 3331 2122 3386 vobis

536 3415 794 3471 habemus
822 3419 1036 3486 multas,
1062 3427 1117 3474 et
1142 3417 1510 3475 desideramus
1534 3420 1750 3490 quidem
1779 3421 1844 3476 ad
1875 3437 1968 3477 vos
1993 3422 2122 3477 dare

535 3507 752 3564 crebras
796 3509 1006 3575 literas,
1046 3511 1097 3566 id
1124 3511 1266 3581 quod
1309 3511 1462 3567 nobis
1489 3511 1720 3567 maxime
1751 3512 1884 3568 foret
1911 3514 2121 3569 solatio.

538 3597 734 3655 Verum
762 3600 882 3672 quia
928 3601 1081 3657 nobis
1123 3600 1224 3657 hoc
1271 3601 1500 3672 denegat
1546 3602 1777 3657 solitudo
1803 3601 1960 3672 hujus
1986 3603 2121 3670 loci,

540 3709 712 3764 neque
747 3694 900 3749 facile
935 3696 1000 3750 ad
1048 3710 1146 3750 nos
1172 3696 1449 3765 pervenire
1477 3695 1684 3761 valent,
1718 3711 1823 3750 non
1853 3695 2012 3750 modo
2032 3698 2121 3766 qui

538 3785 673 3839 istuc
702 3788 975 3856 pergnnt',
1001 3787 1096 3841 sed
1124 3803 1224 3842 nec
1255 3788 1287 3840 ii
1318 3788 1410 3856 qui
1438 3788 1490 3841 in
1522 3787 1695 3842 vicino
1727 3787 1983 3854 habitant,
2013 3797 2121 3842 tum

537 3878 677 3944 quod
711 3879 865 3949 longe
903 3879 1093 3946 distet,
1139 3889 1298 3949 atque
1335 3881 1589 3936 extremis
1630 3880 1821 3935 ﬁnibus
1849 3880 1998 3935 locus
2026 3881 2124 3935 iste

539 3969 672 4023 situs
701 3971 804 4032 sit,
849 3971 899 4023 in
927 3986 1030 4039 quo
1056 3972 1350 4026 residemus
1371 4011 1385 4035 ,
1434 3983 1544 4026 tum
1573 3972 1712 4042 quod
1755 3973 1990 4028 latrones
2013 3973 2127 4027 vias

543 4059 660 4113 illas
686 4060 920 4129 undique
956 4062 1273 4117 obsideant:
1300 4078 1576 4132 precamur
1622 4071 1681 4117 ut
1716 4063 2024 4118 diuturnum
2055 4065 2126 4120 si-

545 4150 764 4204 lentium
803 4160 1042 4205 nostrum
1071 4152 1283 4218 efﬁciat,
1318 4164 1375 4207 ut
1399 4154 1570 4224 magis
1599 4153 1751 4208 nobis
1775 4155 2122 4220 condoleatis,

541 4257 698 4306 quam
748 4250 802 4294 ut
851 4257 948 4296 nos
997 4259 1115 4298 reos
1160 4245 1353 4313 putetis
1396 4245 1750 4316 negligentim.
1791 4245 1939 4312 Quod
1984 4248 2125 4301 enim

545 4345 648 4384 non
684 4346 748 4385 ex
781 4332 980 4386 incuria
1025 4334 1290 4388 silentium
1321 4345 1494 4404 ortum
1527 4338 1625 4418 sit,
1657 4336 1738 4390 vel
1775 4336 1898 4391 inde
1928 4338 2122 4408 liquet,

542 4420 684 4490 quod
731 4433 847 4489 post
893 4423 1103 4494 longum
1134 4427 1389 4496 temporis
1427 4429 1655 4498 spatium
1687 4429 2042 4485 venerabilem
2073 4441 2128 4484 et

553 4511 786 4567 lilectum
807 4512 1062 4569 Joannem
1086 4515 1480 4588 presbyterum,
1501 4516 1826 4588 Paulumque
1846 4519 2125 4573 diaconum

545 4606 714 4670 nacti,
749 4613 801 4658 et
841 4607 1101 4661 scribendi
1133 4617 1187 4661 et
1211 4608 1408 4677 gratias
1434 4607 1584 4662 vobis
1609 4607 1797 4679 agendi
1831 4608 1988 4662 ﬁnem
2022 4625 2125 4664 non

542 4693 821 4760 faciamus,
850 4697 969 4765 quia
998 4707 1217 4766 paterna
1249 4698 1504 4766 majorem
1530 4713 1655 4769 erga
1682 4714 1781 4754 nos
1807 4700 2124 4755 benevolen-

543 4786 668 4838 tiam
715 4785 1046 4841 declarastis.
1097 4788 1229 4842 Nam
1283 4799 1534 4858 quantum
1593 4791 1645 4844 in
1705 4799 1878 4846 vestra
1936 4793 2127 4861 pietate

605 4899 787 4973 Litaec,
812 4900 938 4973 vobis
975 4908 1450 4973 prtesetttes_suntus,
1496 4902 1676 4973 desunt
1718 4903 1769 4952 iu
1813 4905 2029 4973 febrim;
2077 4913 2129 4973 et

534 4961 665 5026 tunc
691 4961 760 5010 sic
778 4961 1067 5012 construitur
1106 4963 1293 5026 phrasis
1317 4977 1328 5012 :
1356 4965 1446 5013 Sed
1470 4964 1679 5026 quotidie
1721 4965 1939 5015 caritatis
1979 4961 2130 5017 oeulis

533 5033 548 5066 l
570 5019 778 5081 (dctum,
812 5032 906 5072 etc.

609 5082 803 5150 [Juxta
828 5091 1107 5150 Frontonem
1147 5093 1368 5150 puczeum
1413 5085 1678 5150 legendum
1725 5094 1819 5147 est,
1847 5087 1930 5150 qui
1953 5087 2129 5140 isthinc

529 5139 747 5208 tegiqut.
766 5146 992 5208 Equidem
1017 5149 1093 5194 vix
1120 5147 1262 5196 aliter
1285 5139 1761 5208 sensuquuadraret.

603 5202 679 5264 (α)
710 5202 1008 5274 Collataeum
1024 5210 1223 5267 Fabric,
1243 5211 1387 5258 \‘atic.
1404 5214 1456 5258 et
1474 5202 1620 5272 Regio
1635 5221 1731 5258 uno
1749 5225 1763 5267 ;
1785 5213 1961 5274 scripta
1978 5225 2123 5272 anno,

537 5273 597 5316 ut
624 5267 956 5333 putatur,408.

2337 1690 2750 1711 -———-_

2217 1774 2379 1830 situm
2426 1770 2574 1835 fuit,
2586 1769 2696 1840 jam
2738 1782 2828 1823 res
2871 1780 3060 1822 omnes
3099 1764 3299 1821 sedatae
3327 1772 3382 1819 et
3411 1762 3737 1827 emendata,
3769 1770 3830 1819 et

2220 1863 2428 1919 sublata
2475 1859 2655 1916 omnia
2698 1856 2948 1914 scandala
2995 1855 3241 1922 fuissent,
3273 1855 3679 1926 gauderentque
3719 1852 3834 1909 Ee-

2222 1958 2404 2012 clesize
2444 1953 2726 2025 tranquilla
2774 1961 2829 2008 et
2873 1951 3083 2006 sincera
3129 1963 3304 2019 pace:
3337 1955 3393 2004 et
3432 1957 3617 2004 essent
3663 1946 3832 2018 plane

2222 2047 2455 2105 secunda
2491 2046 2667 2111 omnia
2689 2087 2704 2110 ,
2745 2059 2808 2099 ac
2844 2050 3167 2111 contemptae
3201 2040 3348 2111 leges
3379 2040 3707 2109 violataque
3733 2054 3832 2108 pa-

2223 2151 2364 2195 trum
2411 2136 2820 2193 constitutiones
2869 2131 3151 2188 vlndicatm
3199 2129 3396 2186 forent.
3447 2131 3516 2184 At
3566 2131 3826 2200 quoniam

2225 2235 2398 2305 reipsa
2445 2232 2574 2287 nihil
2605 2232 2708 2286 tale
2732 2230 2989 2300 contigit,
3023 2244 3144 2284 cum
3180 2228 3218 2282 ii
3246 2231 3334 2299 qui
3367 2228 3546 2299 priora
3588 2229 3831 2300 aggressi

2223 2333 2382 2389 sunt,
2416 2322 2570 2379 novis
2592 2337 2653 2376 ea
2687 2321 2978 2377 sceleribus
3008 2319 3283 2374 cumulare
3307 2317 3677 2374 contendant:
3702 2319 3834 2373 nolo

2227 2413 2475 2485 equidem
2510 2413 2725 2477 omnia,
2757 2426 2882 2482 quae
2921 2411 3134 2465 interim
3159 2417 3309 2482 gesta
3349 2419 3504 2473 sunt,
3553 2410 3832 2481 sigillatim

2226 2518 2548 2570 recensere,
2591 2501 3019 2573 quandoquidem
3059 2516 3168 2556 non
3207 2501 3379 2556 solum
3417 2501 3702 2572 epistolm,
3733 2500 3831 2556 sed

2226 2605 2280 2651 et
2309 2596 2545 2651 historiae
2573 2595 2788 2649 modum
2818 2591 3216 2648 transcenderet
3246 2591 3513 2657 narratio;
3568 2601 3831 2647 caeterum

2226 2698 2459 2742 vestram
2489 2701 2586 2740 oro
2605 2682 2953 2756 vigilantiam,
2978 2695 3036 2738 ut
3057 2683 3183 2738 licet
3203 2683 3276 2736 illi
3303 2683 3482 2736 omnia
3510 2681 3834 2737 tumultibus

2227 2776 2598 2848 impleverint,
2644 2775 3111 2845 laboraverintque
3157 2773 3359 2830 morbis
3407 2774 3834 2842 incurahilibus,

2225 2879 2280 2924 et
2307 2867 2634 2940 poenitentia:
2655 2881 2761 2920 non
2779 2864 3083 2934 capacibus,
3103 2880 3226 2920 cum
3254 2875 3430 2919 tamen
3458 2879 3655 2920 curare
3679 2879 3833 2920 mor-

2228 2961 2324 3015 bos
2345 2961 2556 3014 illorum
2579 2957 2891 3018 statueritis,
2923 2957 3080 3010 malis
3101 2971 3169 3012 ne
3187 2955 3411 3022 cedatis,
3434 2971 3572 3010 neve
3591 2957 3834 3012 animum

2226 3050 2606 3119 despondeatis
2626 3091 2641 3115 ,
2671 3048 3008 3103 considerata
3038 3047 3172 3101 tanti
3212 3048 3394 3116 operis
3435 3048 3834 3118 magnitudine.

2228 3143 2508 3198 Certamen
2553 3141 2695 3197 enim
2743 3139 2874 3194 illud
2921 3138 3090 3195 ferme
3132 3154 3232 3210 pro
3275 3148 3388 3193 toto
3431 3139 3567 3193 orbe
3597 3149 3704 3206 est,
3736 3155 3837 3207 pro

2230 3233 2486 3291 Ecclesiis
2524 3233 2746 3304 dejectis
2784 3242 2944 3302 atque
2981 3231 3297 3302 prostratis,
3346 3247 3444 3302 pro
3475 3233 3696 3303 populis
3722 3233 3834 3287 dis-

2230 3328 2433 3398 persis,
2479 3341 2577 3396 pro
2602 3326 2748 3380 clero
2776 3325 3057 3389 divexato,
3091 3339 3189 3394 pro
3216 3325 3485 3395 episc0pis
3512 3326 3793 3393 exsulibus
3815 3367 3834 3390 ,

2229 3437 2325 3491 pro
2342 3418 2809 3476 constitutionibus
2827 3427 3036 3486 patrum
3059 3417 3290 3472 violatis.
3317 3417 3383 3471 Et
3405 3417 3611 3472 idcirco
3635 3421 3835 3474 iterum

2228 3525 2386 3582 atque
2417 3514 2631 3577 iterum,
2661 3519 2715 3564 et
2735 3511 2930 3580 saepius
2950 3518 3185 3564 vestram
3212 3523 3433 3563 oramus
3460 3510 3798 3580 diligentiam
3816 3555 3832 3579 ,

2229 3617 2287 3658 nt
2313 3613 2511 3674 quanto
2541 3603 2712 3673 major
2741 3612 2822 3657 est
2851 3610 3159 3671 tempestas,
3187 3611 3336 3655 tanto
3365 3604 3537 3671 majus
3563 3605 3833 3661 adhibea-

2231 3707 2315 3750 tur
2353 3696 2608 3750 stndium.
2651 3695 3044 3764 Exspectemus
3087 3693 3302 3764 quidem
3337 3692 3596 3758 futurum,
3645 3707 3704 3752 ut
3747 3713 3837 3753 res

2229 3789 2501 3858 aliquanto
2543 3787 2771 3856 amplius
2820 3787 3174 3856 corrigantur.
3201 3785 3354 3851 Quod
3400 3787 3446 3840 si
3495 3788 3675 3842 minus
3709 3789 3835 3856 fiet,

2230 3897 2328 3936 vos
2371 3889 2600 3935 vestram
2649 3893 2903 3934 coronam
2950 3887 3187 3947 paratam
3237 3878 3374 3946 apud
3425 3880 3836 3936 misericordem

2233 3973 2397 4026 Deum
2441 3971 2685 4024 habetis:
2709 3978 2764 4024 et
2793 3968 2868 4033 lii,
2902 3970 2990 4036 qni
3023 3969 3211 4036 injuria
3255 3968 3597 4035 afficiuntur,
3633 3988 3834 4029 conso-

2231 4063 2482 4116 lationem
2533 4076 2598 4114 ex
2653 4058 2868 4114 fervore
2922 4059 3158 4113 caritatis
3205 4071 3397 4114 vestrae
3446 4075 3552 4115 non
3608 4078 3832 4132 parvam

2232 4155 2496 4224 accipient
2520 4171 2533 4206 :
2557 4168 2677 4207 nam
2709 4160 2766 4207 et
2791 4167 2890 4206 nos
2917 4152 3130 4206 tertium
3162 4167 3302 4207 nunc
3329 4167 3534 4209 annum
3560 4156 3614 4210 in
3641 4158 3827 4214 exsilia

2232 4253 2531 4310 versantes,
2566 4245 2616 4297 in
2649 4242 2809 4307 fame,
2845 4251 3014 4312 peste,
3048 4242 3208 4309 bello,
3238 4244 3508 4298 continuis
3535 4245 3840 4302 obsidioni-

2235 4336 2356 4401 bus,
2384 4335 2670 4390 solitudine
2694 4333 3015 4400 ineredibili,
3042 4334 3348 4404 quotidiana
3375 4345 3576 4400 morte,
3604 4345 3663 4392 et
3687 4337 3840 4394 [sane

2234 4428 2360 4481 ricis
2387 4427 2608 4495 gladiis,
2650 4440 2755 4480 non
2795 4425 3136 4480 mediocriter
3163 4425 3512 4480 consolantur
3539 4427 3755 4483 stabilis
3783 4437 3842 4484 et

2233 4527 2486 4572 constans
2510 4525 2690 4572 vester
2713 4515 2936 4570 affectus
2962 4531 3026 4570 ac
3056 4515 3246 4570 ﬁducia
3273 4558 3289 4582 ,
3321 4517 3660 4586 mirificeque
3687 4519 3838 4576 obleo

2232 4618 2406 4664 ctatur
2436 4607 2675 4663 beneﬁca
2705 4616 2760 4662 et
2788 4608 2996 4662 sincera
3036 4616 3213 4662 vestra
3253 4609 3471 4664 caritas.
3521 4609 3621 4664 ilic
3647 4622 3838 4668 noster

2236 4715 2419 4754 murus
2440 4742 2454 4762 ,
2488 4700 2605 4754 brae
2631 4700 2918 4764 securitas,
2949 4699 3036 4754 hic
3076 4709 3263 4769 portus
3309 4700 3512 4770 absque
3541 4702 3799 4760 ﬂuctibus
3819 4746 3838 4773 ,

2235 4794 2320 4847 hic
2359 4794 2758 4846 innumerorum
2803 4791 3061 4845 honorum
3105 4789 3414 4855 thesaurus,
3470 4792 3590 4847 haec
3636 4794 3847 4854 laetitia

2236 4882 2584 4946 miriﬁcmque
2628 4880 2914 4949 voluptatis
2959 4895 3117 4935 causa
3160 4890 3264 4936 est.
3309 4881 3419 4936 Etsi
3450 4881 3505 4937 in
3537 4882 3842 4940 desolatio-

2236 4989 2373 5038 rem,
2407 4987 2566 5042 quam
2614 4970 2684 5026 sit
2725 4971 2862 5035 iste,
2909 4971 3084 5026 locum
3128 4973 3318 5027 iterum
3360 4972 3682 5042 abigemur,
3728 4992 3842 5034 non

2235 5077 2454 5134 parvam
2490 5062 2611 5116 bine
2636 5060 2893 5117 habentes
2923 5073 3226 5118 nostrarum
3258 5062 3616 5120 afﬁictionum
3640 5080 3842 5124 conso-

2236 5156 2492 5212 lationem
2526 5154 2752 5209 abimus.

1950 5542 2388 5622 ...φωνη-
