4050 6430
185 370 302 431 535

180 488 280 552 τὸς
306 486 477 559 νόμου
507 483 603 539 καὶ
636 483 860 547 κανόνος
910 475 1392 553 ἐκκλησιαστικοῦ.
1426 479 1538 533 Καὶ
1566 479 1620 532 τί
1646 478 1794 559 λέγω

185 557 417 635 κανόνος
454 567 951 641 ἐκκλησιαστικοῦ;
988 566 1124 620 Οὑδέ
1171 567 1232 618 ἐν
1276 563 1390 628 τοῖς
1423 562 1529 627 ἔξω
1565 561 1667 634 μὲν
1697 557 1793 616 οὖν

181 654 563 726 δικαστηρίοις
582 653 810 707 τοιαῦτα
838 650 1113 723 ἐτολμήθη
1144 649 1277 703 ποτέ
1296 689 1312 714 ,
1356 647 1562 719 μᾶλλον
1591 646 1648 700 δέ
1671 645 1794 699 οὑδὲ

180 743 245 794 ἐν
290 737 628 810 βαρϐαρικῷ
660 736 1001 808 δικαστηρίῳ
1021 775 1037 800 ,
1069 734 1190 788 οὑδέ
1228 732 1456 795 Σκύθαι,
1489 729 1612 782 ούδέ
1649 731 1792 783 Σαυ-

183 821 429 894 ρομάται
458 819 635 883 οὕτως
660 819 727 874 ἀν
750 836 886 873 ποτε
910 819 1169 872 ἐδίκασαν
1194 818 1260 870 ἐκ
1283 816 1415 887 μιᾶς
1445 813 1643 885 μοίρας
1670 811 1793 884 κρί-

181 920 413 970 ναντες,
447 903 682 967 ἀπόντος
723 901 818 956 τοῦ
863 901 1214 972 αἰτιωμένου,
1253 896 1692 969 παραιτουμένου
1727 895 1789 947 οὑ

183 986 394 1056 κρίσιν,
427 986 542 1040 ἀλλ’
565 984 891 1056 ἀπέχθειαν,
917 984 1214 1046 καλοῦντος
1245 981 1510 1043 δικαστὰς
1541 978 1794 1052 μυρίους,

184 1068 484 1125 ἀνεύθυνον
517 1068 709 1123 ἑαυτὸν
733 1064 876 1122 εἶναι
899 1068 1174 1136 λέγοντος,
1206 1065 1306 1118 καὶ
1338 1064 1437 1134 τῆς
1467 1061 1796 1132 οἰκουμένης

183 1153 477 1225 παρούσης
504 1151 883 1206 ἀποδύσασθαι
911 1151 1012 1212 τὰς
1043 1149 1245 1212 αἰτίας,
1273 1147 1368 1201 καὶ
1394 1146 1567 1212 δεῖξαι
1601 1144 1794 1198 ἑαυτὸν

183 1239 249 1291 ὲν
283 1239 490 1292 ἅπασιν
535 1235 711 1296 ἀθῶον
742 1234 895 1287 ὄντα.
928 1233 1116 1287 Ταῦτα
1152 1228 1246 1285 οῦν
1275 1231 1457 1284 πάντα
1489 1227 1791 1298 λογισάμε-

187 1338 306 1389 νοι,
358 1322 453 1377 καὶ
501 1320 656 1392 παρά
689 1319 800 1374 τῶν
832 1318 1040 1390 κυρίων
1086 1334 1188 1387 μου
1218 1315 1328 1367 τῶν
1375 1312 1792 1367 εὑλαϐεστάτων

237 1535 3468 1573 ______________________________________________________

1634 359 2018 418 EPJSTOLIE.

3409 352 3516 408 ὅτε

1901 490 2150 561 ἀδελφῶν
2188 491 2348 563 ήμῶν
2389 490 2497 545 τῶν
2548 487 2868 545 ἐπισκόπων
2910 483 3250 554 σαφέστερον
3295 479 3515 535 ἅπαντα

1903 575 2193 646 μαθόντες,
2224 575 2326 646 τὴν
2350 575 2482 646 παρ’
2506 573 2718 628 ἑαυτῶν
2743 574 2877 643 ήμῖν
2905 571 3242 637 εἰσενεγκεῖν
3273 563 3516 646 σπουδήν

1898 645 2320 730 παρακλήθητε.
2354 645 2513 711 Οὕτω
2545 657 2655 728 γὰρ
2681 657 2781 726 οὑχ
2811 657 2944 726 ἡμῖν
2972 651 3159 722 μόνοις
3210 645 3517 720 χαριεῖσθε,

1899 742 2033 796 ἀλλά
2077 742 2173 795 καὶ
2200 741 2279 812 τῷ
2326 740 2491 812 κοινῷ
2537 740 2647 794 τῶν
2695 737 3060 809 Ἐκκλησιῶν,
3096 732 3196 788 καὶ
3223 732 3316 786 τὸν
3363 731 3516 801 παρά

1901 825 1996 879 τοῦ
2027 825 2164 878 Θεοῦ
2194 824 2433 897 λήψεσθε
2465 824 2659 896 μισθὸν
2683 836 2732 892 ι,
2763 823 2858 876 τοῦ
2884 821 2973 876 διὰ
3000 821 3102 892 τὴν
3133 818 3244 871 τῶν
3281 816 3518 885 Ἐκκλη-

1902 909 2039 963 σιῶν
2069 909 2296 981 εἰρήνην
2327 909 2512 964 πάντα
2535 907 2842 972 ποιοῦντος.
2886 903 3166 976 Διηνεκῶς
3193 901 3513 974 ἐρρωμένος

1900 994 2210 1066 ὑπερεύχου
2245 1011 2373 1066 μου,
2405 993 2645 1048 δέσποτα
2669 990 2965 1063 τιμιώτατε
2994 982 3092 1043 καὶ
3111 986 3402 1041 ὁσιώτατε.

1962 1196 1986 1225 ο
2015 1187 2158 1248 Apud
2185 1186 2460 1238 Palladium
2487 1184 2702 1249 epistoia
2725 1186 2803 1235 sic
2833 1181 3023 1249 desinit
3048 1201 3060 1230 :
3082 1180 3240 1249 πάντα
3259 1176 3517 1249 ποιοῦντος

1893 1242 2143 1311 διηνεκῶς.
2183 1250 2392 1314 Ἐγράφη
2440 1252 2493 1299 δὲ
2705 1265 2787 1314 και
2827 1246 2965 1314 πρὸς.
2987 1244 3207 1314 Βενέριον
3252 1242 3516 1290 ἐπίσκοπον

1898 1305 2217 1372 Μέδιολάνου,
2237 1305 2318 1360 καὶ
2339 1305 2631 1376 Χρωμάτιον
2657 1305 2922 1358 ἐπίσκοπον
2957 1305 3258 1365 ’Λκυληγίας.

786 1716 948 1791 {5m
981 1724 1686 1815 ΙΝΝΟΚΕΝΤΙΩ
1709 1775 1734 1819 ν

1895 1718 2410 1809 [ΙΙΣΚΟΠΩ
2485 1718 2869 1808 ΡΩΜΗΣ
2895 1784 2917 1815 9

1441 1911 1717 1976 Ἰωάννης
1746 1910 1818 1962 ἐν
1840 1909 2037 1977 Κυρίῳ
2063 1909 2300 1977 χαίρειν

261 2290 338 2343 Τδ
370 2286 472 2361 μὲν
504 2287 663 2361 σῶμα
690 2290 824 2360 ἡμῖν
866 2289 924 2341 ἐν
959 2288 1039 2342 ἐνὶ
1065 2291 1274 2362 ἵδρυται
1323 2288 1544 2362 χωρίῳ,
1590 2291 1693 2359 τῆς
1737 2288 1794 2342 δὲ

183 2372 416 2443 ἀγάπης
453 2373 515 2426 τὸ
554 2373 753 2444 πτερὸν
789 2370 1065 2444 πανταχοῦ
1112 2374 1213 2443 τῆς
1251 2374 1580 2444 οἰκουμένης
1631 2391 1792 2446 περιρ

188 2456 437 2510 ίπταται.
478 2455 643 2508 Ὅταν
678 2457 771 2509 καὶ
804 2457 969 2526 ήμετς
1001 2456 1120 2508 ὁδοῦ
1155 2457 1398 2528 τοσούτῳ
1428 2457 1788 2528 διῳκισμένοι

189 2541 382 2609 μήκει,
413 2539 640 2610 πλησίον
669 2539 770 2608 τῆς
805 2539 1092 2604 εὐλαϐείας
1131 2541 1288 2610 ὑμῶν
1316 2543 1504 2611 ἐσμεν,
1540 2543 1634 2594 καί
1665 2541 1789 2596 καθ’

186 2625 435 2694 ἑκάστην
460 2623 590 2693 ὑμῖν
632 2623 1001 2692 σὀγγινόμεθα
1034 2625 1134 2694 τήν
1158 2635 1184 2664 ει
1223 2625 1457 2695 ἡμέραν,
1489 2625 1791 2696 ὀφθαλμοῖς

185 2710 302 2770 τοῖς
324 2705 538 2776 ἐκείνης
569 2706 856 2775 βλέποντες
883 2706 1037 2775 ὑμῶν
1071 2708 1171 2778 τὴν
1194 2707 1447 2778 ἀνδρείαν
1465 2710 1565 2781 τῆς
1591 2709 1789 2780 ψυχῆς,

185 2789 252 2843 τὸ
278 2793 501 2860 γνήσιον
529 2789 629 2860 τῆς
673 2788 990 2852 διαθέσεως,
1018 2789 1080 2842 τὸ
1117 2793 1364 2862 στερρὸν,
1402 2793 1463 2845 τὸ
1494 2795 1789 2865 ἀπερίτρε-

185 2891 356 2938 ⁴πττον,
387 2873 486 2942 τὴν
518 2872 718 2942 πολλὴν
759 2872 915 2943 ὑμῶν
967 2875 1310 2945 παράκλησιν
1339 2880 1431 2929 καὶ
1467 2877 1667 2949 διαρκῆ
1697 2879 1790 2930 καὶ

182 2956 440 3026 μόνιμον.
473 2956 619 3025 Ὅσῳ
653 2956 762 3026 γὰρ
791 2955 861 3008 τὰ
887 2955 996 3008 τῶν
1023 2959 1283 3027 κυμάτων
1309 2960 1403 3012 ἐπὶ
1430 2961 1613 3014 πλεῖον
1639 2961 1792 3032 αἴρε-

185 3057 312 3103 ται,
348 3039 442 3093 καὶ
478 3038 697 3103 πλείους
732 3040 928 3108 ὕφαλοι
975 3042 1069 3093 καὶ
1104 3043 1361 3107 σπιλάδες
1402 3044 1627 3112 φύονται
1649 3086 1662 3107 ,
1696 3047 1791 3098 καὶ

183 3123 386 3176 πολλαὶ
420 3125 474 3176 αἰ
499 3124 838 3192 καταιγίδες,
870 3123 1111 3194 τοσούτῳ
1141 3129 1234 3178 καί
1255 3126 1324 3180 τά
1347 3128 1446 3198 τῆς
1475 3127 1790 3198 ἀγρυπνίας

181 3205 342 3273 αῦξει
367 3207 438 3259 τὰ
458 3207 558 3277 τῆς
584 3207 856 3277 ὑμετέρας
875 3224 887 3236 ⁸
917 3209 1011 3259 καὶ
1035 3209 1132 3278 οὑχ
1155 3208 1275 3261 ὁδοῦ
1310 3211 1484 3280 μῆκος
1509 3214 1786 3272 τοσοῦτον.

181 3292 248 3343 οὑ
283 3292 479 3360 χρόνου
513 3289 736 3360 πλῆθος,
773 3291 832 3342 οὑ
869 3291 1126 3345 δυσκολία
1171 3296 1517 3364 πραγμάτων
1563 3296 1790 3360 ὑπτίους

179 3374 440 3441 γενέσθαι
469 3375 615 3444 ὑμᾶς
640 3375 1080 3444 παρεσκεύασενο
1120 3377 1255 3430 ἀλλά
1290 3378 1481 3448 μένετε
1519 3379 1790 3450 μιμούμε-

181 3474 267 3509 νοι
304 3458 431 3520 τοὺς
459 3457 718 3524 ἀρίστους
756 3460 866 3511 τῶν
912 3460 1283 3530 κυϐερνητῶν,
1322 3461 1370 3514 οἳ
1396 3462 1519 3514 τότε
1549 3463 1784 3532 μάλιστα

175 3541 580 3612 διεγείρονται,
628 3542 759 3593 ὅταν
803 3542 953 3595 ἴδωσι
998 3544 1068 3596 τὰ
1103 3544 1322 3613 κύματα
1365 3546 1782 3617 κορυφούμενα,

177 3621 283 3690 τὴν
302 3623 574 3677 θάλατταν
589 3625 680 3676 ἐπὶ
700 3627 886 3694 μεῖζον
907 3628 1233 3699 φερομένην,
1262 3629 1428 3681 πολὺν
1446 3629 1554 3681 τῶν
1577 3631 1786 3685 ὑδάτων

179 3708 275 3758 τὸν
294 3707 560 3774 πάταγον,
595 3706 905 3778 βαθυτάτην
937 3711 998 3762 ὲν
1021 3711 1204 3780 ἡμέρα
1228 3711 1421 3765 νύκτα.
1448 3713 1539 3766 Διὸ
1561 3715 1654 3767 καὶ
1685 3716 1784 3785 χά-

181 3806 342 3861 ριτας
390 3790 521 3861 ὑμῖν
557 3789 718 3861 ἴσμεν
753 3791 978 3856 πολλάς,
1017 3796 1111 3846 καὶ
1145 3794 1526 3864 ἐπιθυμοῦμεν
1565 3798 1660 3851 καὶ
1709 3817 1787 3853 νι-

178 3872 354 3941 φάδας
383 3874 513 3944 ὑμῖν
542 3873 786 3944 πέμπειν
812 3876 1181 3947 γραμμάτων,
1214 3881 1348 3948 ἡμῖν
1376 3879 1560 3945 αὑτοῖς
1589 3883 1657 3936 τὰ
1691 3884 1786 3954 μέ-

179 3971 345 4023 γιστα
393 3957 768 4028 χαριζόμενοι.
835 3959 974 4011 Ἀλλ’
1003 3960 1194 4031 ἐπειδὴ
1241 3961 1400 4016 τοῦτο
1451 3964 1785 4038 ἀφῃρήμεθα

181 4039 334 4110 παρά
375 4041 477 4110 τῆς
505 4040 599 4094 τοῦ
654 4042 820 4094 τόπου
856 4044 1094 4114 ἐρημίας
1116 4060 1127 4072 ·
1168 4045 1287 4098 οὑδὲ
1332 4047 1443 4118 γὰρ
1479 4050 1640 4121 μόνον
1676 4051 1785 4106 τῶν

174 4125 359 4178 ἐκεῖσε
382 4126 798 4196 ἀφικνουμένων
818 4126 868 4193 b,
898 4128 1012 4180 ἀλλ’
1037 4129 1156 4182 οὑδὲ
1183 4130 1292 4184 τῶν
1317 4133 1374 4184 ἐν
1391 4137 1455 4203 τῇ
1489 4135 1608 4187 καθ’
1638 4138 1785 4208 ήμᾶς

173 4209 476 4282 οἰκουμένῃ
523 4209 944 4280 διατριϐόντων,
972 4212 1174 4265 δύναιτ’
1206 4213 1273 4267 ἀν
1300 4233 1384 4278 τις
1426 4218 1626 4288 ῥαδίως
1650 4223 1785 4290 ἡμῖν

179 4293 578 4362 συγγενέσθαι.
614 4295 704 4348 διά
730 4312 789 4347 τε
822 4296 884 4348 τὸ
925 4296 1115 4368 πόρρω
1146 4297 1242 4351 καὶ
1282 4301 1420 4370 πρὸς
1465 4304 1638 4368 αὑτὰς
1685 4306 1784 4369 τὰς

174 4377 437 4447 ἐσχατιάς
480 4379 700 4432 κεῖσθαι
748 4380 812 4432 τὸ
850 4379 1050 4450 χωρίον
1092 4383 1150 4433 ἐν
1174 4375 1218 4450 ᾧ
1247 4383 1652 4456 καθείργμεθα,
1689 4391 1784 4442 καὶ

175 4461 266 4515 διὰ
311 4462 404 4515 τὸν
451 4462 745 4535 λῃστρικὸν
784 4463 951 4532 φόϐον
987 4465 1167 4518 πᾶσαν
1210 4469 1632 4538 ἀποτειχίζοντα
1683 4474 1783 4544 τήν

171 4544 322 4598 ὁδόν·
356 4547 786 4618 παρακαλοῦμεν
812 4548 984 4602 ἐλεεῖν
1015 4549 1215 4620 μᾶλλον
1240 4554 1392 4622 ἡμᾶς
1422 4555 1525 4623 τῆς
1557 4561 1780 4628 μακρᾶς

179 4630 370 4698 σιγῆς,
409 4630 442 4701 ἢ
485 4629 760 4703 ρᾳθυμίαν
807 4633 1058 4688 ἐντεῦθεν
1102 4637 1541 4704 καταγινώσκειν
1576 4643 1771 4711 ἡμῶν.

179 4714 302 4770 ’Ὁτι
327 4715 435 4786 γάρ
463 4718 563 4769 οὑκ
585 4717 980 4788 ὀλιγωροῦντες
1003 4719 1361 4791 ἐσιγήσαμεν,
1389 4723 1780 4796 ἐπιλαϐόμενοι

173 4799 263 4853 διὰ
295 4798 493 4852 πολλοῦ
537 4800 631 4852 τοῦ
668 4801 860 4871 χρόνου
895 4801 990 4855 νῦν
1038 4803 1132 4856 τοῦ
1156 4806 1490 4874 τιμιωτάτου
1517 4810 1610 4862 καὶ
1638 4811 1778 4878 άγα-

176 4882 352 4954 πητοῦ
403 4882 652 4937 Ἰωάννου
700 4883 795 4937 τοῦ
844 4885 1257 4957 πρεσϐυτέρου,
1293 4891 1390 4944 καὶ
1423 4890 1638 4945 Παύλου
1687 4894 1782 4946 τοῦ

175 4968 454 5032 διακόνου,
502 4971 598 5022 καὶ
645 4970 954 5042 γράφομεν,
1007 4973 1103 5024 καὶ
1146 4974 1604 5044 εὐχαριστοῦντες
1653 4980 1782 5049 ὑμῖν

173 5053 234 5107 οὑ
267 5051 725 5123 διαλιμπάνομεν,
769 5054 852 5107 ὅτι
901 5056 1147 5125 πατέρας
1197 5057 1593 5131 φιλοστόργους
1649 5062 1781 5115 άπε-

176 5134 419 5206 κρύψατε
439 5139 504 5207 τῇ
539 5137 670 5208 περὶ
702 5138 849 5208 ἡμᾶς
879 5138 1065 5210 εὑνοία
1089 5157 1149 5192 τε
1186 5142 1284 5194 καὶ
1321 5145 1550 5215 σπουδῇ.
1583 5147 1694 5199 Καὶ
1715 5148 1778 5201 τὸ

176 5218 275 5289 μὲν
310 5219 390 5281 εἰς
433 5218 531 5290 τήν
563 5219 850 5274 εὐλάϐειαν
879 5216 1014 5292 ἧκον
1043 5223 1143 5292 τὴν
1163 5225 1457 5298 ὑμετέραν,
1478 5231 1578 5300 τήν
1602 5249 1777 5302 προσ-

173 5304 412 5372 ήκουσαν
456 5302 743 5374 διόρθωσιν
807 5305 1032 5376 εἴληφεν
1076 5308 1316 5373 ἅπαντα,
1349 5312 1444 5364 καὶ
1471 5315 1499 5366 ὁ
1545 5316 1779 5386 φορυτδς

171 5386 280 5439 τῶν
322 5387 512 5439 κακῶν
553 5388 646 5440 καὶ
677 5387 746 5442 τά
782 5389 1052 5443 σκάνδαλα
1100 5393 1392 5464 ἀνῄρηται,
1434 5398 1529 5449 καὶ
1560 5401 1615 5451 αἰ
1654 5401 1775 5453 Ἐκ-

172 5470 392 5556 κλησίαι
429 5472 656 5556 εἰρήνης
730 5473 1056 5556 ἀπήλαυσαν
1109 5479 1205 5532 καὶ
1247 5478 1448 5551 λευκῆς
1491 5483 1771 5556 γαλήνης.

170 5554 264 5606 καὶ
289 5553 470 5608 πάντα
517 5555 658 5609 κατά
688 5555 816 5628 ῥοῦν
847 5559 1093 5631 φέρεται,
1131 5563 1226 5616 καὶ
1258 5553 1767 5639 καταφρονηθέντες

231 5732 258 5804 ρ
435 5733 544 5804 ὑμῖν
568 5734 878 5804 σνγηνὸμεθᾳ
904 5737 1220 5804 1+,v,__dosunl
1242 5741 1289 5788 in
1310 5741 1499 5794 Fabric.

228 5791 257 5832 δ
283 5793 372 5841 Hic
391 5791 959 5858 sus'picamflegendum
998 5791 1183 5850 Fronto
1219 5805 1429 5853 Ducwus
1467 5791 1569 5855 τῶν
1600 5809 1772 5859 ἐκεῖθεν

167 5853 538 5919 ἀφικνουμένων.

485 5966 760 6031 ΡΑταοι..
807 5971 924 6031 Gn.
979 5970 1106 6035 LII.

1897 2286 2342 2361 ἐξεδικήθησανε
2375 2286 2534 2354 νόμοι
2555 2322 2570 2348 ,
2603 2281 2699 2334 καὶ
2729 2280 2924 2353 θεσμοὶ
2959 2277 3217 2353 πατέρων
3255 2276 3511 2348 παραϐα-

1895 2376 2102 2436 θέντες.
2141 2371 2362 2442 Ἐπειδὴ
2383 2370 2439 2423 δέ
2458 2367 2553 2421 ἐπὶ
2576 2365 2688 2420 τῶν
2714 2366 2894 2438 ἔργων
2921 2362 3102 2419 αὑτῶν
3126 2363 3280 2416 οὐδὲν
3301 2361 3510 2415 τούτων

1896 2459 2110 2527 γέγονε,
2137 2457 2246 2510 τῶν
2277 2455 2347 2508 τὰ
2375 2454 2620 2525 πρότερα
2652 2449 3047 2522 τολμησάντων
3071 2449 3186 2510 τοῖς
3219 2445 3512 2517 προτέροις

1896 2539 2393 2610 ὲπαγωνιζομένων
2422 2537 2504 2590 ἔτι
2527 2535 3025 2605 παρανομήμασιν,
3061 2531 3280 2584 ἅπαντα
3309 2531 3405 2600 μὲν
3440 2529 3512 2582 τὰ

1895 2630 2028 2699 παρ’
2073 2626 2255 2680 αὑτῶν
2308 2625 2448 2695 μετά
2497 2622 2674 2675 ταῦτα
2709 2619 3059 2690 γεγενημένα
3108 2617 3232 2670 καθ’
3277 2616 3512 2669 ἕκαστον

1893 2698 2305 2782 διηγήσασθαιά
2341 2709 2622 2780 παρίημι·
2654 2698 2748 2760 καί¹
2777 2704 2887 2774 γὰρ
2914 2703 3162 2776 ἱστορίας
3190 2700 3512 2771 ὑπερϐαίνει

1898 2797 2118 2866 μέτρον,
2154 2795 2256 2847 οὑκ
2297 2792 2591 2862 ἐπιστολῆς
2638 2791 2823 2861 μόνον,
2860 2790 2892 2860 ή
2923 2788 3206 2858 διήγησις·
3239 2787 3418 2839 ἐκεῖνο
3453 2782 3511 2836 δὲ

1896 2878 2206 2950 παρακαλῶ
2234 2877 2335 2949 τὴν
2373 2877 2657 2947 ἄγρυπνον
2689 2874 2844 2945 ὑμῶν
2881 2872 3084 2942 ψυχὴν,
3115 2871 3221 2924 κᾶν
3253 2871 3301 2922 οἰ
3325 2869 3511 2922 πάντα.

1895 2964 2146 3037 θορύϐων
2168 2962 2559 3034 ἐμπλήσαντες
2579 2958 2930 3030 ἀμετανόητα
2954 2956 3152 3009 νοσῶσι
3174 2956 3269 3009 καὶ
3291 2954 3510 3018 ἀνίατα,

1894 3050 2091 3114 αὑτοὺς
2123 3047 2276 3121 [522]
2311 3048 2440 3110 τοὺς
2488 3043 2837 3116 θεραπεῦσαι
2894 3041 3036 3094 αὑτά
3084 3040 3378 3110 ἑλομένους
3433 3040 3511 3110 μὴ

1895 3135 2307 3206 περικακῆσαι,
2372 3129 2509 3201 μηδέ
2572 3127 2990 3200 ἀπαγορεῦσαι,
3027 3126 3089 3178 τὸ
3142 3125 3377 3195 μέγεθος
3412 3125 3511 3178 τοῦ

1894 3217 2323 3288 κατορθώματος
2371 3214 2759 3284 ἐννοήσαντας.
2810 3212 2922 3265 Καὶ
2963 3209 3074 3281 γὰρ
3105 3209 3249 3280 ὑπὲρ
3279 3209 3380 3280 τῆς
3430 3209 3512 3260 0i-

1895 3302 2170 3373 κουμένης
2216 3300 2403 3372 σχεδὸν
2451 3299 2672 3367 ἀπάσης
2717 3299 2746 3350 ὁ
2797 3295 2991 3366 παρὼν
3027 3295 3157 3365 ὑμῖν
3187 3293 3339 3362 ἀγὼν
3369 3292 3508 3364 πρό-

1897 3400 2108 3450 κειται,
2147 3384 2287 3455 ὑπὲρ
2346 3382 2693 3454 Ἑκκλησιῶν
2737 3382 2819 3444 εἰς
2865 3380 2995 3448 γόνυ
3027 3376 3502 3448 κατενεχθεισῶν,

1896 3471 2038 3540 ὑπὲρ
2067 3469 2213 3522 λαῶν
2240 3468 2656 3538 διασπαρέντων
2674 3507 2687 3530 ,
2722 3465 2863 3535 ὑπὲρ
2894 3464 3116 3534 κλήρων
3151 3461 3504 3532 πολεμουμέ-

1898 3572 2025 3617 νων,
2060 3553 2202 3623 ὑπέρ
2237 3552 2555 3605 ἐπισκόπων
2594 3548 3074 3620 φυγαδευομένων,
3113 3540 3256 3617 ὑπὲρ
3287 3545 3509 3616 θεσμῶν

1891 3637 2146 3707 πατέρων
2163 3636 2597 3708 παραϐαθέντων
2617 3646 2665 3690 ε.
2687 3634 2888 3695 Διὸξκαὶ
2909 3630 3340 3702 παρακαλοῦμεν
3355 3629 3512 3700 ὑμῶν

1888 3723 1988 3791 τήν
2017 3720 2350 3790 ἐμμέλειαν,
2383 3720 2479 3772 καὶ
2509 3715 2660 3783 ἅπαξ
2692 3718 2790 3772 καὶ
2818 3718 2902 3781 δὶς
2932 3717 3027 3770 καὶ
3073 3714 3366 3778 πολλάκις,
3398 3715 3513 3785 ὅσῳ

1890 3807 2093 3859 πλείων
2122 3807 2155 3877 ή
2189 3806 2359 3875 ζάλη,
2401 3804 2645 3876 τοσούτῳ
2696 3803 2921 3856 πλείονα
2966 3799 3346 3865 ἐπιδείξασθαι
3404 3799 3510 3869 τήν

1892 3891 2150 3962 σπουδήν.
2182 3892 2227 3943 Π
2238 3889 2586 3962 ροσδοκῶμεν
2612 3888 2722 3959 γὰρ
2753 3887 2849 3941 καὶ
2877 3885 3102 3939 ἔσεσθαί
3127 3903 3180 3938 τι
3216 3884 3379 3938 πλέον
3423 3886 3507 3946 εἰς

1885 3973 2198 4046 διόρθωσιν.
2258 3975 2322 4026 Εἰ
2373 3973 2416 4025 δ’
2452 3973 2562 4044 ἀρα
2599 3973 2675 4042 μὴ
2711 3971 2870 4024 τοῦτο
2919 3969 3156 4039 γένοιτο,
3194 3968 3311 4022 ἀλλ’
3347 3969 3510 4038 ὑμεῖς

1889 4057 2305 4129 ἀτηρτισμένον
2351 4057 2506 4127 ἔχετε
2548 4056 2642 4109 τὸν
2675 4055 2940 4124 στέφανον
2984 4054 3138 4126 παρά
3169 4051 3264 4105 τοῦ
3309 4052 3506 4122 φιλαν-

1889 4143 2110 4212 θρώπου
2153 4141 2312 4204 Θεοῦ,
2350 4143 2448 4195 καὶ
2478 4143 2595 4204 τοῖς
2624 4140 3009 4210 ἀδικουμένοις
3037 4139 3097 4191 οὑ
3133 4137 3309 4208 μικρά
3347 4135 3509 4189 τοῦτο

1889 4226 2042 4279 ἔσται
2071 4226 2444 4297 παράκλησις,
2472 4226 2574 4295 τῆς
2592 4222 2870 4296 ὑμετέρας
2893 4224 3117 4293 ἀγάπης
3149 4223 3182 4292 ή
3209 4221 3465 4285 ἔνστασις
3491 4238 3505 4251 ο

1889 4313 2012 4364 ἐπεὶ
2041 4311 2134 4363 καὶ
2175 4311 2326 4381 ἡμᾶς
2363 4313 2551 4380 τρίτον
2584 4308 2703 4371 ἐτος
2730 4306 2892 4361 τοῦτο
2920 4307 2938 4345 τ
2974 4308 3033 4360 ἐν
3072 4305 3264 4377 ὲξορίᾳ
3292 4305 3506 4376 διατρί-

1889 4395 2102 4458 ϐοντας,
2122 4392 2289 4464 λιμῷ,
2312 4393 2508 4465 λοιμῷ,
2533 4394 2814 4465 πολέμοις,
2835 4392 3178 4464 πολιορκίαις
3204 4389 3505 4460 συνεχέσιν,

1887 4478 2093 4549 ἐρημία
2146 4479 2373 4550 ἀφάτῳ,
2432 4478 2653 4549 θανάτῳ
2719 4475 3118 4549 καθημερινῷ,
3205 4471 3507 4546 μαχαίραις

1900 4564 2236 4634 Ἰσαυρικαῖς
2275 4564 2683 4634 ἐκδεδομένους,
2733 4564 2832 4633 οὑχ
2868 4563 2947 4626 ὡς
2989 4562 3148 4631 ἔτυχε
3192 4560 3510 4632 παρακαλεῖ

1887 4649 1979 4700 καὶ
2011 4648 2424 4720 παραμυθεῖται
2456 4649 2517 4701 τὸ
2549 4648 2774 4720 διαρκὲς
2812 4648 2909 4702 καὶ
2943 4648 3173 4718 μόνιμον
3212 4646 3370 4716 ὑμῶν
3399 4644 3508 4715 τῆς

1883 4731 2177 4797 διαθέσεως
2233 4735 2330 4787 καὶ
2379 4735 2478 4804 τῆς
2530 4734 2876 4805 παρρησίας,
2924 4733 3112 4786 καὶτὸ
3151 4731 3367 4801 δαψιλεῖ
3410 4732 3506 4784 καὶ

1890 4818 2134 4889 γνησίας
2193 4818 2368 4881 οὕτως
2417 4821 2694 4889 ἐντρυφᾷν
2753 4819 2908 4888 ὑμῶν
2962 4822 3029 4889 τῇ
3067 4817 3281 4890 ἀγάπῃ.
3334 4815 3504 4868 Τοῦτο

1889 4904 2021 4972 ήμῖν
2067 4907 2279 4974 τεῖχος,
2312 4904 2471 4957 τοῦτο
2509 4905 2814 4973 ἀσφάλεια,
2846 4904 3007 4957 τοῦτο
3041 4903 3209 4974 λιμήν
3255 4901 3498 4972 ἀκύμαν-

1884 5004 2007 5054 τος,
2035 4988 2195 5040 τοῦτο
2218 4989 2496 5060 θησαυρὸς
2544 4989 2756 5060 μυρίων
2795 4988 3022 5056 ἀγαθῶν
3045 5029 3059 5052 ,
3093 4988 3257 5041 τοῦτο
3303 4989 3494 5057 εὐφρο-

1885 5071 2045 5142 σύνη.
2075 5073 2170 5127 καὶ
2201 5073 2403 5143 πολλῆς
2433 5074 2629 5146 ήδονῆς
2658 5072 2937 5137 ὑπόθεσις.
2968 5073 3087 5127 Κᾶν
3118 5075 3197 5136 εἰς
3231 5073 3501 5144 ἐρημότε-

1884 5175 1978 5228 ρον
2022 5157 2216 5211 τούτου
2264 5157 2430 5211 πάλιν
2467 5157 2866 5228 ἀπενεχθῶμεν
2921 5159 3158 5229 χωρίον,
3199 5158 3260 5210 οὑ
3297 5157 3505 5228 μικρὰν

1881 5243 2087 5313 ταύτην
2125 5242 2343 5313 ἔχοντες
2392 5241 2748 5315 παράκλησιν
2792 5243 2900 5296 τῶν
2941 5243 3287 5314 παθημάτων
3337 5243 3500 5312 ήμῶν

1881 5327 2110 5398 ἄπιμεν.

1950 5566 1971 5593 ε
2000 5563 2114 5612 Duo
2133 5576 2251 5613 mss.
2301 5565 2660 5624 ἑξεόικήθησαν,
2689 5571 2736 5614 et
2763 5568 2831 5616 sic
2855 5567 3006 5617 habet
3049 5566 3281 5619 Saviiius.
3321 5568 3494 5620 Morel.

1884 5627 2252 5692 ἐξεδιῴχθησαν.
2283 5626 2562 5692 Unusjbid.
2590 5632 2908 5692 παραϐάντες.

1951 5688 1976 5726 ιι
1999 5688 2126 5736 Ἰἐοε
2151 5702 2266 5736 mss.
2299 5691 2581 5748 διηγεῖσθαι.

1947 5751 1976 5813 ξ’
2004 5750 2139 5798 [Inus
2157 5753 2494 5813 παραϐάντων,

1952 5810 1969 5846 τ
2001 5813 2081 5861 Sic
2107 5810 2239 5861 mss.‘
2264 5813 2313 5860 In
2347 5813 2504 5863 lidilis
2528 5813 2673 5860 τοῦτο
2699 5815 2863 5863 deest.

1950 5877 1973 5913 ε
2000 5875 2082 5925 Sic
2105 5889 2222 5925 mss.
2245 5875 2378 5929 Edili
2408 5889 2527 5925 vero
2563 5889 2829 5928 pernoram
2850 5878 2904 5927 τὸ
2930 5880 2976 5928 ἐν
3002 5882 3116 5943 ψιλῇ
3143 5882 3223 5931 καὶ
3246 5881 3413 5946 γνησίᾳ

3065 6008 3141 6069 10
