4050 6430
574 372 678 428 557

1674 495 1918 505 ..ν-ρ·-

1274 377 1332 433 S.
1371 377 1656 435 JOANNIS
1689 377 2179 438 CIIRYSOSTOMI
2235 377 2550 434 ABCHIEP.
2593 365 3137 433 CONSTANTINOP.

3729 354 3844 412 358

1929 466 3838 506 _________________________.

839 582 874 625 ³
925 582 1071 670 ΤΩ
1144 577 1677 670 ΑΓΑΠΗΤΩ
1759 580 2199 668 ΑΔΕΛΦΩ
2273 575 2700 664 ΙΩΑΝΝΗ
2775 565 3561 660 ΙΝΝΟΚΕΝΤΙΟΣ.

637 768 703 823 Et
731 766 827 820 καὶ
863 766 1042 821 πάντα
1068 766 1149 819 δεῖ
1177 766 1270 820 τὸν
1302 765 1542 821 ἀναίτιον
1587 766 1891 838 προσδοκᾷν
1917 766 1987 819 τὰ
2015 783 2150 838 χρη-
2192 733 2360 832 ..γὰρ
2393 759 2686 830 ὑπομένειν
2730 757 2934 826 ὀφείλει
2978 758 3008 810 6
3049 755 3127 828 τῷ
3164 755 3284 826 Θεῷ
3323 753 3564 838 πρῶτον,
3605 745 3732 806 εἷτα
3766 749 3866 838 καὶ

569 851 688 915 στά,
721 850 817 904 καί
851 848 1000 921 παρὰ
1027 847 1120 902 τοῦ
1149 847 1284 902 Θεοῦ
1321 849 1412 904 τὸν
1451 848 1599 903 ἔλεον
1631 832 2150 918 ἀίτεῖνξόμωξίιάὶ
2250 843 2330 915 τῷ
2364 843 2480 911 ἰδίῳ
2513 840 2790 904 πεποιθὼς
2824 839 3124 894 συνειδότι·
3167 838 3330 892 ὁπότε
3370 837 3614 921 μάλιστα
3644 832 3864 906 γυμνά-

568 935 698 1005 παρ’
724 933 881 1004 ήμῶν
907 932 1006 1004 τὴν
1035 931 1386 997 ἀνεξικακίαν
1417 931 1890 1004 συμϐουλευόντων
1921 932 1992 985 τά
2015 929 2151 983 καθ-

563 1013 770 1084 ήκοντα
797 1015 1105 1087 γράμματα
1132 1015 1221 1069 διὰ
1254 1015 1533 1086 Κυριαςιοῦ
1563 1013 1657 1068 τοῦ
1683 1013 1931 1068 διακόνου
1956 1011 2153 1077 ἐξαπέ-

569 1099 794 1153 σταλται
815 1117 830 1130 ·
861 1098 1002 1152 ῶστε
1044 1099 1118 1170 μὴ
1147 1098 1310 1154 πλέον
1334 1097 1628 1170 δυνηθῆναι
1657 1098 1756 1168 τὴν
1788 1096 1945 1168 ὓϐριν
1992 1097 2052 1148 ἐν
2074 1091 2153 1166 τῷ

570 1181 895 1251 συντρίϐειν,
923 1181 956 1253 ἢ
983 1181 1045 1234 τὸ
1071 1181 1274 1250 ἀγαθὸν
1297 1181 1534 1244 συνειδὸς
1557 1183 1615 1233 ἐν
1636 1180 1712 1251 τῷ
1731 1179 1992 1244 ἐλπίζειν.
2018 1176 2153 1230 Ούδέ

569 1265 676 1338 γὰρ
705 1265 937 1334 ὀφείλεις
960 1263 1295 1336 διδαχθῆναι,
1323 1266 1353 1318 6
1375 1263 1647 1318 τοσούτων
1669 1261 1812 1316 λαῶν
1837 1259 2153 1322 διδάσκαλος

567 1350 662 1400 καὶ
694 1348 920 1419 ποιμὴν,
947 1348 1074 1409 τοὺς
1111 1347 1364 1419 ἀρίστους
1391 1346 1481 1404 ἀεὶ
1514 1346 1610 1400 καὶ
1639 1344 1898 1407 πολλάκις
1925 1341 2154 1413 δοκιμά-

569 1430 777 1496 ζεσθαι,
813 1433 863 1484 εἰ
904 1432 960 1484 ἐν
989 1433 1056 1502 τῇ
1083 1431 1236 1502 ἀκμῇ
1283 1431 1382 1502 τῆς
1423 1428 1706 1500 ὑπομονῆς
1749 1426 2152 1500 παραμένουσι,

569 1514 663 1566 καὶ
695 1513 872 1567 οὐδενὶ
898 1513 1046 1584 πόνῳ
1075 1512 1445 1577 κακοπαθείας
1468 1511 1837 1565 ὑποπίπτουσι
1857 1527 1872 1540 ’
1897 1509 1991 1564 καὶ
2010 1509 2155 1562 ἐστιν

567 1595 642 1660 ὡς
677 1595 890 1669 ἀληθῶς
926 1595 1140 1667 βέϐαιον
1168 1598 1403 1667 πρᾶγμα
1423 1597 1482 1650 τὸ
1515 1594 1752 1659 συνειδὸς
1779 1596 1859 1658 εἰς
1892 1593 2068 1648 πάντα
2087 1591 2156 1645 τά

569 1680 767 1744 ἀδίκως
803 1681 1184 1750 συμπίπτοντα
1253 1680 1398 1750 άπερ
1425 1681 1473 1733 εἰ
1509 1679 1584 1750 μὴ
1620 1677 1863 1749 νικήσειέ
1903 1694 1984 1740 τις
2027 1677 2158 1729 ὑπο-

573 1763 772 1834 μένων,
797 1764 1091 1835 τεκμήριον
1110 1761 1323 1834 φαύλης
1349 1762 1671 1833 ὑπολήψεως
1697 1761 1942 1831 ἐκφέρει.
1973 1759 2157 1812 Πάντα

686 1895 776 1945 Hae
819 1902 930 1945 duae
982 1893 1255 1958 Innocentii
1280 1894 1506 1958 epistolae
1538 1905 1606 1958 fex
1642 1893 1826 1958 Latino
1855 1893 1906 1942 in
1934 1891 2157 1958 Graecum

574 1958 822 2008 translatae
855 1959 995 2020 fuere
1017 1979 1027 2006 :
1054 1952 1371 2020 quamobrem
1394 1969 1457 2005 ne
1481 1957 1680 2006 mireris
1712 1955 1926 2017 aliquam
1947 1953 1998 2003 in
2023 1952 2160 2002 Gre-

525 2061 527 2064 6
572 2022 641 2071 eis
662 2019 970 2082 deprehendi
995 2019 1426 2082 peregrinitatem.

2254 926 2443 993 ζεσθαι
2473 927 2554 988 είς
2581 924 2858 996 ὑπομονὴν
2885 926 2913 977 6
2947 922 3110 985 καλὸς
3144 923 3240 976 καί
3272 920 3473 990 ἀγαθὸς
3501 920 3758 980 δύναται,
3778 934 3861 972 νι-

2253 1010 2454 1066 κᾶσθαι
2479 1010 2536 1064 δὲ
2562 1010 2684 1073 οὐκ,
2718 1007 3014 1079 ἐπειδήπερ
3039 1006 3206 1060 αὑτοῦ
3229 1005 3329 1077 τὴν
3359 1004 3607 1059 διάνοιαν
3632 1003 3694 1059 αἰ
3716 1002 3862 1056 θεῖαι

2254 1095 2471 1168 Γραφαὶ
2497 1093 2854 1162 φυλάττουσι·
2879 1091 2976 1145 καὶ
3009 1087 3419 1159 περιττεύουσιν
3448 1086 3862 1158 ὑποδείγμασιν

2254 1181 2310 1234 αἰ
2358 1179 2498 1232 θεῖαι
2543 1175 2897 1247 ἀναγνώσεις,
2929 1173 2996 1238 ἃς
3049 1175 3162 1237 τοῖς
3211 1173 3361 1235 λαοῖς
3403 1171 3859 1243 παραδιδόαμεν·

2255 1265 2456 1326 αἵτινες
2489 1263 2702 1324 πάντας
2747 1260 2930 1330 σχεδὸν
2961 1260 3088 1322 τοὺς
3131 1257 3318 1326 ἁγίους
3362 1253 3865 1325 καταπεπονῆσθαι

2255 1348 2526 1419 διαφόρως
2554 1345 2650 1400 καὶ
2679 1343 2917 1413 συνεχῶς
2943 1340 3334 1404 ἐπιστώσαντο,
3370 1338 3522 1412 [5‘25]
3567 1338 3672 1392 καὶ
3713 1337 3866 1390 δοκι-

2259 1432 2528 1506 μάζεσθαι
2562 1430 2815 1501 καθάπερ
2839 1428 2896 1482 ἐν
2921 1445 3027 1480 τινι
3054 1424 3369 1493 διαγνώσει,
3391 1422 3537 1478 οὕτω
3567 1439 3633 1477 τε
3661 1423 3743 1506 εἰς
3770 1421 3865 1506 τὸν

2260 1505 2521 1586 στέφανον
2567 1515 2666 1584 τῆς
2715 1511 2997 1582 ὑπομονῆς
3049 1506 3393 1578 ἐληλυθέναι.
3447 1505 3868 1577 Παραμυθείτω

2257 1599 2356 1671 τὴν
2390 1597 2612 1668 ἀγάπην
2645 1612 2738 1648 σου
2771 1593 2904 1648 αὐτὸ
2935 1593 2996 1646 τὸ
3018 1591 3288 1660 συνειδὸς,
3301 1589 3502 1660 ἀδελφέ
3529 1587 3864 1671 τιμιώτατε,

2257 1670 2395 1753 ὅπερ
2433 1681 2492 1734 ὲν
2517 1683 2639 1744 ταῖς
2671 1677 2916 1748 θλίψεσιν
2947 1676 3057 1748 ἔχει
3091 1675 3192 1746 τὴν
3215 1672 3573 1745 παραμυθίαν
3603 1670 3706 1741 τῆς
3727 1671 3864 1743 ἀρεο

2257 1768 2377 1838 τῆς.
2404 1765 2830 1825 Ἐποπτεύοντος
2882 1761 2992 1832 γὰρ
3037 1759 3132 1814 τοῦ
3177 1760 3449 1811 Δεσπότου
3481 1757 3529 1810 Χ
3540 1754 3754 1828 ριστοῦ,
3806 1755 3866 1807 ἐν

2258 1849 2338 1921 τῷ
2374 1849 2555 1920 λιμένι
2604 1849 2704 1920 τῆς
2745 1847 2968 1918 εἰρήνης
3011 1843 3407 1916 καθαρισθεῖσα
3456 1843 3492 1912 ἡ
3550 1839 3867 1913 συνείδησις

2261 1933 2540 2004 στήσεται.

1437 2232 2199 2320 ΙΝΝΟΚΕΝΤΙΟΣ
2273 2229 2935 2318 ΕΠΙΣΚΟΠΟΣ

571 2349 1003 2419 Πρεσὸυτέροις
1059 2351 1161 2407 καί
1204 2351 1510 2418 διακόνοις
1571 2352 1671 2406 καὶ
1718 2351 1897 2405 παντὶ
1929 2351 2009 2418 τῷ
2045 2355 2251 2419 κλήρῳ
2282 2349 2380 2403 καὶ
2429 2349 2511 2416 τῷ
2550 2348 2700 2421 λαιρΑ
2722 2346 2844 2421 τῆς-
2871 2347 3577 2421 Κωνρνταντινοιεπόλεως
3613 2349 3868 2419 Ἐκκλη·

1075 2423 1238 2488 σίας,
1262 2421 1388 2489 τοῖς
1412 2416 1531 2478 ὑπὸ
1561 2423 1670 2477 τὸν
1692 2416 2034 2478 ἐπίσκοπον
2070 2416 2370 2488 Ἰωάννην,
2406 2419 2741 2490 ἀγαπητοῖς
2775 2416 3084 2488 ἀδελφοῖς,
3110 2416 3362 2487 χαίρειίο.

656 2599 752 2652 Ἐκ
781 2597 890 2652 τῶν
923 2598 1269 2670 γραμμάτων
1299 2598 1400 2670 τῆς
1430 2599 1705 2672 ὑμετέρας
1731 2601 1974 2674 ἀγάπης,
2003 2603 2161 2658 ἅτινα

571 2681 662 2736 διὰ
701 2681 982 2753 Γερμανοῦ
1026 2680 1120 2735 τοῦ
1170 2682 1541 2755 πρεσϐυτέρου
1596 2685 1690 2738 καὶ
1740 2685 2015 2740 Κασιανοῦ
2065 2686 2161 2740 τοῦ

570 2767 816 2821 διακόνου
854 2764 1253 2841 ἀπεστάλκατε,
1304 2767 1404 2838 τὴν
1445 2766 1652 2839 σκηνὴν
1693 2767 1803 2820 τῶν
1847 2769 2053 2836 κακῶν,
2095 2771 2162 2841 ἢν

571 2851 680 2924 πρὸ
731 2849 839 2903 τῶν
885 2838 1182 2922 ὀφθαλμῶν
1234 2851 1498 2921 ἐθήκατε,
1550 2838 1880 2924 ἐμμερίμνῳ
1919 2838 2160 2925 φροντίδι

571 2933 905 3006 κατέμαθον,
940 2935 1092 2999 ὅσαις
1126 2952 1184 2988 τε
1223 2936 1256 3006 ἡ
1308 2934 1493 3000 πίστις
1535 2936 1736 3006 κάμνει
1766 2937 2161 3010 ταλαιπωρίαις

571 3036 632 3072 τε
679 3019 775 3072 καὶ
821 3017 1026 3082 πόνοις,
1057 3017 1498 3090 ἐπαναληφθείσῃ
1535 3018 1794 3082 πολλάκις
1823 3021 1892 3091 τῇ
1917 3019 2161 3088 ἀναγνώ-

574 3119 659 3156 σει
687 3100 933 3156 κατεῖδον
952 3117 966 3132 ·
1007 3101 1146 3172 ὅπερ
1171 3103 1406 3172 πρᾶγμα
1435 3103 1572 3173 μόνη
1609 3105 1643 3173 ἡ
1688 3103 2039 3174 παράκλησις
2062 3105 2163 3174 τῆς

573 3186 853 3256 ὑπομονῆς
882 3185 1028 3238 ἰᾶται
1050 3201 1062 3216 θ
1094 3183 1256 3238 δώσει
1277 3184 1386 3254 γὰρ
1410 3186 1467 3238 ἐν
1491 3184 1648 3258 τάχει
1676 3187 1704 3239 6
1731 3185 2002 3256 ἡμέτερος
2029 3187 2163 3252 Θεὸς

571 3271 692 3333 ταῖς
723 3267 1011 3332 τοσαύταις
1033 3266 1242 3338 θλίψεσι
1268 3268 1443 3332 τέλος,
1480 3269 1576 3322 καὶ
1599 3267 1775 3322 ταῦτα
1799 3268 2035 3323 συνοίσει
2060 3271 2160 3324 ὑπ-

573 3351 902 3423 ενηνοχέναι.
923 3350 1086 3404 Ἀλλά
1130 3350 1239 3422 γὰρ
1285 3350 1454 3420 αὐτὴν
1500 3350 1599 3423 τὴν
1646 3351 1950 3419 ἀναγκαίαν
1978 3353 2162 3424 παρά-

574 3435 788 3504 κλησιν,
816 3436 874 3488 ἐν
901 3435 1044 3506 ἀρχῇ
1070 3434 1168 3504 τῆς
1197 3433 1483 3506 ἐπιστολῆς
1516 3435 1612 3505 τῆς
1641 3434 1913 3506 ὑμετέρας
1942 3435 2161 3508 ἀγάπης

574 3518 857 3589 κειμένην,
875 3516 1314 3588 ἐγκωμιάζοντες
1344 3515 1498 3588 ὑμῶν
1518 3518 1615 3587 τὴν
1641 3516 1901 3588 πρόθεσιν
1927 3518 2163 3588 ἐπεγνὼο

575 3619 774 3672 καμεν,
804 3599 1007 3664 πολλὰς
1054 3600 1193 3672 πρὸς
1227 3600 1287 3653 τὸ
1329 3599 1621 3672 ὑπομένειν
1665 3603 1974 3673 μαρτυρίας
2004 3621 2159 3675 περι-

575 3684 806 3754 έχουσαν
826 3699 842 3716 ο
873 3683 976 3755 τὴν
1014 3683 1124 3756 γάρ
1168 3683 1444 3754 ἡμετέραν
1477 3683 1844 3755 παράκλησιν,
1867 3685 1936 3755 ἣν
1959 3686 2164 3756 ὀφείλο-

579 3784 679 3837 μεν
706 3767 846 3838 ὑμϊν
878 3768 1202 3831 ἐπιστεῖλαι,
1241 3770 1354 3830 τοῖς
1391 3767 1681 3838 ὑμετέροις
1708 3769 2002 3841 γράμμασι
2030 3788 2164 3842 προ·

576 3850 870 3920 εφθάσατε.
905 3851 1122 3922 Ταύτην
1163 3850 1270 3923 γὰρ
1304 3853 1417 3914 τοῖς
1462 3851 1760 3922 κάμνουσιν
1813 3853 1842 3906 6
1890 3853 2160 3926 ἡμέτερος

577 3933 854 4004 Δεσπότης
885 3934 1162 4006 ὑπομονὴν
1194 3935 1454 4008 παρέχειν
1480 3937 1690 4000 εἴωθεν,
1723 3939 1809 3990 ἵνα
1838 3939 1933 3992 καὶ
1959 3941 2015 3992 ἐν
2040 3941 2162 4003 ταῖς

579 4017 790 4086 θλίψεσι
831 4016 1212 4086 τυγχάνοντες,
1247 4019 1476 4082 ἑαυτοὺς
1507 4021 1555 4073 οἰ
1593 4019 1688 4073 τοῦ
1718 4019 1958 4093 Χριστοῦ
1989 4020 2165 4076 δοῦλοι

579 4099 1032 4173 παραμυθῶνται,
1065 4101 1506 4172 ἀναλογιζόμενοι
1531 4105 1588 4155 ἐν
1633 4104 1863 4170 ἑαυτοῖς,
1899 4103 1994 4157 καὶ
2029 4105 2163 4177 πρό-

577 4201 736 4256 τερον
767 4183 1096 4254 γεγενῆσθαι
1128 4186 1241 4248 τοῖς
1270 4184 1446 4253 ἁγίοις
1487 4185 1632 4258 άπερ
1672 4186 1829 4240 αὐτοὶ
1871 4188 2161 4258 πάσχουσι.

577 4269 690 4322 Καὶ
717 4269 877 4337 ἡμεῖς
923 4267 980 4320 δὲ
1027 4267 1088 4332 ἐξ
1124 4267 1303 4322 αὐτῶν
1349 4268 1457 4323 τῶν
1508 4270 1790 4342 ὑμετέρων
1818 4272 2163 4344 γραμμάτων

575 4350 850 4422 δυνάμεθα
882 4353 1014 4422 ἡμῖν
1044 4351 1406 4423 προσενέγκαι
1435 4353 1812 4425 παράκλησιν·
1846 4357 1908 4410 ού
1933 4359 2042 4428 γὰρ
2067 4355 2162 4409 τοῦ

580 4435 866 4503 συναλγεῖν
899 4435 1027 4505 ὑμῖν
1050 4437 1216 4514 ἐσμεν
1242 4436 1533 4508 ἀλλότριοι,
1562 4438 1865 4510 ἐπειδήπερ
1886 4439 1982 4493 καὶ
2001 4440 2162 4510 ἡμεῖς

579 4517 923 4588 κολαζόμεθα
957 4519 1014 4570 ὲν
1043 4518 1196 4588 ὑμῖν.
1233 4519 1326 4582 Τίς
1353 4520 1463 4590 γὰρ
1489 4520 1713 4590 ἐνέγκαι
1767 4522 2048 4593 δυνήσεται
2093 4521 2164 4575 τά

581 4601 1063 4673 ἐξαμαρτανόμενα
1086 4603 1178 4654 ὑπ’
1203 4602 1446 4667 ἐκείνων,
1469 4603 1717 4667 οὑστινας
1739 4605 1904 4676 ἐχρῆν
1930 4605 2163 4677 μάλιστα

580 4685 676 4738 τοῦ
709 4684 944 4755 γαληνοῦ
975 4687 1073 4755 τῆς
1105 4685 1327 4756 εἰρήνης
1357 4689 1451 4738 καὶ
1475 4685 1644 4756 αὐτῆς
1667 4687 2002 4750 σπουδαστὰς
2023 4683 2164 4740 εἶναι

580 4771 679 4840 τῆς
700 4769 972 4840 ὁμονοίας.
999 4766 1115 4821 Νῦν
1138 4769 1529 4842 ἐνηλλαγμένῳ
1557 4772 1744 4842 τρόπῳ
1771 4771 1879 4824 ἀπὸ
1903 4772 2003 4842 τῆς
2028 4789 2164 4843 προ-

579 4852 762 4923 εδρίας
781 4851 889 4904 τῶν
916 4850 1061 4904 ίδίων
1078 4851 1414 4921 Ἐκκλησιῶν
1439 4852 1951 4918 ἐξωθοῦνταιεάθῶοι
1975 4858 2160 4926 ἱερεῖς.

585 4937 650 4986 Ὃ
676 4935 742 5004 δὴ
772 4935 867 4988 καὶ
894 4933 1113 5005 πρῶτος
1133 4935 1162 4988 6
1182 4934 1407 5005 ἀδελφὸς
1441 4935 1598 5007 ήμῶν
1627 4937 1722 4991 καὶ
1755 4937 2166 5011 συλλειτουργός

592 5019 845 5088 Ἰωάννης
899 5020 928 5071 6
978 5019 1242 5090 ὑμέτερος
1295 5020 1593 5082 ἐπίσκοπος
1649 5021 1851 5086 ἀδίκως
1901 5022 2161 5087 πέπονθε,

583 5102 853 5172 μηδεμιᾶς
882 5103 1061 5173 τυχὼν
1103 5103 1420 5173 ἀκροάσεως
1443 5121 1456 5134 ·
1491 5103 1643 5157 οὐδὲν
1671 5105 1922 5178 ἔγκλημα
1975 5110 2164 5177 ἐπιφέ-

582 5202 756 5255 ρεται,
815 5185 1312 5240 οὐδἐἰσακούεται.
1367 5187 1477 5240 Καὶ
1525 5187 1610 5251 τίς
1653 5190 1686 5259 ἡ
1736 5189 2164 5264 ἀπηγορευμένη

581 5269 828 5335 ἐπίνοια;
867 5269 982 5322 Ἵνα
1021 5269 1094 5339 μὴ
1128 5269 1399 5339 πρόφασις
1433 5269 1670 5341 κρίσεως
1701 5273 1950 5343 γένηται.
1993 5276 2026 5347 ἦ
2063 5276 2162 5348 ζη-

580 5353 738 5422 τηθῇ,
771 5353 850 5414 εἰς
885 5353 1083 5414 τόπους
1117 5351 1332 5415 ζώντων
1364 5355 1554 5425 ἱερέων
1577 5355 1724 5409 ἄλλοι
1756 5359 2164 5414 ἀποκαθίσταν-

580 5453 689 5499 ται,
727 5436 801 5499 ώς
830 5437 1143 5508 δυναμένων
1171 5436 1278 5491 τῶν
1308 5439 1371 5490 ἐκ
1411 5439 1652 5493 τοιούτου
1688 5441 2166 5515 πλημμελήματος

579 5521 940 5589 ὁρμωμένων,
967 5521 1142 5592 ὀρθῶς
1185 5539 1235 5574 τι
1288 5521 1453 5592 ἔχειν,
1481 5523 1513 5594 ἢ
1545 5527 1858 5596 πεπρᾶχθαι
1887 5529 1992 5581 ὑπό
2025 5547 2168 5592 τινος

582 5603 856 5672 κριθῆναι.
886 5604 1020 5656 Ουδέ
1053 5605 1160 5675 γὰρ
1195 5605 1411 5657 πώποτε
1449 5606 1601 5678 παρά
1635 5609 1741 5661 τῶν
1775 5611 2026 5681 πατέριον
2059 5614 2166 5666 τῶν

583 5687 870 5758 ἡμετέρων
927 5690 1151 5742 τοιαῦτα
1199 5690 1564 5759 τετολμῆσθαι
1617 5693 1971 5762 ἐγνώκαμενο
2029 5696 2163 5748 ἀλλά

589 5780 788 5850 μᾶλλον
811 5778 1151 5831 κεκωλῦσθαι
1185 5778 1263 5849 τῷ
1293 5779 1486 5850 μηδενὶ
1532 5781 1614 5844 είς
1642 5781 1805 5835 τόπον
1836 5786 2036 5850 ζῶντος
2067 5809 2170 5862 χει-

589 5865 823 5916 mto-vziv
853 5862 1008 5915 ἄλλον
1041 5863 1282 5916 δεδόσθαι
1324 5865 1592 5928 ἐξουσίαν.
1631 5867 1704 5918 Οὐ
1730 5868 1838 5939 γὰρ
1869 5877 2170 5940 χειροτονία

585 5951 841 6019 ἀφήλικος
889 5947 981 6018 τὴν
1028 5949 1191 6019 τιμὴν
1235 5949 1449 6002 δύναται
1489 5951 1780 6018 ἀφελέσθαι
1816 5956 1906 6006 το)
1944 5958 2129 6027 ἱερέως

2270 2618 2572 2689 ἐπειδήπερ
2617 2615 2739 2670 οὐδὲ
2773 2616 3072 2676 ἐπίσκοπος
3112 2611 3335 2668 δύναται
3369 2607 3507 2668 εἶναι
3542 2614 3785 2681 ἐκεῖνος,
3816 2615 3877 2682 ὃς

2270 2700 2470 2764 ἀδίκως
2499 2698 3028 2754 ὑποκαθίσταται.⁰0
3055 2715 3108 2751 τι
3141 2700 3237 2752 καὶ
3270 2697 3400 2770 περὶ
3431 2696 3534 2768 τῆς
3559 2697 3675 2752 τῶν
3704 2701 3873 2755 κανό-

2269 2802 2376 2839 νων
2415 2781 2841 2855 παραφυλακῆς,
2875 2781 3088 2845 τούτοις
3132 2781 3243 2834 δεῖν
3285 2781 3514 2834 ἕπεσθαι
3544 2780 3707 2854 [524]
3736 2786 3878 2854 γρά-

2269 2884 2462 2938 φομεν,
2493 2867 2690 2928 οἵτινες
2716 2867 2773 2918 ἐν
2805 2864 3012 2937 Νικαίᾳ
3039 2865 3175 2918 εἰσὶν
3203 2863 3522 2936 ὡρισμένοι,
3550 2861 3636 2930 οἷς
3685 2869 3875 2938 μόνοις

2268 2949 2473 3020 ὀφείλει
2499 2948 2928 3020 ἐξακολουθείνή
2959 2946 3221 3019 καθολικὴ
3256 2947 3573 3020 Ἐκκλησία,
3613 2951 3713 3003 καὶ
3745 2951 3878 3004 τού-

2267 3049 2396 3098 τους
2424 3031 2734 3104 γνωρίςειν.
2770 3033 2834 3085 Εἰ
2862 3031 2919 3084 δὲ
2949 3031 3128 3104 ἕτεροι
3154 3031 3261 3086 ὑπό
3281 3049 3444 3087 τινων
3469 3036 3879 3107 προφέρονται,

2268 3117 2466 3181 οἵτινες
2498 3117 2606 3170 ἀπὸ
2629 3115 2737 3170 τῶν
2762 3115 3005 3170 κανόνων
3039 3116 3146 3169 τῶν
3178 3116 3237 3171 ὲν
3264 3115 3472 3189 Νικαίᾳ
3505 3117 3874 3188 διαφωνοῖσι,

2269 3201 2364 3254 καὶ
2422 3199 2528 3253 ὑπὸ
2574 3198 2867 3270 αἱρετικῶν
2917 3199 3230 3270 ἐλέγχονται
3280 3201 3672 3272 συντετάχθαι,
3725 3199 3877 3261 οὗτοι

2270 3283 2426 3356 παρὰ
2468 3283 2579 3338 τῶν
2625 3282 2930 3339 καθολικῶν
2966 3283 3284 3339 ἐτασκόπων
3310 3285 3758 3343 ἀποϐάλλωνται.
3793 3290 3878 3344 Τά

2268 3368 2378 3439 γὰρ
2427 3369 2533 3421 ὑπὸ
2575 3367 2683 3423 τῶν
2714 3368 3006 3439 αἰρετικῶν
3031 3369 3345 3440 εὑρεθέντα,
3378 3369 3554 3425 ταῦτα
3602 3375 3711 3428 οὐκ
3755 3375 3879 3432 ἔστι

2267 3456 2380 3516 τοῖς
2419 3450 2726 3517 καθολικοῖς
2751 3453 2941 3507 κανόσι
2976 3453 3314 3525 προσάπτειν
3334 3471 3349 3486 ο
3384 3456 3473 3510 ἀεὶ
3505 3457 3614 3528 γὰρ
3639 3458 3737 3513 διὰ
3763 3462 3879 3517 τῶν

2269 3536 2530 3590 ἐναντίων
2576 3535 2673 3590 καὶ
2720 3536 2976 3608 ἀθέσμων
3014 3539 3116 3608 τὴν
3161 3539 3272 3592 τῶν
3324 3541 3382 3592 ἐν
3430 3540 3640 3614 Νικαίᾳ
3680 3544 3876 3614 μειοῦν

2273 3619 2468 3691 βουλήν
2498 3619 2796 3676 ἐθέλουσιν.
2829 3621 2904 3673 Οὑ
2939 3621 3098 3692 μόνον
3133 3617 3228 3675 οὖν
3261 3621 3496 3693 λέγομεν
3525 3626 3748 3698 τούτοις
3798 3630 3876 3702 μὴ

2270 3704 2380 3760 δεῖν
2409 3705 2807 3771 ἐξακολουθεῑν,
2840 3704 2979 3758 ἀλλά
3023 3704 3226 3777 μᾶλλον
3257 3706 3456 3771 αὑτοὺς
3492 3711 3634 3780 μετά
3660 3713 3879 3784 αἱρετι-

2273 3785 2386 3841 κῶν
2419 3787 2514 3841 καὶ
2550 3787 2927 3860 σχισματικῶν
2951 3789 3241 3861 δογμάτων
3269 3787 3408 3846 εῐναι
3447 3798 3875 3867 κατακριτέους,

2272 3870 2528 3957 καθάπερ
2555 3872 2652 3957 καί
2677 3873 2942 3957 πρότερον
2968 3873 3194 3943 γέγονεν
3225 3876 3283 3929 ἐν
3301 3877 3368 3947 τῇ
3392 3876 3633 3950 Σαρδικῇ
3665 3883 3876 3957 συνόδῳ

2274 3954 2380 4040 ὑπὸ
2416 3954 2524 4010 τῶν
2556 3956 2664 4027 πρὸ
2697 3955 2855 4028 ἡμῶν
2883 3958 3214 4014 ἐπισκόπων.
3247 3959 3332 4014 Τά
3362 3960 3471 4033 γὰρ
3499 3963 3686 4028 καλῶς
3729 3954 3879 4040 πρά.

2274 4039 2472 4124 χθέντα
2507 4041 2932 4124 κατακρίνεσθαι
2970 4043 3172 4114 μᾶλλον
3201 4044 3502 4116 προσῆκεν.
3539 4050 3572 4116 ἢ
3604 4039 3877 4124 ἄντικρυς

2275 4121 2382 4177 τῶν
2409 4122 2648 4178 κανόνων
2684 4125 2954 4196 γενόμενα
2982 4127 3125 4198 ἔχειν
3157 4127 3280 4182 τινὰ
3322 4128 3676 4203 βεϐαιότητα,
3710 4121 3876 4190 ἀδελ-

2269 4207 2360 4276 φοὶ
2383 4206 2727 4294 τιμιώτατοι.
2748 4209 2909 4263 Ἀλλὰ
2937 4209 3156 4265 τίκατά
3174 4211 3285 4266 τῶν
3306 4213 3567 4270 τοιούτων
3595 4217 3694 4271 νῦν
3714 4221 3777 4275 ἐν
3795 4221 3878 4294 τῷ

2270 4289 2497 4360 παρόντι
2534 4293 2877 4363 ποιήσωμεν;
2918 4294 3219 4362 ’Λναγκαία
3269 4295 3386 4349 ἐστὶ
3415 4289 3878 4367 διάγνωσιςκσυνζ

2265 4372 2533 4462 οδικὴχῆν
2560 4375 2656 4462 καί
2675 4376 2843 4429 πάλαι
2868 4375 2969 4462 ἐφη
2980 4393 3079 4446 μεν
3107 4378 3561 4450 συναθροιστέαν,
3593 4385 3736 4459 μόνη
3763 4389 3876 4462 γάρ

2267 4457 2414 4511 ἐστιν
2438 4458 2560 4529 ἦτις
2584 4458 2807 4512 δύναται
2836 4461 2938 4524 τὰς
2968 4463 3212 4534 κινήσεις
3251 4463 3360 4517 τῶν
3402 4467 3668 4523 τοιούτων
3694 4457 3875 4529 καταξ

2271 4539 2475 4595 στεῖλαι
2505 4541 2836 4610 καταιγίδων
2857 4559 2871 4574 ·
2901 4538 2971 4616 ἧς
3012 4545 3102 4599 ἵνα
3132 4563 3410 4618 τυχωμεν,
3442 4553 3724 4623 χρήσιμόν
3753 4558 3874 4612 ἐστι

2268 4623 2408 4712 τέως
2437 4624 2945 4712 ὑπερτίθεσθαι-,τὴν
2978 4629 3220 4700 ἰατρείαν
3245 4633 3312 4702 τῇ
3343 4631 3599 4705 βουλήσει
3630 4636 3731 4692 τοῦ
3775 4659 3876 4712 με-

2270 4706 2437 4796 γάλου
2466 4707 2599 4796 θεοῦ
2631 4709 2725 4796 καὶ
2754 4709 2848 4796 τοῦ
2877 4713 3116 4796 Χριστοῦ
3136 4714 3304 4770 αὑτοῦ
3331 4716 3424 4771 τοῦ
3452 4719 3666 4791 Κυρίου
3684 4706 3872 4796 ήμῶν.

2271 4792 2457 4878 Πάντα
2484 4792 2586 4878 ὅσα
2618 4788 2712 4846 οὖν
2741 4795 2818 4866 τῷ
2845 4795 3024 4869 φθόνῳ
3052 4798 3143 4852 τοῦ
3173 4799 3424 4855 διαϐόλου
3454 4788 3592 4874 πρός
3633 4788 3742 4878 τὴν
3762 4809 3875 4864 τῶν

2274 4874 2482 4928 πιστῶν
2509 4876 2834 4948 δοκιμασίαν
2865 4881 3224 4953 τετάρακται,
3269 4874 3715 4956 πραῦνθήσεταιν·
3781 4893 3877 4945 οὺ-

2269 4957 2357 5011 δέν
2384 4959 2670 5031 ὀφείλομεν
2697 4966 2762 5034 τῇ
2799 4965 3117 5037 στερρότητι
3148 4967 3251 5038 τῆς
3300 4968 3535 5034 πίστεως
3568 4974 3730 5044 παρά
3775 4975 3876 5030 τοῦ

2271 5045 2478 5130 ἰζυρίου
2507 5045 2823 5102 ἀπελπίσαι.
2849 5049 2960 5103 Καὶ
2982 5050 3094 5122 γὰρ
3117 5053 3277 5122 ἡμεῖς
3309 5053 3478 5108 πολλά
3511 5059 3876 5130 σκεπτόμεθα

2269 5128 2328 5179 ὃν
2361 5130 2562 5200 τρόπον
2614 5132 2646 5200 ή
2698 5132 2910 5197 σύνοδος
2943 5135 3297 5208 οίκουμενικὴ
3353 5139 3670 5211 συναχθείη,
3721 5128 3866 5209 δπω,

2270 5214 2337 5283 τῇ
2386 5211 2636 5284 βουλήσει
2669 5215 2762 5268 τοῦ
2795 5216 2930 5270 Θεοῦ
2961 5219 3016 5271 αἱ
3050 5221 3388 5290 ταραχώδεις
3430 5225 3683 5295 κινήσεις
3731 5229 3866 5282 παύ-

2274 5312 2496 5351 σωνται.
2517 5297 2928 5370 ’Υπομείνωμεν
2981 5297 3075 5354 οὖν
3123 5305 3282 5367 τέως,
3315 5307 3410 5359 καὶ
3453 5306 3532 5376 τῷ
3561 5308 3738 5379 τείχει
3773 5312 3873 5381 τῆς

2277 5381 2966 5468 ύττομονῆςόχυρούμενοι,
3001 5385 3311 5457 ἐλπίσωμεν
3337 5389 3515 5441 πάντα
3548 5393 3614 5462 τῇ
3645 5392 3880 5468 βοηθείᾳ.

2277 5463 2369 5515 τοῦ
2394 5465 2529 5516 Θεοῦ
2553 5466 2710 5536 ήμῶν
2740 5469 3284 5539 ἀποκατασταθῆναι.
3311 5473 3500 5527 Πάντα
3518 5473 3574 5526 δὲ
3598 5477 3703 5529 ὅσα
3726 5463 3877 5549 ὑμᾶς

2278 5552 2603 5620 ὑφίστασθαι
2625 5555 2908 5626 εἰρήκατε,
2927 5557 3020 5611 καὶ
3049 5558 3317 5630 πρότερον
3347 5560 3773 5633 συνδραμόντων
3795 5573 3874 5633 εἰς

2276 5636 2376 5705 τὴν
2412 5633 2630 5708 Ῥώμην
2660 5638 2768 5692 τῶν
2797 5642 3082 5713 ἡμετέρων
3113 5645 3550 5709 συνεπισκόπων,
3579 5647 3630 5698 εί
3668 5652 3769 5703 καὶ
3803 5654 3871 5705 τὰ

2281 5719 2515 5791 μάλιστα
2551 5721 2825 5796 διαφόροις
2845 5727 3078 5796 χρόνοις,
3107 5726 3353 5779 τουτέστι
3379 5729 3722 5802 Δημητρίου,
3753 5735 3871 5789 Κυο

2285 5813 2492 5881 ριακοῦ,
2548 5812 2830 5873 Εὑλυσίου,
2881 5818 2974 5868 καὶ
3026 5817 3351 5881 Παλλαδίου,
3414 5821 3608 5887 οἵτινες
3656 5823 3866 5884 σύνεισι

2282 5897 2400 5963 μεθ’
2434 5897 2611 5970 ἡμῶν,
2636 5897 2818 5970 τελεία
2849 5901 3111 5972 ἐρωτήσει
3149 5903 3564 5976 μεμαθήκαμεν.
