  <div class='ocr_page' id='page_1' title='image "/cluster/home/n/w/nwhite01/storage/ocr_20150623/52/ien.35556001660794/160.png"; bbox 0 0 4050 6426; ppageno 0'>
   <div class='ocr_carea' id='block_1_1' title="bbox 1329 506 1654 518">
    <p class='ocr_par' dir='ltr' id='par_1_1' title="bbox 1329 506 1654 518">
     <span class='ocr_line' id='line_1_1' title="bbox 1329 506 1654 518; baseline -0.012 0"><span class='ocrx_word' id='word_1_1' title='bbox 1329 506 1654 518; x_wconf 74' lang='lat'><strong>_.—.——.—-—-—-</strong></span> 
     </span>
    </p>
   </div>
   <div class='ocr_carea' id='block_1_2' title="bbox 1034 511 1326 523">
    <p class='ocr_par' dir='ltr' id='par_1_2' title="bbox 1034 511 1326 523">
     <span class='ocr_line' id='line_1_2' title="bbox 1034 511 1326 523; baseline -0.014 0"><span class='ocrx_word' id='word_1_2' title='bbox 1034 511 1326 523; x_wconf 74' lang='lat'><strong>.—_——-</strong></span> 
     </span>
    </p>
   </div>
   <div class='ocr_carea' id='block_1_3' title="bbox 192 514 484 527">
    <p class='ocr_par' dir='ltr' id='par_1_3' title="bbox 192 514 484 527">
     <span class='ocr_line' id='line_1_3' title="bbox 192 514 484 527; baseline -0.01 -1"><span class='ocrx_word' id='word_1_3' title='bbox 192 514 484 527; x_wconf 80' lang='lat'><strong>——-—</strong></span> 
     </span>
    </p>
   </div>
   <div class='ocr_carea' id='block_1_4' title="bbox 241 741 1780 813">
    <p class='ocr_par' dir='ltr' id='par_1_4' title="bbox 241 741 1780 813">
     <span class='ocr_line' id='line_1_4' title="bbox 241 741 1780 813; baseline -0.008 -7"><span class='ocrx_word' id='word_1_4' title='bbox 241 752 355 806; x_wconf 85' lang='lat' dir='ltr'><strong>Etsi</strong></span> <span class='ocrx_word' id='word_1_5' title='bbox 387 752 656 806; x_wconf 80' lang='lat' dir='ltr'><strong>insontem</strong></span> <span class='ocrx_word' id='word_1_6' title='bbox 683 749 863 804; x_wconf 80' lang='lat' dir='ltr'><strong>omnia</strong></span> <span class='ocrx_word' id='word_1_7' title='bbox 889 754 1204 813; x_wconf 81' lang='lat' dir='ltr'><strong>exspectare</strong></span> <span class='ocrx_word' id='word_1_8' title='bbox 1236 745 1370 797; x_wconf 90' lang='lat' dir='ltr'><strong>bona</strong></span> <span class='ocrx_word' id='word_1_9' title='bbox 1398 751 1451 795; x_wconf 91' lang='lat' dir='ltr'><strong>et</strong></span> <span class='ocrx_word' id='word_1_10' title='bbox 1478 757 1506 795; x_wconf 91' lang='lat' dir='ltr'><strong>a</strong></span> <span class='ocrx_word' id='word_1_11' title='bbox 1538 741 1648 794; x_wconf 87' lang='lat' dir='ltr'><strong>Deo</strong></span> <span class='ocrx_word' id='word_1_12' title='bbox 1679 741 1780 794; x_wconf 91' lang='lat' dir='ltr'><strong>mi—</strong></span> 
     </span>
    </p>
   </div>
   <div class='ocr_carea' id='block_1_5' title="bbox 161 833 1786 912">
    <p class='ocr_par' dir='ltr' id='par_1_5' title="bbox 161 833 1786 912">
     <span class='ocr_line' id='line_1_5' title="bbox 161 833 1786 912; baseline -0.007 -14"><span class='ocrx_word' id='word_1_13' title='bbox 161 843 526 898; x_wconf 88' lang='lat' dir='ltr'><strong>sericordiam</strong></span> <span class='ocrx_word' id='word_1_14' title='bbox 557 851 744 912; x_wconf 91' lang='lat' dir='ltr'><strong>petere</strong></span> <span class='ocrx_word' id='word_1_15' title='bbox 773 840 963 895; x_wconf 87' lang='lat' dir='ltr'><strong>deceat</strong></span> <span class='ocrx_word' id='word_1_16' title='bbox 986 881 1002 906; x_wconf 95' lang='lat'><strong>,</strong></span> <span class='ocrx_word' id='word_1_17' title='bbox 1032 847 1210 891; x_wconf 91' lang='lat' dir='ltr'><strong>tamen</strong></span> <span class='ocrx_word' id='word_1_18' title='bbox 1234 835 1394 889; x_wconf 86' lang='lat' dir='ltr'><strong>etiam</strong></span> <span class='ocrx_word' id='word_1_19' title='bbox 1417 850 1444 887; x_wconf 90' lang='lat' dir='ltr'><strong>a</strong></span> <span class='ocrx_word' id='word_1_20' title='bbox 1473 834 1628 888; x_wconf 91' lang='lat' dir='ltr'><strong>nobis</strong></span> <span class='ocrx_word' id='word_1_21' title='bbox 1650 875 1664 898; x_wconf 87' lang='lat'><strong>,</strong></span> <span class='ocrx_word' id='word_1_22' title='bbox 1695 833 1786 903; x_wconf 87' lang='lat' dir='ltr'><strong>qui</strong></span> 
     </span>
    </p>
   </div>
   <div class='ocr_carea' id='block_1_6' title="bbox 159 926 1780 1005">
    <p class='ocr_par' dir='ltr' id='par_1_6' title="bbox 159 926 1780 1005">
     <span class='ocr_line' id='line_1_6' title="bbox 159 926 1780 1005; baseline -0.005 -17"><span class='ocrx_word' id='word_1_23' title='bbox 159 937 480 1005; x_wconf 73' lang='lat' dir='ltr'><strong>patientiam</strong></span> <span class='ocrx_word' id='word_1_24' title='bbox 509 934 797 988; x_wconf 83' lang='lat' dir='ltr'><strong>suademus</strong></span> <span class='ocrx_word' id='word_1_25' title='bbox 821 972 835 996; x_wconf 69' lang='grc' dir='ltr'><strong><em>ν</em></strong></span> <span class='ocrx_word' id='word_1_26' title='bbox 865 939 1238 1000; x_wconf 77' lang='lat' dir='ltr'><strong>competentes</strong></span> <span class='ocrx_word' id='word_1_27' title='bbox 1267 929 1437 982; x_wconf 73' lang='lat' dir='ltr'><strong>litera:</strong></span> <span class='ocrx_word' id='word_1_28' title='bbox 1469 943 1564 996; x_wconf 87' lang='lat' dir='ltr'><strong>per</strong></span> <span class='ocrx_word' id='word_1_29' title='bbox 1589 926 1780 998; x_wconf 79' lang='lat' dir='ltr'><strong>Cyria-</strong></span> 
     </span>
    </p>
   </div>
   <div class='ocr_carea' id='block_1_7' title="bbox 157 1019 1781 1099">
    <p class='ocr_par' dir='ltr' id='par_1_7' title="bbox 157 1019 1781 1099">
     <span class='ocr_line' id='line_1_7' title="bbox 157 1019 1781 1099; baseline -0.006 -19"><span class='ocrx_word' id='word_1_30' title='bbox 157 1043 288 1081; x_wconf 86' lang='lat' dir='ltr'><strong>cum</strong></span> <span class='ocrx_word' id='word_1_31' title='bbox 323 1025 398 1099; x_wconf 86' lang='lat' dir='ltr'><strong>(b)</strong></span> <span class='ocrx_word' id='word_1_32' title='bbox 431 1027 720 1081; x_wconf 81' lang='lat' dir='ltr'><strong>diaconum</strong></span> <span class='ocrx_word' id='word_1_33' title='bbox 755 1031 878 1078; x_wconf 87' lang='lat' dir='ltr'><strong>sunt</strong></span> <span class='ocrx_word' id='word_1_34' title='bbox 911 1021 1240 1076; x_wconf 72' lang='lat' dir='ltr'><strong>transmisszc</strong></span> <span class='ocrx_word' id='word_1_35' title='bbox 1283 1037 1296 1073; x_wconf 89' lang='lat'>:</span> <span class='ocrx_word' id='word_1_36' title='bbox 1344 1035 1414 1074; x_wconf 91' lang='lat' dir='ltr'><strong>ne</strong></span> <span class='ocrx_word' id='word_1_37' title='bbox 1461 1019 1781 1074; x_wconf 83' lang='lat' dir='ltr'><strong>contumelia</strong></span> 
     </span>
    </p>
   </div>
   <div class='ocr_carea' id='block_1_8' title="bbox 162 1111 1782 1190">
    <p class='ocr_par' dir='ltr' id='par_1_8' title="bbox 162 1111 1782 1190">
     <span class='ocr_line' id='line_1_8' title="bbox 162 1111 1782 1190; baseline -0.004 -19"><span class='ocrx_word' id='word_1_38' title='bbox 162 1123 292 1190; x_wconf 82' lang='lat' dir='ltr'><strong>plus</strong></span> <span class='ocrx_word' id='word_1_39' title='bbox 340 1123 532 1175; x_wconf 86' lang='lat' dir='ltr'><strong>virium</strong></span> <span class='ocrx_word' id='word_1_40' title='bbox 585 1119 778 1172; x_wconf 88' lang='lat' dir='ltr'><strong>habeat</strong></span> <span class='ocrx_word' id='word_1_41' title='bbox 814 1116 879 1171; x_wconf 90' lang='lat' dir='ltr'><strong>ad</strong></span> <span class='ocrx_word' id='word_1_42' title='bbox 930 1114 1385 1186; x_wconf 88' lang='lat' dir='ltr'><strong>opprimendum,</strong></span> <span class='ocrx_word' id='word_1_43' title='bbox 1435 1127 1595 1182; x_wconf 90' lang='lat' dir='ltr'><strong>quam</strong></span> <span class='ocrx_word' id='word_1_44' title='bbox 1644 1111 1782 1166; x_wconf 91' lang='lat' dir='ltr'><strong>bona</strong></span> 
     </span>
    </p>
   </div>
   <div class='ocr_carea' id='block_1_9' title="bbox 156 1204 1783 1278">
    <p class='ocr_par' dir='ltr' id='par_1_9' title="bbox 156 1204 1783 1278">
     <span class='ocr_line' id='line_1_9' title="bbox 156 1204 1783 1278; baseline -0.004 -14"><span class='ocrx_word' id='word_1_45' title='bbox 156 1213 496 1266; x_wconf 72' lang='lat' dir='ltr'><strong>conscientia</strong></span> <span class='ocrx_word' id='word_1_46' title='bbox 528 1209 592 1264; x_wconf 89' lang='lat' dir='ltr'><strong>ad</strong></span> <span class='ocrx_word' id='word_1_47' title='bbox 631 1225 780 1278; x_wconf 91' lang='lat' dir='ltr'><strong>spem</strong></span> <span class='ocrx_word' id='word_1_48' title='bbox 815 1207 1136 1262; x_wconf 90' lang='lat' dir='ltr'><strong>habendam.</strong></span> <span class='ocrx_word' id='word_1_49' title='bbox 1168 1205 1354 1276; x_wconf 83' lang='lat' dir='ltr'><strong>Neque</strong></span> <span class='ocrx_word' id='word_1_50' title='bbox 1397 1204 1541 1258; x_wconf 93' lang='lat' dir='ltr'><strong>enim</strong></span> <span class='ocrx_word' id='word_1_51' title='bbox 1587 1212 1644 1258; x_wconf 94' lang='lat' dir='ltr'><strong>tu</strong></span> <span class='ocrx_word' id='word_1_52' title='bbox 1684 1204 1783 1258; x_wconf 53' lang='lat' dir='ltr'><strong>do-</strong></span> 
     </span>
    </p>
   </div>
   <div class='ocr_carea' id='block_1_10' title="bbox 157 1299 1785 1374">
    <p class='ocr_par' dir='ltr' id='par_1_10' title="bbox 157 1299 1785 1374">
     <span class='ocr_line' id='line_1_10' title="bbox 157 1299 1785 1374; baseline -0.002 -17"><span class='ocrx_word' id='word_1_53' title='bbox 157 1307 281 1360; x_wconf 86' lang='lat' dir='ltr'><strong>ceri</strong></span> <span class='ocrx_word' id='word_1_54' title='bbox 311 1307 476 1360; x_wconf 86' lang='lat' dir='ltr'><strong>debes</strong></span> <span class='ocrx_word' id='word_1_55' title='bbox 501 1345 516 1371; x_wconf 91' lang='lat'><strong>,</strong></span> <span class='ocrx_word' id='word_1_56' title='bbox 544 1313 624 1359; x_wconf 93' lang='lat' dir='ltr'><strong>tot</strong></span> <span class='ocrx_word' id='word_1_57' title='bbox 650 1303 968 1374; x_wconf 86' lang='lat' dir='ltr'><strong>populorum</strong></span> <span class='ocrx_word' id='word_1_58' title='bbox 999 1302 1192 1356; x_wconf 91' lang='lat' dir='ltr'><strong>doctor</strong></span> <span class='ocrx_word' id='word_1_59' title='bbox 1220 1309 1274 1355; x_wconf 91' lang='lat' dir='ltr'><strong>et</strong></span> <span class='ocrx_word' id='word_1_60' title='bbox 1299 1307 1485 1372; x_wconf 83' lang='lat' dir='ltr'><strong>pastor</strong></span> <span class='ocrx_word' id='word_1_61' title='bbox 1507 1339 1524 1366; x_wconf 95' lang='lat'><strong>,</strong></span> <span class='ocrx_word' id='word_1_62' title='bbox 1553 1299 1785 1368; x_wconf 90' lang='lat' dir='ltr'><strong>optimos</strong></span> 
     </span>
    </p>
   </div>
   <div class='ocr_carea' id='block_1_11' title="bbox 158 1393 1786 1470">
    <p class='ocr_par' dir='ltr' id='par_1_11' title="bbox 158 1393 1786 1470">
     <span class='ocr_line' id='line_1_11' title="bbox 158 1393 1786 1470; baseline -0.004 -17"><span class='ocrx_word' id='word_1_63' title='bbox 158 1415 411 1470; x_wconf 80' lang='lat' dir='ltr'><strong>quosque</strong></span> <span class='ocrx_word' id='word_1_64' title='bbox 437 1415 650 1468; x_wconf 88' lang='lat' dir='ltr'><strong>semper</strong></span> <span class='ocrx_word' id='word_1_65' title='bbox 689 1409 743 1452; x_wconf 85' lang='lat' dir='ltr'><strong>ct</strong></span> <span class='ocrx_word' id='word_1_66' title='bbox 783 1397 997 1452; x_wconf 86' lang='lat' dir='ltr'><strong>assidue</strong></span> <span class='ocrx_word' id='word_1_67' title='bbox 1042 1395 1292 1465; x_wconf 89' lang='lat' dir='ltr'><strong>probari,</strong></span> <span class='ocrx_word' id='word_1_68' title='bbox 1345 1409 1471 1447; x_wconf 91' lang='lat' dir='ltr'><strong>num</strong></span> <span class='ocrx_word' id='word_1_69' title='bbox 1513 1394 1564 1447; x_wconf 90' lang='lat' dir='ltr'><strong>in</strong></span> <span class='ocrx_word' id='word_1_70' title='bbox 1603 1393 1786 1462; x_wconf 86' lang='lat' dir='ltr'><strong>vigore</strong></span> 
     </span>
    </p>
   </div>
   <div class='ocr_carea' id='block_1_12' title="bbox 161 1487 1785 1563">
    <p class='ocr_par' dir='ltr' id='par_1_12' title="bbox 161 1487 1785 1563">
     <span class='ocr_line' id='line_1_12' title="bbox 161 1487 1785 1563; baseline -0.003 -18"><span class='ocrx_word' id='word_1_71' title='bbox 161 1494 441 1563; x_wconf 70' lang='lat' dir='ltr'><strong>patientia:</strong></span> <span class='ocrx_word' id='word_1_72' title='bbox 487 1500 874 1562; x_wconf 86' lang='lat' dir='ltr'><strong>permaneant,</strong></span> <span class='ocrx_word' id='word_1_73' title='bbox 910 1505 1010 1545; x_wconf 92' lang='lat' dir='ltr'><strong>nec</strong></span> <span class='ocrx_word' id='word_1_74' title='bbox 1054 1489 1145 1543; x_wconf 90' lang='lat' dir='ltr'><strong>ulli</strong></span> <span class='ocrx_word' id='word_1_75' title='bbox 1201 1488 1368 1543; x_wconf 88' lang='lat' dir='ltr'><strong>labori</strong></span> <span class='ocrx_word' id='word_1_76' title='bbox 1411 1503 1477 1541; x_wconf 88' lang='lat' dir='ltr'><strong>ac</strong></span> <span class='ocrx_word' id='word_1_77' title='bbox 1525 1487 1785 1541; x_wconf 77' lang='lat' dir='ltr'><strong>molestia:</strong></span> 
     </span>
    </p>
   </div>
   <div class='ocr_carea' id='block_1_13' title="bbox 159 1576 1786 1639">
    <p class='ocr_par' dir='ltr' id='par_1_13' title="bbox 159 1576 1786 1639">
     <span class='ocr_line' id='line_1_13' title="bbox 159 1576 1786 1639; baseline -0.004 -2"><span class='ocrx_word' id='word_1_78' title='bbox 159 1584 521 1639; x_wconf 82' lang='lat' dir='ltr'><strong>succumbant</strong></span> <span class='ocrx_word' id='word_1_79' title='bbox 552 1602 565 1637; x_wconf 92' lang='lat'>:</span> <span class='ocrx_word' id='word_1_80' title='bbox 596 1591 652 1637; x_wconf 88' lang='lat' dir='ltr'><strong>et</strong></span> <span class='ocrx_word' id='word_1_81' title='bbox 678 1582 1059 1637; x_wconf 89' lang='lat' dir='ltr'><strong>conscientiam</strong></span> <span class='ocrx_word' id='word_1_82' title='bbox 1082 1593 1202 1633; x_wconf 91' lang='lat' dir='ltr'><strong>esse</strong></span> <span class='ocrx_word' id='word_1_83' title='bbox 1232 1593 1345 1633; x_wconf 88' lang='lat' dir='ltr'><strong>rem</strong></span> <span class='ocrx_word' id='word_1_84' title='bbox 1371 1577 1660 1633; x_wconf 87' lang='lat' dir='ltr'><strong>admodum</strong></span> <span class='ocrx_word' id='word_1_85' title='bbox 1690 1576 1786 1630; x_wconf 87' lang='lat' dir='ltr'><strong>fir-</strong></span> 
     </span>
    </p>
   </div>
   <div class='ocr_carea' id='block_1_14' title="bbox 237 1691 1787 1759">
    <p class='ocr_par' dir='ltr' id='par_1_14' title="bbox 237 1691 1787 1759">
     <span class='ocr_line' id='line_1_14' title="bbox 237 1691 1787 1759; baseline -0.002 -14"><span class='ocrx_word' id='word_1_86' title='bbox 237 1698 314 1759; x_wconf 83' lang='lat' dir='ltr'><strong>(a)</strong></span> <span class='ocrx_word' id='word_1_87' title='bbox 348 1698 480 1745; x_wconf 81' lang='lat' dir='ltr'><strong>Prior</strong></span> <span class='ocrx_word' id='word_1_88' title='bbox 506 1697 712 1758; x_wconf 90' lang='lat' dir='ltr'><strong>cpistola</strong></span> <span class='ocrx_word' id='word_1_89' title='bbox 727 1697 905 1758; x_wconf 87' lang='lat' dir='ltr'><strong>scripta</strong></span> <span class='ocrx_word' id='word_1_90' title='bbox 924 1701 1007 1759; x_wconf 81' lang='lat' dir='ltr'><strong>est</strong></span> <span class='ocrx_word' id='word_1_91' title='bbox 1023 1706 1151 1743; x_wconf 91' lang='lat' dir='ltr'><strong>anno</strong></span> <span class='ocrx_word' id='word_1_92' title='bbox 1165 1692 1273 1759; x_wconf 69' lang='lat'><strong>403.</strong></span> <span class='ocrx_word' id='word_1_93' title='bbox 1297 1700 1345 1741; x_wconf 84' lang='lat' dir='ltr'><strong>In</strong></span> <span class='ocrx_word' id='word_1_94' title='bbox 1371 1691 1451 1742; x_wconf 89' lang='lat' dir='ltr'><strong>illa</strong></span> <span class='ocrx_word' id='word_1_95' title='bbox 1475 1693 1787 1759; x_wconf 84' lang='lat' dir='ltr'><strong>Innocentius</strong></span> 
     </span>
    </p>
   </div>
   <div class='ocr_carea' id='block_1_15' title="bbox 163 1756 1787 1822">
    <p class='ocr_par' dir='ltr' id='par_1_15' title="bbox 163 1756 1787 1822">
     <span class='ocr_line' id='line_1_15' title="bbox 163 1756 1787 1822; baseline -0.003 -15"><span class='ocrx_word' id='word_1_96' title='bbox 163 1756 371 1808; x_wconf 72' lang='lat' dir='ltr'><strong>Joannis</strong></span> <span class='ocrx_word' id='word_1_97' title='bbox 395 1756 574 1808; x_wconf 77' lang='lat' dir='ltr'><strong>nomen</strong></span> <span class='ocrx_word' id='word_1_98' title='bbox 599 1761 771 1822; x_wconf 74' lang='lat' dir='ltr'><strong>primo,</strong></span> <span class='ocrx_word' id='word_1_99' title='bbox 790 1756 971 1822; x_wconf 80' lang='lat' dir='ltr'><strong>deinde</strong></span> <span class='ocrx_word' id='word_1_100' title='bbox 988 1769 1132 1822; x_wconf 73' lang='lat' dir='ltr'><strong>suum</strong></span> <span class='ocrx_word' id='word_1_101' title='bbox 1158 1757 1319 1822; x_wconf 88' lang='lat' dir='ltr'><strong>ponit;</strong></span> <span class='ocrx_word' id='word_1_102' title='bbox 1341 1756 1548 1822; x_wconf 79' lang='lat' dir='ltr'><strong>secusin</strong></span> <span class='ocrx_word' id='word_1_103' title='bbox 1573 1767 1787 1822; x_wconf 75' lang='lat' dir='ltr'><strong>sequen-</strong></span> 
     </span>
    </p>
   </div>
   <div class='ocr_carea' id='block_1_16' title="bbox 162 1816 1785 1884">
    <p class='ocr_par' dir='ltr' id='par_1_16' title="bbox 162 1816 1785 1884">
     <span class='ocr_line' id='line_1_16' title="bbox 162 1816 1785 1884; baseline -0.003 -13"><span class='ocrx_word' id='word_1_104' title='bbox 162 1825 225 1879; x_wconf 80' lang='lat' dir='ltr'><strong>ti,</strong></span> <span class='ocrx_word' id='word_1_105' title='bbox 252 1822 337 1870; x_wconf 80' lang='lat' dir='ltr'><strong>ubi</strong></span> <span class='ocrx_word' id='word_1_106' title='bbox 362 1816 680 1884; x_wconf 65' lang='lat' dir='ltr'><strong>presbyteros</strong></span> <span class='ocrx_word' id='word_1_107' title='bbox 704 1827 756 1869; x_wconf 88' lang='lat' dir='ltr'><strong>et</strong></span> <span class='ocrx_word' id='word_1_108' title='bbox 778 1819 965 1884; x_wconf 78' lang='lat' dir='ltr'><strong>elerum</strong></span> <span class='ocrx_word' id='word_1_109' title='bbox 991 1816 1272 1884; x_wconf 75' lang='lat' dir='ltr'><strong>alloquitur.</strong></span> <span class='ocrx_word' id='word_1_110' title='bbox 1315 1825 1399 1867; x_wconf 66' lang='lat' dir='ltr'><strong>Hae</strong></span> <span class='ocrx_word' id='word_1_111' title='bbox 1429 1817 1542 1867; x_wconf 74' lang='lat' dir='ltr'><strong>dua:</strong></span> <span class='ocrx_word' id='word_1_112' title='bbox 1561 1816 1785 1881; x_wconf 72' lang='lat' dir='ltr'><strong>epiStolce</strong></span> 
     </span>
    </p>
   </div>
   <div class='ocr_carea' id='block_1_17' title="bbox 161 1881 1085 1945">
    <p class='ocr_par' dir='ltr' id='par_1_17' title="bbox 161 1881 1085 1945">
     <span class='ocr_line' id='line_1_17' title="bbox 161 1881 1085 1945; baseline -0.003 -13"><span class='ocrx_word' id='word_1_113' title='bbox 161 1881 418 1945; x_wconf 81' lang='lat' dir='ltr'><strong>habentur</strong></span> <span class='ocrx_word' id='word_1_114' title='bbox 442 1881 567 1945; x_wconf 86' lang='lat' dir='ltr'><strong>apud</strong></span> <span class='ocrx_word' id='word_1_115' title='bbox 591 1890 771 1931; x_wconf 78' lang='lat' dir='ltr'><strong>Sozam.</strong></span> <span class='ocrx_word' id='word_1_116' title='bbox 799 1881 832 1930; x_wconf 91' lang='lat' dir='ltr'><strong>l.</strong></span> <span class='ocrx_word' id='word_1_117' title='bbox 859 1883 909 1942; x_wconf 85' lang='lat'><strong>8,</strong></span> <span class='ocrx_word' id='word_1_118' title='bbox 935 1895 978 1931; x_wconf 92' lang='lat' dir='ltr'><strong>c.</strong></span> <span class='ocrx_word' id='word_1_119' title='bbox 1003 1882 1085 1930; x_wconf 75' lang='lat'><strong>26.</strong></span> 
     </span>
    </p>
   </div>
   <div class='ocr_carea' id='block_1_18' title="bbox 236 1941 1785 2008">
    <p class='ocr_par' dir='ltr' id='par_1_18' title="bbox 236 1941 1785 2008">
     <span class='ocr_line' id='line_1_18' title="bbox 236 1941 1785 2008; baseline -0.003 -14"><span class='ocrx_word' id='word_1_120' title='bbox 236 1944 309 2007; x_wconf 73' lang='grc' dir='ltr'><strong>(ιι)</strong></span> <span class='ocrx_word' id='word_1_121' title='bbox 343 1941 564 2008; x_wconf 58' lang='grc' dir='ltr'><strong>εγτίτίόιιε</strong></span> <span class='ocrx_word' id='word_1_122' title='bbox 585 1945 816 1994; x_wconf 85' lang='lat' dir='ltr'><strong>diaconus</strong></span> <span class='ocrx_word' id='word_1_123' title='bbox 838 1941 902 2008; x_wconf 84' lang='lat' dir='ltr'><strong>ab</strong></span> <span class='ocrx_word' id='word_1_124' title='bbox 924 1950 1109 1993; x_wconf 87' lang='lat' dir='ltr'><strong>Joanne</strong></span> <span class='ocrx_word' id='word_1_125' title='bbox 1134 1950 1303 2008; x_wconf 75' lang='lat' dir='ltr'><strong>nostro</strong></span> <span class='ocrx_word' id='word_1_126' title='bbox 1349 1941 1409 1992; x_wconf 87' lang='lat' dir='ltr'><strong>ad</strong></span> <span class='ocrx_word' id='word_1_127' title='bbox 1447 1943 1785 2008; x_wconf 81' lang='lat' dir='ltr'><strong>Innocentium</strong></span> 
     </span>
    </p>
   </div>
   <div class='ocr_carea' id='block_1_19' title="bbox 161 2004 1785 2075">
    <p class='ocr_par' dir='ltr' id='par_1_19' title="bbox 161 2004 1785 2075">
     <span class='ocr_line' id='line_1_19' title="bbox 161 2004 1785 2075; baseline -0.003 -19"><span class='ocrx_word' id='word_1_128' title='bbox 161 2004 518 2075; x_wconf 48' lang='lat' dir='ltr'><strong>missusfcum</strong></span> <span class='ocrx_word' id='word_1_129' title='bbox 555 2008 646 2057; x_wconf 90' lang='lat' dir='ltr'><strong>hac</strong></span> <span class='ocrx_word' id='word_1_130' title='bbox 691 2006 896 2075; x_wconf 87' lang='lat' dir='ltr'><strong>epistola</strong></span> <span class='ocrx_word' id='word_1_131' title='bbox 941 2008 1176 2075; x_wconf 78' lang='lat' dir='ltr'><strong>remissus</strong></span> <span class='ocrx_word' id='word_1_132' title='bbox 1215 2005 1367 2075; x_wconf 76' lang='lat' dir='ltr'><strong>fuisse</strong></span> <span class='ocrx_word' id='word_1_133' title='bbox 1411 2004 1661 2075; x_wconf 72' lang='lat' dir='ltr'><strong>creditur;</strong></span> <span class='ocrx_word' id='word_1_134' title='bbox 1687 2016 1785 2075; x_wconf 80' lang='lat' dir='ltr'><strong>quo</strong></span> 
     </span>
    </p>
   </div>
   <div class='ocr_carea' id='block_1_20' title="bbox 162 2067 1784 2131">
    <p class='ocr_par' dir='ltr' id='par_1_20' title="bbox 162 2067 1784 2131">
     <span class='ocr_line' id='line_1_20' title="bbox 162 2067 1784 2131; baseline -0.002 -14"><span class='ocrx_word' id='word_1_135' title='bbox 162 2078 399 2131; x_wconf 81' lang='lat' dir='ltr'><strong>tempore</strong></span> <span class='ocrx_word' id='word_1_136' title='bbox 422 2071 598 2119; x_wconf 88' lang='lat' dir='ltr'><strong>missus</strong></span> <span class='ocrx_word' id='word_1_137' title='bbox 626 2067 948 2130; x_wconf 79' lang='lat' dir='ltr'><strong>remissusve,</strong></span> <span class='ocrx_word' id='word_1_138' title='bbox 996 2069 1044 2117; x_wconf 87' lang='lat' dir='ltr'><strong>in</strong></span> <span class='ocrx_word' id='word_1_139' title='bbox 1068 2069 1171 2117; x_wconf 82' lang='lat' dir='ltr'><strong>\‘ita</strong></span> <span class='ocrx_word' id='word_1_140' title='bbox 1191 2067 1516 2131; x_wconf 77' lang='lat' dir='ltr'><strong>Chrysostomi</strong></span> <span class='ocrx_word' id='word_1_141' title='bbox 1555 2067 1784 2128; x_wconf 87' lang='lat' dir='ltr'><strong>disquisi-</strong></span> 
     </span>
    </p>
   </div>
   <div class='ocr_carea' id='block_1_21' title="bbox 165 2139 388 2181">
    <p class='ocr_par' dir='ltr' id='par_1_21' title="bbox 165 2139 388 2181">
     <span class='ocr_line' id='line_1_21' title="bbox 165 2139 388 2181; baseline 0 -2"><span class='ocrx_word' id='word_1_142' title='bbox 165 2140 274 2180; x_wconf 89' lang='lat' dir='ltr'><strong>tum</strong></span> <span class='ocrx_word' id='word_1_143' title='bbox 295 2139 388 2181; x_wconf 75' lang='grc' dir='ltr'><strong>εει.</strong></span> 
     </span>
    </p>
   </div>
   <div class='ocr_carea' id='block_1_22' title="bbox 1631 384 2016 442">
    <p class='ocr_par' dir='ltr' id='par_1_22' title="bbox 1631 384 2016 442">
     <span class='ocr_line' id='line_1_22' title="bbox 1631 384 2016 442; baseline -0.008 -1"><span class='ocrx_word' id='word_1_144' title='bbox 1631 384 2016 442; x_wconf 64' lang='lat' dir='ltr'><strong>EPISTOLIE.</strong></span> 
     </span>
    </p>
   </div>
   <div class='ocr_carea' id='block_1_23' title="bbox 3382 367 3488 425">
    <p class='ocr_par' dir='ltr' id='par_1_23' title="bbox 3382 367 3488 425">
     <span class='ocr_line' id='line_1_23' title="bbox 3382 367 3488 425; baseline -0.028 0"><span class='ocrx_word' id='word_1_145' title='bbox 3382 367 3488 425; x_wconf 70' lang='lat'><strong>538</strong></span> 
     </span>
    </p>
   </div>
   <div class='ocr_carea' id='block_1_24' title="bbox 2261 477 3491 512">
    <p class='ocr_par' dir='ltr' id='par_1_24' title="bbox 2261 477 3491 512">
     <span class='ocr_line' id='line_1_24' title="bbox 2261 477 3491 512; baseline 0.002 -20"><span class='ocrx_word' id='word_1_146' title='bbox 2261 477 3491 512; x_wconf 87' lang='lat'><strong>______________________.</strong></span> 
     </span>
    </p>
   </div>
   <div class='ocr_carea' id='block_1_25' title="bbox 488 506 3125 676">
    <p class='ocr_par' dir='ltr' id='par_1_25' title="bbox 488 506 3125 676">
     <span class='ocr_line' id='line_1_25' title="bbox 488 506 3125 676; baseline -0.007 -2"><span class='ocrx_word' id='word_1_147' title='bbox 488 506 2073 676; x_wconf 51' lang='grc' dir='ltr'><strong>’ῡιιΕρτῡῖᾖᾞῖἷῖἶὶἶΑΝΝι</strong></span> <span class='ocrx_word' id='word_1_148' title='bbox 2158 506 2993 662; x_wconf 43' lang='lat' dir='ltr'><strong>madescimus</strong></span> <span class='ocrx_word' id='word_1_149' title='bbox 3046 547 3125 618; x_wconf 69' lang='grc'><strong>(³)</strong></span> 
     </span>
    </p>
   </div>
   <div class='ocr_carea' id='block_1_26' title="bbox 1893 735 3514 809">
    <p class='ocr_par' dir='ltr' id='par_1_26' title="bbox 1893 735 3514 809">
     <span class='ocr_line' id='line_1_26' title="bbox 1893 735 3514 809; baseline -0.004 -15"><span class='ocrx_word' id='word_1_150' title='bbox 1893 755 2037 794; x_wconf 87' lang='lat' dir='ltr'><strong>mam</strong></span> <span class='ocrx_word' id='word_1_151' title='bbox 2065 737 2328 794; x_wconf 88' lang='lat' dir='ltr'><strong>adversus</strong></span> <span class='ocrx_word' id='word_1_152' title='bbox 2353 740 2530 793; x_wconf 90' lang='lat' dir='ltr'><strong>omnia</strong></span> <span class='ocrx_word' id='word_1_153' title='bbox 2555 754 2676 809; x_wconf 77' lang='lat' dir='ltr'><strong>qua:</strong></span> <span class='ocrx_word' id='word_1_154' title='bbox 2705 738 2901 808; x_wconf 78' lang='lat' dir='ltr'><strong>injuste</strong></span> <span class='ocrx_word' id='word_1_155' title='bbox 2929 736 3181 791; x_wconf 85' lang='lat' dir='ltr'><strong>accidunt</strong></span> <span class='ocrx_word' id='word_1_156' title='bbox 3213 754 3227 789; x_wconf 94' lang='lat'>:</span> <span class='ocrx_word' id='word_1_157' title='bbox 3259 751 3380 806; x_wconf 69' lang='lat' dir='ltr'><strong>qua&#39;</strong></span> <span class='ocrx_word' id='word_1_158' title='bbox 3416 735 3514 788; x_wconf 66' lang='lat' dir='ltr'><strong>nisi</strong></span> 
     </span>
    </p>
   </div>
   <div class='ocr_carea' id='block_1_27' title="bbox 1893 829 3513 902">
    <p class='ocr_par' dir='ltr' id='par_1_27' title="bbox 1893 829 3513 902">
     <span class='ocr_line' id='line_1_27' title="bbox 1893 829 3513 902; baseline -0.004 -15"><span class='ocrx_word' id='word_1_159' title='bbox 1893 832 2014 902; x_wconf 89' lang='lat' dir='ltr'><strong>quis</strong></span> <span class='ocrx_word' id='word_1_160' title='bbox 2042 831 2324 887; x_wconf 88' lang='lat' dir='ltr'><strong>tolerantia</strong></span> <span class='ocrx_word' id='word_1_161' title='bbox 2368 832 2743 901; x_wconf 85' lang='lat' dir='ltr'><strong>superaverit,</strong></span> <span class='ocrx_word' id='word_1_162' title='bbox 2791 830 2946 884; x_wconf 72' lang='lat' dir='ltr'><strong>mala:</strong></span> <span class='ocrx_word' id='word_1_163' title='bbox 2991 829 3313 898; x_wconf 89' lang='lat' dir='ltr'><strong>suspicionis</strong></span> <span class='ocrx_word' id='word_1_164' title='bbox 3355 843 3513 898; x_wconf 83' lang='lat' dir='ltr'><strong>argn-</strong></span> 
     </span>
    </p>
   </div>
   <div class='ocr_carea' id='block_1_28' title="bbox 1896 919 3516 992">
    <p class='ocr_par' dir='ltr' id='par_1_28' title="bbox 1896 919 3516 992">
     <span class='ocr_line' id='line_1_28' title="bbox 1896 919 3516 992; baseline -0.004 -15"><span class='ocrx_word' id='word_1_165' title='bbox 1896 932 2136 978; x_wconf 88' lang='lat' dir='ltr'><strong>mentum</strong></span> <span class='ocrx_word' id='word_1_166' title='bbox 2169 922 2235 978; x_wconf 91' lang='lat' dir='ltr'><strong>de</strong></span> <span class='ocrx_word' id='word_1_167' title='bbox 2273 937 2333 978; x_wconf 90' lang='lat' dir='ltr'><strong>se</strong></span> <span class='ocrx_word' id='word_1_168' title='bbox 2364 922 2586 992; x_wconf 82' lang='lat' dir='ltr'><strong>praebet.</strong></span> <span class='ocrx_word' id='word_1_169' title='bbox 2614 920 2815 977; x_wconf 90' lang='lat' dir='ltr'><strong>Cuncta</strong></span> <span class='ocrx_word' id='word_1_170' title='bbox 2842 921 2985 975; x_wconf 90' lang='lat' dir='ltr'><strong>enim</strong></span> <span class='ocrx_word' id='word_1_171' title='bbox 3019 921 3250 974; x_wconf 85' lang='lat' dir='ltr'><strong>tolerare</strong></span> <span class='ocrx_word' id='word_1_172' title='bbox 3278 919 3440 974; x_wconf 85' lang='lat' dir='ltr'><strong>debet</strong></span> <span class='ocrx_word' id='word_1_173' title='bbox 3475 919 3516 971; x_wconf 73' lang='lat' dir='ltr'><strong>is</strong></span> 
     </span>
    </p>
   </div>
   <div class='ocr_carea' id='block_1_29' title="bbox 1892 1015 3516 1086">
    <p class='ocr_par' dir='ltr' id='par_1_29' title="bbox 1892 1015 3516 1086">
     <span class='ocr_line' id='line_1_29' title="bbox 1892 1015 3516 1086; baseline -0.003 -16"><span class='ocrx_word' id='word_1_174' title='bbox 1892 1015 1984 1086; x_wconf 89' lang='lat' dir='ltr'><strong>qui</strong></span> <span class='ocrx_word' id='word_1_175' title='bbox 2038 1015 2148 1070; x_wconf 90' lang='lat' dir='ltr'><strong>Dco</strong></span> <span class='ocrx_word' id='word_1_176' title='bbox 2197 1016 2475 1086; x_wconf 90' lang='lat' dir='ltr'><strong>primum,</strong></span> <span class='ocrx_word' id='word_1_177' title='bbox 2521 1015 2833 1086; x_wconf 89' lang='lat' dir='ltr'><strong>deindeque</strong></span> <span class='ocrx_word' id='word_1_178' title='bbox 2872 1015 3105 1086; x_wconf 76' lang='lat' dir='ltr'><strong>propria:</strong></span> <span class='ocrx_word' id='word_1_179' title='bbox 3169 1015 3516 1069; x_wconf 74' lang='lat' dir='ltr'><strong>conscientiae</strong></span> 
     </span>
    </p>
   </div>
   <div class='ocr_carea' id='block_1_30' title="bbox 1893 1105 3516 1178">
    <p class='ocr_par' dir='ltr' id='par_1_30' title="bbox 1893 1105 3516 1178">
     <span class='ocr_line' id='line_1_30' title="bbox 1893 1105 3516 1178; baseline -0.002 -17"><span class='ocrx_word' id='word_1_180' title='bbox 1893 1105 2116 1161; x_wconf 79' lang='lat' dir='ltr'><strong>confidit</strong></span> <span class='ocrx_word' id='word_1_181' title='bbox 2143 1123 2157 1170; x_wconf 90' lang='lat'><strong>;</strong></span> <span class='ocrx_word' id='word_1_182' title='bbox 2189 1108 2269 1160; x_wconf 90' lang='lat' dir='ltr'><strong>vir</strong></span> <span class='ocrx_word' id='word_1_183' title='bbox 2299 1105 2496 1178; x_wconf 88' lang='lat' dir='ltr'><strong>quippe</strong></span> <span class='ocrx_word' id='word_1_184' title='bbox 2524 1107 2698 1161; x_wconf 91' lang='lat' dir='ltr'><strong>bonus</strong></span> <span class='ocrx_word' id='word_1_185' title='bbox 2724 1105 2966 1161; x_wconf 84' lang='lat' dir='ltr'><strong>exerceri</strong></span> <span class='ocrx_word' id='word_1_186' title='bbox 2997 1105 3214 1175; x_wconf 90' lang='lat' dir='ltr'><strong>quidem</strong></span> <span class='ocrx_word' id='word_1_187' title='bbox 3247 1114 3423 1175; x_wconf 89' lang='lat' dir='ltr'><strong>potest</strong></span> <span class='ocrx_word' id='word_1_188' title='bbox 3449 1105 3516 1157; x_wconf 88' lang='lat' dir='ltr'><strong>ad</strong></span> 
     </span>
    </p>
   </div>
   <div class='ocr_carea' id='block_1_31' title="bbox 1894 1197 3514 1268">
    <p class='ocr_par' dir='ltr' id='par_1_31' title="bbox 1894 1197 3514 1268">
     <span class='ocr_line' id='line_1_31' title="bbox 1894 1197 3514 1268; baseline -0.002 -15"><span class='ocrx_word' id='word_1_189' title='bbox 1894 1199 2233 1253; x_wconf 90' lang='lat' dir='ltr'><strong>tolerantiam</strong></span> <span class='ocrx_word' id='word_1_190' title='bbox 2263 1240 2276 1264; x_wconf 95' lang='lat'><strong>,</strong></span> <span class='ocrx_word' id='word_1_191' title='bbox 2311 1198 2453 1252; x_wconf 89' lang='lat' dir='ltr'><strong>vinci</strong></span> <span class='ocrx_word' id='word_1_192' title='bbox 2481 1207 2658 1253; x_wconf 89' lang='lat' dir='ltr'><strong>autem</strong></span> <span class='ocrx_word' id='word_1_193' title='bbox 2688 1197 2912 1267; x_wconf 87' lang='lat' dir='ltr'><strong>nequit,</strong></span> <span class='ocrx_word' id='word_1_194' title='bbox 2954 1199 3076 1268; x_wconf 88' lang='lat' dir='ltr'><strong>quia</strong></span> <span class='ocrx_word' id='word_1_195' title='bbox 3121 1198 3238 1266; x_wconf 92' lang='lat' dir='ltr'><strong>ejus</strong></span> <span class='ocrx_word' id='word_1_196' title='bbox 3279 1207 3514 1251; x_wconf 82' lang='lat' dir='ltr'><strong>mentem</strong></span> 
     </span>
    </p>
   </div>
   <div class='ocr_carea' id='block_1_32' title="bbox 1893 1290 3516 1360">
    <p class='ocr_par' dir='ltr' id='par_1_32' title="bbox 1893 1290 3516 1360">
     <span class='ocr_line' id='line_1_32' title="bbox 1893 1290 3516 1360; baseline -0.001 -16"><span class='ocrx_word' id='word_1_197' title='bbox 1893 1291 2089 1345; x_wconf 75' lang='lat' dir='ltr'><strong>divina:</strong></span> <span class='ocrx_word' id='word_1_198' title='bbox 2121 1290 2418 1360; x_wconf 70' lang='lat' dir='ltr'><strong>Scriptura:</strong></span> <span class='ocrx_word' id='word_1_199' title='bbox 2448 1290 2761 1345; x_wconf 89' lang='lat' dir='ltr'><strong>custodiunt</strong></span> <span class='ocrx_word' id='word_1_200' title='bbox 2793 1308 2806 1344; x_wconf 93' lang='lat'>:</span> <span class='ocrx_word' id='word_1_201' title='bbox 2847 1290 3124 1346; x_wconf 88' lang='lat' dir='ltr'><strong>abundant</strong></span> <span class='ocrx_word' id='word_1_202' title='bbox 3155 1291 3298 1345; x_wconf 89' lang='lat' dir='ltr'><strong>enim</strong></span> <span class='ocrx_word' id='word_1_203' title='bbox 3327 1306 3516 1345; x_wconf 82' lang='lat' dir='ltr'><strong>exem-</strong></span> 
     </span>
    </p>
   </div>
   <div class='ocr_carea' id='block_1_33' title="bbox 1895 1381 3518 1454">
    <p class='ocr_par' dir='ltr' id='par_1_33' title="bbox 1895 1381 3518 1454">
     <span class='ocr_line' id='line_1_33' title="bbox 1895 1381 3518 1454; baseline -0.002 -18"><span class='ocrx_word' id='word_1_204' title='bbox 1895 1383 1998 1453; x_wconf 90' lang='lat' dir='ltr'><strong>plis</strong></span> <span class='ocrx_word' id='word_1_205' title='bbox 2028 1381 2225 1437; x_wconf 66' lang='lat' dir='ltr'><strong>divina:</strong></span> <span class='ocrx_word' id='word_1_206' title='bbox 2275 1382 2535 1438; x_wconf 87' lang='lat' dir='ltr'><strong>lectiones</strong></span> <span class='ocrx_word' id='word_1_207' title='bbox 2560 1424 2574 1449; x_wconf 94' lang='lat'><strong>,</strong></span> <span class='ocrx_word' id='word_1_208' title='bbox 2622 1397 2755 1453; x_wconf 87' lang='lat' dir='ltr'><strong>quas</strong></span> <span class='ocrx_word' id='word_1_209' title='bbox 2794 1383 3008 1454; x_wconf 90' lang='lat' dir='ltr'><strong>populis</strong></span> <span class='ocrx_word' id='word_1_210' title='bbox 3058 1383 3319 1438; x_wconf 83' lang='lat' dir='ltr'><strong>tradimus</strong></span> <span class='ocrx_word' id='word_1_211' title='bbox 3351 1403 3363 1437; x_wconf 91' lang='lat'><strong>:</strong></span> <span class='ocrx_word' id='word_1_212' title='bbox 3397 1400 3518 1454; x_wconf 68' lang='lat' dir='ltr'><strong>quas</strong></span> 
     </span>
    </p>
   </div>
   <div class='ocr_carea' id='block_1_34' title="bbox 1895 1476 3518 1548">
    <p class='ocr_par' dir='ltr' id='par_1_34' title="bbox 1895 1476 3518 1548">
     <span class='ocr_line' id='line_1_34' title="bbox 1895 1476 3518 1548; baseline 0.001 -19"><span class='ocrx_word' id='word_1_213' title='bbox 1895 1491 2085 1531; x_wconf 90' lang='lat' dir='ltr'><strong>omnes</strong></span> <span class='ocrx_word' id='word_1_214' title='bbox 2138 1477 2250 1531; x_wconf 86' lang='lat' dir='ltr'><strong>fere</strong></span> <span class='ocrx_word' id='word_1_215' title='bbox 2295 1487 2513 1531; x_wconf 86' lang='lat' dir='ltr'><strong>sanctos</strong></span> <span class='ocrx_word' id='word_1_216' title='bbox 2561 1477 2726 1531; x_wconf 83' lang='lat' dir='ltr'><strong>variis</strong></span> <span class='ocrx_word' id='word_1_217' title='bbox 2771 1476 2950 1532; x_wconf 90' lang='lat' dir='ltr'><strong>modis</strong></span> <span class='ocrx_word' id='word_1_218' title='bbox 2996 1492 3247 1548; x_wconf 76' lang='lat' dir='ltr'><strong>szrpeque</strong></span> <span class='ocrx_word' id='word_1_219' title='bbox 3295 1487 3518 1532; x_wconf 76' lang='lat' dir='ltr'><strong>vexatos</strong></span> 
     </span>
    </p>
   </div>
   <div class='ocr_carea' id='block_1_35' title="bbox 1893 1564 3515 1641">
    <p class='ocr_par' dir='ltr' id='par_1_35' title="bbox 1893 1564 3515 1641">
     <span class='ocr_line' id='line_1_35' title="bbox 1893 1564 3515 1641; baseline 0.004 -21"><span class='ocrx_word' id='word_1_220' title='bbox 1893 1564 2060 1623; x_wconf 87' lang='lat' dir='ltr'><strong>fuisse</strong></span> <span class='ocrx_word' id='word_1_221' title='bbox 2081 1607 2094 1631; x_wconf 89' lang='lat'><strong>,</strong></span> <span class='ocrx_word' id='word_1_222' title='bbox 2123 1577 2178 1623; x_wconf 92' lang='lat' dir='ltr'><strong>et</strong></span> <span class='ocrx_word' id='word_1_223' title='bbox 2206 1571 2356 1638; x_wconf 88' lang='lat' dir='ltr'><strong>quasi</strong></span> <span class='ocrx_word' id='word_1_224' title='bbox 2391 1569 2442 1623; x_wconf 92' lang='lat' dir='ltr'><strong>in</strong></span> <span class='ocrx_word' id='word_1_225' title='bbox 2475 1569 2723 1625; x_wconf 78' lang='lat' dir='ltr'><strong>examine</strong></span> <span class='ocrx_word' id='word_1_226' title='bbox 2752 1570 2986 1640; x_wconf 91' lang='lat' dir='ltr'><strong>quodam</strong></span> <span class='ocrx_word' id='word_1_227' title='bbox 3021 1572 3277 1641; x_wconf 85' lang='lat' dir='ltr'><strong>probatos</strong></span> <span class='ocrx_word' id='word_1_228' title='bbox 3307 1570 3474 1626; x_wconf 89' lang='lat' dir='ltr'><strong>fuisse</strong></span> <span class='ocrx_word' id='word_1_229' title='bbox 3501 1614 3515 1634; x_wconf 87' lang='lat'><strong>,</strong></span> 
     </span>
    </p>
   </div>
   <div class='ocr_carea' id='block_1_36' title="bbox 1893 1661 3518 1734">
    <p class='ocr_par' dir='ltr' id='par_1_36' title="bbox 1893 1661 3518 1734">
     <span class='ocr_line' id='line_1_36' title="bbox 1893 1661 3518 1734; baseline 0.002 -19"><span class='ocrx_word' id='word_1_230' title='bbox 1893 1668 2052 1731; x_wconf 92' lang='lat' dir='ltr'><strong>atque</strong></span> <span class='ocrx_word' id='word_1_231' title='bbox 2082 1661 2152 1716; x_wconf 88' lang='lat' dir='ltr'><strong>ita</strong></span> <span class='ocrx_word' id='word_1_232' title='bbox 2182 1663 2453 1731; x_wconf 70' lang='lat' dir='ltr'><strong>patientia:</strong></span> <span class='ocrx_word' id='word_1_233' title='bbox 2478 1678 2735 1717; x_wconf 89' lang='lat' dir='ltr'><strong>coronam</strong></span> <span class='ocrx_word' id='word_1_234' title='bbox 2782 1663 3008 1734; x_wconf 87' lang='lat' dir='ltr'><strong>adeptos</strong></span> <span class='ocrx_word' id='word_1_235' title='bbox 3053 1679 3176 1720; x_wconf 91' lang='lat' dir='ltr'><strong>esse</strong></span> <span class='ocrx_word' id='word_1_236' title='bbox 3217 1664 3518 1720; x_wconf 84' lang='lat' dir='ltr'><strong>testiﬁcan-</strong></span> 
     </span>
    </p>
   </div>
   <div class='ocr_carea' id='block_1_37' title="bbox 1895 1745 3516 1826">
    <p class='ocr_par' dir='ltr' id='par_1_37' title="bbox 1895 1745 3516 1826">
     <span class='ocr_line' id='line_1_37' title="bbox 1895 1745 3516 1826; baseline 0.002 -20"><span class='ocrx_word' id='word_1_237' title='bbox 1895 1761 2002 1807; x_wconf 89' lang='lat' dir='ltr'><strong>tur.</strong></span> <span class='ocrx_word' id='word_1_238' title='bbox 2035 1752 2364 1808; x_wconf 90' lang='lat' dir='ltr'><strong>Consoletur</strong></span> <span class='ocrx_word' id='word_1_239' title='bbox 2389 1755 2668 1808; x_wconf 89' lang='lat' dir='ltr'><strong>caritatem</strong></span> <span class='ocrx_word' id='word_1_240' title='bbox 2703 1765 2847 1809; x_wconf 91' lang='lat' dir='ltr'><strong>tuam</strong></span> <span class='ocrx_word' id='word_1_241' title='bbox 2880 1755 2996 1826; x_wconf 90' lang='lat' dir='ltr'><strong>ipsa</strong></span> <span class='ocrx_word' id='word_1_242' title='bbox 3024 1755 3189 1811; x_wconf 87' lang='lat' dir='ltr'><strong>animi</strong></span> <span class='ocrx_word' id='word_1_243' title='bbox 3229 1745 3516 1811; x_wconf 82' lang='lat' dir='ltr'><strong>conscien-</strong></span> 
     </span>
    </p>
   </div>
   <div class='ocr_carea' id='block_1_38' title="bbox 1895 1844 3519 1918">
    <p class='ocr_par' dir='ltr' id='par_1_38' title="bbox 1895 1844 3519 1918">
     <span class='ocr_line' id='line_1_38' title="bbox 1895 1844 3519 1918; baseline 0.002 -20"><span class='ocrx_word' id='word_1_244' title='bbox 1895 1844 1965 1899; x_wconf 88' lang='lat' dir='ltr'><strong>tia</strong></span> <span class='ocrx_word' id='word_1_245' title='bbox 1991 1887 2006 1912; x_wconf 91' lang='lat'><strong>,</strong></span> <span class='ocrx_word' id='word_1_246' title='bbox 2038 1845 2206 1901; x_wconf 78' lang='lat' dir='ltr'><strong>frater</strong></span> <span class='ocrx_word' id='word_1_247' title='bbox 2227 1845 2507 1901; x_wconf 88' lang='lat' dir='ltr'><strong>carissime</strong></span> <span class='ocrx_word' id='word_1_248' title='bbox 2531 1889 2547 1914; x_wconf 91' lang='lat'><strong>,</strong></span> <span class='ocrx_word' id='word_1_249' title='bbox 2575 1862 2695 1918; x_wconf 74' lang='lat' dir='ltr'><strong>qua:</strong></span> <span class='ocrx_word' id='word_1_250' title='bbox 2724 1847 2775 1900; x_wconf 93' lang='lat' dir='ltr'><strong>in</strong></span> <span class='ocrx_word' id='word_1_251' title='bbox 2809 1847 3202 1902; x_wconf 89' lang='lat' dir='ltr'><strong>calamitatibus</strong></span> <span class='ocrx_word' id='word_1_252' title='bbox 3233 1848 3370 1902; x_wconf 88' lang='lat' dir='ltr'><strong>solet</strong></span> <span class='ocrx_word' id='word_1_253' title='bbox 3396 1861 3519 1902; x_wconf 89' lang='lat' dir='ltr'><strong>esse</strong></span> 
     </span>
    </p>
   </div>
   <div class='ocr_carea' id='block_1_39' title="bbox 1894 1940 3522 2011">
    <p class='ocr_par' dir='ltr' id='par_1_39' title="bbox 1894 1940 3522 2011">
     <span class='ocr_line' id='line_1_39' title="bbox 1894 1940 3522 2011; baseline 0.002 -18"><span class='ocrx_word' id='word_1_254' title='bbox 1894 1940 2107 1995; x_wconf 87' lang='lat' dir='ltr'><strong>virtutis</strong></span> <span class='ocrx_word' id='word_1_255' title='bbox 2142 1942 2462 1995; x_wconf 86' lang='lat' dir='ltr'><strong>consolatio.</strong></span> <span class='ocrx_word' id='word_1_256' title='bbox 2510 1943 2852 2011; x_wconf 86' lang='lat' dir='ltr'><strong>Inspectante</strong></span> <span class='ocrx_word' id='word_1_257' title='bbox 2900 1943 3043 1997; x_wconf 88' lang='lat' dir='ltr'><strong>enim</strong></span> <span class='ocrx_word' id='word_1_258' title='bbox 3087 1942 3314 1996; x_wconf 89' lang='lat' dir='ltr'><strong>Domino</strong></span> <span class='ocrx_word' id='word_1_259' title='bbox 3360 1941 3522 1997; x_wconf 87' lang='lat' dir='ltr'><strong>Chri-</strong></span> 
     </span>
    </p>
   </div>
   <div class='ocr_carea' id='block_1_40' title="bbox 1895 2031 3364 2104">
    <p class='ocr_par' dir='ltr' id='par_1_40' title="bbox 1895 2031 3364 2104">
     <span class='ocr_line' id='line_1_40' title="bbox 1895 2031 3364 2104; baseline 0 -19"><span class='ocrx_word' id='word_1_260' title='bbox 1895 2040 1982 2086; x_wconf 91' lang='lat' dir='ltr'><strong>sto</strong></span> <span class='ocrx_word' id='word_1_261' title='bbox 2006 2073 2019 2096; x_wconf 91' lang='lat'><strong>,</strong></span> <span class='ocrx_word' id='word_1_262' title='bbox 2051 2031 2104 2085; x_wconf 92' lang='lat' dir='ltr'><strong>in</strong></span> <span class='ocrx_word' id='word_1_263' title='bbox 2134 2040 2292 2102; x_wconf 92' lang='lat' dir='ltr'><strong>portu</strong></span> <span class='ocrx_word' id='word_1_264' title='bbox 2325 2032 2470 2102; x_wconf 83' lang='lat' dir='ltr'><strong>pacis</strong></span> <span class='ocrx_word' id='word_1_265' title='bbox 2500 2043 2725 2104; x_wconf 88' lang='lat' dir='ltr'><strong>purgata</strong></span> <span class='ocrx_word' id='word_1_266' title='bbox 2757 2032 3090 2088; x_wconf 89' lang='lat' dir='ltr'><strong>conscientia</strong></span> <span class='ocrx_word' id='word_1_267' title='bbox 3121 2033 3364 2088; x_wconf 85' lang='lat' dir='ltr'><strong>sistetur.</strong></span> 
     </span>
    </p>
   </div>
   <div class='ocr_carea' id='block_1_41' title="bbox 1093 2265 2594 2355">
    <p class='ocr_par' dir='ltr' id='par_1_41' title="bbox 1093 2265 2594 2355">
     <span class='ocr_line' id='line_1_41' title="bbox 1093 2265 2594 2355; baseline -0.002 -2"><span class='ocrx_word' id='word_1_268' title='bbox 1093 2268 1898 2355; x_wconf 85' lang='lat' dir='ltr'><strong>INNOCENTIUS</strong></span> <span class='ocrx_word' id='word_1_269' title='bbox 1959 2265 2594 2350; x_wconf 87' lang='lat' dir='ltr'><strong>EPlSCOPUS</strong></span> 
     </span>
    </p>
   </div>
   <div class='ocr_carea' id='block_1_42' title="bbox 165 2401 3509 2460">
    <p class='ocr_par' dir='ltr' id='par_1_42' title="bbox 165 2401 3509 2460">
     <span class='ocr_line' id='line_1_42' title="bbox 165 2401 3509 2460; baseline -0.001 -12"><span class='ocrx_word' id='word_1_270' title='bbox 165 2405 599 2450; x_wconf 68' lang='lat' dir='ltr'><strong>PRESBYTEBIS</strong></span> <span class='ocrx_word' id='word_1_271' title='bbox 659 2407 739 2449; x_wconf 82' lang='lat' dir='ltr'><strong>ET</strong></span> <span class='ocrx_word' id='word_1_272' title='bbox 784 2404 1077 2450; x_wconf 81' lang='lat' dir='ltr'><strong>DIACONIS</strong></span> <span class='ocrx_word' id='word_1_273' title='bbox 1124 2408 1566 2460; x_wconf 76' lang='lat' dir='ltr'><strong>UNIVERSOQUE</strong></span> <span class='ocrx_word' id='word_1_274' title='bbox 1624 2405 1834 2449; x_wconf 63' lang='grc' dir='ltr'><strong>(ΖΒΕηο</strong></span> <span class='ocrx_word' id='word_1_275' title='bbox 1899 2405 1975 2448; x_wconf 77' lang='grc' dir='ltr'><strong>ΔΟ</strong></span> <span class='ocrx_word' id='word_1_276' title='bbox 2028 2405 2273 2448; x_wconf 80' lang='lat' dir='ltr'><strong>POPULO</strong></span> <span class='ocrx_word' id='word_1_277' title='bbox 2319 2405 2636 2448; x_wconf 68' lang='lat' dir='ltr'><strong>ECCLESIE</strong></span> <span class='ocrx_word' id='word_1_278' title='bbox 2705 2401 3509 2457; x_wconf 67' lang='lat' dir='ltr'><strong>CONSTANTINOPOLITANE,</strong></span> 
     </span>
    </p>
   </div>
   <div class='ocr_carea' id='block_1_43' title="bbox 656 2486 3061 2542">
    <p class='ocr_par' dir='ltr' id='par_1_43' title="bbox 656 2486 3061 2542">
     <span class='ocr_line' id='line_1_43' title="bbox 656 2486 3061 2542; baseline -0.002 -12"><span class='ocrx_word' id='word_1_279' title='bbox 656 2487 766 2540; x_wconf 78' lang='lat' dir='ltr'><strong>QUI</strong></span> <span class='ocrx_word' id='word_1_280' title='bbox 811 2488 1067 2530; x_wconf 78' lang='lat' dir='ltr'><strong>SUBDIT!</strong></span> <span class='ocrx_word' id='word_1_281' title='bbox 1113 2487 1273 2532; x_wconf 82' lang='lat' dir='ltr'><strong>SUNT</strong></span> <span class='ocrx_word' id='word_1_282' title='bbox 1319 2487 1619 2532; x_wconf 82' lang='lat' dir='ltr'><strong>EPISCOPO</strong></span> <span class='ocrx_word' id='word_1_283' title='bbox 1662 2486 1916 2540; x_wconf 77' lang='lat' dir='ltr'><strong>JOANNI,</strong></span> <span class='ocrx_word' id='word_1_284' title='bbox 1967 2486 2257 2529; x_wconf 80' lang='lat' dir='ltr'><strong>DILECTIS</strong></span> <span class='ocrx_word' id='word_1_285' title='bbox 2304 2486 2690 2542; x_wconf 77' lang='lat' dir='ltr'><strong>FRATRIBUS,</strong></span> <span class='ocrx_word' id='word_1_286' title='bbox 2738 2486 3061 2530; x_wconf 76' lang='lat' dir='ltr'><strong>SALUTEM.</strong></span> 
     </span>
    </p>
   </div>
   <div class='ocr_carea' id='block_1_44' title="bbox 242 2613 1779 2686">
    <p class='ocr_par' dir='ltr' id='par_1_44' title="bbox 242 2613 1779 2686">
     <span class='ocr_line' id='line_1_44' title="bbox 242 2613 1779 2686; baseline 0.001 -18"><span class='ocrx_word' id='word_1_287' title='bbox 242 2614 322 2668; x_wconf 80' lang='lat' dir='ltr'><strong>Ex</strong></span> <span class='ocrx_word' id='word_1_288' title='bbox 368 2613 537 2668; x_wconf 91' lang='lat' dir='ltr'><strong>literis</strong></span> <span class='ocrx_word' id='word_1_289' title='bbox 575 2613 815 2670; x_wconf 88' lang='lat' dir='ltr'><strong>caritatis</strong></span> <span class='ocrx_word' id='word_1_290' title='bbox 860 2624 1095 2680; x_wconf 63' lang='lat' dir='ltr'><strong>vestra),</strong></span> <span class='ocrx_word' id='word_1_291' title='bbox 1141 2631 1273 2684; x_wconf 87' lang='lat' dir='ltr'><strong>quas</strong></span> <span class='ocrx_word' id='word_1_292' title='bbox 1312 2631 1409 2686; x_wconf 88' lang='lat' dir='ltr'><strong>per</strong></span> <span class='ocrx_word' id='word_1_293' title='bbox 1453 2616 1779 2672; x_wconf 84' lang='lat' dir='ltr'><strong>Germanum</strong></span> 
     </span>
    </p>
   </div>
   <div class='ocr_carea' id='block_1_45' title="bbox 159 2706 1778 2778">
    <p class='ocr_par' dir='ltr' id='par_1_45' title="bbox 159 2706 1778 2778">
     <span class='ocr_line' id='line_1_45' title="bbox 159 2706 1778 2778; baseline 0.001 -17"><span class='ocrx_word' id='word_1_294' title='bbox 159 2706 544 2778; x_wconf 81' lang='lat' dir='ltr'><strong>presbyterum</strong></span> <span class='ocrx_word' id='word_1_295' title='bbox 589 2717 642 2762; x_wconf 93' lang='lat' dir='ltr'><strong>et</strong></span> <span class='ocrx_word' id='word_1_296' title='bbox 687 2708 998 2762; x_wconf 88' lang='lat' dir='ltr'><strong>Cassianum</strong></span> <span class='ocrx_word' id='word_1_297' title='bbox 1027 2708 1316 2763; x_wconf 90' lang='lat' dir='ltr'><strong>diaconum</strong></span> <span class='ocrx_word' id='word_1_298' title='bbox 1357 2710 1576 2765; x_wconf 89' lang='lat' dir='ltr'><strong>misistis</strong></span> <span class='ocrx_word' id='word_1_299' title='bbox 1602 2751 1616 2775; x_wconf 93' lang='lat'><strong>,</strong></span> <span class='ocrx_word' id='word_1_300' title='bbox 1657 2725 1778 2764; x_wconf 90' lang='lat' dir='ltr'><strong>sce-</strong></span> 
     </span>
    </p>
   </div>
   <div class='ocr_carea' id='block_1_46' title="bbox 164 2798 1782 2870">
    <p class='ocr_par' dir='ltr' id='par_1_46' title="bbox 164 2798 1782 2870">
     <span class='ocr_line' id='line_1_46' title="bbox 164 2798 1782 2870; baseline 0.002 -18"><span class='ocrx_word' id='word_1_301' title='bbox 164 2814 295 2852; x_wconf 87' lang='lat' dir='ltr'><strong>nam</strong></span> <span class='ocrx_word' id='word_1_302' title='bbox 328 2800 587 2853; x_wconf 90' lang='lat' dir='ltr'><strong>malorum</strong></span> <span class='ocrx_word' id='word_1_303' title='bbox 615 2840 628 2864; x_wconf 92' lang='lat'><strong>,</strong></span> <span class='ocrx_word' id='word_1_304' title='bbox 659 2814 817 2868; x_wconf 92' lang='lat' dir='ltr'><strong>quam</strong></span> <span class='ocrx_word' id='word_1_305' title='bbox 845 2798 916 2853; x_wconf 92' lang='lat' dir='ltr'><strong>ob</strong></span> <span class='ocrx_word' id='word_1_306' title='bbox 942 2801 1128 2854; x_wconf 89' lang='lat' dir='ltr'><strong>oculos</strong></span> <span class='ocrx_word' id='word_1_307' title='bbox 1158 2800 1411 2870; x_wconf 88' lang='lat' dir='ltr'><strong>posuistis</strong></span> <span class='ocrx_word' id='word_1_308' title='bbox 1435 2842 1450 2868; x_wconf 95' lang='lat'><strong>,</strong></span> <span class='ocrx_word' id='word_1_309' title='bbox 1484 2802 1642 2856; x_wconf 79' lang='lat' dir='ltr'><strong>anxia</strong></span> <span class='ocrx_word' id='word_1_310' title='bbox 1675 2803 1782 2856; x_wconf 88' lang='lat' dir='ltr'><strong>sol-</strong></span> 
     </span>
    </p>
   </div>
   <div class='ocr_carea' id='block_1_47' title="bbox 167 2891 1780 2964">
    <p class='ocr_par' dir='ltr' id='par_1_47' title="bbox 167 2891 1780 2964">
     <span class='ocr_line' id='line_1_47' title="bbox 167 2891 1780 2964; baseline 0.002 -18"><span class='ocrx_word' id='word_1_311' title='bbox 167 2891 454 2947; x_wconf 87' lang='lat' dir='ltr'><strong>licitudine</strong></span> <span class='ocrx_word' id='word_1_312' title='bbox 480 2894 704 2963; x_wconf 75' lang='lat' dir='ltr'><strong>cognovi</strong></span> <span class='ocrx_word' id='word_1_313' title='bbox 730 2911 744 2956; x_wconf 87' lang='lat'><strong>;</strong></span> <span class='ocrx_word' id='word_1_314' title='bbox 768 2895 1087 2964; x_wconf 88' lang='lat' dir='ltr'><strong>quantisque</strong></span> <span class='ocrx_word' id='word_1_315' title='bbox 1118 2896 1375 2950; x_wconf 72' lang='lat' dir='ltr'><strong>mrumnis</strong></span> <span class='ocrx_word' id='word_1_316' title='bbox 1404 2911 1466 2951; x_wconf 90' lang='lat' dir='ltr'><strong>ac</strong></span> <span class='ocrx_word' id='word_1_317' title='bbox 1496 2896 1780 2951; x_wconf 87' lang='lat' dir='ltr'><strong>difficulta-</strong></span> 
     </span>
    </p>
   </div>
   <div class='ocr_carea' id='block_1_48' title="bbox 167 2982 1776 3058">
    <p class='ocr_par' dir='ltr' id='par_1_48' title="bbox 167 2982 1776 3058">
     <span class='ocr_line' id='line_1_48' title="bbox 167 2982 1776 3058; baseline 0.007 -24"><span class='ocrx_word' id='word_1_318' title='bbox 167 2982 314 3036; x_wconf 85' lang='lat' dir='ltr'><strong>tibus</strong></span> <span class='ocrx_word' id='word_1_319' title='bbox 345 2982 476 3037; x_wconf 83' lang='lat' dir='ltr'><strong>lides</strong></span> <span class='ocrx_word' id='word_1_320' title='bbox 506 2984 750 3050; x_wconf 87' lang='lat' dir='ltr'><strong>laboret,</strong></span> <span class='ocrx_word' id='word_1_321' title='bbox 779 2985 975 3054; x_wconf 65' lang='lat' dir='ltr'><strong>smpius</strong></span> <span class='ocrx_word' id='word_1_322' title='bbox 1001 2988 1224 3055; x_wconf 88' lang='lat' dir='ltr'><strong>repetita</strong></span> <span class='ocrx_word' id='word_1_323' title='bbox 1251 2987 1482 3044; x_wconf 91' lang='lat' dir='ltr'><strong>lectione</strong></span> <span class='ocrx_word' id='word_1_324' title='bbox 1509 2991 1735 3058; x_wconf 80' lang='lat' dir='ltr'><strong>cognovi</strong></span> <span class='ocrx_word' id='word_1_325' title='bbox 1763 3010 1776 3046; x_wconf 90' lang='lat'>:</span> 
     </span>
    </p>
   </div>
   <div class='ocr_carea' id='block_1_49' title="bbox 163 3076 1776 3154">
    <p class='ocr_par' dir='ltr' id='par_1_49' title="bbox 163 3076 1776 3154">
     <span class='ocr_line' id='line_1_49' title="bbox 163 3076 1776 3154; baseline 0.009 -27"><span class='ocrx_word' id='word_1_326' title='bbox 163 3090 330 3144; x_wconf 90' lang='lat' dir='ltr'><strong>quam</strong></span> <span class='ocrx_word' id='word_1_327' title='bbox 355 3091 469 3130; x_wconf 83' lang='lat' dir='ltr'><strong>rem</strong></span> <span class='ocrx_word' id='word_1_328' title='bbox 511 3076 623 3130; x_wconf 87' lang='lat' dir='ltr'><strong>sola</strong></span> <span class='ocrx_word' id='word_1_329' title='bbox 667 3078 964 3133; x_wconf 86' lang='lat' dir='ltr'><strong>consolatio</strong></span> <span class='ocrx_word' id='word_1_330' title='bbox 1007 3080 1278 3149; x_wconf 65' lang='lat' dir='ltr'><strong>patientia:</strong></span> <span class='ocrx_word' id='word_1_331' title='bbox 1328 3097 1520 3138; x_wconf 86' lang='lat' dir='ltr'><strong>sanare</strong></span> <span class='ocrx_word' id='word_1_332' title='bbox 1564 3093 1776 3154; x_wconf 81' lang='lat' dir='ltr'><strong>potest;</strong></span> 
     </span>
    </p>
   </div>
   <div class='ocr_carea' id='block_1_50' title="bbox 163 3168 1775 3243">
    <p class='ocr_par' dir='ltr' id='par_1_50' title="bbox 163 3168 1775 3243">
     <span class='ocr_line' id='line_1_50' title="bbox 163 3168 1775 3243; baseline 0.007 -22"><span class='ocrx_word' id='word_1_333' title='bbox 163 3168 320 3222; x_wconf 81' lang='lat' dir='ltr'><strong>dabit</strong></span> <span class='ocrx_word' id='word_1_334' title='bbox 345 3170 486 3222; x_wconf 88' lang='lat' dir='ltr'><strong>enim</strong></span> <span class='ocrx_word' id='word_1_335' title='bbox 516 3171 662 3224; x_wconf 88' lang='lat' dir='ltr'><strong>brevi</strong></span> <span class='ocrx_word' id='word_1_336' title='bbox 698 3171 837 3226; x_wconf 91' lang='lat' dir='ltr'><strong>Deus</strong></span> <span class='ocrx_word' id='word_1_337' title='bbox 871 3181 1054 3227; x_wconf 86' lang='lat' dir='ltr'><strong>noster</strong></span> <span class='ocrx_word' id='word_1_338' title='bbox 1084 3174 1243 3229; x_wconf 91' lang='lat' dir='ltr'><strong>tantis</strong></span> <span class='ocrx_word' id='word_1_339' title='bbox 1283 3177 1541 3232; x_wconf 87' lang='lat' dir='ltr'><strong>aerumnis</strong></span> <span class='ocrx_word' id='word_1_340' title='bbox 1576 3177 1737 3232; x_wconf 84' lang='lat' dir='ltr'><strong>linem</strong></span> <span class='ocrx_word' id='word_1_341' title='bbox 1762 3221 1775 3243; x_wconf 89' lang='lat'><strong>,</strong></span> 
     </span>
    </p>
   </div>
   <div class='ocr_carea' id='block_1_51' title="bbox 162 3261 1777 3337">
    <p class='ocr_par' dir='ltr' id='par_1_51' title="bbox 162 3261 1777 3337">
     <span class='ocr_line' id='line_1_51' title="bbox 162 3261 1777 3337; baseline 0.006 -23"><span class='ocrx_word' id='word_1_342' title='bbox 162 3269 222 3314; x_wconf 90' lang='lat' dir='ltr'><strong>ct</strong></span> <span class='ocrx_word' id='word_1_343' title='bbox 252 3261 368 3315; x_wconf 69' lang='lat' dir='ltr'><strong>haec</strong></span> <span class='ocrx_word' id='word_1_344' title='bbox 398 3261 659 3316; x_wconf 88' lang='lat' dir='ltr'><strong>tolerasse</strong></span> <span class='ocrx_word' id='word_1_345' title='bbox 687 3261 911 3331; x_wconf 85' lang='lat' dir='ltr'><strong>juvabit.</strong></span> <span class='ocrx_word' id='word_1_346' title='bbox 954 3265 1242 3321; x_wconf 88' lang='lat' dir='ltr'><strong>Enimvero</strong></span> <span class='ocrx_word' id='word_1_347' title='bbox 1285 3270 1425 3322; x_wconf 89' lang='lat' dir='ltr'><strong>banc</strong></span> <span class='ocrx_word' id='word_1_348' title='bbox 1467 3268 1634 3337; x_wconf 89' lang='lat' dir='ltr'><strong>ipsam</strong></span> <span class='ocrx_word' id='word_1_349' title='bbox 1679 3285 1777 3324; x_wconf 88' lang='lat' dir='ltr'><strong>ne~</strong></span> 
     </span>
    </p>
   </div>
   <div class='ocr_carea' id='block_1_52' title="bbox 165 3353 1779 3418">
    <p class='ocr_par' dir='ltr' id='par_1_52' title="bbox 165 3353 1779 3418">
     <span class='ocr_line' id='line_1_52' title="bbox 165 3353 1779 3418; baseline 0.007 -12"><span class='ocrx_word' id='word_1_350' title='bbox 165 3353 461 3408; x_wconf 87' lang='lat' dir='ltr'><strong>cessariam</strong></span> <span class='ocrx_word' id='word_1_351' title='bbox 491 3356 912 3411; x_wconf 85' lang='lat' dir='ltr'><strong>consolationem</strong></span> <span class='ocrx_word' id='word_1_352' title='bbox 942 3357 995 3410; x_wconf 90' lang='lat' dir='ltr'><strong>in</strong></span> <span class='ocrx_word' id='word_1_353' title='bbox 1027 3358 1252 3413; x_wconf 82' lang='lat' dir='ltr'><strong>exordio</strong></span> <span class='ocrx_word' id='word_1_354' title='bbox 1280 3360 1554 3416; x_wconf 85' lang='lat' dir='ltr'><strong>literarum</strong></span> <span class='ocrx_word' id='word_1_355' title='bbox 1583 3373 1779 3418; x_wconf 65' lang='lat' dir='ltr'><strong>vestrm.</strong></span> 
     </span>
    </p>
   </div>
   <div class='ocr_carea' id='block_1_53' title="bbox 159 3447 1777 3519">
    <p class='ocr_par' dir='ltr' id='par_1_53' title="bbox 159 3447 1777 3519">
     <span class='ocr_line' id='line_1_53' title="bbox 159 3447 1777 3519; baseline 0.005 -17"><span class='ocrx_word' id='word_1_356' title='bbox 159 3447 406 3502; x_wconf 84' lang='lat' dir='ltr'><strong>caritatis</strong></span> <span class='ocrx_word' id='word_1_357' title='bbox 433 3450 661 3518; x_wconf 89' lang='lat' dir='ltr'><strong>positam</strong></span> <span class='ocrx_word' id='word_1_358' title='bbox 695 3450 1027 3519; x_wconf 88' lang='lat' dir='ltr'><strong>propositum</strong></span> <span class='ocrx_word' id='word_1_359' title='bbox 1064 3461 1303 3506; x_wconf 89' lang='lat' dir='ltr'><strong>vestrum</strong></span> <span class='ocrx_word' id='word_1_360' title='bbox 1344 3453 1590 3508; x_wconf 88' lang='lat' dir='ltr'><strong>laudibus</strong></span> <span class='ocrx_word' id='word_1_361' title='bbox 1633 3455 1777 3510; x_wconf 89' lang='lat' dir='ltr'><strong>cele-</strong></span> 
     </span>
    </p>
   </div>
   <div class='ocr_carea' id='block_1_54' title="bbox 163 3541 1775 3616">
    <p class='ocr_par' dir='ltr' id='par_1_54' title="bbox 163 3541 1775 3616">
     <span class='ocr_line' id='line_1_54' title="bbox 163 3541 1775 3616; baseline 0.005 -23"><span class='ocrx_word' id='word_1_362' title='bbox 163 3541 388 3595; x_wconf 86' lang='lat' dir='ltr'><strong>brantes</strong></span> <span class='ocrx_word' id='word_1_363' title='bbox 418 3542 731 3611; x_wconf 87' lang='lat' dir='ltr'><strong>agnovimus</strong></span> <span class='ocrx_word' id='word_1_364' title='bbox 756 3584 769 3607; x_wconf 88' lang='lat'><strong>,</strong></span> <span class='ocrx_word' id='word_1_365' title='bbox 802 3543 982 3598; x_wconf 91' lang='lat' dir='ltr'><strong>multis</strong></span> <span class='ocrx_word' id='word_1_366' title='bbox 1012 3545 1332 3600; x_wconf 90' lang='lat' dir='ltr'><strong>testimoniis</strong></span> <span class='ocrx_word' id='word_1_367' title='bbox 1363 3545 1428 3600; x_wconf 90' lang='lat' dir='ltr'><strong>ad</strong></span> <span class='ocrx_word' id='word_1_368' title='bbox 1466 3547 1775 3616; x_wconf 87' lang='lat' dir='ltr'><strong>patientiam</strong></span> 
     </span>
    </p>
   </div>
   <div class='ocr_carea' id='block_1_55' title="bbox 163 3631 1775 3710">
    <p class='ocr_par' dir='ltr' id='par_1_55' title="bbox 163 3631 1775 3710">
     <span class='ocr_line' id='line_1_55' title="bbox 163 3631 1775 3710; baseline 0.006 -25"><span class='ocrx_word' id='word_1_369' title='bbox 163 3631 544 3688; x_wconf 87' lang='lat' dir='ltr'><strong>inducentibus</strong></span> <span class='ocrx_word' id='word_1_370' title='bbox 574 3634 892 3689; x_wconf 85' lang='lat' dir='ltr'><strong>instructum</strong></span> <span class='ocrx_word' id='word_1_371' title='bbox 921 3653 935 3700; x_wconf 90' lang='lat'><strong>;</strong></span> <span class='ocrx_word' id='word_1_372' title='bbox 981 3637 1046 3690; x_wconf 90' lang='lat' dir='ltr'><strong>ita</strong></span> <span class='ocrx_word' id='word_1_373' title='bbox 1080 3648 1135 3690; x_wconf 90' lang='lat' dir='ltr'><strong>ut</strong></span> <span class='ocrx_word' id='word_1_374' title='bbox 1165 3639 1586 3694; x_wconf 88' lang='lat' dir='ltr'><strong>consolationem</strong></span> <span class='ocrx_word' id='word_1_375' title='bbox 1615 3656 1775 3710; x_wconf 90' lang='lat' dir='ltr'><strong>quam</strong></span> 
     </span>
    </p>
   </div>
   <div class='ocr_carea' id='block_1_56' title="bbox 161 3725 1802 3799">
    <p class='ocr_par' dir='ltr' id='par_1_56' title="bbox 161 3725 1802 3799">
     <span class='ocr_line' id='line_1_56' title="bbox 161 3725 1802 3799; baseline 0.005 -21"><span class='ocrx_word' id='word_1_376' title='bbox 161 3738 265 3793; x_wconf 88' lang='lat' dir='ltr'><strong>per</strong></span> <span class='ocrx_word' id='word_1_377' title='bbox 295 3725 475 3780; x_wconf 84' lang='lat' dir='ltr'><strong>literas</strong></span> <span class='ocrx_word' id='word_1_378' title='bbox 503 3727 658 3780; x_wconf 85' lang='lat' dir='ltr'><strong>vobis</strong></span> <span class='ocrx_word' id='word_1_379' title='bbox 689 3727 817 3780; x_wconf 91' lang='lat' dir='ltr'><strong>dare</strong></span> <span class='ocrx_word' id='word_1_380' title='bbox 845 3727 1174 3782; x_wconf 87' lang='lat' dir='ltr'><strong>debebamus</strong></span> <span class='ocrx_word' id='word_1_381' title='bbox 1200 3771 1215 3795; x_wconf 91' lang='lat'><strong>,</strong></span> <span class='ocrx_word' id='word_1_382' title='bbox 1251 3730 1349 3799; x_wconf 88' lang='lat' dir='ltr'><strong>ipsi</strong></span> <span class='ocrx_word' id='word_1_383' title='bbox 1381 3730 1555 3785; x_wconf 90' lang='lat' dir='ltr'><strong>literis</strong></span> <span class='ocrx_word' id='word_1_384' title='bbox 1584 3733 1802 3797; x_wconf 84' lang='lat' dir='ltr'><strong>vestris</strong></span> 
     </span>
    </p>
   </div>
   <div class='ocr_carea' id='block_1_57' title="bbox 163 3817 1773 3894">
    <p class='ocr_par' dir='ltr' id='par_1_57' title="bbox 163 3817 1773 3894">
     <span class='ocr_line' id='line_1_57' title="bbox 163 3817 1773 3894; baseline 0.006 -24"><span class='ocrx_word' id='word_1_385' title='bbox 163 3817 554 3885; x_wconf 65' lang='lat' dir='ltr'><strong>praevencritis.</strong></span> <span class='ocrx_word' id='word_1_386' title='bbox 583 3817 735 3872; x_wconf 86' lang='lat' dir='ltr'><strong>Hanc</strong></span> <span class='ocrx_word' id='word_1_387' title='bbox 754 3819 950 3888; x_wconf 87' lang='lat' dir='ltr'><strong>quippe</strong></span> <span class='ocrx_word' id='word_1_388' title='bbox 975 3820 1232 3875; x_wconf 87' lang='lat' dir='ltr'><strong>Dominus</strong></span> <span class='ocrx_word' id='word_1_389' title='bbox 1255 3831 1438 3877; x_wconf 91' lang='lat' dir='ltr'><strong>noster</strong></span> <span class='ocrx_word' id='word_1_390' title='bbox 1464 3825 1773 3894; x_wconf 89' lang='lat' dir='ltr'><strong>patientiam</strong></span> 
     </span>
    </p>
   </div>
   <div class='ocr_carea' id='block_1_58' title="bbox 161 3907 1774 3979">
    <p class='ocr_par' dir='ltr' id='par_1_58' title="bbox 161 3907 1774 3979">
     <span class='ocr_line' id='line_1_58' title="bbox 161 3907 1774 3979; baseline 0.007 -19"><span class='ocrx_word' id='word_1_391' title='bbox 161 3907 534 3963; x_wconf 88' lang='lat' dir='ltr'><strong>laborantibus</strong></span> <span class='ocrx_word' id='word_1_392' title='bbox 587 3918 845 3979; x_wconf 70' lang='lat' dir='ltr'><strong>prmstare</strong></span> <span class='ocrx_word' id='word_1_393' title='bbox 884 3910 1063 3977; x_wconf 89' lang='lat' dir='ltr'><strong>solet,</strong></span> <span class='ocrx_word' id='word_1_394' title='bbox 1115 3921 1174 3967; x_wconf 91' lang='lat' dir='ltr'><strong>ut</strong></span> <span class='ocrx_word' id='word_1_395' title='bbox 1217 3914 1379 3968; x_wconf 89' lang='lat' dir='ltr'><strong>etiam</strong></span> <span class='ocrx_word' id='word_1_396' title='bbox 1424 3914 1476 3968; x_wconf 91' lang='lat' dir='ltr'><strong>in</strong></span> <span class='ocrx_word' id='word_1_397' title='bbox 1520 3916 1774 3972; x_wconf 76' lang='lat' dir='ltr'><strong>:crumnis</strong></span> 
     </span>
    </p>
   </div>
   <div class='ocr_carea' id='block_1_59' title="bbox 158 4001 1774 4078">
    <p class='ocr_par' dir='ltr' id='par_1_59' title="bbox 158 4001 1774 4078">
     <span class='ocr_line' id='line_1_59' title="bbox 158 4001 1774 4078; baseline 0.004 -23"><span class='ocrx_word' id='word_1_398' title='bbox 158 4001 486 4070; x_wconf 84' lang='lat' dir='ltr'><strong>semetipsos</strong></span> <span class='ocrx_word' id='word_1_399' title='bbox 527 4002 667 4056; x_wconf 90' lang='lat' dir='ltr'><strong>servi</strong></span> <span class='ocrx_word' id='word_1_400' title='bbox 709 4002 908 4057; x_wconf 83' lang='lat' dir='ltr'><strong>Christi</strong></span> <span class='ocrx_word' id='word_1_401' title='bbox 952 4004 1337 4072; x_wconf 90' lang='lat' dir='ltr'><strong>consolentur,</strong></span> <span class='ocrx_word' id='word_1_402' title='bbox 1385 4022 1568 4061; x_wconf 89' lang='lat' dir='ltr'><strong>secum</strong></span> <span class='ocrx_word' id='word_1_403' title='bbox 1613 4024 1774 4078; x_wconf 87' lang='lat' dir='ltr'><strong>repu-</strong></span> 
     </span>
    </p>
   </div>
   <div class='ocr_carea' id='block_1_60' title="bbox 159 4094 1773 4169">
    <p class='ocr_par' dir='ltr' id='par_1_60' title="bbox 159 4094 1773 4169">
     <span class='ocr_line' id='line_1_60' title="bbox 159 4094 1773 4169; baseline 0.006 -23"><span class='ocrx_word' id='word_1_404' title='bbox 159 4101 340 4148; x_wconf 83' lang='lat' dir='ltr'><strong>tantes</strong></span> <span class='ocrx_word' id='word_1_405' title='bbox 365 4107 427 4148; x_wconf 84' lang='lat' dir='ltr'><strong>ca</strong></span> <span class='ocrx_word' id='word_1_406' title='bbox 453 4134 469 4160; x_wconf 93' lang='lat'><strong>,</strong></span> <span class='ocrx_word' id='word_1_407' title='bbox 499 4109 617 4164; x_wconf 71' lang='lat' dir='ltr'><strong>qum</strong></span> <span class='ocrx_word' id='word_1_408' title='bbox 644 4094 744 4164; x_wconf 88' lang='lat' dir='ltr'><strong>ipsi</strong></span> <span class='ocrx_word' id='word_1_409' title='bbox 769 4095 1041 4164; x_wconf 90' lang='lat' dir='ltr'><strong>patiuntur</strong></span> <span class='ocrx_word' id='word_1_410' title='bbox 1064 4136 1081 4162; x_wconf 94' lang='lat'><strong>,</strong></span> <span class='ocrx_word' id='word_1_411' title='bbox 1107 4098 1307 4152; x_wconf 87' lang='lat' dir='ltr'><strong>sanctis</strong></span> <span class='ocrx_word' id='word_1_412' title='bbox 1333 4099 1462 4154; x_wconf 90' lang='lat' dir='ltr'><strong>viris</strong></span> <span class='ocrx_word' id='word_1_413' title='bbox 1483 4099 1592 4169; x_wconf 89' lang='lat' dir='ltr'><strong>jam</strong></span> <span class='ocrx_word' id='word_1_414' title='bbox 1615 4110 1773 4156; x_wconf 86' lang='lat' dir='ltr'><strong>antea</strong></span> 
     </span>
    </p>
   </div>
   <div class='ocr_carea' id='block_1_61' title="bbox 155 4185 1772 4259">
    <p class='ocr_par' dir='ltr' id='par_1_61' title="bbox 155 4185 1772 4259">
     <span class='ocr_line' id='line_1_61' title="bbox 155 4185 1772 4259; baseline 0.006 -20"><span class='ocrx_word' id='word_1_415' title='bbox 155 4185 468 4255; x_wconf 71' lang='lat' dir='ltr'><strong>contigisse.</strong></span> <span class='ocrx_word' id='word_1_416' title='bbox 504 4186 615 4240; x_wconf 91' lang='lat' dir='ltr'><strong>lmo</strong></span> <span class='ocrx_word' id='word_1_417' title='bbox 648 4203 745 4240; x_wconf 93' lang='lat' dir='ltr'><strong>nos</strong></span> <span class='ocrx_word' id='word_1_418' title='bbox 772 4188 933 4242; x_wconf 90' lang='lat' dir='ltr'><strong>etiam</strong></span> <span class='ocrx_word' id='word_1_419' title='bbox 964 4204 1028 4243; x_wconf 87' lang='lat' dir='ltr'><strong>ex</strong></span> <span class='ocrx_word' id='word_1_420' title='bbox 1063 4189 1192 4259; x_wconf 91' lang='lat' dir='ltr'><strong>ipsis</strong></span> <span class='ocrx_word' id='word_1_421' title='bbox 1219 4189 1390 4247; x_wconf 89' lang='lat' dir='ltr'><strong>literis</strong></span> <span class='ocrx_word' id='word_1_422' title='bbox 1415 4193 1612 4247; x_wconf 89' lang='lat' dir='ltr'><strong>vestris</strong></span> <span class='ocrx_word' id='word_1_423' title='bbox 1637 4209 1772 4248; x_wconf 85' lang='lat' dir='ltr'><strong>con-</strong></span> 
     </span>
    </p>
   </div>
   <div class='ocr_carea' id='block_1_62' title="bbox 155 4279 1773 4353">
    <p class='ocr_par' dir='ltr' id='par_1_62' title="bbox 155 4279 1773 4353">
     <span class='ocr_line' id='line_1_62' title="bbox 155 4279 1773 4353; baseline 0.005 -20"><span class='ocrx_word' id='word_1_424' title='bbox 155 4279 480 4334; x_wconf 83' lang='lat' dir='ltr'><strong>solationem</strong></span> <span class='ocrx_word' id='word_1_425' title='bbox 512 4281 835 4349; x_wconf 90' lang='lat' dir='ltr'><strong>depromere</strong></span> <span class='ocrx_word' id='word_1_426' title='bbox 865 4296 1149 4350; x_wconf 92' lang='lat' dir='ltr'><strong>possumus</strong></span> <span class='ocrx_word' id='word_1_427' title='bbox 1185 4299 1198 4336; x_wconf 89' lang='lat'><strong>:</strong></span> <span class='ocrx_word' id='word_1_428' title='bbox 1233 4299 1407 4353; x_wconf 90' lang='lat' dir='ltr'><strong>neque</strong></span> <span class='ocrx_word' id='word_1_429' title='bbox 1437 4286 1580 4340; x_wconf 91' lang='lat' dir='ltr'><strong>enim</strong></span> <span class='ocrx_word' id='word_1_430' title='bbox 1612 4300 1640 4338; x_wconf 88' lang='lat' dir='ltr'><strong>a</strong></span> <span class='ocrx_word' id='word_1_431' title='bbox 1673 4287 1773 4341; x_wconf 92' lang='lat' dir='ltr'><strong>do-</strong></span> 
     </span>
    </p>
   </div>
   <div class='ocr_carea' id='block_1_63' title="bbox 157 4369 1772 4447">
    <p class='ocr_par' dir='ltr' id='par_1_63' title="bbox 157 4369 1772 4447">
     <span class='ocr_line' id='line_1_63' title="bbox 157 4369 1772 4447; baseline 0.006 -23"><span class='ocrx_word' id='word_1_432' title='bbox 157 4372 287 4426; x_wconf 89' lang='lat' dir='ltr'><strong>loris</strong></span> <span class='ocrx_word' id='word_1_433' title='bbox 315 4369 478 4426; x_wconf 89' lang='lat' dir='ltr'><strong>vestri</strong></span> <span class='ocrx_word' id='word_1_434' title='bbox 507 4373 780 4427; x_wconf 88' lang='lat' dir='ltr'><strong>consortio</strong></span> <span class='ocrx_word' id='word_1_435' title='bbox 806 4373 966 4428; x_wconf 91' lang='lat' dir='ltr'><strong>alieni</strong></span> <span class='ocrx_word' id='word_1_436' title='bbox 985 4390 1194 4442; x_wconf 90' lang='lat' dir='ltr'><strong>sumus,</strong></span> <span class='ocrx_word' id='word_1_437' title='bbox 1225 4391 1348 4431; x_wconf 92' lang='lat' dir='ltr'><strong>cum</strong></span> <span class='ocrx_word' id='word_1_438' title='bbox 1375 4387 1429 4432; x_wconf 90' lang='lat' dir='ltr'><strong>et</strong></span> <span class='ocrx_word' id='word_1_439' title='bbox 1457 4378 1554 4447; x_wconf 88' lang='lat' dir='ltr'><strong>ipsi</strong></span> <span class='ocrx_word' id='word_1_440' title='bbox 1589 4379 1772 4433; x_wconf 88' lang='lat' dir='ltr'><strong>vobis-</strong></span> 
     </span>
    </p>
   </div>
   <div class='ocr_carea' id='block_1_64' title="bbox 154 4463 1772 4540">
    <p class='ocr_par' dir='ltr' id='par_1_64' title="bbox 154 4463 1772 4540">
     <span class='ocr_line' id='line_1_64' title="bbox 154 4463 1772 4540; baseline 0.006 -22"><span class='ocrx_word' id='word_1_441' title='bbox 154 4480 280 4539; x_wconf 87' lang='lat' dir='ltr'><strong>cum</strong></span> <span class='ocrx_word' id='word_1_442' title='bbox 309 4463 634 4520; x_wconf 88' lang='lat' dir='ltr'><strong>cruciemur.</strong></span> <span class='ocrx_word' id='word_1_443' title='bbox 666 4465 796 4533; x_wconf 87' lang='lat' dir='ltr'><strong>Quis</strong></span> <span class='ocrx_word' id='word_1_444' title='bbox 832 4467 976 4521; x_wconf 91' lang='lat' dir='ltr'><strong>enim</strong></span> <span class='ocrx_word' id='word_1_445' title='bbox 999 4466 1234 4522; x_wconf 81' lang='lat' dir='ltr'><strong>facinora</strong></span> <span class='ocrx_word' id='word_1_446' title='bbox 1263 4485 1448 4523; x_wconf 91' lang='lat' dir='ltr'><strong>eorum</strong></span> <span class='ocrx_word' id='word_1_447' title='bbox 1483 4469 1624 4526; x_wconf 90' lang='lat' dir='ltr'><strong>ferre</strong></span> <span class='ocrx_word' id='word_1_448' title='bbox 1650 4487 1772 4540; x_wconf 91' lang='lat' dir='ltr'><strong>pos-</strong></span> 
     </span>
    </p>
   </div>
   <div class='ocr_carea' id='block_1_65' title="bbox 155 4556 1774 4633">
    <p class='ocr_par' dir='ltr' id='par_1_65' title="bbox 155 4556 1774 4633">
     <span class='ocr_line' id='line_1_65' title="bbox 155 4556 1774 4633; baseline 0.007 -24"><span class='ocrx_word' id='word_1_449' title='bbox 155 4556 230 4610; x_wconf 90' lang='lat' dir='ltr'><strong>sit</strong></span> <span class='ocrx_word' id='word_1_450' title='bbox 253 4597 270 4623; x_wconf 90' lang='lat'><strong>,</strong></span> <span class='ocrx_word' id='word_1_451' title='bbox 300 4570 435 4626; x_wconf 92' lang='lat' dir='ltr'><strong>quos</strong></span> <span class='ocrx_word' id='word_1_452' title='bbox 474 4557 526 4611; x_wconf 92' lang='lat' dir='ltr'><strong>in</strong></span> <span class='ocrx_word' id='word_1_453' title='bbox 573 4557 758 4626; x_wconf 90' lang='lat' dir='ltr'><strong>primis</strong></span> <span class='ocrx_word' id='word_1_454' title='bbox 797 4557 1027 4614; x_wconf 90' lang='lat' dir='ltr'><strong>decebat</strong></span> <span class='ocrx_word' id='word_1_455' title='bbox 1065 4561 1505 4631; x_wconf 86' lang='lat' dir='ltr'><strong>tranquillitatis,</strong></span> <span class='ocrx_word' id='word_1_456' title='bbox 1548 4565 1692 4633; x_wconf 85' lang='lat' dir='ltr'><strong>pacis</strong></span> <span class='ocrx_word' id='word_1_457' title='bbox 1719 4575 1774 4620; x_wconf 91' lang='lat' dir='ltr'><strong>et</strong></span> 
     </span>
    </p>
   </div>
   <div class='ocr_carea' id='block_1_66' title="bbox 155 4645 1769 4723">
    <p class='ocr_par' dir='ltr' id='par_1_66' title="bbox 155 4645 1769 4723">
     <span class='ocr_line' id='line_1_66' title="bbox 155 4645 1769 4723; baseline 0.006 -22"><span class='ocrx_word' id='word_1_458' title='bbox 155 4645 463 4702; x_wconf 73' lang='lat' dir='ltr'><strong>concordia:</strong></span> <span class='ocrx_word' id='word_1_459' title='bbox 491 4647 761 4703; x_wconf 90' lang='lat' dir='ltr'><strong>studiosos</strong></span> <span class='ocrx_word' id='word_1_460' title='bbox 791 4651 956 4705; x_wconf 83' lang='lat' dir='ltr'><strong>esse?</strong></span> <span class='ocrx_word' id='word_1_461' title='bbox 987 4651 1138 4706; x_wconf 88' lang='lat' dir='ltr'><strong>Nunc</strong></span> <span class='ocrx_word' id='word_1_462' title='bbox 1169 4664 1498 4723; x_wconf 83' lang='lat' dir='ltr'><strong>praepostero</strong></span> <span class='ocrx_word' id='word_1_463' title='bbox 1528 4671 1676 4711; x_wconf 90' lang='lat' dir='ltr'><strong>more</strong></span> <span class='ocrx_word' id='word_1_464' title='bbox 1705 4673 1769 4711; x_wconf 83' lang='lat' dir='ltr'><strong>ex</strong></span> 
     </span>
    </p>
   </div>
   <div class='ocr_carea' id='block_1_67' title="bbox 157 4741 1770 4811">
    <p class='ocr_par' dir='ltr' id='par_1_67' title="bbox 157 4741 1770 4811">
     <span class='ocr_line' id='line_1_67' title="bbox 157 4741 1770 4811; baseline 0.005 -15"><span class='ocrx_word' id='word_1_465' title='bbox 157 4741 381 4811; x_wconf 75' lang='lat' dir='ltr'><strong>sedibus</strong></span> <span class='ocrx_word' id='word_1_466' title='bbox 423 4742 784 4797; x_wconf 87' lang='lat' dir='ltr'><strong>Ecclesiarum</strong></span> <span class='ocrx_word' id='word_1_467' title='bbox 823 4759 1041 4799; x_wconf 90' lang='lat' dir='ltr'><strong>suarum</strong></span> <span class='ocrx_word' id='word_1_468' title='bbox 1072 4747 1424 4801; x_wconf 79' lang='lat' dir='ltr'><strong>exturbantur</strong></span> <span class='ocrx_word' id='word_1_469' title='bbox 1463 4749 1770 4804; x_wconf 90' lang='lat' dir='ltr'><strong>sacerdotes</strong></span> 
     </span>
    </p>
   </div>
   <div class='ocr_carea' id='block_1_68' title="bbox 157 4834 1768 4908">
    <p class='ocr_par' dir='ltr' id='par_1_68' title="bbox 157 4834 1768 4908">
     <span class='ocr_line' id='line_1_68' title="bbox 157 4834 1768 4908; baseline 0.004 -20"><span class='ocrx_word' id='word_1_470' title='bbox 157 4836 423 4890; x_wconf 88' lang='lat' dir='ltr'><strong>insontes.</strong></span> <span class='ocrx_word' id='word_1_471' title='bbox 458 4834 608 4902; x_wconf 84' lang='lat' dir='ltr'><strong>Quod</strong></span> <span class='ocrx_word' id='word_1_472' title='bbox 640 4835 853 4904; x_wconf 90' lang='lat' dir='ltr'><strong>quidem</strong></span> <span class='ocrx_word' id='word_1_473' title='bbox 888 4837 1091 4906; x_wconf 88' lang='lat' dir='ltr'><strong>primus</strong></span> <span class='ocrx_word' id='word_1_474' title='bbox 1129 4837 1324 4906; x_wconf 87' lang='lat' dir='ltr'><strong>injuste</strong></span> <span class='ocrx_word' id='word_1_475' title='bbox 1365 4854 1652 4908; x_wconf 89' lang='lat' dir='ltr'><strong>perpessus</strong></span> <span class='ocrx_word' id='word_1_476' title='bbox 1689 4852 1768 4895; x_wconf 87' lang='lat' dir='ltr'><strong>est</strong></span> 
     </span>
    </p>
   </div>
   <div class='ocr_carea' id='block_1_69' title="bbox 155 4927 1768 5002">
    <p class='ocr_par' dir='ltr' id='par_1_69' title="bbox 155 4927 1768 5002">
     <span class='ocr_line' id='line_1_69' title="bbox 155 4927 1768 5002; baseline 0.004 -21"><span class='ocrx_word' id='word_1_477' title='bbox 155 4927 322 4982; x_wconf 79' lang='lat' dir='ltr'><strong>frater</strong></span> <span class='ocrx_word' id='word_1_478' title='bbox 364 4937 418 4980; x_wconf 91' lang='lat' dir='ltr'><strong>et</strong></span> <span class='ocrx_word' id='word_1_479' title='bbox 443 4927 813 4982; x_wconf 91' lang='lat' dir='ltr'><strong>comminister</strong></span> <span class='ocrx_word' id='word_1_480' title='bbox 839 4939 1027 4983; x_wconf 90' lang='lat' dir='ltr'><strong>noster</strong></span> <span class='ocrx_word' id='word_1_481' title='bbox 1072 4929 1309 4984; x_wconf 89' lang='lat' dir='ltr'><strong>Joannes</strong></span> <span class='ocrx_word' id='word_1_482' title='bbox 1356 4929 1639 5002; x_wconf 89' lang='lat' dir='ltr'><strong>cpiscopus</strong></span> <span class='ocrx_word' id='word_1_483' title='bbox 1679 4949 1768 4987; x_wconf 86' lang='lat' dir='ltr'><strong>ve-</strong></span> 
     </span>
    </p>
   </div>
   <div class='ocr_carea' id='block_1_70' title="bbox 151 5020 1767 5091">
    <p class='ocr_par' dir='ltr' id='par_1_70' title="bbox 151 5020 1767 5091">
     <span class='ocr_line' id='line_1_70' title="bbox 151 5020 1767 5091; baseline 0.006 -17"><span class='ocrx_word' id='word_1_484' title='bbox 151 5031 264 5074; x_wconf 76' lang='lat' dir='ltr'><strong>ster</strong></span> <span class='ocrx_word' id='word_1_485' title='bbox 288 5062 301 5083; x_wconf 89' lang='lat'><strong>,</strong></span> <span class='ocrx_word' id='word_1_486' title='bbox 333 5020 423 5091; x_wconf 89' lang='lat' dir='ltr'><strong>qui</strong></span> <span class='ocrx_word' id='word_1_487' title='bbox 454 5036 560 5074; x_wconf 92' lang='lat' dir='ltr'><strong>non</strong></span> <span class='ocrx_word' id='word_1_488' title='bbox 589 5021 801 5076; x_wconf 88' lang='lat' dir='ltr'><strong>auditus</strong></span> <span class='ocrx_word' id='word_1_489' title='bbox 844 5023 894 5075; x_wconf 92' lang='lat' dir='ltr'><strong>in</strong></span> <span class='ocrx_word' id='word_1_490' title='bbox 919 5023 1120 5090; x_wconf 91' lang='lat' dir='ltr'><strong>judicio</strong></span> <span class='ocrx_word' id='word_1_491' title='bbox 1149 5024 1245 5078; x_wconf 89' lang='lat' dir='ltr'><strong>fuit</strong></span> <span class='ocrx_word' id='word_1_492' title='bbox 1281 5043 1292 5079; x_wconf 95' lang='lat'><strong>:</strong></span> <span class='ocrx_word' id='word_1_493' title='bbox 1325 5026 1529 5080; x_wconf 91' lang='lat' dir='ltr'><strong>nullum</strong></span> <span class='ocrx_word' id='word_1_494' title='bbox 1562 5031 1767 5083; x_wconf 89' lang='lat' dir='ltr'><strong>crimen</strong></span> 
     </span>
    </p>
   </div>
   <div class='ocr_carea' id='block_1_71' title="bbox 151 5111 1766 5190">
    <p class='ocr_par' dir='ltr' id='par_1_71' title="bbox 151 5111 1766 5190">
     <span class='ocr_line' id='line_1_71' title="bbox 151 5111 1766 5190; baseline 0.006 -26"><span class='ocrx_word' id='word_1_495' title='bbox 151 5111 423 5180; x_wconf 88' lang='lat' dir='ltr'><strong>profertur</strong></span> <span class='ocrx_word' id='word_1_496' title='bbox 448 5155 463 5180; x_wconf 92' lang='lat'><strong>,</strong></span> <span class='ocrx_word' id='word_1_497' title='bbox 499 5113 702 5168; x_wconf 90' lang='lat' dir='ltr'><strong>nullum</strong></span> <span class='ocrx_word' id='word_1_498' title='bbox 734 5114 969 5170; x_wconf 88' lang='lat' dir='ltr'><strong>auditur.</strong></span> <span class='ocrx_word' id='word_1_499' title='bbox 1001 5116 1282 5183; x_wconf 87' lang='lat' dir='ltr'><strong>Quodnam</strong></span> <span class='ocrx_word' id='word_1_500' title='bbox 1312 5117 1417 5174; x_wconf 93' lang='lat' dir='ltr'><strong>hoc</strong></span> <span class='ocrx_word' id='word_1_501' title='bbox 1459 5130 1544 5175; x_wconf 91' lang='lat' dir='ltr'><strong>est</strong></span> <span class='ocrx_word' id='word_1_502' title='bbox 1582 5122 1766 5190; x_wconf 88' lang='lat' dir='ltr'><strong>perni-</strong></span> 
     </span>
    </p>
   </div>
   <div class='ocr_carea' id='block_1_72' title="bbox 151 5204 1766 5283">
    <p class='ocr_par' dir='ltr' id='par_1_72' title="bbox 151 5204 1766 5283">
     <span class='ocr_line' id='line_1_72' title="bbox 151 5204 1766 5283; baseline 0.006 -25"><span class='ocrx_word' id='word_1_503' title='bbox 151 5204 361 5259; x_wconf 89' lang='lat' dir='ltr'><strong>ciosum</strong></span> <span class='ocrx_word' id='word_1_504' title='bbox 393 5204 818 5261; x_wconf 84' lang='lat' dir='ltr'><strong>consilium?Ut</strong></span> <span class='ocrx_word' id='word_1_505' title='bbox 843 5224 911 5263; x_wconf 91' lang='lat' dir='ltr'><strong>ne</strong></span> <span class='ocrx_word' id='word_1_506' title='bbox 955 5209 1038 5263; x_wconf 89' lang='lat' dir='ltr'><strong>vel</strong></span> <span class='ocrx_word' id='word_1_507' title='bbox 1080 5219 1328 5279; x_wconf 88' lang='lat' dir='ltr'><strong>suppetat</strong></span> <span class='ocrx_word' id='word_1_508' title='bbox 1368 5213 1451 5266; x_wconf 89' lang='lat' dir='ltr'><strong>vel</strong></span> <span class='ocrx_word' id='word_1_509' title='bbox 1495 5225 1766 5283; x_wconf 70' lang='lat' dir='ltr'><strong>qumratur</strong></span> 
     </span>
    </p>
   </div>
   <div class='ocr_carea' id='block_1_73' title="bbox 151 5295 1759 5364">
    <p class='ocr_par' dir='ltr' id='par_1_73' title="bbox 151 5295 1759 5364">
     <span class='ocr_line' id='line_1_73' title="bbox 151 5295 1759 5364; baseline 0.006 -14"><span class='ocrx_word' id='word_1_510' title='bbox 151 5296 365 5351; x_wconf 68' lang='lat' dir='ltr'><strong>occasio</strong></span> <span class='ocrx_word' id='word_1_511' title='bbox 388 5295 571 5364; x_wconf 88' lang='lat' dir='ltr'><strong>judicii</strong></span> <span class='ocrx_word' id='word_1_512' title='bbox 601 5337 615 5360; x_wconf 94' lang='lat'><strong>,</strong></span> <span class='ocrx_word' id='word_1_513' title='bbox 657 5296 709 5350; x_wconf 91' lang='lat' dir='ltr'><strong>in</strong></span> <span class='ocrx_word' id='word_1_514' title='bbox 753 5297 925 5354; x_wconf 92' lang='lat' dir='ltr'><strong>locum</strong></span> <span class='ocrx_word' id='word_1_515' title='bbox 959 5301 1254 5356; x_wconf 80' lang='lat' dir='ltr'><strong>viventium</strong></span> <span class='ocrx_word' id='word_1_516' title='bbox 1298 5304 1640 5358; x_wconf 89' lang='lat' dir='ltr'><strong>sacerdotum</strong></span> <span class='ocrx_word' id='word_1_517' title='bbox 1670 5305 1759 5359; x_wconf 91' lang='lat' dir='ltr'><strong>alii</strong></span> 
     </span>
    </p>
   </div>
   <div class='ocr_carea' id='block_1_74' title="bbox 151 5387 1757 5463">
    <p class='ocr_par' dir='ltr' id='par_1_74' title="bbox 151 5387 1757 5463">
     <span class='ocr_line' id='line_1_74' title="bbox 151 5387 1757 5463; baseline 0.007 -23"><span class='ocrx_word' id='word_1_518' title='bbox 151 5387 586 5444; x_wconf 89' lang='lat' dir='ltr'><strong>substituuntur:</strong></span> <span class='ocrx_word' id='word_1_519' title='bbox 621 5391 770 5460; x_wconf 88' lang='lat' dir='ltr'><strong>quasi</strong></span> <span class='ocrx_word' id='word_1_520' title='bbox 803 5407 931 5446; x_wconf 90' lang='lat' dir='ltr'><strong>vero</strong></span> <span class='ocrx_word' id='word_1_521' title='bbox 963 5393 996 5447; x_wconf 93' lang='lat' dir='ltr'><strong>ii</strong></span> <span class='ocrx_word' id='word_1_522' title='bbox 1025 5394 1115 5463; x_wconf 90' lang='lat' dir='ltr'><strong>qui</strong></span> <span class='ocrx_word' id='word_1_523' title='bbox 1155 5394 1222 5450; x_wconf 90' lang='lat' dir='ltr'><strong>ab</strong></span> <span class='ocrx_word' id='word_1_524' title='bbox 1259 5394 1360 5450; x_wconf 94' lang='lat' dir='ltr'><strong>hoc</strong></span> <span class='ocrx_word' id='word_1_525' title='bbox 1392 5396 1630 5453; x_wconf 85' lang='lat' dir='ltr'><strong>facinore</strong></span> <span class='ocrx_word' id='word_1_526' title='bbox 1659 5415 1757 5452; x_wconf 89' lang='lat' dir='ltr'><strong>au-</strong></span> 
     </span>
    </p>
   </div>
   <div class='ocr_carea' id='block_1_75' title="bbox 149 5480 1756 5560">
    <p class='ocr_par' dir='ltr' id='par_1_75' title="bbox 149 5480 1756 5560">
     <span class='ocr_line' id='line_1_75' title="bbox 149 5480 1756 5560; baseline 0.008 -28"><span class='ocrx_word' id='word_1_527' title='bbox 149 5480 337 5549; x_wconf 86' lang='lat' dir='ltr'><strong>spicati</strong></span> <span class='ocrx_word' id='word_1_528' title='bbox 369 5490 532 5548; x_wconf 92' lang='lat' dir='ltr'><strong>sunt,</strong></span> <span class='ocrx_word' id='word_1_529' title='bbox 580 5483 779 5553; x_wconf 87' lang='lat' dir='ltr'><strong>aliquid</strong></span> <span class='ocrx_word' id='word_1_530' title='bbox 812 5485 936 5540; x_wconf 92' lang='lat' dir='ltr'><strong>boui</strong></span> <span class='ocrx_word' id='word_1_531' title='bbox 967 5487 1164 5543; x_wconf 89' lang='lat' dir='ltr'><strong>habere</strong></span> <span class='ocrx_word' id='word_1_532' title='bbox 1192 5531 1206 5554; x_wconf 93' lang='lat'><strong>,</strong></span> <span class='ocrx_word' id='word_1_533' title='bbox 1253 5498 1346 5543; x_wconf 92' lang='lat' dir='ltr'><strong>aut</strong></span> <span class='ocrx_word' id='word_1_534' title='bbox 1382 5491 1578 5560; x_wconf 90' lang='lat' dir='ltr'><strong>aliquid</strong></span> <span class='ocrx_word' id='word_1_535' title='bbox 1629 5494 1756 5546; x_wconf 90' lang='lat' dir='ltr'><strong>recti</strong></span> 
     </span>
    </p>
   </div>
   <div class='ocr_carea' id='block_1_76' title="bbox 149 5573 1758 5653">
    <p class='ocr_par' dir='ltr' id='par_1_76' title="bbox 149 5573 1758 5653">
     <span class='ocr_line' id='line_1_76' title="bbox 149 5573 1758 5653; baseline 0.01 -28"><span class='ocrx_word' id='word_1_536' title='bbox 149 5573 323 5642; x_wconf 80' lang='lat' dir='ltr'><strong>egisse</strong></span> <span class='ocrx_word' id='word_1_537' title='bbox 348 5616 363 5640; x_wconf 90' lang='lat'><strong>,</strong></span> <span class='ocrx_word' id='word_1_538' title='bbox 396 5589 425 5627; x_wconf 91' lang='lat' dir='ltr'><strong>a</strong></span> <span class='ocrx_word' id='word_1_539' title='bbox 454 5589 722 5645; x_wconf 85' lang='lat' dir='ltr'><strong>quoquam</strong></span> <span class='ocrx_word' id='word_1_540' title='bbox 745 5577 973 5648; x_wconf 88' lang='lat' dir='ltr'><strong>judicari</strong></span> <span class='ocrx_word' id='word_1_541' title='bbox 1004 5582 1226 5649; x_wconf 90' lang='lat' dir='ltr'><strong>possint.</strong></span> <span class='ocrx_word' id='word_1_542' title='bbox 1259 5582 1442 5653; x_wconf 86' lang='lat' dir='ltr'><strong>Neque</strong></span> <span class='ocrx_word' id='word_1_543' title='bbox 1468 5585 1608 5637; x_wconf 90' lang='lat' dir='ltr'><strong>enim</strong></span> <span class='ocrx_word' id='word_1_544' title='bbox 1639 5587 1758 5640; x_wconf 90' lang='lat' dir='ltr'><strong>talia</strong></span> 
     </span>
    </p>
   </div>
   <div class='ocr_carea' id='block_1_77' title="bbox 150 5669 1754 5746">
    <p class='ocr_par' dir='ltr' id='par_1_77' title="bbox 150 5669 1754 5746">
     <span class='ocr_line' id='line_1_77' title="bbox 150 5669 1754 5746; baseline 0.011 -29"><span class='ocrx_word' id='word_1_545' title='bbox 150 5679 401 5735; x_wconf 88' lang='lat' dir='ltr'><strong>umquam</strong></span> <span class='ocrx_word' id='word_1_546' title='bbox 429 5681 457 5720; x_wconf 86' lang='lat' dir='ltr'><strong>a</strong></span> <span class='ocrx_word' id='word_1_547' title='bbox 484 5669 721 5735; x_wconf 87' lang='lat' dir='ltr'><strong>patribus</strong></span> <span class='ocrx_word' id='word_1_548' title='bbox 764 5671 963 5726; x_wconf 87' lang='lat' dir='ltr'><strong>nostris</strong></span> <span class='ocrx_word' id='word_1_549' title='bbox 1003 5683 1151 5741; x_wconf 80' lang='lat' dir='ltr'><strong>gesta</strong></span> <span class='ocrx_word' id='word_1_550' title='bbox 1192 5690 1312 5729; x_wconf 89' lang='lat' dir='ltr'><strong>esse</strong></span> <span class='ocrx_word' id='word_1_551' title='bbox 1354 5680 1754 5746; x_wconf 84' lang='lat' dir='ltr'><strong>comperimus;</strong></span> 
     </span>
    </p>
   </div>
   <div class='ocr_carea' id='block_1_78' title="bbox 150 5757 1758 5830">
    <p class='ocr_par' dir='ltr' id='par_1_78' title="bbox 150 5757 1758 5830">
     <span class='ocr_line' id='line_1_78' title="bbox 150 5757 1758 5830; baseline 0.009 -20"><span class='ocrx_word' id='word_1_552' title='bbox 150 5757 276 5826; x_wconf 84' lang='lat' dir='ltr'><strong>quin</strong></span> <span class='ocrx_word' id='word_1_553' title='bbox 304 5759 480 5826; x_wconf 89' lang='lat' dir='ltr'><strong>potius</strong></span> <span class='ocrx_word' id='word_1_554' title='bbox 504 5774 566 5814; x_wconf 90' lang='lat' dir='ltr'><strong>ea</strong></span> <span class='ocrx_word' id='word_1_555' title='bbox 596 5762 858 5830; x_wconf 90' lang='lat' dir='ltr'><strong>prohibita</strong></span> <span class='ocrx_word' id='word_1_556' title='bbox 907 5773 1068 5830; x_wconf 84' lang='lat' dir='ltr'><strong>sunt,</strong></span> <span class='ocrx_word' id='word_1_557' title='bbox 1116 5782 1237 5820; x_wconf 88' lang='lat' dir='ltr'><strong>cum</strong></span> <span class='ocrx_word' id='word_1_558' title='bbox 1287 5771 1485 5824; x_wconf 86' lang='lat' dir='ltr'><strong>nemini</strong></span> <span class='ocrx_word' id='word_1_559' title='bbox 1534 5771 1758 5826; x_wconf 87' lang='lat' dir='ltr'><strong>facultas</strong></span> 
     </span>
    </p>
   </div>
   <div class='ocr_carea' id='block_1_79' title="bbox 155 5845 1762 5927">
    <p class='ocr_par' dir='ltr' id='par_1_79' title="bbox 155 5845 1762 5927">
     <span class='ocr_line' id='line_1_79' title="bbox 155 5845 1762 5927; baseline 0.012 -31"><span class='ocrx_word' id='word_1_560' title='bbox 155 5847 274 5898; x_wconf 84' lang='lat' dir='ltr'><strong>data</strong></span> <span class='ocrx_word' id='word_1_561' title='bbox 305 5845 375 5900; x_wconf 86' lang='lat' dir='ltr'><strong>sit</strong></span> <span class='ocrx_word' id='word_1_562' title='bbox 400 5846 561 5900; x_wconf 90' lang='lat' dir='ltr'><strong>alium</strong></span> <span class='ocrx_word' id='word_1_563' title='bbox 587 5849 870 5904; x_wconf 84' lang='lat' dir='ltr'><strong>ordinandi</strong></span> <span class='ocrx_word' id='word_1_564' title='bbox 901 5853 951 5905; x_wconf 91' lang='lat' dir='ltr'><strong>in</strong></span> <span class='ocrx_word' id='word_1_565' title='bbox 981 5852 1153 5906; x_wconf 86' lang='lat' dir='ltr'><strong>locum</strong></span> <span class='ocrx_word' id='word_1_566' title='bbox 1186 5856 1410 5910; x_wconf 76' lang='lat' dir='ltr'><strong>viventis</strong></span> <span class='ocrx_word' id='word_1_567' title='bbox 1431 5859 1725 5927; x_wconf 82' lang='lat' dir='ltr'><strong>cujuspiaut</strong></span> <span class='ocrx_word' id='word_1_568' title='bbox 1746 5900 1762 5916; x_wconf 92' lang='lat'><strong>.</strong></span> 
     </span>
    </p>
   </div>
   <div class='ocr_carea' id='block_1_80' title="bbox 155 5937 1761 6023">
    <p class='ocr_par' dir='ltr' id='par_1_80' title="bbox 155 5937 1761 6023">
     <span class='ocr_line' id='line_1_80' title="bbox 155 5937 1761 6023; baseline 0.009 -31"><span class='ocrx_word' id='word_1_569' title='bbox 155 5937 336 6010; x_wconf 80' lang='lat' dir='ltr'><strong>Neque</strong></span> <span class='ocrx_word' id='word_1_570' title='bbox 363 5939 505 5994; x_wconf 85' lang='lat' dir='ltr'><strong>enim</strong></span> <span class='ocrx_word' id='word_1_571' title='bbox 536 5941 766 6011; x_wconf 88' lang='lat' dir='ltr'><strong>reproba</strong></span> <span class='ocrx_word' id='word_1_572' title='bbox 809 5944 1075 6001; x_wconf 84' lang='lat' dir='ltr'><strong>ordinatio</strong></span> <span class='ocrx_word' id='word_1_573' title='bbox 1116 5948 1410 6007; x_wconf 67' lang='lat' dir='ltr'><strong>sacerdotis</strong></span> <span class='ocrx_word' id='word_1_574' title='bbox 1453 5951 1761 6023; x_wconf 82' lang='lat' dir='ltr'><strong>dignitatem</strong></span> 
     </span>
    </p>
   </div>
   <div class='ocr_carea' id='block_1_81' title="bbox 1889 2601 3514 2676">
    <p class='ocr_par' dir='ltr' id='par_1_81' title="bbox 1889 2601 3514 2676">
     <span class='ocr_line' id='line_1_81' title="bbox 1889 2601 3514 2676; baseline -0.006 -17"><span class='ocrx_word' id='word_1_575' title='bbox 1889 2607 2103 2660; x_wconf 74' lang='lat' dir='ltr'><strong>auferre</strong></span> <span class='ocrx_word' id='word_1_576' title='bbox 2131 2614 2308 2676; x_wconf 88' lang='lat' dir='ltr'><strong>potest</strong></span> <span class='ocrx_word' id='word_1_577' title='bbox 2340 2621 2352 2658; x_wconf 89' lang='lat'>:</span> <span class='ocrx_word' id='word_1_578' title='bbox 2383 2602 2819 2674; x_wconf 90' lang='lat' dir='ltr'><strong>quandoquidem</strong></span> <span class='ocrx_word' id='word_1_579' title='bbox 2857 2601 3145 2671; x_wconf 90' lang='lat' dir='ltr'><strong>episcopus</strong></span> <span class='ocrx_word' id='word_1_580' title='bbox 3183 2613 3288 2652; x_wconf 93' lang='lat' dir='ltr'><strong>non</strong></span> <span class='ocrx_word' id='word_1_581' title='bbox 3334 2604 3514 2667; x_wconf 89' lang='lat' dir='ltr'><strong>potest</strong></span> 
     </span>
    </p>
   </div>
   <div class='ocr_carea' id='block_1_82' title="bbox 1890 2693 3508 2768">
    <p class='ocr_par' dir='ltr' id='par_1_82' title="bbox 1890 2693 3508 2768">
     <span class='ocr_line' id='line_1_82' title="bbox 1890 2693 3508 2768; baseline -0.006 -15"><span class='ocrx_word' id='word_1_582' title='bbox 1890 2713 2013 2753; x_wconf 90' lang='lat' dir='ltr'><strong>esse</strong></span> <span class='ocrx_word' id='word_1_583' title='bbox 2042 2699 2084 2751; x_wconf 91' lang='lat' dir='ltr'><strong>is</strong></span> <span class='ocrx_word' id='word_1_584' title='bbox 2113 2699 2199 2768; x_wconf 91' lang='lat' dir='ltr'><strong>qui</strong></span> <span class='ocrx_word' id='word_1_585' title='bbox 2235 2699 2430 2767; x_wconf 87' lang='lat' dir='ltr'><strong>injuste</strong></span> <span class='ocrx_word' id='word_1_586' title='bbox 2457 2698 2820 2753; x_wconf 80' lang='lat' dir='ltr'><strong>substituitur.</strong></span> <span class='ocrx_word' id='word_1_587' title='bbox 2847 2697 3117 2761; x_wconf 85' lang='lat' dir='ltr'><strong>Quantum</strong></span> <span class='ocrx_word' id='word_1_588' title='bbox 3147 2693 3213 2747; x_wconf 90' lang='lat' dir='ltr'><strong>ad</strong></span> <span class='ocrx_word' id='word_1_589' title='bbox 3239 2707 3508 2747; x_wconf 85' lang='lat' dir='ltr'><strong>canonum</strong></span> 
     </span>
    </p>
   </div>
   <div class='ocr_carea' id='block_1_83' title="bbox 1889 2784 3510 2857">
    <p class='ocr_par' dir='ltr' id='par_1_83' title="bbox 1889 2784 3510 2857">
     <span class='ocr_line' id='line_1_83' title="bbox 1889 2784 3510 2857; baseline -0.004 -14"><span class='ocrx_word' id='word_1_590' title='bbox 1889 2788 2286 2843; x_wconf 89' lang='lat' dir='ltr'><strong>observantiam</strong></span> <span class='ocrx_word' id='word_1_591' title='bbox 2337 2791 2568 2854; x_wconf 88' lang='lat' dir='ltr'><strong>attinet,</strong></span> <span class='ocrx_word' id='word_1_592' title='bbox 2616 2790 2746 2844; x_wconf 84' lang='lat' dir='ltr'><strong>solis</strong></span> <span class='ocrx_word' id='word_1_593' title='bbox 2796 2789 2901 2842; x_wconf 91' lang='lat' dir='ltr'><strong>illis</strong></span> <span class='ocrx_word' id='word_1_594' title='bbox 2937 2785 3232 2857; x_wconf 86' lang='lat' dir='ltr'><strong>parendum</strong></span> <span class='ocrx_word' id='word_1_595' title='bbox 3277 2784 3510 2840; x_wconf 81' lang='lat' dir='ltr'><strong>dicimus</strong></span> 
     </span>
    </p>
   </div>
   <div class='ocr_carea' id='block_1_84' title="bbox 1889 2880 3514 2952">
    <p class='ocr_par' dir='ltr' id='par_1_84' title="bbox 1889 2880 3514 2952">
     <span class='ocr_line' id='line_1_84' title="bbox 1889 2880 3514 2952; baseline -0.003 -17"><span class='ocrx_word' id='word_1_596' title='bbox 1889 2883 1978 2952; x_wconf 90' lang='lat' dir='ltr'><strong>qui</strong></span> <span class='ocrx_word' id='word_1_597' title='bbox 2006 2881 2199 2936; x_wconf 70' lang='lat' dir='ltr'><strong>Nicrern</strong></span> <span class='ocrx_word' id='word_1_598' title='bbox 2231 2882 2436 2937; x_wconf 88' lang='lat' dir='ltr'><strong>definiti</strong></span> <span class='ocrx_word' id='word_1_599' title='bbox 2464 2892 2591 2937; x_wconf 88' lang='lat' dir='ltr'><strong>sunt</strong></span> <span class='ocrx_word' id='word_1_600' title='bbox 2623 2901 2634 2935; x_wconf 90' lang='lat'>:</span> <span class='ocrx_word' id='word_1_601' title='bbox 2671 2897 2808 2951; x_wconf 90' lang='lat' dir='ltr'><strong>quos</strong></span> <span class='ocrx_word' id='word_1_602' title='bbox 2839 2881 2984 2936; x_wconf 90' lang='lat' dir='ltr'><strong>solos</strong></span> <span class='ocrx_word' id='word_1_603' title='bbox 3012 2880 3207 2935; x_wconf 91' lang='lat' dir='ltr'><strong>sectari</strong></span> <span class='ocrx_word' id='word_1_604' title='bbox 3251 2888 3305 2934; x_wconf 89' lang='lat' dir='ltr'><strong>et</strong></span> <span class='ocrx_word' id='word_1_605' title='bbox 3345 2895 3514 2950; x_wconf 85' lang='lat' dir='ltr'><strong>agno-</strong></span> 
     </span>
    </p>
   </div>
   <div class='ocr_carea' id='block_1_85' title="bbox 1893 2971 3510 3043">
    <p class='ocr_par' dir='ltr' id='par_1_85' title="bbox 1893 2971 3510 3043">
     <span class='ocr_line' id='line_1_85' title="bbox 1893 2971 3510 3043; baseline -0.002 -15"><span class='ocrx_word' id='word_1_606' title='bbox 1893 2989 2050 3030; x_wconf 88' lang='lat' dir='ltr'><strong>scere</strong></span> <span class='ocrx_word' id='word_1_607' title='bbox 2080 2975 2244 3030; x_wconf 86' lang='lat' dir='ltr'><strong>debet</strong></span> <span class='ocrx_word' id='word_1_608' title='bbox 2274 2976 2540 3029; x_wconf 88' lang='lat' dir='ltr'><strong>catholica</strong></span> <span class='ocrx_word' id='word_1_609' title='bbox 2572 2975 2834 3031; x_wconf 85' lang='lat' dir='ltr'><strong>Ecclesia.</strong></span> <span class='ocrx_word' id='word_1_610' title='bbox 2875 2973 3029 3042; x_wconf 88' lang='lat' dir='ltr'><strong>Quod</strong></span> <span class='ocrx_word' id='word_1_611' title='bbox 3059 2974 3104 3028; x_wconf 91' lang='lat' dir='ltr'><strong>si</strong></span> <span class='ocrx_word' id='word_1_612' title='bbox 3132 2989 3160 3026; x_wconf 88' lang='lat' dir='ltr'><strong>a</strong></span> <span class='ocrx_word' id='word_1_613' title='bbox 3189 2971 3510 3043; x_wconf 88' lang='lat' dir='ltr'><strong>quibusdam</strong></span> 
     </span>
    </p>
   </div>
   <div class='ocr_carea' id='block_1_86' title="bbox 1890 3066 3510 3139">
    <p class='ocr_par' dir='ltr' id='par_1_86' title="bbox 1890 3066 3510 3139">
     <span class='ocr_line' id='line_1_86' title="bbox 1890 3066 3510 3139; baseline -0.001 -17"><span class='ocrx_word' id='word_1_614' title='bbox 1890 3068 1978 3122; x_wconf 91' lang='lat' dir='ltr'><strong>alii</strong></span> <span class='ocrx_word' id='word_1_615' title='bbox 2007 3067 2352 3139; x_wconf 82' lang='lat' dir='ltr'><strong>proferantur</strong></span> <span class='ocrx_word' id='word_1_616' title='bbox 2375 3111 2389 3135; x_wconf 90' lang='lat'><strong>,</strong></span> <span class='ocrx_word' id='word_1_617' title='bbox 2420 3069 2511 3138; x_wconf 90' lang='lat' dir='ltr'><strong>qui</strong></span> <span class='ocrx_word' id='word_1_618' title='bbox 2541 3084 2572 3122; x_wconf 89' lang='lat' dir='ltr'><strong>a</strong></span> <span class='ocrx_word' id='word_1_619' title='bbox 2603 3067 2838 3123; x_wconf 68' lang='lat' dir='ltr'><strong>Nicmnis</strong></span> <span class='ocrx_word' id='word_1_620' title='bbox 2880 3068 3181 3123; x_wconf 87' lang='lat' dir='ltr'><strong>canonibus</strong></span> <span class='ocrx_word' id='word_1_621' title='bbox 3218 3066 3470 3122; x_wconf 76' lang='lat' dir='ltr'><strong>differant</strong></span> <span class='ocrx_word' id='word_1_622' title='bbox 3494 3107 3510 3132; x_wconf 92' lang='lat'><strong>,</strong></span> 
     </span>
    </p>
   </div>
   <div class='ocr_carea' id='block_1_87' title="bbox 1889 3161 3514 3233">
    <p class='ocr_par' dir='ltr' id='par_1_87' title="bbox 1889 3161 3514 3233">
     <span class='ocr_line' id='line_1_87' title="bbox 1889 3161 3514 3233; baseline -0.004 -16"><span class='ocrx_word' id='word_1_623' title='bbox 1889 3169 1947 3217; x_wconf 89' lang='lat' dir='ltr'><strong>et</strong></span> <span class='ocrx_word' id='word_1_624' title='bbox 1976 3163 2042 3215; x_wconf 91' lang='lat' dir='ltr'><strong>ab</strong></span> <span class='ocrx_word' id='word_1_625' title='bbox 2073 3161 2339 3217; x_wconf 75' lang='lat' dir='ltr'><strong>luet-elicis</strong></span> <span class='ocrx_word' id='word_1_626' title='bbox 2365 3163 2648 3233; x_wconf 90' lang='lat' dir='ltr'><strong>compositi</strong></span> <span class='ocrx_word' id='word_1_627' title='bbox 2671 3177 2792 3217; x_wconf 90' lang='lat' dir='ltr'><strong>esse</strong></span> <span class='ocrx_word' id='word_1_628' title='bbox 2815 3172 3110 3232; x_wconf 84' lang='lat' dir='ltr'><strong>arguantur</strong></span> <span class='ocrx_word' id='word_1_629' title='bbox 3136 3203 3152 3230; x_wconf 97' lang='lat'><strong>,</strong></span> <span class='ocrx_word' id='word_1_630' title='bbox 3185 3161 3234 3215; x_wconf 81' lang='grc' dir='ltr'><strong>1ιὶ</strong></span> <span class='ocrx_word' id='word_1_631' title='bbox 3267 3177 3296 3216; x_wconf 92' lang='lat' dir='ltr'><strong>a</strong></span> <span class='ocrx_word' id='word_1_632' title='bbox 3329 3161 3514 3217; x_wconf 85' lang='lat' dir='ltr'><strong>catho-</strong></span> 
     </span>
    </p>
   </div>
   <div class='ocr_carea' id='block_1_88' title="bbox 1892 3251 3514 3325">
    <p class='ocr_par' dir='ltr' id='par_1_88' title="bbox 1892 3251 3514 3325">
     <span class='ocr_line' id='line_1_88' title="bbox 1892 3251 3514 3325; baseline -0.001 -18"><span class='ocrx_word' id='word_1_633' title='bbox 1892 3253 2011 3309; x_wconf 91' lang='lat' dir='ltr'><strong>licis</strong></span> <span class='ocrx_word' id='word_1_634' title='bbox 2042 3254 2311 3325; x_wconf 89' lang='lat' dir='ltr'><strong>episcopis</strong></span> <span class='ocrx_word' id='word_1_635' title='bbox 2343 3254 2622 3324; x_wconf 90' lang='lat' dir='ltr'><strong>rejiciendi</strong></span> <span class='ocrx_word' id='word_1_636' title='bbox 2651 3263 2796 3308; x_wconf 91' lang='lat' dir='ltr'><strong>sunt.</strong></span> <span class='ocrx_word' id='word_1_637' title='bbox 2827 3253 2958 3308; x_wconf 86' lang='lat' dir='ltr'><strong>Nam</strong></span> <span class='ocrx_word' id='word_1_638' title='bbox 3001 3269 3121 3323; x_wconf 76' lang='lat' dir='ltr'><strong>qua:</strong></span> <span class='ocrx_word' id='word_1_639' title='bbox 3148 3254 3215 3308; x_wconf 90' lang='lat' dir='ltr'><strong>ab</strong></span> <span class='ocrx_word' id='word_1_640' title='bbox 3241 3251 3514 3307; x_wconf 68' lang='lat' dir='ltr'><strong>haereticis</strong></span> 
     </span>
    </p>
   </div>
   <div class='ocr_carea' id='block_1_89' title="bbox 1895 3345 3509 3416">
    <p class='ocr_par' dir='ltr' id='par_1_89' title="bbox 1895 3345 3509 3416">
     <span class='ocr_line' id='line_1_89' title="bbox 1895 3345 3509 3416; baseline -0.001 -17"><span class='ocrx_word' id='word_1_641' title='bbox 1895 3355 2020 3399; x_wconf 91' lang='lat' dir='ltr'><strong>sunt</strong></span> <span class='ocrx_word' id='word_1_642' title='bbox 2046 3347 2347 3416; x_wconf 78' lang='lat' dir='ltr'><strong>excogitata</strong></span> <span class='ocrx_word' id='word_1_643' title='bbox 2373 3389 2386 3410; x_wconf 92' lang='lat'><strong>,</strong></span> <span class='ocrx_word' id='word_1_644' title='bbox 2419 3346 2701 3401; x_wconf 88' lang='lat' dir='ltr'><strong>catholicis</strong></span> <span class='ocrx_word' id='word_1_645' title='bbox 2731 3345 3028 3400; x_wconf 89' lang='lat' dir='ltr'><strong>canonibus</strong></span> <span class='ocrx_word' id='word_1_646' title='bbox 3049 3345 3377 3414; x_wconf 84' lang='lat' dir='ltr'><strong>conjungere</strong></span> <span class='ocrx_word' id='word_1_647' title='bbox 3402 3359 3509 3397; x_wconf 88' lang='lat' dir='ltr'><strong>non</strong></span> 
     </span>
    </p>
   </div>
   <div class='ocr_carea' id='block_1_90' title="bbox 1891 3435 3514 3508">
    <p class='ocr_par' dir='ltr' id='par_1_90' title="bbox 1891 3435 3514 3508">
     <span class='ocr_line' id='line_1_90' title="bbox 1891 3435 3514 3508; baseline 0.002 -19"><span class='ocrx_word' id='word_1_648' title='bbox 1891 3435 2012 3492; x_wconf 89' lang='lat' dir='ltr'><strong>licet</strong></span> <span class='ocrx_word' id='word_1_649' title='bbox 2043 3454 2055 3490; x_wconf 93' lang='lat'><strong>:</strong></span> <span class='ocrx_word' id='word_1_650' title='bbox 2085 3451 2302 3508; x_wconf 90' lang='lat' dir='ltr'><strong>semper</strong></span> <span class='ocrx_word' id='word_1_651' title='bbox 2331 3439 2474 3493; x_wconf 91' lang='lat' dir='ltr'><strong>enim</strong></span> <span class='ocrx_word' id='word_1_652' title='bbox 2510 3455 2604 3508; x_wconf 90' lang='lat' dir='ltr'><strong>per</strong></span> <span class='ocrx_word' id='word_1_653' title='bbox 2634 3439 2903 3493; x_wconf 89' lang='lat' dir='ltr'><strong>contraria</strong></span> <span class='ocrx_word' id='word_1_654' title='bbox 2944 3448 2999 3494; x_wconf 90' lang='lat' dir='ltr'><strong>et</strong></span> <span class='ocrx_word' id='word_1_655' title='bbox 3049 3437 3231 3493; x_wconf 90' lang='lat' dir='ltr'><strong>illicita</strong></span> <span class='ocrx_word' id='word_1_656' title='bbox 3264 3437 3514 3492; x_wconf 59' lang='lat' dir='ltr'><strong>Nicmnoo</strong></span> 
     </span>
    </p>
   </div>
   <div class='ocr_carea' id='block_1_91' title="bbox 1887 3528 3512 3587">
    <p class='ocr_par' dir='ltr' id='par_1_91' title="bbox 1887 3528 3512 3587">
     <span class='ocr_line' id='line_1_91' title="bbox 1887 3528 3512 3587; baseline 0.001 -4"><span class='ocrx_word' id='word_1_657' title='bbox 1887 3545 2006 3583; x_wconf 90' lang='lat' dir='ltr'><strong>rum</strong></span> <span class='ocrx_word' id='word_1_658' title='bbox 2024 3528 2249 3586; x_wconf 84' lang='lat' dir='ltr'><strong>Patrum</strong></span> <span class='ocrx_word' id='word_1_659' title='bbox 2265 3531 2555 3586; x_wconf 89' lang='lat' dir='ltr'><strong>consilium</strong></span> <span class='ocrx_word' id='word_1_660' title='bbox 2579 3531 2904 3587; x_wconf 88' lang='lat' dir='ltr'><strong>labefactare</strong></span> <span class='ocrx_word' id='word_1_661' title='bbox 2933 3531 3168 3586; x_wconf 89' lang='lat' dir='ltr'><strong>student.</strong></span> <span class='ocrx_word' id='word_1_662' title='bbox 3194 3530 3310 3586; x_wconf 87' lang='lat' dir='ltr'><strong>Non</strong></span> <span class='ocrx_word' id='word_1_663' title='bbox 3334 3531 3512 3586; x_wconf 90' lang='lat' dir='ltr'><strong>solum</strong></span> 
     </span>
    </p>
   </div>
   <div class='ocr_carea' id='block_1_92' title="bbox 1890 3622 3506 3693">
    <p class='ocr_par' dir='ltr' id='par_1_92' title="bbox 1890 3622 3506 3693">
     <span class='ocr_line' id='line_1_92' title="bbox 1890 3622 3506 3693; baseline 0.001 -17"><span class='ocrx_word' id='word_1_664' title='bbox 1890 3636 2020 3693; x_wconf 86' lang='lat' dir='ltr'><strong>ergo</strong></span> <span class='ocrx_word' id='word_1_665' title='bbox 2068 3622 2298 3678; x_wconf 89' lang='lat' dir='ltr'><strong>dicimus</strong></span> <span class='ocrx_word' id='word_1_666' title='bbox 2345 3624 2427 3678; x_wconf 92' lang='lat' dir='ltr'><strong>his</strong></span> <span class='ocrx_word' id='word_1_667' title='bbox 2473 3639 2578 3680; x_wconf 92' lang='lat' dir='ltr'><strong>non</strong></span> <span class='ocrx_word' id='word_1_668' title='bbox 2632 3623 2944 3679; x_wconf 71' lang='lat' dir='ltr'><strong>ha&#39;rcndum</strong></span> <span class='ocrx_word' id='word_1_669' title='bbox 2995 3640 3118 3680; x_wconf 91' lang='lat' dir='ltr'><strong>esse</strong></span> <span class='ocrx_word' id='word_1_670' title='bbox 3167 3624 3506 3689; x_wconf 90' lang='lat' dir='ltr'><strong>canonibus,</strong></span> 
     </span>
    </p>
   </div>
   <div class='ocr_carea' id='block_1_93' title="bbox 1887 3716 3512 3788">
    <p class='ocr_par' dir='ltr' id='par_1_93' title="bbox 1887 3716 3512 3788">
     <span class='ocr_line' id='line_1_93' title="bbox 1887 3716 3512 3788; baseline 0.004 -22"><span class='ocrx_word' id='word_1_671' title='bbox 1887 3731 2071 3769; x_wconf 84' lang='lat' dir='ltr'><strong>verum</strong></span> <span class='ocrx_word' id='word_1_672' title='bbox 2090 3718 2250 3771; x_wconf 89' lang='lat' dir='ltr'><strong>etiam</strong></span> <span class='ocrx_word' id='word_1_673' title='bbox 2266 3732 2388 3770; x_wconf 92' lang='lat' dir='ltr'><strong>cum</strong></span> <span class='ocrx_word' id='word_1_674' title='bbox 2410 3716 2678 3771; x_wconf 76' lang='lat' dir='ltr'><strong>hmrcticis</strong></span> <span class='ocrx_word' id='word_1_675' title='bbox 2706 3727 2760 3772; x_wconf 93' lang='lat' dir='ltr'><strong>et</strong></span> <span class='ocrx_word' id='word_1_676' title='bbox 2785 3717 3145 3772; x_wconf 90' lang='lat' dir='ltr'><strong>schismaticis</strong></span> <span class='ocrx_word' id='word_1_677' title='bbox 3170 3716 3512 3788; x_wconf 88' lang='lat' dir='ltr'><strong>dogmatibus</strong></span> 
     </span>
    </p>
   </div>
   <div class='ocr_carea' id='block_1_94' title="bbox 1886 3809 3512 3880">
    <p class='ocr_par' dir='ltr' id='par_1_94' title="bbox 1886 3809 3512 3880">
     <span class='ocr_line' id='line_1_94' title="bbox 1886 3809 3512 3880; baseline 0.001 -17"><span class='ocrx_word' id='word_1_678' title='bbox 1886 3809 2328 3866; x_wconf 90' lang='lat' dir='ltr'><strong>condemnandos</strong></span> <span class='ocrx_word' id='word_1_679' title='bbox 2358 3810 2478 3865; x_wconf 93' lang='lat' dir='ltr'><strong>illos</strong></span> <span class='ocrx_word' id='word_1_680' title='bbox 2508 3825 2630 3865; x_wconf 92' lang='lat' dir='ltr'><strong>esse</strong></span> <span class='ocrx_word' id='word_1_681' title='bbox 2665 3829 2677 3864; x_wconf 93' lang='lat'>:</span> <span class='ocrx_word' id='word_1_682' title='bbox 2709 3809 3162 3880; x_wconf 89' lang='lat' dir='ltr'><strong>quemadmodum</strong></span> <span class='ocrx_word' id='word_1_683' title='bbox 3190 3819 3244 3864; x_wconf 92' lang='lat' dir='ltr'><strong>et</strong></span> <span class='ocrx_word' id='word_1_684' title='bbox 3271 3819 3426 3864; x_wconf 87' lang='lat' dir='ltr'><strong>antea</strong></span> <span class='ocrx_word' id='word_1_685' title='bbox 3458 3810 3512 3864; x_wconf 83' lang='lat' dir='ltr'><strong>in</strong></span> 
     </span>
    </p>
   </div>
   <div class='ocr_carea' id='block_1_95' title="bbox 1886 3901 3507 3974">
    <p class='ocr_par' dir='ltr' id='par_1_95' title="bbox 1886 3901 3507 3974">
     <span class='ocr_line' id='line_1_95' title="bbox 1886 3901 3507 3974; baseline -0.001 -17"><span class='ocrx_word' id='word_1_686' title='bbox 1886 3901 2193 3958; x_wconf 88' lang='lat' dir='ltr'><strong>Sardicensi</strong></span> <span class='ocrx_word' id='word_1_687' title='bbox 2224 3903 2434 3974; x_wconf 84' lang='lat' dir='ltr'><strong>synodo</strong></span> <span class='ocrx_word' id='word_1_688' title='bbox 2458 3904 2525 3958; x_wconf 91' lang='lat' dir='ltr'><strong>ab</strong></span> <span class='ocrx_word' id='word_1_689' title='bbox 2549 3904 2816 3973; x_wconf 86' lang='lat' dir='ltr'><strong>episcopis</strong></span> <span class='ocrx_word' id='word_1_690' title='bbox 2836 3947 2850 3971; x_wconf 93' lang='lat'><strong>,</strong></span> <span class='ocrx_word' id='word_1_691' title='bbox 2882 3904 2970 3974; x_wconf 91' lang='lat' dir='ltr'><strong>qui</strong></span> <span class='ocrx_word' id='word_1_692' title='bbox 2996 3912 3120 3959; x_wconf 91' lang='lat' dir='ltr'><strong>ante</strong></span> <span class='ocrx_word' id='word_1_693' title='bbox 3149 3918 3248 3958; x_wconf 91' lang='lat' dir='ltr'><strong>nos</strong></span> <span class='ocrx_word' id='word_1_694' title='bbox 3267 3902 3507 3968; x_wconf 88' lang='lat' dir='ltr'><strong>fuerunt,</strong></span> 
     </span>
    </p>
   </div>
   <div class='ocr_carea' id='block_1_96' title="bbox 1889 3995 3509 4067">
    <p class='ocr_par' dir='ltr' id='par_1_96' title="bbox 1889 3995 3509 4067">
     <span class='ocr_line' id='line_1_96' title="bbox 1889 3995 3509 4067; baseline 0.002 -19"><span class='ocrx_word' id='word_1_695' title='bbox 1889 3995 2085 4050; x_wconf 85' lang='lat' dir='ltr'><strong>factum</strong></span> <span class='ocrx_word' id='word_1_696' title='bbox 2134 4007 2238 4052; x_wconf 90' lang='lat' dir='ltr'><strong>est.</strong></span> <span class='ocrx_word' id='word_1_697' title='bbox 2281 3997 2461 4052; x_wconf 88' lang='lat' dir='ltr'><strong>Satius</strong></span> <span class='ocrx_word' id='word_1_698' title='bbox 2507 3999 2649 4052; x_wconf 90' lang='lat' dir='ltr'><strong>enim</strong></span> <span class='ocrx_word' id='word_1_699' title='bbox 2693 3997 2852 4053; x_wconf 90' lang='lat' dir='ltr'><strong>fuerit</strong></span> <span class='ocrx_word' id='word_1_700' title='bbox 2893 4013 2954 4052; x_wconf 89' lang='lat' dir='ltr'><strong>ea</strong></span> <span class='ocrx_word' id='word_1_701' title='bbox 2991 3997 3339 4053; x_wconf 88' lang='lat' dir='ltr'><strong>condemnari</strong></span> <span class='ocrx_word' id='word_1_702' title='bbox 3387 4014 3509 4067; x_wconf 76' lang='lat' dir='ltr'><strong>quce</strong></span> 
     </span>
    </p>
   </div>
   <div class='ocr_carea' id='block_1_97' title="bbox 1891 4091 3507 4162">
    <p class='ocr_par' dir='ltr' id='par_1_97' title="bbox 1891 4091 3507 4162">
     <span class='ocr_line' id='line_1_97' title="bbox 1891 4091 3507 4162; baseline -0.001 -18"><span class='ocrx_word' id='word_1_703' title='bbox 1891 4099 2039 4147; x_wconf 90' lang='lat' dir='ltr'><strong>recte</strong></span> <span class='ocrx_word' id='word_1_704' title='bbox 2071 4091 2206 4146; x_wconf 84' lang='lat' dir='ltr'><strong>facta</strong></span> <span class='ocrx_word' id='word_1_705' title='bbox 2238 4102 2363 4145; x_wconf 92' lang='lat' dir='ltr'><strong>sunt</strong></span> <span class='ocrx_word' id='word_1_706' title='bbox 2389 4133 2402 4156; x_wconf 94' lang='lat'><strong>,</strong></span> <span class='ocrx_word' id='word_1_707' title='bbox 2431 4107 2591 4161; x_wconf 90' lang='lat' dir='ltr'><strong>quam</strong></span> <span class='ocrx_word' id='word_1_708' title='bbox 2621 4106 2684 4146; x_wconf 87' lang='lat' dir='ltr'><strong>ea</strong></span> <span class='ocrx_word' id='word_1_709' title='bbox 2714 4135 2728 4157; x_wconf 95' lang='lat'><strong>,</strong></span> <span class='ocrx_word' id='word_1_710' title='bbox 2758 4107 2876 4162; x_wconf 71' lang='lat' dir='ltr'><strong>qum</strong></span> <span class='ocrx_word' id='word_1_711' title='bbox 2905 4102 3089 4147; x_wconf 92' lang='lat' dir='ltr'><strong>contra</strong></span> <span class='ocrx_word' id='word_1_712' title='bbox 3118 4107 3358 4146; x_wconf 89' lang='lat' dir='ltr'><strong>canones</strong></span> <span class='ocrx_word' id='word_1_713' title='bbox 3384 4101 3507 4144; x_wconf 89' lang='lat' dir='ltr'><strong>aeta</strong></span> 
     </span>
    </p>
   </div>
   <div class='ocr_carea' id='block_1_98' title="bbox 1885 4183 3503 4253">
    <p class='ocr_par' dir='ltr' id='par_1_98' title="bbox 1885 4183 3503 4253">
     <span class='ocr_line' id='line_1_98' title="bbox 1885 4183 3503 4253; baseline -0.004 -13"><span class='ocrx_word' id='word_1_714' title='bbox 1885 4193 2010 4240; x_wconf 92' lang='lat' dir='ltr'><strong>sunt</strong></span> <span class='ocrx_word' id='word_1_715' title='bbox 2034 4227 2048 4250; x_wconf 91' lang='lat'><strong>,</strong></span> <span class='ocrx_word' id='word_1_716' title='bbox 2081 4185 2384 4238; x_wconf 83' lang='lat' dir='ltr'><strong>ﬁrmitatem</strong></span> <span class='ocrx_word' id='word_1_717' title='bbox 2409 4185 2642 4253; x_wconf 86' lang='lat' dir='ltr'><strong>aliquam</strong></span> <span class='ocrx_word' id='word_1_718' title='bbox 2669 4184 2914 4238; x_wconf 88' lang='lat' dir='ltr'><strong>obtinere</strong></span> <span class='ocrx_word' id='word_1_719' title='bbox 2937 4225 2952 4248; x_wconf 90' lang='lat'><strong>,</strong></span> <span class='ocrx_word' id='word_1_720' title='bbox 2977 4185 3172 4237; x_wconf 87' lang='lat' dir='ltr'><strong>fratres</strong></span> <span class='ocrx_word' id='word_1_721' title='bbox 3201 4183 3503 4237; x_wconf 79' lang='lat' dir='ltr'><strong>honoratis-</strong></span> 
     </span>
    </p>
   </div>
   <div class='ocr_carea' id='block_1_99' title="bbox 1885 4274 3506 4346">
    <p class='ocr_par' dir='ltr' id='par_1_99' title="bbox 1885 4274 3506 4346">
     <span class='ocr_line' id='line_1_99' title="bbox 1885 4274 3506 4346; baseline -0.001 -17"><span class='ocrx_word' id='word_1_722' title='bbox 1885 4277 2029 4331; x_wconf 90' lang='lat' dir='ltr'><strong>simi.</strong></span> <span class='ocrx_word' id='word_1_723' title='bbox 2063 4275 2170 4332; x_wconf 90' lang='lat' dir='ltr'><strong>Sed</strong></span> <span class='ocrx_word' id='word_1_724' title='bbox 2199 4276 2324 4346; x_wconf 91' lang='lat' dir='ltr'><strong>quid</strong></span> <span class='ocrx_word' id='word_1_725' title='bbox 2363 4275 2622 4330; x_wconf 88' lang='lat' dir='ltr'><strong>adversus</strong></span> <span class='ocrx_word' id='word_1_726' title='bbox 2663 4275 2760 4329; x_wconf 92' lang='lat' dir='ltr'><strong>ista</strong></span> <span class='ocrx_word' id='word_1_727' title='bbox 2802 4275 2853 4329; x_wconf 93' lang='lat' dir='ltr'><strong>in</strong></span> <span class='ocrx_word' id='word_1_728' title='bbox 2900 4280 3152 4344; x_wconf 60' lang='lat' dir='ltr'><strong>praesenti</strong></span> <span class='ocrx_word' id='word_1_729' title='bbox 3203 4275 3460 4329; x_wconf 89' lang='lat' dir='ltr'><strong>faciemus</strong></span> <span class='ocrx_word' id='word_1_730' title='bbox 3485 4274 3506 4312; x_wconf 67' lang='grc' dir='ltr'><strong>ν</strong></span> 
     </span>
    </p>
   </div>
   <div class='ocr_carea' id='block_1_100' title="bbox 1881 4367 3503 4439">
    <p class='ocr_par' dir='ltr' id='par_1_100' title="bbox 1881 4367 3503 4439">
     <span class='ocr_line' id='line_1_100' title="bbox 1881 4367 3503 4439; baseline -0.002 -16"><span class='ocrx_word' id='word_1_731' title='bbox 1881 4367 2195 4425; x_wconf 87' lang='lat' dir='ltr'><strong>Necessaria</strong></span> <span class='ocrx_word' id='word_1_732' title='bbox 2236 4369 2340 4424; x_wconf 91' lang='lat' dir='ltr'><strong>erit</strong></span> <span class='ocrx_word' id='word_1_733' title='bbox 2390 4369 2579 4439; x_wconf 81' lang='lat' dir='ltr'><strong>synodi</strong></span> <span class='ocrx_word' id='word_1_734' title='bbox 2625 4368 2859 4438; x_wconf 85' lang='lat' dir='ltr'><strong>cognitio</strong></span> <span class='ocrx_word' id='word_1_735' title='bbox 2885 4411 2899 4435; x_wconf 96' lang='lat'><strong>,</strong></span> <span class='ocrx_word' id='word_1_736' title='bbox 2932 4384 3092 4439; x_wconf 92' lang='lat' dir='ltr'><strong>quam</strong></span> <span class='ocrx_word' id='word_1_737' title='bbox 3136 4369 3245 4437; x_wconf 87' lang='lat' dir='ltr'><strong>jam</strong></span> <span class='ocrx_word' id='word_1_738' title='bbox 3292 4368 3503 4439; x_wconf 84' lang='lat' dir='ltr'><strong>pridem</strong></span> 
     </span>
    </p>
   </div>
   <div class='ocr_carea' id='block_1_101' title="bbox 1881 4461 3505 4534">
    <p class='ocr_par' dir='ltr' id='par_1_101' title="bbox 1881 4461 3505 4534">
     <span class='ocr_line' id='line_1_101' title="bbox 1881 4461 3505 4534; baseline -0.004 -16"><span class='ocrx_word' id='word_1_739' title='bbox 1881 4463 2310 4534; x_wconf 84' lang='lat' dir='ltr'><strong>congregandam</strong></span> <span class='ocrx_word' id='word_1_740' title='bbox 2342 4477 2463 4517; x_wconf 83' lang='lat' dir='ltr'><strong>esse</strong></span> <span class='ocrx_word' id='word_1_741' title='bbox 2492 4461 2726 4517; x_wconf 81' lang='lat' dir='ltr'><strong>diximus</strong></span> <span class='ocrx_word' id='word_1_742' title='bbox 2761 4480 2774 4516; x_wconf 92' lang='lat'>:</span> <span class='ocrx_word' id='word_1_743' title='bbox 2817 4477 2878 4516; x_wconf 89' lang='lat' dir='ltr'><strong>ea</strong></span> <span class='ocrx_word' id='word_1_744' title='bbox 2904 4462 3102 4532; x_wconf 89' lang='lat' dir='ltr'><strong>quippe</strong></span> <span class='ocrx_word' id='word_1_745' title='bbox 3127 4463 3238 4517; x_wconf 92' lang='lat' dir='ltr'><strong>sola</strong></span> <span class='ocrx_word' id='word_1_746' title='bbox 3271 4471 3353 4516; x_wconf 89' lang='lat' dir='ltr'><strong>est</strong></span> <span class='ocrx_word' id='word_1_747' title='bbox 3382 4477 3505 4530; x_wconf 77' lang='lat' dir='ltr'><strong>quae</strong></span> 
     </span>
    </p>
   </div>
   <div class='ocr_carea' id='block_1_102' title="bbox 1883 4552 3507 4623">
    <p class='ocr_par' dir='ltr' id='par_1_102' title="bbox 1883 4552 3507 4623">
     <span class='ocr_line' id='line_1_102' title="bbox 1883 4552 3507 4623; baseline -0.001 -14"><span class='ocrx_word' id='word_1_748' title='bbox 1883 4562 2232 4623; x_wconf 90' lang='lat' dir='ltr'><strong>tempestates</strong></span> <span class='ocrx_word' id='word_1_749' title='bbox 2258 4552 2568 4622; x_wconf 88' lang='lat' dir='ltr'><strong>lmjusmodi</strong></span> <span class='ocrx_word' id='word_1_750' title='bbox 2600 4554 2790 4607; x_wconf 89' lang='lat' dir='ltr'><strong>sedare</strong></span> <span class='ocrx_word' id='word_1_751' title='bbox 2823 4553 2991 4622; x_wconf 90' lang='lat' dir='ltr'><strong>possit</strong></span> <span class='ocrx_word' id='word_1_752' title='bbox 3024 4572 3036 4608; x_wconf 91' lang='lat'><strong>:</strong></span> <span class='ocrx_word' id='word_1_753' title='bbox 3083 4569 3242 4623; x_wconf 90' lang='lat' dir='ltr'><strong>quam</strong></span> <span class='ocrx_word' id='word_1_754' title='bbox 3275 4563 3331 4607; x_wconf 89' lang='lat' dir='ltr'><strong>ut</strong></span> <span class='ocrx_word' id='word_1_755' title='bbox 3361 4553 3507 4607; x_wconf 87' lang='lat' dir='ltr'><strong>obti-</strong></span> 
     </span>
    </p>
   </div>
   <div class='ocr_carea' id='block_1_103' title="bbox 1882 4645 3507 4714">
    <p class='ocr_par' dir='ltr' id='par_1_103' title="bbox 1882 4645 3507 4714">
     <span class='ocr_line' id='line_1_103' title="bbox 1882 4645 3507 4714; baseline -0.001 -12"><span class='ocrx_word' id='word_1_756' title='bbox 1882 4661 2110 4702; x_wconf 92' lang='lat' dir='ltr'><strong>ncamus</strong></span> <span class='ocrx_word' id='word_1_757' title='bbox 2137 4690 2152 4714; x_wconf 94' lang='lat'><strong>,</strong></span> <span class='ocrx_word' id='word_1_758' title='bbox 2184 4663 2215 4702; x_wconf 91' lang='lat' dir='ltr'><strong>e</strong></span> <span class='ocrx_word' id='word_1_759' title='bbox 2243 4663 2302 4701; x_wconf 89' lang='lat' dir='ltr'><strong>re</strong></span> <span class='ocrx_word' id='word_1_760' title='bbox 2334 4647 2530 4712; x_wconf 89' lang='lat' dir='ltr'><strong>fuerit,</strong></span> <span class='ocrx_word' id='word_1_761' title='bbox 2567 4656 2625 4701; x_wconf 91' lang='lat' dir='ltr'><strong>ut</strong></span> <span class='ocrx_word' id='word_1_762' title='bbox 2657 4647 2847 4701; x_wconf 91' lang='lat' dir='ltr'><strong>horum</strong></span> <span class='ocrx_word' id='word_1_763' title='bbox 2893 4648 3157 4702; x_wconf 90' lang='lat' dir='ltr'><strong>malorum</strong></span> <span class='ocrx_word' id='word_1_764' title='bbox 3205 4645 3507 4702; x_wconf 90' lang='lat' dir='ltr'><strong>remedium</strong></span> 
     </span>
    </p>
   </div>
   <div class='ocr_carea' id='block_1_104' title="bbox 1886 4739 3506 4809">
    <p class='ocr_par' dir='ltr' id='par_1_104' title="bbox 1886 4739 3506 4809">
     <span class='ocr_line' id='line_1_104' title="bbox 1886 4739 3506 4809; baseline -0.001 -15"><span class='ocrx_word' id='word_1_765' title='bbox 1886 4755 1952 4794; x_wconf 80' lang='lat' dir='ltr'><strong>cx</strong></span> <span class='ocrx_word' id='word_1_766' title='bbox 1988 4749 2117 4794; x_wconf 89' lang='lat' dir='ltr'><strong>nutu</strong></span> <span class='ocrx_word' id='word_1_767' title='bbox 2148 4739 2324 4809; x_wconf 85' lang='lat' dir='ltr'><strong>magni</strong></span> <span class='ocrx_word' id='word_1_768' title='bbox 2360 4739 2450 4793; x_wconf 87' lang='lat' dir='ltr'><strong>Dei</strong></span> <span class='ocrx_word' id='word_1_769' title='bbox 2477 4749 2533 4793; x_wconf 92' lang='lat' dir='ltr'><strong>ct</strong></span> <span class='ocrx_word' id='word_1_770' title='bbox 2560 4739 2758 4795; x_wconf 83' lang='lat' dir='ltr'><strong>Christi</strong></span> <span class='ocrx_word' id='word_1_771' title='bbox 2797 4739 2913 4809; x_wconf 87' lang='lat' dir='ltr'><strong>ejus</strong></span> <span class='ocrx_word' id='word_1_772' title='bbox 2942 4751 3337 4808; x_wconf 80' lang='lat' dir='ltr'><strong>cx5pcctemus.</strong></span> <span class='ocrx_word' id='word_1_773' title='bbox 3375 4739 3506 4794; x_wconf 80' lang='lat' dir='ltr'><strong>Om-</strong></span> 
     </span>
    </p>
   </div>
   <div class='ocr_carea' id='block_1_105' title="bbox 1883 4831 3508 4901">
    <p class='ocr_par' dir='ltr' id='par_1_105' title="bbox 1883 4831 3508 4901">
     <span class='ocr_line' id='line_1_105' title="bbox 1883 4831 3508 4901; baseline 0.001 -17"><span class='ocrx_word' id='word_1_774' title='bbox 1883 4832 1968 4885; x_wconf 91' lang='lat' dir='ltr'><strong>nia</strong></span> <span class='ocrx_word' id='word_1_775' title='bbox 1998 4831 2263 4901; x_wconf 90' lang='lat' dir='ltr'><strong>siquidcm</strong></span> <span class='ocrx_word' id='word_1_776' title='bbox 2296 4847 2417 4901; x_wconf 60' lang='lat' dir='ltr'><strong>qute</strong></span> <span class='ocrx_word' id='word_1_777' title='bbox 2448 4845 2590 4885; x_wconf 91' lang='lat' dir='ltr'><strong>nunc</strong></span> <span class='ocrx_word' id='word_1_778' title='bbox 2619 4847 2714 4900; x_wconf 89' lang='lat' dir='ltr'><strong>per</strong></span> <span class='ocrx_word' id='word_1_779' title='bbox 2754 4831 3010 4886; x_wconf 88' lang='lat' dir='ltr'><strong>invidiam</strong></span> <span class='ocrx_word' id='word_1_780' title='bbox 3050 4833 3246 4886; x_wconf 87' lang='lat' dir='ltr'><strong>diaboli</strong></span> <span class='ocrx_word' id='word_1_781' title='bbox 3276 4831 3342 4885; x_wconf 85' lang='lat' dir='ltr'><strong>ad</strong></span> <span class='ocrx_word' id='word_1_782' title='bbox 3377 4831 3508 4887; x_wconf 81' lang='lat' dir='ltr'><strong>fide-</strong></span> 
     </span>
    </p>
   </div>
   <div class='ocr_carea' id='block_1_106' title="bbox 1880 4925 3503 4995">
    <p class='ocr_par' dir='ltr' id='par_1_106' title="bbox 1880 4925 3503 4995">
     <span class='ocr_line' id='line_1_106' title="bbox 1880 4925 3503 4995; baseline 0.001 -17"><span class='ocrx_word' id='word_1_783' title='bbox 1880 4925 2009 4979; x_wconf 89' lang='lat' dir='ltr'><strong>lium</strong></span> <span class='ocrx_word' id='word_1_784' title='bbox 2043 4925 2416 4995; x_wconf 90' lang='lat' dir='ltr'><strong>probationem</strong></span> <span class='ocrx_word' id='word_1_785' title='bbox 2448 4934 2714 4978; x_wconf 89' lang='lat' dir='ltr'><strong>commota</strong></span> <span class='ocrx_word' id='word_1_786' title='bbox 2745 4936 2869 4979; x_wconf 88' lang='lat' dir='ltr'><strong>sunt</strong></span> <span class='ocrx_word' id='word_1_787' title='bbox 2899 4966 2914 4991; x_wconf 97' lang='lat'><strong>,</strong></span> <span class='ocrx_word' id='word_1_788' title='bbox 2949 4926 3323 4995; x_wconf 87' lang='lat' dir='ltr'><strong>pacabuntur;</strong></span> <span class='ocrx_word' id='word_1_789' title='bbox 3357 4925 3503 4979; x_wconf 86' lang='lat' dir='ltr'><strong>firmi</strong></span> 
     </span>
    </p>
   </div>
   <div class='ocr_carea' id='block_1_107' title="bbox 1879 5014 3506 5086">
    <p class='ocr_par' dir='ltr' id='par_1_107' title="bbox 1879 5014 3506 5086">
     <span class='ocr_line' id='line_1_107' title="bbox 1879 5014 3506 5086; baseline 0.002 -18"><span class='ocrx_word' id='word_1_790' title='bbox 1879 5031 1942 5070; x_wconf 92' lang='lat' dir='ltr'><strong>ac</strong></span> <span class='ocrx_word' id='word_1_791' title='bbox 1972 5016 2193 5070; x_wconf 86' lang='lat' dir='ltr'><strong>stabiles</strong></span> <span class='ocrx_word' id='word_1_792' title='bbox 2226 5017 2278 5069; x_wconf 90' lang='lat' dir='ltr'><strong>iu</strong></span> <span class='ocrx_word' id='word_1_793' title='bbox 2311 5014 2417 5070; x_wconf 81' lang='lat' dir='ltr'><strong>fide</strong></span> <span class='ocrx_word' id='word_1_794' title='bbox 2447 5017 2577 5069; x_wconf 90' lang='lat' dir='ltr'><strong>nihil</strong></span> <span class='ocrx_word' id='word_1_795' title='bbox 2610 5033 2637 5069; x_wconf 92' lang='lat' dir='ltr'><strong>a</strong></span> <span class='ocrx_word' id='word_1_796' title='bbox 2675 5017 2899 5072; x_wconf 89' lang='lat' dir='ltr'><strong>Domino</strong></span> <span class='ocrx_word' id='word_1_797' title='bbox 2934 5034 3041 5070; x_wconf 90' lang='lat' dir='ltr'><strong>non</strong></span> <span class='ocrx_word' id='word_1_798' title='bbox 3086 5033 3309 5086; x_wconf 87' lang='lat' dir='ltr'><strong>sperare</strong></span> <span class='ocrx_word' id='word_1_799' title='bbox 3336 5017 3506 5072; x_wconf 81' lang='lat' dir='ltr'><strong>debe-</strong></span> 
     </span>
    </p>
   </div>
   <div class='ocr_carea' id='block_1_108' title="bbox 1881 5108 3504 5180">
    <p class='ocr_par' dir='ltr' id='par_1_108' title="bbox 1881 5108 3504 5180">
     <span class='ocr_line' id='line_1_108' title="bbox 1881 5108 3504 5180; baseline -0.001 -16"><span class='ocrx_word' id='word_1_800' title='bbox 1881 5125 2026 5164; x_wconf 89' lang='lat' dir='ltr'><strong>mus.</strong></span> <span class='ocrx_word' id='word_1_801' title='bbox 2059 5110 2168 5164; x_wconf 84' lang='lat' dir='ltr'><strong>Nos</strong></span> <span class='ocrx_word' id='word_1_802' title='bbox 2195 5110 2338 5164; x_wconf 90' lang='lat' dir='ltr'><strong>enim</strong></span> <span class='ocrx_word' id='word_1_803' title='bbox 2371 5108 2599 5162; x_wconf 89' lang='lat' dir='ltr'><strong>multmn</strong></span> <span class='ocrx_word' id='word_1_804' title='bbox 2632 5109 2999 5165; x_wconf 88' lang='lat' dir='ltr'><strong>deliberamus</strong></span> <span class='ocrx_word' id='word_1_805' title='bbox 3041 5109 3313 5180; x_wconf 89' lang='lat' dir='ltr'><strong>quomodo</strong></span> <span class='ocrx_word' id='word_1_806' title='bbox 3353 5126 3504 5165; x_wconf 75' lang='lat' dir='ltr'><strong>mcu-</strong></span> 
     </span>
    </p>
   </div>
   <div class='ocr_carea' id='block_1_109' title="bbox 1876 5201 3502 5274">
    <p class='ocr_par' dir='ltr' id='par_1_109' title="bbox 1876 5201 3502 5274">
     <span class='ocr_line' id='line_1_109' title="bbox 1876 5201 3502 5274; baseline 0.002 -19"><span class='ocrx_word' id='word_1_807' title='bbox 1876 5202 2086 5257; x_wconf 89' lang='lat' dir='ltr'><strong>menica</strong></span> <span class='ocrx_word' id='word_1_808' title='bbox 2131 5201 2372 5273; x_wconf 78' lang='lat' dir='ltr'><strong>synodus</strong></span> <span class='ocrx_word' id='word_1_809' title='bbox 2414 5202 2738 5258; x_wconf 86' lang='lat' dir='ltr'><strong>celebranda</strong></span> <span class='ocrx_word' id='word_1_810' title='bbox 2779 5203 2884 5268; x_wconf 90' lang='lat' dir='ltr'><strong>sit,</strong></span> <span class='ocrx_word' id='word_1_811' title='bbox 2938 5213 2996 5258; x_wconf 93' lang='lat' dir='ltr'><strong>ut</strong></span> <span class='ocrx_word' id='word_1_812' title='bbox 3031 5220 3125 5274; x_wconf 91' lang='lat' dir='ltr'><strong>per</strong></span> <span class='ocrx_word' id='word_1_813' title='bbox 3169 5205 3502 5260; x_wconf 86' lang='lat' dir='ltr'><strong>voluntatem</strong></span> 
     </span>
    </p>
   </div>
   <div class='ocr_carea' id='block_1_110' title="bbox 1876 5297 3497 5369">
    <p class='ocr_par' dir='ltr' id='par_1_110' title="bbox 1876 5297 3497 5369">
     <span class='ocr_line' id='line_1_110' title="bbox 1876 5297 3497 5369; baseline 0.001 -18"><span class='ocrx_word' id='word_1_814' title='bbox 1876 5297 1970 5351; x_wconf 90' lang='lat' dir='ltr'><strong>Dei</strong></span> <span class='ocrx_word' id='word_1_815' title='bbox 2001 5297 2291 5351; x_wconf 86' lang='lat' dir='ltr'><strong>turbulenti</strong></span> <span class='ocrx_word' id='word_1_816' title='bbox 2334 5305 2511 5351; x_wconf 89' lang='lat' dir='ltr'><strong>motus</strong></span> <span class='ocrx_word' id='word_1_817' title='bbox 2553 5298 2830 5352; x_wconf 73' lang='lat' dir='ltr'><strong>sedantur.</strong></span> <span class='ocrx_word' id='word_1_818' title='bbox 2878 5298 3270 5368; x_wconf 75' lang='lat' dir='ltr'><strong>Exspectcmus</strong></span> <span class='ocrx_word' id='word_1_819' title='bbox 3317 5301 3497 5369; x_wconf 89' lang='lat' dir='ltr'><strong>itaque</strong></span> 
     </span>
    </p>
   </div>
   <div class='ocr_carea' id='block_1_111' title="bbox 1877 5392 3495 5460">
    <p class='ocr_par' dir='ltr' id='par_1_111' title="bbox 1877 5392 3495 5460">
     <span class='ocr_line' id='line_1_111' title="bbox 1877 5392 3495 5460; baseline 0.001 -16"><span class='ocrx_word' id='word_1_820' title='bbox 1877 5392 2142 5460; x_wconf 88' lang='lat' dir='ltr'><strong>tantisper</strong></span> <span class='ocrx_word' id='word_1_821' title='bbox 2168 5434 2180 5456; x_wconf 91' lang='lat'><strong>,</strong></span> <span class='ocrx_word' id='word_1_822' title='bbox 2212 5401 2265 5446; x_wconf 91' lang='lat' dir='ltr'><strong>ct</strong></span> <span class='ocrx_word' id='word_1_823' title='bbox 2291 5392 2566 5460; x_wconf 77' lang='lat' dir='ltr'><strong>patientia:</strong></span> <span class='ocrx_word' id='word_1_824' title='bbox 2600 5409 2756 5447; x_wconf 89' lang='lat' dir='ltr'><strong>muro</strong></span> <span class='ocrx_word' id='word_1_825' title='bbox 2783 5393 3099 5447; x_wconf 90' lang='lat' dir='ltr'><strong>communiti</strong></span> <span class='ocrx_word' id='word_1_826' title='bbox 3128 5435 3140 5454; x_wconf 87' lang='lat'><strong>,</strong></span> <span class='ocrx_word' id='word_1_827' title='bbox 3176 5403 3369 5447; x_wconf 88' lang='lat' dir='ltr'><strong>cuncta</strong></span> <span class='ocrx_word' id='word_1_828' title='bbox 3399 5411 3495 5446; x_wconf 90' lang='lat' dir='ltr'><strong>au-</strong></span> 
     </span>
    </p>
   </div>
   <div class='ocr_carea' id='block_1_112' title="bbox 1875 5484 3502 5555">
    <p class='ocr_par' dir='ltr' id='par_1_112' title="bbox 1875 5484 3502 5555">
     <span class='ocr_line' id='line_1_112' title="bbox 1875 5484 3502 5555; baseline 0 -18"><span class='ocrx_word' id='word_1_829' title='bbox 1875 5484 2004 5537; x_wconf 75' lang='lat' dir='ltr'><strong>xilio</strong></span> <span class='ocrx_word' id='word_1_830' title='bbox 2055 5484 2146 5537; x_wconf 88' lang='lat' dir='ltr'><strong>Dei</strong></span> <span class='ocrx_word' id='word_1_831' title='bbox 2192 5485 2523 5538; x_wconf 90' lang='lat' dir='ltr'><strong>restituenda</strong></span> <span class='ocrx_word' id='word_1_832' title='bbox 2571 5501 2691 5540; x_wconf 83' lang='lat' dir='ltr'><strong>esse</strong></span> <span class='ocrx_word' id='word_1_833' title='bbox 2741 5501 3044 5554; x_wconf 84' lang='lat' dir='ltr'><strong>speremus.</strong></span> <span class='ocrx_word' id='word_1_834' title='bbox 3101 5486 3289 5541; x_wconf 89' lang='lat' dir='ltr'><strong>Omnia</strong></span> <span class='ocrx_word' id='word_1_835' title='bbox 3339 5503 3502 5555; x_wconf 86' lang='lat' dir='ltr'><strong>porro</strong></span> 
     </span>
    </p>
   </div>
   <div class='ocr_carea' id='block_1_113' title="bbox 1876 5578 3499 5650">
    <p class='ocr_par' dir='ltr' id='par_1_113' title="bbox 1876 5578 3499 5650">
     <span class='ocr_line' id='line_1_113' title="bbox 1876 5578 3499 5650; baseline 0.002 -19"><span class='ocrx_word' id='word_1_836' title='bbox 1876 5595 1995 5648; x_wconf 66' lang='lat' dir='ltr'><strong>qua!</strong></span> <span class='ocrx_word' id='word_1_837' title='bbox 2027 5594 2120 5634; x_wconf 87' lang='lat' dir='ltr'><strong>vos</strong></span> <span class='ocrx_word' id='word_1_838' title='bbox 2163 5580 2399 5648; x_wconf 84' lang='lat' dir='ltr'><strong>perferre</strong></span> <span class='ocrx_word' id='word_1_839' title='bbox 2440 5580 2650 5634; x_wconf 80' lang='lat' dir='ltr'><strong>dixistis</strong></span> <span class='ocrx_word' id='word_1_840' title='bbox 2679 5623 2692 5645; x_wconf 92' lang='lat'><strong>,</strong></span> <span class='ocrx_word' id='word_1_841' title='bbox 2732 5580 2842 5648; x_wconf 89' lang='lat' dir='ltr'><strong>jam</strong></span> <span class='ocrx_word' id='word_1_842' title='bbox 2875 5590 3033 5634; x_wconf 87' lang='lat' dir='ltr'><strong>antea</strong></span> <span class='ocrx_word' id='word_1_843' title='bbox 3079 5595 3109 5632; x_wconf 91' lang='lat' dir='ltr'><strong>a</strong></span> <span class='ocrx_word' id='word_1_844' title='bbox 3155 5578 3499 5650; x_wconf 86' lang='lat' dir='ltr'><strong>coepiscopis</strong></span> 
     </span>
    </p>
   </div>
   <div class='ocr_carea' id='block_1_114' title="bbox 1872 5669 3492 5747">
    <p class='ocr_par' dir='ltr' id='par_1_114' title="bbox 1872 5669 3492 5747">
     <span class='ocr_line' id='line_1_114' title="bbox 1872 5669 3492 5747; baseline 0.006 -27"><span class='ocrx_word' id='word_1_845' title='bbox 1872 5687 1958 5739; x_wconf 79' lang='lat' dir='ltr'><strong>qut</strong></span> <span class='ocrx_word' id='word_1_846' title='bbox 2010 5672 2232 5725; x_wconf 68' lang='lat' dir='ltr'><strong>Romam</strong></span> <span class='ocrx_word' id='word_1_847' title='bbox 2283 5670 2410 5726; x_wconf 90' lang='lat' dir='ltr'><strong>licet</strong></span> <span class='ocrx_word' id='word_1_848' title='bbox 2448 5669 2675 5727; x_wconf 79' lang='lat' dir='ltr'><strong>diversis</strong></span> <span class='ocrx_word' id='word_1_849' title='bbox 2718 5674 3050 5742; x_wconf 88' lang='lat' dir='ltr'><strong>temporibus</strong></span> <span class='ocrx_word' id='word_1_850' title='bbox 3090 5677 3492 5747; x_wconf 69' lang='lat' dir='ltr'><strong>confugerunt,</strong></span> 
     </span>
    </p>
   </div>
   <div class='ocr_carea' id='block_1_115' title="bbox 1877 5762 3487 5834">
    <p class='ocr_par' dir='ltr' id='par_1_115' title="bbox 1877 5762 3487 5834">
     <span class='ocr_line' id='line_1_115' title="bbox 1877 5762 3487 5834; baseline 0.006 -20"><span class='ocrx_word' id='word_1_851' title='bbox 1877 5763 1925 5814; x_wconf 46' lang='lat' dir='ltr'><strong>iii</strong></span> <span class='ocrx_word' id='word_1_852' title='bbox 1953 5772 2038 5816; x_wconf 66' lang='lat' dir='ltr'><strong>est</strong></span> <span class='ocrx_word' id='word_1_853' title='bbox 2063 5780 2092 5815; x_wconf 81' lang='lat' dir='ltr'><strong>a</strong></span> <span class='ocrx_word' id='word_1_854' title='bbox 2127 5763 2400 5817; x_wconf 74' lang='lat' dir='ltr'><strong>Demetrio</strong></span> <span class='ocrx_word' id='word_1_855' title='bbox 2426 5804 2442 5818; x_wconf 91' lang='lat'><strong>.</strong></span> <span class='ocrx_word' id='word_1_856' title='bbox 2490 5762 2716 5815; x_wconf 76' lang='lat' dir='ltr'><strong>Cvriat-o</strong></span> <span class='ocrx_word' id='word_1_857' title='bbox 2739 5806 2752 5825; x_wconf 90' lang='lat'><strong>,</strong></span> <span class='ocrx_word' id='word_1_858' title='bbox 2804 5765 3027 5834; x_wconf 62' lang='lat' dir='ltr'><strong>liuiysio</strong></span> <span class='ocrx_word' id='word_1_859' title='bbox 3053 5809 3066 5828; x_wconf 85' lang='lat'><strong>,</strong></span> <span class='ocrx_word' id='word_1_860' title='bbox 3111 5778 3164 5821; x_wconf 79' lang='lat' dir='ltr'><strong>ct</strong></span> <span class='ocrx_word' id='word_1_861' title='bbox 3214 5769 3452 5824; x_wconf 87' lang='lat' dir='ltr'><strong>Palladio</strong></span> <span class='ocrx_word' id='word_1_862' title='bbox 3475 5814 3487 5824; x_wconf 92' lang='lat'><strong>.</strong></span> 
     </span>
    </p>
   </div>
   <div class='ocr_carea' id='block_1_116' title="bbox 1878 5851 3494 5932">
    <p class='ocr_par' dir='ltr' id='par_1_116' title="bbox 1878 5851 3494 5932">
     <span class='ocr_line' id='line_1_116' title="bbox 1878 5851 3494 5932; baseline 0.01 -31"><span class='ocrx_word' id='word_1_863' title='bbox 1878 5851 1967 5919; x_wconf 87' lang='lat' dir='ltr'><strong>qui</strong></span> <span class='ocrx_word' id='word_1_864' title='bbox 2022 5852 2301 5908; x_wconf 89' lang='lat' dir='ltr'><strong>nobiscum</strong></span> <span class='ocrx_word' id='word_1_865' title='bbox 2360 5861 2526 5919; x_wconf 79' lang='lat' dir='ltr'><strong>Sllnl,</strong></span> <span class='ocrx_word' id='word_1_866' title='bbox 2577 5851 2900 5911; x_wconf 85' lang='lat' dir='ltr'><strong>sciscitando</strong></span> <span class='ocrx_word' id='word_1_867' title='bbox 2943 5854 3104 5926; x_wconf 88' lang='lat' dir='ltr'><strong>plane</strong></span> <span class='ocrx_word' id='word_1_868' title='bbox 3153 5872 3494 5932; x_wconf 56' lang='lat' dir='ltr'><strong>cumperem.</strong></span> 
     </span>
    </p>
   </div>
   <div class='ocr_carea' id='block_1_117' title="bbox 1878 5960 2007 6000">
    <p class='ocr_par' dir='ltr' id='par_1_117' title="bbox 1878 5960 2007 6000">
     <span class='ocr_line' id='line_1_117' title="bbox 1878 5960 2007 6000; baseline -0.008 -1"><span class='ocrx_word' id='word_1_869' title='bbox 1878 5960 2007 6000; x_wconf 44' lang='grc' dir='ltr'><strong>ιιιυεη</strong></span> 
     </span>
    </p>
   </div>
  </div>
