4050 6494
514 428 618 486 539

1198 419 1258 479 S.
1297 413 1585 477 JOANNIS
1623 394 2115 470 CHRYSOSTOMI
2150 388 2474 458 ARCHIEP.
2515 379 3067 448 CONSTANTINOP.

3670 359 3780 419 540

527 505 3736 589 ______________________________._..

924 743 1592 842 EXEMPLUM
1664 733 2058 828 SA'CBE
2106 713 2187 790 (³⁸)
2233 720 2769 819 HONORII
2849 705 3411 827 AUGUSTI,

1384 939 1603 998 inissa;
1647 947 1732 989 Αρι)
1778 940 2122 989 PBINCIPEM
2168 932 2464 983 ORIENTiS
2512 926 2865 974 a-ncsowu.

578 1305 834 1374 Quamvis
873 1317 1034 1375 super
1077 1299 1306 1371 imagine
1348 1298 1636 1367 muliebri,
1671 1312 1810 1354 novo
1852 1294 2103 1369 exemplo

506 1413 605 1470 per
629 1396 938 1469 provincias
964 1393 1274 1450 circumlata
1298 1431 1315 1459 ,
1363 1400 1417 1447 et
1455 1389 1647 1446 diffusa
1673 1405 1769 1462 per
1797 1391 2103 1447 universum

509 1491 769 1549 mundum
797 1486 1210 1545 obtrectantium
1240 1484 1380 1540 fama
1413 1484 1583 1540 literis
1609 1483 1729 1542 aliis
1753 1498 2102 1541 commonue-

512 1583 614 1639 rim
646 1624 664 1652 ,
695 1593 753 1638 ut
780 1582 905 1638 talis
929 1580 1054 1636 facti
1081 1577 1394 1650 pmnitentia
1413 1587 1467 1636 et
1489 1577 1882 1636 intermissione
1910 1592 2105 1650 pr0po-

513 1676 604 1731 siti
629 1689 814 1730 mmor
836 1673 1060 1728 aemulus
1083 1679 1470 1738 consenescat,
1497 1678 1552 1726 et
1590 1667 1734 1742 quod
1773 1670 1827 1725 in
1867 1669 2107 1727 moribus

517 1775 742 1837 carpat,
774 1764 985 1836 publica
1027 1763 1206 1835 lingua
1253 1777 1362 1818 non
1407 1761 1601 1819 habeat
1630 1777 1644 1814 :
1675 1761 1922 1834 quamvis
1947 1762 2109 1818 etiam

521 1873 683 1930 super
706 1857 916 1915 excidio
931 1856 1213 1928 pereuntis
1237 1854 1431 1927 lllyrici
1457 1854 1546 1926 pio
1572 1853 1714 1925 apud
1737 1868 1832 1910 vos
1858 1853 2109 1924 prodide-

526 1951 696 2005 rimus
723 1947 916 2005 affectu
946 1988 962 2015 ,
993 1961 1113 2004 esse
1139 1946 1294 2004 nobis
1319 1945 1490 2002 dolori
1516 1985 1532 2013 ,
1563 1959 1658 2002 cur
1697 1946 1800 2001 ista
1823 1957 1922 2000 vos
1949 1944 2112 2000 detri-

519 2047 701 2098 menta
725 2039 1039 2111 reipublicae.
1066 2039 1344 2096 nolueritis
1365 2050 1658 2109 agnoscere
1680 2077 1696 2104 ,
1722 2046 1778 2092 et
1797 2035 1915 2092 aliis
1936 2035 2114 2106 potius

527 2131 797 2190 indicibus
821 2146 980 2203 quam
1025 2131 1237 2203 pietatis
1278 2138 1469 2186 vestrae
1515 2128 1684 2184 literis
1735 2126 1931 2182 fuerint
1980 2140 2115 2180 nuti-

526 2223 655 2278 tiata
681 2239 696 2278 :
722 2231 900 2279 tamen
936 2237 1004 2278 ne
1041 2222 1170 2278 illud
1213 2221 1430 2293 quidem
1471 2220 1610 2292 apud
1655 2218 1996 2276 serenitatem
2026 2231 2117 2272 ve-

532 2323 704 2370 stram
731 2313 1070 2370 dissimulare
1108 2328 1207 2370 nos
1233 2313 1313 2369 fas
1337 2321 1422 2369 est
1445 2353 1461 2380 ,
1488 2312 1710 2382 quodin
1740 2312 1900 2367 rebus
1924 2309 2119 2366 divinis

529 2421 636 2461 non
677 2405 797 2462 sine
831 2405 1030 2475 publici
1069 2405 1394 2462 discriminis
1431 2413 1578 2461 metu
1618 2405 1921 2474 nuperrime
1949 2404 2121 2460 conti-

528 2497 674 2565 gisse
699 2535 716 2562 ,
760 2496 864 2553 cita
903 2511 1222 2567 semperque
1257 2496 1524 2552 malorum
1569 2494 1934 2551 annuntiatrix
1983 2493 2120 2549 fama

532 2604 640 2645 non
667 2589 829 2645 tacuit
858 2607 874 2646 :
905 2597 960 2646 ct
985 2599 1040 2646 ut
1067 2599 1254 2646 natura
1279 2590 1380 2646 fert
1409 2589 1687 2645 hominum
1713 2629 1728 2654 ,
1757 2604 1876 2660 quae
1921 2587 1990 2644 ad
2021 2589 2119 2642 ob-

533 2680 868 2737 trectandum
894 2681 1047 2738 novis
1090 2696 1304 2751 semper
1343 2682 1554 2738 casibus
1589 2680 1857 2737 excitatur
1882 2721 1897 2747 ,
1945 2680 2123 2736 oblata

533 2773 818 2829 occasione
833 2773 1096 2844 carpendi
1123 2813 1138 2839 ,
1171 2773 1427 2828 malitiam
1468 2787 1618 2828 suam
1662 2775 1715 2828 in
1743 2783 1982 2844 tempora
2014 2781 2126 2828 stu-

533 2864 626 2920 dio
653 2879 810 2922 steva:
837 2866 856 2937 (
885 2880 1057 2921 sceva:
1086 2866 1106 2937 )
1133 2864 1469 2936 loquacitatis
1489 2874 1727 2923 exercet.

610 2955 707 3012 Est
754 2957 897 3014 cnim
939 2973 1107 3028 nuper
1149 2956 1417 3027 proditum
1442 2999 1458 3026 ,
1491 2958 1631 3028 apud
1674 2956 2126 3030 ConstantinOpo-

541 3050 636 3105 lim
666 3091 682 3116 ,
724 3049 1084 3106 sacratissimo
1111 3049 1334 3106 Pascha:
1353 3049 1675 3107 venerabilis
1701 3049 1789 3106 die
1814 3092 1830 3117 ,
1860 3064 1981 3106 eum
2009 3065 2128 3106 om-

540 3157 638 3198 nes
667 3156 804 3212 pene
837 3141 889 3196 in
919 3142 1166 3198 eumdem
1194 3142 1370 3198 locum
1398 3142 1691 3198 vicinarum
1723 3143 1931 3198 urbium
1957 3156 2132 3214 popu-

541 3235 625 3290 los
649 3235 842 3306 religio
870 3236 1212 3306 castigatiore
1241 3236 1342 3291 sub
1366 3237 1645 3308 praesentia
1682 3237 1981 3307 principum
2025 3236 2133 3293 ritu

543 3325 864 3382 celebranda
891 3326 1220 3397 collegerat,
1251 3328 1460 3384 clausas
1502 3327 1679 3383 subito
1714 3327 2006 3384 catholicas
2047 3342 2138 3384 ec-

544 3419 738 3475 clesias
761 3460 777 3486 ,
807 3428 985 3476 trusos
1013 3420 1066 3474 in
1098 3419 1393 3476 custodiam
1436 3420 1784 3477 sacerdotes:
1830 3419 2035 3479 scilicet
2078 3429 2139 3476 ut

547 3525 614 3566 eo
639 3510 977 3581 potissimum
1004 3519 1245 3583 tempore
1272 3553 1288 3580 ,
1329 3527 1441 3584 quo
1486 3513 1811 3584 indulgentia
1859 3514 2139 3585 principali

548 3603 722 3659 tristia
760 3603 1042 3659 noxiorum
1080 3603 1312 3659 claustra
1363 3614 1706 3671 reserantur,
1761 3605 1864 3677 pia:
1911 3605 2043 3676 legis
2086 3615 2143 3662 et

549 3697 699 3768 pacis
727 3697 1002 3753 ministros
1048 3711 1224 3754 saevus
1269 3711 1452 3755 carcer
1491 3698 1784 3756 includeret
1813 3716 1828 3754 :
1857 3699 2141 3770 omniaque

551 3788 803 3846 bellicum
833 3790 887 3844 in
936 3788 1153 3845 modum
1197 3790 1404 3845 turbata
1447 3790 1701 3861 mysteria
1725 3831 1740 3857 ,
1772 3790 2060 3846 nonnullos
2092 3791 2144 3846 in

549 3879 683 3950 ipsis
710 3879 951 3937 ecclesiae
977 3880 1225 3938 sacrariis
1252 3881 1598 3952 laterentptos
1627 3923 1642 3950 ,
1669 3890 1981 3952 tantamque
2003 3882 2145 3938 circa

550 3972 744 4027 altaria
779 3972 887 4027 vim
929 3972 1207 4041 smviisse,
1238 3980 1298 4028 ut
1340 3980 1397 4029 et
1437 3972 1770 4030 venerabiles
1811 3973 2047 4043 episcopi
2091 3972 2144 4028 in

553 4063 804 4120 exsilium
854 4062 1230 4131 traderentur,
1286 4073 1340 4120 ct
1383 4064 1596 4134 sanguis
1651 4063 1951 4129 humanus,
2002 4063 2146 4135 quod

557 4153 704 4210 dictu
731 4153 882 4210 nefas
909 4163 992 4211 est
1014 4195 1030 4220 ,
1054 4156 1288 4211 etelcstia
1313 4165 1648 4211 sacramenta
1678 4155 2022 4226 perfunderet
2051 4155 2147 4227 (ὁ).

629 4246 725 4303 llis
753 4257 979 4318 repente
1003 4249 1294 4319 compertis
1317 4289 1332 4313 ,
1362 4247 1606 4303 turbatos
1647 4262 1767 4304 esse
1815 4262 1914 4304 nos
1958 4247 2148 4304 fateor.

559 4339 690 4409 Quis
717 4341 863 4397 enim
893 4341 948 4396 in
978 4341 1210 4398 facinore
1239 4350 1345 4397 tam
1376 4352 1598 4398 cruento
1641 4342 1733 4397 Dei
1773 4342 2154 4413 omnipotentis

561 4446 670 4486 non
704 4431 917 4487 timeret
949 4431 1252 4488 offensam?
1275 4441 1367 4487 aut
1395 4448 1501 4502 quo
1528 4441 1684 4503 pacto
1707 4441 1855 4488 extra
1885 4448 2154 4489 summum

563 4520 795 4577 Romani
843 4522 988 4578 orbis
1029 4524 1376 4593 omniumque
1426 4525 1728 4580 mortalium
1778 4533 1989 4596 putaret
2035 4540 2157 4581 esse

566 4613 900 4669 discrimen?
924 4613 1056 4669 Cum
1085 4614 1198 4684 ipse
1226 4626 1413 4669 auctor
1456 4617 1620 4670 nostri
1668 4616 1901 4685 Imperii,
1941 4627 1994 4672 et
2037 4618 2161 4674 llei—

569 4707 795 4778 publiem
819 4748 833 4772 ,
866 4720 1023 4777 quam
1064 4707 1218 4762 nobis
1245 4705 1515 4772 credidit,
1555 4707 1878 4778 gubernator
1916 4711 2163 4780 omnipo-

571 4806 690 4854 tens
747 4797 925 4866 Deus,
992 4795 1217 4854 funestis
1287 4797 1574 4854 admodum
1639 4799 2164 4870 exsecrabilibusquc

569 4889 875 4945 commissis
904 4889 1214 4945 crederetur
1253 4890 1451 4958 irasci,
1500 4889 1704 4946 domini
1745 4891 1914 4947 sancti
1960 4891 2162 4959 frater,

574 4996 849 5052 neposque
878 4982 1101 5052 Augusti
1133 4979 1482 5038 Venerabiles
1524 4998 1538 5036 ε
1587 4995 1710 5037 cum
1740 4990 1794 5038 et
1835 4982 1880 5038 si
1923 4982 2050 5054 quid
2097 4983 2166 5040 de

576 5089 732 5127 causa
764 5073 1038 5144 religionis
1063 5074 1203 5129 inter
1227 5074 1494 5131 antistites
1531 5083 1778 5145 ageretur
1802 5118 1817 5142 ,
1861 5074 2166 5146 episcopale

578 5164 872 5233 oportuerit
899 5178 1020 5221 esse
1041 5164 1296 5234 judicium
1343 5183 1357 5219 :
1407 5166 1472 5222 ad
1517 5166 1638 5223 illos
1683 5168 1824 5224 enim
1867 5168 2164 5225 divinarum

642 5303 716 5365 (a)
740 5311 914 5367 Sacra.
961 5309 1062 5354 Vox
1106 5302 1344 5367 frequens
1380 5303 1440 5353 ad
1478 5302 1787 5367 significanda
1831 5301 2088 5367 diplomata
2113 5310 2168 5355 et

579 5365 812 5429 epistolas
833 5365 1220 5429 Imperatoruml
1260 5375 1337 5416 est
1358 5379 1476 5416 vero
1494 5365 1630 5429 quasi
1655 5375 1806 5417 sacra
1830 5365 2050 5424 Epistola.
2081 5375 2168 5416 Ha-

579 5442 687 5477 rum
714 5428 1026 5492 epistularum
1050 5441 1192 5478 usum
1235 5430 1406 5492 videas
1429 5428 1554 5492 apud
1597 5429 1827 5488 Cangium
1861 5431 1909 5478 in
1931 5429 2168 5492 Glossario

583 5492 760 5540 latino.
792 5490 922 5554 Quod
962 5491 1100 5554 initio
1117 5493 1289 5541 dicitur
1304 5491 1368 5539 de
1393 5490 1603 5554 imagine
1624 5493 1852 5554 muliebri
1873 5491 2165 5551 circumlata,

579 5554 676 5614 jam
701 5553 992 5618 explicatum
1015 5553 1105 5603 fuit
1130 5555 1178 5602 in
1223 5553 1563 5618 Monito,ut’ct
1583 5553 1700 5610 illud
1723 5553 1850 5617 quod
1870 5565 1981 5603 mox
2005 5555 2168 5618 adjici-

586 5626 666 5679 tur
681 5615 748 5679 tle
771 5614 964 5679 excidio
987 5619 1242 5679 pereuntis
1266 5615 1450 5679 Illyrici.

650 5677 723 5738 (b)
757 5678 837 5742 llic
854 5679 959 5740 agit
978 5677 1214 5729 Honorius
1233 5679 1298 5728 de
1317 5677 1529 5728 violenta
1547 5681 1593 5728 in
1608 5679 1868 5730 Eeclesiam
1899 5679 2170 5742 irruptione

587 5739 652 5788 de
676 5751 770 5800 qua
785 5738 1145 5806 (hrfsostomus
1167 5755 1314 5806 supra
1337 5743 1385 5791 in
1408 5743 1553 5803 Fpist.
1581 5743 1604 5792 1
1631 5742 1689 5806 ad
1731 5738 2059 5792 Innocentium
2084 5757 2170 5805 pa-

587 5816 720 5869 pam,
745 5809 797 5849 et
816 5814 906 5869 nos
925 5816 1069 5866 supra
1085 5805 1144 5869 in
1159 5803 1346 5857 monito.
1367 5811 1481 5865 Qua:
1511 5817 1594 5855 res
1617 5803 1836 5869 pluribus
1874 5812 2074 5858 tractata
2088 5803 2176 5856 est

587 5863 636 5914 in
661 5871 681 5910 \
696 5868 760 5916 ita
781 5863 1117 5932 Clth

2198 1304 2386 1367 rerum
2419 1293 2787 1364 interpretatio
2813 1331 2828 1356 ,
2853 1288 2920 1346 ad
2947 1302 3045 1345 nos
3077 1285 3351 1357 religionis
3394 1284 3610 1355 specta't
3645 1283 3823 1339 obse-

2207 1391 2408 1458 quium.
2444 1385 2552 1442 Sed
2578 1394 2695 1441 estn
2718 1425 2734 1450 ,
2765 1383 2869 1439 sibi
2895 1382 2964 1438 de
2998 1379 3240 1453 mysticis
3266 1385 3328 1434 et
3356 1375 3646 1433 catholicis
3671 1382 3824 1446 qum-

2208 1478 2473 1535 stionibus
2507 1476 2738 1547 amplius
2783 1473 2982 1546 aliquid
3027 1471 3334 1543 principalis
3374 1484 3504 1525 cura
3545 1483 3824 1540 praesum-

2212 1571 2377 1643 pserit
2407 1589 2421 1626 :
2453 1573 2598 1629 itane
2622 1583 2792 1640 usque
2817 1568 2886 1624 ad
2914 1567 3102 1624 exsilia
3131 1565 3474 1623 sacerdotum
3500 1607 3515 1632 ,
3546 1578 3729 1634 usque
3757 1561 3827 1618 ad

2215 1665 2490 1741 hominum
2518 1663 2695 1719 caedes
2737 1662 2924 1719 debuit
2966 1660 3261 1733 indignatio
3308 1658 3579 1715 concitata
3633 1671 3830 1728 proce-

2214 1762 2381 1827 dere,
2412 1769 2471 1815 ut
2515 1758 2604 1814 ubi
2645 1766 2808 1814 castae
2853 1771 3082 1829 preces,
3133 1756 3224 1812 ubi
3273 1763 3395 1810 vota
3444 1753 3661 1810 sincera
3688 1793 3707 1820 ,
3739 1751 3829 1808 ubi

2215 1853 2477 1911 sacrificia
2506 1851 2707 1910 illibata
2735 1851 3019 1908 solvuntur
3043 1890 3058 1918 ,
3110 1848 3222 1905 illic
3264 1862 3327 1903 se
3371 1845 3628 1918 gladius,
3679 1844 3830 1899 haud

2219 1947 2373 2003 facile
2398 1945 2558 2003 etiam
2576 1944 2891 2016 injugulum
2920 1943 3206 2000 noxiorum
3234 1938 3663 2011 distringendus,
3692 1951 3830 1992 exe-

2217 2042 2414 2097 reret?
2460 2037 2647 2096 Rebus
2665 2038 2899 2109 denique
2935 2035 3067 2107 ipsis
3092 2027 3321 2090 docetur
3339 2074 3356 2102 ,
3386 2031 3517 2103 quid
3548 2045 3720 2100 super
3744 2029 3833 2085 hls

2221 2132 2454 2189 senserit
2474 2130 2655 2187 divina
2695 2130 2973 2200 majestas.
3012 2125 3251 2182 Primum
3300 2123 3518 2195 quidem
3558 2121 3664 2176 hoc
3693 2134 3834 2191 pra:-

2223 2228 2392 2284 sentis
2420 2223 2857 2281 eommonitionis
2880 2220 3136 2292 judicium
3165 2219 3187 2288 (
3228 2216 3486 2273 indicium
3541 2215 3560 2286 )
3591 2213 3716 2276 fuit.
3747 2220 3831 2266 at-

2224 2332 2331 2393 que
2367 2319 2568 2376 utinam
2621 2316 2818 2374 solum.
2879 2310 3031 2370 Facit
3078 2311 3222 2367 enim
3273 2309 3506 2364 humana
3543 2302 3837 2375 trepidatio

2222 2417 2362 2474 tanti
2392 2415 2493 2474 sibi
2523 2413 2741 2470 conscia
2769 2408 3084 2482 perpetrati,
3113 2415 3174 2461 ut
3209 2403 3424 2476 gravius
3443 2399 3666 2471 aliquid,
3685 2397 3838 2470 quod

2231 2516 2436 2565 avertat
2461 2507 2806 2577 omnipotens
2848 2503 3012 2568 Deus,
3047 2507 3168 2570 post
3194 2495 3447 2553 terribilis
3473 2491 3700 2548 ultionis
3734 2502 3837 2545 ex-

2238 2600 2533 2673 perimenta
2564 2604 2890 2652 metuamus.

2303 2689 2477 2746 Audio
2523 2687 2820 2746 Ecclesiam
2855 2691 3250 2741 sacrosanctam
3305 2688 3384 2736 tot
3440 2677 3840 2751 lmperatorum

2231 2784 2427 2856 opibus
2458 2781 2780 2853 expositam,
2819 2777 3074 2850 pretiosis
3113 2774 3346 2832 cultibus
3381 2772 3618 2828 nobilem
3639 2810 3655 2836 ,
3690 2776 3842 2822 tanta

2234 2875 2649 2948 supplicantium
2668 2871 2979 2942 Principum
3007 2869 3252 2926 oratione
3278 2863 3712 2937 augustissimam
3737 2860 3844 2914 fia-

2235 2982 2460 3041 grasse;
2501 2976 2557 3022 et
2583 2963 2716 3021 illud
2752 2960 3369 3031 Constantinopolitanae
3401 2957 3549 3012 urbis
3578 2953 3845 3009 Ecclesia:

2239 3061 2452 3116 unicum
2481 3058 2663 3115 lumen
2693 3056 2749 3112 in
2777 3054 2988 3110 favillas
3013 3052 3302 3123 dilapsum,
3329 3050 3439 3105 Deo
3463 3061 3570 3102 non
3598 3053 3847 3109 vetante,

2237 3152 2520 3208 fumasse:
2551 3147 2824 3206 exsecrari
2865 3146 3010 3203 enim
3056 3144 3271 3200 videtur
3315 3140 3592 3213 inquinata
3637 3145 3849 3209 myste-

2243 3246 2343 3312 ria,
2363 3253 2419 3302 et
2446 3243 2708 3300 avertisse
2729 3241 2916 3297 oculos
2942 3240 3011 3295 ab
3038 3252 3107 3295 eo
3133 3238 3272 3303 loco,
3305 3246 3464 3307 quem
3493 3231 3603 3302 jam
3625 3229 3854 3302 sanguis

2244 3337 2525 3405 infecerat,
2555 3351 2624 3391 ne
2653 3335 2945 3390 obsecrare
2993 3331 3115 3402 quis
3156 3329 3410 3400 pietatem
3446 3324 3724 3380 caelestem
3752 3322 3859 3378 sub

2243 3429 2486 3487 cruentis
2543 3435 2729 3498 posset
2772 3425 3053 3480 altaribus.
3097 3420 3347 3478 Edilicia
3385 3431 3600 3488 qunque
3642 3414 3855 3479 divina,

2247 3537 2354 3578 non
2390 3521 2601 3576 minore
2647 3517 2939 3588 splendore
2977 3514 3197 3579 nobilia,
3244 3508 3710 3566 ex'concitatione
3755 3519 3862 3562 sa:-

2249 3615 2443 3671 vieutis
2483 3611 2738 3678 incendii,
2792 3610 3007 3665 ﬂamma
3050 3622 3109 3663 se
3153 3606 3312 3661 latius
3355 3601 3863 3666 ellundente,con-

2251 3715 2461 3777 sumpta
2489 3721 2505 3772 ;
2537 3713 2592 3760 et
2629 3717 2749 3774 quac
2774 3700 3038 3772 publicam
3091 3696 3280 3752 faciem
3322 3695 3595 3751 elaborata
3625 3707 3658 3746 a
3690 3691 3866 3761 majo-

2253 3798 2401 3854 ribus
2444 3797 2645 3854 nostris
2687 3801 3005 3851 ornamenta
3033 3789 3383 3855 decorabant,
3424 3785 3577 3844 velut
3619 3781 3863 3855 quodam

2253 3891 2401 3946 orbis
2430 3890 2620 3945 funere
2646 3893 3010 3944 concremata.
3029 3883 3156 3939 Haec
3189 3896 3317 3952 ergo
3341 3879 3587 3951 quamvis
3615 3877 3869 3933 crebrius

2254 3983 2462 4055 injuriis
2486 3982 2766 4039 lacessitus
2786 3989 2964 4036 tacere
2995 3970 3268 4034 debuerim
3301 4013 3317 4041 ,
3361 3986 3464 4029 nec
3480 3971 3871 4042 conjunctissi-

2256 4093 2402 4134 mum
2438 4079 2657 4133 fratrem
2687 4073 2945 4145 regnique
2993 4077 3301 4126 consortem
3345 4075 3453 4122 tam
3499 4064 3740 4122 fideli:er
3767 4063 3871 4118 ad-

2258 4188 2523 4239 monere;
2582 4181 2761 4226 tamen
2811 4165 3264 4224 necessitudinem
3319 4161 3595 4232 sanguinis
3646 4160 3873 4215 stimulo

2261 4267 2406 4323 taciti
2446 4265 2648 4322 doloris
2691 4262 3026 4326 anteferens,
3088 4258 3279 4313 hortor
3330 4263 3490 4326 atque
3538 4252 3770 4320 suadeo,
3817 4261 3875 4307 ut

2262 4361 2398 4424 haec,
2443 4360 2488 4415 si
2543 4357 2660 4415 fieri
2715 4363 2912 4428 potest,
2949 4351 3246 4410 emendatis
3302 4349 3356 4404 in
3391 4355 3668 4418 posterum
3699 4347 3874 4402 mori-

2265 4456 2363 4511 bus
2403 4453 2777 4524 corrigantur;
2830 4463 2895 4505 ac
2924 4447 3100 4503 divina
3144 4441 3456 4508 iracundia,
3498 4450 3764 4512 quantum
3813 4456 3877 4497 re

2267 4546 2531 4618 proditur,
2560 4543 2812 4607 excitata,
2839 4548 3090 4596 votorum
3130 4535 3414 4592 sedulitate
3438 4532 3704 4604 placetur.

2341 4638 2584 4706 Accipite
2612 4649 2640 4688 a
2671 4649 2758 4690 mc
2785 4645 3059 4688 summum
3085 4626 3443 4698 simplicitatis
3471 4624 3756 4681 indicium.
3790 4623 3877 4680 Id-

2271 4732 2414 4787 circo
2452 4730 2555 4785 hoc
2578 4726 2877 4783 clementia:
2916 4731 3114 4780 vestrae
3154 4716 3531 4776 insinuandum
3570 4718 3780 4789 putavi,
3809 4733 3879 4773 ne

2275 4841 2361 4882 me
2406 4825 2552 4881 velut
2576 4819 2931 4894 gratulatione
2954 4815 3166 4874 occulta
3204 4813 3405 4870 faceret
3432 4811 3577 4882 apud
3608 4826 3881 4883 quemque

2277 4916 2610 4975 taciturnitas
2635 4915 2746 4986 ipsa
2771 4920 3122 4984 suspectum:
3164 4921 3298 4964 neve
3323 4905 3444 4976 quis
3469 4905 3723 4960 crederet
3750 4945 3767 4971 ,
3799 4917 3880 4958 me

2281 5012 2477 5069 talibus
2524 5010 2677 5067 factis
2726 4996 2973 5079 praebere
3015 5016 3374 5069 consensum;
3406 5010 3463 5056 et
3505 4999 3598 5070 qui
3637 5013 3790 5070 saepe
3819 5014 3879 5052 ne

2276 5104 2584 5162 acciderent
2646 5098 3109 5162 commonuerim,
3175 5102 3525 5166 posteaquam
3588 5092 3878 5147 commissa

2281 5206 2426 5264 sunt,
2443 5211 2550 5253 non
2568 5195 2824 5251 dolerem.
2848 5191 2979 5248 Nam
3005 5189 3128 5262 quis
3154 5195 3337 5260 posset
3356 5198 3553 5255 expers
3567 5184 3777 5239 doloris
3796 5195 3872 5253 q't

2277 5307 2336 5349 se
2365 5289 2610 5346 meminit
2641 5287 3027 5348 Christianum,
3070 5290 3271 5338 tantam
3294 5278 3530 5349 (videns)
3553 5276 3736 5331 subito
3767 5254 3886 5345 ρετ-⁸

2279 5383 2635 5440 turbationem
2666 5378 2937 5450 religionis
2969 5374 3261 5438 inductam,
3283 5380 3343 5427 ut
3362 5384 3579 5426 omnem
3601 5369 3884 5423 catholica

2281 5480 2403 5535 fidei
2432 5486 2630 5534 statum
2659 5489 2881 5532 necesse
2910 5473 2982 5528 sit
3007 5468 3312 5525 ﬂuctuare?
3338 5466 3468 5521 Erat
3499 5467 3645 5519 inter
3673 5463 3878 5534 episco-

2279 5590 2374 5646 pos
2399 5586 2582 5639 causa,
2598 5585 2718 5642 qua:
2737 5569 2932 5626 collato
2963 5571 3347 5631 contractoque
3379 5559 3637 5626 concilio,
3660 5557 3884 5613 deberet

2278 5667 2517 5723 absolvi:
2547 5664 2722 5720 missis
2746 5662 2812 5718 ad
2837 5660 3146 5717 sacerdotes
3168 5657 3314 5713 urbis
3341 5663 3559 5710 mtcrnm
3581 5661 3747 5723 atque
3778 5651 3881 5706 ita-

2282 5762 2365 5817 lia:
2383 5770 2606 5830 utraque
2625 5773 2690 5813 ex
2710 5767 2865 5828 parte
2893 5755 3101 5825 legatis,
3117 5748 3530 5821 exspectabatur
3547 5760 3614 5800 ex
3643 5744 3879 5798 omnium

2283 5855 2601 5916 auctoritate
2648 5852 2934 5923 sententia,
2965 5848 3313 5907 informatum
3353 5842 3592 5913 regulam
3641 5838 3875 5912 discipli-
