4050 6428
201 435 306 494 541

1669 401 2054 465 EPIS'I‘OLE.

3439 392 3544 451 54'}.

193 553 286 596 na:
310 534 617 608 :integrum
642 542 976 600 nempeesse
995 526 1279 591 debuerat.
1309 534 1489 608 neque
1513 516 1808 590 quidquam
1916 513 2081 571 tidem
2120 511 2414 608 schismata
2455 514 2511 570 in
2555 513 2834 571 diversum
2871 513 3167 572 dissociata
3197 513 3544 574 dilacerent?

191 622 433 690 novari,
461 604 592 676 dum
616 614 861 673 deﬁnitio
910 611 1209 670 deliberata
1244 605 1568 681 procederet
1617 620 1632 658 :
1681 617 1806 659 cum
1919 619 2082 677 quam
2125 613 2185 662 ut
2229 604 2470 664 hmreses
2508 607 2878 666 communioni
2927 623 3145 681 scalper
3187 608 3422 668 inimicm
3475 625 3546 667 ex

193 715 408 772 interea
455 708 654 766 mirum
703 703 974 778 quoddam
1031 698 1396 774 praecipitium
1446 693 1814 753 festinationis

188 804 436 871 exarsit,
463 807 525 856 ut
569 814 680 856 non
728 795 1057 868 exspectatis
1097 793 1270 850 literis
1309 788 1677 855 sacci-datum,
1721 784 1816 856 qui

189 895 409 953 fuerant
461 899 649 952 mutua
728 889 958 960 partium
1026 885 1296 956 legatione
1367 879 1614 942 consulti.
1631 919 1649 948 ,
1703 891 1818 934 non

198 983 528 1043 examinatis
555 981 742 1050 rebus,
773 975 828 1037 in
863 979 1115 1037 exsilium
1150 974 1496 1033 traderentur
1522 969 1815 1036 antistites,

193 1075 654 1135 animadversioni
702 1074 854 1146 prius
922 1069 1145 1138 addicti,
1172 1084 1333 1141 quam
1362 1065 1688 1125 sententiam
1724 1064 1818 1136 ju-

193 1168 326 1227 dicii
400 1164 721 1239 episwpalis
767 1164 999 1236 experti.
1049 1161 1298 1233 Denique
1320 1173 1483 1231 quam
1532 1158 1821 1215 immatura

193 1263 291 1320 illa
360 1259 636 1317 damnatio
688 1257 851 1315 fuerit
873 1296 891 1326 ,
958 1268 1050 1313 rea
1117 1251 1387 1326 probavit.
1440 1248 1684 1322 Namque
1728 1248 1812 1318 ii,

194 1370 431 1433 quorum
484 1352 897 1426 exspectabatur
949 1347 1271 1415 auctoritas,
1349 1342 1576 1416 paciﬁca
1624 1342 1819 1400 Joanni

197 1453 460 1524 episcopo
475 1446 862 1507 communione
887 1442 1191 1517 pramissa,
1216 1435 1568 1498 sanciendam
1584 1448 1815 1494 concor-

195 1545 347 1603 diam
366 1551 716 1609 censuerunt,
738 1555 838 1598 nec
866 1551 1192 1612 quemquam
1240 1540 1496 1607 putarunt
1517 1532 1647 1590 ante
1667 1529 1818 1602 judi-

195 1637 348 1697 cium
375 1635 650 1694 consortio
691 1631 1086 1707 repellendum.

288 1729 436 1805 Quid
479 1743 626 1790 nunc
667 1725 813 1790 aliud
855 1728 1135 1797 superest,
1171 1735 1336 1794 quam
1388 1728 1446 1776 ut
1482 1716 1824 1777 Catholicam

1925 707 2074 754 tanta
2103 713 2287 755 rerum
2317 700 2581 758 varietate
2605 703 2944 758 nascantur?
2983 712 3042 760 ut
3064 703 3180 774 jam
3203 705 3405 776 populo
3435 719 3546 761 non

1923 788 2122 846 debeat
2150 790 2425 862 imputari,
2451 791 2498 847 si
2525 790 2665 849 forte
2683 795 2738 849 in
2761 791 3010 851 dissonas
3055 804 3238 866 partes
3269 804 3548 854 sectarum

1923 879 2241 939 diversitate
2260 880 2508 938 discedat
2539 899 2556 940 :
2585 896 2710 940 cum
2737 898 2805 941 ex
2835 887 3160 944 auctoritate
3191 886 3405 959 publica
3426 887 3544 946 dis-

1925 973 2236 1036 cordiarum
2267 976 2526 1034 materies
2571 977 2643 1034 sit
2685 979 2988 1050 praemissa,
3025 989 3083 1039 et
3120 978 3298 1040 fomes
3320 981 3547 1055 quidam

1931 1065 2238 1124 nutrienda
2272 1067 2557 1126 seditionis
2581 1070 2873 1128 animatus.
2921 1073 3080 1142 Quod
3111 1089 3180 1131 ne
3207 1075 3260 1130 in
3291 1090 3544 1149 magnam

1927 1157 2165 1230 aliquam
2193 1159 2413 1232 generis
2439 1160 2665 1220 humani
2701 1163 3000 1235 perniciem
3023 1167 3391 1237 recrudescat,
3419 1180 3548 1228 vota

1931 1249 2177 1310 iacienda
2221 1263 2372 1320 sunt,
2416 1263 2476 1313 ut
2511 1255 2583 1313 ad
2608 1255 2879 1316 humanas
2918 1260 3297 1332 prolapsiones
3333 1264 3549 1335 patiens

1928 1343 2074 1400 Deus
2102 1359 2219 1403 rem
2261 1347 2405 1404 male
2429 1356 2640 1420 gestam
2683 1359 2966 1421 prosperet
2988 1365 3052 1409 ac
3088 1354 3368 1413 secundet.
3408 1356 3547 1414 Nam

1931 1446 2193 1510 quantum
2220 1441 2273 1497 in
2308 1440 2469 1499 nobis
2494 1450 2600 1512 est,
2625 1457 2916 1514 possumus
2940 1445 3134 1504 timere
3157 1448 3304 1520 quod
3331 1457 3547 1520 gestum

1932 1538 2018 1587 est
2050 1548 2065 1588 :
2092 1543 2353 1604 quantum
2376 1534 2445 1593 ad
2473 1535 2729 1608 pietatem
2750 1552 2970 1612 semper
2991 1541 3270 1612 placabilis
3294 1543 3414 1614 Dei,
3435 1559 3546 1603 non

1936 1620 2041 1680 erit
2066 1625 2248 1684 meriti
2269 1626 2564 1699 impunitas
2591 1629 2819 1703 indulta,
2849 1633 2945 1691 sed
2975 1635 3168 1692 venite.
3399 1643 3406 1650 '
