4050 6424
1391 902 1542 990 AD
1631 884 2344 1006 EPISCOPOS,

683 1285 1126 1336 rnnsnv'rnnos
1163 1284 1244 1328 nr
1287 1279 1602 1326 DIACONOS
1657 1280 1738 1325 on
1791 1273 2115 1320 PIETATEM
2169 1272 2233 1315 IN
2281 1269 2574 1315 CABCERE
2622 1265 2922 1312 iucwsos
2953 1239 3056 1328 (η).

281 1791 432 1849 Beati
452 1804 550 1846 vos
575 1790 646 1847 ob
670 1799 968 1851 carcerem,
994 1783 1064 1839 ob
1104 1791 1344 1850 catenas,
1374 1781 1444 1836 ob
1473 1780 1667 1852 injecta
1692 1782 1817 1836 vin.

211 1888 338 1942 cuia
368 1903 382 1940 :
407 1884 571 1950 beati,
599 1883 837 1953 inquam,
865 1886 922 1934 et
946 1886 1030 1933 ter
1054 1874 1222 1943 beati,
1255 1875 1365 1930 imo
1386 1874 1606 1945 smpius.
1623 1873 1823 1930 Totum

209 1979 402 2035 orbem
427 1976 584 2032 vobis
608 1971 937 2030 conciliastis
968 1988 982 2024 :
1014 1970 1178 2026 etiam
1224 1968 1384 2039 longe
1409 1967 1662 2024 absentes
1689 1968 1825 2023 ami-

210 2085 310 2127 cos
336 2070 489 2125 vobis
507 2067 728 2125 fecistis.
757 2065 969 2135 Ubique
998 2070 1265 2118 terrarum
1293 2070 1348 2116 et
1369 2050 1597 2117 marium
1616 2076 1825 2117 canun-

217 2173 306 2218 tur
333 2171 511 2219 vestra
533 2159 792 2232 prmclara
814 2156 1073 2222 facinora,
1105 2153 1389 2222 fortitudo,
1414 2163 1670 2210 constans
1696 2169 1826 2210 sen-

219 2255 409 2322 tentia,
435 2253 755 2324 animusque
775 2248 1000 2305 minime
1029 2247 1265 2304 servilis.
1288 2246 1454 2312 Nihil,
1482 2249 1828 2317 quantumvis

215 2362 382 2418 grave
410 2344 673 2410 videatur,
700 2357 802 2399 vos
827 2340 1092 2398 deterruit
1119 2358 1134 2394 :
1157 2355 1266 2396 non
1296 2338 1554 2406 tribunal,
1580 2354 1688 2395 non
1710 2355 1828 2396 car-

217 2439 388 2506 nifex,
414 2453 518 2493 non
553 2444 948 2493 tormentorum
970 2433 1144 2488 multa
1155 2446 1378 2503 genera,
1404 2446 1512 2486 non
1529 2432 1690 2487 minae
1708 2448 1830 2503 qua:

214 2533 529 2586 innumeras
568 2537 772 2584 mortes
789 2525 1111 2582 nuntiabant
1141 2542 1156 2579 :
1185 2539 1290 2579 non
1305 2521 1491 2594 judex,
1529 2523 1618 2594 qui
1651 2525 1828 2595 ignem

218 2623 290 2679 ab
319 2636 414 2679 ore
439 2620 698 2693 spirabat,
728 2634 836 2675 non
868 2617 1183 2681 adversarii,
1215 2616 1308 2687 qui
1354 2613 1673 2671 frendebant
1696 2615 1828 2671 den-

215 2715 384 2782 tibus,
413 2724 468 2770 et
490 2714 801 2769 innumeras
829 2710 1052 2766 insidias
1083 2709 1386 2777 struebant,
1421 2723 1528 2764 non
1557 2717 1721 2763 tanta;
1743 2723 1832 2763 ca-

217 2807 461 2872 lumniae,
489 2821 599 2861 non
621 2802 1102 2875 impudentissima:
1127 2801 1520 2868 accusationes,
1548 2815 1656 2856 non
1683 2815 1831 2857 mors

217 2908 348 2956 ante
375 2899 564 2955 oculos
593 2897 834 2969 quotidie
861 2895 1157 2966 proposita,
1190 2893 1286 2949 sed
1333 2894 1448 2950 haec
1471 2895 1653 2949 omnia
1679 2894 1832 2949 vobis

219 2991 444 3048 uberem
474 2990 652 3061 potius
675 3004 740 3045 ac
759 2988 1118 3044 sufficientem
1143 2987 1529 3043 consolationis
1548 2987 1829 3042 materiam

217 3086 546 3157 praestitere.
592 3084 661 3140 Et
700 3082 902 3138 idcirco
940 3096 1036 3137 vos
1066 3089 1120 3138 et
1162 3090 1424 3135 coronant
1457 3091 1510 3135 et
1540 3082 1835 3152 praedicant

217 3193 432 3243 omnes,
458 3190 565 3232 non
593 3175 753 3230 amici
780 3175 978 3241 solum,
1010 3173 1104 3229 sed
1133 3181 1186 3228 et
1215 3173 1417 3228 inimici
1465 3174 1565 3243 ipsi
1596 3175 1687 3244 qui
1720 3176 1836 3232 luce

217 3269 547 3335 effecerunt;
578 3267 680 3324 etsi
704 3282 811 3322 non
853 3265 1050 3337 palam,
1079 3265 1175 3320 sed
1202 3265 1246 3319 si
1278 3265 1398 3335 quis
1447 3265 1500 3320 in
1526 3281 1712 3321 eorum
1748 3267 1833 3321 in-

224 3361 506 3432 trospiciat
522 3360 935 3426 conscientiam,
962 3358 1082 3412 illos
1104 3359 1264 3413 etiam
1290 3357 1454 3412 vestri
1476 3357 1835 3414 admiratione

222 3455 400 3512 teneri
427 3452 820 3525 deprehendet.
850 3452 994 3507 Talis
1021 3452 1165 3506 enim
1193 3467 1279 3506 res
1302 3460 1384 3506 est
1406 3451 1595 3517 virtus,
1617 3453 1833 3507 atillam

220 3548 390 3604 etiam
438 3547 841 3617 impugnatores
884 3544 1000 3614 ejus
1039 3542 1407 3607 admirentur;
1460 3544 1580 3598 talis
1622 3559 1708 3598 res
1754 3555 1836 3599 est

227 3641 472 3707 malitia,
499 3648 559 3696 ut
585 3640 745 3695 etiam
779 3639 812 3693 ii
840 3638 930 3708 qui
980 3653 1098 3692 eam
1131 3645 1422 3706 operantur
1451 3638 1831 3693 condemuent.

227 3734 299 3789 Et
325 3734 397 3788 ita
423 3734 475 3787 in
505 3731 605 3787 hac
629 3733 738 3786 vita
783 3746 871 3785 res
905 3741 1099 3784 vestrm
1129 3744 1189 3784 se
1220 3729 1418 3784 habent
1449 3748 1460 3782 :
1495 3745 1614 3799 qure
1656 3739 1834 3785 autem

225 3829 279 3884 in
309 3827 461 3883 caelis
487 3826 641 3889 ﬁunt,
673 3825 792 3895 quis
818 3839 997 3878 sermo
1023 3823 1183 3893 digne
1214 3823 1545 3893 explicabit?
1570 3822 1831 3894 inscripta

225 3931 354 3977 sunt
385 3921 601 3976 nomina
629 3927 806 3974 vestra
839 3919 890 3973 in
938 3918 1079 3972 libro
1103 3917 1225 3972 vita:
1259 3935 1271 3970 :
1301 3932 1420 3971 cum
1453 3919 1654 3973 sanctis
1695 3933 1838 3973 mar-

227 4013 439 4085 tyribus
466 4009 839 4067 connumerati
882 4009 1033 4064 estis.
1084 4009 1206 4063 Scio
1250 4008 1364 4062 haec
1391 4024 1491 4079 ego
1530 4020 1699 4078 certo,
1731 4025 1836 4064 non

224 4106 371 4179 quod
401 4107 455 4160 in
485 4105 676 4160 crclum
706 4103 1151 4166 transcendet-im,
1200 4102 1292 4156 sed
1325 4118 1356 4157 e
1384 4102 1578 4158 divinis
1609 4103 1841 4158 oraculis

228 4200 414 4256 didici.
440 4199 571 4254 Nam
596 4198 642 4254 si
671 4199 910 4254 Joannes
937 4197 1026 4252 ille
1069 4196 1373 4252 infecunda:
1403 4195 1628 4263 fructus,
1663 4207 1717 4252 et
1743 4197 1838 4252 dc-

230 4297 362 4350 serti
398 4292 551 4356 civis,
581 4306 704 4347 cum
737 4290 1074 4360 iilegitimum
1117 4289 1340 4344 vidisset
1380 4289 1610 4345 Herodis
1653 4291 1842 4359 conju-

228 4386 398 4457 gium,
444 4398 566 4438 eum
604 4382 1102 4454 praevaricationtm
1156 4382 1430 4452 corrigere
1475 4398 1580 4436 non
1634 4390 1838 4451 posset,

231 4479 412 4552 arguit
437 4488 636 4545 tamen,
673 4486 728 4532 et
755 4486 1038 4548 propterea
1069 4477 1121 4531 in
1153 4491 1430 4532 carcerem
1467 4477 1765 4547 coniectus,
1791 4485 1844 4532 et

231 4572 569 4630 decollatus‘
592 4613 606 4637 ,
635 4579 861 4640 martyr,
895 4578 949 4624 et
993 4579 1292 4640 martyrum
1337 4570 1541 4640 primus
1573 4570 1670 4625 fuit
1701 4587 1714 4624 :
1747 4586 1843 4626 vos

230 4666 322 4736 qui
353 4664 559 4735 legibus
579 4671 641 4719 .et
665 4661 1139 4718 constitutionibus
1158 4672 1389 4732 patrum,
1413 4678 1547 4733 quas
1577 4671 1845 4734 transgre-

231 4759 454 4814 diuntur
477 4756 662 4826 aliqui,
691 4764 749 4810 et
775 4755 1097 4822 sacerdotio,
1128 4756 1268 4825 quod
1295 4755 1552 4811 invadunt
1578 4765 1633 4812 et
1655 4767 1846 4812 conta-

235 4851 468 4915 minant,
492 4849 927 4919 patrocinamiui,
952 4859 1006 4904 et
1030 4864 1152 4903 cum
1183 4857 1404 4920 propter
1429 4850 1709 4904 veritatem
1734 4851 1847 4905 haec

235 4942 502 5012 patimini,
536 4949 646 4996 tum
670 4949 726 4996 ut
749 4951 965 4997 cessent
994 4938 1674 5012 impudentes‘ealumnirc,
1704 4945 1847 5014 cogi-

237 5046 345 5092 tate
376 5035 588 5106 qualem
623 5036 895 5106 accepturi
937 5036 1052 5090 sitis
1090 5036 1417 5091 mercedem.
1448 5035 1572 5091 Non
1613 5039 1727 5091 licet
1760 5039 1847 5091 tibi

238 5128 421 5182 Itabrre
443 5143 656 5180 uxorem
680 5126 915 5197 Philippi
940 5128 1119 5197 fratris
1146 5130 1218 5181 tui
1241 5128 1456 5199 (Matth.
1492 5130 1580 5183 14.
1612 5131 1691 5200 4),
1716 5131 1850 5186 dixit

239 5221 395 5276 fortis
422 5229 475 5275 et
504 5219 751 5274 sublimis
780 5220 892 5285 ille,
926 5221 1164 5289 satisque
1189 5221 1236 5274 ei
1266 5220 1446 5275 fuitad
1470 5221 1737 5292 ingentem
1761 5239 1846 5276 ar-

234 5313 430 5385 guendi
459 5312 782 5366 libertatem.
819 5307 928 5363 Vos
953 5323 1168 5379 quoque
1199 5309 1436 5374 dixistis,
1479 5311 1557 5364 En
1601 5316 1843 5383 exposita

237 5415 366 5462 sunt
391 5404 553 5461 etiam
584 5411 767 5458 nostra
792 5416 1016 5470 corpora
1045 5400 1241 5470 poenis,
1275 5403 1569 5471 suppliciis,
1602 5412 1840 5462 tormen-

232 5503 300 5557 tis
339 5517 352 5554 :
387 5499 633 5563 absume,
658 5496 866 5551 confice
888 5497 988 5550 ista
1016 5495 1209 5562 quibus
1234 5497 1384 5551 voles
1405 5499 1684 5568 suppliciis
1718 5520 1729 5554 :
1755 5511 1821 5557 ad

233 5593 362 5648 duci
390 5605 496 5646 non
527 5602 815 5658 possumus
839 5597 893 5641 ut
915 5587 1329 5655 calumniemur,
1359 5589 1452 5642 sed
1483 5591 1679 5647 millies
1707 5597 1842 5649 mori

245 5685 397 5740 nobis
425 5683 594 5739 satius
638 5692 739 5736 est.
776 5681 844 5734 At
890 5681 1064 5749 capite
1109 5683 1338 5735 truncati
1380 5699 1485 5738 non
1530 5685 1704 5740 estis:
1742 5688 1848 5741 inm

310 5815 324 5844 ι
364 5813 437 5860 sic
460 5815 568 5858 Mss.
594 5819 784 5857 omnes.
813 5813 862 5853 ιιι
881 5804 1041 5859 luditis,
1067 5809 1113 5853 et
1139 5803 1421 5863 decollatus,
1448 5803 1612 5853 deest.

304 5875 380 5935 (et)
413 5870 591 5922 Oollata
615 5883 724 5920 cum
749 5870 925 5935 vatio,
971 5869 1173 5931 t-‘aliric,
1209 5867 1399 5918 coisliu.
1449 5876 1498 5917 rt
1547 5875 1694 5932 ttcgin
1722 5879 1844 5916 tum:

244 5930 425 6002 εει-εἰμι
450 5943 617 5985 autem
639 5945 764 5983 anno
789 5931 850 5980 i0
861 5930 897 5978 ί.

1843 1508 1918 1520 ——

1940 1786 2102 1857 longe
2124 1786 2404 1844 acerbiora
2422 1783 2642 1841 tulistis.
2662 1782 2780 1839 Non
2808 1784 2954 1838 enim
2977 1783 3119 1840 idem
3147 1793 3228 1841 est
3251 1785 3400 1842 brevi
3425 1795 3561 1844 tem-

1939 1881 2089 1952 poris
2111 1890 2389 1936 momento
2408 1888 2570 1949 caput
2596 1877 2867 1944 amittere,
2896 1885 2956 1933 et
2983 1885 3134 1933 tanto
3169 1887 3414 1951 tempore
3434 1896 3559 1937 cum

1943 1974 2142 2031 talibus
2174 1973 2364 2029 luctari
2391 1972 2691 2039 doloribus,
2739 1971 3060 2040 terroribus,
3101 1973 3286 2039 minis,
3315 1978 3555 2030 carceri-

1944 2069 2069 2136 bus,
2097 2066 2515 2125 abductionibus
2543 2065 2610 2121 ad
2655 2065 2912 2132 tribunal,
2930 2063 3260 2122 carnificum
3289 2068 3562 2134 manibus,

1944 2161 2401 2234 sycophantarum
2449 2159 2933 2230 impudentissimis
2983 2159 3213 2231 linguis,
3265 2162 3562 2230 conviciis,

1945 2257 2150 2314 salibus
2177 2266 2232 2311 et
2261 2254 2663 2312 dicacitatibus.
2692 2253 2829 2310 Nam
2852 2262 2907 2309 et
2934 2253 3040 2309 hoc
3064 2254 3362 2310 maximum
3387 2265 3567 2312 certa-

1947 2348 2111 2403 minis
2140 2360 2333 2419 genus,
2357 2345 2685 2417 poniturque
2712 2360 2742 2399 a
2772 2343 2932 2400 beato
2962 2343 3130 2400 Paulo
3163 2343 3216 2400 in
3247 2359 3568 2416 magnorum

1946 2441 2304 2498 certaminum
2319 2439 2532 2507 ordine,
2560 2453 2682 2494 cum
2710 2438 2789 2494 sic
2816 2438 2889 2492 ait
2913 2456 2927 2493 :
2947 2435 3314 2492 Recordamini
3334 2439 3442 2494 dies
3463 2442 3571 2510 prio

1946 2534 2128 2601 stinos,
2156 2533 2211 2588 in
2233 2534 2414 2604 quibus
2436 2533 2733 2598 illuminati,
2763 2532 2944 2603 ingens
2967 2541 3222 2587 certamen
3240 2533 3571 2604 uﬂlictionum

1946 2627 2260 2681 sustinuistis
2294 2625 2478 2698 (Ifcbr.
2512 2625 2600 2680 iO.
2633 2623 2744 2698 52).
2785 2623 2987 2680 Deinde
3009 2635 3284 2681 certamen
3317 2641 3570 2692 narrans,

1951 2719 2127 2789 ipsum
2157 2717 2309 2787 ponit
2353 2718 2432 2772 sic
2481 2716 2753 2772 dicendo:
2795 2715 2994 2769 Partim
3028 2716 3317 2787 opprobriis
3366 2727 3413 2770 et
3443 2717 3574 2787 αι]ῐὶ-

1948 2812 2204 2865 ctionibus
2233 2809 2579 2880 spectaculum
2611 2809 2735 2881 facti
2759 2825 2777 2863 :
2800 2810 2990 2879 partim
3019 2809 3456 2864 communicantes
3486 2811 3570 2875 iis,

1948 2907 2035 2978 qui
2071 2906 2145 2960 sic
2180 2906 2477 2977 aﬂliguntur
2507 2905 2614 2975 (Ib.
2661 2921 2718 2958 υ.
2748 2903 2862 2977 55).
2893 2904 2950 2960 Si
2979 2920 3110 2976 ergo
3140 2905 3230 2976 qui
3267 2908 3576 2961 communi-

1950 3007 2097 3064 cant,
2145 3007 2378 3064 certant,
2414 2998 2585 3052 multo
2619 3004 2791 3070 magis
2828 2997 2922 3070 qui
2960 2998 3254 3055 sustinent.
3283 2997 3401 3055 Non
3429 2999 3574 3055 enim

1957 3106 2141 3156 unam,
2178 3100 2270 3145 aut
2297 3090 2452 3155 duas,
2499 3099 2590 3145 aut
2622 3098 2752 3158 tres,
2785 3090 2880 3147 sed
2911 3091 3072 3162 longe
3099 3091 3282 3162 plures
3312 3094 3576 3148 sustinui-

1951 3183 2050 3238 stis
2077 3191 2284 3238 mortes
2307 3201 2320 3238 :
2340 3182 2442 3238 etsi
2472 3199 2579 3237 non
2603 3183 2963 3253 experientia,
2993 3191 3202 3239 certum
3227 3193 3412 3241 tamen
3432 3189 3576 3257 quod

1953 3277 2156 3331 animo.
2185 3275 2414 3331 Gaudete
2442 3277 2620 3347 igitur,
2645 3288 2692 3331 et
2722 3278 2978 3332 exsultate
3006 3277 3226 3347 (Matth.
3246 3280 3299 3348 5.
3326 3281 3455 3350 12);
3482 3281 3580 3334 Do-

1955 3372 2135 3427 minus
2185 3372 2442 3427 cmlorum
2484 3373 2647 3442 jussit
2690 3388 2796 3427 non
2848 3374 3027 3428 solum
3075 3389 3183 3430 non
3225 3373 3446 3442 dolere,
3492 3377 3581 3431 vel

1955 3465 2128 3536 frangi
2152 3466 2353 3530 animo,
2379 3465 2465 3520 vel
2497 3464 2772 3532 decidere,
2808 3466 2901 3521 sed
2927 3466 3164 3536 gaudere
3197 3475 3253 3522 ct
3283 3467 3577 3534 exsultare,

1957 3558 2175 3629 quando
2215 3573 2413 3613 nomen
2458 3568 2696 3612 vestrum
2756 3568 3031 3628 tamquam
3081 3559 3283 3613 malum
3338 3559 3579 3629 ejicient.

1959 3654 2111 3722 Quod
2142 3654 2188 3710 si
2217 3654 2266 3708 in
2296 3653 2669 3724 sycophantiis
2705 3653 3050 3723 gaudendum
3079 3671 3094 3719 ;
3121 3653 3340 3724 quando
3369 3653 3454 3708 his
3484 3671 3581 3709 ac-

1959 3747 2159 3804 cedunt
2204 3746 2513 3812 calumniae,
2560 3745 2806 3812 verbera,
2863 3753 3166 3811 tormenta,
3207 3746 3373 3816 gladii
3415 3748 3581 3814 acuti,

1962 3855 2233 3906 carceres,
2257 3847 2484 3905 catenae,
2517 3838 2896 3904 abductiones,
2945 3837 3337 3903 traductiones,
3371 3849 3449 3894 tot
3481 3840 3586 3892 ini-

1965 3932 2228 3988 micorum
2263 3940 2517 3997 catervar,
2555 3931 2787 4000 cogitate
2813 3931 2988 4000 qualis
3020 3933 3252 3997 nier'ces,
3281 3946 3442 4001 quam
3472 3947 3586 3987 eoa.

1963 4033 2197 4081 c'ervata:
2224 4034 2383 4079 erunt
2431 4023 2837 4078 retributiones.
2888 4022 3120 4077 Gaudete
3146 4024 3319 4094 igitur,
3343 4033 3390 4078 et
3411 4027 3588 4078 exsul-

1967 4132 2087 4188 tate,
2120 4120 2303 4174 viriles
2344 4127 2538 4185 estote,
2573 4117 3025 4184 corroboramiui,
3076 4118 3308 4188 cogitate
3338 4129 3468 4188 quot
3499 4134 3588 4175 ve-

1966 4224 2080 4270 stro
2106 4213 2355 4284 exemplo
2382 4213 2447 4267 ad
2472 4213 2767 4269 certamina
2797 4213 3070 4279 armastis,
3090 4221 3221 4282 quot
3240 4213 3588 4269 fluctuaban-

1967 4308 2067 4362 dos
2097 4306 2485 4371 confirmastis,
2535 4320 2697 4377 quam
2730 4306 3026 4360 multorum
3062 4304 3274 4359 animos
3313 4306 3588 4361 exeitastis

1971 4417 2078 4457 non
2113 4400 2463 4470 praesentium
2507 4398 2692 4464 modo,
2743 4396 2840 4452 sed
2884 4397 3046 4451 etiam
3096 4395 3436 4460 absentium;
3481 4412 3588 4452 non

1971 4511 2338 4551 :erumnarum
2364 4503 2667 4548 vestrarum
2715 4498 3036 4562 conspectu,
3065 4491 3164 4547 sed
3192 4507 3377 4547 earum
3407 4491 3588 4547 auditu

1972 4591 2144 4646 solum
2168 4588 2418 4659 plurimis
2439 4586 2627 4656 procul
2654 4585 2844 4656 positis
2867 4600 3115 4656 magnam
3137 4585 3422 4640 utilitatem
3447 4595 3587 4640 attu-

1973 4685 2131 4740 listis.
2159 4682 2431 4738 Continuo
2465 4688 2709 4736 versetur
2742 4680 2797 4733 in
2838 4694 2935 4734 ore
2963 4687 3146 4734 vestro
3174 4679 3305 4734 illud
3331 4680 3587 4748 apostoli-

1973 4797 2094 4835 cum
2124 4779 2327 4832 dictum
2364 4794 2377 4829 :
2409 4775 2532 4829 Non
2560 4783 2678 4828 sunt
2705 4774 2978 4845 condigna:
3005 4774 3267 4844 passiones
3299 4773 3450 4843 ‘tujus
3474 4785 3587 4828 tem-

1977 4874 2114 4941 poris
2148 4871 2215 4923 ad
2258 4874 2486 4939 futuram
2517 4868 2737 4939 gloriam
2763 4868 2818 4920 in
2873 4867 3017 4920 nobis
3060 4867 3386 4920 revelantlam
3415 4865 3592 4937 (Rom_

1977 4966 2027 5020 8.
2061 4964 2170 5030 18).
2200 4963 2522 5028 Exspectate
2555 4979 2566 5012 :
2600 4960 2747 5014 brevi
2769 4959 3128 5014 tentationum
3158 4957 3278 5013 finis
3301 4959 3424 5024 crit,
3462 4961 3603 5015 Iibe-

1973 5048 2230 5118 ratioque‘
2252 5049 2511 5118 perfecta.
2541 5049 2704 5104 Orate
2726 5051 2888 5104 etiam
2912 5049 3114 5120 jugiter
3137 5065 3234 5119 pro
3263 5049 3435 5102 nobis.
3462 5048 3598 5103 Nam

1967 5141 2067 5197 etsi
2114 5142 2275 5212 longo
2305 5142 2510 5196 viarum
2567 5143 2852 5198 intervallo
2903 5144 3284 5214 disjungiinur,
3317 5144 3579 5209 multqu

1977 5247 2224 5308 tempore
2257 5253 2287 5292 a
2314 5238 2470 5293 vobis
2518 5240 2787 5309 segregati
2844 5254 3031 5293 sumus
3066 5257 3077 5292 :
3113 5248 3349 5292 attamen
3396 5253 3493 5292 vos
3540 5249 3589 5290 ttl

1973 5339 2270 5398 prazscntes
2298 5338 2355 5385 et
2405 5332 2689 5387 nobiscum
2718 5341 2999 5387 versantes
3024 5332 3456 5400 complectimur,
3494 5347 3585 5386 vc-

1964 5431 2139 5476 strum
2165 5422 2396 5476 amicum
2421 5432 2583 5491 caput
2612 5423 3015 5488 exosculamur,
3037 5431 3325 5476 coronatos
3358 5422 3592 5478 victores

1962 5524 2058 5564 vos
2086 5509 2341 5579 expansis
2371 5508 2623 5564 manibus
2649 5508 2972 5577 excipimus,
3001 5515 3379 5576 exspectantes
3403 5515 3456 5561 ct
3478 5509 3577 5577 ipsi

1959 5619 2024 5658 ex
2054 5612 2240 5658 mutua
2272 5616 2402 5671 erga
2428 5617 2526 5657 vos
2554 5602 2783 5656 caritate
2832 5601 3040 5655 lucrum
3073 5601 3390 5654 maximum.
3443 5600 3576 5656 Nam

1959 5698 2002 5752 si
2036 5711 2286 5767 magnam
2319 5694 2633 5750 mercedem
2677 5702 3002 5765 exspectare
3057 5694 3184 5749 licet
3228 5695 3293 5749 iis
3344 5697 3434 5761 qui
3482 5710 3579 5749 vus

1959 5798 2142 5845 amant
2173 5802 2185 5842 :
2222 5787 2458 5858 cogitate
2494 5785 2674 5857 qualia
2710 5801 2826 5850 vos,
2875 5786 2962 5856 qui
2993 5794 3070 5840 tot
3099 5787 3153 5840 in
3189 5784 3576 5842 certaminibus

1961 5883 2089 5940 clari
2123 5891 2174 5939 et
2203 5881 2436 5952 insignes
2463 5880 2663 5948 fuistis,
2699 5888 2949 5944 maneant
2977 5878 3219 5951 przcmia.
