  <div class='ocr_page' id='page_1' title='image "/cluster/home/n/w/nwhite01/storage/ocr_20150623/52/ien.35556001660794/165.png"; bbox 0 0 4050 6436; ppageno 0'>
   <div class='ocr_carea' id='block_1_1' title="bbox 591 383 3858 453">
    <p class='ocr_par' dir='ltr' id='par_1_1' title="bbox 591 383 3858 453">
     <span class='ocr_line' id='line_1_1' title="bbox 591 383 3858 453; baseline -0 -1"><span class='ocrx_word' id='word_1_1' title='bbox 591 390 700 452; x_wconf 68' lang='grc' dir='ltr'><strong>ωδ</strong></span> <span class='ocrx_word' id='word_1_2' title='bbox 1280 397 1336 453; x_wconf 88' lang='lat' dir='ltr'><strong>s.</strong></span> <span class='ocrx_word' id='word_1_3' title='bbox 1376 396 1663 453; x_wconf 78' lang='lat' dir='ltr'><strong>.IOANNIS</strong></span> <span class='ocrx_word' id='word_1_4' title='bbox 1700 383 2192 453; x_wconf 67' lang='lat' dir='ltr'><strong>cunvsosrom</strong></span> <span class='ocrx_word' id='word_1_5' title='bbox 2233 393 2552 450; x_wconf 75' lang='lat' dir='ltr'><strong>ARCHILI&#39;.</strong></span> <span class='ocrx_word' id='word_1_6' title='bbox 2591 393 3137 452; x_wconf 72' lang='lat' dir='ltr'><strong>CONSTAMINoP.</strong></span> <span class='ocrx_word' id='word_1_7' title='bbox 3751 390 3858 451; x_wconf 72' lang='lat' dir='ltr'><strong>su</strong></span> 
     </span>
    </p>
   </div>
   <div class='ocr_carea' id='block_1_2' title="bbox 520 575 3856 618">
    <p class='ocr_par' dir='ltr' id='par_1_2' title="bbox 520 575 3856 618">
     <span class='ocr_line' id='line_1_2' title="bbox 520 575 3856 618; baseline -0.002 0"><span class='ocrx_word' id='word_1_8' title='bbox 520 593 533 597; x_wconf 82' lang='lat'>&#39;</span> 
     </span>
    </p>
   </div>
   <div class='ocr_carea' id='block_1_3' title="bbox 1847 921 2606 1040">
    <p class='ocr_par' dir='ltr' id='par_1_3' title="bbox 1847 921 2606 1040">
     <span class='ocr_line' id='line_1_3' title="bbox 1847 921 2606 1040; baseline 0.009 -7"><span class='ocrx_word' id='word_1_9' title='bbox 1847 921 2606 1040; x_wconf 36' lang='lat' dir='ltr'><strong>ADMONITIO&#39;</strong></span> 
     </span>
    </p>
   </div>
   <div class='ocr_carea' id='block_1_4' title="bbox 1309 1137 3142 1254">
    <p class='ocr_par' dir='ltr' id='par_1_4' title="bbox 1309 1137 3142 1254">
     <span class='ocr_line' id='line_1_4' title="bbox 1309 1137 3142 1254; baseline 0.001 -4"><span class='ocrx_word' id='word_1_10' title='bbox 1309 1185 1387 1250; x_wconf 71' lang='grc' dir='ltr'><strong>ΙΝ</strong></span> <span class='ocrx_word' id='word_1_11' title='bbox 1451 1137 1856 1245; x_wconf 82' lang='lat' dir='ltr'><strong>EPISTOLAS</strong></span> <span class='ocrx_word' id='word_1_12' title='bbox 1919 1186 2184 1246; x_wconf 80' lang='lat' dir='ltr'><strong>SANCTI</strong></span> <span class='ocrx_word' id='word_1_13' title='bbox 2245 1187 2558 1246; x_wconf 72' lang='lat' dir='ltr'><strong>JOANNIS</strong></span> <span class='ocrx_word' id='word_1_14' title='bbox 2617 1187 3142 1254; x_wconf 71' lang='lat' dir='ltr'><strong>CIIRYSOSTOMI</strong></span> 
     </span>
    </p>
   </div>
   <div class='ocr_carea' id='block_1_5' title="bbox 1494 1393 2904 1450">
    <p class='ocr_par' dir='ltr' id='par_1_5' title="bbox 1494 1393 2904 1450">
     <span class='ocr_line' id='line_1_5' title="bbox 1494 1393 2904 1450; baseline -0.001 -8"><span class='ocrx_word' id='word_1_15' title='bbox 1494 1397 1582 1443; x_wconf 76' lang='lat' dir='ltr'><strong>AD</strong></span> <span class='ocrx_word' id='word_1_16' title='bbox 1622 1393 2073 1445; x_wconf 71' lang='grc' dir='ltr'><strong>οιΥΜΡιΑοεΜ</strong></span> <span class='ocrx_word' id='word_1_17' title='bbox 2116 1394 2201 1446; x_wconf 76' lang='lat' dir='ltr'><strong>EI’</strong></span> <span class='ocrx_word' id='word_1_18' title='bbox 2249 1395 2334 1444; x_wconf 78' lang='lat' dir='ltr'><strong>AD</strong></span> <span class='ocrx_word' id='word_1_19' title='bbox 2375 1394 2572 1450; x_wconf 72' lang='lat' dir='ltr'><strong>ALIOS</strong></span> <span class='ocrx_word' id='word_1_20' title='bbox 2615 1393 2904 1448; x_wconf 74' lang='lat' dir='ltr'><strong>HULTOS.</strong></span> 
     </span>
    </p>
   </div>
   <div class='ocr_carea' id='block_1_6' title="bbox 652 1633 3849 1708">
    <p class='ocr_par' dir='ltr' id='par_1_6' title="bbox 652 1633 3849 1708">
     <span class='ocr_line' id='line_1_6' title="bbox 652 1633 3849 1708; baseline 0.001 -20"><span class='ocrx_word' id='word_1_21' title='bbox 652 1635 1018 1704; x_wconf 78' lang='lat' dir='ltr'><strong>Epistolarum</strong></span> <span class='ocrx_word' id='word_1_22' title='bbox 1046 1635 1102 1692; x_wconf 91' lang='lat' dir='ltr'><strong>S.</strong></span> <span class='ocrx_word' id='word_1_23' title='bbox 1133 1636 1358 1690; x_wconf 74' lang='lat' dir='ltr'><strong>Joannis</strong></span> <span class='ocrx_word' id='word_1_24' title='bbox 1415 1639 1794 1707; x_wconf 85' lang='lat' dir='ltr'><strong>Chrysostomi</strong></span> <span class='ocrx_word' id='word_1_25' title='bbox 1840 1655 2027 1694; x_wconf 80' lang='lat' dir='ltr'><strong>verum</strong></span> <span class='ocrx_word' id='word_1_26' title='bbox 2077 1642 2327 1696; x_wconf 74' lang='lat' dir='ltr'><strong>ordinem</strong></span> <span class='ocrx_word' id='word_1_27' title='bbox 2358 1641 2574 1708; x_wconf 84' lang='lat' dir='ltr'><strong>assequi</strong></span> <span class='ocrx_word' id='word_1_28' title='bbox 2612 1640 2878 1695; x_wconf 82' lang='lat' dir='ltr'><strong>hactenus</strong></span> <span class='ocrx_word' id='word_1_29' title='bbox 2909 1652 3014 1690; x_wconf 85' lang='lat' dir='ltr'><strong>non</strong></span> <span class='ocrx_word' id='word_1_30' title='bbox 3047 1633 3327 1704; x_wconf 93' lang='lat' dir='ltr'><strong>potuimus</strong></span> <span class='ocrx_word' id='word_1_31' title='bbox 3361 1651 3374 1689; x_wconf 89' lang='lat'><strong>:</strong></span> <span class='ocrx_word' id='word_1_32' title='bbox 3403 1650 3530 1689; x_wconf 89' lang='lat' dir='ltr'><strong>nam</strong></span> <span class='ocrx_word' id='word_1_33' title='bbox 3563 1637 3640 1700; x_wconf 88' lang='lat' dir='ltr'><strong>is,</strong></span> <span class='ocrx_word' id='word_1_34' title='bbox 3672 1649 3849 1706; x_wconf 84' lang='lat' dir='ltr'><strong>quem.</strong></span> 
     </span>
    </p>
   </div>
   <div class='ocr_carea' id='block_1_7' title="bbox 585 1754 3839 1827">
    <p class='ocr_par' dir='ltr' id='par_1_7' title="bbox 585 1754 3839 1827">
     <span class='ocr_line' id='line_1_7' title="bbox 585 1754 3839 1827; baseline 0.001 -20"><span class='ocrx_word' id='word_1_35' title='bbox 585 1771 696 1824; x_wconf 79' lang='lat' dir='ltr'><strong>pra:</strong></span> <span class='ocrx_word' id='word_1_36' title='bbox 745 1769 802 1809; x_wconf 90' lang='lat' dir='ltr'><strong>se</strong></span> <span class='ocrx_word' id='word_1_37' title='bbox 863 1755 1046 1810; x_wconf 76' lang='lat' dir='ltr'><strong>ferunt</strong></span> <span class='ocrx_word' id='word_1_38' title='bbox 1083 1755 1362 1811; x_wconf 85' lang='lat' dir='ltr'><strong>Editiones</strong></span> <span class='ocrx_word' id='word_1_39' title='bbox 1416 1755 1647 1822; x_wconf 70' lang='lat' dir='ltr'><strong>Morelli,</strong></span> <span class='ocrx_word' id='word_1_40' title='bbox 1688 1773 1789 1812; x_wconf 91' lang='lat' dir='ltr'><strong>nec</strong></span> <span class='ocrx_word' id='word_1_41' title='bbox 1843 1768 2175 1827; x_wconf 75' lang='lat' dir='ltr'><strong>temporum,</strong></span> <span class='ocrx_word' id='word_1_42' title='bbox 2211 1775 2312 1813; x_wconf 91' lang='lat' dir='ltr'><strong>nec</strong></span> <span class='ocrx_word' id='word_1_43' title='bbox 2347 1773 2705 1827; x_wconf 83' lang='lat' dir='ltr'><strong>personarum</strong></span> <span class='ocrx_word' id='word_1_44' title='bbox 2738 1757 2804 1811; x_wconf 87' lang='lat' dir='ltr'><strong>ad</strong></span> <span class='ocrx_word' id='word_1_45' title='bbox 2834 1770 2976 1826; x_wconf 73' lang='lat' dir='ltr'><strong>quas</strong></span> <span class='ocrx_word' id='word_1_46' title='bbox 3011 1754 3253 1826; x_wconf 70' lang='lat' dir='ltr'><strong>epistola:</strong></span> <span class='ocrx_word' id='word_1_47' title='bbox 3276 1755 3593 1823; x_wconf 80' lang='lat' dir='ltr'><strong>mittuntur,</strong></span> <span class='ocrx_word' id='word_1_48' title='bbox 3627 1765 3839 1812; x_wconf 85' lang='lat' dir='ltr'><strong>rectam</strong></span> 
     </span>
    </p>
   </div>
   <div class='ocr_carea' id='block_1_8' title="bbox 572 1867 3837 1943">
    <p class='ocr_par' dir='ltr' id='par_1_8' title="bbox 572 1867 3837 1943">
     <span class='ocr_line' id='line_1_8' title="bbox 572 1867 3837 1943; baseline 0 -21"><span class='ocrx_word' id='word_1_49' title='bbox 572 1867 766 1922; x_wconf 78' lang='lat' dir='ltr'><strong>seriem</strong></span> <span class='ocrx_word' id='word_1_50' title='bbox 819 1868 1060 1930; x_wconf 76' lang='lat' dir='ltr'><strong>exhibet.</strong></span> <span class='ocrx_word' id='word_1_51' title='bbox 1093 1869 1154 1924; x_wconf 75' lang='lat' dir='ltr'><strong>In</strong></span> <span class='ocrx_word' id='word_1_52' title='bbox 1211 1869 1456 1925; x_wconf 87' lang='lat' dir='ltr'><strong>omnium</strong></span> <span class='ocrx_word' id='word_1_53' title='bbox 1510 1871 1717 1941; x_wconf 91' lang='lat' dir='ltr'><strong>optimo</strong></span> <span class='ocrx_word' id='word_1_54' title='bbox 1768 1879 1824 1927; x_wconf 89' lang='lat' dir='ltr'><strong>et</strong></span> <span class='ocrx_word' id='word_1_55' title='bbox 1873 1872 2259 1943; x_wconf 89' lang='lat' dir='ltr'><strong>antiquissimo</strong></span> <span class='ocrx_word' id='word_1_56' title='bbox 2309 1871 2512 1926; x_wconf 81' lang='lat' dir='ltr'><strong>Codice</strong></span> <span class='ocrx_word' id='word_1_57' title='bbox 2547 1870 2890 1927; x_wconf 81' lang='lat' dir='ltr'><strong>Coisliuiano</strong></span> <span class='ocrx_word' id='word_1_58' title='bbox 2925 1870 3282 1940; x_wconf 86' lang='lat' dir='ltr'><strong>epistolarum</strong></span> <span class='ocrx_word' id='word_1_59' title='bbox 3316 1869 3452 1924; x_wconf 86' lang='lat' dir='ltr'><strong>ordo</strong></span> <span class='ocrx_word' id='word_1_60' title='bbox 3491 1884 3623 1925; x_wconf 89' lang='lat' dir='ltr'><strong>cum</strong></span> <span class='ocrx_word' id='word_1_61' title='bbox 3653 1867 3837 1923; x_wconf 85' lang='lat' dir='ltr'><strong>Editis</strong></span> 
     </span>
    </p>
   </div>
   <div class='ocr_carea' id='block_1_9' title="bbox 571 1983 3831 2058">
    <p class='ocr_par' dir='ltr' id='par_1_9' title="bbox 571 1983 3831 2058">
     <span class='ocr_line' id='line_1_9' title="bbox 571 1983 3831 2058; baseline -0.002 -16"><span class='ocrx_word' id='word_1_62' title='bbox 571 2003 679 2042; x_wconf 84' lang='lat' dir='ltr'><strong>non</strong></span> <span class='ocrx_word' id='word_1_63' title='bbox 718 1987 1010 2053; x_wconf 83' lang='lat' dir='ltr'><strong>consentit,</strong></span> <span class='ocrx_word' id='word_1_64' title='bbox 1035 1997 1198 2056; x_wconf 91' lang='lat' dir='ltr'><strong>atque</strong></span> <span class='ocrx_word' id='word_1_65' title='bbox 1223 1995 1278 2042; x_wconf 91' lang='lat' dir='ltr'><strong>et</strong></span> <span class='ocrx_word' id='word_1_66' title='bbox 1331 1987 1447 2058; x_wconf 90' lang='lat' dir='ltr'><strong>ipse</strong></span> <span class='ocrx_word' id='word_1_67' title='bbox 1500 1987 1914 2043; x_wconf 88' lang='lat' dir='ltr'><strong>interturbatam</strong></span> <span class='ocrx_word' id='word_1_68' title='bbox 1973 1990 2169 2044; x_wconf 89' lang='lat' dir='ltr'><strong>seriem</strong></span> <span class='ocrx_word' id='word_1_69' title='bbox 2205 1989 2427 2046; x_wconf 81' lang='lat' dir='ltr'><strong>exhibet</strong></span> <span class='ocrx_word' id='word_1_70' title='bbox 2455 2030 2472 2053; x_wconf 90' lang='lat'><strong>,</strong></span> <span class='ocrx_word' id='word_1_71' title='bbox 2508 1989 2721 2058; x_wconf 77' lang='lat' dir='ltr'><strong>qualem</strong></span> <span class='ocrx_word' id='word_1_72' title='bbox 2750 1988 3004 2043; x_wconf 85' lang='lat' dir='ltr'><strong>dedimus</strong></span> <span class='ocrx_word' id='word_1_73' title='bbox 3034 1987 3089 2041; x_wconf 90' lang='lat' dir='ltr'><strong>in</strong></span> <span class='ocrx_word' id='word_1_74' title='bbox 3118 1985 3452 2041; x_wconf 71' lang='lat' dir='ltr'><strong>Bibliotheca</strong></span> <span class='ocrx_word' id='word_1_75' title='bbox 3485 1983 3831 2040; x_wconf 78' lang='lat' dir='ltr'><strong>Coisliniana</strong></span> 
     </span>
    </p>
   </div>
   <div class='ocr_carea' id='block_1_10' title="bbox 569 2101 3818 2175">
    <p class='ocr_par' dir='ltr' id='par_1_10' title="bbox 569 2101 3818 2175">
     <span class='ocr_line' id='line_1_10' title="bbox 569 2101 3818 2175; baseline 0 -21"><span class='ocrx_word' id='word_1_76' title='bbox 569 2118 622 2174; x_wconf 86' lang='lat' dir='ltr'><strong>p.</strong></span> <span class='ocrx_word' id='word_1_77' title='bbox 660 2101 781 2157; x_wconf 83' lang='lat'><strong>565.</strong></span> <span class='ocrx_word' id='word_1_78' title='bbox 837 2101 1033 2165; x_wconf 61' lang='lat' dir='ltr'><strong>Caneri</strong></span> <span class='ocrx_word' id='word_1_79' title='bbox 1092 2114 1273 2159; x_wconf 90' lang='lat' dir='ltr'><strong>autem</strong></span> <span class='ocrx_word' id='word_1_80' title='bbox 1330 2103 1459 2160; x_wconf 77' lang='lat' dir='ltr'><strong>Mss.</strong></span> <span class='ocrx_word' id='word_1_81' title='bbox 1515 2103 1667 2175; x_wconf 74' lang='lat' dir='ltr'><strong>Regii</strong></span> <span class='ocrx_word' id='word_1_82' title='bbox 1730 2106 1844 2160; x_wconf 85' lang='lat' dir='ltr'><strong>sive</strong></span> <span class='ocrx_word' id='word_1_83' title='bbox 1908 2104 2158 2161; x_wconf 75' lang='lat' dir='ltr'><strong>Vaticani</strong></span> <span class='ocrx_word' id='word_1_84' title='bbox 2189 2121 2288 2161; x_wconf 89' lang='lat' dir='ltr'><strong>nec</strong></span> <span class='ocrx_word' id='word_1_85' title='bbox 2330 2121 2454 2161; x_wconf 88' lang='lat' dir='ltr'><strong>cum</strong></span> <span class='ocrx_word' id='word_1_86' title='bbox 2502 2106 2607 2160; x_wconf 90' lang='lat' dir='ltr'><strong>hoc</strong></span> <span class='ocrx_word' id='word_1_87' title='bbox 2659 2120 2758 2160; x_wconf 87' lang='lat' dir='ltr'><strong>nec</strong></span> <span class='ocrx_word' id='word_1_88' title='bbox 2787 2120 2912 2159; x_wconf 91' lang='lat' dir='ltr'><strong>cum</strong></span> <span class='ocrx_word' id='word_1_89' title='bbox 2942 2103 3118 2160; x_wconf 89' lang='lat' dir='ltr'><strong>Editis</strong></span> <span class='ocrx_word' id='word_1_90' title='bbox 3162 2103 3537 2161; x_wconf 87' lang='lat' dir='ltr'><strong>consentiunt.</strong></span> <span class='ocrx_word' id='word_1_91' title='bbox 3574 2101 3818 2156; x_wconf 77' lang='lat' dir='ltr'><strong>Savilius</strong></span> 
     </span>
    </p>
   </div>
   <div class='ocr_carea' id='block_1_11' title="bbox 569 2216 3823 2295">
    <p class='ocr_par' dir='ltr' id='par_1_11' title="bbox 569 2216 3823 2295">
     <span class='ocr_line' id='line_1_11' title="bbox 569 2216 3823 2295; baseline 0.001 -26"><span class='ocrx_word' id='word_1_92' title='bbox 569 2216 828 2285; x_wconf 83' lang='lat' dir='ltr'><strong>epistolas</strong></span> <span class='ocrx_word' id='word_1_93' title='bbox 878 2233 1068 2275; x_wconf 88' lang='lat' dir='ltr'><strong>omnes</strong></span> <span class='ocrx_word' id='word_1_94' title='bbox 1106 2219 1299 2280; x_wconf 70' lang='lat' dir='ltr'><strong>ordine</strong></span> <span class='ocrx_word' id='word_1_95' title='bbox 1337 2220 1682 2291; x_wconf 76' lang='lat' dir='ltr'><strong>alphabetico</strong></span> <span class='ocrx_word' id='word_1_96' title='bbox 1715 2221 1986 2292; x_wconf 88' lang='lat' dir='ltr'><strong>disposuit</strong></span> <span class='ocrx_word' id='word_1_97' title='bbox 2020 2239 2034 2288; x_wconf 92' lang='lat'>;</span> <span class='ocrx_word' id='word_1_98' title='bbox 2078 2222 2152 2278; x_wconf 91' lang='lat' dir='ltr'><strong>ita</strong></span> <span class='ocrx_word' id='word_1_99' title='bbox 2201 2230 2260 2278; x_wconf 85' lang='lat' dir='ltr'><strong>ut</strong></span> <span class='ocrx_word' id='word_1_100' title='bbox 2292 2238 2328 2276; x_wconf 66' lang='grc' dir='ltr'><strong>ιι</strong></span> <span class='ocrx_word' id='word_1_101' title='bbox 2365 2223 2683 2279; x_wconf 84' lang='lat' dir='ltr'><strong>nominibus</strong></span> <span class='ocrx_word' id='word_1_102' title='bbox 2710 2237 3096 2295; x_wconf 85' lang='lat' dir='ltr'><strong>personarum,</strong></span> <span class='ocrx_word' id='word_1_103' title='bbox 3138 2225 3206 2279; x_wconf 93' lang='lat' dir='ltr'><strong>ad</strong></span> <span class='ocrx_word' id='word_1_104' title='bbox 3237 2239 3376 2294; x_wconf 91' lang='lat' dir='ltr'><strong>quas</strong></span> <span class='ocrx_word' id='word_1_105' title='bbox 3406 2223 3660 2294; x_wconf 64' lang='lat' dir='ltr'><strong>epistolae</strong></span> <span class='ocrx_word' id='word_1_106' title='bbox 3689 2219 3823 2277; x_wconf 88' lang='lat' dir='ltr'><strong>diri-</strong></span> 
     </span>
    </p>
   </div>
   <div class='ocr_carea' id='block_1_12' title="bbox 572 2331 3831 2405">
    <p class='ocr_par' dir='ltr' id='par_1_12' title="bbox 572 2331 3831 2405">
     <span class='ocr_line' id='line_1_12' title="bbox 572 2331 3831 2405; baseline 0.001 -21"><span class='ocrx_word' id='word_1_107' title='bbox 572 2339 794 2400; x_wconf 75' lang='lat' dir='ltr'><strong>guntur,</strong></span> <span class='ocrx_word' id='word_1_108' title='bbox 830 2331 1000 2386; x_wconf 86' lang='lat' dir='ltr'><strong>series</strong></span> <span class='ocrx_word' id='word_1_109' title='bbox 1031 2345 1218 2386; x_wconf 86' lang='lat' dir='ltr'><strong>earum</strong></span> <span class='ocrx_word' id='word_1_110' title='bbox 1257 2331 1492 2388; x_wconf 81' lang='lat' dir='ltr'><strong>ducatur</strong></span> <span class='ocrx_word' id='word_1_111' title='bbox 1524 2351 1538 2388; x_wconf 90' lang='lat'><strong>:</strong></span> <span class='ocrx_word' id='word_1_112' title='bbox 1579 2333 1681 2403; x_wconf 82' lang='lat' dir='ltr'><strong>qui</strong></span> <span class='ocrx_word' id='word_1_113' title='bbox 1703 2333 1838 2390; x_wconf 84' lang='lat' dir='ltr'><strong>ordo</strong></span> <span class='ocrx_word' id='word_1_114' title='bbox 1888 2332 2104 2394; x_wconf 89' lang='lat' dir='ltr'><strong>etiamsi</strong></span> <span class='ocrx_word' id='word_1_115' title='bbox 2134 2333 2269 2402; x_wconf 89' lang='lat' dir='ltr'><strong>quid</strong></span> <span class='ocrx_word' id='word_1_116' title='bbox 2308 2335 2558 2392; x_wconf 81' lang='lat' dir='ltr'><strong>utilitatis</strong></span> <span class='ocrx_word' id='word_1_117' title='bbox 2591 2350 2702 2404; x_wconf 66' lang='lat' dir='ltr'><strong>prce</strong></span> <span class='ocrx_word' id='word_1_118' title='bbox 2724 2349 2786 2389; x_wconf 87' lang='lat' dir='ltr'><strong>se</strong></span> <span class='ocrx_word' id='word_1_119' title='bbox 2816 2332 2974 2400; x_wconf 79' lang='lat' dir='ltr'><strong>ferat,</strong></span> <span class='ocrx_word' id='word_1_120' title='bbox 3011 2349 3120 2389; x_wconf 87' lang='lat' dir='ltr'><strong>non</strong></span> <span class='ocrx_word' id='word_1_121' title='bbox 3159 2346 3246 2390; x_wconf 85' lang='lat' dir='ltr'><strong>est.</strong></span> <span class='ocrx_word' id='word_1_122' title='bbox 3275 2343 3459 2390; x_wconf 89' lang='lat' dir='ltr'><strong>tamen</strong></span> <span class='ocrx_word' id='word_1_123' title='bbox 3490 2336 3831 2405; x_wconf 87' lang='lat' dir='ltr'><strong>amplecten—</strong></span> 
     </span>
    </p>
   </div>
   <div class='ocr_carea' id='block_1_13' title="bbox 569 2433 3835 2525">
    <p class='ocr_par' dir='ltr' id='par_1_13' title="bbox 569 2433 3835 2525">
     <span class='ocr_line' id='line_1_13' title="bbox 569 2433 3835 2525; baseline 0.002 -19"><span class='ocrx_word' id='word_1_124' title='bbox 569 2451 692 2507; x_wconf 89' lang='lat' dir='ltr'><strong>dus.</strong></span> <span class='ocrx_word' id='word_1_125' title='bbox 716 2452 770 2507; x_wconf 90' lang='lat' dir='ltr'><strong>Si</strong></span> <span class='ocrx_word' id='word_1_126' title='bbox 801 2453 1025 2507; x_wconf 84' lang='lat' dir='ltr'><strong>omnino</strong></span> <span class='ocrx_word' id='word_1_127' title='bbox 1079 2455 1448 2523; x_wconf 84' lang='lat' dir='ltr'><strong>potuissemus</strong></span> <span class='ocrx_word' id='word_1_128' title='bbox 1506 2456 1768 2525; x_wconf 77' lang='lat' dir='ltr'><strong>temporis</strong></span> <span class='ocrx_word' id='word_1_129' title='bbox 1810 2455 2060 2510; x_wconf 87' lang='lat' dir='ltr'><strong>ordinem</strong></span> <span class='ocrx_word' id='word_1_130' title='bbox 2120 2465 2330 2511; x_wconf 76' lang='lat' dir='ltr'><strong>certum</strong></span> <span class='ocrx_word' id='word_1_131' title='bbox 2362 2433 2526 2524; x_wconf 82' lang='lat' dir='ltr'><strong>atque</strong></span> <span class='ocrx_word' id='word_1_132' title='bbox 2557 2455 2924 2510; x_wconf 86' lang='lat' dir='ltr'><strong>indubitatum</strong></span> <span class='ocrx_word' id='word_1_133' title='bbox 2960 2454 3014 2507; x_wconf 92' lang='lat' dir='ltr'><strong>in</strong></span> <span class='ocrx_word' id='word_1_134' title='bbox 3038 2453 3284 2525; x_wconf 86' lang='lat' dir='ltr'><strong>epistolis</strong></span> <span class='ocrx_word' id='word_1_135' title='bbox 3316 2454 3679 2522; x_wconf 86' lang='lat' dir='ltr'><strong>constituere,</strong></span> <span class='ocrx_word' id='word_1_136' title='bbox 3717 2455 3835 2511; x_wconf 64' lang='lat' dir='ltr'><strong>hac</strong></span> 
     </span>
    </p>
   </div>
   <div class='ocr_carea' id='block_1_14' title="bbox 567 2568 3835 2638">
    <p class='ocr_par' dir='ltr' id='par_1_14' title="bbox 567 2568 3835 2638">
     <span class='ocr_line' id='line_1_14' title="bbox 567 2568 3835 2638; baseline -0.001 -14"><span class='ocrx_word' id='word_1_137' title='bbox 567 2577 713 2625; x_wconf 90' lang='lat' dir='ltr'><strong>certe</strong></span> <span class='ocrx_word' id='word_1_138' title='bbox 749 2568 944 2624; x_wconf 76' lang='lat' dir='ltr'><strong>fuisset</strong></span> <span class='ocrx_word' id='word_1_139' title='bbox 974 2584 1104 2623; x_wconf 88' lang='lat' dir='ltr'><strong>vera</strong></span> <span class='ocrx_word' id='word_1_140' title='bbox 1130 2577 1184 2623; x_wconf 90' lang='lat' dir='ltr'><strong>et</strong></span> <span class='ocrx_word' id='word_1_141' title='bbox 1216 2571 1465 2624; x_wconf 78' lang='lat' dir='ltr'><strong>omnium</strong></span> <span class='ocrx_word' id='word_1_142' title='bbox 1499 2570 1793 2626; x_wconf 86' lang='lat' dir='ltr'><strong>utilissima</strong></span> <span class='ocrx_word' id='word_1_143' title='bbox 1844 2569 2131 2626; x_wconf 86' lang='lat' dir='ltr'><strong>ordinandi</strong></span> <span class='ocrx_word' id='word_1_144' title='bbox 2153 2571 2294 2625; x_wconf 85' lang='lat' dir='ltr'><strong>ratio</strong></span> <span class='ocrx_word' id='word_1_145' title='bbox 2328 2589 2343 2638; x_wconf 86' lang='lat'><strong>;</strong></span> <span class='ocrx_word' id='word_1_146' title='bbox 2377 2580 2434 2624; x_wconf 89' lang='lat' dir='ltr'><strong>at</strong></span> <span class='ocrx_word' id='word_1_147' title='bbox 2489 2569 2622 2624; x_wconf 91' lang='lat' dir='ltr'><strong>illud</strong></span> <span class='ocrx_word' id='word_1_148' title='bbox 2672 2569 2822 2624; x_wconf 89' lang='lat' dir='ltr'><strong>nulla</strong></span> <span class='ocrx_word' id='word_1_149' title='bbox 2882 2581 3000 2624; x_wconf 89' lang='lat' dir='ltr'><strong>arte</strong></span> <span class='ocrx_word' id='word_1_150' title='bbox 3038 2569 3156 2624; x_wconf 83' lang='lat' dir='ltr'><strong>ﬁeri</strong></span> <span class='ocrx_word' id='word_1_151' title='bbox 3189 2577 3370 2638; x_wconf 89' lang='lat' dir='ltr'><strong>potest</strong></span> <span class='ocrx_word' id='word_1_152' title='bbox 3399 2584 3412 2620; x_wconf 90' lang='lat'><strong>:</strong></span> <span class='ocrx_word' id='word_1_153' title='bbox 3450 2583 3579 2623; x_wconf 88' lang='lat' dir='ltr'><strong>nam</strong></span> <span class='ocrx_word' id='word_1_154' title='bbox 3609 2578 3672 2623; x_wconf 87' lang='lat' dir='ltr'><strong>ut</strong></span> <span class='ocrx_word' id='word_1_155' title='bbox 3697 2579 3835 2624; x_wconf 90' lang='lat' dir='ltr'><strong>sunt</strong></span> 
     </span>
    </p>
   </div>
   <div class='ocr_carea' id='block_1_15' title="bbox 569 2680 3841 2765">
    <p class='ocr_par' dir='ltr' id='par_1_15' title="bbox 569 2680 3841 2765">
     <span class='ocr_line' id='line_1_15' title="bbox 569 2680 3841 2765; baseline 0.002 -31"><span class='ocrx_word' id='word_1_156' title='bbox 569 2680 817 2765; x_wconf 72' lang='lat' dir='ltr'><strong>quaedam</strong></span> <span class='ocrx_word' id='word_1_157' title='bbox 858 2681 1102 2751; x_wconf 71' lang='lat' dir='ltr'><strong>epistolae</strong></span> <span class='ocrx_word' id='word_1_158' title='bbox 1141 2696 1261 2751; x_wconf 74' lang='lat' dir='ltr'><strong>qua:</strong></span> <span class='ocrx_word' id='word_1_159' title='bbox 1294 2681 1428 2736; x_wconf 88' lang='lat' dir='ltr'><strong>alias</strong></span> <span class='ocrx_word' id='word_1_160' title='bbox 1454 2687 1742 2752; x_wconf 82' lang='lat' dir='ltr'><strong>quaspiam</strong></span> <span class='ocrx_word' id='word_1_161' title='bbox 1776 2683 2124 2753; x_wconf 73' lang='lat' dir='ltr'><strong>przecessisse</strong></span> <span class='ocrx_word' id='word_1_162' title='bbox 2155 2682 2379 2738; x_wconf 89' lang='lat' dir='ltr'><strong>omnino</strong></span> <span class='ocrx_word' id='word_1_163' title='bbox 2405 2682 2679 2750; x_wconf 87' lang='lat' dir='ltr'><strong>videntur,</strong></span> <span class='ocrx_word' id='word_1_164' title='bbox 2704 2681 2778 2736; x_wconf 86' lang='lat' dir='ltr'><strong>ita</strong></span> <span class='ocrx_word' id='word_1_165' title='bbox 2813 2682 2869 2736; x_wconf 90' lang='lat' dir='ltr'><strong>in</strong></span> <span class='ocrx_word' id='word_1_166' title='bbox 2901 2682 3137 2737; x_wconf 77' lang='lat' dir='ltr'><strong>maxima</strong></span> <span class='ocrx_word' id='word_1_167' title='bbox 3171 2682 3404 2737; x_wconf 90' lang='lat' dir='ltr'><strong>aliarum</strong></span> <span class='ocrx_word' id='word_1_168' title='bbox 3436 2691 3596 2752; x_wconf 87' lang='lat' dir='ltr'><strong>parte</strong></span> <span class='ocrx_word' id='word_1_169' title='bbox 3626 2680 3841 2740; x_wconf 72' lang='lat' dir='ltr'><strong>frustra.</strong></span> 
     </span>
    </p>
   </div>
   <div class='ocr_carea' id='block_1_16' title="bbox 570 2802 3827 2874">
    <p class='ocr_par' dir='ltr' id='par_1_16' title="bbox 570 2802 3827 2874">
     <span class='ocr_line' id='line_1_16' title="bbox 570 2802 3827 2874; baseline 0 -16"><span class='ocrx_word' id='word_1_170' title='bbox 570 2818 785 2873; x_wconf 64' lang='lat' dir='ltr'><strong>quaras</strong></span> <span class='ocrx_word' id='word_1_171' title='bbox 818 2819 940 2874; x_wconf 73' lang='lat' dir='ltr'><strong>quze</strong></span> <span class='ocrx_word' id='word_1_172' title='bbox 1001 2803 1173 2874; x_wconf 88' lang='lat' dir='ltr'><strong>prior,</strong></span> <span class='ocrx_word' id='word_1_173' title='bbox 1219 2819 1342 2874; x_wconf 67' lang='lat' dir='ltr'><strong>quae</strong></span> <span class='ocrx_word' id='word_1_174' title='bbox 1392 2805 1665 2873; x_wconf 87' lang='lat' dir='ltr'><strong>posterior</strong></span> <span class='ocrx_word' id='word_1_175' title='bbox 1714 2804 1844 2859; x_wconf 89' lang='lat' dir='ltr'><strong>data</strong></span> <span class='ocrx_word' id='word_1_176' title='bbox 1895 2803 2078 2859; x_wconf 69' lang='lat' dir='ltr'><strong>fuerit.</strong></span> <span class='ocrx_word' id='word_1_177' title='bbox 2118 2802 2486 2870; x_wconf 78' lang='lat' dir='ltr'><strong>Quamobrem</strong></span> <span class='ocrx_word' id='word_1_178' title='bbox 2512 2803 2759 2860; x_wconf 82' lang='lat' dir='ltr'><strong>ordinem</strong></span> <span class='ocrx_word' id='word_1_179' title='bbox 2787 2819 2818 2858; x_wconf 93' lang='lat' dir='ltr'><strong>a</strong></span> <span class='ocrx_word' id='word_1_180' title='bbox 2839 2802 3048 2860; x_wconf 61' lang='lat' dir='ltr'><strong>Iacobo</strong></span> <span class='ocrx_word' id='word_1_181' title='bbox 3077 2803 3238 2860; x_wconf 83' lang='lat' dir='ltr'><strong>Billio</strong></span> <span class='ocrx_word' id='word_1_182' title='bbox 3259 2815 3316 2860; x_wconf 85' lang='lat' dir='ltr'><strong>et</strong></span> <span class='ocrx_word' id='word_1_183' title='bbox 3342 2819 3372 2857; x_wconf 89' lang='lat' dir='ltr'><strong>a</strong></span> <span class='ocrx_word' id='word_1_184' title='bbox 3404 2802 3692 2860; x_wconf 86' lang='lat' dir='ltr'><strong>Frontone</strong></span> <span class='ocrx_word' id='word_1_185' title='bbox 3718 2803 3827 2858; x_wconf 84' lang='lat' dir='ltr'><strong>Du-</strong></span> 
     </span>
    </p>
   </div>
   <div class='ocr_carea' id='block_1_17' title="bbox 568 2917 3835 2999">
    <p class='ocr_par' dir='ltr' id='par_1_17' title="bbox 568 2917 3835 2999">
     <span class='ocr_line' id='line_1_17' title="bbox 568 2917 3835 2999; baseline 0 -27"><span class='ocrx_word' id='word_1_186' title='bbox 568 2932 681 2972; x_wconf 67' lang='lat' dir='ltr'><strong>caeo</strong></span> <span class='ocrx_word' id='word_1_187' title='bbox 737 2918 1096 2972; x_wconf 84' lang='lat' dir='ltr'><strong>constitutum</strong></span> <span class='ocrx_word' id='word_1_188' title='bbox 1148 2933 1366 2972; x_wconf 89' lang='lat' dir='ltr'><strong>servare</strong></span> <span class='ocrx_word' id='word_1_189' title='bbox 1406 2920 1581 2972; x_wconf 82' lang='lat' dir='ltr'><strong>visum</strong></span> <span class='ocrx_word' id='word_1_190' title='bbox 1619 2918 1720 2972; x_wconf 77' lang='lat' dir='ltr'><strong>fuit</strong></span> <span class='ocrx_word' id='word_1_191' title='bbox 1755 2937 1768 2972; x_wconf 93' lang='lat'>:</span> <span class='ocrx_word' id='word_1_192' title='bbox 1811 2917 1954 2972; x_wconf 90' lang='lat' dir='ltr'><strong>unde</strong></span> <span class='ocrx_word' id='word_1_193' title='bbox 1983 2917 2114 2972; x_wconf 89' lang='lat' dir='ltr'><strong>illud</strong></span> <span class='ocrx_word' id='word_1_194' title='bbox 2140 2917 2419 2999; x_wconf 79' lang='lat' dir='ltr'><strong>commodi</strong></span> <span class='ocrx_word' id='word_1_195' title='bbox 2453 2917 2682 2981; x_wconf 86' lang='lat' dir='ltr'><strong>accedit,</strong></span> <span class='ocrx_word' id='word_1_196' title='bbox 2711 2926 2769 2973; x_wconf 87' lang='lat' dir='ltr'><strong>ut</strong></span> <span class='ocrx_word' id='word_1_197' title='bbox 2805 2918 3164 2989; x_wconf 88' lang='lat' dir='ltr'><strong>epistolarum</strong></span> <span class='ocrx_word' id='word_1_198' title='bbox 3200 2917 3415 2972; x_wconf 89' lang='lat' dir='ltr'><strong>numeri</strong></span> <span class='ocrx_word' id='word_1_199' title='bbox 3453 2919 3768 2974; x_wconf 81' lang='lat' dir='ltr'><strong>sexcenties</strong></span> <span class='ocrx_word' id='word_1_200' title='bbox 3799 2934 3835 2972; x_wconf 80' lang='lat' dir='ltr'><strong>a</strong></span> 
     </span>
    </p>
   </div>
   <div class='ocr_carea' id='block_1_18' title="bbox 564 3028 3830 3101">
    <p class='ocr_par' dir='ltr' id='par_1_18' title="bbox 564 3028 3830 3101">
     <span class='ocr_line' id='line_1_18' title="bbox 564 3028 3830 3101; baseline 0 -15"><span class='ocrx_word' id='word_1_201' title='bbox 564 3030 928 3099; x_wconf 79' lang='lat' dir='ltr'><strong>scriptoribus</strong></span> <span class='ocrx_word' id='word_1_202' title='bbox 958 3030 1216 3099; x_wconf 71' lang='lat' dir='ltr'><strong>praeteriti</strong></span> <span class='ocrx_word' id='word_1_203' title='bbox 1273 3029 1671 3099; x_wconf 73' lang='lat' dir='ltr'><strong>praesentisque</strong></span> <span class='ocrx_word' id='word_1_204' title='bbox 1724 3028 1909 3084; x_wconf 65' lang='lat' dir='ltr'><strong>saeculi</strong></span> <span class='ocrx_word' id='word_1_205' title='bbox 1935 3029 2226 3086; x_wconf 89' lang='lat' dir='ltr'><strong>memorati</strong></span> <span class='ocrx_word' id='word_1_206' title='bbox 2273 3030 2436 3083; x_wconf 89' lang='lat' dir='ltr'><strong>iidem</strong></span> <span class='ocrx_word' id='word_1_207' title='bbox 2493 3031 2858 3101; x_wconf 87' lang='lat' dir='ltr'><strong>reperiantur,</strong></span> <span class='ocrx_word' id='word_1_208' title='bbox 2901 3032 2954 3084; x_wconf 95' lang='lat' dir='ltr'><strong>in</strong></span> <span class='ocrx_word' id='word_1_209' title='bbox 2987 3039 3358 3100; x_wconf 82' lang='lat' dir='ltr'><strong>promptuque</strong></span> <span class='ocrx_word' id='word_1_210' title='bbox 3381 3031 3455 3086; x_wconf 81' lang='lat' dir='ltr'><strong>sit</strong></span> <span class='ocrx_word' id='word_1_211' title='bbox 3481 3029 3754 3100; x_wconf 89' lang='lat' dir='ltr'><strong>epistolas</strong></span> <span class='ocrx_word' id='word_1_212' title='bbox 3774 3031 3830 3086; x_wconf 80' lang='lat' dir='ltr'><strong>iu</strong></span> 
     </span>
    </p>
   </div>
   <div class='ocr_carea' id='block_1_19' title="bbox 562 3146 1308 3217">
    <p class='ocr_par' dir='ltr' id='par_1_19' title="bbox 562 3146 1308 3217">
     <span class='ocr_line' id='line_1_19' title="bbox 562 3146 1308 3217; baseline -0.007 -10"><span class='ocrx_word' id='word_1_213' title='bbox 562 3148 684 3207; x_wconf 74' lang='lat' dir='ltr'><strong>loco</strong></span> <span class='ocrx_word' id='word_1_214' title='bbox 713 3147 874 3207; x_wconf 86' lang='lat' dir='ltr'><strong>solito</strong></span> <span class='ocrx_word' id='word_1_215' title='bbox 901 3148 1109 3217; x_wconf 85' lang='lat' dir='ltr'><strong>positas</strong></span> <span class='ocrx_word' id='word_1_216' title='bbox 1138 3146 1308 3202; x_wconf 87' lang='lat' dir='ltr'><strong>adire.</strong></span> 
     </span>
    </p>
   </div>
   <div class='ocr_carea' id='block_1_20' title="bbox 631 3261 3823 3337">
    <p class='ocr_par' dir='ltr' id='par_1_20' title="bbox 631 3261 3823 3337">
     <span class='ocr_line' id='line_1_20' title="bbox 631 3261 3823 3337; baseline 0 -17"><span class='ocrx_word' id='word_1_217' title='bbox 631 3263 860 3320; x_wconf 77' lang='lat' dir='ltr'><strong>Joannis</strong></span> <span class='ocrx_word' id='word_1_218' title='bbox 914 3265 1296 3337; x_wconf 61' lang='grc' dir='ltr'><strong>(λιιι-γεοειοωί</strong></span> <span class='ocrx_word' id='word_1_219' title='bbox 1350 3265 1615 3334; x_wconf 83' lang='lat' dir='ltr'><strong>epistolas</strong></span> <span class='ocrx_word' id='word_1_220' title='bbox 1669 3280 1902 3318; x_wconf 86' lang='lat' dir='ltr'><strong>numero</strong></span> <span class='ocrx_word' id='word_1_221' title='bbox 1955 3265 2059 3320; x_wconf 79' lang='lat' dir='ltr'><strong>I75</strong></span> <span class='ocrx_word' id='word_1_222' title='bbox 2112 3266 2325 3334; x_wconf 90' lang='lat' dir='ltr'><strong>primus</strong></span> <span class='ocrx_word' id='word_1_223' title='bbox 2375 3264 2527 3320; x_wconf 85' lang='lat' dir='ltr'><strong>dedit</strong></span> <span class='ocrx_word' id='word_1_224' title='bbox 2551 3263 2791 3320; x_wconf 72' lang='lat' dir='ltr'><strong>Iacobus</strong></span> <span class='ocrx_word' id='word_1_225' title='bbox 2821 3262 3012 3318; x_wconf 85' lang='lat' dir='ltr'><strong>Billius</strong></span> <span class='ocrx_word' id='word_1_226' title='bbox 3038 3261 3325 3327; x_wconf 74' lang='lat' dir='ltr'><strong>Prunaius,</strong></span> <span class='ocrx_word' id='word_1_227' title='bbox 3360 3261 3400 3317; x_wconf 89' lang='lat' dir='ltr'><strong><em>S</em></strong></span> <span class='ocrx_word' id='word_1_228' title='bbox 3447 3261 3739 3320; x_wconf 66' lang='lat' dir='ltr'><strong>Michaelis</strong></span> <span class='ocrx_word' id='word_1_229' title='bbox 3770 3280 3823 3321; x_wconf 75' lang='lat' dir='ltr'><strong>to</strong></span> 
     </span>
    </p>
   </div>
   <div class='ocr_carea' id='block_1_21' title="bbox 562 3384 1899 3456">
    <p class='ocr_par' dir='ltr' id='par_1_21' title="bbox 562 3384 1899 3456">
     <span class='ocr_line' id='line_1_21' title="bbox 562 3384 1899 3456; baseline -0.001 -17"><span class='ocrx_word' id='word_1_230' title='bbox 562 3385 759 3440; x_wconf 80' lang='lat' dir='ltr'><strong>Eremo</strong></span> <span class='ocrx_word' id='word_1_231' title='bbox 785 3385 992 3449; x_wconf 85' lang='lat' dir='ltr'><strong>Abbas,</strong></span> <span class='ocrx_word' id='word_1_232' title='bbox 1018 3384 1117 3442; x_wconf 82' lang='lat' dir='ltr'><strong>hac</strong></span> <span class='ocrx_word' id='word_1_233' title='bbox 1144 3385 1430 3456; x_wconf 65' lang='lat' dir='ltr'><strong>praemissa</strong></span> <span class='ocrx_word' id='word_1_234' title='bbox 1467 3385 1899 3453; x_wconf 65' lang='lat' dir='ltr'><strong>praal&#39;atiuncula.</strong></span> 
     </span>
    </p>
   </div>
   <div class='ocr_carea' id='block_1_22' title="bbox 1764 3625 2594 3687">
    <p class='ocr_par' dir='ltr' id='par_1_22' title="bbox 1764 3625 2594 3687">
     <span class='ocr_line' id='line_1_22' title="bbox 1764 3625 2594 3687; baseline -0.004 -2"><span class='ocrx_word' id='word_1_235' title='bbox 1764 3625 2092 3687; x_wconf 83' lang='lat' dir='ltr'><strong>CANDIDO</strong></span> <span class='ocrx_word' id='word_1_236' title='bbox 2145 3625 2469 3686; x_wconf 79' lang='lat' dir='ltr'><strong>LECTORI</strong></span> <span class='ocrx_word' id='word_1_237' title='bbox 2534 3625 2594 3683; x_wconf 88' lang='lat' dir='ltr'><strong>S.</strong></span> 
     </span>
    </p>
   </div>
   <div class='ocr_carea' id='block_1_23' title="bbox 632 3809 3823 3884">
    <p class='ocr_par' dir='ltr' id='par_1_23' title="bbox 632 3809 3823 3884">
     <span class='ocr_line' id='line_1_23' title="bbox 632 3809 3823 3884; baseline -0 -17"><span class='ocrx_word' id='word_1_238' title='bbox 632 3834 648 3866; x_wconf 69' lang='grc' dir='ltr'><strong>ε</strong></span> <span class='ocrx_word' id='word_1_239' title='bbox 692 3815 851 3879; x_wconf 72' lang='lat' dir='ltr'><strong>Quod</strong></span> <span class='ocrx_word' id='word_1_240' title='bbox 882 3814 946 3868; x_wconf 82' lang='grc' dir='ltr'><strong>Ι).</strong></span> <span class='ocrx_word' id='word_1_241' title='bbox 989 3813 1256 3869; x_wconf 78' lang='lat' dir='ltr'><strong>Joannem</strong></span> <span class='ocrx_word' id='word_1_242' title='bbox 1308 3813 1763 3884; x_wconf 79' lang='lat' dir='ltr'><strong>Chrysostomum</strong></span> <span class='ocrx_word' id='word_1_243' title='bbox 1829 3811 1934 3866; x_wconf 92' lang='lat' dir='ltr'><strong>hoc</strong></span> <span class='ocrx_word' id='word_1_244' title='bbox 1985 3810 2349 3879; x_wconf 88' lang='lat' dir='ltr'><strong>epistolarum</strong></span> <span class='ocrx_word' id='word_1_245' title='bbox 2395 3809 2536 3863; x_wconf 76' lang='lat' dir='ltr'><strong>libro</strong></span> <span class='ocrx_word' id='word_1_246' title='bbox 2585 3824 2732 3863; x_wconf 90' lang='lat' dir='ltr'><strong>nunc</strong></span> <span class='ocrx_word' id='word_1_247' title='bbox 2774 3809 3013 3878; x_wconf 86' lang='lat' dir='ltr'><strong>primum</strong></span> <span class='ocrx_word' id='word_1_248' title='bbox 3047 3809 3354 3866; x_wconf 81' lang='lat' dir='ltr'><strong>auctiorem</strong></span> <span class='ocrx_word' id='word_1_249' title='bbox 3381 3809 3576 3876; x_wconf 85' lang='lat' dir='ltr'><strong>habes,</strong></span> <span class='ocrx_word' id='word_1_250' title='bbox 3612 3809 3823 3879; x_wconf 77' lang='lat' dir='ltr'><strong>optime</strong></span> 
     </span>
    </p>
   </div>
   <div class='ocr_carea' id='block_1_24' title="bbox 558 3923 3823 3995">
    <p class='ocr_par' dir='ltr' id='par_1_24' title="bbox 558 3923 3823 3995">
     <span class='ocr_line' id='line_1_24' title="bbox 558 3923 3823 3995; baseline 0 -15"><span class='ocrx_word' id='word_1_251' title='bbox 558 3929 748 3994; x_wconf 69' lang='lat' dir='ltr'><strong>lector,</strong></span> <span class='ocrx_word' id='word_1_252' title='bbox 777 3926 827 3981; x_wconf 92' lang='lat' dir='ltr'><strong>id</strong></span> <span class='ocrx_word' id='word_1_253' title='bbox 856 3925 1228 3980; x_wconf 87' lang='lat' dir='ltr'><strong>eruditissimo</strong></span> <span class='ocrx_word' id='word_1_254' title='bbox 1261 3927 1378 3978; x_wconf 87' lang='lat' dir='ltr'><strong>viro</strong></span> <span class='ocrx_word' id='word_1_255' title='bbox 1399 3924 1602 3979; x_wconf 85' lang='lat' dir='ltr'><strong>Jacoho</strong></span> <span class='ocrx_word' id='word_1_256' title='bbox 1630 3924 1858 3993; x_wconf 89' lang='lat' dir='ltr'><strong>Cujacio</strong></span> <span class='ocrx_word' id='word_1_257' title='bbox 1903 3923 2091 3988; x_wconf 89' lang='lat' dir='ltr'><strong>debes,</strong></span> <span class='ocrx_word' id='word_1_258' title='bbox 2129 3924 2222 3992; x_wconf 90' lang='lat' dir='ltr'><strong>qui</strong></span> <span class='ocrx_word' id='word_1_259' title='bbox 2254 3938 2354 3992; x_wconf 82' lang='lat' dir='ltr'><strong>pro</strong></span> <span class='ocrx_word' id='word_1_260' title='bbox 2384 3937 2599 3978; x_wconf 91' lang='lat' dir='ltr'><strong>summa</strong></span> <span class='ocrx_word' id='word_1_261' title='bbox 2633 3938 2730 3977; x_wconf 90' lang='lat' dir='ltr'><strong>sua</strong></span> <span class='ocrx_word' id='word_1_262' title='bbox 2762 3923 3124 3990; x_wconf 90' lang='lat' dir='ltr'><strong>humanitate,</strong></span> <span class='ocrx_word' id='word_1_263' title='bbox 3147 3932 3313 3993; x_wconf 82' lang='lat' dir='ltr'><strong>atque</strong></span> <span class='ocrx_word' id='word_1_264' title='bbox 3334 3923 3390 3979; x_wconf 89' lang='lat' dir='ltr'><strong>in</strong></span> <span class='ocrx_word' id='word_1_265' title='bbox 3422 3925 3823 3995; x_wconf 77' lang='lat' dir='ltr'><strong>rempublicam</strong></span> 
     </span>
    </p>
   </div>
   <div class='ocr_carea' id='block_1_25' title="bbox 559 4033 3824 4108">
    <p class='ocr_par' dir='ltr' id='par_1_25' title="bbox 559 4033 3824 4108">
     <span class='ocr_line' id='line_1_25' title="bbox 559 4033 3824 4108; baseline 0 -15"><span class='ocrx_word' id='word_1_266' title='bbox 559 4038 878 4094; x_wconf 81' lang='lat' dir='ltr'><strong>litterariam</strong></span> <span class='ocrx_word' id='word_1_267' title='bbox 937 4038 1138 4102; x_wconf 87' lang='lat' dir='ltr'><strong>studio,</strong></span> <span class='ocrx_word' id='word_1_268' title='bbox 1184 4036 1415 4106; x_wconf 82' lang='lat' dir='ltr'><strong>benigne</strong></span> <span class='ocrx_word' id='word_1_269' title='bbox 1477 4035 1611 4090; x_wconf 91' lang='lat' dir='ltr'><strong>mihi</strong></span> <span class='ocrx_word' id='word_1_270' title='bbox 1666 4035 1930 4090; x_wconf 89' lang='lat' dir='ltr'><strong>Codiccm</strong></span> <span class='ocrx_word' id='word_1_271' title='bbox 1990 4035 2239 4091; x_wconf 84' lang='lat' dir='ltr'><strong>Graecum</strong></span> <span class='ocrx_word' id='word_1_272' title='bbox 2301 4035 2690 4091; x_wconf 86' lang='lat' dir='ltr'><strong>commodavit.</strong></span> <span class='ocrx_word' id='word_1_273' title='bbox 2727 4033 2839 4090; x_wconf 87' lang='lat' dir='ltr'><strong>Etsi</strong></span> <span class='ocrx_word' id='word_1_274' title='bbox 2891 4045 3072 4091; x_wconf 88' lang='lat' dir='ltr'><strong>autem</strong></span> <span class='ocrx_word' id='word_1_275' title='bbox 3121 4037 3176 4090; x_wconf 92' lang='lat' dir='ltr'><strong>in</strong></span> <span class='ocrx_word' id='word_1_276' title='bbox 3231 4037 3318 4092; x_wconf 91' lang='lat' dir='ltr'><strong>his</strong></span> <span class='ocrx_word' id='word_1_277' title='bbox 3347 4037 3603 4108; x_wconf 83' lang='lat' dir='ltr'><strong>epistolis</strong></span> <span class='ocrx_word' id='word_1_278' title='bbox 3633 4039 3824 4095; x_wconf 66' lang='lat' dir='ltr'><strong>multa</strong></span> 
     </span>
    </p>
   </div>
   <div class='ocr_carea' id='block_1_26' title="bbox 553 4150 3823 4225">
    <p class='ocr_par' dir='ltr' id='par_1_26' title="bbox 553 4150 3823 4225">
     <span class='ocr_line' id='line_1_26' title="bbox 553 4150 3823 4225; baseline -0 -14"><span class='ocrx_word' id='word_1_279' title='bbox 553 4167 682 4212; x_wconf 76' lang='lat' dir='ltr'><strong>sunt</strong></span> <span class='ocrx_word' id='word_1_280' title='bbox 735 4156 978 4225; x_wconf 89' lang='lat' dir='ltr'><strong>ejusdem</strong></span> <span class='ocrx_word' id='word_1_281' title='bbox 1038 4155 1363 4224; x_wconf 81' lang='lat' dir='ltr'><strong>argumenti,</strong></span> <span class='ocrx_word' id='word_1_282' title='bbox 1416 4169 1537 4225; x_wconf 65' lang='lat' dir='ltr'><strong>quae</strong></span> <span class='ocrx_word' id='word_1_283' title='bbox 1602 4153 1838 4210; x_wconf 80' lang='lat' dir='ltr'><strong>fortasse</strong></span> <span class='ocrx_word' id='word_1_284' title='bbox 1885 4162 2164 4224; x_wconf 83' lang='lat' dir='ltr'><strong>prOpterea</strong></span> <span class='ocrx_word' id='word_1_285' title='bbox 2218 4168 2325 4207; x_wconf 90' lang='lat' dir='ltr'><strong>non</strong></span> <span class='ocrx_word' id='word_1_286' title='bbox 2377 4151 2509 4206; x_wconf 87' lang='lat' dir='ltr'><strong>nihil</strong></span> <span class='ocrx_word' id='word_1_287' title='bbox 2555 4150 2757 4212; x_wconf 81' lang='lat' dir='ltr'><strong>fastidii</strong></span> <span class='ocrx_word' id='word_1_288' title='bbox 2811 4165 3006 4208; x_wconf 87' lang='lat' dir='ltr'><strong>nasuto</strong></span> <span class='ocrx_word' id='word_1_289' title='bbox 3063 4152 3252 4208; x_wconf 89' lang='lat' dir='ltr'><strong>lectori</strong></span> <span class='ocrx_word' id='word_1_290' title='bbox 3313 4167 3506 4223; x_wconf 76' lang='lat' dir='ltr'><strong>parere</strong></span> <span class='ocrx_word' id='word_1_291' title='bbox 3566 4156 3823 4223; x_wconf 78' lang='lat' dir='ltr'><strong>possint,</strong></span> 
     </span>
    </p>
   </div>
   <div class='ocr_carea' id='block_1_27' title="bbox 553 4269 3808 4341">
    <p class='ocr_par' dir='ltr' id='par_1_27' title="bbox 553 4269 3808 4341">
     <span class='ocr_line' id='line_1_27' title="bbox 553 4269 3808 4341; baseline 0.001 -15"><span class='ocrx_word' id='word_1_292' title='bbox 553 4273 788 4330; x_wconf 82' lang='lat' dir='ltr'><strong>aliarum</strong></span> <span class='ocrx_word' id='word_1_293' title='bbox 822 4281 1023 4338; x_wconf 88' lang='lat' dir='ltr'><strong>tamen,</strong></span> <span class='ocrx_word' id='word_1_294' title='bbox 1049 4280 1103 4326; x_wconf 91' lang='lat' dir='ltr'><strong>et</strong></span> <span class='ocrx_word' id='word_1_295' title='bbox 1157 4270 1454 4340; x_wconf 54' lang='lat' dir='ltr'><strong>praesertim</strong></span> <span class='ocrx_word' id='word_1_296' title='bbox 1513 4285 1702 4328; x_wconf 89' lang='lat' dir='ltr'><strong>earum</strong></span> <span class='ocrx_word' id='word_1_297' title='bbox 1734 4287 1855 4340; x_wconf 75' lang='lat' dir='ltr'><strong>quae</strong></span> <span class='ocrx_word' id='word_1_298' title='bbox 1889 4272 1955 4325; x_wconf 86' lang='lat' dir='ltr'><strong>ad</strong></span> <span class='ocrx_word' id='word_1_299' title='bbox 1993 4270 2366 4340; x_wconf 81' lang='lat' dir='ltr'><strong>Olympiadem</strong></span> <span class='ocrx_word' id='word_1_300' title='bbox 2407 4269 2624 4340; x_wconf 66' lang='lat' dir='ltr'><strong>scriptae</strong></span> <span class='ocrx_word' id='word_1_301' title='bbox 2654 4279 2804 4333; x_wconf 86' lang='lat' dir='ltr'><strong>sunt,</strong></span> <span class='ocrx_word' id='word_1_302' title='bbox 2845 4269 3050 4325; x_wconf 80' lang='lat' dir='ltr'><strong>utilitas</strong></span> <span class='ocrx_word' id='word_1_303' title='bbox 3084 4270 3187 4326; x_wconf 91' lang='lat' dir='ltr'><strong>hoc</strong></span> <span class='ocrx_word' id='word_1_304' title='bbox 3217 4269 3487 4341; x_wconf 73' lang='lat' dir='ltr'><strong>quidquid</strong></span> <span class='ocrx_word' id='word_1_305' title='bbox 3515 4282 3600 4328; x_wconf 88' lang='lat' dir='ltr'><strong>est</strong></span> <span class='ocrx_word' id='word_1_306' title='bbox 3630 4273 3808 4330; x_wconf 74' lang='lat' dir='ltr'><strong>mole-</strong></span> 
     </span>
    </p>
   </div>
   <div class='ocr_carea' id='block_1_28' title="bbox 553 4379 3816 4452">
    <p class='ocr_par' dir='ltr' id='par_1_28' title="bbox 553 4379 3816 4452">
     <span class='ocr_line' id='line_1_28' title="bbox 553 4379 3816 4452; baseline 0.002 -14"><span class='ocrx_word' id='word_1_307' title='bbox 553 4383 670 4438; x_wconf 84' lang='lat' dir='ltr'><strong>stiae</strong></span> <span class='ocrx_word' id='word_1_308' title='bbox 699 4383 871 4445; x_wconf 79' lang='lat' dir='ltr'><strong>facile,</strong></span> <span class='ocrx_word' id='word_1_309' title='bbox 906 4395 966 4436; x_wconf 90' lang='lat' dir='ltr'><strong>ut</strong></span> <span class='ocrx_word' id='word_1_310' title='bbox 995 4398 1172 4452; x_wconf 92' lang='lat' dir='ltr'><strong>spero,</strong></span> <span class='ocrx_word' id='word_1_311' title='bbox 1205 4382 1601 4452; x_wconf 83' lang='lat' dir='ltr'><strong>compensabit.</strong></span> <span class='ocrx_word' id='word_1_312' title='bbox 1643 4379 1722 4446; x_wconf 72' lang='lat' dir='ltr'><strong>I‘u</strong></span> <span class='ocrx_word' id='word_1_313' title='bbox 1756 4382 1988 4451; x_wconf 78' lang='lat' dir='ltr'><strong>opellaiu</strong></span> <span class='ocrx_word' id='word_1_314' title='bbox 2026 4391 2270 4441; x_wconf 88' lang='lat' dir='ltr'><strong>nostram</strong></span> <span class='ocrx_word' id='word_1_315' title='bbox 2294 4382 2421 4436; x_wconf 91' lang='lat' dir='ltr'><strong>boni</strong></span> <span class='ocrx_word' id='word_1_316' title='bbox 2451 4382 2707 4438; x_wconf 87' lang='lat' dir='ltr'><strong>consulas</strong></span> <span class='ocrx_word' id='word_1_317' title='bbox 2747 4380 2927 4447; x_wconf 87' lang='lat' dir='ltr'><strong>velim,</strong></span> <span class='ocrx_word' id='word_1_318' title='bbox 2954 4397 3017 4438; x_wconf 88' lang='lat' dir='ltr'><strong>ac</strong></span> <span class='ocrx_word' id='word_1_319' title='bbox 3046 4397 3146 4451; x_wconf 91' lang='lat' dir='ltr'><strong>pro</strong></span> <span class='ocrx_word' id='word_1_320' title='bbox 3177 4397 3295 4438; x_wconf 82' lang='lat' dir='ltr'><strong>inca</strong></span> <span class='ocrx_word' id='word_1_321' title='bbox 3325 4384 3500 4441; x_wconf 89' lang='lat' dir='ltr'><strong>salute</strong></span> <span class='ocrx_word' id='word_1_322' title='bbox 3529 4385 3601 4442; x_wconf 88' lang='lat' dir='ltr'><strong>ad</strong></span> <span class='ocrx_word' id='word_1_323' title='bbox 3636 4386 3816 4444; x_wconf 83' lang='lat' dir='ltr'><strong>Deum</strong></span> 
     </span>
    </p>
   </div>
   <div class='ocr_carea' id='block_1_29' title="bbox 551 4497 1228 4570">
    <p class='ocr_par' dir='ltr' id='par_1_29' title="bbox 551 4497 1228 4570">
     <span class='ocr_line' id='line_1_29' title="bbox 551 4497 1228 4570; baseline -0.009 -16"><span class='ocrx_word' id='word_1_324' title='bbox 551 4516 739 4570; x_wconf 82' lang='lat' dir='ltr'><strong>preces</strong></span> <span class='ocrx_word' id='word_1_325' title='bbox 767 4499 978 4553; x_wconf 78' lang='lat' dir='ltr'><strong>fundas.</strong></span> <span class='ocrx_word' id='word_1_326' title='bbox 1023 4497 1170 4551; x_wconf 74' lang='lat' dir='ltr'><strong>Vale.</strong></span> <span class='ocrx_word' id='word_1_327' title='bbox 1211 4517 1228 4548; x_wconf 71' lang='grc' dir='ltr'>ι</span> 
     </span>
    </p>
   </div>
   <div class='ocr_carea' id='block_1_30' title="bbox 626 4610 3797 4689">
    <p class='ocr_par' dir='ltr' id='par_1_30' title="bbox 626 4610 3797 4689">
     <span class='ocr_line' id='line_1_30' title="bbox 626 4610 3797 4689; baseline 0.001 -21"><span class='ocrx_word' id='word_1_328' title='bbox 626 4615 719 4668; x_wconf 83' lang='lat' dir='ltr'><strong>His</strong></span> <span class='ocrx_word' id='word_1_329' title='bbox 771 4611 1044 4681; x_wconf 65' lang='lat' dir='ltr'><strong>CLXXIII]</strong></span> <span class='ocrx_word' id='word_1_330' title='bbox 1067 4611 1317 4681; x_wconf 85' lang='lat' dir='ltr'><strong>epistolis</strong></span> <span class='ocrx_word' id='word_1_331' title='bbox 1361 4612 1643 4679; x_wconf 78' lang='lat' dir='ltr'><strong>sexaginta</strong></span> <span class='ocrx_word' id='word_1_332' title='bbox 1691 4620 1816 4666; x_wconf 90' lang='lat' dir='ltr'><strong>octo</strong></span> <span class='ocrx_word' id='word_1_333' title='bbox 1851 4610 2047 4681; x_wconf 86' lang='lat' dir='ltr'><strong>adjecit</strong></span> <span class='ocrx_word' id='word_1_334' title='bbox 2097 4611 2303 4667; x_wconf 87' lang='lat' dir='ltr'><strong>Fronto</strong></span> <span class='ocrx_word' id='word_1_335' title='bbox 2365 4610 2595 4666; x_wconf 76' lang='lat' dir='ltr'><strong>Duczeus</strong></span> <span class='ocrx_word' id='word_1_336' title='bbox 2651 4626 2714 4665; x_wconf 77' lang='lat' dir='ltr'><strong>ex</strong></span> <span class='ocrx_word' id='word_1_337' title='bbox 2754 4611 2958 4667; x_wconf 80' lang='lat' dir='ltr'><strong>Codice</strong></span> <span class='ocrx_word' id='word_1_338' title='bbox 2998 4611 3098 4668; x_wconf 76' lang='lat' dir='ltr'><strong>M&#39;s.</strong></span> <span class='ocrx_word' id='word_1_339' title='bbox 3155 4614 3383 4686; x_wconf 78' lang='lat' dir='ltr'><strong>Collegii</strong></span> <span class='ocrx_word' id='word_1_340' title='bbox 3435 4615 3797 4689; x_wconf 80' lang='lat' dir='ltr'><strong>Antverpiani</strong></span> 
     </span>
    </p>
   </div>
   <div class='ocr_carea' id='block_1_31' title="bbox 553 4722 3817 4802">
    <p class='ocr_par' dir='ltr' id='par_1_31' title="bbox 553 4722 3817 4802">
     <span class='ocr_line' id='line_1_31' title="bbox 553 4722 3817 4802; baseline 0.004 -22"><span class='ocrx_word' id='word_1_341' title='bbox 553 4725 838 4780; x_wconf 87' lang='lat' dir='ltr'><strong>Societatis</strong></span> <span class='ocrx_word' id='word_1_342' title='bbox 891 4722 1017 4779; x_wconf 80' lang='lat' dir='ltr'><strong>Jesu</strong></span> <span class='ocrx_word' id='word_1_343' title='bbox 1044 4765 1058 4789; x_wconf 91' lang='lat'><strong>,</strong></span> <span class='ocrx_word' id='word_1_344' title='bbox 1093 4731 1147 4777; x_wconf 89' lang='lat' dir='ltr'><strong>et</strong></span> <span class='ocrx_word' id='word_1_345' title='bbox 1181 4722 1636 4792; x_wconf 66' lang='lat' dir='ltr'><strong>septuagesimam</strong></span> <span class='ocrx_word' id='word_1_346' title='bbox 1666 4738 1863 4777; x_wconf 89' lang='lat' dir='ltr'><strong>nonam</strong></span> <span class='ocrx_word' id='word_1_347' title='bbox 1896 4722 2181 4791; x_wconf 84' lang='lat' dir='ltr'><strong>subjunxit</strong></span> <span class='ocrx_word' id='word_1_348' title='bbox 2219 4738 2285 4777; x_wconf 80' lang='lat' dir='ltr'><strong>ex</strong></span> <span class='ocrx_word' id='word_1_349' title='bbox 2313 4726 2625 4794; x_wconf 84' lang='lat' dir='ltr'><strong>apographo</strong></span> <span class='ocrx_word' id='word_1_350' title='bbox 2661 4724 2890 4783; x_wconf 88' lang='lat' dir='ltr'><strong>Joannis</strong></span> <span class='ocrx_word' id='word_1_351' title='bbox 2919 4728 3175 4785; x_wconf 86' lang='lat' dir='ltr'><strong>Sambuci</strong></span> <span class='ocrx_word' id='word_1_352' title='bbox 3197 4771 3211 4796; x_wconf 92' lang='lat'><strong>,</strong></span> <span class='ocrx_word' id='word_1_353' title='bbox 3237 4733 3293 4786; x_wconf 92' lang='lat' dir='ltr'><strong>in</strong></span> <span class='ocrx_word' id='word_1_354' title='bbox 3320 4747 3429 4802; x_wconf 89' lang='lat' dir='ltr'><strong>quo</strong></span> <span class='ocrx_word' id='word_1_355' title='bbox 3454 4736 3817 4793; x_wconf 84' lang='lat' dir='ltr'><strong>centesimam</strong></span> 
     </span>
    </p>
   </div>
   <div class='ocr_carea' id='block_1_32' title="bbox 551 4833 3814 4925">
    <p class='ocr_par' dir='ltr' id='par_1_32' title="bbox 551 4833 3814 4925">
     <span class='ocr_line' id='line_1_32' title="bbox 551 4833 3814 4925; baseline 0.001 -31"><span class='ocrx_word' id='word_1_356' title='bbox 551 4839 1009 4908; x_wconf 74' lang='lat' dir='ltr'><strong>septuagesimum</strong></span> <span class='ocrx_word' id='word_1_357' title='bbox 1076 4844 1326 4891; x_wconf 85' lang='lat' dir='ltr'><strong>octavam</strong></span> <span class='ocrx_word' id='word_1_358' title='bbox 1384 4833 1735 4904; x_wconf 76' lang='lat' dir='ltr'><strong>sequebatur.</strong></span> <span class='ocrx_word' id='word_1_359' title='bbox 1767 4834 1880 4890; x_wconf 83' lang='lat' dir='ltr'><strong>Etsi</strong></span> <span class='ocrx_word' id='word_1_360' title='bbox 1945 4843 2126 4891; x_wconf 71' lang='lat' dir='ltr'><strong>autem</strong></span> <span class='ocrx_word' id='word_1_361' title='bbox 2180 4838 2234 4893; x_wconf 83' lang='lat' dir='ltr'><strong>in</strong></span> <span class='ocrx_word' id='word_1_362' title='bbox 2281 4839 2365 4892; x_wconf 88' lang='lat' dir='ltr'><strong>his</strong></span> <span class='ocrx_word' id='word_1_363' title='bbox 2396 4838 2645 4909; x_wconf 85' lang='lat' dir='ltr'><strong>epistolis</strong></span> <span class='ocrx_word' id='word_1_364' title='bbox 2667 4855 2774 4895; x_wconf 84' lang='lat' dir='ltr'><strong>non</strong></span> <span class='ocrx_word' id='word_1_365' title='bbox 2798 4857 2983 4912; x_wconf 69' lang='lat' dir='ltr'><strong>paucae</strong></span> <span class='ocrx_word' id='word_1_366' title='bbox 3005 4843 3135 4908; x_wconf 80' lang='lat' dir='ltr'><strong>sint,</strong></span> <span class='ocrx_word' id='word_1_367' title='bbox 3161 4844 3252 4900; x_wconf 90' lang='lat' dir='ltr'><strong>ubi</strong></span> <span class='ocrx_word' id='word_1_368' title='bbox 3281 4847 3469 4904; x_wconf 87' lang='lat' dir='ltr'><strong>eadem</strong></span> <span class='ocrx_word' id='word_1_369' title='bbox 3500 4852 3620 4910; x_wconf 72' lang='lat' dir='ltr'><strong>fere</strong></span> <span class='ocrx_word' id='word_1_370' title='bbox 3654 4870 3814 4925; x_wconf 83' lang='lat' dir='ltr'><strong>repe-</strong></span> 
     </span>
    </p>
   </div>
   <div class='ocr_carea' id='block_1_33' title="bbox 553 4947 3798 5039">
    <p class='ocr_par' dir='ltr' id='par_1_33' title="bbox 553 4947 3798 5039">
     <span class='ocr_line' id='line_1_33' title="bbox 553 4947 3798 5039; baseline 0.004 -34"><span class='ocrx_word' id='word_1_371' title='bbox 553 4963 761 5017; x_wconf 70' lang='lat' dir='ltr'><strong>tuitur,</strong></span> <span class='ocrx_word' id='word_1_372' title='bbox 799 4951 1077 5008; x_wconf 84' lang='lat' dir='ltr'><strong>fatendum</strong></span> <span class='ocrx_word' id='word_1_373' title='bbox 1141 4959 1323 5006; x_wconf 88' lang='lat' dir='ltr'><strong>tamen</strong></span> <span class='ocrx_word' id='word_1_374' title='bbox 1383 4955 1467 5002; x_wconf 91' lang='lat' dir='ltr'><strong>est</strong></span> <span class='ocrx_word' id='word_1_375' title='bbox 1499 4947 1605 5000; x_wconf 91' lang='lat' dir='ltr'><strong>hoc</strong></span> <span class='ocrx_word' id='word_1_376' title='bbox 1630 4961 1830 5016; x_wconf 90' lang='lat' dir='ltr'><strong>corpus</strong></span> <span class='ocrx_word' id='word_1_377' title='bbox 1857 4949 2211 5016; x_wconf 85' lang='lat' dir='ltr'><strong>epistolaram</strong></span> <span class='ocrx_word' id='word_1_378' title='bbox 2236 4951 2375 5006; x_wconf 88' lang='lat' dir='ltr'><strong>inter</strong></span> <span class='ocrx_word' id='word_1_379' title='bbox 2399 4952 2738 5008; x_wconf 88' lang='lat' dir='ltr'><strong>nobilissima</strong></span> <span class='ocrx_word' id='word_1_380' title='bbox 2772 4954 3138 5011; x_wconf 88' lang='lat' dir='ltr'><strong>ecclesiastica</strong></span> <span class='ocrx_word' id='word_1_381' title='bbox 3169 4973 3528 5017; x_wconf 86' lang='lat' dir='ltr'><strong>monumenta</strong></span> <span class='ocrx_word' id='word_1_382' title='bbox 3567 4982 3798 5039; x_wconf 82' lang='lat' dir='ltr'><strong>compu-</strong></span> 
     </span>
    </p>
   </div>
   <div class='ocr_carea' id='block_1_34' title="bbox 548 5061 3816 5139">
    <p class='ocr_par' dir='ltr' id='par_1_34' title="bbox 548 5061 3816 5139">
     <span class='ocr_line' id='line_1_34' title="bbox 548 5061 3816 5139; baseline 0 -18"><span class='ocrx_word' id='word_1_383' title='bbox 548 5068 774 5121; x_wconf 86' lang='lat' dir='ltr'><strong>tandum</strong></span> <span class='ocrx_word' id='word_1_384' title='bbox 813 5080 973 5119; x_wconf 85' lang='lat' dir='ltr'><strong>esse:</strong></span> <span class='ocrx_word' id='word_1_385' title='bbox 1004 5065 1130 5119; x_wconf 90' lang='lat' dir='ltr'><strong>hinc</strong></span> <span class='ocrx_word' id='word_1_386' title='bbox 1165 5062 1612 5118; x_wconf 77' lang='lat' dir='ltr'><strong>accuratissimas</strong></span> <span class='ocrx_word' id='word_1_387' title='bbox 1662 5061 1911 5115; x_wconf 89' lang='lat' dir='ltr'><strong>omnium</strong></span> <span class='ocrx_word' id='word_1_388' title='bbox 1955 5061 2176 5116; x_wconf 89' lang='lat' dir='ltr'><strong>notitias</strong></span> <span class='ocrx_word' id='word_1_389' title='bbox 2230 5065 2574 5132; x_wconf 79' lang='lat' dir='ltr'><strong>excerpimus</strong></span> <span class='ocrx_word' id='word_1_390' title='bbox 2615 5066 2765 5120; x_wconf 85' lang='lat' dir='ltr'><strong>circa</strong></span> <span class='ocrx_word' id='word_1_391' title='bbox 2799 5083 3054 5137; x_wconf 78' lang='lat' dir='ltr'><strong>magnum</strong></span> <span class='ocrx_word' id='word_1_392' title='bbox 3089 5072 3222 5126; x_wconf 90' lang='lat' dir='ltr'><strong>illud</strong></span> <span class='ocrx_word' id='word_1_393' title='bbox 3259 5075 3496 5131; x_wconf 74' lang='lat' dir='ltr'><strong>schisma</strong></span> <span class='ocrx_word' id='word_1_394' title='bbox 3526 5080 3816 5139; x_wconf 67' lang='lat' dir='ltr'><strong>oriemaus</strong></span> 
     </span>
    </p>
   </div>
   <div class='ocr_carea' id='block_1_35' title="bbox 547 5174 3813 5253">
    <p class='ocr_par' dir='ltr' id='par_1_35' title="bbox 547 5174 3813 5253">
     <span class='ocr_line' id='line_1_35' title="bbox 547 5174 3813 5253; baseline 0.007 -22"><span class='ocrx_word' id='word_1_395' title='bbox 547 5178 822 5241; x_wconf 75' lang='lat' dir='ltr'><strong>Ecclesize,</strong></span> <span class='ocrx_word' id='word_1_396' title='bbox 863 5177 1195 5236; x_wconf 81' lang='lat' dir='ltr'><strong>et&#39;cxsilium</strong></span> <span class='ocrx_word' id='word_1_397' title='bbox 1222 5175 1621 5245; x_wconf 87' lang='lat' dir='ltr'><strong>Chrysostomi,</strong></span> <span class='ocrx_word' id='word_1_398' title='bbox 1649 5174 1738 5229; x_wconf 88' lang='lat' dir='ltr'><strong>ubi</strong></span> <span class='ocrx_word' id='word_1_399' title='bbox 1775 5174 1893 5229; x_wconf 91' lang='lat' dir='ltr'><strong>dira</strong></span> <span class='ocrx_word' id='word_1_400' title='bbox 1933 5191 2164 5246; x_wconf 70' lang='lat' dir='ltr'><strong>quaeque</strong></span> <span class='ocrx_word' id='word_1_401' title='bbox 2204 5177 2262 5231; x_wconf 89' lang='lat' dir='ltr'><strong>S.</strong></span> <span class='ocrx_word' id='word_1_402' title='bbox 2308 5176 2404 5232; x_wconf 72' lang='lat' dir='ltr'><strong>V&#39;ir</strong></span> <span class='ocrx_word' id='word_1_403' title='bbox 2442 5193 2638 5247; x_wconf 84' lang='lat' dir='ltr'><strong>passus</strong></span> <span class='ocrx_word' id='word_1_404' title='bbox 2685 5191 2788 5248; x_wconf 88' lang='lat' dir='ltr'><strong>cst,</strong></span> <span class='ocrx_word' id='word_1_405' title='bbox 2821 5193 3087 5253; x_wconf 89' lang='lat' dir='ltr'><strong>raptatus,</strong></span> <span class='ocrx_word' id='word_1_406' title='bbox 3128 5197 3182 5242; x_wconf 92' lang='lat' dir='ltr'><strong>et</strong></span> <span class='ocrx_word' id='word_1_407' title='bbox 3212 5192 3378 5248; x_wconf 84' lang='lat' dir='ltr'><strong>tantis</strong></span> <span class='ocrx_word' id='word_1_408' title='bbox 3417 5193 3654 5252; x_wconf 76' lang='lat' dir='ltr'><strong>affectus</strong></span> <span class='ocrx_word' id='word_1_409' title='bbox 3694 5213 3813 5253; x_wconf 85' lang='lat' dir='ltr'><strong>ma-</strong></span> 
     </span>
    </p>
   </div>
   <div class='ocr_carea' id='block_1_36' title="bbox 544 5290 3806 5369">
    <p class='ocr_par' dir='ltr' id='par_1_36' title="bbox 544 5290 3806 5369">
     <span class='ocr_line' id='line_1_36' title="bbox 544 5290 3806 5369; baseline 0.008 -25"><span class='ocrx_word' id='word_1_410' title='bbox 544 5294 632 5356; x_wconf 89' lang='lat' dir='ltr'><strong>lis,</strong></span> <span class='ocrx_word' id='word_1_411' title='bbox 665 5301 723 5344; x_wconf 89' lang='lat' dir='ltr'><strong>ut</strong></span> <span class='ocrx_word' id='word_1_412' title='bbox 748 5307 908 5360; x_wconf 83' lang='lat' dir='ltr'><strong>quam</strong></span> <span class='ocrx_word' id='word_1_413' title='bbox 931 5292 1074 5347; x_wconf 79' lang='lat' dir='ltr'><strong>ferro</strong></span> <span class='ocrx_word' id='word_1_414' title='bbox 1097 5307 1202 5345; x_wconf 89' lang='lat' dir='ltr'><strong>non</strong></span> <span class='ocrx_word' id='word_1_415' title='bbox 1234 5291 1506 5346; x_wconf 75' lang='lat' dir='ltr'><strong>audebant</strong></span> <span class='ocrx_word' id='word_1_416' title='bbox 1531 5290 1632 5360; x_wconf 81' lang='lat' dir='ltr'><strong>ipsi</strong></span> <span class='ocrx_word' id='word_1_417' title='bbox 1663 5307 1852 5346; x_wconf 88' lang='lat' dir='ltr'><strong>necem</strong></span> <span class='ocrx_word' id='word_1_418' title='bbox 1876 5291 2078 5347; x_wconf 80' lang='lat' dir='ltr'><strong>inferre</strong></span> <span class='ocrx_word' id='word_1_419' title='bbox 2107 5293 2428 5358; x_wconf 85' lang='lat' dir='ltr'><strong>adversarii,</strong></span> <span class='ocrx_word' id='word_1_420' title='bbox 2463 5294 2727 5351; x_wconf 87' lang='lat' dir='ltr'><strong>immissis</strong></span> <span class='ocrx_word' id='word_1_421' title='bbox 2753 5299 3026 5356; x_wconf 89' lang='lat' dir='ltr'><strong>molestiis</strong></span> <span class='ocrx_word' id='word_1_422' title='bbox 3053 5311 3108 5356; x_wconf 92' lang='lat' dir='ltr'><strong>et</strong></span> <span class='ocrx_word' id='word_1_423' title='bbox 3131 5305 3470 5362; x_wconf 87' lang='lat' dir='ltr'><strong>cruciatibus</strong></span> <span class='ocrx_word' id='word_1_424' title='bbox 3493 5309 3806 5369; x_wconf 88' lang='lat' dir='ltr'><strong>intulerint.</strong></span> 
     </span>
    </p>
   </div>
   <div class='ocr_carea' id='block_1_37' title="bbox 543 5407 3804 5486">
    <p class='ocr_par' dir='ltr' id='par_1_37' title="bbox 543 5407 3804 5486">
     <span class='ocr_line' id='line_1_37' title="bbox 543 5407 3804 5486; baseline 0.002 -25"><span class='ocrx_word' id='word_1_425' title='bbox 543 5408 689 5462; x_wconf 79' lang='lat' dir='ltr'><strong>Ordo</strong></span> <span class='ocrx_word' id='word_1_426' title='bbox 722 5407 1106 5476; x_wconf 84' lang='lat' dir='ltr'><strong>epistolarum,</strong></span> <span class='ocrx_word' id='word_1_427' title='bbox 1137 5418 1196 5462; x_wconf 88' lang='lat' dir='ltr'><strong>ut</strong></span> <span class='ocrx_word' id='word_1_428' title='bbox 1225 5408 1493 5472; x_wconf 70' lang='lat' dir='ltr'><strong>diximus,</strong></span> <span class='ocrx_word' id='word_1_429' title='bbox 1527 5407 1599 5461; x_wconf 89' lang='lat' dir='ltr'><strong>ita</strong></span> <span class='ocrx_word' id='word_1_430' title='bbox 1649 5407 2046 5462; x_wconf 73' lang='lat' dir='ltr'><strong>interturbatus</strong></span> <span class='ocrx_word' id='word_1_431' title='bbox 2080 5418 2182 5472; x_wconf 89' lang='lat' dir='ltr'><strong>est,</strong></span> <span class='ocrx_word' id='word_1_432' title='bbox 2222 5416 2280 5461; x_wconf 92' lang='lat' dir='ltr'><strong>ut</strong></span> <span class='ocrx_word' id='word_1_433' title='bbox 2308 5409 2394 5461; x_wconf 83' lang='lat' dir='ltr'><strong>vix</strong></span> <span class='ocrx_word' id='word_1_434' title='bbox 2430 5425 2493 5468; x_wconf 90' lang='lat' dir='ltr'><strong>ac</strong></span> <span class='ocrx_word' id='word_1_435' title='bbox 2528 5426 2596 5464; x_wconf 89' lang='lat' dir='ltr'><strong>ne</strong></span> <span class='ocrx_word' id='word_1_436' title='bbox 2637 5413 2725 5467; x_wconf 84' lang='lat' dir='ltr'><strong>vix</strong></span> <span class='ocrx_word' id='word_1_437' title='bbox 2756 5413 2976 5484; x_wconf 85' lang='lat' dir='ltr'><strong>quidem</strong></span> <span class='ocrx_word' id='word_1_438' title='bbox 3019 5419 3184 5486; x_wconf 78' lang='lat' dir='ltr'><strong>possit</strong></span> <span class='ocrx_word' id='word_1_439' title='bbox 3225 5422 3523 5474; x_wconf 84' lang='lat' dir='ltr'><strong>restaurari</strong></span> <span class='ocrx_word' id='word_1_440' title='bbox 3563 5443 3575 5477; x_wconf 85' lang='grc'>;</span> <span class='ocrx_word' id='word_1_441' title='bbox 3609 5425 3708 5480; x_wconf 74' lang='lat' dir='ltr'><strong>sed</strong></span> <span class='ocrx_word' id='word_1_442' title='bbox 3742 5430 3804 5481; x_wconf 71' lang='lat' dir='ltr'><strong>ad</strong></span> 
     </span>
    </p>
   </div>
   <div class='ocr_carea' id='block_1_38' title="bbox 543 5529 3800 5612">
    <p class='ocr_par' dir='ltr' id='par_1_38' title="bbox 543 5529 3800 5612">
     <span class='ocr_line' id='line_1_38' title="bbox 543 5529 3800 5612; baseline 0.003 -21"><span class='ocrx_word' id='word_1_443' title='bbox 543 5530 766 5591; x_wconf 68' lang='lat' dir='ltr'><strong>rcctoris</strong></span> <span class='ocrx_word' id='word_1_444' title='bbox 805 5533 1151 5589; x_wconf 87' lang='lat' dir='ltr'><strong>commodum</strong></span> <span class='ocrx_word' id='word_1_445' title='bbox 1186 5534 1323 5587; x_wconf 87' lang='lat' dir='ltr'><strong>satis</strong></span> <span class='ocrx_word' id='word_1_446' title='bbox 1375 5531 1532 5587; x_wconf 82' lang='lat' dir='ltr'><strong>nobis</strong></span> <span class='ocrx_word' id='word_1_447' title='bbox 1570 5531 1749 5585; x_wconf 78' lang='lat' dir='ltr'><strong>fuitin</strong></span> <span class='ocrx_word' id='word_1_448' title='bbox 1781 5531 2046 5600; x_wconf 75' lang='lat' dir='ltr'><strong>cujusque</strong></span> <span class='ocrx_word' id='word_1_449' title='bbox 2083 5529 2330 5598; x_wconf 82' lang='lat' dir='ltr'><strong>epistolae</strong></span> <span class='ocrx_word' id='word_1_450' title='bbox 2362 5530 2514 5586; x_wconf 83' lang='lat' dir='ltr'><strong>initio</strong></span> <span class='ocrx_word' id='word_1_451' title='bbox 2551 5543 2763 5603; x_wconf 89' lang='lat' dir='ltr'><strong>tempus</strong></span> <span class='ocrx_word' id='word_1_452' title='bbox 2789 5546 3054 5604; x_wconf 86' lang='lat' dir='ltr'><strong>quantum</strong></span> <span class='ocrx_word' id='word_1_453' title='bbox 3082 5537 3260 5603; x_wconf 91' lang='lat' dir='ltr'><strong>licuit,</strong></span> <span class='ocrx_word' id='word_1_454' title='bbox 3298 5555 3361 5595; x_wconf 89' lang='lat' dir='ltr'><strong>ac</strong></span> <span class='ocrx_word' id='word_1_455' title='bbox 3389 5557 3534 5612; x_wconf 56' lang='lat' dir='ltr'><strong>sape</strong></span> <span class='ocrx_word' id='word_1_456' title='bbox 3561 5559 3629 5598; x_wconf 74' lang='lat' dir='ltr'><strong>ex</strong></span> <span class='ocrx_word' id='word_1_457' title='bbox 3664 5560 3800 5601; x_wconf 85' lang='lat' dir='ltr'><strong>con-</strong></span> 
     </span>
    </p>
   </div>
   <div class='ocr_carea' id='block_1_39' title="bbox 541 5651 1327 5730">
    <p class='ocr_par' dir='ltr' id='par_1_39' title="bbox 541 5651 1327 5730">
     <span class='ocr_line' id='line_1_39' title="bbox 541 5651 1327 5730; baseline -0.005 -25"><span class='ocrx_word' id='word_1_458' title='bbox 541 5651 748 5730; x_wconf 63' lang='lat' dir='ltr'><strong>jectura</strong></span> <span class='ocrx_word' id='word_1_459' title='bbox 775 5660 1008 5711; x_wconf 82' lang='lat' dir='ltr'><strong>tantum.</strong></span> <span class='ocrx_word' id='word_1_460' title='bbox 1047 5659 1327 5704; x_wconf 85' lang='lat' dir='ltr'><strong>annotare.</strong></span> 
     </span>
    </p>
   </div>
   <div class='ocr_carea' id='block_1_40' title="bbox 621 5767 3810 5848">
    <p class='ocr_par' dir='ltr' id='par_1_40' title="bbox 621 5767 3810 5848">
     <span class='ocr_line' id='line_1_40' title="bbox 621 5767 3810 5848; baseline 0.003 -26"><span class='ocrx_word' id='word_1_461' title='bbox 621 5767 868 5843; x_wconf 71' lang='lat' dir='ltr'><strong>Epistolas</strong></span> <span class='ocrx_word' id='word_1_462' title='bbox 934 5770 1318 5841; x_wconf 81' lang='lat' dir='ltr'><strong>septemdecim</strong></span> <span class='ocrx_word' id='word_1_463' title='bbox 1351 5768 1414 5823; x_wconf 89' lang='lat' dir='ltr'><strong>ad</strong></span> <span class='ocrx_word' id='word_1_464' title='bbox 1451 5767 1845 5838; x_wconf 71' lang='lat' dir='ltr'><strong>Olympiadem,</strong></span> <span class='ocrx_word' id='word_1_465' title='bbox 1899 5785 2019 5840; x_wconf 76' lang='lat' dir='ltr'><strong>qua:</strong></span> <span class='ocrx_word' id='word_1_466' title='bbox 2050 5770 2261 5825; x_wconf 69' lang='lat' dir='ltr'><strong>czetcris</strong></span> <span class='ocrx_word' id='word_1_467' title='bbox 2318 5769 2758 5840; x_wconf 63' lang='lat' dir='ltr'><strong>prxmittuutur,</strong></span> <span class='ocrx_word' id='word_1_468' title='bbox 2801 5772 3047 5829; x_wconf 85' lang='lat' dir='ltr'><strong>omnium</strong></span> <span class='ocrx_word' id='word_1_469' title='bbox 3097 5775 3428 5846; x_wconf 67' lang='lat' dir='ltr'><strong>longissimae</strong></span> <span class='ocrx_word' id='word_1_470' title='bbox 3467 5784 3525 5832; x_wconf 86' lang='lat' dir='ltr'><strong>et</strong></span> <span class='ocrx_word' id='word_1_471' title='bbox 3586 5777 3810 5848; x_wconf 70' lang='lat' dir='ltr'><strong>elegan-</strong></span> 
     </span>
    </p>
   </div>
  </div>
