4050 6426
239 389 350 446 545
1170 427 1173 430 -
1696 380 1838 436 ιῖιηε

1952 379 2086 436 [ΛΕ.
3444 359 3551 421 546

241 510 475 566 tissima:
512 518 646 566 sunt
665 552 678 575 ,
710 509 1070 578 omni-umque
1120 506 1426 566 utilissima:
1453 545 1466 568 ,
1499 506 1575 558 ait
1606 501 1836 560 Photins
1857 540 1873 566 ,
1908 501 2049 557 Cod.
2079 500 2149 555 86
2182 513 2196 550 :
2231 512 2423 554 earum
2451 495 2703 566 quaedam
2727 487 3116 548 consolatorire
3147 493 3204 542 et
3231 483 3553 540 hortatoria

244 632 396 690 sunt,
426 622 582 696 [525]
625 631 790 694 atque
821 621 1177 682 homiliarum
1218 635 1371 675 more
1413 617 1778 680 concinnatur,
1808 614 1928 669 alia;
1957 613 2027 669 ad
2067 626 2442 670 aerumnarum
2479 608 2655 679 ipsius
2700 603 2991 662 historiam
3026 598 3319 656 texendam
3350 610 3554 666 oppor-

242 734 570 792 tunissimae.
623 734 793 794 Circa
821 735 962 790 hanc
985 733 1360 805 Olympiadem
1393 732 1513 787 haec
1540 728 1735 794 scribit
1763 726 2035 784 llenricus
2065 723 2304 782 Savilius
2335 721 2563 778 innotis
2587 736 2644 790 p.
2671 719 2799 788 851,

325 871 343 904 ι
375 849 679 922 Olympias,
731 851 800 906 ad
849 867 1024 922 quam
1077 862 1208 908 sunt
1258 850 1342 906 ha:
1378 849 1596 921 μέλιτος
1630 845 1924 902 καταλειϐο

1948 846 2116 899 revoco
2145 843 2426 910 dulciores
2473 839 2742 910 epistolae,
2775 837 2957 908 neptis
3009 835 3112 890 fuit
3169 831 3411 898 Ablabii,
3448 831 3547 901 qui

244 967 353 1022 sub
388 967 755 1024 Constantino
787 965 988 1038 Magno
1024 965 1316 1037 prafectus
1347 963 1606 1036 prmtorio
1632 961 1777 1028 fuit,
1809 961 2003 1034 Anysii
2057 957 2285 1023 secundi
2316 956 2538 1016 comitis
2573 954 2706 1012 filia.
2738 951 2934 1010 Utrum
2965 969 3098 1010 vero
3128 951 3342 1008 Ablabii
3372 951 3558 1020 neptis

246 1083 417 1140 fuerit
491 1098 560 1138 ex
604 1083 717 1138 tilia
781 1083 1139 1155 Olympiade,
1202 1099 1326 1155 qua:
1399 1083 1642 1153 primum
1706 1079 1994 1138 Constanti
2065 1077 2254 1148 nupsit
2306 1075 2598 1146 Angusto,
2648 1084 2764 1129 tum
2817 1073 3012 1130 Arsaci
3065 1071 3345 1134 Armeniae
3389 1070 3556 1141 regi,

246 1213 418 1270 quam
451 1197 672 1253 tertium
713 1205 872 1268 putat
914 1197 1224 1266 Cardinalis
1253 1195 1530 1252 Baronius
1560 1194 1768 1266 Anysio
1789 1193 2070 1263 nupsisse,
2097 1208 2166 1247 ex
2187 1190 2538 1261 eoqnchanc
2568 1197 2816 1247 nostram
2845 1186 3225 1259 Olympiadem
3257 1185 3539 1258 juniorem

248 1316 418 1373 matri
455 1313 748 1388 ὁμώνυμον
777 1316 1109 1386 suscepisse,
1147 1330 1246 1385 pro
1263 1323 1416 1370 ccrto
1444 1328 1556 1368 non
1582 1311 1839 1369 dixerim.
1872 1310 2004 1366 Veri
2041 1307 2178 1363 mihi
2214 1307 2398 1364 simile
2448 1305 2666 1361 videtur
2688 1315 2946 1364 auctores
2967 1305 3193 1360 illorum
3225 1311 3539 1376 temporum

247 1431 310 1489 in
335 1432 502 1502 hujus
524 1431 946 1494 nostre'laudes
977 1433 1112 1489 satis
1128 1431 1353 1497 effusos,
1376 1431 1445 1487 de
1469 1439 1615 1486 tanta
1637 1431 1818 1504 gloria.
1837 1444 1948 1484 non
1979 1426 2149 1484 fuisse
2171 1427 2458 1492 taciturus,
2481 1426 2528 1482 si
2546 1427 2811 1496 Augustae
2825 1423 3188 1496 ejusdemque
3219 1424 3424 1495 reginae
3445 1423 3558 1479 lilia

250 1556 578 1613 exstitisset.
624 1554 870 1611 Alteram
898 1567 1147 1612 sororem
1178 1551 1371 1606 habuit
1392 1547 1693 1620 Olympias,
1727 1557 1789 1604 ut
1822 1565 1890 1605 ex
1919 1546 2252 1604 Nazianzeni
2287 1547 2522 1618 epistola
2548 1547 2618 1602 ad
2643 1547 2911 1617 Anysium
2940 1553 3152 1617 patrem
3189 1553 3360 1616 patet,
3392 1545 3572 1614 cujus.

258 1673 502 1738 initium,
547 1671 678 1724 Ἰδοὺ
734 1668 830 1721 καὶ
855 1667 1109 1739 δεύτερός
1149 1684 1233 1720 σοι
1288 1665 1540 1737 γαμϐρός
1570 1707 1585 1733 ,
1622 1675 1677 1722 et
1712 1666 1766 1720 in
1797 1675 1857 1725 te}

1945 1681 1986 1720 ἐι
2015 1671 2178 1721 aztate
2208 1663 2500 1720 rcctricem
2531 1673 2588 1720 et
2626 1663 3002 1720 formatricem
3035 1677 3252 1722 morum
3286 1659 3544 1718 Theodo-

254 1791 388 1858 sim,
433 1786 616 1857 magni
665 1781 1036 1855 Amphilochii
1069 1795 1318 1836 sororem
1351 1794 1690 1850 germanam.
1716 1777 1950 1850 Jamque
1984 1777 2192 1833 nubilis
2220 1777 2492 1833 collocata
2517 1786 2602 1833 est
2627 1793 2658 1831 a
2699 1785 2856 1847 patre
2894 1776 2948 1832 in
2987 1776 3403 1835 matrimonium
3433 1775 3543 1832 Nc-

261 1902 442 1959 bridio
462 1917 527 1958 ex
554 1897 847 1971 praefectis.
871 1896 953 1950 Ad
977 1910 1115 1965 quas
1144 1895 1365 1965 nuptias
1404 1895 1667 1950 invitatus
1684 1892 2090 1959 Nazianzenus,
2124 1894 2335 1979 Anysio
2363 1907 2462 1963 per
2483 1893 2795 1962 epistolam,
2830 1893 2990 1963 cujus
3013 1892 3255 1958 initium,
3288 1891 3557 1946 Αισθάνο-

261 2041 361 2095 μαι
389 2021 498 2076 τῶν
535 2015 920 2088 ἐγκλημάτων,
949 2021 1080 2077 etc.,
1122 2012 1365 2081 seipsum
1403 2019 1653 2078 excusat,
1684 2011 1860 2082 podag

1955 2027 2043 2065 um
2096 2010 2306 2081 nuptiis
2354 2011 2628 2070 interesse
2655 2025 2834 2082 neque
2864 2009 3153 2068 commode
3191 2027 3356 2082 posse
3375 2027 3554 2083 neque

255 2135 426 2197 etiam
455 2131 651 2188 decere
691 2146 704 2158 -
731 2139 957 2181 carmen
984 2133 1164 2179 tamen
1195 2123 1503 2194 egregium,
1536 2123 1685 2193 quod
1713 2131 1892 2179 exstat
1915 2121 2075 2180 Tom.
2105 2123 2160 2188 2,
2193 2139 2248 2192 p.
2288 2123 2409 2185 l3j2.
2446 2122 2627 2180 Paris.
2657 2122 2955 2191 Editionis,
2983 2125 3424 2196 epithalamium,
3452 2145 3552 2187 seu

255 2253 442 2323 potius
469 2246 858 2320 paraeneticum
886 2244 954 2299 ad
987 2259 1186 2299 novam
1213 2256 1474 2312 sponsam
1499 2242 1670 2298 misit.
1695 2241 1778 2299 Ex
1801 2259 1912 2314 quo
1932 2251 2161 2313 apparet
2184 2243 2409 2313 nuptias
2441 2243 2607 2300 hasce
2639 2241 2946 2302 celebratas
2968 2243 3144 2305 fuisse
3187 2253 3316 2303 ante
3344 2245 3583 2314 tlnitunr

259 2367 556 2424 concilium
619 2359 1332 2430 ConstantinOpolitanum,
1405 2371 1517 2428 quo
1588 2367 1836 2428 tempore
1907 2358 2100 2415 relicto
2166 2360 2494 2430 episcopatu
2562 2361 2618 2416 in
2689 2361 3094 2434 Cappadociam
3148 2364 3377 2421 secessit
3431 2364 3568 2422 Cre-

257 2491 573 2566 goriuszet
640 2486 877 2542 fortasse
943 2483 1061 2554 ipso
1125 2479 1344 2537 concilii
1407 2489 1687 2551 tempore,
1729 2481 1833 2536 hoc
1892 2490 1976 2538 est
2041 2496 2188 2535 anno
2249 2479 2351 2536 38!
2391 2520 2411 2547 ,
2471 2480 2799 2538 consulibus
2878 2481 3095 2553 Siagrio
3158 2491 3214 2539 et
3265 2480 3586 2556 Eucherio,

257 2602 408 2674 quod
439 2599 648 2671 nuptiis
692 2598 800 2655 illis
835 2595 1156 2653 interfuisse
1196 2597 1407 2652 scribat
1436 2596 1741 2665 Gregorius
1787 2611 1856 2654 m:

1960 2610 2056 2652 um
2109 2595 2502 2665 episcoporum
2550 2611 2872 2663 numerum,
2904 2595 3001 2650 καὶ
3027 2595 3216 2667 παρῆν
3238 2595 3559 2652 ἐπισκόπων

255 2719 469 2789 ὅμιλος,
499 2732 638 2789 quos
669 2731 767 2788 per
817 2715 1165 2772 occasionem
1215 2715 1435 2772 concilii
1473 2716 1530 2770 in
1577 2716 1785 2786 regiam
1831 2717 2025 2773 urbem
2075 2715 2411 2771 conﬂuxisse
2464 2733 2560 2786 par
2591 2726 2731 2772 erat.
2785 2717 2846 2772 ln
2879 2718 2983 2774 hoc
3017 2717 3375 2774 matrimonio
3403 2718 3546 2776 vixit

258 2846 479 2891 menses
520 2831 734 2903 viginti,
792 2829 844 2883 id
878 2837 963 2885 cst
993 2870 1007 2895 ,
1041 2843 1218 2898 usque
1268 2827 1337 2884 ad
1369 2843 1577 2883 anxium
1621 2828 1751 2893 583,
1809 2845 1924 2900 quo
1983 2828 2092 2884 vita
2159 2831 2384 2886 l'unctus
2429 2839 2516 2886 est
2569 2828 2885 2886 Nebridius.
2919 2830 2977 2885 In
3023 2831 3142 2902 ipso
3172 2830 3362 2902 itaque
3383 2835 3584 2897 aetatis_

255 2952 393 3016 ﬂore
415 2952 468 3007 in
501 2965 693 3021 magna
731 2965 914 3005 rerum
946 2949 1200 3006 omnium
1223 2949 1383 3019 copia
1406 2957 1461 3004 et
1494 2947 1774 3004 afﬂuentia
1800 2949 1999 3003 marito
2031 2947 2279 3014 viduata,
2329 2950 2384 3003 in
2413 2949 2605 3004 eodem
2637 2961 2919 3022 perpetua:
2960 2949 3247 3014 viduitatis
3271 2953 3562 3024 preposito

255 3089 434 3145 usque
456 3073 523 3128 ad
557 3083 792 3130 mortem
823 3070 1278 3127 constantissime
1319 3071 1692 3140 perseveravit
1728 3092 1740 3128 :
1774 3087 1955 3143 neque
2002 3073 2263 3145 precibus
2293 3081 2390 3130 aut
2433 3074 2599 3129 minis
2648 3071 2950 3130 Theodosii
2984 3070 3171 3144 Magni
3203 3070 3566 3141 Imperatoris

257 3195 526 3254 dimoveri
576 3194 774 3272 potuit,
816 3195 908 3266 qui
968 3208 1091 3248 earn
1137 3191 1340 3258 forma,
1368 3191 1568 3263 Opibus
1601 3233 1617 3258 ,
1651 3193 1898 3249 omnium
1948 3195 2213 3250 virtutum
2270 3195 2583 3250 decoratam
2632 3207 2838 3248 corona
2868 3234 2883 3260 ,
2921 3190 3140 3262 Elpidio
3176 3198 3410 3262 cognato
3437 3202 3567 3254 suo,

257 3312 472 3372 homini
505 3311 773 3382 Hispano,
814 3326 1028 3368 smnina
1065 3310 1114 3364 vi
1146 3309 1487 3380 despondere
1509 3308 1806 3366 ambiebat.
1835 3309 1958 3376 Qua
1985 3311 2208 3379 repulsa
2232 3309 2475 3365 otIensus
2505 3308 2811 3379 Imperator
2843 3349 2859 3374 ,
2895 3315 3194 3380 antequam
3221 3320 3418 3365 contra
3453 3304 3569 3361 Ma-

257 3429 469 3487 ximum
505 3439 802 3501 tyrannum
865 3427 1309 3498 proﬁcisceretur
1334 3468 1350 3495 ,
1382 3425 1534 3496 quod
1571 3441 1719 3482 anno
1748 3427 1856 3482 388
1886 3428 2140 3497 contigit,
2181 3427 2442 3498 praefecto
2472 3426 2627 3482 urbis
2683 3427 2986 3495 mandavit,
3019 3437 3081 3483 ut
3115 3427 3350 3498 quaesito
3376 3425 3568 3496 aliquo

257 3547 376 3616 egis
407 3544 612 3608 colore,
649 3557 871 3598 omnem
906 3539 1026 3611 ejus
1065 3538 1434 3596 substantiam
1461 3539 1791 3605 custodiret,
1819 3555 2113 3611 quousque
2166 3541 2517 3613 trigesimum
2590 3544 2772 3600 aetatis
2796 3543 3082 3615 implesset
3110 3558 3344 3599 annum.
3379 3542 3557 3609 Quam

255 3659 350 3716 illa
417 3655 767 3711 [ortunarum
809 3668 1034 3710 suarum
1072 3653 1444 3726 direptionem
1503 3657 1640 3708 adeo
1690 3653 1932 3720 excelso,
1955 3662 2010 3710 et
2054 3669 2448 3724 supra'sexum
2485 3656 2629 3711 virili
2654 3658 2842 3714 animo
2894 3659 3085 3716 tulisse
3119 3660 3477 3731 perhibetur,
3512 3669 3584 3716 ut.

258 3781 428 3836 etiam
472 3777 576 3832 sibi
607 3777 758 3831 illam
786 3775 854 3831 ab
887 3774 1224 3845 imperatore
1253 3776 1460 3830 illatam
1507 3775 1772 3846 injuriam
1799 3783 2014 3847 gratam
2042 3776 2306 3834 hal‘uisse
2361 3777 2666 3842 videretur,
2696 3778 2751 3833 in
2780 3781 2997 3840 eodem,
3029 3787 3090 3832 ut
3115 3776 3255 3844 dlxi,
3287 3777 3582 3834 viduitatis

258 3906 454 3959 tenore
486 3909 836 3966 permanens.
867 3892 1007 3949 Nam
1037 3896 1106 3951 de
1141 3895 1456 3967 virginitate
1488 3906 1756 3967 perpetuo
1791 3903 2120 3951 conservata
2159 3892 2472 3951 fabulosum
2500 3910 2623 3951 esse
2647 3912 2774 3953 cum
2809 3897 3047 3952 Baronio
3074 3895 3337 3952 fatebitur
3362 3937 3378 3961 ,
3413 3895 3573 3964 quis-

260 4019 389 4088 quis
416 4033 544 4074 cum
587 4019 797 4089 judicio
846 4018 1041 4089 legerit
1089 4018 1238 4074 illam
1280 4015 1528 4089 epistolae
1553 4018 1813 4075 secunda:
1848 4016 2081 4074 Joannis
2113 4019 2291 4076 nostri
2317 4020 2386 4075 ad
2425 4035 2548 4081 eam
2583 4021 2806 4093 scripta:
2849 4031 3060 4096 partem
3107 4020 3255 4091 (uide
3286 4021 3434 4090 infra
3465 4019 3569 4072 col.

265 4137 409 4205 559,
444 4153 591 4191 num.
639 4137 672 4192 4
701 4137 849 4208 sqq).
897 4133 1030 4193 Post
1081 4135 1317 4192 reditum
1361 4150 1395 4191 a
1442 4136 1586 4193 bello
1616 4143 1812 4196 centra
1857 4133 2160 4191 Maximum
2206 4142 2394 4206 gesto,
2446 4138 2552 4193 hoc
2606 4149 2691 4195 est
2727 4154 2874 4196 anno
2901 4139 3028 4206 39l,
3084 4137 3452 4204 Theodosius,
3487 4137 3574 4192 in-

266 4254 480 4310 tellecta
508 4249 847 4324 Olympiadis
865 4253 1196 4319 constantia,
1221 4267 1310 4309 res
1341 4267 1474 4309 suas
1504 4252 1608 4309 sihi
1637 4251 1842 4310 habere
1867 4252 2058 4323 jussit.
2089 4251 2228 4322 Qua)
2246 4269 2312 4310 ex
2333 4271 2401 4313 eo
2430 4265 2678 4332 tempore
2707 4273 3003 4313 commune
3024 4257 3244 4327 aperuit
3275 4256 3426 4312 domi
3460 4270 3577 4312 sua:

266 4378 634 4436 diversorium
681 4379 940 4436 omnibus
988 4379 1283 4449 episcopis,
1317 4377 1624 4446 monachis,
1660 4377 2062 4442 sacerdotibus,
2099 4388 2154 4434 et
2187 4377 2321 4434 viris
2348 4378 2743 4435 ecclesiasticis
2761 4393 2827 4435 eo
2855 4379 3224 4435 vementibus.
3247 4377 3396 4433 Inter
3413 4384 3577 4433 caete-

268 4511 383 4562 ros,
416 4511 616 4563 magno
646 4496 1056 4566 Amphilochia,
1087 4495 1308 4566 Optimo
1340 4496 1602 4567 episcopo
1626 4537 1643 4564 ,
1675 4495 1840 4552 Petro
1867 4494 2056 4552 Basilii
2097 4495 2280 4564 fratri,
2315 4496 2630 4567 Epiphanio
2681 4493 2850 4566 Cypri
2883 4495 3141 4566 episcopo
3175 4494 3440 4565 pecunias
3471 4492 3574 4550 do-

267 4615 421 4670 navit
443 4623 498 4670 et
520 4616 699 4681 villas,
725 4615 850 4672 illos
884 4616 1050 4671 etiam
1101 4615 1417 4684 θεοστυγεῖς
1449 4657 1466 4683 ,
1527 4615 1896 4686 Theophilum
1925 4658 1947 4684 ,
1978 4617 2313 4674 Antiochum
2345 4661 2362 4686 ,
2395 4618 2659 4675 Acacium
2690 4658 2706 4686 ,
2739 4617 3104 4675 Severianum
3143 4616 3296 4673 omni
3330 4616 3571 4674 liberali-

269 4731 398 4788 tatis
427 4741 481 4787 et
509 4733 896 4788 munificentiae
927 4747 1127 4804 genere
1162 4733 1469 4804 complexa.
1495 4733 1685 4804 itaque
1743 4737 1813 4792 ab
1862 4737 1984 4809 ipso
2018 4734 2277 4793 Nectario
2337 4735 2960 4806 Constantinopolitano
3004 4733 3268 4805 episcopo
3306 4732 3452 4789 facta
3486 4742 3572 4788 est

267 4847 582 4902 diaconissa
626 4865 639 4902 :
674 4847 834 4917 cujus
892 4848 1058 4903 etiam
1098 4847 1416 4915 morientis,
1449 4857 1509 4903 ut
1551 4857 1608 4905 et
1638 4849 1848 4920 Optimi
1885 4851 2130 4922 episcopi
2162 4851 2353 4908 oculos
2394 4850 2511 4908 suis
2539 4851 2796 4907 manibus
2832 4849 3054 4906 clausit.
3085 4849 3216 4905 Post
3245 4847 3570 4908 Nectarium

273 4977 442 5034 quam
466 4962 629 5017 fuerit
655 4963 819 5018 chara
847 4963 1072 5031 Joanni,
1101 4982 1266 5036 quam
1291 4967 1397 5038 ipsi
1424 4967 1627 5023 Charus
1647 4966 1912 5038 Joannes,
1937 4969 2225 5026 declarant
2243 4973 2329 5028 hae
2359 4969 2625 5040 cpistolze.
2656 4968 2723 5022 Et
2752 4968 2972 5038 quidem
2995 4975 3121 5037 post
3140 4966 3396 5024 exsilium
3418 4965 3578 5022 Joan-

269 5079 359 5133 nis
384 5088 535 5150 rapta
569 5079 623 5133 in
650 5076 946 5146 judicium,
986 5089 1042 5136 ct
1073 5081 1310 5136 incendii
1343 5081 1528 5150 templi
1564 5079 1624 5137 S.
1659 5081 1883 5154 Sophia:
1926 5084 2069 5139 inter
2102 5093 2332 5140 cretei-os
2393 5083 2623 5140 Joannis
2652 5083 2897 5138 fautores
2923 5098 3037 5147 rea,
3073 5060 3202 5138 cum
3230 5083 3564 5138 constantis-

269 5195 410 5250 sime
456 5190 846 5262 quaesitoribus
904 5193 1301 5262 respondisset,
1340 5193 1462 5247 auri
1524 5201 1707 5248 tamen
1758 5209 1869 5249 non
1905 5195 2173 5257 mediocri
2227 5212 2449 5252 summa
2507 5197 2794 5263 mulctata,
2826 5196 3021 5252 relicta
3058 5197 3570 5267 Constantinopoli,

269 5305 549 5363 concessit
581 5304 863 5376 Cyzicum,
908 5314 1154 5375 tempora
1199 5316 1588 5377 exspectatura
1637 5308 1879 5364 mitiora.
1915 5308 2043 5366 Haec
2070 5318 2126 5366 et
2150 5310 2326 5366 multo
2358 5311 2444 5367 his
2477 5312 2637 5382 plura
2672 5311 2916 5366 inveniet
2945 5311 3118 5365 lector
3151 5313 3217 5368 de
3256 5313 3360 5367 hac
3385 5311 3579 5366 divina

273 5425 475 5483 femina
529 5424 726 5482 litteris
789 5426 1003 5495 prodita
1035 5441 1066 5480 a
1103 5425 1373 5497 Gregorio
1412 5425 1785 5497 Nazianzeno,
1844 5429 2112 5502 Palladio,
2151 5432 2464 5489 Sozomeno
2492 5474 2509 5502 ,
2563 5432 2878 5500 Ammiano,
2943 5431 3292 5502 Menologiis,
3336 5429 3585 5502 Georgio.

275 5546 666 5613 Alexandrino,
694 5549 1019 5618 cmterisque
1047 5547 1387 5621 βιογράφοις.
1417 5571 1437 5604 ι

347 5687 481 5753 Qua:
509 5693 576 5743 de
600 5687 939 5762 Olympiadis
964 5692 1176 5763 origine
1203 5693 1291 5752 hic
1322 5694 1579 5750 dicuntur
1607 5697 1821 5768 aliquot
1849 5707 1980 5754 sunt
2002 5699 2260 5756 intricata
2291 5699 2732 5767 dillicnltatibus,
2763 5717 2903 5771 quas
2930 5703 3146 5758 solvere
3177 5716 3287 5755 non
3321 5705 3406 5754 cst
3437 5710 3576 5765 pra:-

280 5803 455 5860 rcntis
492 5805 727 5862 instituti
759 5825 772 5873 ;
811 5811 960 5880 quod
987 5823 1169 5869 autem
1199 5813 1332 5871 dicit
1367 5815 1626 5885 Savilius,
1651 5815 2033 5885 Olympiadem
2059 5809 2324 5876 Numidio
2356 5820 2618 5890 nupsisse
2641 5837 2788 5876 anno
2825 5820 2952 5886 581,
2985 5818 3204 5890 Siagri‘o
3225 5826 3280 5874 ct
3302 5811 3573 5870 Eucherio
