4050 6438
547 362 658 424 547
1246 365 1302 423 S.
1341 363 1625 423 JOANNIS
1660 366 2150 425 CHRYSOSTOMI
2188 364 2506 424 ARCIIIEP.
2546 360 3093 421 CONSTANTINOP.

3674 356 3795 414 548⁷

547 481 885 548 consulibus,
913 483 1142 542 omnino
1181 492 1327 542 stare
1354 486 1562 557 nequit.
1617 486 1921 559 Siquidem,
1948 495 2008 542 ut
2044 486 2249 557 optime
2284 486 2539 542 observat
2573 481 2972 548 Tillemontius,
3004 477 3295 535 Nebridius
3347 474 3536 547 viginti
3576 474 3810 529 circiter

547 596 830 657 mensibus
890 607 1102 658 tantum
1154 610 1275 672 post
1335 603 1556 659 ductam
1608 603 1978 676 Olympiadem
2012 603 2186 672 obiit;
2224 604 2272 659 si
2317 612 2499 659 autem
2553 602 2700 656 illam
2765 599 2981 656 duxerit
3038 613 3184 655 anno
3229 597 3355 662 581,
3393 596 3506 651 l‘ato
3566 593 3806 650 functus

543 711 650 768 erit
683 727 829 769 anno
858 712 985 781 585,
1017 729 1141 770 cum
1174 716 1503 771 tardissime.
1535 716 1695 787 Atqui
1728 716 1813 772 lex
1840 716 1905 773 ad
1942 717 2091 773 illum
2129 716 2413 790 dirigitur,
2445 716 2500 771 in
2535 714 2737 771 Codice
2764 712 3168 779 Theodosiano,
3202 726 3346 768 anno
3372 709 3497 775 586,
3528 707 3607 766 29
3632 703 3808 767 Junii.

543 834 710 897 atque
770 826 906 883 adeo
968 828 1297 898 quaerendus
1348 829 1488 888 alius
1531 830 1843 902 nuptiarum
1907 829 2240 903 Olympiadis
2295 844 2494 886 annus.
2557 827 2813 901 Nupserit
2863 840 2996 897 ergo
3045 824 3357 898 Olympias,
3417 831 3478 877 ut
3528 827 3809 890 putatur,

546 955 691 998 anno
713 951 955 1001 vertente
975 946 1101 1002 584.

613 1082 760 1142 Ordo
789 1083 942 1157 [526]
971 1083 1324 1156 epistularum
1349 1085 1416 1141 ad
1440 1083 1811 1159 Olympiadem
1838 1095 1900 1143 ut
1926 1096 1980 1144 et
2009 1094 2325 1144 exterarum
2352 1088 2602 1142 omnium
2623 1082 3072 1156 subsequentium
3102 1079 3660 1177 interturbatuslest:
3683 1073 3811 1130 nul-

542 1205 648 1261 Iam
673 1204 930 1275 temporis
959 1206 1226 1262 rationem
1246 1204 1610 1262 observarunt
1629 1206 1723 1277 qui
1748 1207 2008 1279 epistolas
2030 1208 2154 1297 illas
2170 1208 2528 1280 collegerunt,
2556 1216 2617 1263 ut
2643 1204 3105 1273 animadvertetis
3127 1204 3226 1275 qui
3264 1198 3533 1272 temporis
3570 1196 3805 1254 notulas

543 1321 700 1378 initio
726 1321 993 1393 cujusque
1014 1322 1258 1394 epistola
1281 1322 1493 1394 positas
1519 1314 1776 1394 perleget.
1801 1322 1955 1380 Ordo
1985 1324 2096 1392 ille,
2120 1324 2374 1395 quisquis
2404 1331 2511 1390 est,
2541 1332 2596 1380 et
2620 1324 2674 1379 in
2707 1321 2882 1379 Editis
2907 1331 2962 1378 et
2985 1324 3041 1377 in
3073 1320 3483 1391 Manuscriptis-
3510 1318 3798 1374 tantillum

542 1437 717 1492 variat
747 1454 761 1492 :
792 1450 917 1490 nam
948 1450 1071 1506 quae
1101 1443 1296 1506 quarta
1352 1435 1420 1491 ad
1490 1433 1861 1507 Olympiadem
1900 1434 2123 1505 ponitur
2148 1434 2208 1491 in
2247 1433 2593 1491 Editionibus
2620 1432 2849 1502 Morelli,
2884 1433 2941 1488 in
2984 1431 3143 1488 Edito
3194 1430 3385 1489 Savilii
3418 1431 3553 1489 etin
3580 1430 3805 1503 aliquot

539 1549 671 1606 Mss.
700 1550 911 1608 decima
941 1556 1096 1607 sexta
1131 1549 1344 1606 locatur
1374 1567 1389 1604 :
1419 1549 1474 1604 in
1500 1550 1711 1605 caeteris
1744 1547 1917 1605 series
1938 1548 2152 1605 eadem.
2208 1622 2209 1627 η

608 1692 741 1749 Post
783 1693 1043 1765 epistolas
1096 1693 1166 1749 ad
1223 1692 1596 1765 Olympiadem
1656 1693 1898 1751 Savilius
1925 1694 2166 1767 reliquas
2202 1708 2395 1752 omnes
2417 1694 2612 1751 ordine
2648 1692 2992 1766 alphabetieo
3029 1690 3187 1763 ponit
3219 1688 3524 1747 secundum
3555 1688 3789 1744 nomina

536 1824 729 1866 eorum
767 1810 837 1867 ad
890 1825 1031 1882 quos
1054 1808 1296 1882 epistolae
1350 1808 1664 1866 mittuntur.
1695 1807 1832 1866 Eum
1860 1809 2041 1881 ipsum
2071 1809 2321 1868 ordinem
2347 1816 2403 1866 et
2429 1822 2534 1866 nos
2567 1807 2761 1865 Latine
2817 1803 3096 1877 expressis
3124 1803 3445 1867 nominibus
3464 1802 3562 1860 hic
3580 1814 3795 1874 repra-

537 1934 838 1983 sentamus.

534 2145 725 2198 Acacio
751 2143 1065 2217 presbytero
1093 2159 1203 2200 una
1231 2143 1456 2201 CCVIII.

533 2235 739 2291 Adolite
801 2250 897 2291 se:
952 2236 1113 2307 epist.
1144 2238 1201 2290 1.
1255 2234 1495 2291 XXXIII.
1518 2235 1573 2290 2.
1629 2234 1741 2292 LII.
1769 2235 1823 2293 5.
1846 2232 2003 2293 LVII.
2036 2236 2092 2293 4.

600 2324 885 2382 CXXXIII.
920 2326 974 2382 5.
1005 2324 1356 2383 CLXXIX.6.
1390 2324 1674 2383 CCXXXI.

534 2415 687 2471 Aetio
717 2430 826 2471 una
853 2412 1083 2475 CXCVI.

537 2506 773 2577 Agapeto
804 2515 934 2563 tres.
958 2506 1012 2561 I.
1043 2504 1162 2562 xx.
1186 2506 1241 2563 ε.
1274 2505 1510 2563 LXXIII.
1546 2510 1601 2564 δ.
1628 2506 1885 2565 CLXXV.

530 2597 833 2653 Alexandro
862 2596 1116 2668 episcopo
1141 2596 1387 2654 Corinthi
1427 2614 1535 2655 una
1557 2598 1786 2656 CLXIV.

529 2686 719 2756 Alphio
764 2696 1021 2758 quatuor.
1065 2687 1118 2743 I.
1176 2685 1319 2743 XXI.
1374 2687 1429 2743 2.
1498 2687 1719 2745 XXXV.
1782 2691 1837 2747 5.
1902 2690 2092 2749 XLIX.

602 2776 654 2831 4.
690 2774 901 2832 LXXII.

528 2866 716 2937 Alypio
738 2880 847 2921 una
867 2864 1196 2922 CLXXXVI.

527 2952 829 3023 Amprucla:
850 2954 1174 3013 diaeonissae
1200 2963 1329 3013 tres.
1370 2959 1425 3013 1.
1450 2955 1638 3014 XCVI.
1676 2958 1735 3014 2.
1757 2957 1889 3018 CIII.

597 3047 653 3103 5.
680 3046 859 3103 CXCI.

532 3139 780 3195 Anatolio
802 3140 1154 3210 praefectiano
1184 3158 1292 3200 una
1330 3143 1487 3201 CCV.

530 3235 779 3291 Anatolio
800 3237 1059 3309 episcopo
1088 3238 1292 3295 Adanaa
1324 3256 1431 3296 una
1457 3240 1591 3297 CXI.

526 3326 802 3382 Anthemio
836 3344 939 3385 una
968 3329 1217 3385 CXLVII.

525 3419 846 3473 Antiocheno
878 3420 1133 3492 episcopo
1161 3437 1270 3477 una
1302 3421 1631 3477 CCXXXIII.

526 3510 785 3565 Antiocho
810 3526 919 3567 una
940 3510 1272 3567 CLXXXIX.

526 3600 724 3670 Anysio
750 3601 1003 3672 episeopo
1025 3601 1427 3659 Thessalonicae
1458 3618 1561 3657 una
1581 3602 1784 3659 CLXII.

526 3687 724 3756 Anysio
757 3697 811 3745 et
845 3690 965 3747 aliis
999 3691 1270 3762 episcopis
1305 3709 1411 3747 una
1440 3692 1665 3748 CLXIII.

526 3778 841 3849 Aphthonio,
900 3782 1184 3849 Theodoto,
1216 3785 1442 3840 Chazreaz
1456 3787 1802 3858 presbyteris
1859 3797 1916 3845 et
1971 3803 2091 3845 mo-

594 3872 784 3927 nachis
809 3874 948 3929 duae.
990 3876 1040 3928 1.
1072 3874 1234 3930 LXX.
1258 3877 1312 3929 2.
1343 3874 1525 3930 XCIII.

527 3960 728 4017 Arabio
757 3963 895 4019 duae.
931 3967 982 4019 I.
1015 3965 1243 4020 XLVIII.
1265 3967 1316 4020 2.
1344 3966 1526 4021 CXXI.

530 4050 861 4108 Artemidoro
896 4070 1003 4110 una
1031 4054 1328 4111 CLXXVII.

527 4144 708 4198 Asello
730 4146 983 4217 episcopo
1017 4162 1123 4202 una
1157 4146 1286 4202 CLI.

524 4235 841 4305 Asyncritiw
862 4246 1113 4307 quatuor.
1153 4239 1202 4291 1.
1260 4237 1373 4293 XL.
1419 4239 1473 4294 2.
1530 4238 1784 4295 LXXVII.
1816 4243 1868 4297 5.
1897 4241 2084 4299 XCIX.

594 4325 647 4379 4.
672 4325 803 4381 CVI.

524 4426 739 4481 Aurelio
769 4427 1023 4498 episeopo
1065 4428 1479 4501 Carthagincnsi
1509 4446 1616 4487 una
1642 4431 1874 4489 CXLIX.

533 4516 737 4570 Basilio
770 4518 1085 4590 presbytero
1116 4536 1222 4575 una
1257 4521 1491 4578 XXVIII.

524 4602 799 4661 Bassiana!
841 4623 948 4663 una
972 4606 1085 4663 CX.

524 4692 693 4750 Basso
716 4697 974 4767 episcopo
996 4714 1105 4755 una
1130 4698 1244 4755 CX.

523 4784 739 4842 Brisoni
791 4789 932 4845 duae.
959 4791 1009 4845 I.
1048 4791 1204 4848 CXC.
1233 4794 1288 4848 2.
1319 4792 1643 4851 CCXXXIV.

524 4874 835 4934 Callistrato
860 4881 1079 4939 Isaurire
1107 4884 1361 4957 episcopo
1393 4902 1503 4943 una
1530 4886 1635 4944 CC.

526 4967 858 5025 Candidiano
887 4988 996 5029 una
1030 4973 1191 5029 XLII.

526 5057 781 5114 Carteria?
809 5071 1060 5132 quatuor.
1080 5064 1325 5122 LXVIII.
1348 5068 1402 5122 2.
1432 5068 1666 5129 XXXIV.
1699 5075 1751 5129 5.
1786 5074 2081 5134 CCXXVII.

592 5150 647 5203 4.
684 5149 984 5206 CCXXXII.

521 5239 763 5294 Carterio
786 5240 911 5297 duci
947 5258 1053 5297 una
1074 5243 1399 5302 CCXXXVI.

521 5327 683 5381 Casta
753 5326 984 5395 Valerio,
1033 5332 1351 5401 Diophanto,
1382 5345 1488 5392 etc.
1549 5354 1663 5395 sex.
1712 5344 1759 5396 I.
1820 5343 1983 5400 XXII.
2025 5347 2077 5399 2.

592 5416 750 5470 LXII.
812 5419 865 5472 5.
948 5419 1127 5476 LXVI.
1220 5426 1271 5481 4.
1352 5426 1507 5483 CVII.
1569 5430 1618 5484 5.
1720 5432 1945 5487 CXXX.
2005 5438 2078 5491 6.

589 5520 843 5576 CCX-XII.

523 5606 813 5665 Chalcidia:
865 5623 1117 5682 quatuor.
1187 5620 1237 5675 I.
1312 5620 1548 5678 XXXIX.
1617 5625 1668 5679 2.
1737 5626 1965 5681 LXXVI.
2030 5630 2062 5683 5

589 5699 813 5758 XCVIII.
849 5705 900 5760 4.
950 5707 1059 5763 CV.

2203 2143 2492 2201 Chalcidis:
2528 2150 2585 2202 et
2636 2142 2953 2216 Asyncritite
3011 2150 3145 2201 tres.
3180 2142 3237 2198 1.
3266 2138 3462 2199 XXIX.
3488 2140 3549 2197 2.
3567 2137 3688 2197 LX.
3732 2139 3787 2194 5.

2273 2234 2527 2292 CCXLII.

2203 2322 2511 2380 Chromatio
2539 2324 2712 2395 epise.
2741 2322 3007 2395 Aquileiae
3023 2337 3134 2380 una
3162 2321 3320 2380 CLV.

2205 2413 2508 2470 Claudiano
2541 2428 2650 2471 una
2687 2412 2895 2471 CXCV.

2204 2502 2558 2559 Constantino
2641 2504 2961 2576 presbytero
3051 2505 3195 2562 dua.
3289 2506 3343 2562 1,.
3436 2500 3676 2559 CCXXI.
3728 2502 3788 2562 2.

2274 2592 2479 2649 CCXV.

2203 2687 2429 2758 Cyriaco
2462 2726 2478 2753 ,

2268 2776 2547 2834 CXLVIII.
2571 2801 2574 2804 ’

2201 2867 2422 2940 Cyriaco
2478 2870 2738 2941 episeopo
2806 2877 2937 2927 tres.
2985 2868 3040 2923 I..
3096 2866 3282 2924 LXIV.
3334 2867 3391 2924 2.
3456 2864 3674 2925 CXXV.
3725 2868 3782 2923 5.

2272 2961 2428 3021 CCII.

2203 3049 2453 3121 Cytherio
2478 3066 2587 3109 una
2610 3050 2873 3108 LXXXII.

2202 3141 2415 3196 Danieli
2443 3142 2763 3214 presbytero
2789 3157 2895 3199 una
2924 3138 3153 3199 CXCIX.

2201 3230 2425 3302 Diogeni
2508 3241 2764 3305 quatuor.
2823 3234 2874 3288 1.
2947 3232 3007 3287 L.
3065 3233 3121 3300 2,
3168 3230 3253 3287 LI.
3290 3231 3342 3288 5.
3392 3230 3688 3289 CXXXIV.
3722 3234 3779 3290 4.

2269 3320 2502 3377 CXLIV.

2193 3418 2397 3473 Bonino
2423 3419 2681 3490 episcopo
2710 3435 2821 3477 una
2844 3418 3062 3475 XXVII.

2196 3506 2412 3580 Elpidio
2441 3511 2699 3581 episcopo
2726 3525 2843 3569 sex.
2869 3513 2922 3567 ‘l.
2960 3510 3128 3567 XXV.
3155 3512 3209 3566 2.
3235 3510 3423 3567 CXIV.
3457 3512 3509 3569 5.
3531 3512 3779 3569 CXXXI.

2268 3603 2320 3657 4.
2355 3601 2687 3657 CXXXVIII.
2715 3605 2767 3659 5.
2799 3602 3000 3659 CXLII.
3039 3604 3092 3660 6.
3124 3602 3378 3661 CCXXX.

2199 3692 2476 3764 EpiscOpis
2520 3697 2763 3766 epistolae
2818 3697 3078 3769 quinque.
3108 3698 3160 3753 1.
3212 3698 3367 3754 CLII.
3403 3698 3456 3752 2.
3498 3696 3682 3753 CLIII.
3721 3700 3775 3756 4.

2194 3781 2373 3837 CLIV.
2403 3784 2457 3839 5.
2481 3782 2766 3841 CLXXXI.

2195 3874 2472 3948 Episcopis
2562 3881 2655 3950 qui
2718 3891 2977 3938 venerant
3031 3884 3101 3940 ab
3160 3886 3448 3943 Occidente
3528 3897 3662 3943 tres.
3724 3889 3776 3942 I.

2267 3969 2471 4025 CLVII.
2496 3972 2551 4025 2.
2578 3970 2801 4028 CLVIII.
2844 3974 2897 4028 5.
2931 3974 3113 4032 CLIX.

2196 4060 2456 4131 Episcopo
2486 4063 2579 4133 qui
2602 4072 2826 4119 venerat
2858 4067 2927 4121 ab
2961 4065 3254 4122 Occidente
3284 4083 3389 4122 una
3417 4068 3579 4124 CLX.

2195 4150 2471 4222 Episcopis
2499 4153 2595 4223 qui
2646 4165 2909 4211 venerant
2944 4172 3066 4212 cum
3103 4158 3539 4217 occidentalibus
3559 4170 3694 4219 tres.
3722 4163 3773 4218 1.

2263 4242 2468 4300 CLXV.
2501 4247 2557 4301 2.
2590 4244 2827 4302 CLXVI.
2856 4247 2910 4304 5.
2942 4249 3193 4306 CLXVII.

2195 4332 2470 4405 Episcopis
2523 4346 2573 4390 et
2624 4338 2937 4407 presbyteris
2968 4340 3024 4394 in
3052 4356 3271 4397 carcere
3303 4343 3499 4412 positis
3540 4344 3685 4400 dum.
3719 4348 3769 4402 I.

2194 4437 2321 4496 post
2413 4426 2702 4495 epistolam
2805 4427 3034 4485 Honorii
3124 4448 3287 4503 supra
3361 4451 3429 4505 p.
3517 4436 3642 4491 526.
3704 4440 3769 4493 2.

2269 4515 2550 4575 CLXXIV.

2198 4616 2490 4687 Episcopis,
2521 4623 2838 4694 presbyteris
2860 4634 2908 4679 et
2944 4626 3181 4683 diaconis
3212 4629 3269 4684 in
3292 4643 3513 4688 carcere
3539 4631 3771 4688 inclusis

2268 4726 2377 4765 una
2403 4710 2636 4769 CXVIII.

2200 4797 2421 4855 Evethio
2446 4817 2555 4857 una
2586 4804 2915 4863 CLXXXIII.

2195 4890 2421 4964 Eulogio
2449 4895 2707 4965 episc0po
2729 4913 2834 4951 una
2862 4898 3164 4956 LXXXVII.

2194 4980 2461 5036 Eutltalia.’
2488 4984 2627 5040 dua.
2664 4987 2715 5041 I.
2752 4988 2961 5045 X'XXII.
2995 4992 3047 5045 2.
3089 4992 3410 5051 CLXXVIII.

2196 5072 2479 5143 Euthymio
2511 5077 2830 5149 presbytero
2860 5097 2966 5137 una
2993 5083 3269 5141 CCXVIII.

2196 5162 2458 5219 Faustino
2489 5181 2594 5221 una
2632 5167 2911 5227 LXXXIV.

2196 5254 2441 5310 Firmino
2473 5273 2579 5313 una
2603 5258 2813 5317 LXXX.

2197 5346 2497 5402 Gaudentio
2525 5352 2775 5423 episcopo
2805 5354 2999 5412 Brixiae
3030 5377 3135 5416 una
3157 5362 3485 5421 CLXXXIV.

2197 5437 2425 5493 Gemello
2449 5452 2701 5510 quatuor.
2732 5447 2783 5499 1.
2820 5447 3056 5505 LXXIX.
3076 5454 3126 5510 2,
3152 5455 3385 5514 CXXIV.
3422 5460 3476 5516 5.
3501 5460 3740 5518 CXXXII

2268 5532 2316 5585 4.
2353 5531 2579 5588 CXCIV.

2194 5631 2443 5685 Gerontio
2464 5635 2775 5705 presbytero
2797 5656 2903 5697 una
2944 5640 3073 5699 LIV.

2198 5724 2479 5780 llarmatio
2511 5744 2616 5785 una
2657 5730 2864 5789 LXXV.

2574 2686 2842 2744 Demetrio
2873 2729 2890 2757 ,
2972 2686 3227 2744 Palladio
3255 2727 3273 2756 ,
3355 2684 3576 2758 Eulysio
3675 2702 3790 2743 una
