4050 6472
321 367 436 426 549

1763 367 2124 430 81⁵15ΤοΙῶ
2134 407 2145 425 .

3563 373 3674 434 850

1569 571 2069 658 DOMIN/E
2115 573 2396 659 ME/E

307 731 707 798 statuamus
751 752 1182 813 VENERANDE,
1240 753 1320 800 ac
1365 750 1892 798 neuerosxssma
1934 737 2316 810 omnium],
2363 750 2778 813 nucomssaz,
2825 741 3107 798 summa
3149 744 3499 798 nrtscorus
3561 753 3675 800 u-

1425 853 1648 902 suusu
1677 854 1747 900 IN
1787 852 2064 899 nouum.
2113 852 2315 898 nprsr.
2364 854 2386 898 ι
2431 838 2532 913 (a).

1769 989 2205 1034 ﬂeo——

386 1134 444 1191 1.
477 1133 594 1204 Age
619 1142 749 1186 vero
767 1130 1042 1188 mmstitize
1073 1137 1179 1186 tute
1202 1128 1356 1186 ulcus
1386 1136 1605 1184 rursum
1633 1125 1916 1198 mitigabo,

310 1234 478 1295 atque
502 1221 859 1295 cogitationes
887 1236 1002 1288 eas,
1025 1235 1147 1293 qua:
1173 1219 1316 1276 hanc
1341 1219 1538 1276 nubem
1560 1220 1781 1292 cogunt,
1808 1218 1922 1274 dis-

302 1318 536 1372 cutiam.
564 1315 702 1385 Quid
743 1314 887 1372 enim
933 1323 1015 1370 est
1036 1356 1053 1384 ,
1097 1313 1240 1386 quod
1265 1314 1504 1369 animum
1531 1320 1682 1367 tuum
1710 1321 1924 1383 pertur-

309 1410 406 1465 bat
423 1410 448 1465 ἲ
468 1424 566 1466 cur
588 1409 763 1476 doles,
792 1424 889 1465 cur
907 1407 1274 1465 exeruciaris?
1297 1410 1378 1463 An
1408 1407 1552 1478 quod
1581 1421 1725 1464 saeva
1751 1415 1805 1463 et
1833 1420 1924 1462 ea-

316 1501 547 1573 liginosa
574 1509 659 1558 est
700 1499 819 1557 haec
853 1509 1146 1571 tempestas
1170 1514 1290 1572 qua:
1319 1497 1588 1554 Ecdesias
1615 1497 1920 1567 occupavit,

310 1600 616 1663 cunctaque
636 1593 690 1648 in
722 1592 1160 1649 obscurissimam
1190 1597 1406 1646 noctem
1435 1587 1810 1656 commutavit,
1841 1597 1924 1642 at-

307 1698 420 1755 que
447 1682 502 1739 in
529 1682 647 1740 dies
665 1692 910 1756 augetur,
931 1689 989 1740 et
1008 1682 1202 1738 acerba
1228 1680 1472 1752 quaedam
1497 1678 1779 1750 naufragia
1799 1685 1923 1750 par-

303 1779 467 1845 turit,
501 1778 757 1850 orbisque
781 1788 1050 1835 terrarum
1078 1775 1328 1834 interitus
1349 1773 1715 1847 ingravescit?
1741 1772 1797 1828 ld
1818 1787 1920 1844 ego

306 1886 527 1943 quoque
554 1878 894 1944 perspectum
923 1869 1118 1938 habeo,
1145 1882 1248 1925 nec
1272 1867 1556 1939 quisquam
1580 1874 1686 1934 est,
1703 1865 1796 1937 qui
1833 1864 1920 1920 in-

307 1961 459 2018 ficias
487 1963 568 2019 ire
594 1971 798 2035 queat;
827 1975 914 2030 ac,
947 1961 994 2018 si
1018 1960 1124 2030 vis,
1176 1965 1366 2017 eorum
1417 1958 1581 2015 etiam
1628 1972 1750 2029 qua:
1786 1955 1923 2011 fiunt

300 2055 602 2125 imaginem
653 2054 948 2128 quamdam
1001 2053 1292 2125 efﬁngam,
1321 2066 1432 2123 quo
1483 2049 1770 2107 clariorem
1824 2049 1920 2108 tibi

296 2148 624 2219 tngediam
673 2147 923 2204 reddam.
971 2146 1121 2204 Mare
1146 2145 1422 2203 cernimus
1471 2145 1540 2201 ab
1575 2144 1699 2200 imis
1747 2158 1926 2215 usque

297 2241 614 2312 gurgitibus,
644 2240 885 2312 undique
914 2241 1188 2298 revulsum
1209 2281 1227 2308 ,
1252 2248 1445 2295 nautas
1478 2247 1728 2295 mortuos
1763 2253 1918 2294 sum-

296 2345 396 2389 ma
422 2333 564 2390 unda
607 2345 878 2402 natantes,
911 2333 1048 2389 alios
1074 2347 1293 2404 pessum
1329 2339 1544 2400 euntes,
1589 2331 1811 2387 navium
1841 2340 1919 2386 ta-

293 2419 462 2480 bulas
503 2423 816 2495 dissolutas,
844 2434 1099 2496 perrupta
1125 2433 1181 2481 et
1211 2424 1448 2481 lacerata
1469 2424 1609 2491 vela,
1638 2424 1812 2479 malos
1835 2424 1919 2479 ef-

292 2514 507 2574 fractos
527 2558 543 2586 ,
574 2531 756 2574 remos
781 2532 814 2574 e
840 2527 1124 2573 nautarum
1153 2516 1404 2573 manibus
1426 2516 1664 2587 elapsos,
1692 2515 1916 2571 naucle-

312 2622 408 2665 ros
429 2610 920 2680 gubernaculorum
941 2611 1062 2667 loco
1087 2610 1342 2667 tabulatis
1371 2609 1664 2666 insidentes
1686 2651 1701 2676 ,
1725 2623 1919 2664 manus

296 2700 535 2772 genibus
554 2701 922 2772 innectentcs,
963 2711 1124 2773 atque
1169 2703 1225 2758 in
1270 2716 1389 2757 eam
1433 2701 1647 2758 consilii
1681 2701 1914 2772 inopiam
1974 2748 1987 2762 .

304 2792 580 2860 redactos,
607 2802 666 2849 ut
697 2795 1069 2851 tantummodo
1101 2795 1338 2866 lugeant,
1367 2805 1432 2850 ac
1456 2794 1692 2864 gemitus
1715 2802 1770 2848 et
1793 2793 1915 2863 eju-

301 2875 454 2940 'lstus
480 2883 683 2954 edant;
711 2899 820 2942 non
846 2887 1036 2942 caelum
1053 2924 1070 2956 ,
1101 2901 1209 2942 non
1241 2901 1392 2942 mare
1418 2886 1792 2956 conspiciunt,
1819 2885 1916 2942 sed

301 2979 504 3033 densas
546 2985 710 3049 atque
750 2977 1010 3035 obscuras
1057 2977 1313 3035 tenebras
1348 2978 1741 3050 caliginemque
1791 2987 1914 3035 tan-

298 3073 415 3126 ‘tam
440 3111 457 3139 ,
487 3078 550 3127 ut
574 3086 644 3128 ne
672 3072 1006 3144 propinquos
1034 3072 1251 3144 quidem
1286 3073 1596 3146 perspicere
1637 3073 1802 3140 sinat,
1834 3073 1918 3130 in-

298 3172 521 3234 gentem
565 3162 800 3235 deuique
825 3163 1087 3221 ﬂuctuum
1138 3165 1373 3220 sonitum
1398 3203 1415 3234 ,
1448 3179 1512 3221 ac
1539 3165 1776 3222 marinas
1801 3165 1913 3223 bel-

297 3251 419 3309 luas
448 3253 505 3310 in
533 3269 630 3313 eos
655 3297 670 3324 ,
700 3256 793 3327 qui
833 3258 1139 3328 navigant,
1183 3256 1333 3313 omni
1361 3271 1429 3313 ex
1472 3268 1625 3329 parte
1651 3258 1910 3330 impetum

299 3341 586 3401 facientes.
621 3346 736 3404 lmo
769 3361 900 3404 vero
938 3362 1220 3420 quousque
1256 3348 1310 3405 id
1338 3350 1736 3422 persequimur,
1771 3348 1912 3421 quod

300 3439 564 3511 consequi
592 3454 698 3495 non
727 3441 1051 3511 possumus?
1077 3441 1486 3514 Quamcumque
1508 3444 1652 3500 enim
1680 3459 1914 3515 praesen.

301 3529 439 3586 tium
465 3531 831 3589 calamitatum
857 3533 1089 3604 efﬁgiem
1133 3535 1448 3606 exquiram,
1496 3537 1669 3594 oratio
1713 3538 1764 3592 vi
1796 3553 1914 3594 ma-

301 3619 478 3678 lorum
509 3631 781 3695 superata,
811 3623 1002 3695 pedem
1031 3625 1219 3682 refert.
1252 3625 1541 3695 Caeterum,
1561 3629 1772 3683 etiamsi
1798 3628 1915 3685 hmo

301 3717 597 3788 perspicio,
632 3729 812 3774 tamen
841 3719 1121 3775 meliorum
1152 3735 1335 3775 rerum
1361 3736 1513 3790 spem
1539 3735 1646 3776 non
1677 3722 1867 3777 amitto
1896 3739 1910 3776 z

301 3806 528 3879 hujusce
584 3809 950 3866 universitatis
995 3809 1429 3867 Gubernatorem
1489 3822 1615 3868 ante
1671 3812 1912 3869 animum

301 3913 630 3971 proponens,
653 3901 744 3973 qui
774 3916 880 3956 non
908 3911 1024 3958 arte
1049 3912 1212 3974 atque
1242 3902 1503 3959 industria
1531 3912 1911 3976 tempestatem

303 4002 566 4065 superat,
597 4009 783 4050 verum
827 4004 959 4052 nutu
1006 3997 1123 4052 solo
1154 3997 1444 4067 procellam
1492 3998 1710 4070 frangit.
1757 4000 1912 4068 Quod

300 4085 345 4141 si
382 4084 525 4140 haud
549 4087 781 4157 primum
812 4102 876 4143 ac
902 4090 1084 4144 statim
1134 4089 1298 4157 facit,
1336 4091 1453 4146 lucc
1493 4092 1700 4147 scilicet
1743 4092 1914 4162 ipsius

298 4179 632 4235 consuetudo
655 4189 741 4236 est
768 4221 784 4247 ,
825 4190 882 4234 ut
919 4195 1097 4235 rerum
1127 4180 1451 4238 acerbitates
1481 4197 1590 4237 non
1623 4183 1675 4238 in
1705 4185 1910 4256 princi-

300 4270 394 4348 pio
417 4272 766 4344 exstinguat:
795 4288 980 4328 verum
1009 4287 1130 4328 cum
1155 4272 1444 4342 creverint,
1467 4284 1628 4346 atque
1652 4277 1718 4331 ad
1746 4276 1912 4333 linem

299 4370 606 4420 extremum
635 4366 1002 4436 pervenerint,
1045 4367 1270 4438 jamque
1312 4383 1437 4438 spes
1484 4371 1662 4426 omnis
1706 4386 1738 4427 a
1783 4386 1910 4442 per-

298 4457 486 4512 multis
509 4459 718 4528 abjecta
743 4459 835 4528 sit,
867 4468 979 4515 tum
1009 4459 1246 4532 denique
1280 4462 1413 4517 mira
1445 4471 1605 4533 atque
1635 4463 1704 4519 ab
1727 4464 1908 4519 homi-

299 4564 428 4604 num
458 4551 710 4621 Opinione
757 4552 934 4608 aliena
977 4550 1215 4610 facinora
1256 4553 1421 4611 edere
1458 4555 1670 4622 soleat;
1714 4566 1770 4613 et
1799 4557 1908 4613 vim

298 4655 454 4698 suam
497 4642 813 4709 ostendens,
845 4654 1138 4715 eteorum,
1164 4647 1358 4717 qui-iu
1408 4647 1740 4705 calamitates
1770 4649 1909 4704 inci-

298 4733 456 4797 dunt,
483 4734 793 4804 patientiam
819 4750 1101 4793 exercens.
1141 4737 1508 4806 Quamobrem
1553 4754 1623 4795 ne
1668 4738 1910 4796 animum

298 4823 542 4895 dcjicias.

383 4915 533 4972 Nihil
557 4934 709 4988 grave
734 4928 917 4988 prater
957 4932 1237 4990 peccatum.
1269 4919 1410 4976 Deus
1440 4939 1540 4978 non
1567 4924 1739 4978 statim
1775 4941 1910 4980 sem-

299 5026 391 5080 per
417 5009 628 5064 adversa
655 5009 809 5065 tollit.
832 5042 904 5052 —
927 5012 1136 5068 Etenim
1169 5028 1274 5068 una
1302 5013 1580 5070 dumtaxat
1611 5030 1701 5071 res
1733 5018 1912 5088 gravis

298 5115 362 5156 ac
407 5100 838 5172 pertimescenda
888 5113 1026 5170 est,
1058 5119 1093 5158 ο
1139 5103 1434 5176 Olympias,
1490 5122 1595 5162 una
1651 5108 1907 5177 tentatio,

297 5210 498 5266 nempe
520 5204 836 5268 peccatum;
873 5207 1033 5268 atque
1070 5198 1174 5255 hoc
1212 5199 1436 5255 verbum
1488 5217 1779 5272 numquam
1817 5203 1912 5260 tibi

299 5286 552 5343 occinere
588 5287 770 5344 destiti
798 5307 812 5345 :
849 5290 1056 5361 reliqua
1086 5300 1266 5347 autem
1296 5291 1501 5358 omnia,
1531 5308 1680 5349 mera
1705 5293 1909 5364 fabula,

296 5377 412 5434 sive
437 5377 658 5434 insidias
677 5379 900 5449 dixeris,
919 5382 1034 5438 sive
1052 5382 1378 5451 inimicitias,
1400 5383 1514 5440 sive
1535 5383 1772 5455 fraudes,
1796 5388 1910 5446 sive

294 5468 616 5539 calumnias,
647 5471 762 5528 sive
779 5473 1084 5542 maledicta,
1113 5475 1229 5532 sive
1254 5477 1646 5544 accusationes,
1677 5479 1794 5537 sive
1814 5480 1912 5538 bo-

295 5593 706 5710 0"1(1)Epistolm
725 5597 786 5647 ad
809 5595 1154 5673 Olympiadem
1183 5603 1381 5654 collatio
1403 5611 1520 5655 sunt
1544 5619 1658 5676 cum
1683 5609 1907 5683 Fabric,

300 5670 506 5740 “.119-
533 5659 1052 5740 S_E_ir{b":..!i9§"$;
1093 5664 1230 5740 Ψηιῑε
1284 5667 1408 5740 “se
1436 5683 1448 5716 =
1476 5671 1701 5740 Ερτξεοια
1744 5687 1911 5740 prima

295 5717 486 5795 “ip”
511 5723 720 5795 ι⁶¹⁸⁰²¹⁸ε²
761 5717 1052 5795 mitis-“
1096 5725 1287 5795 beatam
1330 5717 1908 5795 073M91'adem:'"rii}:

297 5784 520 5862 molq'at'
543 5786 919 5862 γρξφεῖσᾳέπὸ
946 5789 1233 5840 Κουκουσοῦ
1265 5799 1352 5848 τῆς
1392 5784 1615 5854 Ϊίιὶῖικίαξ
1661 5784 1908 5862 «pec—8i»

299 5850 540 5896 ααιιοίαν
574 5850 892 5900 Ὀλυμπιάδα.

2035 1141 2230 1183 norum
2261 1128 2708 1201 proscriptiones,
2729 1129 2846 1188 sive
2865 1127 3079 1202 exsilia,
3106 1132 3222 1189 sive
3264 1131 3474 1206 gladios
3516 1139 3657 1206 prmi

2034 1226 2242 1286 acutos,
2275 1220 2396 1275 sive
2425 1235 2596 1287 mare,
2622 1221 2737 1278 sive
2768 1222 2933 1278 totius
2963 1230 3233 1285 terrarum
3263 1223 3414 1281 orbis
3434 1224 3659 1284 bellum.

2030 1295 2165 1365 Nam
2193 1326 2548 1384 quaecumque
2574 1313 2792 1370 tandem
2816 1298 2934 1370 huc
2960 1315 3143 1371 omnia
3172 1315 3306 1385 sint,
3329 1321 3481 1374 certe
3509 1316 3652 1375 tem-

2028 1403 2244 1472 poraria
2299 1412 2356 1459 et
2392 1403 2596 1460 caduca
2644 1414 2795 1475 sunt,
2834 1408 2996 1479 atque
3049 1407 3105 1462 in
3161 1409 3376 1465 mortali
3427 1413 3660 1480 corpore

2034 1493 2323 1563 exsistunt,
2353 1510 2456 1552 nec
2479 1496 2723 1568 vigilanti
2751 1497 2949 1554 animai
2976 1498 3366 1556 detrimentum
3397 1499 3651 1558 aﬂ‘erunt.

2033 1587 2297 1654 Quocirca
2326 1589 2490 1644 etiam
2509 1590 2701 1648 beatus
2721 1591 2920 1647 Paulus
2938 1602 2996 1648 et
3016 1592 3415 1664 jucunditatum
3448 1596 3507 1651 et
3538 1610 3657 1652 mo-

2027 1678 2309 1734 lestiarum
2336 1680 2498 1752 hujus
2525 1683 2650 1738 vita:
2676 1683 3101 1741 imbecillitatem
3127 1685 3507 1744 demonstrare
3536 1699 3658 1744 Stu-

2031 1770 2185 1840 dens,
2216 1773 2376 1829 uni'co
2399 1771 2664 1832 Vocabula
2691 1775 2748 1831 id
2775 1789 3001 1846 prorsus
3021 1777 3297 1844 iudicavit,
3329 1793 3452 1834 cum
3480 1780 3555 1836 ita
3578 1780 3659 1837 lo-

2027 1870 2230 1932 quutus
2260 1871 2385 1918 est:
2417 1863 2548 1931 Qua:
2585 1866 2722 1920 enim
2768 1865 3025 1937 uidentur,
3071 1863 3382 1940 temporalia
3421 1880 3540 1926 sunt
3575 1870 3654 1944 (2.

2031 1953 2153 2009 l‘or.
2180 1955 2236 2011 4.
2269 1953 2382 2027 l8).
2414 1955 2552 2025 Quid
2580 1957 2743 2026 igitur
2775 1971 2840 2013 ea
2861 1972 2984 2028 quae
3021 1962 3352 2030 temporaria
3395 1969 3544 2030 sunt,
3590 1975 3657 2017 ac

2025 2045 2310 2102 ﬂuminum
2335 2046 2503 2102 instar
2526 2045 2718 2116 ﬂuunt,
2746 2049 3092 2106 cxtimescis?
3115 2051 3435 2124 llujusmodi
3457 2055 3658 2126 quippe

2023 2147 2156 2196 sunt
2181 2153 2271 2194 res
2301 2149 2623 2209 prmscntes,
2655 2149 2763 2196 tam
2805 2141 2963 2206 laeta,
3009 2157 3169 2214 quam
3209 2145 3477 2202 molestas.
3515 2147 3656 2216 Quin

2026 2228 2169 2285 alter
2195 2244 2412 2301 quoque
2441 2231 2711 2301 propheta
2740 2231 3036 2288 humanam
3064 2248 3282 2292 omnem
3315 2236 3654 2308 felicitatem,

2027 2335 2099 2377 ne
2130 2321 2276 2377 [ωηο
2302 2321 2546 2393 quidem,
2572 2338 2762 2379 verum
2787 2324 2944 2380 alteri
2972 2325 3150 2381 viliori
3172 2330 3413 2385 materiae
3435 2344 3659 2404 compa-

2026 2413 2188 2483 ravit,
2217 2429 2337 2470 eam
2365 2414 2617 2472 videlicet
2641 2417 2951 2474 universam
2978 2418 3108 2476 fteni
3130 2420 3322 2478 ﬂorem
3347 2424 3653 2496 appellans.

2025 2504 2214 2576 Neque
2242 2506 2416 2578 ipsius
2444 2507 2728 2566 dumtaxat
2761 2518 2972 2582 partem
3007 2513 3300 2584 quamdam
3339 2517 3545 2586 posuit,
3591 2529 3654 2575 ut

2025 2613 2160 2669 opes
2196 2608 2427 2672 tantum,
2469 2611 2564 2658 aut
2605 2602 2792 2660 luxum
2822 2618 2888 2660 ac
2915 2604 3162 2675 delicias,
3193 2616 3286 2663 aut
3329 2611 3652 2681 potentiam.

2023 2701 2120 2761 aut
2164 2692 2402 2750 honores
2444 2711 2458 2748 :
2492 2710 2679 2752 verum
2725 2697 2907 2751 omnia
2948 2712 3012 2753 ea
3055 2714 3178 2769 quae
3215 2699 3359 2771 apud
3389 2703 3654 2761 mortales

2025 2784 2290 2856 praeclara
2315 2794 2370 2841 et
2398 2786 2680 2856 splendida
2699 2801 2824 2844 esse
2849 2788 3125 2859 videntur,
3157 2792 3318 2847 unico
3348 2793 3536 2863 gloria
3555 2810 3654 2852 vo-

2025 2876 2222 2933 cabulo
2249 2879 2585 2949 complexus,
2616 2879 2690 2934 ita
2715 2879 2939 2936 demum
2966 2881 3273 2953 subjunxit,
3314 2882 3448 2942 {mni
3477 2886 3650 2944 simu-

2026 2970 2230 3027 lacrum
2271 2971 2461 3030 dicens
2509 2993 2524 3030 :
2575 2971 2758 3028 Omnis
2797 2973 2966 3046 gloria
3009 2974 3234 3032 hominis
3266 2987 3526 3050 tamquam
3553 2983 3652 3053 ﬂos

2024 3065 2152 3135 ίωηε
2183 3064 2338 3138 (Isai.
2367 3066 2458 3122 to.
2493 3065 2576 3137 6).

2097 3157 2152 3212 2.
2195 3159 2289 3226 At,
2318 3159 2522 3231 inquis,
2551 3161 2732 3232 gravis
2758 3169 2816 3217 et
2844 3163 3042 3219 acerba
3078 3176 3169 3221 res
3203 3173 3288 3222 est
3323 3166 3644 3226 adversitas.

2027 3249 2099 3303 At
2131 3248 2251 3304 vide
2280 3250 2554 3321 quomodo
2583 3251 2702 3307 haec
2732 3266 2952 3324 quoque
2971 3268 3096 3311 cum
3121 3255 3228 3311 alia
3263 3256 3498 3329 imagine
3519 3274 3651 3316 con.-

2025 3341 2232 3394 feratur
2257 3358 2270 3395 ι
2293 3341 2483 3411 sicque
2511 3340 2653 3398 hanc
2682 3343 2845 3398 etiam
2869 3353 3180 3401 contemne.
3209 3346 3489 3418 Siquidem
3518 3365 3651 3407 con-

2021 3433 2158 3488 vicia
2186 3440 2242 3489 et
2264 3434 2645 3502 contumelias,
2669 3449 2736 3492 ac
2758 3436 2980 3506 probra,
3011 3445 3067 3493 et
3090 3436 3414 3496 oﬂ'endicula
3441 3455 3506 3498 ea
3526 3456 3650 3514 qua:

2020 3523 2090 3580 ab
2116 3525 2350 3582 inimicis
2385 3526 2736 3598 objiciuntur,
2768 3536 2825 3583 et
2867 3529 3093 3586 insidias
3132 3530 3455 3592 indumento
3491 3547 3649 3594 vetus

2019 3629 2164 3676 state
2185 3628 2532 3693 consumpto,
2550 3635 2616 3678 ac
2637 3621 2778 3678 lana:
2792 3635 2973 3680 exesa:
3000 3638 3344 3696 comparans,
3368 3627 3452 3686 bis
3467 3630 3652 3689 verbis

2022 3710 2271 3766 utebatur
2300 3728 2314 3765 ε
2347 3710 2528 3767 Nolite
2552 3713 2728 3768 timere
2757 3717 3092 3785 opprobrium
3123 3712 3410 3788 hantinum,
3445 3730 3493 3775 et
3530 3721 3646 3779 ϐία-ι

2022 3803 2282 3873 sphemias
2307 3819 2487 3860 eorum
2517 3821 2582 3860 ne
2621 3807 2883 3861 metuatis.
2923 3807 3074 3863 Sicut
3114 3811 3250 3866 enim
3270 3813 3646 3883 vestimentum,

2019 3895 2094 3949 sic
2123 3897 2351 3951 comedet
2408 3913 2493 3955 eos
2531 3898 2716 3954 vermis
2743 3912 2765 3953 :
2789 3907 2840 3953 et
2887 3899 3021 3955 sicut
3046 3901 3244 3972 lanam,
3275 3905 3350 3960 sic
3386 3904 3650 3963 devorabit

2020 4003 2106 4042 eos
2132 3987 2271 4043 tinea
2299 3987 2455 4059 (Isai.
2501 3990 2593 4046 5L
2635 3991 2690 4046 7.
2720 3990 2806 4064 8).
2837 3991 3204 4060 Quamobrem
3251 3996 3390 4053 nihil
3430 4013 3647 4070 eorum,

2019 4096 2140 4151 qua:
2165 4083 2439 4151 accidunt,
2464 4084 2704 4140 animum
2735 4094 2885 4141 tuum
2916 4089 3203 4145 conturbet
3229 4108 3244 4146 :
3269 4105 3457 4147 verum
3479 4093 3647 4149 alium

2019 4181 2184 4244 atque
2213 4174 2376 4230 alium
2407 4190 2602 4247 rogare
2639 4186 2693 4232 et
2733 4177 2954 4234 umbras
2993 4181 3243 4251 persequi
3281 4183 3649 4255 supersedens

2021 4265 2221 4336 (neque
2265 4267 2410 4323 enim
2455 4267 2604 4325 aliud
2644 4277 2731 4326 est
2770 4269 3068 4326 humanum
3109 4273 3420 4348 auxilium),
3454 4275 3644 4333 Jesum

2020 4372 2181 4428 quem
2210 4359 2368 4425 colis,
2411 4360 2532 4417 sine
2573 4361 2679 4416 ulla
2724 4361 3132 4422 intermissione
3170 4367 3418 4436 obsecra,
3462 4377 3522 4426 ut
3559 4370 3649 4426 vel

2021 4449 2195 4505 solum
2218 4460 2421 4507 annuat
2445 4471 2459 4508 :
2487 4463 2651 4522 atque
2678 4455 2858 4510 omnia
2888 4456 3049 4513 unico
3080 4447 3342 4530 temporis
3367 4471 3650 4520 momento

2020 4544 2348 4601 dilabentur.
2389 4545 2546 4614 Quod
2593 4548 2640 4603 si
2687 4547 3024 4619 obsecrasti,
3072 4566 3176 4607 nec
3217 4562 3398 4610 tamen
3439 4555 3645 4612 malum

2020 4636 2307 4709 depulsum
2352 4647 2456 4708 est,
2502 4639 2558 4695 id
2599 4640 2808 4697 scilicet
2851 4642 2963 4699 Deo
3005 4644 3262 4701 usitatum
3300 4657 3406 4717 est,
3435 4657 3495 4705 ut
3533 4665 3647 4707 non

2021 4733 2204 4787 statim
2252 4733 2508 4805 (utquod
2541 4735 2792 4806 superius
2837 4736 2950 4793 dixi
2999 4742 3272 4813 repetam)
3316 4744 3643 4806 acerbitates

2020 4825 2331 4897 exstinguat
2355 4844 2370 4882 :
2399 4816 2495 4884 sed
2521 4844 2646 4886 eum
2666 4845 2744 4885 eae
2763 4830 3122 4889 intumuerint
3146 4843 3311 4906 atque
3331 4847 3506 4896 auctae
3528 4841 3639 4905 fuco

2020 4918 2150 4985 rint,
2178 4917 2324 4990 iique
2351 4919 2442 4990 qui
2473 4919 2671 4976 bellum
2701 4921 2962 4991 inferunt,
2996 4924 3130 4981 nihil
3161 4925 3277 4983 fere
3314 4929 3384 4985 ad
3423 4944 3654 4992 omnem

2021 5010 2424 5082 improbitatem
2446 5012 2552 5068 sibi
2571 5013 2766 5085 reliqui
2796 5013 3047 5084 fecerint,
3073 5026 3186 5074 tum
3208 5018 3445 5094 denique
3459 5032 3647 5084 omnia

2021 5103 2076 5160 in
2124 5105 2470 5175 tranquillum
2520 5117 2745 5176 repente
2783 5117 2978 5178 mutet,
3022 5119 3185 5182 atque
3229 5111 3284 5169 in
3332 5113 3647 5188 inopinatos

2019 5196 2284 5268 quosdam
2312 5213 2495 5254 rerum
2523 5207 2697 5254 status
2738 5214 2802 5255 ea
2845 5200 3101 5258 adducat.
3140 5202 3331 5277 Neque
3373 5210 3520 5266 enim
3573 5221 3653 5270 tot

2020 5292 2300 5348 dumtaxat
2323 5292 2463 5348 bona
2488 5290 2710 5349 eflicerc
2738 5303 2939 5364 potest,
2981 5305 3114 5368 quot
3151 5311 3542 5370 exspectamus
3585 5321 3672 5361 ac-

2020 5402 2304 5455 speramus
2346 5405 2359 5442 :
2388 5402 2575 5442 verum
2605 5388 2776 5444 multo
2806 5389 2983 5460 plura,
3014 5399 3178 5463 atque
3208 5394 3433 5452 inﬁnitis
3478 5401 3646 5470 parti-

2021 5479 2124 5537 bus
2147 5481 2370 5551 majora.
2401 5481 2483 5538 Ob
2504 5482 2663 5554 idque
2683 5484 2845 5539 etiam
2871 5485 3072 5543 Paulus
3088 5487 3304 5546 dicebat
3328 5508 3344 5547 :
3377 5489 3448 5548 Ei
3472 5503 3650 5550 autem

2020 5581 2106 5648 qui
2137 5584 2315 5643 potens
2341 5584 2415 5630 est
2436 5576 2606 5646 facere
2628 5579 3109 5647 superabundanter
3131 5599 3285 5654 quam
3309 5587 3530 5656 petimus
3562 5602 3649 5646 aut

2020 5667 2305 5738 cogitamus
2332 5669 2550 5742 (Ephes.
2581 5671 2635 5728 5.
2660 5669 2775 5743 20).
2808 5674 3004 5729 Annon
3025 5677 3206 5732 statim
3231 5678 3523 5749 prohibere
3555 5698 3648 5754 po-

2021 5768 2181 5826 terat,
2222 5776 2291 5818 nc
2323 5769 2435 5818 tres
2474 5763 2628 5833 pueri
2670 5764 2724 5820 in
2755 5766 3108 5824 tentationeu
3146 5769 3290 5827 illam
3328 5771 3648 5831 laberentur

2021 5852 2182 5925 (Dan.
2210 5853 2305 5928 πῃ
2326 5855 2527 5915 Verum
2551 5857 2604 5914 id
2625 5859 2850 5918 minime
2873 5860 3052 5920 facere
3075 5863 3264 5934 voluit,
3290 5874 3348 5922 ut
3366 5866 3646 5938 ingentem
