4050 6468
3876 204 3879 205 ί

1121 370 1183 431 s.
1220 364 1500 429 manuus
1534 356 2017 421 cunvsosronn
2051 354 2374 417 ARCHIEP.
2413 348 2950 413 consummes.

1955 471 2008 527 in
2119 470 2288 526 multo
2318 484 2451 527 sane
2485 468 2658 542 magis
2697 483 2760 525 ea
2788 483 2910 540 qua:
2947 474 3095 537 sunt,
3148 474 3204 525 et
3241 480 3363 541 quire
3390 465 3535 541 facta

414 770 598 837 tendi,
623 765 930 837 regiamque
951 756 1281 815 iracundiam
1303 750 1526 808 fornace
1549 750 1781 805 atrocius
1800 744 2009 802 inﬁam.

418 863 575 927 mari,
610 836 811 929 eosque
838 852 1087 911 manibus
1113 864 1178 905 ac
1201 846 1428 919 pedibus
1453 842 1753 899 arctissime
1792 836 2006 905 vinciri,

420 963 581 1024 atque
609 951 663 1006 in
692 949 867 1019 ignem
908 942 1137 1013 conjici;
1184 953 1307 995 cum
1336 944 1512 992 autem
1538 945 1758 1024 omnes,
1789 930 1881 1024 qui
1914 942 2010 985 eos

420 1022 752 1116 spectabant,
782 1051 971 1094 eorum
1001 1033 1228 1089 salutem
1254 1044 1353 1101 pro
1378 1027 1652 1098 deplorata
1674 1022 2009 1090 habuissent,

422 1147 535 1193 tum
556 1134 767 1189 demum
794 1128 970 1185 subito
993 1140 1057 1180 ac
1076 1130 1271 1194 praeter
1293 1134 1444 1191 spem
1468 1130 1683 1173 omnem
1709 1129 1829 1171 sese
1856 1127 2014 1169 exse-

423 1227 530 1283 ruit
556 1218 978 1296 praestantissimi
1006 1212 1226 1271 artiﬁcis
1267 1211 1371 1267 Dei
1392 1210 1446 1275 in
1475 1207 1750 1264 miraculis
1786 1204 2011 1260 edendis

423 1319 665 1381 facultas,
713 1323 875 1383 atque
916 1307 1172 1367 eximium
1217 1304 1501 1377 quemdam
1531 1305 1587 1359 in
1617 1301 1833 1359 modum
1872 1300 2010 1357 emi-

428 1408 561 1465 cuit.
598 1402 872 1475 Siquidem
923 1400 1060 1471 ignis
1099 1396 1449 1461 vinciebatur,
1492 1393 1584 1465 qui
1624 1400 1803 1448 autem
1851 1387 2013 1445 vincti

424 1508 581 1555 erant
615 1495 991 1559 solvebantur;
1029 1504 1093 1545 ac
1133 1488 1321 1544 fornax
1350 1486 1405 1543 in
1444 1485 1698 1556 templum
1725 1492 1781 1539 et
1805 1481 2011 1538 fontem

423 1606 489 1649 ac
517 1604 696 1646 rorem
743 1584 1068 1648 mutabatur,
1112 1581 1366 1652 regiaque
1418 1578 1538 1633 aula
1590 1572 2014 1647 magniﬁcentior

425 1681 803 1753 augustiorque
829 1673 1153 1731 reddebatur
1181 1690 1197 1725 :
1218 1679 1569 1740 naturamque
1592 1666 1735 1722 illam
1761 1664 2007 1722 edacissi

426 1772 590 1839 mam,
613 1785 676 1826 ac
698 1768 897 1826 ferrum
924 1766 1083 1823 etiam
1106 1772 1161 1820 et
1183 1762 1409 1833 lapides,
1433 1771 1593 1832 atque
1618 1774 1835 1815 omnem
1856 1758 2014 1814 deni-

423 1879 532 1935 que
557 1861 829 1917 materiam
859 1864 1225 1928 superantem,
1255 1853 1482 1910 crinium
1522 1862 1712 1908 natura
1744 1849 2012 1907 vincebat.

424 1960 604 2026 Atque
632 1951 1085 2009 modulatissimus
1118 1949 1226 2004 illic
1262 1954 1566 2003 sanctorum
1589 1944 1793 2000 chorus
1818 1943 2013 2012 stabat,

424 2058 684 2117 utrasque
711 2059 799 2100 res
824 2042 1065 2098 conditas
1093 2039 1160 2096 ad
1189 2038 1473 2095 miriﬁcum
1518 2036 1660 2091 hunc
1698 2044 2014 2091 concentum

420 2137 659 2195 'invitans
690 2152 703 2188 :
734 2134 1069 2205 hymnosque
1098 2131 1165 2186 ad
1204 2129 1342 2201 grati
1370 2127 1529 2183 animi
1572 2126 2013 2198 signiﬁcationem

426 2229 493 2285 ad
522 2228 685 2284 Deum
712 2222 1161 2289 transmittebant,
1192 2220 1334 2292 quod
1364 2219 1613 2275 videlicet
1639 2218 1862 2273 vinculis
1882 2212 2035 2272 coni

427 2321 621 2388 stricti,
668 2316 833 2390 quod,
879 2326 1131 2389 quantum
1177 2313 1391 2385 quidem
1434 2312 1489 2369 in
1532 2311 1774 2367 hostibus
1820 2308 2013 2374 fuerat,

425 2414 602 2470 exusti
628 2414 669 2479 ⁸,
701 2411 840 2483 quod
872 2407 1056 2481 patriis
1085 2407 1301 2464 sedibus
1327 2406 1616 2473 exturbati,
1646 2402 1790 2474 quod
1820 2402 2015 2473 captivi

428 2505 664 2571 abducti,
692 2502 833 2574 quod
872 2500 1119 2557 libertate
1156 2497 1369 2569 spoliati
1414 2496 1658 2563 fuissent,
1690 2493 1832 2565 quod
1873 2492 2019 2547 urbi-

426 2597 563 2661 bus,
615 2595 759 2667 quod
808 2591 1056 2649 domibus
1102 2598 1368 2658 carerent,
1423 2597 1771 2659 extorresque
1812 2594 2014 2652 essent,

426 2688 573 2761 quod
593 2687 822 2757 denique
841 2688 893 2741 in
913 2685 1084 2740 aliena
1105 2692 1161 2739 et
1184 2683 1411 2738 barbara
1435 2692 1577 2737 terra
1600 2681 1849 2751 degerent
1875 2697 1889 2735 :
1914 2678 2018 2734 hoc

428 2783 570 2838 enim
608 2781 739 2851 grati
779 2778 944 2834 animi
983 2786 1084 2833 est.
1124 2776 1411 2846 Postquam
1456 2784 1633 2830 autem
1680 2783 1734 2830 et
1786 2774 2016 2828 hostium

428 2871 741 2943 improbitas
761 2870 997 2938 partibus
1022 2867 1271 2923 omnibus
1291 2866 1531 2921 absoluta
1559 2865 1680 2929 fuit.
1703 2864 1852 2934 (quid
1875 2865 2016 2918 enim

430 2964 567 3019 ultra
595 2971 824 3018 mortem
848 2960 959 3031 jam
1003 2959 1185 3015 conari
1221 2957 1531 3029 poterant?)
1558 2966 1612 3012 et
1640 2957 1872 3028 pugilum
1913 2956 2021 3009 vir-

429 3066 515 3111 tus
539 3055 747 3126 expleta
776 3062 878 3118 est,
905 3061 1064 3122 atque
1089 3051 1249 3105 etiam
1280 3060 1526 3105 contexta
1556 3063 1775 3113 corona,
1795 3056 1849 3103 et
1879 3062 2018 3118 prae-

428 3146 537 3202 mia
569 3145 697 3215 ipsis
721 3142 943 3199 collecta
974 3140 1121 3208 sunt,
1148 3157 1246 3198 nec
1270 3141 1380 3211 jam
1412 3143 1479 3197 ad
1500 3142 1723 3212 gloriam
1758 3140 2017 3197 nominis-

358 3244 361 3245 ⁷
426 3254 533 3310 que
561 3236 898 3308 splendorem
920 3235 1206 3306 quidquam
1238 3235 1473 3290 restabat
1495 3254 1509 3289 :
1535 3242 1646 3290 tum
1674 3233 1891 3290 demum
1915 3234 2019 3289 sci-

426 3332 552 3386 licet
579 3330 715 3386 mala
746 3328 1110 3399 depelluntur,
1143 3335 1198 3383 ct
1233 3324 1325 3397 qui
1370 3323 1639 3381 fornacem
1677 3325 2015 3392 accenderat,

423 3438 633 3494 eosque
660 3431 766 3477 tam
796 3420 951 3493 gravi
990 3418 1250 3490 supplicio
1282 3415 1579 3486 addixerat,
1624 3414 1763 3475 idem
1804 3426 2020 3475 sanctos

426 3518 552 3572 illos
581 3512 786 3586 pugiles
811 3513 1049 3569 mirificis
1073 3512 1322 3569 laudibus
1344 3510 1520 3579 effert,
1549 3526 1614 3567 ac
1641 3511 1956 3567 miraculum
1985 3526 2015 3565 a

430 3610 544 3666 Deo
569 3608 768 3665 editum
795 3606 1071 3678 praedicat,
1110 3605 1398 3678 literasque
1432 3604 1633 3676 ingenti
1661 3602 1818 3661 laude
1847 3602 2019 3659 refer-

430 3710 515 3755 tas
539 3714 752 3771 quoquo
775 3699 1012 3771 gentium
1052 3698 1233 3765 mittit,
1266 3712 1331 3753 ea
1361 3713 1480 3768 qua:
1526 3697 1832 3754 acciderant
1873 3711 2016 3752 com-

428 3807 755 3859 memorans,
783 3800 942 3863 atquc
962 3790 1067 3847 ﬁde
1084 3789 1299 3861 dignum
1315 3789 1619 3845 divinorum
1641 3787 2018 3845 miraculorum

431 3898 735 3956 prmconem
783 3897 842 3938 se
892 3881 1158 3952 prtebens.
1205 3880 1338 3936 Nam
1391 3881 1642 3951 quoniam
1685 3879 1931 3934 inimicus
1967 3887 2022 3934 et

432 3975 605 4031 hostis
630 3976 744 4046 ipse
779 3982 916 4040 erat,
954 3972 1154 4028 ideirco
1194 3971 1304 4042 jam
1345 3972 1484 4042 apud
1532 3971 1714 4027 hostes
1758 3972 1919 4025 etiam
1953 3969 2023 4024 ab

430 4066 581 4123 omni
602 4064 904 4136 suspicione
925 4070 1130 4119 remota
1160 4071 1334 4127 erant,
1365 4077 1485 4132 quae
1514 4061 1907 4116 scribebantur.

502 4160 555 4214 3.
600 4157 788 4213 Vidisti
828 4156 922 4211 Dei
973 4152 1276 4210 solertiam?
1315 4154 1491 4209 vidisti
1540 4153 1895 4224 sapientiam?
1936 4153 2021 4207 vi-

431 4250 555 4307 disti
596 4248 721 4321 quid
758 4256 954 4319 prrcter
983 4245 1258 4302 hominum
1294 4246 1603 4316 opinionem
1645 4244 1911 4316 patravit?
1939 4246 2023 4301 vi-

431 4344 558 4401 disti
585 4341 964 4412 benignitatem
994 4348 1051 4395 et
1076 4339 1297 4395 curam?
1321 4338 1555 4394 Proinde
1582 4353 1651 4394 nc
1678 4353 2023 4395 commovea-

436 4438 508 4493 ris
535 4450 597 4490 ac
622 4433 975 4506 perturberis,
1002 4447 1187 4487 verum
1210 4446 1305 4502 pro
1325 4432 1575 4487 omnibus
1593 4432 1755 4487 rebus
1775 4440 2025 4487 constan-

437 4538 516 4581 ter
548 4526 650 4596 ipsi
670 4524 865 4594 gratias
893 4538 1011 4593 age,
1041 4538 1271 4593 eumque
1295 4523 1476 4587 lauda,
1515 4538 1664 4593 roga,
1692 4522 2026 4593 supplexque

442 4620 697 4681 i-bsecra;
728 4616 935 4670 etiamsi
962 4614 1200 4669 sexcenti
1223 4614 1499 4681 tumultus,
1521 4623 1788 4670 sexcenta:
1811 4624 2025 4686 pertur-

442 4710 685 4767 bationes
712 4722 776 4762 ac
804 4707 1057 4778 procella:
1098 4706 1188 4761 tibi
1220 4706 1289 4761 ob
1325 4706 1513 4761 oculos
1553 4710 1855 4773 vchentur,
1898 4706 2027 4761 nihil

443 4809 618 4854 tamen
647 4799 841 4853 horum
872 4807 923 4851 te
948 4797 1240 4866 perturbet.
1268 4797 1454 4868 Neque
1482 4798 1623 4853 enim
1654 4799 1910 4855 Dominus
1932 4814 2032 4854 no-

441 4892 521 4947 his
562 4906 739 4945 rerum
785 4888 1097 4945 difﬁcultate
1148 4891 1521 4956 antevertitnr,
1572 4892 1782 4946 etiamsi
1830 4891 2030 4962 alioqui

444 4983 625 5039 omnia
655 4984 707 5037 in
736 4991 1026 5038 extremam
1058 4982 1349 5051 perniciem
1385 4982 1635 5038 devoluta
1678 4984 1805 5038 sint.
1849 4982 2032 5040 Potest

441 5075 640 5143 quippe
665 5074 779 5142 ipse
803 5082 858 5128 ct
879 5073 1123 5143 iacentes
1148 5073 1403 5140 excitare,
1446 5083 1500 5127 et
1529 5084 1773 5129 errantes
1803 5074 1854 5129 in
1887 5075 2030 5130 viam

444 5180 721 5231 revocare,
749 5174 802 5219 et
829 5180 922 5220 eos
955 5166 1045 5236 qui
1085 5164 1463 5221 offendiculum
1502 5166 1644 5235 passi
1679 5176 1822 5232 sunt,
1858 5168 2031 5221 corri-

444 5272 591 5328 gere,
624 5265 679 5312 et
701 5272 800 5312 cos
822 5258 911 5328 qui
940 5258 1233 5313 innumeris
1263 5259 1498 5327 peccatis
1523 5260 1763 5327 cooperti
1794 5268 1937 5324 sunt,
1972 5260 2034 5314 li-

447 5352 639 5406 berare
669 5364 731 5405 ac
760 5350 955 5421 probos
979 5350 1212 5417 efﬁcere,
1244 5360 1300 5405 et
1336 5350 1629 5406 exstinctos
1666 5352 1771 5405 vita
1801 5352 2028 5419 donare,

448 5454 504 5497 et
531 5443 596 5497 iis
623 5458 741 5511 qua:
768 5442 942 5497 diruta
971 5451 1116 5509 sunt,
1148 5442 1407 5513 majorem
1442 5442 1781 5513 splendorem
1820 5459 2035 5515 compa-

448 5548 588 5598 rare,
611 5542 663 5587 et
684 5548 802 5603 qua:
826 5541 1145 5589 vetustatem
1166 5543 1567 5601 contraxerunt,
1593 5550 1873 5591 renovare.
1902 5536 2033 5592 Nam

448 5636 575 5675 cum
603 5622 705 5678 hoc
731 5624 948 5692 efﬁciat,
994 5632 1053 5680 ut
1087 5640 1208 5696 qum
1248 5641 1355 5680 non
1387 5634 1539 5681 erant
1568 5628 1830 5696 oriantur,
1879 5640 1933 5685 ct
1972 5631 2037 5687 iis

451 5725 569 5785 quae
600 5729 860 5786 nusquam
886 5716 1105 5771 omnino
1150 5717 1527 5785 cernebantur,
1573 5730 1631 5774 ut
1660 5721 1788 5786 sint,
1826 5721 2036 5790 afferat,

515 5807 533 5839 ⁸
553 5805 627 5858 Sic
651 5814 751 5857 Mss.
778 5814 827 5857 tn
847 5807 992 5860 Editis
1007 5808 1149 5860 deest
1164 5822 1279 5873 vox,
1300 5810 1481 5873 exusti;
1500 5810 1587 5862 sed
1610 5818 1856 5878 lnterpres
1880 5813 2021 5879 legit.

2117 560 2443 618 emendabit.
2470 562 2542 618 At
2578 560 2730 618 multi
2759 569 2884 617 sunt
2920 560 3011 634 qui
3056 569 3301 632 pereant,
3332 559 3487 618 multi
3527 560 3734 635 quiin.

2114 655 2426 712 scandalum
2474 654 2777 712 inferatur?
2830 655 2934 711 Sed
2986 655 3152 711 multa
3210 653 3525 726 huiusmodi
3576 668 3735 726 saepe

2114 747 2475 819 contigerunt,
2505 762 2625 820 qua:
2652 757 2829 803 tamen
2857 756 3045 818 postea
3074 763 3216 814 eam,
3257 762 3419 820 quam
3448 761 3554 820 par
3582 758 3730 815 erat,

2070 904 2071 907 η
2115 839 2437 895 medicinam
2457 848 2788 912 consequuta
2811 846 2939 895 sunt
2971 857 2988 895 :
3021 841 3123 895 nisi
3150 840 3241 911 qui
3270 839 3503 896 fortasse
3549 847 3737 895 mutae

2117 932 2185 985 tis
2225 931 2387 986 etiam
2440 931 2635 999 rebus,
2691 931 2745 987 in
2799 931 3078 987 incurabili
3135 931 3325 987 morbo
3374 931 3735 1002 pertinaciter

2116 1020 2408 1077 hauserunt.
2439 1021 2579 1086 Ouid
2606 1028 2783 1076 autem
2811 1035 2878 1077 eo
2907 1021 3125 1076 nomine
3166 1021 3576 1091 perturbatione
3602 1020 3738 1076 afﬁ-

2114 1115 2255 1170 ceris
2281 1116 2629 1186 animumque
2672 1114 2879 1184 dejicis,
2921 1114 3063 1185 quod
3108 1114 3202 1169 illc
3244 1114 3450 1185 ejectus
3491 1115 3586 1181 sit,
3633 1098 3735 1171 ille

2116 1213 2300 1260 contra
2331 1205 2704 1261 introductus?
2730 1206 2977 1261 Christus
3008 1206 3061 1260 in
3100 1219 3314 1261 erucem
3346 1205 3634 1278 agebatur,
3665 1216 3735 1262 Ic

2117 1298 2386 1354 Barabbas
2416 1299 2554 1355 latro
2583 1299 2925 1371 poscebatur,
2966 1306 3127 1370 atque
3172 1309 3486 1371 corruptum
3532 1300 3734 1371 vulgus

2117 1390 2440 1448 homicidam
2469 1392 2647 1462 potius
2672 1409 2829 1463 quam
2859 1392 3201 1449 Servatorem
3230 1407 3295 1449 ac
3323 1401 3404 1449 tot
3426 1392 3735 1450 beneﬁcio-

2104 1496 2234 1553 rum
2278 1465 2552 1537 auctorem
2599 1483 3022 1550 conservandum
3077 1498 3199 1541 esse
3245 1484 3533 1543 clamabat.
3581 1484 3734 1555 Quot

2117 1572 2425 1630 hominibus
2465 1574 2583 1631 haec
2610 1575 2961 1631 offensionem
2991 1576 3256 1642 attulisse,
3302 1585 3432 1648 quot
3483 1576 3729 1633 homini-

2117 1665 2217 1721 bus
2245 1666 2469 1722 exitium
2499 1667 2763 1723 invexisse
2791 1668 3102 1724 existimas?
3128 1667 3327 1724 Verum
3358 1678 3586 1740 pra:th
3611 1683 3735 1725 ser-

2119 1772 2331 1814 monem
2358 1759 2516 1815 altius
2557 1769 2822 1829 repetere.
2883 1761 3076 1818 Annon
3112 1762 3179 1831 is,
3222 1762 3314 1834 qui
3351 1764 3499 1819 cruci
3532 1761 3735 1819 afﬁxus

2117 1857 2220 1917 est,
2249 1850 2429 1905 statim
2459 1860 2519 1905 ut
2548 1851 2601 1906 in
2632 1851 2806 1908 lucem
2848 1852 3067 1925 prodiit,
3108 1853 3281 1909 solum
3324 1854 3517 1921 vertit,
3564 1862 3736 1926 atque

2118 1954 2239 1996 cum
2270 1940 2513 1996 universa
2544 1940 2705 1997 domo
2745 1943 2813 1999 ab
2849 1944 2980 2014 ipsis
3006 1944 3342 2000 incunabulis
3382 1945 3436 1999 in
3474 1952 3733 2002 exteram

2119 2038 2317 2086 terram
2346 2029 2598 2100 fugitivus
2632 2033 2896 2105 migravit,
2928 2035 2980 2090 in
3012 2036 3363 2092 barbarorum
3394 2037 3607 2093 scilicet
3632 2051 3729 2094 re-

2118 2121 2332 2191 gionem
2363 2132 2471 2178 tam
2498 2122 2660 2194 longo
2680 2125 2889 2181 itineris
2910 2127 3195 2183 intervallo
3233 2127 3524 2184 distantem
3561 2128 3736 2185 abdu-

2121 2213 2274 2269 ctus?
2305 2214 2417 2282 Qua
2449 2217 2665 2286 quidem
2693 2233 2764 2273 ex
2794 2233 2953 2273 causa
2984 2220 3173 2291 ingens
3213 2222 3373 2276 etiam
3406 2222 3491 2275 vis
3518 2222 3737 2279 cruoris

2123 2307 2338 2377 profusa
2380 2316 2484 2374 est,
2527 2309 2706 2365 caedes
2731 2320 2786 2365 et
2811 2313 3164 2367 mactationes
3190 2314 3528 2379 exstiterunt,
3573 2323 3736 2370 tene-

2120 2412 2286 2469 raque
2321 2400 2497 2455 omnis
2525 2408 2656 2455 aetas
2682 2415 2791 2456 non
2826 2416 2983 2458 secus
3010 2413 3171 2475 atque
3212 2406 3264 2460 in
3304 2405 3493 2475 prtelio
3518 2414 3575 2460 et
3613 2404 3738 2462 acie

2120 2490 2518 2557 concidebatur,
2551 2491 2888 2565 infantesque
2928 2510 2961 2550 a
2994 2496 3245 2552 mamillis
3278 2497 3445 2553 avulsi
3485 2496 3736 2553 trucida-

2120 2582 2347 2651 bantur,
2402 2598 2634 2655 cumque
2676 2586 2758 2641 lac
2807 2586 2983 2643 adhuc
3028 2588 3081 2642 in
3126 2588 3366 2645 faucibus
3421 2589 3732 2659 haberent,

2076 2718 2083 2729 .
2122 2691 2306 2733 eorum
2334 2677 2386 2730 in
2410 2674 2598 2747 jugulo
2625 2684 2681 2732 et
2706 2677 2848 2733 collo
2873 2678 3073 2734 ferrum
3094 2680 3427 2751 adigebatur.
3460 2681 3601 2748 Quid
3633 2681 3739 2739 hac

2123 2770 2379 2842 tragoedia
2402 2772 2621 2841 gravius
2647 2771 2995 2843 acerbiusque
3020 2771 3145 2844 ﬁngi
3174 2774 3381 2844 poteSt?
3410 2776 3586 2845 Atque
3617 2774 3741 2832 hac

2124 2865 2191 2921 ab
2213 2880 2280 2921 eo
2312 2866 2777 2937 perpetrabantur,
2807 2867 2895 2936 qui
2923 2866 3095 2937 ipsum
3117 2866 3184 2922 ad
3208 2880 3392 2923 necem
3412 2866 3696 2938 quaerebat
3718 2887 3736 2925 :

2123 2966 2179 3013 et
2209 2966 2385 3013 tamen
2428 2958 2570 3013 Deus
2595 2972 2694 3028 pro
2731 2972 2827 3013 sua
2867 2957 3104 3025 leuitate,
3142 2972 3275 3035 cum
3316 2967 3425 3013 tam
3466 2959 3735 3030 tragicum

2123 3047 2300 3104 scelus
2329 3047 2718 3118 designaretur,
2756 3058 3013 3120 tantaque
3045 3050 3128 3104 vis
3169 3050 3378 3106 cruoris
3416 3047 3634 3116 ﬁueret,
3679 3049 3736 3106 id

2124 3137 2441 3208 patiebatur,
2471 3136 2546 3206 id,
2578 3138 2816 3209 inquam,
2851 3154 2973 3195 cum
3001 3140 3289 3211 prohibere
3319 3150 3519 3211 posset,
3550 3142 3732 3212 patie-

2123 3232 2299 3297 batur,
2328 3246 2525 3288 arcana
2554 3233 2805 3288 nimiru‘m
2832 3232 3095 3304 sapientia
3132 3242 3332 3288 tantam
3359 3235 3524 3291 animi
3555 3235 3736 3307 aequi-

2125 3333 2287 3379 tatem
2318 3338 2381 3380 ac
2401 3324 2674 3381 lenitatem
2714 3342 2821 3394 pra:
2846 3341 2907 3382 se
2938 3325 3133 3383 ferens.
3164 3326 3455 3399 Postquam
3487 3334 3673 3383 autent
3700 3344 3736 3385 e

2124 3415 2474 3497 barbarorum
2516 3416 2736 3486 regione
2774 3416 2826 3472 iu
2871 3418 3095 3487 patriam
3135 3418 3315 3485 rediit,
3364 3427 3525 3491 atque
3571 3428 3740 3475 :etate

2124 3515 2312 3561 auctus
2334 3516 2439 3573 est,
2468 3507 2666 3563 bellum
2687 3508 2919 3578 undique
2943 3508 3200 3565 adversus
3220 3524 3341 3564 eum
3364 3510 3729 3566 excitabatur.

2124 3599 2202 3655 Ac
2240 3599 2473 3669 primum
2522 3598 2745 3654 Joannis
2789 3598 3036 3670 discipuli
3085 3601 3253 3657 livore
3296 3602 3733 3670 concitabantur,

2125 3689 2333 3761 ipsique
2379 3688 2719 3759 invidebant;
2764 3691 2975 3747 tametsi
3022 3691 3221 3763 alioqui
3268 3690 3506 3747 Joannes
3549 3696 3731 3765 ipsum

2125 3781 2327 3837 coleret
2369 3794 2423 3837 et
2466 3781 2813 3850 observaret;
2856 3793 3020 3855 atque
3059 3784 3142 3840 his
3183 3785 3364 3840 verbis
3393 3786 3735 3844 utebantur:

2129 3874 2230 3939 Qui
2260 3884 2367 3928 crat
2391 3884 2554 3928 tecum
2594 3886 2735 3931 trans
2762 3877 3067 3945 Jordanem,
3103 3894 3215 3933 ecce
3246 3880 3357 3950 ipse
3394 3879 3644 3952 baptizat,
3689 3894 3741 3937 et

2127 3981 2299 4020 omnes
2324 3966 2393 4020 ad
2416 3982 2529 4022 eum
2554 3968 2757 4023 veniunt
2793 3970 2972 4041 (Joan.
3004 3972 3057 4026 '5.
3097 3971 3211 4046 26).
3238 3972 3363 4029 Hzec
3394 3975 3536 4030 enim
3570 3977 3739 4032 verba

2130 4058 2412 4115 hominum
2437 4070 2612 4129 erant,
2639 4062 2727 4131 qui
2761 4062 2872 4133 jam
2904 4062 3119 4119 invidia:
3148 4066 3377 4123 stimulis
3414 4083 3733 4139 pungere»-

2130 4162 2234 4219 tur,
2265 4160 2424 4221 atque
2447 4152 2549 4207 hoc
2575 4152 2766 4207 morbo
2797 4152 3123 4209 laborarent.
3152 4155 3234 4211 0b
3261 4171 3489 4228 eamque
3512 4174 3739 4217 causam

2130 4260 2267 4300 unus
2296 4246 2457 4301 etiam
2487 4261 2552 4301 ex
2575 4245 2873 4317 discipulis,
2901 4248 2991 4319 qui
3022 4248 3161 4303 hanc
3194 4251 3494 4307 orationem
3524 4252 3743 4309 habue-

2128 4348 2272 4406 rant,
2306 4354 2427 4394 cum
2449 4339 2637 4395 Iudaeo
2662 4341 2893 4411 quodam
2920 4343 3280 4398 contendebat
3308 4359 3372 4399 ac
3393 4345 3738 4414 decertabat,

2129 4430 2542 4501 disputationem
2570 4431 2638 4487 de
2664 4433 3121 4502 puriﬁeationibus
3171 4450 3395 4491 movens
3414 4477 3431 4501 ,
3461 4453 3528 4493 ac
3556 4439 3705 4509 bapti
3726 4472 3741 4482 -

2132 4539 2309 4579 smum
2337 4523 2560 4579 Joannis
2610 4540 2732 4579 cum
2782 4525 3050 4595 baptismo
3096 4526 3481 4598 discipulorum
3531 4529 3739 4586 Christi

2132 4613 2439 4670 conferens.
2468 4612 2631 4669 Facta
2676 4626 2751 4670 est
2792 4618 2958 4682 enim,
2994 4619 3163 4689 inquit
3214 4619 3324 4684 ille,
3372 4636 3435 4674 ea:
3472 4621 3742 4693 discipulis

2131 4708 2350 4763 Joannis
2388 4724 2505 4762 cum
2534 4706 2721 4764 Judteo
2760 4710 2983 4781 quodam
3021 4711 3229 4779 quaestio
3272 4713 3336 4767 de
3379 4714 3745 4783 puriﬁcatione

2135 4799 2313 4871 (Joan.
2342 4800 2396 4855 ὅ.
2428 4799 2543 4871 ‘25).
2574 4798 2645 4856 Ut
2673 4811 2851 4855 autem
2896 4803 3150 4857 miracula
3191 4802 3353 4860 edere
3391 4806 3576 4875 etrapit,
3606 4822 3741 4876 quot

2135 4892 2414 4947 calumniis
2440 4893 2707 4962 appetitus
2737 4894 2853 4949 est?
2878 4894 2982 4948 Alii
3014 4896 3154 4949 enim
3184 4895 3581 4953 Samaritanum
3610 4915 3737 4956 cum

2136 4992 2191 5039 et
2217 4983 2605 5039 dzemoniacum
2637 4986 2995 5055 appellabant,
3029 4987 3111 5043 his
3141 4974 3339 5057 verbis,
3372 4991 3740 5050 Samaritanus

2136 5094 2191 5131 es
2218 5087 2291 5145 tu,
2319 5086 2366 5131 et
2394 5077 2702 5131 daemonium
2728 5078 2878 5134 habes
2906 5078 3083 5149 (Joan.
3115 5082 3169 5137 8.
3202 5080 3327 5155 48);
3354 5084 3443 5139 alii
3475 5086 3710 5155 imposto
3733 5116 3750 5125 -

2137 5183 2272 5233 rem,
2296 5166 2580 5223 dicentes:
2616 5166 2719 5221 Hic
2760 5186 2861 5223 non
2892 5186 2953 5225 ea:
2994 5170 3124 5239 Deo,
3172 5174 3261 5228 sed
3305 5174 3499 5229 seducit
3544 5178 3745 5231 turbam

2139 5256 2317 5330 (Joan.
2346 5259 2402 5312 7.
2432 5256 2554 5329 12);
2579 5258 2667 5313 alii
2695 5262 3154 5332 praestigiatorem,
3178 5264 3261 5318 his
3280 5266 3463 5322 verbis
3484 5276 3699 5325 utentes
3726 5287 3744 5325 :

2140 5350 2210 5404 In
2262 5350 2540 5405 Beelzebub
2590 5352 2818 5423 principe
2872 5353 3243 5410 daemoniorum
3297 5359 3432 5429 ejicit
3492 5361 3748 5415 damnorum

2143 5441 2361 5512 (Matth.
2394 5440 2446 5498 9.
2483 5442 2607 5512 34);
2641 5458 2704 5498 ac
2730 5446 2958 5501 subinde
3000 5447 3116 5503 haec
3160 5451 3495 5519 repetebant,
3543 5454 3747 5526 Deique

2142 5533 2355 5589 hostem
2394 5544 2446 5590 et
2478 5534 2780 5593 helluonem
2826 5548 2890 5595 ac
2932 5555 3178 5596 voracem
3220 5552 3273 5598 et
3312 5544 3437 5599 vino
3480 5546 3742 5611 deditum.

2144 5635 2302 5696 atque
2348 5627 2711 5695 improborum
2741 5645 2804 5686 ac
2835 5632 3163 5702 perditorum
3194 5634 3472 5693 hominum
3510 5642 3743 5698 amicum

2145 5732 2266 5772 cum
2304 5718 2585 5773 voeabant.
2644 5719 2789 5775 Venit
2828 5724 3012 5791 enim,
3065 5724 3256 5795 inquit,
3307 5726 3477 5785 Filius
3525 5733 3744 5789 hominis

2147 5811 2461 5869 manducetis
2489 5822 2534 5868 et
2569 5814 2757 5884 bibens,
2787 5826 2832 5872 et
2874 5818 3037 5873 dicitis
3071 5835 3088 5873 :
3128 5817 3259 5876 Ecce
3304 5804 3454 5879 homo
3496 5840 3656 5881 vero:
3700 5839 3745 5884 et
