4050 6430
230 371 332 428 551

227 491 396 565 λήθη,
433 489 638 562 πολλὴν
681 492 873 557 αὐτοῖς
917 492 1168 562 συνάγων
1219 488 1318 561 τὴν
1377 488 1668 561 ἐμπορίαν.
1739 485 1838 538 Διά

229 587 394 641 τοῦτο
425 586 608 657 ἀφῆκε
635 587 946 660 καὶοχερσὶν
975 588 1175 652 αὐτοὺς
1205 585 1572 658 βαρϐαρικαῖς
1594 580 1839 654 παραδο-

230 684 417 756 θῆναι,
450 686 545 738 καὶ
569 685 666 756 τὴν
687 686 917 756 κάμινον
949 685 1254 755 ἐξαφθῆναι
1276 684 1412 756 πρὸς
1445 683 1577 752 ὕψος
1608 680 1838 749 ἄφατον,

231 783 332 836 καὶ
362 781 460 853 τὴν
506 782 794 853 βασιλικὴν
838 783 1009 854 ὀργὴν
1039 782 1138 852 τῆς
1185 781 1423 852 καμίνου
1454 775 1840 850 χαλεπώτερον

231 879 525 949 ἐκκαῆναι,
556 878 651 933 καὶ
673 881 863 949 χεῖρας
891 879 1112 949 δεθῆναι
1135 879 1228 932 καὶ
1261 877 1430 939 πόδας
1460 873 1599 947 μετὰ
1637 872 1843 943 πολλῆς

231 975 336 1046 τῆς
364 976 742 1048 σφοδρότητος,
768 977 864 1030 καὶ
887 979 966 1039 είς
986 976 1048 1030 τὸ
1079 976 1190 1048 πῦρ
1221 974 1593 1046 ἐμϐληθῆναι·
1628 970 1724 1024 καὶ
1752 971 1842 1023 ὅτε

234 1070 444 1134 πάντες
476 1075 524 1125 οί
569 1071 904 1143 θεωροῦντες
937 1072 1136 1136 αὐτοὺς
1159 1072 1500 1148 ,ἀπέγνωσαν
1535 1067 1717 1122 αὐτῶν
1743 1066 1844 1138 τὴν

237 1167 538 1238 σωτηρίαν,
565 1169 686 1221 τότε
717 1167 914 1238 ἀθρόον
963 1169 1058 1221 καὶ
1104 1167 1236 1238 παρ’
1264 1167 1458 1221 ἐλπίδα
1502 1166 1683 1218 πᾶσαν
1719 1164 1844 1216 ἀνε-

234 1265 463 1334 φαίνετο
493 1267 525 1336 ή
560 1264 962 1334 θαυματοποιία
995 1262 1091 1317 τοῦ
1122 1265 1510 1334 ἀριστοτέχνου
1551 1261 1711 1328 Θεοῦ,
1749 1261 1844 1313 καὶ

239 1363 384 1432 μετά
402 1362 604 1433 πολλῆς
623 1361 898 1432 ἐξέλαμπε
923 1362 1021 1432 τῆς
1035 1361 1365 1432 ὑπερϐολῆς.
1382 1359 1456 1412 Τὸ
1476 1359 1574 1430 μὲν
1595 1359 1705 1429 γὰρ
1731 1356 1844 1427 πῦρ

237 1459 540 1528 ἐδεσμεῖτο,
567 1459 615 1510 οί
636 1457 913 1527 δεσμῶται
942 1457 999 1510 δέ
1029 1455 1266 1510 ἐλύοντο·
1290 1457 1385 1511 καὶ
1401 1455 1527 1519 ναὸς
1555 1455 1845 1524 εὐκτήριος

237 1551 276 1619 ὴ
306 1549 537 1618 κάμινος
564 1550 799 1618 ἐγένετο,
837 1550 934 1602 καὶ
959 1550 1134 1622 πηγὴ,
1167 1549 1263 1602 καὶ
1295 1548 1507 1620 δρόσος,
1533 1546 1630 1601 καὶ
1663 1545 1844 1600 αὐλῶν

242 1641 537 1711 βασιλικῶν
594 1643 916 1715 σεμνοτέρα,
973 1643 1068 1696 καὶ
1125 1641 1223 1712 τὴν
1296 1642 1598 1712 παμφάγον
1657 1639 1846 1692 οὐσίαν

239 1735 482 1804 ἐκείνην,
518 1736 612 1787 καὶ
656 1735 898 1806 σιδήρου.
931 1735 1027 1790 καὶ.
1074 1733 1238 1787 λίθων
1275 1732 1722 1806 περιγινομένην,
1751 1730 1848 1783 καὶ

240 1827 430 1898 πάσης
487 1828 797 1899 κρατοῦσαν
865 1827 1017 1897 ὕλης,
1052 1826 1258 1898 τριχῶν
1295 1825 1449 1879 ἐνίκα
1501 1823 1684 1894 φύσις.
1735 1823 1846 1876 Καὶ

242 1919 404 1990 χορὸς
437 1920 621 1974 ἵστατο
663 1919 1037 1991 παναρμόνιος
1085 1917 1240 1990 [550]
1288 1917 1476 1972 αὐτόθι
1531 1917 1642 1970 τῶν
1675 1915 1845 1985 ἁγίων

243 2013 472 2065 ἐκείνων
497 2013 763 2086 ἑκατέραν
794 2013 891 2084 τὴν
921 2013 1100 2067 κτίσιν
1126 2013 1208 2076 είς
1245 2011 1342 2082 τὴν
1377 2011 1690 2082 θαυμασίαν
1710 2010 1847 2064 ταύ·

241 2121 347 2176 την
390 2104 700 2158 καλούντων
746 2104 1018 2176 μελῳδίαν
1061 2123 1075 2136 ·
1107 2099 1233 2178 ᾗδὸν
1279 2122 1339 2157 τε
1393 2102 1850 2174 εὐχαριστηρίους

240 2197 663 2269 ἀναπέμποντες
697 2197 901 2268 ὕμνους
950 2197 1089 2268 ὑπὲρ
1121 2190 1197 2250 ὧν
1238 2196 1520 2266 ἐδέθησαν,
1588 2195 1729 2266 ὐπέρ
1771 2190 1849 2248 ὧν

240 2287 561 2358 ἐκάησανα,
589 2288 650 2340 τό
683 2305 747 2356 γε
792 2288 1004 2360 ἐχθρῶν
1038 2289 1230 2360 μέρος,
1260 2287 1401 2359 ὐπέρ
1453 2280 1529 2342 ῶν
1589 2285 1849 2358 πατρίδος

244 2379 526 2446 ἐξέπεσον,
563 2381 703 2453 ὐπέρ
739 2375 814 2436 ὧν
857 2381 1198 2452 αἰχμάλωτοι
1253 2383 1566 2452 γεγόνασιν,
1597 2381 1739 2451 ὑπὲρ
1771 2374 1848 2434 ὧν

239 2473 343 2544 τὴν
371 2473 685 2545 ἐλευθερίαν
725 2474 1102 2547 ἀφῃρέθησαν,
1139 2474 1282 2546 ὑπὲρ
1331 2467 1406 2529 ὧν
1437 2474 1708 2540 ἀπόλιδες,
1742 2475 1850 2528 ἀοι-

242 2582 332 2617 κοι
385 2565 480 2618 καὶ
540 2565 879 2635 μετανάσται
915 2564 1189 2635 ἐγένοντο,
1229 2564 1371 2635 ὐπέρ
1401 2558 1477 2618 ὧν
1501 2567 1559 2619 ὲν
1589 2564 1848 2636 ἀλλοτρίᾳ

244 2657 342 2710 καὶ
375 2656 634 2728 βαρϐάρῳ
659 2656 926 2729 διέτριϐον
959 2659 1064 2728 γῇ·
1095 2657 1254 2711 τοῦτο
1283 2658 1392 2728 γὰρ
1436 2657 1611 2728 ψυχῆς
1644 2655 1844 2724 εὐγνώ-

247 2764 432 2818 μονος.
459 2747 570 2801 Καὶ
600 2746 788 2816 ἐπειδὴ
813 2747 906 2800 καί¹
934 2746 1002 2800 τά
1048 2749 1149 2817 τῆς
1179 2748 1380 2811 κακίας
1413 2746 1524 2800 τῶν
1551 2748 1678 2800 πολε
1689 2747 1848 2819 μούν-

240 2856 356 2892 των
389 2841 696 2912 ἀπήρτιστο
728 2841 800 2912 (τί
843 2840 953 2911 γὰρ
979 2842 1117 2910 μετά
1149 2840 1379 2894 θάνατον
1425 2841 1612 2893 λοιπὸν
1640 2841 1849 2910 ἐπιχει-

250 2933 417 3006 ρῆσαι
449 2934 712 3004 ἠδύναντο
731 2939 796 3004 ;),
821 2935 918 2989 καὶ
951 2934 1022 2989 τά
1052 2933 1161 2988 τῶν
1182 2932 1431 3005 ἀθλητῶν
1467 2933 1847 3004 ἐπεπλήρωτο,

244 3027 346 3080 καὶ⁵
377 3028 406 3080 6
436 3027 699 3098 στέφανος
728 3028 964 3098 ἐπλάκη,
997 3027 1092 3080 καὶ
1144 3025 1211 3080 τά
1244 3025 1474 3097 βραδεῖα
1523 3026 1705 3090 αὐτοῖς
1733 3043 1852 3078 συν·

245 3119 434 3190 ελέγη,
455 3121 551 3173 καὶ
578 3120 728 3173 οὐδὲν
748 3119 935 3172 λοιπὸν
955 3117 1218 3191 έλ[ε]ιπεν
1242 3119 1321 3180 είς
1341 3117 1713 3189 εὐδοκίμησιν·
1729 3118 1851 3172 τότε

245 3213 315 3284 δὴ
341 3214 411 3267 τὰ
427 3212 576 3266 δεινά
598 3211 807 3276 λύεται,
839 3212 934 3265 καὶ
953 3212 981 3264 6
1002 3210 1101 3282 τὴν
1127 3211 1360 3281 κάμινον
1389 3209 1594 3279 ἐνάψας
1620 3211 1715 3263 καὶ
1756 3228 1850 3264 το-

251 3301 432 3375 σαύτῃ
482 3302 760 3373 παραδοὺς
810 3302 1073 3374 τιμωρίᾳ,
1103 3295 1259 3365 οὗτος
1292 3300 1606 3372 θαυμαστὸς
1633 3301 1853 3355 ἐπαινέ-

246 3411 351 3464 της
385 3392 493 3447 τῶν
521 3392 694 3462 ἁγίων
723 3391 951 3446 ἐκείνων
978 3391 1230 3462 ἀθλητῶν
1263 3391 1495 3460 γίνεται,
1531 3389 1626 3444 καὶ
1676 3393 1851 3463 κήρυξ

246 3484 350 3554 τῆς
397 3483 490 3537 τοῦ
519 3482 654 3536 Θεοῦ
702 3481 1186 3561 παραδοξοποιίας,
1216 3483 1312 3536 καὶ
1336 3481 1614 3554 πανταχοῦ
1647 3483 1745 3554 τῆς
1771 3483 1853 3536 οξ-

247 3576 524 3647 κουμένης
555 3575 829 3646 ἐκπέμπει
855 3576 1160 3649 γράμματα
1189 3575 1390 3647 πολλῆς
1416 3576 1658 3646 γέμοντα
1685 3577 1857 3645 εὐφη-

254 3667 406 3739 μίας,
470 3667 828 3739 διηγούμενος
883 3667 954 3720 τά
1013 3667 1381 3739 γεγενημένα,
1413 3669 1509 3722 καὶ
1542 3670 1856 3734 ἀξιόπιστος

249 3759 540 3831 γινόμενος
566 3760 744 3831 κήρυξ
767 3759 877 3814 τῶν
907 3759 1001 3813 τοῦ
1029 3759 1462 3832 παραδοξοποιοῦ
1487 3760 1624 3813 Θεοῦ
1643 3761 1859 3832 θαυμά-

248 3870 383 3907 των.
428 3853 645 3924 Ἐπειδὴ
679 3851 790 3922 γάρ
814 3852 1008 3923 ἐχθρὸς
1037 3847 1105 3923 ἦν
1136 3852 1231 3906 καὶ
1266 3852 1547 3923 πολέμιος,
1570 3853 1858 3907 ἀνύποπτα

250 3945 440 4000 λοιπὸν
470 3946 566 3999 καὶ
592 3943 746 4015 παρὰ
768 3946 882 4006 τοῖς
912 3942 1126 4014 ἐχθροῖς
1149 3942 1216 3996 τὰ
1250 3942 1576 4015 γραφόμενα
1605 3940 1695 4016 ἦν.

325 4047 397 4109 γ’.
428 4034 583 4102 Εἶδες
629 4037 691 4091 τὸ
726 4037 1034 4108 εὐμήχανον
1064 4036 1159 4090 τοῦ
1192 4035 1362 4101 Θεοῦ;
1394 4032 1537 4101 εἶδες
1561 4037 1622 4090 τὸ
1658 4038 1856 4108 σοφόνς

255 4129 398 4195 εἶδες
427 4130 487 4184 τὸ
525 4129 864 4200 παράδοξονς
895 4123 1035 4192 εἶδες
1065 4128 1126 4181 τὸ
1150 4128 1536 4199 φιλάνθρωπον
1563 4129 1658 4181 καὶ
1695 4129 1856 4200 κηδε-

258 4225 512 4298 μονικόν;
542 4223 634 4294 Μὴ
673 4222 854 4275 τοίνυν
901 4221 1156 4292 θορυϐοῦ,
1222 4222 1357 4293 μηδέ
1395 4222 1689 4292 ταράττου,
1723 4223 1860 4276 ἀλλὰ
1903 4215 1918 4222 ⁸

260 4317 391 4389 μένε
422 4313 686 4385 διηνεκῶς
728 4314 869 4384 ὐπέρ
902 4314 1124 4368 πάντων
1153 4313 1232 4384 τῷ
1262 4315 1383 4385 Θεῷ
1435 4314 1860 4385 εὐχαριστοῦσα,

257 4405 638 4476 δοξολογοῦσα,
656 4404 1072 4477 παρακαλοῦσα,
1097 4405 1350 4476 δεομένη,
1382 4406 1728 4460 ἱκετεύουσα·
1758 4406 1860 4461 κᾶν

262 4498 452 4572 μυρίοι
499 4496 742 4568 θόρυϐοι,
798 4496 900 4550 κάν
957 4496 1144 4568 μυρίαι
1216 4499 1453 4567 ταραχαὶ
1495 4498 1715 4565 ἐπίωσι,
1760 4499 1865 4552 κάν

261 4593 577 4660 καταιγίδες
611 4591 698 4644 ἐπ’
727 4590 848 4660 ὄψιν
891 4591 1125 4644 χέωνται
1153 4591 1201 4655 ι),
1238 4591 1404 4662 μηδέν
1446 4609 1506 4644 σε
1535 4592 1741 4645 τούτων
1771 4611 1866 4646 τα-

263 4683 531 4756 ραττέτω.
567 4682 641 4735 Οὐ
680 4682 792 4754 γὰρ
822 4682 1274 4754 προλαμϐάνεται
1338 4684 1469 4753 ἡμῖν
1508 4687 1535 4737 6
1587 4684 1863 4754 Δεσπότης

263 4773 371 4828 ὐπὸ
403 4775 506 4845 τῆς
536 4773 644 4826 τῶν
673 4775 1016 4845 πραγμάτων
1047 4773 1355 4839 δυσκολίας,
1381 4775 1486 4828 κᾶν
1534 4776 1614 4838 είς
1643 4775 1870 4845 ἔσχατον

262 4866 486 4938 ὄλεθρον
540 4867 719 4920 πάντα
774 4866 1095 4936 κατενεχθῇ.
1157 4865 1397 4918 Δυνατὸν
1436 4865 1546 4937 γάρ
1580 4866 1730 4937 αὐτῷ
1775 4868 1871 4920 καὶ

264 4964 395 5024 τοὺς
447 4959 810 5022 πεπτωκότας
862 4960 1097 5028 ἐγεῖραι,
1131 4957 1227 5011 καὶ
1267 4959 1394 5020 τούς
1422 4958 1871 5027 πεπλανημένους

269 5049 619 5120 ἐπιστρέψαι,
648 5049 742 5100 καὶ
767 5049 894 5109 τοὺς
920 5047 1409 5111 σκανδαλισθέντας
1434 5048 1748 5118 διορθῶσαι,
1777 5050 1872 5102 καὶ

266 5142 395 5202 τοὺς
438 5140 648 5209 μυρίων
679 5137 1072 5208 πληρωθέντας
1115 5138 1536 5208 ἁμαρτημάτων
1563 5138 1874 5206 ἀπαλλάξαι

274 5234 370 5284 καὶ
396 5231 643 5292 δικαίους
674 5231 920 5298 ποιῆσαι,
955 5229 1051 5282 καὶ
1085 5230 1210 5293 τοὺς
1265 5229 1639 5300 νεκρωθέντας
1669 5231 1872 5301 ζωογο-

275 5327 455 5394 νῆσαι,
500 5324 597 5376 καὶ
647 5321 1077 5392 κατασκαφέντα
1115 5321 1473 5394 λαμπρότερα
1507 5325 1872 5394 ἐργάσασθαι,

274 5421 368 5473 καὶ
414 5419 482 5471 τὰ
523 5416 901 5470 παλαιωθέντα
947 5415 1272 5470 ἀνανεῶσαι.
1303 5417 1366 5468 Εἰ
1400 5417 1508 5486 γάρ
1540 5417 1605 5470 τὰ
1637 5419 1712 5488 μὴ
1746 5420 1876 5474 ὄντα

340 5633 363 5658 δ
396 5630 478 5677 Sic
501 5642 618 5696 mss.
645 5627 696 5696 in
717 5625 868 5676 editis
891 5628 1014 5688 haec,
1040 5629 1158 5691 ὑπὲρ
1182 5628 1248 5676 ὧν
1284 5630 1711 5688 ἐκάησαν,όρςυηι
1734 5644 1745 5690 ;
1787 5631 1876 5680 sed

281 5701 532 5752 interpres
563 5695 702 5750 legit.

344 5756 370 5793 ι»
414 5755 599 5802 Omnes
645 5753 959 5817 manuscripti
1003 5754 1287 5814 καταιγίδες·
1330 5756 1416 5802 κᾶν
1458 5756 1611 5802 πάντα
1652 5757 1724 5802 ἐπ’
1770 5757 1878 5817 ὄψιν

280 5819 467 5872 κέηται·
514 5822 758 5876 postrema
791 5816 937 5861 verba
961 5817 1009 5862 in
1036 5820 1171 5874 prius
1197 5817 1346 5867 editis
1373 5819 1588 5878 variant;
1611 5819 1700 5868 sed
1723 5816 1876 5868 inter-

281 5879 439 5943 pretis
460 5878 609 5926 lectio
634 5889 740 5924 cum
765 5890 876 5924 mss.
905 5885 1152 5926 CUIISUllul.

1679 354 2075 414 EPISTOLE.

3414 347 3532 405 55‘]

1945 485 2091 538 ποιεῖ
2113 482 2384 553 γενέσθαι,
2418 481 2515 537 καὶ
2546 482 2658 545 τοῖς
2688 475 2938 551 μηδαμοῦ
2971 474 3239 548 μηδαμῶς
3287 475 3548 544 φαινομιο

1945 596 2059 641 νοις
2085 575 2374 648 χαρίζεται
2422 575 2484 629 τὺ
2523 569 2686 640 εἶναι,
2723 570 2906 641 πολλῷ
2952 569 3154 640 μᾶλλον
3180 567 3251 621 τὰ
3292 566 3423 621 θντα
3453 564 3551 619 καὶ

1947 669 2219 740 γενομένα
2249 669 2631 740 διορθώσεται.
2677 666 2841 720 Ἀλλά
2866 662 3056 717 πολλοὶ
3079 664 3128 715 οἱ
3159 659 3547 730 ἀπολλύμενοι,

1949 758 2136 812 πολλοὶ
2177 759 2226 811 οί
2268 757 2782 826 σκανδαλιςόμενοι;
2812 752 2997 808 Πολλά
3038 751 3301 813 πολλάκις
3321 748 3418 802 καὶ
3447 747 3548 817 ήδη

1946 851 2173 904 τοιαῦτα
2208 850 2453 919 γέγονεν,
2478 849 2595 915 ἀλλ’
2626 847 2855 918 ὕστερον
2888 844 2987 915 τὴν
3011 844 3400 914 προσήκουσαν
3427 839 3550 892 έλα-

1947 943 2009 996 ϐε
2044 943 2223 998 πάντα
2255 942 2565 1012 διόρθωσιν,
2598 939 2739 1010 πλὴν
2772 941 2819 992 εί
2852 938 2925 1009 μή
2960 951 3104 998 τινες
3133 934 3368 995 ἀνιάτως
3396 929 3551 1000 ἐμει-

1947 1046 2045 1083 ναν
2092 1030 2308 1101 ἔχοντες
2358 1030 2454 1092 καὶ
2493 1027 2632 1099 μετὰ
2659 1028 2760 1096 τὴν
2787 1027 2895 1080 τῶν
2932 1024 3277 1096 πραγμάτων
3316 1020 3550 1092 μεταϐο-

1947 1123 2066 1205 λήν.
2109 1122 2174 1175 Τί
2203 1123 2469 1193 ταράττῃ,
2503 1120 2598 1173 καὶ
2623 1119 2830 1184 ἀλύεις,
2863 1118 2911 1170 εί
2941 1118 2969 1169 6
3002 1115 3152 1169 δεῖνα
3196 1112 3549 1182 ἐκϐέϐληται,

1947 1203 2045 1270 καὶ
2095 1218 2125 1270 6
2169 1217 2318 1269 δεῖνα
2371 1216 2776 1286 εἰσενήνεκται;
2822 1207 2882 1264 '0
2919 1208 3157 1278 Χριστὸς
3193 1203 3549 1274 ἐσταυροῦτο,

1958 1312 2055 1366 καὶ
2083 1309 2376 1382 Βαραϐϐᾶς
2402 1310 2430 1361 6
2451 1308 2658 1382 λῃστὴς
2697 1305 3000 1378 ἐξῃτεῖτοο,
3031 1302 3128 1355 καὶ
3152 1303 3179 1354 6
3217 1297 3555 1369 διεφθαρμέ-

1948 1420 2040 1467 νος
2082 1402 2215 1456 ἐϐόα
2254 1401 2445 1473 δῆμος,
2491 1399 2586 1453 τὸν
2637 1397 2963 1470 ἀνδροφόνον
3009 1394 3102 1447 τοῦ
3157 1391 3411 1462 Σωτῆρος
3457 1387 3555 1442 καὶ

1949 1495 2245 1565 εὐεργέτου
2279 1493 2390 1547 δεῖν
2421 1492 2623 1562 μᾶλλον
2659 1488 2923 1559 σωθῆναι.
2959 1487 3168 1549 Πόσους
3203 1481 3360 1556 [551]
3401 1480 3554 1551 νομί·

1950 1586 2066 1651 ζεις
2118 1585 2290 1638 ταῦτα
2331 1583 2688 1639 ἐσκανδάλισε
2742 1582 2897 1647 τότε;
2933 1580 3136 1642 πόσους
3186 1576 3359 1630 ταῦτα
3415 1574 3556 1636 τέως

1949 1675 2237 1742 ἀπὼλεσε;
2275 1675 2492 1730 Μᾶλλον
2533 1675 2592 1729 δὲ
2640 1673 2914 1742 ἀνώτερον
2942 1670 3036 1724 τὸν
3062 1670 3222 1738 λόγον
3253 1667 3557 1735 ἀναγκαῖον

1950 1771 2202 1840 ἀγαγεῖν.
2225 1770 2342 1824 Οὐκ
2369 1767 2577 1832 εὐθέως
2591 1766 2806 1838 τεχθεὶς
2827 1758 2980 1827 οὗτος
3003 1763 3031 1815 6
3060 1758 3416 1833 σταυρωθεὶς,
3436 1775 3558 1829 μετ-

1952 1863 2196 1933 ανάστης
2238 1861 2446 1930 ἐγίνετο
2495 1859 2591 1913 καὶ
2621 1857 2802 1927 φυγάς
2835 1856 2928 1909 καὶ
2960 1851 3101 1924 μετὰ
3128 1850 3430 1921 ὁλοκλήρου
3457 1850 3558 1918 τῆς

1949 1954 2131 2016 οἰκίας
2146 1953 2285 2024 πρὸς
2314 1952 2414 2022 τὴν
2432 1950 2722 2021 ἀλλοτρίαν
2741 1947 2800 2014 ἐξ
2830 1945 3010 2000 αὐτῶν
3069 1941 3404 2014 σπαργάνων
3448 1940 3559 1993 ἀπ-

1950 2046 2204 2118 ῳκίξετο,
2238 2045 2515 2115 διάστημα
2553 2039 2675 2095 ὁδοῦ
2711 2037 2965 2092 τοσοῦτον
3005 2038 3085 2099 εἰς
3134 2034 3410 2106 βάρϐαρον
3453 2032 3563 2086 ἀπ-

1951 2138 2222 2207 αγόμενος
2255 2135 2476 2206 χώραν;
2503 2132 2613 2187 Καὶ
2639 2131 2888 2202 αἱμάτων
2909 2129 3113 2200 ρύακες
3147 2127 3211 2180 ἐκ
3238 2127 3338 2197 τῆς
3361 2122 3560 2178 ὑποθέ-

1953 2248 2092 2294 σεως
2121 2228 2328 2298 ταύτης
2357 2227 2619 2295 ἐγίνοντο,
2648 2223 2743 2276 καὶ
2776 2222 2927 2290 φόνοι
2960 2219 3157 2284 ἄδικοι,
3197 2217 3292 2270 καὶ
3328 2213 3557 2286 σφαγαὶ,

1951 2323 2047 2376 καὶ
2075 2324 2107 2392 ή
2150 2320 2331 2390 ἄωρος
2353 2317 2539 2389 ήλικία
2566 2317 2720 2369 πᾶσα
2752 2314 3006 2384 καθάπερ
3039 2313 3097 2364 ἐν
3132 2309 3436 2381 παρατάξει
3465 2306 3562 2360 καὶ⁵

1953 2415 2178 2488 πολέμῳ
2221 2415 2615 2477 κατεκόπτετο,
2654 2409 2750 2464 καὶ
2783 2409 2893 2464 τῶν
2944 2406 3133 2479 μαζῶν
3165 2403 3561 2474 ἀποσπώμενοι

1949 2509 2000 2562 οἱ
2054 2507 2243 2571 παῖδες
2293 2508 2478 2577 σφαγῇ
2538 2503 2912 2576 παρεδίδοντο,
2937 2500 3030 2553 καὶ
3056 2499 3137 2551 ἔτι
3166 2497 3261 2551 τοῦ
3286 2495 3562 2565 γάλακτος

1952 2599 2048 2654 ἐπὶ
2073 2599 2168 2654 τοῦ
2200 2599 2484 2671 φάρυγγος
2513 2596 2689 2661 ὃντος,
2721 2595 2808 2649 διὰ
2831 2593 2928 2647 τοῦ
2959 2589 3166 2662 λαιμοῦ
3197 2590 3292 2645 καὶ
3313 2589 3414 2659 τῆς
3435 2588 3564 2659 δέρ-

1955 2701 2056 2769 ρης
2084 2697 2146 2750 τὸ
2174 2695 2327 2765 ξίφος
2350 2693 2637 2765 ἠλαύνετο.
2663 2688 2950 2760 Τίταύτης
2965 2685 3351 2758 χαλεπώτερον
3385 2698 3562 2753 τραγ-

1952 2791 2149 2862 ῳδίας;
2179 2789 2290 2843 Καὶ
2354 2785 2529 2840 ταῦτα
2561 2784 2831 2857 ἔπραττεν
2861 2783 2888 2833 6
2924 2778 3106 2851 ζητῶν
3137 2778 3300 2832 αὐτὸν
3326 2775 3560 2840 ἀνελεῖν,

1953 2884 2050 2937 καὶ
2077 2885 2106 2935 ὁ
2138 2880 2494 2953 μακρόθυμος
2525 2877 2656 2941 Θεὸς
2692 2875 2941 2946 ἠνείχετο
2977 2871 3239 2940 τοιαύτης
3269 2866 3564 2939 τολμωμέ-

1953 2990 2051 3044 νης
2075 2971 2407 3044 τραγῳδίας,
2442 2968 2697 3024 τοσούτου
2735 2965 2953 3038 ῥέοντος
2990 2962 3244 3032 αἵματος,
3279 2959 3374 3014 καὶ
3424 2957 3566 3028 ﬁve!-

1955 3082 2080 3136 χετο
2127 3062 2371 3119 κωλῦσαι
2405 3062 2727 3132 δυνάμενος,
2765 3059 3066 3130 ἀπορρήτῳ
3107 3055 3216 3109 τινὶ
3269 3051 3433 3124 σοφίᾳ
3463 3051 3566 3122 τὴν

1955 3156 2228 3226 τοσαύτην
2280 3152 2726 3224 ἐπιδεικνύμενος
2781 3149 3188 3222 μακροθυμίαν.
3239 3145 3462 3216 Ἐπειδὴ
3507 3142 3565 3196 δὲ

1957 3250 2265 3322 ἐπανῆλθεν
2305 3249 2416 3303 ἀπὸ
2461 3247 2558 3318 τῆς
2596 3243 2878 3316 βαρϐάρου
2924 3243 3135 3315 χώρας,
3177 3239 3273 3294 καὶ
3326 3237 3564 3308 ηὐξήθη,

1960 3347 2201 3417 πόλεμος
2225 3343 2375 3413 αὐτῷ
2402 3341 2742 3412 πανταχόθεν
2770 3337 3179 3412 ἀνερριπίζετο.
3202 3334 3315 3390 Καὶ
3346 3332 3568 3405 πρῶτον

1963 3444 2062 3513 μέν
2093 3442 2139 3494 οί
2183 3438 2428 3492 Ἰωάννου
2462 3435 2704 3507 μαθηταὶ
2728 3432 3063 3503 διεφθόνουν,
3091 3432 3184 3485 καὶ
3218 3428 3565 3491 ἐϐάσκαινον,

1960 3536 2142 3588 καίτοι
2161 3550 2223 3602 γε
2242 3530 2452 3586 ἐκείνου
2478 3528 2550 3582 τὰ
2565 3525 2731 3583 αὐτοῦ
2745 3525 2771 3566 ἀ
2798 3523 3216 3598 θεραπεύοντος,
3241 3522 3337 3575 καὶ
3358 3519 3566 3587 ἔλεγον,

1960 3627 2043 3679 ὅτι
2081 3626 2178 3690 Ὃς
2228 3624 2312 3691 ἦν
2357 3623 2510 3690 μετὰ
2534 3619 2651 3673 σοῦ
2667 3617 2861 3686 πέραν
2905 3614 3234 3684 Ἰορδάνου,
3272 3610 3360 3666 ἴδε
3388 3606 3568 3676 οὗτος

1954 3714 2252 3783 βαπτίζει,
2274 3714 2372 3768 καί
2397 3712 2622 3777 πάντες
2648 3710 2929 3780 ἔρχονται
2960 3707 3112 3776 πρὸς
3139 3706 3346 3760 αὐτόν.
3380 3701 3571 3757 Ταῦτα

1964 3810 2073 3882 γὰρ
2103 3805 2550 3875 ὐποκνιζομένων
2575 3799 2645 3874 ἦν
2670 3801 2858 3856 λοιπὸν
2886 3801 2954 3856 τά
2989 3801 3231 3872 ῥήματα,
3257 3797 3351 3850 καὶ
3387 3795 3570 3882 φθόνῳ

1967 3880 2337 3970 βαλλομένων,
2369 3894 2465 3946 καὶ
2495 3890 2819 3964 τηκομένων
2845 3888 2924 3959 τῷ
2954 3887 3138 3944 πάθει.
3165 3885 3265 3938 Διά
3296 3900 3380 3935 τοι
3410 3880 3572 3934 τοῦτο

1965 3991 2062 4046 καὶ
2097 3988 2237 4060 μετὰ
2263 3986 2522 4040 Ἰουδαίου
2557 3983 2703 4047 τινὸς
2733 3976 2814 4046 εἷς
2845 3980 2955 4034 τῶν
2985 3977 3246 4051 μαθητῶν
3267 3975 3373 4030 τῶν
3397 3973 3572 4027 ταῦτα

1965 4083 2268 4155 εἰρηκότων
2290 4078 2640 4150 ἐφιλονείκει,
2661 4078 2758 4129 καὶ¹
2791 4074 3063 4127 ἐπύκτευε
3099 4070 3192 4123 τὸν
3215 4067 3341 4138 περὶ
3368 4065 3576 4135 καθαρ-

1967 4175 2097 4229 σίων
2134 4173 2294 4242 λόγον
2325 4170 2516 4238 κινῶν,
2541 4169 2637 4222 καὶ
2689 4167 2976 4237 βάπτισμα
3013 4160 3352 4231 βαπτίσματι
3387 4172 3573 4228 παρα-

1967 4267 2202 4332 ϐάλλων,
2235 4265 2296 4318 τὸ
2339 4262 2587 4318 Ἰωάννου
2619 4258 2697 4330 τῷ
2724 4256 2834 4311 τῶν
2872 4255 3133 4327 μαθητῶν
3185 4250 3279 4304 τοῦ
3309 4248 3571 4322 Χριστοῦ.

1980 4361 2250 4433 Ἐγένετο
2303 4357 2434 4428 γάρ,
2473 4354 2662 4425 φησιν,
2706 4352 2775 4405 ἐκ
2805 4348 2926 4403 τῶν
2963 4343 3250 4418 μαθητῶν
3288 4343 3574 4399 Ἰωάννου

1965 4453 2119 4525 μετὰ
2156 4450 2454 4507 Ἰουδαίου
2498 4444 2667 4510 τινος
2718 4441 2956 4511 ζήτησις
2993 4438 3127 4507 περὶ
3175 4433 3572 4503 καθαρισμοῦ.

1983 4544 2211 4614 Ἐπειδὴ
2249 4542 2306 4595 δὲ
2333 4540 2427 4594 καὶ
2461 4537 2570 4590 τῶν
2613 4534 2857 4604 σημείων
2883 4530 3083 4602 ἥψατο,
3117 4531 3282 4581 πόσαι
3306 4543 3579 4595 συκοφαν-

1969 4639 2120 4704 τίαις
2159 4638 2221 4690 υἱ
2261 4634 2360 4704 μὲν
2401 4627 2751 4701 Σαμαρείτην
2805 4623 3034 4677 ἐκάλουν
3082 4620 3179 4675 καὶ
3207 4618 3575 4690 δαιμονῶντα,

1968 4730 2246 4798 λέγοντες,
2306 4727 2388 4779 ὅτι
2449 4720 2822 4791 Σαμαρείτης
2867 4712 2924 4770 εἷ
2971 4715 3075 4780 σὺ,
3110 4713 3211 4767 καί
3264 4711 3581 4781 δαιμόνιον

1973 4824 2167 4893 ἔχεις·
2203 4820 2252 4872 oi
2291 4818 2348 4871 δὲ
2382 4815 2607 4878 πλάνον,
2639 4812 2914 4880 λέγοντες,
2951 4803 3148 4873 Οὗτος
3174 4807 3285 4859 οὐκ
3314 4803 3487 4856 ἐστιν
3512 4804 3581 4856 ἐκ

1974 4914 2082 4969 τοῦ
2135 4911 2307 4976 Θεοῦ,
2345 4907 2508 4964 ἀλλὰ
2558 4900 2765 4970 πλανᾷ
2792 4903 2900 4955 τὸν
2932 4900 3161 4970 ὄχλον·
3194 4897 3244 4950 οἱ
3286 4895 3344 4949 δέ
3381 4897 3578 4964 γόητα,

1974 5007 2253 5076 λέγοντες,
2286 5005 2368 5056 ὅτι
2405 5002 2508 5054 Ἐν
2541 4998 2620 5064 τῷ
2671 4996 2920 5066 ἄρχοντι
2954 4992 3075 5045 τῶν
3110 4991 3438 5060 δαιμονίων
3458 5003 3480 5028 υ
3503 4987 3585 5053 τῷ

1979 5097 2344 5159 Βεελζεϐοὺλ
2387 5092 2670 5147 ἐκϐάλλει
2724 5089 2798 5141 τὰ
2858 5086 3168 5154 δαιμόνια·
3213 5082 3307 5136 καὶ
3343 5081 3586 5151 συνεχῶς

1978 5193 2153 5248 ταῦτα
2177 5190 2460 5258 ἐπέλεγον,
2489 5183 2585 5238 καὶ
2606 5180 2852 5235 ἀντίθεον
2892 5177 3201 5248 ὠνόμαζον,
3245 5175 3340 5230 καὶ
3358 5176 3586 5246 γαστρί-

1983 5303 2215 5358 μαργον,
2241 5284 2338 5338 καὶ
2351 5281 2651 5352 ἀδηφάγον,
2677 5276 2772 5330 καὶ
2808 5274 3063 5345 μέθυσον,
3090 5273 3184 5325 καὶ
3213 5269 3468 5341 πονηρῶν
3491 5269 3587 5320 καὶ

1979 5377 2392 5449 διεφθαρμένων
2425 5373 2597 5443 φίλον.
2621 5368 2804 5425 τίὲίαῖοίε
2838 5368 2968 5438 γὰρ,
3010 5366 3197 5437 φησὶν,
3235 5366 3266 5417 ὁ
3313 5363 3444 5427 Υἱὸς
3479 5361 3587 5414 τοῦ

1982 5471 2300 5541 ἀνθρώπου
2331 5468 2553 5522 ἐσθίων
2582 5461 2677 5517 καὶ
2705 5461 2917 5524 πίνων,
2949 5458 3047 5512 καὶ
3070 5457 3384 5525 λέγουσιν,
3429 5452 3587 5506 Ἰδοὺ

2046 5690 2069 5718 ε
2098 5685 2182 5735 Sic
2204 5683 2406 5734 Coisiin.
2451 5684 2611 5734 recte,
2640 5679 2791 5734 atque
2828 5671 2896 5719 ita
2936 5669 3062 5730 legit
3085 5664 3343 5727 interpres
3370 5665 3495 5716 editi
3525 5667 3595 5722 ἐξ-

1985 5753 2142 5812 ¹ήγιετο.
2163 5749 2369 5805 Quidam
2396 5756 2510 5790 mss.
2542 5738 2773 5812 ἐξῃτεῖτο.

2045 5813 2070 5850 ἀ
2093 5813 2297 5870 Aliquot
2323 5821 2438 5870 mss.
2463 5808 2522 5870 τά
2553 5805 2728 5870 αὐτῶν.

2052 5891 2073 5914 ε
2093 5854 2318 5923 ἓίὲίνὴες.
2361 5869 2414 5917 lu
2438 5868 2587 5915 editis
2611 5867 2705 5911 τῶν
2735 5856 2990 5922 δαιμονίων
3011 5854 3170 5903 ιιορδὶ.
