4050 6428
224 368 333 423 ἓιόδ

229 491 434 553 potator
462 479 588 544 vini,
620 475 1007 550 publicanorum
1031 481 1079 527 et
1105 475 1426 543 peccatorum
1454 463 1647 518 amicus
1675 458 1830 535 (Luc.

230 583 288 636 7.
313 577 427 651 δι).
455 578 594 647 Quin
623 577 786 633 etiam
816 589 939 631 cum
969 572 1083 643 ipse
1121 583 1243 624 cum
1277 573 1458 621 scorto
1497 559 1830 651 colloquere-

234 682 343 738 tur,
388 647 579 726 falsum
626 667 936 739 prophetam
975 677 1098 718 eum
1130 655 1508 726 nuncupabant
1549 669 1564 707 :
1612 649 1673 705 Si
1703 647 1834 701 enim

235 762 486 834 propheta
515 771 659 825 esset,
685 757 1016 829 iuquiebant,
1045 753 1194 806 sciret
1219 764 1333 820 qua:
1356 754 1403 801 ct
1426 741 1595 816 qualis
1624 749 1695 834 est
1713 743 1836 834 ha'c

233 831 420 908 mulier
448 870 560 924 qua:
597 850 818 920 loquitur
857 847 925 899 ad
963 861 1077 899 eum
1115 840 1270 912 (Luc.
1316 840 1369 892 7.
1416 834 1548 906 '59);
1603 831 1834 924 denique

233 921 482 1015 quotidie
506 943 762 996 adversus
790 954 912 993 eum
935 935 1123 990 dentes
1141 930 1422 987 acuebant.
1451 925 1562 982 Nec
1587 938 1717 978 vero
1743 921 1837 978 Ju-

233 1035 341 1090 dzei
372 1035 665 1097 dumtaxat,
707 1030 771 1083 ad
807 1029 947 1082 hunc
990 1025 1208 1081 modum
1245 1036 1370 1078 eum
1407 1018 1552 1074 bello
1597 1017 1832 1070 laccsse«

245 1127 413 1182 latnt:
445 1139 565 1179 nam
595 1139 662 1178 ne
691 1124 724 1176 ii
750 1120 986 1192 quidem,
1013 1117 1102 1188 qui
1134 1115 1299 1186 ipsius
1323 1110 1517 1166 fratres
1555 1122 1677 1163 esse
1711 1119 1835 1161 cre-

233 1220 528 1286 debantur,
568 1217 781 1271 sincero
809 1227 937 1284 erga
979 1225 1104 1268 eum
1147 1207 1328 1263 animo
1367 1210 1541 1269 erant,
1583 1213 1768 1256 verum
1803 1213 1833 1251 a

237 1308 551 1381 propinquis
579 1306 708 1376 ipsis
749 1304 948 1360 bellum
986 1303 1040 1356 in
1065 1313 1189 1357 eum
1222 1295 1554 1352 movebatur.
1585 1289 1836 1362 Perspice

233 1403 437 1472 quippe
456 1416 520 1457 ex
542 1400 624 1454 his
644 1414 762 1468 qua:
784 1395 1111 1472 evangelista
1133 1399 1315 1463 postea
1342 1384 1678 1459 subjiciebat,
1703 1397 1839 1454 quo-

237 1493 404 1548 modo
433 1491 531 1562 ipsi
562 1505 773 1561 quoque
797 1486 1035 1560 corrupti
1068 1491 1225 1540 erant
1251 1500 1266 1537 :
1300 1479 1482 1552 Neque
1506 1478 1640 1534 enim
1675 1475 1838 1548 ipsius

236 1585 427 1656 fratres
452 1582 718 1638 credebant
745 1582 801 1636 in
825 1596 940 1636 eum
965 1577 1146 1650 (Joan.
1175 1575 1230 1630 7.
1256 1573 1338 1643 5).

312 1679 368 1733 4.
403 1677 568 1732 Porro
593 1674 844 1745 quoniam
892 1670 1090 1726 multos
1115 1665 1352 1723 oﬂ’ensos
1383 1662 1546 1719 fuisse
1570 1668 1730 1732 atque
1749 1673 1835 1713 re-

238 1780 328 1827 cta
349 1771 431 1824 via
459 1768 739 1824 aberrasse
753 1775 1165 1825 commemoras,
1189 1765 1341 1827 quot,
1377 1768 1585 1828 qumso,
1607 1750 1838 1822 discipu-

243 1863 331 1918 los
372 1861 536 1915 fuisse
584 1868 754 1927 putas,
795 1853 889 1924 qui
934 1851 1112 1909 crucis
1162 1862 1404 1919 tempore
1452 1841 1643 1900 oﬂ'ensl
1695 1840 1839 1897 sint?

244 1951 394 2012 linus
420 1949 672 2020 prodidit,
703 1946 790 2001 alii
813 1945 866 2001 in
903 1945 1078 2014 fugam
1107 1956 1166 1997 se
1190 1939 1550 2004 contulerunt,
1582 1935 1718 1990 alios
1747 1933 1837 1989 ab-

237 2043 440 2114 juravit
469 2059 484 2096 :
517 2055 746 2110 ctuuqoe
774 2051 965 2092 omnes
992 2031 1383 2096 secessissent,
1413 2027 1561 2084 solus
1588 2027 1703 2096 ipse
1723 2025 1840 2078 vin-

242 2144 365 2190 cms
409 2131 722 2187 ducebatur.
755 2126 894 2197 Quot
940 2125 1102 2196 igitur
1150 2120 1396 2176 homines
1445 2117 1542 2173 tibi
1573 2115 1838 2179 videntur,

242 2239 370 2280 cum
398 2239 502 2279 non
537 2222 610 2277 ita
640 2221 844 2292 pridem
872 2232 995 2275 eum
1025 2229 1112 2272 res
1135 2214 1302 2269 miras
1324 2209 1672 2274 efﬁcientem,
1701 2223 1846 2263 mor-

245 2331 368 2377 tuos
389 2317 731 2379 excitantcm,
763 2312 1004 2382 leprosos
1041 2314 1353 2378 purgantem
1377 2343 1393 2370 ,
1423 2303 1700 2358 diemones
1750 2314 1841 2355 exv

247 2414 560 2486 pellentem,
591 2421 757 2479 panes
781 2403 944 2462 fontis
968 2402 1136 2458 instar
1159 2395 1548 2460 eﬂ'undentem,
1591 2407 1657 2448 ac
1683 2390 1842 2448 deni-

244 2520 353 2577 que
377 2503 476 2557 alia
505 2497 758 2555 miracula
784 2499 1177 2567 perpetrautem
1207 2488 1489 2554 vidissent,
1511 2498 1578 2541 eo
1601 2492 1846 2552 tempore

246 2596 440 2652 offensi
494 2593 678 2657 fuisse,
719 2603 841 2646 cum
870 2601 994 2644 eum
1021 2584 1193 2640 solum
1233 2580 1446 2646 abduci,
1498 2593 1566 2634 ac
1605 2577 1845 2655 vinctum

249 2691 418 2744 teneri
444 2684 840 2756 conspicerent,
869 2679 1068 2736 vilibus
1094 2685 1150 2733 et
1188 2673 1411 2745 objectis
1435 2669 1693 2727 militibus
1720 2682 1845 2725 eum

248 2777 605 2850 cingentibus,
624 2773 965 2842 Iudaicisque
989 2765 1359 2827 sawrdotibus
1384 2779 1416 2818 a
1445 2773 1595 2833 tergo
1618 2774 1848 2832 sequen-

251 2873 396 2928 tibus
440 2884 506 2926 ac
554 2863 1016 2927 tumultuantibus,
1057 2868 1219 2932 atque
1247 2857 1431 2913 hostes
1456 2868 1647 2910 omnes
1672 2852 1846 2909 solum

248 2979 375 3020 eum
396 2962 494 3017 sibi
519 2961 810 3015 hmrentem
833 2957 886 3012 in
916 2953 1094 3011 medio
1122 2952 1400 3015 habentes,
1424 2955 1850 3019 praesentemque

249 3071 316 3111 ac
346 3064 516 3109 tutum
547 3049 840 3107 insolenter
864 3062 924 3103 se
955 3044 1268 3102 efferentem
1290 3040 1618 3113 proditorem
1640 3038 1666 3093 ?
1686 3035 1848 3107 Quid,

250 3162 377 3203 cum
423 3144 604 3216 ﬂagris
639 3139 972 3198 caederetur?
1004 3135 1307 3193 Verisimile
1345 3133 1489 3190 enim
1534 3138 1621 3188 est
1674 3129 1852 3185 inlini-

252 3250 366 3299 tam
389 3236 780 3295 multitudinem
808 3233 1046 3290 affuisse.
1077 3231 1205 3287 Erat
1232 3230 1431 3302 quippe
1459 3227 1655 3284 festum
1683 3224 1849 3296 peril-

253 3337 444 3400 lustre,
466 3331 608 3404 quod
637 3344 827 3386 omnes
853 3325 1250 3398 congregabat:
1281 3333 1338 3379 et
1364 3319 1678 3391 metropolis
1705 3327 1844 3380 erat,

253 3444 378 3498 quae
406 3424 595 3481 nefarii
642 3421 864 3479 sceleris
904 3416 1218 3490 tragtediam
1257 3423 1543 3486 exceperat
1573 3430 1586 3468 :
1611 3421 1665 3467 ct
1693 3409 1853 3467 meri-

251 3521 418 3575 diano
462 3527 704 3587 tempore
743 3528 830 3570 res
867 3511 1171 3583 gerebatur.
1202 3507 1344 3576 Quot
1397 3506 1555 3577 igitur
1601 3504 1855 3560 mortales

257 3623 386 3667 tunc
405 3609 621 3665 affuisse
643 3607 940 3672 existimas,
979 3604 1069 3674 qui
1097 3616 1219 3658 eum
1243 3614 1368 3656 eum
1397 3598 1650 3661 vinctum,
1678 3595 1856 3666 ﬂagris

256 3704 528 3765 allectum,
554 3715 745 3756 cruore
764 3698 1054 3753 stillantem
1077 3707 1239 3764 atque
1263 3691 1331 3748 ad
1361 3690 1597 3762 praefecti
1622 3687 1854 3744 tribunal

255 3809 472 3851 causam
495 3792 786 3857 dicentem,
830 3803 928 3845 nec
952 3785 1335 3857 discipulorum
1363 3795 1685 3852 quemquam
1715 3794 1855 3850 pra:-

258 3897 469 3942 scntem
496 3892 803 3947 cernerent,
825 3878 1020 3934 animis
1045 3875 1232 3932 oﬂ’ensi
1258 3873 1405 3929 sint?
1430 3871 1589 3941 Quid.
1617 3885 1739 3926 eum
1766 3883 1858 3924 va-

260 3977 356 4033 riis
387 3975 485 4046 ipsi
512 3974 685 4030 modis
713 3970 1026 4036 illudebant,
1052 3979 1214 4038 atque
1250 3979 1392 4022 nunc
1413 3980 1534 4021 eum
1556 3963 1742 4034 spinea
1761 3977 1858 4017 eo.

262 4085 394 4126 rona
445 4067 902 4130 donabant,nuuc
943 4059 1282 4132 chlamydem
1336 4058 1437 4127 ipsi
1488 4053 1855 4125 imponebant,

262 4179 405 4218 nunc
421 4163 683 4216 calamum
711 4159 764 4212 in
797 4170 1012 4211 manum
1034 4153 1252 4216 dabant,
1280 4163 1423 4205 nunc
1444 4146 1860 4218 procumbentes

261 4270 388 4309 eum
417 4251 729 4314 adorabunt,
777 4247 978 4302 nullum
1009 4245 1242 4313 denique
1271 4240 1534 4296 irrisiouis
1556 4254 1618 4294 ac
1646 4238 1860 4294 ludibrii

262 4363 431 4420 genus
477 4339 998 4415 pra'termittebant?
1029 4339 1170 4407 Quot
1215 4336 1458 4390 homines
1486 4332 1743 4396 offensos,
1775 4341 1860 4386 at-

263 4456 369 4512 que
392 4438 620 4510 agitatos
659 4445 714 4492 et
753 4433 1094 4503 perturbatos
1145 4430 1308 4485 fuisse
1334 4426 1632 4491 arbitraris,
1657 4441 1775 4480 cum
1808 4425 1860 4479 in

264 4531 461 4587 malam
502 4543 624 4584 omn
677 4526 958 4590 feriebant,
1000 4534 1160 4594 atque
1211 4521 1293 4576 his
1329 4519 1508 4575 verbis
1553 4519 1858 4582 utebantur,

273 4625 577 4695 Prop/retiari
643 4621 803 4682 nobis,
861 4619 1076 4681 Christe,
1141 4616 1254 4686 quis
1295 4625 1367 4669 cst
1409 4613 1496 4683 qui
1531 4622 1578 4666 te
1621 4612 1863 4682 percussit

269 4720 288 4785 (
317 4715 503 4770 Matth.
535 4713 625 4767 9.6.
655 4711 790 4782 68)?
820 4722 980 4780 atque
1008 4711 1180 4778 ipsum
1211 4707 1314 4761 huc
1342 4716 1396 4760 et
1418 4705 1542 4759 illuc
1569 4703 1860 4765 ducebant,

269 4821 438 4864 totum
465 4809 606 4863 diem
631 4809 681 4861 in
708 4805 913 4861 cmillis
933 4817 987 4859 et
1013 4803 1290 4868 conviciis,
1323 4803 1374 4855 in
1409 4801 1642 4856 ludibrio
1676 4810 1730 4854 et
1754 4800 1862 4853 risu

267 4914 687 4964 eoosumcntes,
737 4899 895 4971 idque
939 4899 989 4952 in
1033 4897 1210 4952 medio
1263 4894 1572 4950 Judmorum
1620 4891 1865 4948 theatro?

268 4998 431 5069 Quid,
456 5014 576 5054 cum
609 4992 882 5051 Pontificis
907 5006 1096 5048 servus
1124 4990 1332 5056 alapam
1364 4986 1465 5057 ipsi
1511 4985 1865 5057 impingeret?

268 5089 421 5162 quid,
447 5104 569 5143 cum
599 5085 797 5141 milites
837 5084 1003 5153 ipSius
1022 5082 1342 5137 vestimenta
1365 5080 1504 5134 inter
1521 5093 1582 5134 se
1602 5077 1866 5149 partiren—

271 5184 402 5240 tur?
435 5180 584 5251 quid,
626 5193 748 5233 cum
787 5175 956 5230 nudus
998 5191 1062 5229 ac
1087 5173 1368 5228 verberum
1423 5181 1577 5226 notas
1619 5170 1672 5224 in
1719 5177 1868 5239 tergo

273 5280 478 5334 inustas
502 5288 712 5344 gerens,
740 5269 806 5326 ad
838 5285 1054 5324 crucem
1077 5267 1457 5329 abduceretur,
1489 5274 1648 5334 atque
1665 5264 1716 5318 in
1742 5277 1868 5318 cru-

272 5384 390 5426 cem
424 5365 741 5421 tolleretur?
788 5362 918 5417 Nam
966 5376 1034 5415 ne
1064 5369 1176 5414 tum
1220 5357 1438 5430 quidem
1471 5357 1732 5411 immanes
1765 5355 1869 5410 illa:

274 5463 400 5517 fera:
427 5457 825 5526 molliebantur,
855 5469 1038 5509 verum
1065 5452 1253 5522 majori
1281 5451 1440 5507 etiam
1472 5452 1652 5505 furore
1683 5449 1872 5520 ρι’ωεί-

277 5554 415 5625 pites
441 5551 768 5614 ferebantur,
801 5545 1162 5617 tragmdiaqoe
1191 5544 1615 5615 ingravescebat,
1640 5557 1702 5597 ac
1729 5542 1870 5596 Iudi-

277 5647 392 5703 bria
437 5643 769 5700 crescebant.
821 5642 922 5696 Alii
973 5642 1115 5695 enim
1161 5639 1453 5694 dicebant:
1499 5636 1872 5706 l’ah!quide-

279 5738 432 5792 struis
456 5738 698 5805 templum
719 5734 830 5798 Dei,
859 5745 903 5788 et
924 5733 975 5786 in
1008 5733 1174 5786 triduo
1197 5730 1478 5799 rccdiﬁcas
1505 5729 1636 5783 illud
1658 5727 1870 5799 (Matth.

279 5832 367 5887 ετ.
391 5830 512 5899 40).
540 5829 641 5884 Alii
671 5829 795 5882 item
830 5843 840 5880 :
868 5826 1006 5880 Alios
1027 5826 1192 5881 salvos
1222 5825 1378 5892 fecit:
1405 5826 1624 5894 seipsum
1656 5839 1754 5878 non
1784 5837 1873 5896 po-

596 5941 857 6000 l'n‘nuL.
906 5941 1019 5998 tiu.
1077 5934 1198 5998 LII.

1701 341 2079 404 EPISTOLE.

3439 319 3546 380 556

1941 462 2034 509 test
2047 452 2246 510 salvum
2259 452 2432 525 facere
2446 448 2661 524 (Matth.
2673 446 2762 503 ΞῚ.
2781 445 2897 519 42).
2914 445 3018 501 Alii
3037 457 3252 501 rursum
3299 441 3365 499 Si
3382 442 3554 501 Filius

1945 545 2039 600 Dei
2068 561 2142 610 es,
2159 543 2672 605 descendedecruce,
2698 550 2746 596 et
2764 539 3026 594 credulus
3062 537 3151 594 tibi
3173 535 3341 610 (Ibid.
3360 553 3405 592 ο.
3437 537 3556 608 ιο).

1941 635 2104 706 Quid.
2127 651 2250 693 cum
2269 635 2570 706 spongiam,
2595 632 2665 690 fel
2686 641 2743 688 et
2758 639 2967 687 acetum
2985 629 3219 702 potionis
3235 640 3398 685 causa
3416 624 3552 683 oﬂ‘eo

1944 737 2148 795 rentes,
2172 743 2268 798 per
2294 741 2560 782 summam
2599 723 2985 781 contumeliam
3035 721 3135 793 ipsi
3181 718 3553 776 insultabam?

1940 820 2092 891 quid,
2133 834 2257 876 cum
2316 819 2554 873 latrones
2604 815 2906 873 maledictis
2935 829 3058 871 eum
3096 810 3553 884 proscindebaott

1941 910 2070 980 quid
2117 910 2450 966 horrendum
2495 907 2626 964 illud
2667 907 3009 976 maximeque
3036 902 3302 961 nefarium
3348 903 3549 967 scelus,

1939 1005 2084 1076 quod
2123 1003 2287 1060 etiam
2317 1017 2348 1058 a
2398 1017 2486 1058 me
2527 1001 2640 1072 jam
2693 1011 3179 1057 commemoratum
3217 1007 3319 1063 est,
3357 1011 3553 1066 nempe

1941 1114 2062 1153 cum
2093 1097 2360 1154 latronem
2405 1097 2556 1152 illum
2585 1110 2652 1152 ac
2681 1095 2949 1166 parietum
2977 1092 3347 1158 eﬂ’ractorem,
3393 1090 3551 1147 innu-

1942 1190 2211 1262 merisque
2224 1189 2463 1246 caedibus
2475 1198 2813 1259 coopertum,
2831 1186 3155 1258 digniorem,
3173 1200 3334 1256 quato
3353 1184 3562 1256 ipsum,

1941 1297 2064 1339 esse
2090 1283 2358 1347 dicebant,
2400 1296 2562 1354 quem
2608 1279 2870 1352 petitione
2906 1293 3010 1335 sua
3045 1277 3313 1350 supplicio
3349 1276 3552 1334 exime-

1943 1381 2064 1430 rent
2107 1391 2123 1430 :
2161 1373 2395 1445 dataque
2439 1387 2471 1428 a
2503 1371 2687 1444 judice
2723 1373 2946 1444 optione
2972 1370 3273 1427 Barame
3305 1370 3555 1441 praetule-

1943 1474 2067 1520 runt
2097 1483 2112 1520 :
2135 1465 2389 1521 nimirqu
2412 1479 2518 1521 non
2531 1463 2804 1521 Christum
2835 1464 3117 1520 dumtaxat
3130 1477 3293 1520 cruce
3309 1461 3554 1527 allicere,

1942 1555 2038 1612 sed
2066 1558 2229 1612 etiam
2270 1557 2572 1628 improbam
2611 1555 2807 1612 tamam
2851 1555 2952 1626 ipsi
2984 1555 3204 1611 inurere
3230 1555 3559 1627 cupientes?

1947 1650 2080 1706 Hinc
2101 1649 2245 1706 enim
2276 1663 2336 1706 se
2365 1649 2496 1705 illud
2525 1651 2753 1719 probare
2789 1664 2954 1721 posse
3010 1649 3321 1706 statuebant
3344 1691 3360 1716 ,
3394 1649 3542 1720 quod

1945 1741 2153 1798 latrone
2204 1756 2419 1814 quoque
2446 1742 2765 1800 sceleratior
2807 1750 2975 1809 esset,
3028 1742 3298 1813 tantistlue
3341 1742 3560 1814 ﬂagitiis

1945 1833 2246 1898 devinctus,
2276 1842 2340 1889 ut
2378 1848 2478 1890 nec
2503 1832 2893 1900 misericordia,
2927 1847 3029 1891 nec
3069 1833 3193 1889 festi
3217 1834 3448 1906 dignitas
3473 1847 3563 1891 sa-

1945 1931 2111 1985 lutem
2155 1927 2258 1999 ipsi
2297 1927 2490 1985 aﬂ'erre
2519 1935 2720 2000 posset.
2750 1927 2866 1984 Hoc
2891 1929 3036 1984 enim
3068 1927 3313 1984 actiones
3365 1941 3558 1985 omnes

1947 2034 2075 2075 suas
2119 2018 2448 2086 referebant,
2483 2028 2541 2074 ut
2569 2019 2736 2091 ipsius
2760 2018 3215 2075 existimationem
3253 2017 3514 2076 laderent
3544 2036 3561 2074 :

1944 2125 2116 2181 eaque
2145 2111 2215 2167 de
2258 2125 2420 2167 causa
2466 2110 2606 2167 duos
2643 2111 2808 2167 etiam
2840 2110 3077 2167 latrones
3121 2125 3227 2166 uua
3267 2124 3394 2167 cum
3445 2111 3565 2183 ipso

1947 2202 2097 2258 cruci
2122 2200 2428 2258 afﬂxerunt.
2478 2203 2551 2258 At
2585 2202 2786 2258 veritas
2837 2216 2944 2258 non
2989 2200 3400 2266 obseurabatur,
3455 2201 3566 2261 imo

1948 2293 2280 2364 splendidius
2301 2292 2565 2351 elucebat.
2593 2294 2676 2350 Ad
2703 2294 2820 2351 ha-c
2839 2296 3000 2351 etiam
3031 2294 3293 2352 aﬂ‘ectata:
3319 2296 3566 2369 tyranni-

1949 2390 2034 2445 dis
2055 2404 2179 2446 eum
2206 2389 2610 2456 insimulabant,
2641 2387 2728 2445 his
2757 2390 2964 2446 verbis:
2987 2390 3305 2460 {‘uiomnquc
3325 2406 3381 2447 se
3395 2405 3566 2461 regem

1948 2483 2095 2552 facit,
2109 2496 2212 2537 non
2231 2482 2512 2538 estamicus
2533 2479 2753 2538 Cesaris
2767 2481 2783 2514 ¹
2805 2479 2987 2552 (Joan.
3007 2482 3096 2548 19,
3115 2481 3208 2556 l2)
3231 2483 3567 2555 :tyranuidis

1949 2572 2198 2630 videlicet
2221 2588 2345 2629 eum
2362 2581 2721 2638 arcessentes,
2754 2573 2843 2644 qui
2863 2572 2952 2630 ubi
2967 2571 3430 2644 caputrecliuaset
3453 2588 3562 2629 non

1951 2663 2200 2720 habebat.
2213 2663 2353 2734 Quin
2365 2663 2756 2735 blasphemiam
2771 2679 2987 2737 quoque
2998 2663 3098 2736 ipsi
3111 2678 3212 2736 per
3228 2663 3556 2720 calumniam

1950 2754 2291 2826 objiciebaut.
2358 2753 2606 2812 Pontifex
2659 2755 2807 2811 enim
2860 2754 3022 2812 scidit
3071 2755 3390 2812 vestimenta
3445 2771 3564 2822 sua,

1953 2845 2145 2904 dicens
2199 2866 2214 2902 '.
2264 2846 2692 2919 Blasphemauit;
2725 2848 2851 2920 quid
2886 2849 3058 2903 adhuc
3106 2863 3315 2920 egemus
3357 2848 3566 2904 testibus

1953 2937 2168 3011 (Matth.
2211 2939 2302 2994 26.
2325 2938 2466 3010 65)?
2492 2937 2633 3007 Quid
2671 2953 2822 2996 mors
2849 2938 3056 3010 ipsius?
3083 2938 3274 2996 Nonne
3297 2940 3572 2996 violenta?

1954 3046 2134 3087 nonne
2146 3031 2390 3104 capitalis
2405 3047 2560 3089 noxa:
2579 3032 2989 3090 convictorumt
3010 3048 3190 3089 nonne
3210 3033 3562 3090 exsecranda:

1955 3122 2314 3193 improbitatis
2334 3122 2615 3179 hominum
2631 3124 2658 3178 ἲ
2685 3138 2867 3181 nonne
2894 3125 3205 3197 turpissima
3219 3126 3246 3181 ἲ
3272 3140 3454 3183 nonne
3477 3139 3574 3182 eo-

1957 3231 2098 3284 rum,
2129 3215 2220 3287 qui
2245 3217 2582 3287 gravissimis
2625 3216 2841 3290 ﬂagitiis
2887 3233 3010 3275 sese
3036 3219 3480 3287 obstri'nxisseut,
3509 3236 3575 3277 ac

1958 3323 2027 3365 ne
2053 3307 2202 3382 digni
2229 3309 2446 3381 quidem
2475 3321 2680 3377 essent,
2723 3310 2817 3382 qui
2844 3311 2898 3367 in
2931 3320 3074 3368 terra
3098 3321 3402 3369 extremum
3451 3313 3577 3371 vita:

1956 3403 2206 3474 spiritum
2231 3403 2584 3460 emitterent?
2611 3406 2805 3461 Annon
2833 3407 3126 3476 sepultum
3154 3421 3326 3479 genus
3368 3407 3577 3463 beneﬂ-

1959 3497 2027 3553 cii
2083 3499 2378 3570 gratiorque
2425 3499 2547 3557 loco
2586 3499 2688 3571 ipsi
2738 3503 3058 3570 praestatur?
3107 3501 3390 3557 Accedens
3433 3502 3578 3558 enim

1959 3591 2224 3662 quispiam
2249 3605 2450 3664 corpus
2496 3591 2669 3663 petiit.
2713 3591 2869 3648 Adeo
2891 3607 2960 3648 ne
2984 3607 3050 3648 ex
3085 3593 3402 3665 pmpintjuis
3450 3594 3575 3665 quia

1961 3685 2105 3750 dem,
2137 3697 2237 3740 nec
2261 3699 2330 3740 ex
2351 3683 2438 3752 iis,
2471 3699 2608 3756 quos
2634 3684 2913 3741 beneﬁciis
2940 3683 3216 3752 aﬂ‘eecrat,
3261 3699 3366 3740 nec
3399 3701 3466 3742 ex
3491 3686 3579 3742 di-

1961 3775 2199 3846 scipulis,
2227 3791 2326 3832 nec
2351 3792 2418 3833 ex
2446 3775 2512 3832 iis
2539 3777 2632 3848 qui
2661 3785 2866 3832 tantam
2897 3776 2967 3832 ab
2993 3791 3061 3832 eo
3083 3776 3333 3832 ﬁduciam
3390 3793 3454 3831 ac
3485 3792 3577 3832 sa-

1964 3868 2128 3924 lutem
2155 3869 2520 3936 obtinuerant,
2552 3869 2835 3941 quisquam
2852 3879 2988 3936 erat,
3021 3869 3113 3940 qui
3138 3885 3265 3925 eum
3285 3873 3579 3942 sepultura:

1964 3960 2246 4017 mandaret
2277 3962 2459 4032 :qnod
2495 3961 2747 4018 videlicet
2774 3977 2965 4018 omnes
2990 3963 3360 4031 evanuissent,
3392 3980 3583 4022 omnes

1965 4053 2342 4125 profugissem.
2369 4055 2490 4110 1am
2520 4055 2740 4110 sinistra
2783 4069 2846 4110 ea
2876 4064 2932 4110 et
2963 4054 3205 4125 improba
3229 4055 3390 4122 fama,
3422 4071 3582 4127 quam

1966 4160 2064 4214 per
2107 4146 2558 4202 resurrectionem
2613 4155 2945 4212 struxerant,
3001 4146 3267 4212 dicentes,
3328 4145 3584 4204 Venerunt

1965 4235 2205 4307 discipuli
2225 4237 2357 4306 ejus,
2385 4245 2431 4291 et
2452 4238 2609 4307 furati
2624 4245 2740 4291 sunt
2760 4253 2874 4290 eum
2900 4235 3115 4307 (Matth.
3135 4235 3226 4293 28.
3258 4238 3361 4309 l3)
3384 4281 3397 4305 ,
3422 4255 3584 4309 quam

1968 4327 2150 4383 multis
2179 4326 2462 4383 ollensioni
2489 4327 2633 4382 fuit?
2671 4343 2833 4398 quam
2865 4328 3066 4382 multos
3110 4327 3165 4382 in
3211 4328 3450 4384 fraudem
3481 4331 3586 4385 im-

1970 4419 2141 4488 pulit?
2182 4418 2458 4490 Siquidem
2502 4420 2592 4474 hic
2647 4434 2851 4483 sermo,
2898 4435 3220 4489 quamquam
3278 4420 3466 4486 falsus,
3521 4437 3586 4476 ac

1970 4510 2142 4580 pretio
2166 4518 2398 4580 emptus,
2429 4521 2540 4566 tum
2574 4511 2761 4565 valuit.
2797 4508 3253 4581 Valuit,inquam,
3282 4513 3424 4582 apud
3447 4530 3588 4568 nori-

1971 4603 2144 4658 nullos
2169 4644 2184 4669 ,
2215 4611 2338 4672 post
2364 4602 2556 4672 sigilla,
2589 4611 2710 4673 post
2725 4611 2925 4657 tantum
2958 4604 3198 4659 veritatis
3227 4606 3581 4674 perspicuita-

1972 4705 2098 4751 tem.
2129 4693 2313 4765 Nequc
2337 4695 2480 4749 enim
2523 4696 2893 4764 promiscuum
2927 4696 3116 4766 vulgus
3172 4697 3584 4754 resurrectionis

1971 4785 2267 4841 doctrinam
2301 4795 2473 4842 norat.
2505 4786 2617 4842 Nec
2647 4787 2842 4840 mirum
2892 4787 2967 4856 (a)
2992 4830 3008 4853 ,
3042 4801 3164 4842 cum
3215 4803 3284 4842 ne
3315 4789 3413 4858 ipsi
3461 4792 3584 4860 qui—

1971 4878 2094 4933 dem
2117 4879 2362 4948 discipuli
2389 4893 2510 4933 eam
2538 4888 2761 4933 nossent
2796 4897 2808 4932 :
2843 4876 3024 4947 Neque
3060 4879 3215 4946 enim,
3250 4879 3420 4950 inquit
3449 4880 3540 4937 ille
3566 4925 3582 4948 ,

1971 4971 2212 5042 discipuli
2237 4973 2346 5042 ejus
2386 4971 2648 5037 sciebant,
2685 4972 2822 5041 quod
2865 4982 3118 5042 oporteret
3143 4988 3259 5026 eum
3301 4989 3334 5026 α
3373 4976 3590 5032 mortuis

1987 5067 2262 5124 resurgere
2307 5050 2508 5124 (Joan.
2543 5070 2635 5120 xx,
2671 5054 2758 5124 9).
2813 5055 3018 5121 Quam,
3036 5057 3241 5111 multos
3271 5056 3440 5128 igitur
3471 5058 3584 5112 illis
3655 5088 3664 5094 -

1987 5144 2180 5202 diebus
2210 5143 2387 5201 fuisse
2421 5156 2580 5214 potas
2609 5148 2702 5216 qui
2729 5147 2924 5204 offensi
2949 5151 3097 5205 sint?
3123 5148 3187 5203 Et
3219 5158 3403 5204 tamen
3438 5149 3581 5206 Deus

1988 5252 2089 5307 pro
2129 5254 2227 5293 sua
2257 5239 2483 5294 lenitate
2529 5240 2580 5293 id
2633 5242 2861 5307 terebat,
2909 5258 3114 5298 arcana
3165 5258 3266 5298 sua
3309 5243 3581 5314 sapientia

1985 5337 2168 5385 omnia
2197 5332 2617 5389 administrans.

2047 5432 2102 5487 5.
2159 5428 2360 5486 Deinde
2412 5436 2535 5497 post
2575 5439 2671 5481 eos
2715 5423 2832 5480 dies
2891 5419 3137 5492 discipuli
3193 5434 3406 5475 rursum
3462 5419 3586 5472 lati-

1979 5535 2194 5592 tantes,
2246 5519 2443 5591 fugati,
2499 5526 2642 5573 metu
2691 5514 3008 5588 perterriti,
3067 5519 3401 5578 trementes,
3431 5523 3493 5564 ac
3520 5509 3590 5564 de

2045 5642 2061 5669 ¹
2100 5646 2199 5686 Duo
2215 5642 2345 5693 Mss,
2379 5629 2669 5684 contradicit
2690 5628 2893 5682 Ctesari.
3221 5687 3231 5694 _
3275 5686 3304 5694 ί,
3448 5685 3478 5694 _,

2043 5701 2117 5764 (η)
2152 5700 2232 5749 Hic
2244 5686 2469 5761 quaedam
2490 5695 2722 5753 deerant,
2743 5705 2888 5764 qua“
2903 5686 3588 5764 extremitatis

1983 5745 2116 5812 suilli
2138 5745 2749 5823 doze'sequuntur,_qu_am
2763 5745 2943 5823 inultos
2963 5750 3113 5823 igitur
3133 5745 3446 5809 illis'diebus,
3473 5754 3592 5804 etc,

1990 5839 2053 5875 cx
2075 5818 2249 5875 iisdem
2281 5818 2620 5884 ma'uuscriptis
2641 5818 2905 5881 desmnpta
2924 5822 3060 5868 sunt.

3138 5911 3206 5973 11
