4050 6426
539 370 643 427 ῑ55

535 464 657 540 loco
677 481 729 535 in
771 478 945 535 locum
973 475 1199 536 subinde
1225 476 1535 549 migrantes,
1588 492 1709 534 sese
1735 478 2070 536 occultabant
2098 496 2112 533 :

1278 362 1338 422 S.
1375 361 1654 422 JOANNIS
1689 359 2160 424 CHRYSOSTOII
2198 360 2514 420 ARCHIEP.
2555 362 3090 422 CONSTANTINOP.

2229 475 2544 545 remedium,
2576 484 2635 532 ut
2664 477 2755 534 tibi
2798 493 3043 551 magnam
3088 480 3251 535 animi
3281 477 3525 535 laetitiam
3557 479 3776 551 pariant
3809 499 3824 536 :

537 579 696 640 atque
724 577 843 639 post
864 569 1240 640 quinquaginta
1270 567 1388 625 dies
1413 582 1534 624 cum
1563 583 1684 625 sese
1711 569 2120 640 conspiciendos
2225 582 2290 624 ac
2333 567 2643 641 frequentes
2669 571 2902 641 accipies
2928 572 3205 643 epistolas.
3233 571 3433 628 Verum
3454 585 3526 627 ne
3554 570 3694 626 mihi
3722 572 3826 626 ite-

534 661 774 731 praebere
797 676 860 715 ae
886 659 1139 716 miracula
1165 661 1326 717 edere
1352 661 1665 730 cmpissent,
1697 675 1766 716 ne
1791 659 1871 716 sic
1897 660 2112 732 quidem

534 761 711 806 tamen
739 750 841 807 hoc
866 750 1180 822 consequuti
1200 761 1344 816 sunt,
1373 759 1430 806 ut
1448 751 1580 808 nihil
1609 751 1738 823 ipsis
1767 751 2108 807 metuendum

532 855 694 901 esset.
728 845 938 900 Etenim
977 854 1098 916 post
1135 845 1285 917 signa
1313 845 1402 900 illa
1428 844 1591 912 edita,
1641 844 1845 900 inﬁnita
1893 842 2115 899 oll‘endi-

527 935 649 990 cula
681 935 816 991 inter
843 935 1222 992 imbecilliores
1248 934 1433 992 fuere:
1461 934 1602 1006 quod
1633 934 1732 1005 ipsi
1757 934 1920 1005 virgis
1938 933 2113 990 cade-

529 1034 738 1094 rentur,
781 1026 1020 1082 Ecclesia
1065 1028 1386 1093 turbaretur,
1453 1026 1581 1096 ipsis
1631 1025 1885 1095 expulsis,
1935 1025 2114 1080 hostes

529 1118 712 1174 multis
737 1119 788 1173 in
809 1119 939 1175 locis
966 1119 1267 1190 superiores
1293 1127 1494 1185 essent,
1523 1132 1588 1173 ac
1613 1117 1868 1173 tumultus
1887 1116 2108 1173 cierent.

531 1211 665 1266 Nam
689 1227 808 1267 cum
830 1212 1095 1282 ingentem
1145 1211 1215 1268 ob
1240 1210 1491 1266 miracula
1537 1209 1784 1266 fiduciam
1835 1208 2113 1279 loquendi.

527 1317 634 1372 que
659 1300 956 1356 libertatem
986 1299 1162 1370 adepti
1192 1299 1445 1364 fuissent,
1470 1309 1596 1356 tunc
1615 1313 1828 1356 rursum
1854 1297 2111 1368 Stephani

528 1405 675 1448 mors
695 1406 912 1464 gravem
954 1389 1421 1461 persequutionem
1463 1389 1769 1454 accersivit,
1817 1402 2111 1458 omnesque

526 1481 799 1552 dispersit,
835 1489 994 1552 atque
1041 1479 1331 1536 Ecclesiam
1363 1479 1415 1534 in
1447 1479 1730 1535 tumultum
1754 1487 1808 1534 et
1833 1478 2109 1549 perturba-

529 1575 726 1630 tionem
752 1573 1012 1644 conjecit:
1039 1587 1356 1644 rursumque
1371 1572 1616 1643 discipuli
1636 1572 1690 1628 in
1712 1580 1879 1638 metu,
1897 1585 2107 1626 rursum

527 1667 580 1721 in
633 1666 774 1737 fuga,
818 1682 1029 1724 rursum
1084 1667 1138 1721 in
1189 1679 1393 1721 summa
1439 1663 1787 1719 sollicitudine
1813 1673 1970 1734 atque
2010 1675 2110 1716 ana

528 1772 660 1826 gere
691 1758 892 1812 versari
935 1765 1230 1828 cmperunt.
1283 1756 1351 1810 At
1380 1755 1456 1810 sic
1482 1769 1694 1826 quoque
1722 1763 1895 1808 tamen
1921 1752 2108 1808 Eccle-

529 1847 623 1902 sim
649 1861 734 1902 res
760 1861 973 1918 semper
993 1846 1339 1919 augebantur,
1367 1861 1492 1901 cum
1520 1861 1614 1916 per
1631 1846 1780 1916 signa
1810 1843 2096 1908 florebant,

525 1952 646 1994 cum
690 1937 809 1993 beta
860 1938 1122 2009 principia
1178 1937 1464 1993 habebant.
1498 1935 1566 1992 Et
1592 1951 1730 1991 unus
1773 1935 1986 2007 quidem
2011 1950 2108 2007 per

527 2028 814 2085 fenestram
860 2028 1237 2085 demittebatur
1278 2069 1294 2094 ,
1332 2029 1516 2099 sicque
1542 2043 1573 2084 e
1597 2026 1834 2098 praelecti
1862 2025 2105 2082 manibus

524 2121 735 2190 elapsus
762 2129 844 2176 est
885 2138 900 2176 :
959 2120 1094 2176 alios
1137 2129 1314 2176 autem
1366 2118 1588 2191 angelus
1633 2118 1836 2185 eduxit,
1865 2119 2046 2189 sicque
2073 2131 2104 2173 a

524 2215 747 2270 vinculis
777 2215 1055 2280 liberavit;
1086 2213 1221 2268 alios
1265 2227 1477 2268 rursum
1504 2211 1572 2268 ah
1597 2211 1685 2278 iis,
1706 2211 1794 2281 qui
1817 2209 2009 2280 opibus
2038 2223 2102 2264 ac

525 2306 755 2376 potentia
782 2305 1062 2370 ﬂorebant,
1090 2312 1309 2360 vexatos
1335 2312 1390 2359 et
1416 2302 1732 2374 exagitatos,
1761 2300 2105 2358 circumfora-

527 2399 612 2452 nei
635 2398 1045 2467 honnnesatque
1057 2394 1274 2466 opillces
1299 2394 1442 2448 omni
1460 2391 1620 2448 officii
1647 2407 1842 2463 genere
1869 2391 2107 2460 comple-

520 2490 816 2554 ctebantur,
847 2487 1175 2558 purpurariaa
1220 2499 1411 2556 nempe
1447 2483 1720 2550 mulieres,
1749 2497 1813 2538 ac
1851 2483 2106 2538 tentorio-

521 2594 639 2633 rum
669 2577 918 2642 artiflces,
949 2586 1005 2634 et
1043 2575 1276 2643 coriarii,
1307 2577 1359 2630 in
1388 2574 1642 2630 extremis
1666 2573 1878 2630 urbium
1922 2587 2102 2629 reces-

519 2672 670 2725 sibus
709 2677 870 2741 atque
923 2668 990 2724 ad
1021 2669 1168 2724 littus
1205 2677 1260 2723 et
1310 2682 1456 2723 mare
1493 2666 1810 2722 habitantes.
1858 2666 2102 2736 Persaepe

512 2762 678 2826 etiam
709 2775 777 2817 ne
796 2761 848 2815 in
877 2759 1073 2816 mediis
1091 2759 1307 2830 quidem
1332 2759 1551 2815 urbibus
1595 2773 1908 2829 comparere
1933 2757 2098 2814 aude-

516 2851 787 2918 bant;aut
826 2851 872 2904 si
898 2848 1184 2916 audebant,
1237 2847 1477 2919 hospites
1525 2857 1670 2904 certe
1711 2863 1806 2904 eos
1854 2849 2100 2918 excipere

521 2941 928 3013 haudquaquam
983 2940 1267 2997 audebant.
1309 2941 1483 3012 Atque
1505 2939 1572 2995 ad
1595 2939 1734 2995 hunc
1763 2939 1977 2995 modum
2004 2955 2101 3011 per

519 3033 858 3101 teutationes,
885 3041 941 3088 et
967 3031 1266 3088 animorum
1293 3032 1653 3089 recreationes
1669 3033 1688 3064 ⁸
1714 3032 1922 3103 negotia
1952 3041 2100 3087 texe-

520 3127 748 3183 bantnr:
779 3135 833 3184 et
856 3127 945 3197 qui
975 3141 1079 3182 non
1106 3127 1273 3182 multo
1297 3133 1422 3181 ante
1441 3125 1629 3181 offensi
1660 3125 1890 3192 fuerant,
1915 3134 2098 3197 postea

517 3217 839 3273 sanabuntur
863 3234 878 3272 :
906 3227 960 3272 et
982 3217 1071 3288 qui
1097 3216 1495 3282 aberraverant,
1515 3216 1568 3272 in
1599 3217 1740 3272 viam
1769 3217 2096 3274 reducebano

519 3316 607 3363 tur
633 3327 648 3362 :
681 3318 736 3364 et
759 3323 877 3379 qua:
906 3317 1170 3379 prostrata
1214 3323 1277 3363 ac
1306 3309 1423 3363 solo
1449 3319 1655 3378 aequata
1705 3308 1932 3377 fuerant,
1964 3325 2102 3381 pra:-

515 3399 714 3454 clarius
742 3407 797 3454 et
823 3400 1248 3470 magnificentius
1294 3398 1744 3453 instaurabantur.
1772 3397 1853 3455 Ob
1877 3414 2099 3470 eamque

518 3503 732 3544 causam
758 3502 880 3544 cum
927 3489 1122 3544 Paulus
1176 3488 1421 3558 precibus
1475 3489 1854 3552 contendisset.
1901 3498 1958 3544 ut
2004 3505 2101 3560 per

515 3579 748 3648 quietem
800 3580 965 3635 solam
1017 3588 1068 3636 ct
1116 3579 1550 3650 tranquillitatem
1604 3581 1936 3651 evangelium
1979 3595 2099 3650 pro-

515 3671 845 3741 grederetur,
898 3671 1316 3741 sapientissimus
1345 3685 1409 3726 ac
1455 3673 1835 3728 solertissimus
1863 3671 2002 3727 Deus
2019 3672 2100 3727 di-

515 3763 719 3833 scipulo
745 3778 944 3818 morem
967 3763 1185 3818 minime
1213 3763 1399 3832 gessit,
1453 3778 1576 3827 nec,
1609 3778 1732 3819 cum
1778 3778 1921 3832 saepe
1946 3777 2098 3833 roga-

516 3861 683 3920 retur,
712 3853 960 3923 precibus
1002 3853 1167 3923 ipsius
1191 3853 1390 3917 cessit,
1421 3869 1604 3908 verum
1637 3853 1719 3908 his
1766 3853 1942 3907 verbis
1974 3867 2096 3910 usus

517 3954 602 4000 est
630 3963 644 3998 :
674 3944 870 4015 Suﬁcit
897 3945 985 3998 tibi
1009 3945 1172 4014 gratia
1197 3961 1307 3997 mea
1339 3959 1357 3998 :
1386 3944 1542 3998 uirtus
1568 3943 1700 3998 enim
1726 3959 1835 3996 mea
1857 3945 1909 3996 in
1947 3944 2096 4010 inﬁr-

515 4037 688 4090 mitate
729 4035 990 4105 perﬁcitur
1017 4035 1093 4100 (2.
1122 4035 1241 4089 Cor.
1275 4034 1362 4089 l2.
1389 4033 1480 4104 9).
1514 4034 1570 4088 Si
1605 4034 1763 4103 igitur
1807 4048 1948 4088 nunc
1975 4048 2097 4088 cum

517 4124 774 4182 molestiis
803 4127 954 4181 laetos
979 4140 1187 4196 quoque
1209 4139 1487 4180 successus
1511 4125 1808 4181 subducere
1843 4126 2094 4192 volueris,

515 4220 564 4273 si
594 4233 699 4273 non
730 4217 891 4272 multa
919 4217 1067 4286 signa
1111 4222 1168 4270 et
1189 4215 1461 4281 miracula,
1503 4224 1559 4270 at
1584 4216 1780 4271 multas
1806 4223 1984 4271 tamen
2011 4230 2097 4271 res

518 4310 786 4366 miraculis
811 4325 916 4365 non
947 4309 1232 4364 dissimiles
1277 4309 1598 4379 conspicies,
1625 4325 1744 4378 qua:
1773 4309 1986 4380 quidem
2016 4311 2098 4365 in-

515 4401 688 4471 gentis
716 4399 809 4455 Dei
835 4399 1176 4469 providentia:
1220 4408 1379 4469 atque
1419 4399 1598 4454 auxilii
1629 4400 1905 4470 perspicua
1936 4416 2094 4470 argu-

517 4498 697 4547 menta
719 4491 845 4545 sint.
877 4490 1070 4545 Verum
1094 4505 1161 4544 ne
1182 4491 1364 4544 omnia
1387 4491 1534 4545 nullo
1581 4506 1700 4544 cum
1733 4490 1914 4545 labore
1942 4506 1970 4544 a
2003 4507 2097 4546 no-

515 4583 599 4636 bis
629 4581 835 4648 audias,
861 4580 999 4635 hanc
1029 4581 1121 4634 tibi
1150 4591 1352 4649 partem
1382 4581 1648 4648 relinquo,
1685 4590 1741 4635 ut
1764 4593 2009 4637 accurate
2035 4598 2097 4638 ac

514 4673 799 4742 diligenter
822 4680 1012 4726 cuncta
1042 4671 1278 4741 colligas,
1321 4679 1479 4741 atque
1503 4687 1622 4724 cum
1659 4672 1819 4728 rebus
1862 4673 2097 4729 molestis

516 4773 572 4817 et
599 4764 803 4818 acerbis
830 4762 1094 4830 conferas,
1123 4763 1303 4832 sicque
1329 4763 1584 4832 praeclara
1600 4763 1950 4833 occupatione
1977 4767 2095 4820 ani-

518 4868 663 4907 mum
689 4851 1207 4921 distinens,teipsam
1226 4867 1253 4904 a
1278 4852 1526 4906 maestitia
1558 4863 1828 4924 etangore
1853 4868 2049 4909 avoces
2075 4872 2089 4908 :

516 4946 638 5000 hinc
651 4946 792 5001 enim
804 4945 1086 4999 maximam
1107 4944 1521 5000 censolationem
1539 4946 1815 5016 percipies.
1839 4946 1919 5002 Tu
1936 4948 2094 5004 velim

515 5038 776 5092 universa:
853 5046 957 5091 tua:
1025 5035 1319 5091 benedicta:
1364 5035 1546 5092 domui
1606 5037 1888 5107 plurimam
1933 5054 1964 5094 a
2009 5056 2097 5095 me

515 5129 739 5182 salutem
763 5128 928 5183 dicas.
958 5126 1110 5182 Faxit
1140 5128 1280 5182 Deus
1306 5136 1363 5182 ut
1389 5136 1444 5183 et
1490 5129 1646 5184 firma
1693 5132 1933 5201 corporis
1959 5133 2094 5187 vale

519 5219 720 5283 tudine,
776 5228 830 5274 et
859 5219 985 5275 lacte
1005 5227 1163 5288 atque
1217 5217 1369 5272 hilari
1399 5219 1578 5274 animo
1621 5235 1834 5290 semper
1870 5223 1964 5290 sis,
1995 5223 2093 5277 do-

518 5311 661 5364 mina
692 5324 807 5364 mea
858 5325 1200 5379 summopere
1239 5310 1543 5365 veneranda
1573 5320 1628 5366 et
1673 5313 2090 5382 religiosissima.

588 5401 644 5455 Si
693 5401 768 5453 vis
794 5400 926 5455 mihi
966 5399 1231 5470 longiores
1256 5401 1492 5456 scribere
1539 5403 1738 5468 literas,
1789 5404 1888 5459 hac
1917 5405 1984 5460 de
2035 5421 2094 5460 re

517 5507 605 5548 me
630 5503 911 5548 certiorem
953 5491 1130 5557 facito,
1163 5507 1262 5547 nec
1284 5508 1368 5548 me
1396 5493 1660 5562 decipias;
1693 5511 1882 5565 nempe
1913 5506 1963 5550 te
1986 5512 2092 5552 om-

514 5598 636 5640 nem
692 5584 854 5638 animi
906 5599 1189 5639 maerorem
1235 5585 1585 5654 deposuisse,
1617 5596 1671 5641 et
1720 5589 1771 5642 in
1803 5591 2093 5661 tranquilli-

517 5685 622 5734 tate
664 5694 840 5748 agere.
875 5679 1004 5733 Nam
1042 5681 1094 5734 in
1131 5680 1231 5736 hoc
1255 5684 1411 5734 situm
1438 5694 1520 5737 est
1553 5683 1823 5740 literarum
1854 5701 2090 5743 mearum

577 5790 592 5822 ¹
631 5798 729 5840 {tuo
752 5798 875 5852 uss,
904 5804 995 5841 non
1019 5805 1103 5850 per
1126 5797 1391 5844 animorum
1413 5794 1743 5846 uenationes.

2222 676 2342 717 rum
2370 661 2594 729 scribas,
2621 671 2675 718 te
2699 677 2947 734 magnam
2974 679 3042 720 ex
3063 664 3383 720 literismeis
3407 664 3661 733 accipere
3688 677 3825 720 con-

2221 754 2538 810 solationem
2567 773 2582 809 :
2610 770 2733 811 nam
2764 755 2896 811 illud
2945 772 3045 828 ego
3084 758 3254 828 probe
3283 758 3447 825 novi;
3478 757 3580 814 sed
3610 764 3826 812 tantam

2220 856 2474 920 quantam
2511 863 2613 920 ego
2632 851 2816 920 cupio;
2867 849 2939 904 ita
2970 858 3027 905 ut
3052 865 3227 921 neque
3251 850 3431 908 animo
3455 848 3823 922 perturberis,

2219 954 2390 1011 neque
2420 940 2682 1011 lacrymas
2702 939 2965 1009 eEundas,
2991 941 3085 997 sed
3114 942 3399 1014 tranquille
3432 950 3644 999 etcum
3684 955 3824 1013 gau-

2219 1028 2310 1085 dio
2337 1028 2499 1101 degas
2519 1029 2617 1103 (a).

2632 1162 2714 1216 Ad
2736 1163 2964 1217 eamdem
2993 1160 3159 1234 Epist.
3192 1159 3256 1216 ΙΙ
3286 1161 3383 1236 (ὁ).

2288 1295 2343 1352 1.
2381 1295 2712 1366 Quamquam
2734 1294 2958 1365 epistola
2981 1309 3042 1350 ea
3064 1336 3078 1360 ,
3104 1309 3262 1366 quam
3291 1310 3463 1366 nuper
3489 1294 3559 1350 ad
3590 1304 3644 1351 te
3669 1296 3820 1361 nisi,

2215 1386 2282 1442 ad
2311 1385 2512 1443 doloris
2538 1386 2611 1442 toi
2638 1393 2900 1442 tumorem
2924 1386 3380 1457 comprimendum
3406 1387 3624 1442 abunde
3665 1388 3823 1442 sufﬂ-

2216 1479 2392 1535 ciebat
2430 1497 2444 1533 :
2489 1488 2667 1535 tamen
2706 1479 2828 1550 quia
2867 1479 3115 1535 mmroris
3155 1479 3420 1536 acerbitas
3462 1480 3732 1551 majorem
3765 1482 3822 1538 in

2214 1571 2432 1626 modum
2455 1579 2506 1627 te
2524 1570 2731 1639 afflixit,
2751 1570 2948 1627 idcirco
2963 1585 3182 1628 necesse
3207 1571 3335 1627 mihi
3364 1587 3486 1628 esse
3506 1573 3820 1630 existimavi

2213 1663 2433 1716 alteram
2458 1676 2669 1732 quoque
2694 1662 2971 1733 epistolam
2996 1663 3257 1733 superiori
3279 1662 3597 1735 adjungere,
3626 1679 3742 1736 quo
3762 1675 3821 1720 tu

2212 1753 2483 1823 eopiosam
2523 1761 2579 1808 et
2601 1753 2818 1809 uberem
2847 1753 3268 1809 consolationem
3298 1753 3581 1824 percipias.
3604 1769 3673 1810 ac
3695 1755 3812 1825 jam

2213 1843 2465 1900 valetudo
2508 1853 2595 1899 tua
2641 1844 2696 1899 in
2744 1851 2858 1900 tuto
2888 1855 3153 1900 versetur.
3193 1844 3306 1916 Age
3345 1844 3536 1915 igitur,
3589 1845 3819 1902 aliunde

2210 1950 2422 2006 quoque
2442 1935 2714 2006 pulverem
2733 1950 2878 2001 eum,
2895 1951 3052 2006 quem
3070 1951 3136 1991 ex
3155 1937 3316 1990 animi
3339 1951 3572 1992 morere
3593 1947 3820 1992 contra-

2209 2025 2356 2093 xisti,
2382 2025 2686 2080 discutiam.
2708 2024 2979 2095 Siquidem
3001 2039 3123 2080 eum
3147 2039 3214 2080 ex
3233 2025 3410 2080 ulcere
3437 2027 3814 2097 gravissimis-

2209 2132 2313 2188 que
2347 2117 2642 2174 tumoribus
2667 2117 2720 2172 in
2749 2117 3018 2188 pulverem
3049 2129 3364 2173 conversum
3385 2133 3507 2174 esse
3527 2120 3811 2175 existimo.

2210 2207 2405 2265 Verum
2433 2223 2501 2264 ne
2525 2209 2602 2263 sic
2622 2208 2837 2279 quidem
2860 2208 3176 2264 valetudinis
3206 2217 3310 2264 tua:
3337 2224 3465 2265 cura
3501 2210 3812 2266 deserenda

2209 2313 2293 2358 est
2315 2319 2330 2356 :
2356 2303 2555 2358 etenim
2581 2301 2753 2372 pulvis
2777 2316 3009 2372 quoque,
3031 2301 3132 2356 nisi
3162 2302 3281 2372 quis
3307 2317 3428 2357 eum
3454 2317 3674 2357 summo
3693 2314 3813 2358 sta-

2206 2393 2298 2449 dio
2323 2393 2615 2464 propellat,
2644 2395 2779 2463 parti
2813 2394 3047 2448 omnium
3088 2394 3541 2464 przcstantissima:
3577 2395 3810 2452 exitium

2205 2486 2381 2554 aﬂ‘ert,
2425 2487 2636 2558 pupilla:
2677 2487 2926 2542 nimirum
2967 2486 3400 2557 perspicuitatem
3428 2486 3710 2556 inliciens,
3741 2503 3811 2544 ac

2207 2589 2376 2636 totum
2406 2581 2682 2634 maerentis
2707 2578 2918 2635 oculum
2951 2579 3191 2634 turbans.
3219 2577 3298 2633 Ne
3346 2578 3508 2648 igitur
3531 2577 3638 2634 hoc
3661 2593 3809 2649 quo-

2205 2686 2312 2742 que
2336 2671 2424 2725 hic
2455 2671 2696 2736 accidat,
2729 2670 2850 2725 mali
2880 2669 3136 2741 reliquias
3157 2684 3364 2725 summa
3387 2684 3514 2724 cura
3536 2679 3590 2724 et
3619 2670 3809 2725 studio

2204 2760 2493 2818 evellamus
2545 2765 2614 2816 At
2655 2770 2711 2816 tu
2749 2775 2960 2832 quoque
2985 2771 3037 2817 te
3064 2761 3241 2832 erige,
3274 2776 3596 2831 manumque
3640 2762 3808 2817 nobis

2204 2856 2400 2924 pnebe.
2423 2854 2554 2910 Nam
2585 2853 3031 2925 quemadmodum
3060 2854 3112 2909 in
3162 2855 3228 2910 iis
3275 2855 3363 2925 qui
3392 2870 3540 2926 azgro
3565 2871 3808 2928 corpore

2201 2958 2327 3004 sunt
2355 2948 2570 3004 evenire
2598 2946 2756 3014 solet,
2786 2955 2862 3012 ut,
2892 2947 2938 3003 si
2965 2947 3157 3003 medici
3179 2946 3394 3017 quidem
3419 2962 3506 3014 ea,
3529 2963 3650 3017 qua:
3680 2963 3807 3003 ma-

2203 3038 2347 3093 neris
2375 3038 2455 3092 sui
2482 3048 2640 3101 sunt,
2670 3046 2958 3107 prmstent,
3000 3036 3078 3092 illi
3108 3047 3282 3092 autem
3315 3047 3494 3108 partes
3532 3053 3664 3094 suas
3696 3040 3805 3094 mi-

2203 3131 2348 3186 nime
2400 3129 2681 3199 expleant,
2741 3129 2982 3185 sanitatis
3035 3130 3241 3185 lucrum
3305 3132 3731 3200 interrumpatar
3785 3149 3802 3186 :

2201 3222 2391 3278 eodem
2421 3222 2581 3277 modo
2605 3223 2658 3277 in
2686 3223 2862 3277 anima
2902 3236 3114 3292 quoque
3153 3237 3239 3278 res
3281 3236 3400 3278 sese
3440 3221 3642 3278 habere
3666 3237 3808 3279 con-

2202 3318 2393 3373 suevit.
2425 3315 2807 3384 Quamobrem.
2837 3330 2906 3371 ne
2935 3315 3036 3370 hoc
3063 3315 3268 3370 accidat
3288 3355 3302 3378 .
3326 3330 3423 3384 pro
3461 3330 3524 3370 ea
3552 3315 3805 3386 pruden-

2203 3410 2296 3477 tia,
2318 3425 2436 3480 qoze
2462 3410 2559 3464 abs
2581 3419 2631 3463 te
2660 3407 2976 3479 postulatur,
3004 3407 3070 3461 da
3091 3421 3331 3478 operam,
3359 3417 3417 3462 ut
3445 3415 3562 3462 tuas
3579 3422 3806 3478 quoque

2200 3511 2381 3574 partes
2409 3501 2571 3556 obeas
2599 3519 2612 3554 :
2640 3515 2747 3571 quo
2788 3510 3010 3571 utraque
3051 3515 3117 3555 ex
3162 3509 3310 3570 parte
3359 3499 3547 3570 ingens
3593 3499 3804 3556 utilitas

2200 3594 2424 3649 oriatur.
2453 3595 2520 3648 At
2564 3593 2700 3648 forte
2739 3592 2886 3648 dices
2906 3633 2922 3659 ,
2973 3594 3131 3663 cupio
3156 3593 3370 3662 quidem
3401 3592 3541 3648 istud
3560 3634 3575 3658 ,
3605 3607 3802 3650 verum

2202 3702 2410 3757 nequeo
2431 3726 2448 3753 ,
2483 3701 2604 3751 nec,
2638 3687 2884 3757 quamvis
2907 3687 3063 3741 etiam
3105 3701 3350 3757 magnam
3395 3688 3801 3745 contentionem

2203 3777 2499 3841 adhibens,
2546 3775 2728 3831 densa:
2773 3786 2950 3832 tamen
2991 3785 3150 3847 atque
3188 3785 3321 3832 atra
3366 3780 3615 3834 maeroris
3666 3779 3802 3835 nubi

2199 3866 2575 3938 propulsandae
2615 3881 2708 3936 par
2747 3882 2884 3922 sum.
2925 3866 3082 3922 Herae
3125 3868 3500 3924 excusationes
3539 3883 3605 3924 ac
3657 3870 3803 3926 meri

2201 3964 2488 4026 praetextus
2526 3956 2625 4011 ista
2653 3964 2778 4011 sunt
2807 3975 2819 4010 :
2850 3958 2969 4011 novi
3005 3955 3147 4012 enim
3187 3958 3382 4013 mentis
3409 3970 3511 4013 tua:
3534 3959 3802 4016 nobilita-

2204 4056 2330 4112 tem,
2363 4048 2463 4118 pia:
2486 4057 2589 4103 tua:
2610 4047 2800 4102 anima:
2820 4047 3000 4112 robur,
3027 4048 3317 4117 prudentia:
3344 4048 3797 4119 magnitudinem,

2200 4136 2475 4206 sapientiae
2499 4137 2628 4206 vim,
2659 4138 2876 4209 scioque
2909 4149 2991 4194 sat
3021 4138 3113 4193 tibi
3134 4153 3253 4194 esse
3280 4137 3474 4194 furenti
3503 4141 3624 4197 huic
3653 4157 3806 4198 mo-

2201 4229 2361 4284 stitiaa
2391 4229 2524 4284 mari
2559 4229 2843 4300 imperare,
2870 4239 2926 4284 ut
2965 4230 3243 4301 tranquilla
3274 4233 3452 4286 omnia
3475 4232 3798 4289 reddantur.

2201 4320 2398 4376 Verum
2436 4335 2544 4391 quo
2591 4320 2642 4376 id
2692 4321 2897 4376 facilius
2937 4323 3190 4392 consequi
3234 4325 3441 4393 possis,
3471 4338 3534 4379 ea
3578 4340 3802 4396 quoque

2199 4427 2318 4481 qua
2364 4422 2666 4466 nostrarum
2712 4413 2940 4480 partium
2976 4422 3128 4478 sunt,
3161 4413 3523 4472 conferamus.
3548 4416 3799 4486 Quanam

2203 4496 2362 4566 igitur
2403 4497 2612 4550 ratione
2663 4495 2716 4550 id
2759 4496 2972 4551 elllccre
3019 4498 3260 4566 poteris?
3302 4498 3504 4570 Nempe
3543 4503 3589 4556 si
3627 4512 3687 4559 et
3729 4520 3799 4562 ea

2200 4586 2376 4642 omnia
2401 4626 2417 4650 ,
2449 4601 2566 4655 qua:
2610 4587 2883 4656 superiore
2930 4587 3149 4656 epistola
3203 4591 3542 4645 continentur
3565 4634 3582 4659 ,
3612 4601 3799 4652 locum

2199 4675 2506 4731 consideres
2531 4675 2815 4745 (siquidem
2844 4677 3007 4732 multa
3036 4692 3066 4732 a
3097 4694 3212 4745 me,
3240 4695 3360 4750 qua;
3395 4681 3462 4735 ad
3497 4680 3601 4738 hoc
3627 4697 3800 4755 argu-

2200 4777 2436 4823 mentum
2459 4777 2720 4838 spectent,
2751 4770 2801 4824 in
2832 4785 2894 4824 ea
2923 4774 3338 4827 commemorata
3369 4773 3540 4847 sunt),
3563 4791 3630 4833 ac
3650 4793 3798 4848 prec

2202 4869 2344 4914 terea
2374 4857 2476 4913 hoc
2500 4875 2626 4930 agas
2646 4859 2785 4929 quod
2815 4861 2906 4915 tibi
2938 4877 3076 4916 nunc
3102 4877 3203 4932 ego
3230 4863 3453 4934 impero.

2276 4949 2619 5004 Perniciosum
2647 4959 2722 5003 est
2750 4967 2841 5020 pro
2870 4951 3050 5006 alienis
3079 4955 3297 5024 peccatis
3324 4957 3494 5012 animo
3522 4958 3801 5032 frangi..—

2199 5041 2459 5110 Quidnam
2487 5053 2664 5097 autem
2697 5041 2796 5098 hoc
2833 5045 2952 5098 est?
2975 5043 3105 5099 Cum
3133 5045 3201 5100 ad
3240 5057 3293 5102 te
3331 5047 3549 5104 allatum
3592 5051 3761 5112 fuerit
3782 5099 3796 5120 .

2204 5135 2560 5193 Ecclesiarum
2607 5136 2767 5190 aliam
2819 5151 3032 5206 pessum
3073 5137 3231 5205 iisse,
3263 5139 3422 5195 aliam
3471 5151 3800 5215 tempestate

2195 5227 2424 5296 jactari,
2479 5227 2638 5280 aliam
2689 5228 2843 5281 saevis
2889 5225 3137 5283 ﬂuctibus
3182 5228 3374 5294 obrui,
3425 5231 3585 5288 aliam
3629 5238 3796 5292 etiam

2198 5317 2522 5387 gravissimis
2565 5316 2804 5372 cladibus
2855 5317 3035 5386 affici,
3094 5319 3252 5374 aliam
3294 5320 3476 5391 lupum
3533 5340 3637 5395 pro
3703 5345 3797 5398 με-

2199 5419 2362 5474 store,
2391 5409 2545 5462 aliam
2585 5407 2886 5476 praedonem
2933 5424 3028 5479 pro
3067 5411 3443 5479 gubernatore.
3468 5415 3631 5471 aliam
3674 5434 3794 5475 car-

2199 5501 2408 5555 niliccm
2445 5515 2542 5569 pro
2568 5499 2776 5553 medico
2821 5503 3092 5571 accepisse
3112 5545 3126 5569 ,
3165 5504 3349 5559 doleas
3379 5509 3596 5576 quidem
3629 5512 3791 5579 licet;

2259 5613 2333 5687 ςα)
2365 5618 2466 5687 Hoc
2483 5611 2859 5687 additamentum
2881 5627 2908 5662 a
2931 5616 3114 5687 verbis,
3135 5617 3184 5687 si
3206 5617 3275 5687 eis
3307 5628 3425 5670 num
3461 5624 3719 5687 longiores.
3745 5628 3794 5676 in

2198 5676 2729 5747 tribus‘vetustissimis
2773 5679 3108 5747 manuscriptis
3151 5679 3378 5747 habetur,
3405 5692 3455 5734 et
3499 5676 3795 5747 germanum

2200 5737 2324 5806 haud
2347 5736 2507 5806 dubie
2523 5745 2614 5793 est,
2653 5736 3086 5806 dignissimumg‘ue
3110 5744 3238 5804 quod
3263 5757 3290 5791 ρ
3317 5736 3536 5797 tenebris

2263 5799 2331 5860 ψ)
2366 5800 2545 5862 Scripta
2567 5807 2746 5850 cucuso
2771 5812 2896 5851 anno
2917 5799 3024 5851 ιοιι
