4050 6428
187 417 294 476 555

192 537 510 614 τρέμοντες,
545 535 712 590 τόπον
741 535 806 588 ἐκ
835 533 1002 587 τόπου
1030 527 1269 602 συνεχῶς
1315 525 1636 599 ἀμείϐοντες
1655 565 1670 590 ,
1699 523 1785 577 οὓ-

193 656 304 704 τως
335 637 646 702 ἐλάνθανον,
688 637 785 690 καὶ
821 632 960 706 μετά
1001 632 1339 702 πεντήκοντα
1373 627 1589 698 ἡμέρας
1617 623 1790 695 ἀρξά-

196 753 353 808 μενοι
391 733 698 804 φαίνεσθαι,
729 733 824 787 καὶ
855 730 1098 802 σημείων
1134 726 1424 788 ἅπτεσθαι,
1460 722 1582 776 οὐδὲ
1615 721 1789 783 οὕτως

192 832 383 896 ἀδείας
414 832 756 903 ἀπήλαυσαν.
797 829 958 884 Ἀλλά
989 827 1084 882 καὶ
1121 825 1260 897 μετά
1285 825 1492 886 ἐκεῖνα,
1517 819 1588 873 τὰ
1619 815 1791 889 μυρία

193 932 478 987 σκάνδαλα
514 929 927 1003 μαστιζομένων
960 925 1139 980 αὐτῶν
1167 922 1378 991 ἐγίνετο
1411 921 1469 972 ἐν
1488 918 1602 980 τοῖς
1628 912 1791 968 ἀσθεο

189 1028 493 1098 νεστέροις,
511 1030 611 1098 τῆς
638 1023 969 1095 Ἐκκλησίας
981 1019 1413 1092 ταραττομένης,
1439 1017 1619 1072 αὐτῶν
1637 1017 1791 1070 ἐλαυο

189 1125 440 1198 νρμένων
464 1166 479 1190 ,
526 1123 634 1177 τῶν
676 1120 888 1193 ἐχθρῶν
930 1118 1280 1191 κρατούντων
1328 1112 1599 1186 πολλαχοῦ
1634 1113 1662 1142 ⁸
1697 1114 1792 1168 καὶ

190 1219 597 1293 θορυϐούντων.
627 1219 753 1272 Ὅτε
784 1216 895 1288 γὰρ
921 1213 1124 1286 πολλὴν
1141 1213 1206 1267 ἐκ
1230 1212 1340 1265 τῶν
1365 1211 1610 1283 σημείων

189 1318 502 1389 ἐκτήσαντο
526 1313 861 1387 παρρησίαν,
889 1311 1013 1365 τότε
1037 1309 1196 1365 πάλιν
1224 1311 1258 1382 ή
1280 1308 1376 1363 τοῦ
1401 1305 1674 1377 Στεφάνου
1701 1322 1790 1358 τε-

191 1412 365 1484 λευτὴ
395 1412 636 1484 διωγμὸν
663 1408 901 1482 χαλεπὸν
931 1408 1246 1480 εἰργάσατο,
1303 1405 1396 1460 καὶ
1443 1403 1656 1466 πάντας
1680 1401 1790 1455 διέο

191 1529 414 1584 σπειρε,
461 1512 557 1566 καὶ⁸
597 1511 698 1582 τήν
743 1508 1070 1578 Ἐκκλησίαν
1101 1508 1159 1558 ἐν
1190 1503 1406 1575 θορύϐῳ
1444 1501 1784 1572 κατέστησε·

189 1610 294 1666 καὶ
323 1610 486 1666 πάλιν
511 1609 571 1662 ἐν
608 1607 758 1678 φόϐῳ
786 1607 854 1662 τά
899 1603 1008 1659 τῶν
1061 1602 1341 1675 μαθητῶν,
1381 1602 1474 1655 καὶ
1516 1600 1681 1656 πάλιν
1731 1599 1790 1652 ἐν

189 1712 368 1782 φυγῇ,
409 1710 506 1762 καὶ
536 1706 697 1762 πάλιν
719 1707 778 1758 ἐν
803 1702 1030 1775 ἀγωνίᾳ.
1062 1701 1173 1755 Καὶ
1218 1699 1363 1753 οὕτω
1403 1697 1696 1762 διαπαντὸς
1721 1696 1790 1750 τά

184 1807 300 1879 τῆς
335 1805 663 1877 Ἐκκλησίας
701 1802 897 1875 ηὔξετο
920 1843 934 1867 ,
964 1802 1055 1856 ὅτε
1082 1798 1238 1872 ήνθει
1262 1798 1352 1853 διὰ
1383 1797 1495 1852 τῶν
1521 1797 1784 1868 σημείων,

187 1907 289 1961 ὅτε
321 1903 524 1978 φαιδρὰ
555 1905 618 1958 ἐκ
645 1901 951 1974 προοιμίων
984 1900 1214 1970 ἐγίνετο.
1250 1896 1358 1953 Καὶ
1378 1898 1408 1950 ό
1431 1897 1530 1968 μὲν
1563 1895 1650 1950 διά
1691 1896 1788 1950 θυ-

192 2002 344 2074 ρίδος
371 2002 603 2074 ἐχαλᾶτο
629 2000 679 2068 δ,
709 2000 803 2055 καὶ
830 1999 1005 2062 οὓτως
1027 1997 1262 2067 ἐξέφυγε
1290 1995 1386 2051 τοῦ
1409 1997 1672 2067 ἄρχοντος
1688 1994 1786 2057 τὰς

187 2102 417 2172 χεῖρας·
471 2101 596 2164 τοὺς
644 2098 700 2152 δέ
755 2097 988 2168 ἄγγελος
1043 2095 1289 2163 ἐξέϐαλε,
1330 2095 1426 2148 καὶ
1475 2093 1648 2158 οὕτως
1675 2092 1786 2145 τῶν

191 2199 443 2255 ἁλύσεων
476 2195 756 2269 ἀπήλαττε
779 2214 793 2226 ·
820 2198 948 2259 τοὺς
969 2193 1027 2248 δέ
1046 2194 1294 2265 ἀγοραῖοι
1329 2193 1425 2246 καὶ
1447 2191 1785 2264 χειροτέχναι

191 2295 584 2366 ὑποδεχόμενοι
602 2292 756 2364 παρά
783 2291 895 2346 τῶν
920 2293 978 2346 ἐν
1003 2291 1344 2354 δυναστείαις
1370 2288 1786 2360 ἐλαυνομένους,

192 2396 362 2450 παντὶ
393 2395 726 2464 ἐθεράπευον
763 2392 951 2464 τρόπῳ
1000 2403 1050 2457 ο,
1089 2389 1576 2464 πορφυροπώλιδες
1601 2391 1790 2458 γυναῖο

193 2509 314 2560 κες,
339 2492 434 2548 καὶ
471 2493 863 2568 σκηνορράφοι,
899 2493 996 2549 καὶ
1046 2491 1395 2560 σκυτοδέψαι,
1441 2490 1581 2560 πρὸς
1618 2488 1789 2552 αὐτὰς

190 2590 474 2656 οικοῦντες
509 2591 609 2656 τάς
633 2591 890 2663 ἐσχατιὰς
913 2589 1023 2644 τῶν
1073 2589 1307 2654 πόλεων,
1361 2588 1497 2656 παρ’
1541 2585 1790 2657 αἰγιαλὸν

191 2689 294 2745 καὶ
318 2688 616 2744 θάλασσαν.
650 2688 921 2752 Πολλάκις
946 2687 1005 2741 δέ
1043 2688 1137 2742 καὶ
1161 2685 1282 2740 ούδέ
1317 2687 1375 2739 ἐν
1412 2685 1609 2756 μέσαις
1642 2684 1793 2739 ἐτόλ-

194 2806 318 2862 μων
347 2787 636 2859 φαίνεσθαι
653 2790 778 2852 ταῖς
802 2788 1044 2842 πόλεσιν·
1065 2789 1115 2842 εί
1139 2787 1198 2841 δέ
1223 2786 1319 2840 καὶ
1339 2785 1494 2839 αὐτοὶ
1519 2783 1786 2854 ἐτόλμων,

190 2888 313 2947 ἀλλ’
345 2891 393 2944 οἱ
418 2888 681 2961 ξενοδόχοι
707 2890 808 2943 οὑκ
843 2887 1108 2961 ἐτόλμων.
1146 2889 1261 2943 Kal
1311 2885 1486 2951 οὕτως
1535 2884 1792 2955 ὕφαίνετο

191 2981 266 3036 τά
296 2981 600 3052 πράγματα
628 2979 720 3035 διά
751 2980 1097 3053 πειρασμῶν,
1127 2980 1196 3035 δι’
1226 2980 1470 3035 ἀνέσεων
1493 2976 1548 3045 ἀ,
1604 2978 1701 3033 καὶ
1741 2979 1790 3031 oi

192 3070 393 3145 πρώην
426 3072 925 3139 σκανδαλισθέντες,
961 3071 1101 3144 μετά
1121 3071 1296 3127 ταῦτα
1314 3071 1663 3144 διωρθοῦντο,
1695 3070 1793 3125 καὶ

192 3166 247 3221 οἱ
299 3165 660 3236 πλανηθέντες
700 3166 1058 3238 ἐπανήγοντο,
1114 3166 1210 3221 καὶ
1261 3165 1332 3219 τὰ
1361 3164 1793 3236 κατεσκαμμένα

190 3259 531 3332 ᾠκοδομεῖτο
557 3258 842 3329 μειζόνως.
879 3257 978 3312 Διά
1033 3256 1194 3311 τοῦτο
1224 3259 1322 3312 καὶ
1370 3256 1588 3312 Παύλου
1638 3256 1794 3327 αἰτή-

196 3373 393 3420 σαντος
440 3356 506 3409 δι’
543 3356 780 3419 ἀνέσεως
817 3354 987 3427 μόνης
1040 3353 1280 3424 βαδίζειν
1311 3353 1374 3406 τδ
1422 3354 1708 3426 κήρυγμα,
1765 3353 1795 3405 ό

195 3449 476 3518 πάνσοφος
508 3449 601 3502 καὶ
634 3447 939 3518 εὐμήχανος
969 3445 1103 3510 Θεὸς
1134 3447 1235 3499 οὐκ
1271 3446 1534 3517 ήνέσχετο
1564 3445 1658 3514 τοῦ
1689 3461 1796 3515 μα-

198 3541 392 3615 θητοῦ,
418 3541 552 3595 ἀλλά
575 3542 668 3594 xal
683 3540 942 3603 πολλάκις
968 3523 1417 3613 παρακαλοῦντος
1435 3539 1537 3591 ούκ
1566 3538 1794 3590 ἐπένευ-

200 3652 314 3700 σεν,
347 3634 462 3689 ἀλλ’
490 3632 662 3688 εἶπεν⁹
698 3631 894 3701 Ἀρκεῖ
913 3648 1014 3688 σοι
1039 3634 1077 3695 ἡ
1109 3631 1282 3701 χάρις
1304 3649 1424 3701 μου
1445 3647 1460 3661 ·
1492 3632 1531 3699 ἡ
1549 3631 1660 3700 γὰρ
1693 3629 1796 3684 δύ-

196 3728 380 3795 ναμίς
404 3726 612 3795 μουέν
634 3724 921 3791 ἀσθενείᾳ
944 3723 1301 3778 τελειοῦται.
1348 3724 1412 3776 El
1444 3722 1624 3792 βούλει
1677 3723 1794 3777 τοί-

197 3833 298 3871 νυν
327 3817 423 3869 καὶ
456 3815 551 3869 νῦν
570 3814 892 3884 λογίσασθαι
917 3813 1056 3886 μετά
1100 3814 1211 3867 τῶν
1247 3813 1510 3887 λυπηρῶν
1549 3813 1620 3867 τὰ
1659 3833 1796 3886 χρη-

199 3906 323 3972 στά,
373 3905 542 3961 πολλά
589 3905 711 3976 ὕψει
741 3905 1106 3976 γεγενημένα,
1143 3905 1237 3959 καὶ
1264 3908 1312 3959 εί
1347 3906 1422 3978 μή
1468 3910 1670 3978 σημεῖα
1700 3907 1796 3961 καὶ

199 3999 479 4070 θαύματα,
511 3999 626 4052 ἀλλ’
670 3997 886 4052 ἐοικότα
919 3996 1170 4068 σημείοις
1199 3997 1502 4068 πράγματα
1521 4037 1536 4061 ,
1568 3997 1662 4050 καὶ
1688 3998 1798 4052 δείο

198 4106 390 4160 γματα
413 4087 514 4158 τῆς
544 4087 746 4157 πολλῆς
764 4086 858 4141 τοῦ
887 4086 1023 4139 Θεοῦ
1054 4086 1309 4157 προνοίας
1339 4087 1433 4140 καὶ
1456 4087 1797 4158 ἀντιλήψεως

198 4183 406 4252 ἄφατα.
447 4180 585 4234 Ἀλλ’
618 4181 705 4233 ἴνα
741 4180 815 4250 μή
845 4180 1022 4233 πάντα
1055 4179 1174 4250 μετ’
1202 4180 1453 4243 εύκολίας
1477 4180 1606 4253 παρ’
1639 4181 1795 4251 ήμῶν

198 4275 429 4349 ἀκούῃς,
459 4273 618 4327 τοῦτό
646 4290 728 4326 σοι
758 4273 1159 4342 καταλιμπάνω
1183 4272 1245 4326 τὺ
1277 4273 1462 4344 μέρος,
1488 4273 1626 4326 ὥστε
1657 4275 1797 4343 μετὰ

199 4366 492 4438 ἀκριϐείας
524 4365 782 4429 ἀναλέξαι
818 4376 841 4404 ε
899 4365 1098 4426 πάντα,
1159 4366 1252 4419 καὶ
1301 4365 1630 4437 παραθεῖναι
1683 4370 1795 4433 τοῖς

199 4461 496 4532 λυπηροῖς,
525 4462 620 4513 καὶ
650 4461 822 4531 καλὴν
853 4460 1264 4531 ἀσχολουμένην
1301 4461 1583 4532 ἀσχολίαν,
1620 4462 1795 4528 οῦτως

200 4557 512 4624 ἀπαγαγεῖν
540 4556 742 4626 σαυτὴν
763 4555 864 4625 τῆς
899 4554 1139 4626 ἀθυμίας
1162 4573 1175 4585 ο
1213 4555 1417 4627 πολλὴν
1449 4555 1559 4627 γάρ
1585 4557 1679 4610 καὶ
1709 4559 1795 4609 ἐν·

196 4648 394 4703 τεῦθεν
414 4648 540 4720 δέξῃ
571 4647 668 4717 τὴν
699 4647 1068 4719 παράκλησιν.
1105 4648 1290 4702 Πάντα
1319 4665 1413 4701 σου
1448 4649 1540 4701 τὸν
1570 4649 1798 4720 εὐλογη-

202 4740 366 4811 μένον
410 4735 556 4792 οἷκον
600 4741 728 4811 παρ’
751 4738 911 4810 ήμῶν
953 4737 1124 4792 πολλά
1156 4741 1473 4809 προσειπεῖν
1505 4741 1795 4812 παρακλή-

201 4830 347 4901 θητι.
387 4831 708 4902 Ἐρρωμένη
750 4832 846 4884 καὶ
909 4831 1292 4902 εύθυμουμένη
1328 4831 1668 4904 διατελοίης,
1709 4834 1794 4888 δέ·

200 4922 400 4976 σποινά
432 4940 534 4992 μου
563 4922 967 4993 αἱδεσιμωτάτη
1003 4923 1098 4975 καὶ
1137 4921 1548 4994 θεοφιλεστάτη.

272 5030 338 5086 El
366 5031 545 5101 βούλει
583 5048 674 5101 μοι
707 5033 894 5103 μακρά
932 5034 1189 5104 γράφειν,
1245 5033 1342 5086 καὶ
1367 5033 1594 5091 τοιαῦτα
1622 5035 1796 5107 δήλω·

199 5125 293 5179 σόν
322 5142 435 5195 μοι,
491 5123 567 5195 μὴ
609 5125 876 5178 ἀπατῶσα
912 5127 1094 5194 μέντοι
1130 5143 1220 5196 με,
1270 5127 1351 5179 ὅτι
1379 5127 1560 5180 πᾶσαν
1587 5128 1792 5182 ἀπέθου

195 5218 297 5289 τήν
323 5216 582 5288 ἀθυμίαν,
603 5217 696 5271 καὶ
719 5218 776 5270 ἐν
809 5217 988 5271 ἀνέσει
1021 5217 1252 5286 διάγεις.
1281 5219 1537 5274 Τοιοῦτον
1554 5220 1665 5292 γάρ
1684 5221 1794 5276 τῶν

195 5311 546 5382 γραμμάτων
567 5309 728 5364 τοῦτο
754 5310 815 5364 τὸ
856 5312 1168 5385 φάρμακον,
1190 5313 1266 5378 ὡς
1285 5316 1381 5371 καὶ⁹
1405 5315 1670 5387 εὐθυμίαν
1709 5333 1793 5371 σοι

262 5484 438 5552 {Dux
460 5497 593 5552 mss._
617 5484 916 5552 κρατούντων
959 5486 1272 5549 πανταχόθεν.
1301 5485 1452 5538 .Edili
1493 5490 1792 5552 κρατούντων

195 5545 462 5609 πολλαχοῦ,
485 5552 538 5596 ει
556 5548 625 5595 sic
652 5545 918 5608 interpres.

462 5623 579 5679 mss;
597 5607 886 5679 ηὔξετοέδτε
923 5610 1048 5679 ἤνθει
1065 5611 1160 5679 ’διᾲ
1185 5612 1281 5679 τῶν
1314 5613 1543 5679 σημείων,
1565 5614 1643 5679 ὅτε
1683 5633 1791 5679 φαι-

196 5671 287 5741 8ρά
308 5670 366 5741 ἐκ
390 5669 648 5741 προοιμίωγ
685 5671 923 5741 ιφᾳςνετρ-
953 5673 1034 5719 καὶ
1056 5675 1082 5720 ό
1106 5673 1188 5741 μὲν
1213 5674 1291 5722 διὰ
1314 5669 1540 5740 σπυρίδος
1562 5669 1786 5741 quam.

261 5734 286 5796 ξ
308 5730 549 5796 ρυοῖῐιεέ.
577 5733 730 5796 πάντα
752 5733 1028 5796 ἐθεράπευον
1047 5730 1238 5796 τρόπον.

258 5791 288 5834 δ
312 5793 421 5842 Duo
445 5806 558 5843 mss.
592 5796 645 5842 οὺ
670 5795 729 5840 δι’
762 5791 982 5844 ἀνέσεων.

265 5868 293 5899 ο
315 5855 438 5910 ’πί-εδ
457 5871 570 5906 mss.
607 5857 933 5913 ἀναλέξασθαι.

1661 405 1791 463 Ειηε

1898 405 2056 463 ima.
3387 392 3494 447 9:56

1895 520 2199 592 ἐμποιῆσαι
2227 519 2428 590 πολλήν
2448 535 2459 550 ’
2493 517 2589 570 καὶ
2636 515 2754 586 ὕψει
2811 511 3048 582 συνεχῶς
3085 495 3490 564 ἐπιστέλλοντα.

1904 617 2056 692 ί555]
2105 616 2268 671 Ἀλλά
2300 618 2376 687 μή
2412 631 2501 687 μοι
2523 614 2740 688 γράψῃς
2793 610 2982 676 πάλιν,
3009 609 3092 662 ὅτι
3131 605 3495 678 Παραμυθίαν

1898 720 2009 790 ἔχω
2048 717 2250 788 πολλὴν
2279 719 2344 770 ἐκ
2370 716 2481 769 τῶν
2507 714 2854 785 γραμμάτων
2877 727 3003 763 σου”
3032 707 3193 762 τοῦτο
3241 706 3352 776 γάρ
3377 699 3497 759 οἶδα

1897 814 2088 885 κάγώ’
2113 815 2231 870 ἀλλ’
2264 816 2347 869 ὃτι
2380 812 2650 883 τοσαύτην
2683 812 2817 882 ὅσην
2845 807 2958 878 ἐγὼ
2996 807 3277 879 βούλομαι,
3325 807 3409 859 ὅτι
3434 807 3497 859 οὐ

1900 913 2130 985 συγχέῃ,
2155 915 2239 968 ὅτι
2282 913 2344 965 οὐ
2370 910 2648 982 δακρύεις,
2676 908 2791 962 ἀλλ’
2829 908 2888 961 ἐν
2917 905 3100 961 ἀνέσει
3133 906 3228 959 καὶ
3260 903 3501 976 εὐθυμία

1891 1009 2122 1079 διάγεις.

2235 1167 2395 1237 Πρὸς
2428 1165 2546 1235 τὴν
2592 1164 2792 1233 αὐτὴν
2808 1161 3108 1230 ἐπιστολὴ
3131 1160 3213 1226 β’.

1962 1298 2035 1354 α’.
2058 1299 2258 1371 Ἤρκει
2282 1297 2382 1369 μὲν
2416 1297 2510 1352 καὶ
2537 1299 2570 1369 ή
2602 1295 2795 1369 πρώην
2823 1294 3057 1350 ἐλθοῦσα
3075 1292 3332 1366 ἐπιστολὴ
3358 1291 3498 1363 πρὸς

1890 1397 1992 1469 τήν
2031 1395 2333 1468 ἐμμέλειαν
2364 1396 2385 1436 ί
2424 1395 2525 1467 τὴν
2558 1394 2678 1466 σήν,
2712 1393 3063 1448 καταστεῖλαί
3105 1409 3199 1446 σου
3241 1391 3346 1461 τῆς
3375 1389 3498 1444 ὀδύσ-

1890 1513 1992 1570 νης
2025 1495 2127 1569 τὴν
2162 1495 2477 1568 φλεγμονὴν
2501 1510 2515 1525 ·
2546 1492 2736 1563 ἐπειδὴ
2760 1491 2816 1545 δέ
2843 1509 2902 1545 σε
2941 1490 3150 1562 σφόδρα
3198 1490 3496 1560 κατειργά·

1892 1610 2025 1648 σατο
2039 1593 2137 1664 τῆς
2154 1591 2394 1663 ἀθυμίας
2411 1592 2444 1662 ή
2461 1590 2734 1662 τυραννὶς,
2754 1589 3054 1655 ἀναγκαῖον
3085 1583 3223 1641 εἶναι
3267 1587 3499 1657 ἐνόμισα

1891 1689 1988 1744 καὶ
2017 1688 2280 1758 δευτέραν
2301 1687 2621 1760 προσθεῖναι
2645 1687 2714 1757 τῇ
2741 1685 3009 1758 προτέρᾳ,
3061 1683 3204 1738 ὥστε
3246 1701 3305 1738 σε
3358 1682 3497 1754 μετά

1891 1783 2177 1854 δαψιλείας
2199 1783 2401 1855 πολλῆς
2433 1781 2835 1854 καρπώσασθαι
2859 1781 2960 1855 τὴν
2992 1781 3363 1851 παράκλησιν,
3403 1782 3499 1833 καὶ

1893 1883 1954 1936 ἐν
1975 1881 2213 1952 ἀσφαλεῖ
2243 1899 2324 1936 σοι
2345 1880 2413 1937 τὰ
2445 1881 2545 1952 τῆς
2570 1880 2761 1950 ὑγείας
2792 1871 2933 1933 εἶναι
2979 1878 3184 1932 λοιπόν.
3231 1878 3404 1950 Δεῦρο
3431 1880 3496 1946 δὴ

1891 1975 1988 2034 οὖν
2014 1979 2110 2034 καὶ
2151 1978 2423 2051 ἑτέρωθεν
2474 1977 2819 2032 διασκεδάσω
2851 1994 2947 2032 σου
2982 1977 3086 2048 τῆς
3127 1976 3372 2047 ἀθυμίας
3395 1977 3499 2048 τήν

1890 2077 2064 2133 κόνιν.
2113 2077 2229 2132 Kal
2263 2077 2373 2148 γάρ
2401 2076 2511 2130 ἀπὸ
2539 2074 2732 2139 ἕλκους
2779 2075 2876 2129 καὶ
2905 2073 3215 2146 οίδημάτων
3240 2073 3497 2144 χαλεπῶν

1890 2175 2042 2230 κόνιν
2067 2170 2226 2246 οἶμαι
2249 2172 2420 2243 αὐτὴν
2454 2171 2805 2243 γεγενῆσθαι.
2842 2171 2992 2242 Πλὴν
3021 2171 3136 2225 ἀλλ’
3169 2171 3290 2225 ούδὲ
3325 2171 3498 2234 οῦτως

1891 2271 2194 2344 ἀμελητέον
2223 2271 2324 2343 τῆς
2350 2270 2672 2342 ἐπιμελείας
2704 2270 2806 2342 τῆς
2830 2270 2950 2341 σῆς,
2988 2269 3113 2322 ἐπεὶ
3155 2270 3250 2322 καὶ
3288 2270 3322 2339 ή
3347 2268 3498 2331 κόνις

1892 2369 1984 2424 τὸν
2016 2369 2092 2442 μὴ
2117 2369 2257 2440 μετά
2280 2368 2520 2440 σπουδῆς
2547 2368 2722 2440 αύτήν
2742 2367 3065 2421 ἐκκλίνοντα
3084 2367 3143 2420 ἐν
3168 2365 3246 2437 τῷ
3273 2384 3500 2439 καιριω-

1891 2468 2044 2539 τάτῳ
2072 2468 2183 2522 τῶν
2215 2464 2398 2538 μελῶν
2425 2465 2644 2550 ίέπάγει
2695 2463 2796 2536 τὴν
2824 2463 3027 2536 λύμην,
3065 2464 3128 2518 τὸ
3178 2463 3372 2528 διειδές
3396 2464 3500 2534 τῆς

1891 2567 2062 2639 κόρης
2093 2565 2346 2630 θολοῦσα,
2383 2564 2480 2618 καὶ
2499 2561 2797 2634 ὁλόκληρον
2823 2561 3262 2633 διαταράττουσα
3276 2560 3372 2614 τοῦ
3401 2562 3500 2632 ρα-

1893 2663 2197 2735 θυμοῦντος
2235 2663 2300 2717 τὸ
2326 2664 2504 2735 δμμα.
2539 2662 2637 2716 Ἵν⁹
2670 2656 2766 2715 οὖν
2799 2661 2875 2732 μὴ
2921 2661 3016 2715 καὶ
3048 2659 3288 2715 ἐνταῦθα
3336 2660 3501 2714 τοῦτο

1891 2759 2142 2829 γένηται,
2182 2759 2320 2831 μετὰ
2374 2759 2611 2830 σπουδῆς
2637 2751 2844 2832 πολλῆς
2874 2761 2973 2813 καὶ
2999 2759 3060 2813 τὸ
3114 2759 3370 2829 λείψανον
3403 2761 3501 2813 ἀνο

1890 2859 2107 2930 έλωμεν
2132 2859 2227 2912 τοῦ
2260 2858 2454 2914 κακοῦ.
2500 2857 2665 2912 Ἀλλά
2687 2857 3031 2930 διανάστηθι,
3051 2860 3146 2913 καὶ
3178 2860 3337 2931 χεῖρα
3363 2860 3502 2930 ἡμῖν

1891 2957 2102 3030 ὄρεξον.
2134 2957 2314 3029 Ὅπερ
2347 2955 2458 3028 γάρ
2499 2956 2593 3009 ἐπὶ
2627 2955 2740 3010 τῶν
2781 2956 2852 3010 τά
2899 2956 3132 3027 σώματα
3177 2957 3502 3028 καμνόντων

1894 3052 2222 3125 συμϐαίνειν
2249 3053 2463 3119 εῐωθεν,
2507 3054 2576 3108 ἂν
2610 3054 2682 3108 τά
2705 3052 2818 3109 τῶν
2852 3053 3056 3125 ίατρῶν
3088 3055 3188 3125 μὲν
3233 3054 3503 3126 εἰσφέρη-

1891 3167 2006 3219 ται,
2027 3149 2098 3205 τά
2118 3150 2175 3204 δέ
2198 3151 2425 3204 ἐκείνων
2447 3151 2778 3223 ἐλλιμπάνῃ,
2802 3151 3160 3206 διακόπτεται
3185 3151 3286 3223 τῆς
3309 3152 3502 3220 ὑγείας

1892 3249 1955 3302 τὸ
1986 3248 2201 3320 κέρδος,
2232 3246 2395 3301 τοῦτο
2427 3251 2523 3301 καὶ
2556 3249 2652 3301 ἐπὶ
2674 3249 2774 3318 τῆς
2803 3248 2983 3319 ψυχῆς
3026 3248 3278 3320 γίνεσθαι
3326 3249 3502 3320 πέφυ-

1893 3363 2010 3400 κεν.
2051 3347 2153 3400 'lv‘
2183 3341 2277 3400 οὖν
2306 3345 2384 3417 μή
2405 3345 2635 3416 γένηται
2664 3345 2845 3412 τοῦτο,
2868 3346 2962 3400 καὶ
2988 3347 3058 3401 τά
3085 3347 3240 3418 παρά
3264 3346 3504 3417 σεαυτῆς

1899 3441 2039 3513 μετά
2066 3443 2164 3513 τῆς
2193 3441 2580 3514 προσηκούσης
2605 3459 2686 3496 σοι
2715 3443 2986 3507 συνέσεως
3011 3443 3282 3510 σπούδαζε
3313 3441 3503 3513 είσφέ-

1899 3555 2016 3611 ρειν
2044 3541 2214 3611 ἡμῖν,
2249 3538 2392 3593 ὥστε
2442 3539 2785 3612 ἑκατέρωθεν
2846 3539 3048 3612 πολλὴν
3092 3540 3351 3609 γενέσθαι
3401 3540 3504 3612 τὴν

1895 3637 2190 3707 ὠφέλειαν.
2234 3637 2398 3692 Ἀλλά
2424 3637 2690 3710 βούλομαι
2721 3638 2842 3708 μὲν,
2882 3639 3014 3702 ἴσως
3049 3640 3216 3709 ἐρεῖς,
3251 3640 3312 3692 ού
3343 3639 3505 3695 δύνα-

1901 3751 2000 3805 μαι
2031 3735 2120 3789 δέ’
2153 3736 2277 3790 ούδέ
2312 3737 2422 3809 γάρ
2455 3737 2611 3808 ἀρκῶ
2665 3735 3101 3806 διακρούσασθαι
3138 3737 3200 3790 τὸ
3250 3737 3411 3806 νέφος
3441 3737 3505 3790 τὸ

1899 3834 2106 3889 πυκνὸν
2135 3837 2229 3889 καὶ
2253 3835 2494 3904 ζοφῶδες
2515 3836 2615 3908 τῆς
2644 3835 2882 3906 ἀθυμίας
2902 3877 2916 3901 ,
2954 3837 3135 3890 καίτοι
3178 3837 3385 3906 σφόδρα
3415 3854 3505 3906 φι-

1898 3929 2241 3985 λονεικοῦσα.
2302 3931 2510 4002 Σκῆψις
2553 3931 2728 3986 ταῦτα
2773 3933 2868 3986 καὶ
2903 3932 3208 4004 πρόφασιςο
3245 3934 3358 4002 ἐγὼ
3393 3934 3505 4006 γὰρ

1895 4026 2015 4082 οἶδά
2048 4046 2142 4082 σου
2167 4027 2278 4083 τῶν
2305 4027 2584 4099 λογισμῶν
2615 4029 2716 4099 τὴν
2739 4028 3040 4097 εὐγένειαν,
3070 4025 3187 4084 οῖδα
3213 4031 3314 4102 τῆς
3344 4032 3505 4086 εὐλα-

1902 4125 2034 4189 ϐοῦς
2084 4142 2179 4179 σου
2227 4125 2411 4196 ψυχῆς
2463 4127 2562 4197 τὴν
2604 4129 2780 4197 ίσχὺν,
2817 4122 2934 4180 οἶδα
2965 4127 3067 4198 τῆς
3121 4131 3395 4196 συνέσεως
3443 4133 3505 4186 τὸ

1897 4222 2130 4294 πλῆθος,
2183 4223 2284 4295 τῆς
2319 4224 2642 4294 φιλοσοφίας
2675 4225 2778 4295 τὴν
2811 4225 3066 4296 δύναμιν,
3107 4228 3202 4280 καὶ
3236 4227 3313 4292 ὡς
3341 4229 3506 4299 ἀρκεῖ

1899 4339 1982 4374 σοι
2019 4322 2180 4393 μόνον
2201 4322 2458 4389 ἐπιτάξαι
2488 4323 2568 4394 τῷ
2605 4327 2920 4398 μαινομένῳ
2947 4327 3045 4398 τῆς
3065 4326 3308 4398 ἀθυμίας
3332 4328 3502 4383 πελά-

1897 4435 2008 4486 γει,
2043 4420 2141 4474 καὶ
2172 4419 2354 4474 πάντα
2387 4421 2609 4492 ποιῆσαι
2663 4422 2930 4494 γαλήνην.
2966 4425 3086 4478 ἰνα
3131 4425 3188 4478 δέ
3228 4442 3311 4478 σοι
3340 4423 3502 4479 τοῦτο

1896 4511 1992 4564 καὶ
2015 4510 2385 4583 εὐκολώτερον
2410 4513 2656 4584 γένηται,
2690 4514 2785 4569 καὶ
2806 4515 2879 4568 τά
2909 4517 3038 4588 παρ’
3075 4517 3286 4570 ἑαυτῶν
3328 4517 3496 4570 εἰσοί-

1898 4620 2103 4674 σωμεν.
2142 4603 2270 4666 Πῶς
2296 4600 2389 4657 οὖν
2425 4605 2626 4675 ῥᾳδίως
2647 4605 2856 4678 δυνήσῃ
2892 4605 3051 4660 τοῦτο
3076 4607 3339 4678 ποιῆσαι;
3387 4609 3498 4662 Καὶ

1894 4693 1965 4747 τά
1996 4694 2055 4747 ἐν
2091 4695 2159 4766 τῇ
2215 4695 2464 4766 προτέρᾳ
2521 4695 2778 4768 ἐπιστολῇ
2829 4697 3264 4770 άναλογιζομένη
3320 4699 3500 4754 πάντα

1897 4788 2027 4856 (καὶ
2049 4787 2158 4858 γὰρ
2187 4787 2359 4841 πολλά
2381 4789 2584 4861 ταύτης
2604 4790 2794 4843 ἕνεκεν
2831 4792 2963 4862 ἡμῖν
2989 4792 3206 4864 εἴρηται
3240 4793 3340 4864 τῆς
3366 4797 3500 4847 ὑπο-

1896 4880 2100 4944 θέσεως
2130 4883 2189 4935 ἐν
2223 4881 2454 4954 ἐκείνῃ),
2475 4881 2566 4935 καὶ
2605 4884 2722 4952 μετ’
2748 4883 2978 4938 ἐκείνων
3003 4885 3098 4938 καὶ
3127 4884 3288 4938 τοῦτο
3313 4887 3500 4940 ποιοῦ-

1899 4988 1970 5025 σα
1998 4974 2137 5044 ὅπερ
2171 4975 2449 5028 ἐπιτάττω
2471 4973 2567 5027 νῦν
2604 4973 2738 5042 ἐγώ.

1969 5066 2035 5118 Τί
2057 5065 2114 5119 δέ
2142 5065 2300 5121 τοῦτό
2319 5068 2503 5133 ἐστιν;
2537 5066 2978 5141 Ὀτανάκούσῃς
3007 5069 3090 5122 ὅτι
3121 5069 3230 5122 τῶν
3259 5069 3496 5136 Ἐκκλη-

1899 5159 2032 5211 σιῶν
2056 5160 2091 5230 ή
2119 5159 2219 5230 μὲν
2251 5159 2470 5220 κατέδυ,
2512 5161 2546 5229 ή
2584 5159 2639 5212 δὲ
2677 5159 2989 5227 σαλεύεται,
3040 5161 3208 5231 ἑτέρα
3237 5162 3499 5231 χαλεποῖς

1896 5253 2307 5323 περιαντλεῖται
2342 5252 2604 5322 κύμασιν,
2640 5252 2775 5323 άλλη
2810 5254 2879 5306 τά
2932 5253 3068 5308 ἀλλα
3117 5255 3186 5308 τά
3219 5257 3500 5326 ἀνήκεστα

1898 5343 2193 5410 πέπονθεν,
2227 5345 2261 5412 ή
2304 5343 2402 5414 μὲν
2431 5342 2595 5396 λύκον
2634 5344 2756 5397 ἀντὶ
2785 5345 3044 5414 ποιμένος
3075 5343 3338 5408 λαϐοῦσα,
3377 5349 3410 5416 ὴ
3441 5347 3498 5400 δὲ

1897 5436 2166 5508 πειρατὴν
2198 5436 2320 5490 ἀντὶ
2340 5435 2701 5508 κυϐερνήτου,
2734 5439 2767 5506 ή
2806 5437 2862 5490 δὲ
2907 5436 3101 5508 δήμιον
3127 5438 3248 5491 ἀντὶ
3283 5439 3492 5508 ἰατροῦ,

1962 5617 1981 5656 f
2015 5619 2099 5666 Sic
2121 5618 2295 5678 incipit
2320 5616 2426 5665 hec
2470 5614 2681 5679 epistola
2705 5617 2754 5664 in
2782 5614 3010 5665 omnibus
3047 5615 3154 5666 fere
3187 5630 3304 5667 mss.
3341 5624 3495 5679 atque

1891 5681 1960 5729 ita
2010 5681 2134 5740 legit
2158 5675 2435 5743 lnlﬁerpreer
2478 5675 2550 5743 1οΔ
2574 5675 2722 5743 prius_
2746 5679 2896 5728 editis
2931 5679 3222 5743 legebatur:
3249 5681 3386 5743 ἤρκει
3411 5675 3499 5742 μὲν

1889 5743 1970 5790 καὶ
1989 5745 2067 5799 ἠπ
2097 5744 2198 5798 ώτη
2222 5742 2449 5797 ἐπιστολή
2472 5741 2681 5802 πρὸςτὴν
2705 5741 2972 5802 ἐμμέλειαν.
2990 5741 3042 5790 lu
3066 5741 3190 5790 hanc
3203 5741 3373 5790 vocem
3389 5747 3496 5792 hac

1894 5803 2040 5852 habet
2067 5758 2253 5852 acilius
2277 5815 2404 5852 unus
2427 5803 2476 5850 in
2496 5800 2732 5851 inferiore
2757 5807 2983 5852 maruine
3010 5806 3165 5852 prima
3187 5817 3360 5852 manu:
3378 5804 3488 5852 Ἐμ-

1894 5803 2040 5852 habet
2067 5802 2253 5864 Regius
2277 5815 2404 5852 unus
2427 5803 2476 5850 in
2496 5802 2732 5851 inferiore
2757 5807 2983 5862 margine
3010 5806 3165 5865 prima
3187 5817 3360 5854 manu:
3378 5804 3488 5862 Ἐμ-

1888 5866 2072 5928 “Qua,
2105 5868 2140 5924 ἡ
2163 5865 2395 5926 σύνθεσις,
2414 5865 2446 5923 ἢ
2471 5866 2537 5921 ὡς
2556 5865 2612 5913 ἄν
2634 5865 2760 5914 εἴποι
2782 5881 2853 5924 τις
2882 5868 2908 5924 ἡ
2946 5867 3208 5930 ἐπιμέλεια.
