4050 6434
619 371 727 427 55⁸1

614 482 768 552 ἀλγει
796 481 895 553 μέν
974 483 1034 535 οὐ
1062 482 1171 556 γάρ
1205 484 1285 538 δεῖ
1331 484 1477 558 [536]
1521 487 1589 541 τά
1625 486 1851 543 τοιαῦτα
1895 487 2175 550 ἀνωδύνως

613 572 827 646 φέρειν·
866 572 1019 642 ἀλγει
1055 575 1131 640 δὲ,
1168 577 1362 648 μέτρον
1391 577 1635 632 δπιθεῖσα
1667 581 1732 650 τῇ
1773 579 1935 651 λύπῃ.
1971 579 2033 632 El
2067 581 2173 648 γὰρ

613 665 670 717 έν
689 656 770 727 οἷς
797 665 956 735 ἡμεῖς
984 664 1137 719 αὐτοὶ
1157 665 1604 738 πλημμελοῦμεν,
1640 670 1735 724 καὶ
1769 671 1908 742 ὑπὲρ
1941 663 2017 724 ὧν
2043 669 2173 740 μέλ-

613 753 777 824 λομεν
804 753 906 818 τὰς
960 753 1186 819 εὐθύνας
1237 756 1481 828 ὑπέχειν,
1535 758 1636 811 οὐκ
1684 761 1999 828 ἀναγκαῖον,
2051 759 2172 813 οὐδὲ

609 843 870 916 ἀσφαλὲς,
897 845 1030 900 ἀλλά
1060 847 1156 902 καὶ
1192 848 1397 921 σφόδρα
1432 850 1674 922 ὀλέθριον
1703 855 1795 909 καὶ
1827 851 2090 923 βλαϐερὸν
2113 852 2174 906 τδ

613 936 750 1004 μετά
778 936 978 1007 πολλῆς
997 937 1182 1007 ἀλγεῖν
1209 939 1306 1010 τῆς
1331 941 1719 1014 σφοδρότητος·
1761 944 1940 1014 πολλῷ
1972 943 2172 1014 μᾶλλον

611 1026 752 1100 ὑπὲρ
788 1026 896 1080 τῶν
923 1027 1145 1100 ἑτέροις·
1167 1029 1668 1103 πλημμελουμένων
1707 1033 1768 1088 τὸ
1803 1034 2172 1105 καταμαλακί-

609 1115 798 1180 ζεσθαι
827 1118 919 1171 καί
941 1120 1314 1177 κατακλᾶσθαι
1340 1124 1592 1194 περιττόν
1616 1141 1675 1178 τε
1699 1123 1793 1179 καὶ
1816 1126 2062 1196 μάταιον,
2079 1125 2171 1177 καὶ

608 1204 743 1278 πρὸς
770 1209 980 1271 τούτοις
1009 1211 1297 1267 σατανικδν
1334 1213 1429 1268 καὶ
1449 1213 1594 1286 ψυχῇ
1621 1213 1862 1287 ὀλέθριον
1885 1226 1935 1269 ιι.

676 1302 742 1373 β’.
763 1304 870 1358 Kal
888 1305 974 1358 ῖνα
991 1304 1170 1381 μάθῃς
1193 1307 1277 1362 ὅτι
1293 1306 1464 1362 ταῦτα
1482 1307 1671 1364 τοῦτον
1691 1309 1804 1380 εχει
1829 1309 1921 1365 τὸν
1946 1310 2166 1383 τρόπον,

605 1393 844 1466 ἰστορίαν
880 1411 962 1451 σοι
991 1395 1322 1471 διηγήσομαι
1342 1399 1594 1458 παλαιάν.
1619 1400 1904 1474 Κορίνθιός
1923 1419 2006 1468 τις
2030 1401 2168 1474 ἀνὴρ

601 1486 712 1540 τῶν
747 1488 908 1561 ιερῶν
954 1491 1274 1558 ἀπολαύσας
1289 1493 1575 1565 ναμάτων,
1607 1494 1703 1549 καὶ
1755 1493 2051 1567 καθαρθεὶς
2080 1495 2167 1550 διά

600 1577 703 1648 τῆς
733 1579 763 1619 1³
787 1579 878 1633 τοῦ
906 1580 1275 1654 βαπτίσματος
1298 1586 1701 1656 μυσταγωγίας,
1725 1585 1818 1642 καὶ
1831 1585 1931 1658 τῆς
1957 1603 2166 1659 φρικω-

603 1667 866 1741 δεστάτης
901 1673 1184 1743 μετασχὼν
1234 1675 1532 1746 τραπέζης,
1565 1677 1662 1732 καὶ
1717 1676 1936 1732 πάντων
1991 1676 2167 1743 ἀπαξ-

602 1759 791 1823 απλῶς
811 1760 922 1814 τῶν
951 1764 1080 1834 παρ’
1107 1765 1238 1835 ήμῖν
1265 1766 1596 1837 κοινωνήσας
1621 1766 1934 1838 μυστηρίων
1961 1765 2168 1839 (πολλοί

601 1844 660 1899 δέ
684 1863 867 1916 φασιν,
894 1845 976 1902 δτι
998 1851 1090 1905 καὶ
1114 1850 1436 1908 διδασκάλου
1459 1854 1611 1923 τάξιν
1636 1855 1872 1927 ἀπεῖχε),
1908 1855 2166 1928 μετὰ-τὴν

603 1937 755 2007 ἰεράν
791 1939 992 2010 ταύτην
1019 1940 1263 2017 τελετήν,
1291 1945 1387 2000 καὶ
1412 1945 1474 1999 τὸ
1494 1945 1709 2001 πάντων
1735 1949 1888 2013 έντὸς
1912 1946 2165 2017 γενέσθαι

597 2026 706 2080 τῶν
758 2027 1083 2102 ἀπορρήτων
1113 2031 1353 2101 ἀγαθῶν,
1385 2033 1477 2089 καί
1508 2035 1575 2088 τά
1615 2037 1859 2108 πρωτεῖα
1885 2037 2030 2110 ἔχειν
2070 2039 2164 2092 επὶ

596 2119 698 2186 τῆς
737 2119 1078 2193 Ἐκκλησίας,
1133 2121 1380 2195 ἥμαρτεν
1423 2124 1699 2197 ἁμαρτίαν
1754 2126 2160 2198 χαλεπωτάτην.

597 2208 710 2280 ’Τήν
740 2211 851 2283 γὰρ
872 2217 1103 2281 γυναῖκα
1122 2213 1218 2270 τοῦ
1240 2217 1444 2288 πατρὸς
1459 2217 1664 2284 ἀδίκοις
1697 2219 1820 2273 ἰδὼν
1845 2219 2160 2290 ὀφθαλμοῖς,

594 2304 696 2356 οὑκ
713 2301 842 2376 ιστη
877 2305 1038 2378 μέχρι
1067 2306 1166 2378 τῆς
1192 2310 1432 2381 πονηράς
1457 2308 1660 2380 ταύτης
1681 2309 1993 2382 ιπιθυμίας,
2024 2311 2162 2367 ἀλλὰ

604 2397 693 2490 καὶ
717 2398 798 2490 εἰς
818 2398 976 2490 ἔργον
1003 2399 1100 2472 τήν
1121 2402 1420 2458 ἀκόλαστον
1442 2403 1668 2476 γνώμην
1700 2405 1933 2478 ἐξήγαγε
1948 2425 1963 2439 ο
1987 2409 2081 2462 καὶ
2094 2403 2162 2480 ἦν

596 2487 658 2540 τὸ
686 2487 950 2560 τολμηθὲν
977 2491 1099 2562 οὐχὶ
1131 2493 1358 2565 πορνεία
1403 2495 1598 2566 μόνον,
1641 2496 1777 2552 ἀλλά
1803 2497 1897 2553 καὶ
1927 2498 2159 2570 μοιχεία.

600 2577 800 2646 μᾶλλον
829 2577 886 2632 δὲ
916 2581 1009 2634 καὶ
1040 2582 1287 2652 μοιχείας
1311 2582 1492 2655 πολλῷ
1525 2583 1925 2658 χαλεπώτερον.
1960 2587 2060 2640 Διά
2095 2586 2160 2658 δὴ

595 2667 752 2722 τοῦτο
777 2669 872 2724 καὶ
897 2673 926 2724 6
953 2671 1215 2744 μακάριος
1247 2673 1458 2743 Παῦλος
1485 2676 1745 2742 ἀκούσας,
1776 2679 1871 2732 καὶ
1895 2677 1994 2732 οὐκ
2024 2677 2162 2749 ἔχων

595 2761 767 2833 ϐνομα
795 2763 1060 2819 ἐπιθεῖναι
1092 2764 1416 2837 πρδςάΞίαν
1444 2767 1523 2840 τῷ
1564 2769 1920 2843 ἁμαρτήματι
1950 2769 2160 2843 κύριον,

595 2851 797 2923 ἑτέρως
826 2855 1079 2926 ἐμφαίνει
1124 2859 1214 2913 τὸν
1245 2858 1407 2927 δγκον
1427 2860 1529 2930 τῆς
1575 2863 1942 2934 παρανομίας,
1963 2865 2162 2918 οὑτωσὶ

596 2943 787 3014 λέγων·
809 2947 1000 3014 Ὅλως
1021 2949 1297 3005 ἀκούεται
1322 2952 1392 3005 ἐν
1405 2951 1552 3022 ὑμῖν
1561 2953 1829 3022 πορνεία,
1851 2954 1948 3007 καὶ
1969 2956 2162 3009 τοιαύ-

595 3058 666 3108 τη
697 3045 959 3113 πορνεία,
985 3045 1082 3099 οῖα
1115 3046 1258 3102 οὐδὲ
1279 3049 1350 3102 ἐν
1375 3049 1499 3116 τοῖς
1528 3051 1771 3105 ἔθνεσιν
1800 3049 2159 3122 ὀνομάζεται.

595 3138 709 3192 οὐκ
761 3134 935 3205 εἶπεν,
982 3142 1116 3196 Οὐδὲ
1169 3143 1452 3214 τολμᾶται,
1507 3145 1644 3210 ἀλλ’.
1695 3146 1850 3202 οὐδὲ
1887 3148 2161 3218 ὀνομάζε-

593 3249 708 3303 ται,
739 3236 838 3308 τὴν
885 3238 1189 3313 ὑπερϐολήν
1242 3240 1413 3307 δεῖξαι
1470 3242 1640 3298 θέλων
1669 3244 1770 3314 τῆς
1815 3245 2160 3316 παρανομίας

594 3333 828 3406 δκείνης.
851 3335 962 3390 Kal
990 3336 1351 3408 παραδίδωσιν
1375 3338 1536 3392 αὐτὸν
1555 3339 1632 3410 τῷ
1652 3338 1901 3411 διαϐόλῳ,
1931 3341 2025 3395 καὶ
2055 3343 2161 3396 πά-

596 3446 697 3502 σης
731 3429 980 3502 ἀκτέμνει
1012 3432 1113 3503 τῆς
1169 3433 1508 3502 Ἐκκλησίας,
1563 3437 1658 3489 καὶ
1708 3436 1830 3490 οὐδὲ
1881 3437 2161 3509 τραπέζης

593 3527 782 3598 κοινῆς
805 3528 1026 3598 ἀφίησιν
1046 3529 1206 3582 αὐτόν
1225 3547 1332 3583 τινι
1364 3533 1653 3585 κοινωνεῖν.
1680 3530 1771 3604 Τῷ
1795 3531 1904 3601 γάρ
1933 3534 2161 3604 τοιούτῳ

597 3621 732 3694 μηδὲ
749 3622 1044 3678 συνεσθίειν
1064 3623 1173 3676 δεῖν
1191 3641 1342 3693 φησι,
1365 3626 1458 3678 καὶ
1484 3625 1650 3689 πολὺς
1676 3628 1800 3680 πνεῖ
1812 3627 1910 3698 τήν
1925 3628 2159 3699 ἐσχάτην

594 3716 756 3771 αὐτὸν
786 3718 1031 3772 ἀπαιτῶν
1054 3719 1230 3789 δίκην.
1269 3725 1362 3774 καὶ
1389 3720 1566 3792 δημίῳ
1604 3722 1741 3793 πρὸς
1768 3722 1926 3779 τοῦτο
1961 3742 2162 3796 κεχρη-

597 3810 754 3878 μένος
780 3812 856 3882 τῷ
881 3813 1110 3885 Σατανᾷ,
1136 3818 1228 3868 καὶ
1255 3819 1610 3873 κατακόπτων
1640 3819 1802 3872 αὐτοῦ
1842 3819 1912 3874 δι’
1953 3820 2160 3874 έκείνου

594 3908 691 3978 τήν
720 3909 917 3977 σάρκα.
959 3909 1096 3963 Ἀλλ’
1121 3912 1269 3982 ὅμως
1294 3914 1323 3966 6
1359 3912 1456 3984 τῆς
1503 3915 1829 3985 Ἐκκλησίας
1869 3914 2161 3985 ἀποτεμὼν

595 4003 827 4066 Παῦλος,
847 4007 875 4058 6
897 4005 1030 4077 μηδὲ
1056 4007 1330 4078 τραπέζης
1350 4011 1535 4079 κοινῆς
1560 4011 1716 4079 ἀφείς
1730 4029 1838 4064 τινι
1865 4014 2158 4074 κοινωνεῖν,

593 4101 622 4151 6
677 4102 884 4164 πάντας
932 4102 1192 4166 κελεύσας
1225 4104 1293 4157 δι’
1331 4107 1536 4159 ἐκεῖνον
1579 4107 1791 4160 πενθεῖν
1816 4107 1959 4174 (Καὶ
1992 4109 2160 4177 ὑμεῖς

593 4197 704 4266 γὰρ
729 4200 1164 4269 πεφυσιωμένοι
1215 4202 1376 4266 ἐστὲ,
1420 4205 1572 4272 φησί,
1626 4206 1719 4257 καὶ
1752 4205 1883 4274 οὐχὶ
1920 4204 2160 4274 μᾶλλον

591 4295 980 4360 ἐπενθήσατε,
999 4299 1095 4351 ἵνα
1116 4299 1337 4367 ἐξαρθῇ
1355 4302 1422 4354 ἐκ
1447 4302 1638 4369 μέσου
1663 4302 1827 4371 ὑμῶν
1847 4307 1879 4356 ὁ
1893 4303 1958 4356 τὸ
1984 4304 2160 4372 ἔργον

594 4390 765 4444 τοῦτο
789 4393 1168 4463 πεποιηκὼς),
1187 4397 1214 4446 6
1232 4396 1561 4464 πανταχόθεν
1586 4398 1746 4450 αὐτὸν
1764 4399 1949 4469 ὥσπερ
1975 4399 2159 4469 λοιμόν

593 4505 712 4540 τινα
751 4489 1085 4554 ἀπελαύνων,
1119 4494 1146 4543 ό
1199 4492 1375 4560 πάσης
1404 4494 1563 4544 αὐτὸν
1604 4495 1932 4558 ἀποκλείσας
1960 4496 2158 4557 οἰκίας,

595 4584 624 4634 ό
650 4581 727 4651 τῷ
749 4584 960 4655 Σατανᾷ
988 4589 1282 4656 παραδοὺς,
1305 4593 1332 4639 6
1363 4591 1630 4659 τοσαύτην
1664 4591 1791 4660 παρ’
1820 4591 1983 4644 αὐτοῦ
2005 4592 2159 4658 δίκην

595 4680 863 4743 ἀπαιτῶν,
902 4681 988 4733 ὅτε
1021 4679 1156 4735 εἶδεν
1189 4684 1503 4754 ἀλγήσαντα
1552 4688 1644 4739 καὶ
1698 4688 2032 4757 μεταγνόντα
2077 4691 2158 4755 ἐφ’

595 4770 676 4839 οἷς
705 4777 939 4847 ἥμαρτε,
981 4777 1072 4830 καὶ
1114 4779 1436 4849 παλινῳδίαν
1472 4781 1557 4833 διὰ
1595 4783 1701 4835 τῶν
1729 4782 1904 4852 ἔργων
1946 4785 2155 4855 ᾅδοντα,

593 4872 761 4934 οὕτως
800 4874 959 4937 αὐτὸς
1007 4878 1330 4945 μετετάξατο
1350 4878 1525 4942 πάλιν,
1556 4880 1630 4940 ὡς
1659 4881 1902 4945 ἐκείνοις,
1931 4877 2010 4944 οἷς
2031 4882 2160 4935 ταῦ-

597 4985 663 5021 τα
689 4970 935 5035 ἐπέταξε,
964 4971 1031 5023 τά
1055 4973 1272 5028 ἐναντία
1299 4974 1571 5030 κελεῦσαι.
1591 4977 1649 5029 '0
1675 4978 1782 5048 γάρ
1817 4979 2004 5043 εἰπὼν,
2035 4981 2156 5032 Ἐκ-

595 5065 817 5134 κόψατε,
868 5069 1273 5141 ἀποστράφητε,
1323 5073 1648 5141 πενθήσατε,
1705 5077 1798 5129 καὶ
1841 5077 2159 5149 λαμϐανέτω

597 5162 756 5216 αὐτὸν
782 5164 1093 5231 όδιάϐολος,
1138 5170 1190 5222 τί
1242 5187 1436 5240 φησιν,
1488 5173 1806 5240 Κυρώσατε
1856 5177 1942 5240 εις
1973 5177 2162 5229 αὐτὸν

595 5259 852 5330 ἀγάπην,
887 5262 1062 5331 μήπω
1087 5263 1160 5333 τῇ
1193 5266 1584 5336 περισσοτέρᾳ
1608 5270 1768 5338 λύπῃ
1799 5271 2103 5338 καταποθῇ
2127 5273 2160 5323 ό

596 5357 881 5422 τοιοῦτος,
919 5359 1012 5412 καὶ
1053 5363 1577 5432 πλεονεκτηθῶμεν
1626 5366 1745 5420 ὑπὸ
1771 5368 1877 5421 τοῦ
1901 5365 2156 5422 Σατανᾶο

595 5456 665 5508 οὐ
687 5455 798 5523 γὰρ
823 5455 1008 5509 αὑτοῦ
1033 5457 1104 5511 τὰ
1130 5457 1399 5529 νοήματα
1429 5460 1781 5533 ἀγνοοῦμεν.
1829 5464 1993 5537 Ὁρᾷς
2043 5465 2160 5529 πῶς

595 5553 709 5605 ἐστι
766 5555 1050 5607 σατανικδν
1093 5553 1244 5627 [55η
1296 5556 1358 5610 τὸ
1390 5558 1644 5630 ἀμέτρως
1695 5561 1878 5630 ἀλγεῖν
1920 5566 2014 5618 καί
2058 5565 2159 5635 τῆς

661 5709 685 5780 ξ*
709 5707 1062 5780 ῼξῃῐιεαΐρτῐηο
1088 5715 1167 5780 καί
1185 5717 1335 5780 ψυχῆς
1357 5717 1554 5780 ὄλεθρος.

659 5771 688 5811 δ
706 5771 905 5834 Aliquot
930 5785 1041 5822 mss.
1070 5776 1148 5822 καί
1167 5771 1556 5841 κάθᾶῥισμοῖδιά
1591 5786 1687 5837 τῆς.

1320 378 1377 428 S.
1418 367 1704 430 JOANNIS
1742 373 2231 432 CHRYSOSTOII
2267 372 2580 430 ARCIIIEP.
2622 375 3163 433 CONSTANTINOP.

3737 378 3848 436 ϐίω

2279 489 2483 542 ἐκείνου
2527 490 2748 558 παγίδος
2799 491 2979 562 ἔργον,
3025 491 3086 543 τὸ
3136 489 3399 560 σωτήριον
3444 485 3732 562 φάρμακον
3773 493 3848 564 τῇ

2275 575 2509 647 ἀμετρίᾳ
2537 577 2816 642 ποιοῦντος
2843 577 3200 650 δηλητήριον;
3226 577 3334 630 Kal
3371 575 3481 648 γάρ
3512 577 3719 645 γίνεται
3746 578 3847 649 δηο

2273 662 2547 735 λητήριον,
2567 666 2804 736 κάκείνῳ
2835 665 2925 734 τὸν
2954 665 3239 736 ἄνθρωπον
3276 663 3657 735 παραδίδωσιν,
3714 665 3854 719 ὅταν

2274 752 2351 815 είς
2371 753 2636 824 ἀμετρίαν
2665 754 2890 825 ἐκπέσῃο
2911 751 2992 806 διὸ
3013 753 3108 806 καὶ
3132 751 3338 820 ελεγεν,
3373 749 3510 805 Ἵνα
3518 751 3607 821 μὴ
3625 754 3850 806 πλεον-

2270 837 2607 908 εκτηθῶμεν
2633 839 2752 892 ὑπὸ
2790 838 2896 894 τοῦ
2924 837 3182 894 Σατανᾶ.
3217 837 3285 894 Ὀ
3313 836 3369 890 δὲ
3400 837 3570 905 λέγει,
3602 836 3848 891 τοιοῦτόν

2273 927 2408 978 ἐστι·
2435 925 2640 998 Ψώρας
2653 925 2714 980 τὺ
2740 925 3009 997 πρόϐατον
3034 925 3390 995 ἐμπέπληστο
3429 934 3452 964 ο
3494 924 3723 996 πολλῆς,
3743 924 3844 994 ὴλ-

2269 1011 2533 1084 λοτριὼθη
2571 1013 2667 1084 τῆς
2714 1013 2931 1084 ἀγέλης.
2979 1012 3270 1083 ἀπερῤάγη
3333 1014 3431 1083 τῆς
3493 1011 3845 1083 Ἐκκλησίας,

2268 1100 2405 1154 ἀλλά
2431 1099 2708 1172 διώρθωσε
2755 1103 2854 1172 τήν
2879 1101 3053 1160 νόσον.
3089 1101 3280 1170 γέγονε
3314 1099 3584 1172 πρόϐατον
3605 1095 3718 1155 οἷον
3742 1100 3845 1174 έμ-

2269 1187 2501 1257 προσθεν
2525 1183 2616 1260 ἦν·
2648 1187 2869 1258 τοιαύτη
2907 1187 3015 1259 γὰρ
3044 1187 3146 1258 τῆς
3197 1188 3484 1264 μετανοίας
3521 1189 3555 1261 ή
3586 1183 3843 1258 δύναμις.

2268 1273 2462 1342 Γέγονε
2491 1273 2676 1328 λοιπὸν
2715 1274 2816 1345 τῆς
2846 1274 3082 1346 ποίμνης
3106 1275 3206 1346 τῆς
3247 1274 3544 1346 ήμετέρας.
3584 1273 3845 1345 Ὀλοκλή-

2271 1378 2385 1432 ρως⁴
2407 1361 2839 1434 ὲπισπασώμεθα
2859 1363 3042 1426 αὐτὸν,
3067 1362 3287 1425 ὑπτίαις
3309 1361 3694 1433 ὑποδεξώμεθα
3715 1363 3843 1427 ταῖς

2266 1452 2440 1524 χερσὶ,
2463 1452 2867 1525 περιλάϐωμεν,
2892 1452 3369 1526 περιπτυξὼμεθα,
3392 1451 3679 1524 ἑνώσωμεν
3701 1455 3842 1524 ήμῖν

2265 1538 2468 1603 αὐτοῖς.
2518 1539 2580 1594 El
2638 1539 2749 1611 γὰρ
2807 1540 2883 1612 μή
2930 1539 3321 1612 βουληθείημεν
3371 1539 3530 1594 τοῦτο
3583 1538 3836 1610 ποιῆσαι.

2267 1623 2578 1680 πλεονεκτεῖ
2603 1625 2790 1681 λοιπὸν
2834 1628 2985 1699 ήμάς
3033 1630 3064 1682 6
3100 1626 3366 1692 διάϐολος,
3412 1626 3474 1680 οὐ
3521 1625 3612 1681 τὸν
3667 1625 3840 1682 αὐτοῦ

2265 1711 2575 1784 λαμϐάνων,
2617 1714 2754 1769 ἀλλὰ
2778 1715 2873 1770 τὸν
2924 1715 3196 1788 ήμέτερον
3240 1715 3531 1787 γενόμενον
3577 1713 3688 1770 ἀπὸ
3733 1713 3840 1785 τῆς

2265 1799 2535 1872 ῥᾳθυμίας
2575 1802 2674 1874 τῆς
2724 1803 3021 1874 ἡμετέρας.
3054 1801 3261 1858 παιδιὰ
3281 1802 3382 1875 τῆς
3414 1802 3680 1873 ἀμετρίας
3732 1801 3840 1872 τῆς

2264 1886 2406 1940 κατὰ
2449 1887 2549 1959 τήν
2590 1887 2833 1960 ἀθυμίαν
2867 1889 3297 1955 καταποντίζων,
3325 1889 3420 1944 καὶ
3439 1887 3606 1945 αὐτοῦ
3638 1886 3840 1942 ,λοιπὸν

2265 1973 2433 2029 ποιῶν
2461 1971 2622 2032 εἰναι.
2672 1976 2764 2032 Διὸ
2790 1977 2886 2031 καὶ
2916 1977 3217 2053 ὑπήγαγεν,
3253 1978 3339 2032 Οὐ
3379 1975 3492 2046 τὰρ
3542 1973 3728 2031 αὐτοῦ
3759 1977 3839 2029 τὰ

2261 2063 2531 2132 νοήματα
2582 2064 2938 2135 ἀγνοοῦμεν,
2960 2065 3041 2120 δτι
3088 2065 3182 2120 καὶ
3221 2063 3308 2120 διά
3337 2063 3447 2119 τῶν
3481 2060 3839 2133 ὠφελούντων

2263 2148 2545 2215 πολλάκις,
2575 2150 2703 2204 ὅταν
2738 2149 2814 2224 μή
2855 2150 3082 2216 δεόντως
3110 2152 3285 2206 ταῦτα
3311 2152 3558 2224 γένηται,
3579 2151 3705 2214 τούς
3756 2149 3838 2222 μή

2261 2235 2622 2307 προσέχοντας
2651 2237 3026 2304 ὑποσκελίζειν
3052 2238 3260 2294 εῖωθεν.

2331 2331 2401 2393 γ’.
2422 2323 2485 2379 Εἰ
2499 2325 2557 2380 δὲ
2571 2324 2711 2398 ὑπὲρ
2726 2317 2802 2381 ὧν
2817 2327 2980 2392 αὐτός
2998 2326 3087 2381 τιά
3105 2325 3520 2399 ἐπλημμέλησε,
3541 2326 3636 2379 καὶ
3652 2323 3838 2396 πλημ-

2265 2411 2481 2484 μέλημα
2507 2410 2769 2481 τοιοῦτον,
2797 2415 2898 2469 οὐκ
2925 2413 3153 2485 ἀφίησιν
3196 2415 3227 2468 6
3277 2413 3492 2478 Παῦλος
3537 2412 3704 2484 πολλῇ
3763 2415 3835 2485 τῇ

2260 2499 2405 2574 λύπῃ
2429 2500 2748 2574 κεχρῆσθαι,
2809 2500 2946 2556 ἀλλά
2997 2500 3216 2556 σπεύδει
3260 2503 3358 2556 καὶ
3407 2499 3706 2569 ἐπείγεται,
3738 2500 3838 2555 καὶ

2260 2587 2437 2642 πάντα
2483 2591 2629 2642 ποιεῖ
2676 2590 2768 2643 καὶ
2803 2589 3275 2662 πραγματεύεται,
3315 2589 3454 2643 ὥστε
3487 2587 3714 2657 ἐκκόψαι
3740 2585 3838 2642 τὸν

2258 2673 2422 2743 δγκον
2437 2674 2541 2747 τῆς
2566 2674 2826 2746 ἀθυμίας.
2873 2677 3171 2749 σατανικην
3187 2672 3327 2731 εἶναι
3355 2676 3532 2745 λέγων
3565 2675 3667 2746 τὴν
3691 2675 3837 2746 ἀμε-

2257 2761 2455 2833 τρίαν,
2500 2763 2596 2818 καὶ
2651 2761 2896 2819 διαϐόλου
2951 2763 3296 2831 πλεονεξίαν,
3344 2763 3439 2816 καὶ
3479 2762 3582 2832 τῆς
3617 2760 3839 2815 ἑκείνου

2259 2852 2594 2922 κακουργίας
2617 2852 2710 2906 καὶ
2731 2852 2842 2906 τῶν
2875 2852 3129 2926 πονηρῶν
3159 2851 3325 2907 αὐτοῦ
3342 2851 3630 2924 νοημάτων
3646 2849 3833 2921 έργονο

2261 2938 2400 3008 ὑπὲρ
2436 2931 2513 2994 ὧν
2540 2939 2714 3010 ἕτεροι
2745 2939 3262 3011 πεπλημμελήκασι,
3297 2939 3388 2993 καὶ
3433 2937 3582 2993 ἄλλοι
3614 2935 3838 3008 μέλλουο

2262 3042 2348 3078 σιν
2366 3024 2594 3091 εὐθύνας
2627 3027 2871 3098 ὑπέχειν,
2905 3027 3023 3091 πῶς
3047 3027 3148 3080 οὐκ
3178 3026 3411 3097 ἐσχάτης
3443 3024 3629 3088 ἀνοίας
3650 3040 3711 3077 τε
3737 3023 3838 3078 καὶ

2263 3110 2459 3184 μανίας
2477 3111 2621 3168 οὕτω
2655 3111 3099 3172 κατακόπτεσθαι
3133 3113 3228 3167 καὶ
3257 3112 3464 3182 ἀλγεῖν,
3487 3111 3562 3176 ὡς
3587 3109 3684 3165 καὶ
3703 3110 3838 3165 σκό-

2263 3215 2352 3263 τος
2371 3199 2576 3268 ἀφατον
2609 3199 2835 3270 ἐπάγειν
2868 3202 2934 3272 τῇ
2975 3199 3203 3272 διανοίᾳ,
3243 3199 3338 3253 καὶ
3360 3187 3532 3268 πολύν
3557 3197 3647 3253 τὸν
3684 3197 3839 3270 θόρυ-

2259 3285 2372 3353 ϐον,
2409 3287 2505 3341 καὶ
2535 3287 2817 3357 σύγχυσιν,
2848 3288 2946 3342 καὶ
2974 3287 3242 3358 ταραχήν,
3274 3286 3368 3341 καὶ
3395 3285 3564 3356 ζάλην
3588 3284 3836 3356 ἀφατονς

2259 3375 2323 3428 Εἰ
2350 3374 2406 3428 δὲ
2433 3374 2592 3429 πάλιν
2647 3393 2736 3448 μοι
2761 3375 2828 3430 τά
2852 3375 2990 3430 αὐτὰ
3018 3377 3232 3445 λέγεις,
3265 3375 3347 3430 ὅτι
3375 3374 3662 3446 Βούλομαι·
3707 3373 3834 3446 μιν,

2259 3463 2358 3519 οὐκ
2413 3463 2579 3536 ἰσχύω
2606 3465 2683 3531 δι,
2721 3465 2883 3520 πάλιν
2930 3482 3012 3520 σοι
3036 3465 3131 3520 καὶ
3159 3464 3270 3534 ἐγὼ
3301 3464 3370 3519 τά
3399 3463 3540 3518 αὐτά
3566 3463 3698 3536 ἐρῶ,
3750 3464 3837 3518 δτι

2261 3550 2460 3623 σκῆψις
2513 3552 2608 3606 καὶ
2644 3552 2917 3622 πρόφασις
2949 3551 3142 3606 ταῦτα’
3170 3552 3268 3606 καὶ
3312 3551 3422 3623 γάρ
3458 3546 3584 3606 οἷδά-
3605 3567 3701 3606 σου
3734 3553 3836 3624 τῆς

2260 3637 2550 3707 φιλοσόφου
2563 3625 2752 3709 ’ψυχῆς
2775 3638 2845 3691 τά
2869 3638 3058 3712 νεῦρα.

2330 3726 2450 3778 Ἵνα
2472 3725 2527 3778 δὲ
2549 3723 2812 3796 ἑτέρωθεν
2836 3725 3205 3795 εὐκολωτέραν
3227 3741 3309 3779 σοι
3335 3725 3547 3796 ποιήσω
3569 3723 3672 3796 τήν
3693 3723 3836 3779 κατά

2257 3811 2358 3881 τῆς
2381 3811 2620 3881 ἀθυμίας
2643 3811 2848 3882 ταύτης
2877 3813 2975 3883 τῆς
3013 3811 3242 3883 ἀκαίρου
3276 3812 3370 3865 καὶ
3397 3810 3644 3884 ὀλεθρίας
3681 3811 3837 3864 ἀντί-

2263 3899 2449 3953 στασίν
2506 3916 2566 3952 τε
2612 3899 2704 3953 καὶ
2756 3901 2934 3970 νίκην,
2975 3898 3136 3953 τοῦτο
3185 3899 3344 3954 πάλιν
3389 3901 3528 3971 ὅπερ
3561 3899 3839 3954 ὲπιτάττω

2264 3987 2427 4040 ποίει.
2461 3987 2628 4041 Ὅταν
2651 3987 2890 4060 ἀκούσῃς
2911 3985 3265 4058 διηγουμένου
3292 3987 3437 4051 τινὸς
3463 3987 3564 4058 τὴν
3597 3986 3840 4041 πανωλει-

2261 4074 2416 4145 θρίαν
2440 4072 2661 4142 ταύτην,
2719 4074 2975 4144 αποπήδα
3005 4073 3216 4145 ταχέως
3264 4073 3370 4127 ἀπὸ
3413 4072 3523 4128 τῶν
3554 4072 3838 4143 λογισμῶν

2259 4163 2479 4227 τούτων,
2504 4163 2598 4216 καὶ
2620 4162 2781 4232 τρέχε
2811 4163 2904 4214 ἐπὶ
2938 4164 3035 4232 τήν
3061 4163 3269 4216 ἔννοιαν
3301 4163 3399 4232 τῆς
3441 4162 3655 4233 ⁴ἡμέρας
3685 4161 3834 4215 ὲκεί-

2260 4268 2354 4318 νης
2405 4251 2502 4319 τῆς
2549 4250 2807 4322 φοϐερᾶς,
2850 4252 2943 4303 καὶ
2991 4249 3308 4319 ἀναλογίζου
3350 4250 3500 4321 παρά
3553 4251 3724 4322 σαυτῇ
3767 4248 3836 4302 τό

2263 4338 2412 4407 βῆμα
2446 4339 2506 4391 τὸ
2535 4339 2818 4409 φρικῶδες,
2847 4339 2936 4391 τὸν
2961 4338 3218 4409 δικαστὴν
3251 4338 3340 4392 τὸν
3360 4338 3670 4401 ἀδέκαστον,
3704 4338 3835 4401 τοὺς

2263 4427 2536 4496 ποταμοὺς
2563 4427 2658 4479 τοῦ
2691 4427 2883 4497 πυρὸς.
2927 4429 3054 4489 τούς
3086 4426 3193 4496 πρὸ
3219 4425 3311 4479 τοῦ
3347 4426 3586 4497 βήματος
3621 4424 3832 4479 ἐκείνου

2261 4515 2592 4585 συρομένους
2623 4515 2716 4568 καὶ
2750 4514 3083 4585 σφοδροτάτη
3127 4513 3494 4584 καχλάζοντας
3543 4516 3610 4585 τῇ
3650 4514 3833 4588 φλογὶ.

2259 4604 2356 4667 τὰς
2383 4604 2723 4674 ἠκονημένας
2763 4603 3054 4674 ῥομφαίας,
3089 4602 3188 4668 τὰς
3210 4603 3516 4674 ἀποτόμους
3543 4603 3833 4672 τιμωρίας,

2260 4692 2358 4762 τὴν
2385 4691 2604 4745 κόλασιν
2650 4691 2747 4762 τὴν
2780 4691 2880 4742 οὐκ
2928 4689 3152 4760 ἔχουσαν
3211 4689 3382 4756 τέλος,
3415 4689 3507 4742 τὸν
3550 4688 3709 4756 ζόφον
3741 4688 3837 4739 τὸν

2261 4780 2496 4849 ἀφεγγῆ,
2525 4779 2587 4832 τὸ
2635 4780 2823 4842 σκότος
2861 4776 2922 4830 τὸ
2970 4776 3254 4848 ἐξώτερον,
3309 4776 3402 4828 τὸν
3443 4773 3700 4845 σκώληκα
3740 4774 3836 4828 τδν

2264 4865 2482 4928 ἰοϐόλον,
2515 4866 2583 4919 τὰ
2615 4867 2790 4936 δεσμά
2822 4866 2886 4919 τὰ
2931 4864 3122 4926 ἀλυτα,
3151 4865 3243 4917 τὸν
3282 4863 3524 4934 βρυγμὸν
3552 4861 3660 4915 τῶν
3689 4862 3810 4915 ὀδόν

2258 4971 2385 5018 των,
2404 4956 2498 5007 καὶ
2513 4955 2603 5006 τὸν
2634 4954 2906 5023 κλαυθμὸν
2930 4953 3021 5007 τὸν
3052 4952 3502 5023 ἀπαραμύθητον,
3522 4950 3584 5003 τὸ
3608 4949 3837 5021 θέατρον

2259 5042 2356 5111 τῆς
2390 5043 2728 5112 οἰκουμένης,
2759 5040 2957 5110 μᾶλλον
2981 5038 3038 5092 δὲ
3061 5039 3124 5091 τὸ
3151 5037 3300 5110 [538]
3327 5037 3551 5105 θέατρον
3566 5037 3835 5098 ἑκατέρας

2258 5135 2356 5205 τῆς
2388 5131 2638 5193 κτίσεως,
2663 5131 2758 5200 τῆς
2787 5128 2921 5192 ἀνω,
2957 5127 3059 5196 τῆς
3103 5125 3274 5180 κάτω.
3308 5125 3420 5178 Καὶ
3445 5123 3555 5195 γὰρ
3569 5125 3628 5178 αι
3650 5123 3837 5177 δυνά-

2255 5238 2388 5290 μεις
2410 5217 2529 5271 τῶν
2558 5215 2828 5284 οὐρανῶν
2857 5213 3366 5280 σαλευθήσονται,
3409 5211 3593 5282 φησίν.
3626 5211 3687 5264 El
3723 5210 3836 5282 γὰρ

2261 5308 2356 5361 καὶ
2382 5305 2545 5378 μηδὲν
2570 5306 2789 5366 ἑαυταῖς
2816 5303 3085 5368 συνίσασι,
3125 5301 3260 5373 μηδὲ
3299 5299 3580 5371 μέλλουσιν
3608 5299 3836 5369 ὑπέχειν

2261 5395 2505 5457 εὐθύνας,
2539 5392 2654 5446 ἀλλ’
2681 5391 2886 5463 δρῶσαι
2902 5390 2965 5443 τὸ
2996 5390 3152 5459 γένος
3187 5389 3334 5443 ἀπαν
3371 5387 3479 5440 τῶν
3507 5385 3833 5459 ἀνθρώπων,

2259 5482 2509 5544 καὶτοὺς
2546 5480 2806 5550 ἀπείρους
2857 5477 3066 5547 δήμους
3107 5474 3479 5545 κρινομένους,
3511 5473 3610 5526 οὐκ
3660 5472 3836 5536 ἀδεῶς

2321 5660 2344 5688 ⁸
2368 5656 2550 5706 Omnes
2571 5667 2686 5703 mss.
2712 5654 2996 5714 ἐμπέπλητο.
3038 5649 3170 5699 Edili
3206 5642 3548 5710 έμπέπλησταιζ
3570 5643 3696 5694 lum
3719 5645 3830 5692 ὁλο-

2261 5719 2448 5791 κλίιρὲς
2464 5717 3091 5791 δεθείίηένβωοῗφῗῖζ-
3142 5774 3210 5791 η.
3247 5782 3357 5791 ----
3394 5765 3543 5791 .--ὼ
3590 5764 3676 5791 ωε

2323 5765 2496 5830 δ’Ττὶε
2515 5790 2629 5827 mss.
2651 5765 2788 5830 αὐτὸς
2808 5791 2870 5837 τι,
2899 5779 2949 5824 ει
2991 5775 3094 5823 haec
3138 5774 3215 5819 est
3247 5782 3360 5819 vera
3394 5765 3565 5821 lectio.
3589 5765 3722 5819 Edill
3739 5779 3824 5821 τις.
