4050 6466
243 369 340 424 557

243 496 415 552 neque
453 482 599 538 enim
653 481 770 535 hac
822 482 944 539 sine
970 482 1177 539 doloris
1198 495 1359 538 sensu
1397 481 1539 538 ferre
1583 486 1828 551 oportet:

239 585 426 630 verum
459 572 532 628 ita
571 573 790 635 doleas.
823 584 884 630 ut
922 575 1138 631 modum
1179 573 1352 630 dolori
1407 574 1672 644 imponas.
1704 570 1838 626 Nam

237 677 360 720 cum
387 665 443 720 in
475 667 542 721 iis
566 668 750 734 rebus,
778 666 832 723 in
858 668 1053 739 quibus
1084 667 1186 737 ipsi
1214 680 1520 737 peccamus,
1541 675 1597 720 et
1623 663 1692 720 de
1715 664 1838 734 qui-

240 757 339 812 bus
360 759 603 814 rationes
631 758 892 814 reddituri
912 772 1120 824 smnus,
1143 756 1366 814 minime
1390 753 1751 812 necessarium
1775 767 1840 810 ac

239 845 412 903 tutuni
440 848 513 904 sit
533 889 550 915 ,
577 864 763 906 verum
797 864 1052 920 perquam
1093 849 1360 906 funestum
1393 862 1458 905 ac
1485 845 1794 920 pestiferum
1817 885 1836 914 ,

239 939 401 994 nimis
432 940 784 998 vehementer
809 940 1124 997 discruciari
1160 958 1176 996 :
1207 950 1410 1014 quanto
1438 940 1609 1011 magis
1650 952 1840 1008 super-

238 1044 534 1087 vacaneum
566 1039 622 1087 et
649 1047 842 1089 vanum
870 1041 975 1100 est,
1005 1034 1112 1088 imo
1136 1032 1432 1089 satanicum
1458 1041 1620 1101 atque
1643 1030 1839 1086 anima:

237 1121 556 1188 exitiosum,
579 1137 676 1194 pro
701 1123 892 1179 alienis
914 1123 1207 1181 sceleribus
1233 1125 1415 1180 animo
1439 1123 1609 1196 frangi
1639 1137 1705 1180 ac
1739 1121 1838 1179 de-

239 1213 441 1270 bilitari
470 1214 495 1270 2

309 1303 366 1360 2.
413 1306 589 1376 Atque
613 1314 676 1361 ut
717 1306 830 1363 lucc
872 1307 942 1361 ita
985 1321 1106 1364 esse
1143 1307 1442 1379 intelligas,
1475 1313 1714 1364 veterem
1743 1304 1838 1361 tibi

240 1394 524 1451 historiam
571 1395 820 1452 narrabo.
869 1396 963 1452 Vir
999 1397 1214 1469 quidam
1263 1395 1608 1462 Corinthius,
1651 1411 1837 1454 sacro-

237 1495 424 1540 sancta
450 1487 589 1542 unda
630 1488 826 1544 tinctus
857 1487 953 1560 (ι.
985 1488 1104 1545 Cor.
1135 1489 1231 1560 5),
1258 1504 1324 1546 ac
1347 1505 1445 1561 per
1475 1490 1724 1560 baptismi
1752 1504 1839 1546 sa-

237 1587 573 1632 erameutum
625 1579 916 1646 lustratus,
967 1581 1366 1652 trentendteque
1423 1582 1585 1638 etiam
1635 1597 1804 1639 mens.

237 1669 531 1739 adhibitus,
561 1681 722 1744 atque
740 1713 754 1738 ,
783 1684 841 1730 ut
864 1676 1171 1731 summatim
1197 1675 1402 1743 dicam,
1438 1678 1678 1739 omnium
1705 1676 1837 1738 rclio

238 1763 414 1834 gionis
440 1775 637 1820 nostra
676 1767 1050 1838 mysteriorum
1084 1767 1350 1840 particeps
1379 1768 1574 1837 factus,
1601 1785 1664 1825 ac
1695 1787 1834 1842 pnn-

239 1866 422 1922 tcrea,
458 1867 514 1913 ut
548 1859 788 1928 plt'riqne
833 1860 1016 1926 aiunt,
1047 1863 1285 1933 magistri
1327 1878 1548 1921 munere
1579 1863 1832 1932 fungens,

237 1958 362 2017 post
390 1962 594 2005 sacram
626 1949 772 2004 illam
799 1951 1176 2020 initiatiouem,
1206 1963 1329 2024 post
1352 1969 1546 2010 arcana
1578 1956 1665 2012 illa
1698 1959 1835 2012 bona

234 2038 306 2093 ad
343 2055 464 2110 quae
505 2040 769 2097 admissus
793 2042 986 2110 fuerat,
1018 2055 1138 2116 post
1178 2046 1380 2117 primos
1408 2047 1682 2119 dignitatis
1708 2064 1833 2120 gra-

233 2129 339 2184 dus
363 2146 500 2201 quos
521 2132 572 2186 in
603 2132 835 2189 Ecclesia
865 2134 1208 2204 obtinuerat,
1238 2136 1294 2193 in
1321 2139 1693 2209 gravissimum
1725 2141 1833 2195 cri-

236 2238 361 2278 men
392 2223 596 2279 iucidit.
628 2224 761 2281 Nam
800 2241 922 2282 cum
953 2228 1122 2299 patris
1155 2244 1379 2286 uxorem
1405 2230 1682 2288 sceleratis
1707 2246 1836 2288 ocu-

233 2313 302 2371 lis
347 2319 716 2388 conspexisset
739 2361 756 2388 ,
800 2337 907 2378 non
961 2322 1016 2378 in
1061 2323 1163 2380 hac
1215 2324 1458 2397 improba
1516 2335 1572 2382 et
1629 2328 1830 2383 nefaria

229 2405 525 2476 cupiditate
563 2408 786 2480 gradum
819 2410 955 2480 fixit,
987 2428 1172 2470 verum
1200 2415 1366 2471 etiam
1395 2415 1718 2486 impudicam
1745 2433 1834 2474 vo-

230 2496 494 2556 luntatem
543 2501 597 2557 in
635 2516 772 2574 Opus
814 2505 1065 2575 perduxit
1097 2523 1112 2560 :
1143 2515 1307 2578 atque
1353 2507 1456 2564 hoc
1501 2509 1678 2567 scelus
1723 2524 1832 2567 non

233 2590 400 2646 modo
421 2601 664 2662 stuprum
685 2605 822 2664 erat,
849 2596 944 2654 sed
971 2596 1133 2654 etiam
1161 2599 1520 2667 adulterium,
1546 2601 1654 2656 imo
1679 2602 1832 2658 adul—

227 2685 368 2738 terio
395 2699 611 2756 quoque
633 2688 804 2744 multo
831 2691 1090 2747 atrocius.
1119 2691 1201 2748 0b
1233 2692 1394 2764 idque
1419 2694 1608 2751 beatus
1635 2695 1829 2754 Paulus

228 2787 292 2830 re
327 2777 539 2847 cognita
559 2819 575 2844 ,
602 2793 726 2835 cum
753 2782 1027 2853 proprium
1048 2798 1115 2840 ae
1151 2785 1282 2841 satis
1306 2785 1526 2860 dignum
1553 2787 1676 2844 huic
1705 2805 1828 2846 sce-

226 2865 324 2922 lcri
355 2884 551 2925 nomen
598 2871 874 2942 imponere
911 2877 1130 2934 minime
1159 2888 1373 2949 posset,
1404 2882 1513 2938 alio
1547 2881 1709 2940 modo
1735 2883 1830 2938 ila-

223 2959 340 3030 gt‘tii
368 2958 675 3031 huiusmodi
703 2966 1121 3037 magnitudinem
1151 2979 1207 3027 et
1223 2972 1541 3043 gravitatem
1566 2975 1824 3044 declarat,

225 3051 312 3107 his
338 3055 517 3110 verbis
549 3067 736 3112 utens:
762 3056 984 3116 Omnino
1009 3063 1223 3118 auditur
1248 3066 1381 3121 inter
1412 3083 1499 3122 vos
1531 3068 1822 3137 fornicatio,

223 3154 274 3200 et
301 3148 417 3202 talis
460 3149 734 3219 fornicatio
755 3193 772 3219 ,
804 3155 970 3223 qualis
1016 3172 1108 3212 nec
1151 3158 1285 3214 inter
1310 3170 1484 3231 gentes
1534 3163 1827 3218 nominatur

224 3237 304 3304 (Ι.
333 3237 452 3294 Cor.
485 3241 538 3297 5.
575 3241 650 3312 i).
680 3241 796 3299 Non
835 3243 992 3315 dixit,
1028 3246 1138 3304 Nec
1181 3261 1537 3321 perpetratur,
1567 3254 1684 3322 sed,
1715 3253 1826 3309 Nec

222 3332 519 3385 nominatur
547 3350 567 3388 :
603 3334 686 3389 his
714 3335 964 3395 videlicet
1001 3340 1181 3398 verbis
1229 3343 1599 3402 incredibilem
1629 3364 1822 3419 quam-

221 3420 344 3476 dam
367 3423 592 3481 sceleris
613 3425 755 3482 illius
779 3431 1200 3500 magnitudinem
1226 3435 1462 3494 indicare
1491 3441 1732 3511 cupiens.
1759 3443 1825 3500 Et

220 3514 439 3583 quidem
471 3533 594 3573 eum
624 3519 837 3577 diabolo
873 3523 1109 3595 addicit,
1145 3536 1306 3599 atque
1337 3530 1407 3586 ab
1444 3533 1692 3590 universa
1723 3533 1824 3590 Ec-

218 3604 382 3660 clesia
411 3609 706 3678 cxscindit;
749 3626 813 3669 ac
841 3629 908 3671 ne
935 3616 1003 3672 ad
1031 3632 1371 3678 communem
1413 3625 1626 3694 quidem
1674 3644 1824 3683 mcu-

219 3711 333 3752 sam
360 3699 537 3769 ipsum
558 3702 872 3762 admittendi
903 3715 1220 3778 potestatem
1245 3715 1494 3785 cuiquam
1518 3716 1661 3773 facit.
1685 3719 1818 3775 Cum

221 3788 490 3857 ejusmodi
530 3793 675 3848 enim
705 3794 922 3854 homine
951 3813 1019 3854 ne
1054 3801 1233 3857 cibum
1261 3805 1477 3875 quidem
1518 3823 1714 3876 capere
1744 3810 1822 3866 ius

216 3891 340 3935 esse
362 3881 438 3934 ait
466 3881 486 3950 (
509 3883 562 3936 i.
592 3883 713 3939 Cor.
741 3886 794 3942 5.
825 3889 885 3943 li
917 3887 960 3961 ).
985 3890 1227 3963 Denique
1255 3909 1450 3967 magno
1477 3897 1677 3969 impetu
1709 3900 1818 3957 fer-

218 3980 324 4066 tur,
357 3984 654 4031 extremam
680 3977 748 4032 ab
775 3994 841 4035 eo
867 3995 1080 4051 poenam
1107 3995 1386 4056 expetens,
1406 3992 1820 4066 carnificemque

216 4062 284 4116 ad
312 4078 430 4119 eam
472 4082 586 4122 rem
627 4080 866 4129 satanam
895 4075 1156 4133 adhibens
1176 4121 1190 4146 ,
1222 4095 1285 4136 ac
1310 4097 1410 4152 per
1425 4085 1574 4140 illum
1600 4062 1818 4144 carnem

217 4154 383 4224 ipsius
410 4158 672 4217 lacerans.
707 4162 775 4218 Et
801 4173 978 4222 tamen
1007 4169 1052 4224 is
1076 4170 1165 4241 qui
1193 4172 1260 4228 ab
1281 4172 1519 4231 Ecclesia
1547 4179 1817 4236 hominem

215 4245 551 4314 absciderat.
583 4254 673 4323 qui
719 4271 785 4311 ne
816 4258 1098 4326 profanam
1127 4263 1342 4334 quidem
1380 4283 1619 4324 mensam
1665 4287 1817 4327 com-

217 4351 435 4394 munem
485 4356 608 4396 cum
657 4359 724 4400 eo
771 4347 972 4405 habere
1035 4353 1282 4425 cuiquam
1333 4360 1687 4429 permiserat,
1727 4366 1816 4434 qui

214 4432 468 4487 omnibus
496 4435 694 4491 luctum
729 4440 894 4508 ipsius
919 4459 1078 4501 causa
1109 4448 1372 4506 indixerat
1402 4451 1422 4524 (
1446 4453 1507 4507 I'It
1534 4470 1619 4510 vos
1649 4432 1818 4528 inﬂati

215 4523 353 4588 estis,
378 4525 582 4597 inquit,
611 4538 657 4582 et
683 4548 782 4586 non
823 4537 984 4606 magis
1008 4539 1200 4592 luctum
1230 4523 1498 4609 habuistis,
1528 4555 1582 4600 ut
1607 4523 1818 4604 tollatur

214 4614 281 4667 de
297 4617 462 4670 medio
487 4630 704 4674 vestrum
730 4626 815 4690 qui
840 4626 936 4680 hoc
959 4644 1089 4698 opus
1117 4631 1234 4701 fecit
1273 4632 1348 4705 [l.
1375 4633 1492 4691 Cor.
1524 4638 1576 4694 5.
1595 4637 1701 4712 2]),
1723 4641 1814 4712 qui

214 4719 338 4761 eum
367 4723 471 4763 non
505 4725 660 4765 secus
687 4730 751 4770 ac
785 4718 1096 4788 pestiferum
1123 4727 1408 4794 quemdam
1440 4729 1816 4804 undecumque

214 4799 448 4869 pellebat
468 4841 493 4894 ,_
508 4805 604 4894 qui
647 4821 713 4862 ex
739 4810 977 4866 omnium
1022 4813 1228 4872 aedibus
1255 4819 1580 4888 excluserat,
1609 4823 1698 4894 qui
1727 4799 1816 4881 sa-

214 4896 354 4986 tana:
382 4892 694 4986 tradiderat,
722 4896 789 4965 is,
819 4900 1058 4973 inquam,
1079 4907 1169 4977 qui
1203 4915 1406 4964 tantum
1427 4915 1496 4967 ab
1522 4928 1588 4969 eo
1613 4892 1813 4986 supplic

210 4980 352 5072 cium
377 4984 660 5056 exigebat,
695 5000 974 5062 postquam
1005 5009 1128 5051 eum
1158 4997 1345 5056 dolore
1370 5002 1654 5072 affectum,
1681 4980 1811 5062 scc-

213 5069 448 5144 lerisquc
490 5075 712 5133 admissi
763 5083 1113 5151 pmnitentem
1159 5089 1326 5156 vidit,
1383 5069 1814 5166 palinodiamquc

211 5167 387 5237 reipsa
413 5180 698 5226 canentem
719 5213 735 5236 ,
766 5172 817 5227 in
861 5175 1003 5232 hunc
1027 5180 1244 5236 modum
1277 5183 1392 5253 ipse
1426 5201 1640 5256 quoque
1683 5204 1810 5244 sen-

212 5258 434 5314 tentiam
463 5265 715 5330 retexuit,
748 5275 803 5320 ut
831 5267 912 5331 iis.
942 5269 1136 5338 quibus
1165 5271 1281 5328 htcc
1309 5275 1576 5343 edixerat,
1599 5290 1811 5334 contra-

209 5350 291 5444 ria
313 5347 425 5444 jam
459 5351 769 5422 imperaret.
802 5357 933 5413 Nam
959 5363 1051 5432 qui
1074 5362 1304 5433 dixerat,
1330 5365 1658 5435 Exscindite,
1685 5375 1809 5444 reji-

211 5439 334 5505 citc,
357 5441 552 5512 lugete,
568 5460 632 5500 ac
644 5446 888 5504 diabolus
904 5451 1076 5521 ipsum
1093 5455 1335 5525 arripiat,
1350 5459 1478 5529 quid
1497 5461 1597 5515 ait?
1614 5439 1814 5517 Firma-

214 5532 331 5584 tein
352 5547 466 5587 eum
493 5538 776 5606 caritatem,
807 5557 872 5596 ne
895 5543 1257 5603 abundantiori
1285 5552 1487 5606 tristitia
1513 5555 1809 5624 Imjusmodi

214 5622 359 5677 homo
370 5627 716 5697 absorbeatur,
732 5650 793 5686 ac
814 5635 1270 5695 circumveniantur
1284 5659 1314 5696 a
1331 5655 1513 5699 satana
1530 5663 1549 5701 :
1563 5663 1662 5702 non
1677 5651 1808 5704 enim

213 5717 368 5785 ipsius
392 5722 723 5789 cogitationes
750 5729 1044 5799 ignoramus
1068 5731 1144 5806 (2.
1160 5734 1278 5791 Cor.
1299 5736 1353 5791 2.
1378 5739 1429 5792 ’7.
1446 5740 1468 5794 i
1487 5741 1557 5811 i).
1579 5740 1806 5800 Videsne

213 5811 660 5878 quemadmodum
683 5827 882 5877 satana:
904 5821 1211 5882 instinctum
1231 5827 1486 5900 redoleat,
1521 5833 1801 5905 laqueique

1754 361 2135 423 EPISTOqu.

3443 388 3554 448 538

1949 475 2118 547 ipsius
2136 495 2272 550 opus
2290 481 2382 549 sit,
2407 480 2694 538 immodico
2717 478 2904 535 dolore
2927 478 3088 546 amet,
3107 486 3166 534 ut
3186 478 3276 549 qui
3305 477 3556 537 videlicet

1941 571 2178 628 salutare
2198 571 2545 642 pharmacum
2568 586 2665 643 pcr
2686 569 3187 626 imtnodcrationem
3210 571 3261 624 in
3284 584 3553 627 venenum

1943 663 2254 719 convertat?
2268 662 2541 734 Siquidem
2565 664 2618 718 in
2640 677 2906 718 venenum
2929 660 3240 734 degenerat,
3263 669 3425 731 atque
3449 660 3552 717 ho-

1943 755 2146 810 minem
2170 765 2370 811 satana:
2392 756 2573 823 tradit,
2593 771 2720 812 cum
2737 757 2955 814 modum
2973 755 3302 821 excesserit;
3323 755 3553 827 ideoque

1942 845 2157 906 dicebat
2176 864 2191 903 :
2210 845 2297 904 Na
2317 847 2773 904 circumueniamur
2787 863 2824 900 α
2836 856 3055 902 satana.
3069 847 3227 916 Quod
3244 847 3470 919 perinde
3495 860 3559 900 ac

1942 939 1990 994 si
2010 937 2214 996 diceret
2234 957 2249 995 :
2270 937 2478 1011 ingenti
2513 938 2698 996 scabie
2716 947 2974 1010 cooperta
3009 951 3181 1010 pecus
3199 936 3317 994 iure
3337 945 3498 1004 erat,
3527 948 3557 990 a

1941 1045 2104 1103 grege
2127 1041 2330 1088 remota
2357 1040 2442 1087 est
2468 1047 2482 1085 :
2510 1031 2581 1088 ab
2610 1031 2866 1088 Ecclesiae
2892 1039 3037 1088 ctetu
3061 1033 3286 1100 abrupta
3314 1045 3331 1096 ;
3359 1042 3551 1083 verum

1943 1120 2191 1178 morbum
2229 1119 2456 1192 depulit,
2486 1131 2651 1194 atque
2675 1121 2731 1178 in
2759 1121 3045 1194 pristinum
3078 1128 3276 1175 statum
3304 1117 3553 1175 restituta

1941 1220 2025 1269 est
2049 1229 2065 1266 :
2088 1227 2155 1270 ea
2181 1212 2325 1269 enim
2355 1211 2686 1284 pmnitentite
2713 1213 2795 1268 vis
2817 1222 2922 1270 est.
2945 1213 3027 1268 Ad
3051 1226 3268 1284 gregem
3307 1218 3555 1267 nostrum

1937 1304 2048 1374 1am
2089 1302 2269 1360 rediit.
2293 1302 2522 1360 Prorsus
2542 1318 2666 1360 eum
2703 1302 3038 1370 adiiciamus,
3061 1301 3267 1372 supinis
3305 1300 3557 1357 manibus

1941 1394 2292 1466 excipiamus,
2305 1395 2712 1466 amplectamur,
2729 1394 3126 1458 exosculamur.
3145 1393 3300 1450 nobis
3319 1393 3449 1466 ipsis
3469 1394 3558 1448 ad-

1939 1487 2365 1560 jungamus.Nisi
2389 1489 2531 1546 enim
2553 1488 2607 1544 id
2631 1488 2808 1544 facere
2826 1489 2876 1543 in
2897 1487 3133 1543 animum
3159 1486 3551 1550 induxerimus,

1943 1580 2278 1652 fraudatjam
2305 1596 2405 1638 nos
2430 1591 2665 1648 satanas,
2681 1593 2790 1637 non
2815 1594 2970 1636 suum
2988 1579 3280 1649 accipiens,
3303 1577 3401 1635 scd
3425 1593 3549 1634 eum

1940 1675 2029 1745 qui
2059 1684 2242 1731 noster
2267 1674 2488 1734 effectus
2521 1683 2624 1741 est,
2653 1689 2751 1746 per
2769 1673 3074 1732 socordiam
3099 1682 3363 1739 nostram,
3383 1681 3553 1743 atque

1963 1766 2289 1822 Inmadicuut
2319 1766 2485 1836 ipsius
2514 1781 2804 1822 mterurem
2833 1765 3188 1837 demergens,
3233 1764 3444 1835 sibique
3493 1763 3550 1819 in

1943 1868 2217 1927 posterum
2251 1873 2522 1916 asserens.
2553 1857 2638 1915 οι)
2681 1858 2842 1930 idque
2888 1860 3050 1915 etiam
3091 1857 3398 1926 subiunxit.
3431 1856 3552 1912 Non

1939 1949 2075 2005 enim
2116 1949 2280 2021 ipsius
2319 1949 2651 2023 cogitationes
2686 1949 2984 2022 ignoramus
3009 1949 3086 2022 (Ξ.
3111 1949 3232 2005 Cor.
3261 1949 3316 2005 2.
3345 1964 3398 2002 υ.
3437 1950 3548 2018 ii),

1939 2055 2136 2111 nempe
2155 2041 2300 2112 quod
2319 2042 2482 2098 etiam
2506 2057 2604 2114 per
2615 2056 2702 2109 ea,
2722 2057 2844 2113 quae
2861 2057 2984 2099 cum
3008 2041 3237 2099 utilitate
3256 2042 3548 2112 conjuncta

1937 2140 2084 2199 sunt,
2109 2147 2232 2189 cum
2255 2148 2386 2202 non,
2404 2141 2464 2191 ut
2478 2148 2574 2206 par
2595 2141 2702 2203 est,
2733 2133 2890 2199 iiunt,
2914 2149 3011 2190 eos
3027 2133 3121 2205 qui
3145 2135 3380 2189 animum
3409 2133 3556 2190 haud

1937 2226 2071 2284 satis
2092 2226 2400 2296 attendunt,
2426 2227 2481 2284 in
2505 2226 2750 2286 fraudem
2773 2227 3055 2301 impellere
3075 2228 3372 2284 consuevit.

2008 2317 2064 2375 ὅ.
2103 2318 2258 2388 Quod
2299 2319 2347 2376 si
2391 2334 2491 2391 pro
2525 2334 2593 2377 eo
2619 2320 2859 2384 scelere.
2889 2329 2946 2377 et
2972 2319 3189 2392 quidem
3221 2328 3328 2376 tam
3352 2323 3498 2392 gravi
3528 2361 3549 2385 ,

1936 2409 2080 2480 quod
2099 2409 2363 2482 quispiam
2379 2411 2673 2480 commisit,
2689 2410 2888 2468 Paulus
2906 2427 3028 2468 eum
3046 2411 3215 2468 nimio
3235 2426 3471 2469 maerore
3487 2426 3550 2468 se

1935 2501 2204 2559 conﬁcere
2231 2517 2339 2558 non
2360 2502 2509 2570 sinit,
2529 2517 2718 2559 verum
2745 2518 3011 2562 summam
3034 2503 3370 2576 diligentiam
3392 2501 3549 2560 adhi-

1933 2594 2044 2662 bet,
2063 2593 2304 2667 nihilque
2328 2610 2433 2652 non
2459 2595 2570 2668 agit
2597 2610 2662 2652 ac
2690 2597 2931 2664 molitur,
2949 2612 3057 2670 quo
3087 2597 3339 2655 mereris
3365 2607 3544 2654 tumo-

1931 2700 2046 2744 rem
2074 2687 2375 2757 exscindat,
2405 2695 2607 2744 satana
2634 2687 2885 2745 videlicet
2908 2703 2974 2744 ac
2988 2688 3188 2746 diaboli
3208 2689 3545 2747 circumscri-

1931 2780 2168 2852 ptionem
2200 2779 2509 2851 huiusmodi
2552 2779 3056 2839 immoderationem
3097 2796 3242 2850 esse,
3275 2790 3437 2854 atque
3473 2782 3544 2839 ab

1931 2873 2101 2944 ipsius
2119 2873 2355 2930 versutia
2369 2881 2426 2930 et
2445 2873 2702 2944 improbis
2724 2872 3143 2947 cogitationibus
3160 2873 3428 2945 proficisci
3454 2888 3541 2931 as~

1929 2979 2147 3023 serens:
2165 2981 2343 3023 annon
2363 2975 2622 3024 extremae
2635 2965 2877 3026 stultitia:
2896 2975 3058 3039 atque
3075 2968 3296 3025 insanire
3317 2978 3421 3035 est,
3441 2985 3543 3041 pro

1929 3059 2168 3131 peccatis
2191 3058 2386 3116 alienis
2404 3098 2421 3125 ,
2442 3067 2500 3115 et
2523 3059 2593 3116 de
2615 3059 2810 3132 quibus
2844 3060 2967 3117 aliis
2995 3059 3261 3131 judicium
3294 3061 3538 3118 subeun-

1928 3149 2057 3206 dum
2085 3164 2152 3207 ac
2177 3163 2336 3220 pmna
2374 3148 2569 3207 luenda
2594 3158 2679 3206 est
2701 3190 2717 3217 ,
2746 3149 2802 3206 in
2828 3158 2977 3206 tanto
3001 3149 3191 3208 dolore
3219 3160 3275 3208 et
3297 3152 3536 3208 cruciatu

1927 3242 2154 3306 versari,
2181 3251 2242 3298 ut
2268 3242 2430 3298 etiam
2456 3241 2809 3303 densissimas
2832 3245 3084 3301 tenebras
3105 3286 3122 3313 ,
3155 3244 3538 3319 ingentemque

1927 3333 2214 3391 tumultum
2241 3341 2299 3390 et
2334 3332 2704 3391 confusionem
2751 3348 2819 3390 ac
2846 3335 3306 3406 perturbationem
3327 3379 3343 3403 ,
3373 3347 3539 3410 atque

1928 3424 2253 3485 horrendam
2309 3434 2684 3499 tempestatem
2738 3427 2923 3485 animo
2971 3429 3233 3486 invehas?
3274 3429 3426 3498 Quod
3487 3432 3535 3487 si

1926 3519 2057 3576 mihi
2095 3531 2308 3575 rursum
2358 3516 2548 3575 eadem
2591 3517 2795 3575 dixeris
2816 3559 2834 3588 ,
2867 3519 3121 3577 nimirum
3153 3530 3207 3577 te
3231 3520 3406 3590 velle,
3435 3522 3532 3578 sed

1926 3612 2149 3670 minime
2175 3626 2360 3684 posse,
2389 3627 2605 3670 rursum
2634 3612 2732 3670 tibi
2759 3613 2949 3671 eadem
2980 3628 3195 3687 quoque
3223 3615 3340 3686 ipse
3377 3630 3532 3687 rege-

1923 3719 2064 3772 ram,
2095 3718 2290 3776 nempe
2319 3719 2498 3763 meras
2525 3706 2904 3764 excusationes
2928 3721 3212 3778 merosqne
3243 3715 3531 3777 praetextus

1925 3797 2042 3854 huic
2062 3812 2186 3855 esse
2215 3815 2231 3853 :
2263 3812 2460 3856 nervos
2484 3799 2629 3856 enim
2657 3799 3043 3873 philosophicas
3070 3801 3265 3857 animos
3297 3810 3402 3858 tute
3430 3817 3529 3858 co-

1921 3890 2102 3963 gnitos
2129 3904 2195 3946 ae
2221 3899 2534 3962 perspectos
2558 3890 2752 3949 habeo.

1995 3978 2064 4038 In
2108 3980 2323 4053 publicis
2350 3983 2727 4040 calamitatibus
2751 3983 2877 4055 quid
2902 3985 3177 4056 agendum.
3208 4017 3276 4026 —
3320 3984 3390 4042 Ut
3434 4001 3528 4041 au-

1923 4083 2031 4132 tem
2061 4075 2163 4132 alia
2190 4090 2409 4148 quoque
2437 4078 2649 4134 ratione
2684 4076 2979 4134 faciliorem
3011 4079 3103 4135 tibi
3144 4079 3403 4136 adversus
3430 4080 3528 4135 im-

1924 4179 2210 4239 portunum
2241 4165 2383 4225 hunc
2419 4177 2475 4225 et
2516 4170 2829 4241 pestiferum
2869 4184 3160 4226 mteroretu
3190 4188 3421 4243 pugnant
3463 4187 3529 4229 ac

1923 4261 2201 4319 victoriam
2251 4262 2504 4333 reddam,
2553 4264 2657 4320 hoc
2698 4280 2919 4334 rursus,
2949 4265 3092 4338 quod
3127 4266 3331 4338 juheo,
3363 4266 3528 4323 iacias

1922 4353 2106 4409 velim.
2150 4351 2284 4409 Cum
2329 4354 2562 4426 aliquem
2593 4355 2736 4414 hanc
2779 4358 3073 4428 perniciem
3100 4373 3525 4414 commemoran-

1922 4453 2030 4501 tem
2053 4445 2309 4514 audieris,
2331 4445 2401 4503 ab
2429 4447 2735 4520 hujusmodi
2761 4451 3084 4522 cogitatione
3107 4467 3266 4522 quam
3294 4452 3524 4522 primum

1921 4546 1975 4592 te
2004 4551 2245 4606 remove,
2275 4547 2436 4609 atque
2477 4537 2546 4594 ad
2579 4539 2901 4598 formidandi
2937 4542 3076 4598 illius
3105 4543 3212 4599 diei
3239 4543 3524 4615 cogitatio-

1921 4641 2044 4684 nem
2069 4642 2256 4696 curre,
2279 4636 2564 4702 tecumque
2606 4631 2935 4690 horrendum
2966 4633 3099 4690 illud
3138 4636 3370 4691 tribunal
3396 4652 3521 4693 con-

1919 4719 2118 4789 sidera,
2151 4720 2518 4792 incorruptum
2539 4721 2784 4781 iudicem
2809 4767 2824 4792 ,
2853 4727 3040 4798 igneos
3065 4742 3277 4792 amnes,
3305 4729 3398 4800 qui
3430 4744 3523 4798 pro

1919 4810 2013 4867 illo
2039 4811 2291 4869 tribunali
2319 4813 2607 4871 trahuntur
2629 4825 2684 4871 et
2716 4816 3091 4872 ardentissima
3121 4816 3339 4874 ﬂamma
3367 4819 3523 4875 ebul-

1917 4903 2055 4961 liunt
2077 4947 2093 4974 ,
2125 4917 2411 4978 peracutos
2437 4907 2680 4980 gladios,
2710 4918 2924 4967 atroces
2955 4925 3141 4982 ptenas
3164 4953 3179 4979 ,
3224 4913 3523 4969 cruciatum

1917 5000 2326 5069 sempiternum,
2360 5010 2552 5057 tetram
2579 5001 2884 5074 caliginem,
2915 5005 3214 5060 exteriores
3249 5005 3523 5074 tenebras,

1919 5091 2231 5160 pestiferum
2276 5107 2516 5148 vermem
2547 5133 2564 5160 ,
2614 5094 2826 5150 vincula
2872 5109 2992 5166 quae
3041 5095 3188 5150 nulla
3235 5096 3288 5150 vi
3350 5095 3523 5167 frangi

1918 5192 2136 5253 queant,
2178 5183 2418 5241 dentium
2464 5184 2786 5252 stridorem,
2833 5188 3087 5256 cjuiatum
3138 5186 3544 5248 consolationis

1918 5289 2230 5349 expertem,
2260 5279 2408 5336 orbis
2448 5280 2715 5338 theatrum
2737 5322 2754 5347 ,
2784 5283 2864 5337 \el
2894 5284 3070 5353 potius
3113 5281 3392 5356 utriusque
3422 5299 3522 5340 na-

1919 5378 2053 5425 tura:
2080 5369 2346 5427 theatrum
2366 5413 2382 5440 ,
2415 5371 2517 5428 hoc
2541 5381 2626 5429 est
2663 5375 2959 5444 superioris
2983 5385 3037 5431 et
3070 5374 3365 5434 inferioris.
3405 5375 3519 5432 Vir-

1918 5471 2047 5518 tutes
2070 5464 2214 5518 enim
2244 5464 2486 5519 actorum
2527 5466 2855 5521 movebuntur
2883 5466 3107 5538 (Matth.
3137 5467 3229 5525 24.
3261 5468 3372 5540 ‘29)
3398 5508 3416 5536 ,
3448 5470 3520 5525 ait

1917 5552 2180 5611 Christus.
2207 5555 2340 5612 Nam
2367 5559 2466 5614 etsi
2510 5559 2710 5617 nullius
2738 5561 2960 5616 sceleris
2989 5561 3092 5617 sibi
3133 5561 3388 5626 conscita,
3421 5572 3533 5616 nec

1911 5647 2172 5718 judicium
2202 5649 2461 5707 subitura:
2503 5662 2662 5721 sunt,
2690 5662 2872 5709 tamen
2896 5652 3202 5709 universum
3229 5652 3519 5709 hominum

1915 5759 2085 5817 genus
2110 5746 2508 5817 conspicientes
2527 5790 2542 5815 ,
2572 5756 2732 5819 atque
2761 5749 2996 5806 infinitas
3021 5750 3269 5808 nationes
3295 5758 3518 5808 causam

1917 5836 2179 5907 dicentes,
2211 5854 2319 5896 non
2347 5840 2462 5896 sine
2490 5851 2633 5898 metu
2662 5843 2766 5898 illic
2790 5845 3106 5905 adstabunt.
3129 5848 3332 5902 Tantus
3363 5844 3515 5898 vidc-
