4050 6422
575 327 640 382 59
727 266 733 274 ⁷
1212 325 1268 381 S.
1307 320 1584 380 JOANNIS
1609 315 2079 378 CIIRYSOSTOMI
2119 312 2434 372 ARCHIEP.
2476 312 3010 373 CONSTANTINOP.

537 445 663 498 licet
699 452 820 497 tunc
861 449 1034 497 terror
1055 441 1180 496 erit.
1230 440 1354 496 Haec
1395 438 1707 504 considera,
1752 451 1922 507 eaque
1962 450 2116 505 argu-

535 544 751 597 menta,
779 549 846 589 ex
892 535 1083 604 quibus
1129 533 1370 589 elabendi
1420 533 1556 588 ratio
1604 532 1748 588 nulla
1793 531 1884 586 sit.
1936 528 2120 600 Neque

535 630 678 684 enim
719 629 1116 684 accusatoribus
1139 628 1301 698 judex
1337 628 1426 684 ille
1453 641 1588 697 opus
1619 626 1800 691 habet,
1835 639 1936 681 nec
1963 623 2118 679 testi-

539 720 676 784 bus,
730 734 831 775 nec
869 720 1196 788 argumentis
1219 761 1236 788 ,
1285 734 1386 774 nec
1431 718 1838 788 probationibus
1872 734 1887 770 :
1933 729 2120 770 verum

539 810 718 864 omnia
742 850 760 875 ,
788 817 847 864 ut
869 820 1013 880 gesta
1040 819 1186 877 sunt,
1212 810 1267 865 in
1296 810 1530 866 medium
1559 807 1779 880 profert,
1814 816 1972 878 atque
1997 815 2121 862 ante

535 901 721 956 oculos
745 914 929 956 eorum
955 900 1046 970 qui
1072 899 1423 970 deliquerunt.
1446 899 1579 954 Tum
1608 912 1785 966 nemo,
1809 897 1899 968 qui
1933 911 1966 952 e
1993 910 2121 966 sup-

536 993 700 1065 plicio
741 993 970 1062 eripiat,
999 991 1276 1047 adfuturus
1305 999 1420 1052 cst.
1450 1005 1555 1045 non
1589 997 1742 1059 pater
1763 1029 1779 1053 ,
1806 1004 1911 1044 non
1942 988 2082 1043 ﬁlius
2101 1030 2116 1056 ,

539 1097 644 1138 non
675 1083 811 1147 lilia,
837 1098 940 1136 non
983 1091 1180 1147 mater,
1215 1096 1320 1136 non
1358 1081 1492 1135 alius
1530 1080 1792 1151 quispiam
1827 1087 2117 1150 cognatus,

539 1188 646 1227 non
672 1173 911 1235 vicinus.
945 1188 1050 1228 non
1094 1173 1327 1237 amicus,
1366 1186 1472 1227 non
1501 1178 1789 1240 patronus,
1821 1185 1927 1225 non
1961 1185 2120 1240 pecu-

539 1265 745 1320 niarum
795 1263 1042 1336 largitio,
1075 1279 1181 1319 non
1229 1279 1387 1334 opum
1429 1261 1752 1334 amplitudo,
1785 1277 1889 1318 non
1931 1271 2118 1317 aucto-

535 1359 708 1412 ritatis
758 1371 821 1412 ac
867 1356 1115 1425 potentia:
1157 1367 1366 1421 tumor;
1411 1370 1593 1409 verum
1641 1353 1756 1408 hare
1795 1353 1974 1408 omnia
2013 1368 2118 1408 non

535 1464 692 1504 secus
736 1463 798 1504 ac
842 1448 1016 1520 pulvis
1042 1463 1073 1505 e
1102 1447 1322 1519 pedibus
1367 1460 1586 1502 excussa
1613 1458 1756 1511 sunt,
1782 1460 1845 1502 ac
1889 1445 2035 1500 solus
2075 1445 2120 1500 is

536 1547 624 1616 qui
677 1560 889 1601 causam
942 1545 1109 1612 dicit,
1139 1560 1204 1601 ex
1257 1545 1321 1601 iis
1367 1559 1487 1616 quae
1518 1544 1587 1600 ab
1630 1543 1745 1614 ipso
1781 1551 1928 1614 gesta
1958 1549 2114 1606 sunt,

537 1639 620 1694 vel
666 1638 989 1705 absolvitur,
1029 1638 1111 1692 vel
1137 1635 1538 1693 condemnatur.
1574 1635 1722 1691 Tunc
1752 1648 1909 1690 nemo
1946 1633 2017 1688 ob
2053 1646 2116 1688 ea

536 1745 657 1797 qua:
694 1729 830 1784 alius
863 1729 1216 1799 perpetravit,
1243 1729 1295 1784 in
1330 1727 1587 1797 judicium
1628 1736 1865 1792 vocatur,
1897 1725 1990 1780 sed
2020 1740 2118 1796 pro

540 1820 603 1873 iis
623 1835 742 1890 qua:
764 1820 985 1890 ipsemet
1004 1820 1289 1875 commisit.
1314 1818 1407 1874 llis
1433 1817 1590 1888 igitur
1609 1818 1854 1873 omnibus
1879 1817 1931 1872 in
1952 1831 2115 1872 unum

536 1911 733 1966 coactis
755 1951 772 1977 ,
802 1919 962 1979 atque
993 1911 1093 1965 hoc
1122 1918 1326 1966 terrore
1353 1909 1578 1964 adaucto
1597 1949 1612 1974 ,
1656 1907 2015 1977 satanicchue
2053 1921 2117 1963 ac

540 2002 827 2070 perniciem
857 2001 1036 2055 animo
1062 2000 1306 2057 alierenti
1340 2001 1604 2056 mmstitim
1629 2000 1895 2068 opposito,
1925 2000 1997 2053 ita
2023 1998 2116 2052 de-

540 2109 683 2146 llllllll
713 2092 969 2147 adversus
989 2107 1106 2147 eam
1135 2093 1185 2146 in
1213 2094 1326 2148 acie
1349 2101 1428 2146 sta
1453 2109 1468 2146 :
1494 2093 1667 2162 inqua
1690 2092 1774 2146 vel
1803 2091 1917 2160 ipso
1936 2089 2115 2144 oblatu

539 2199 656 2238 eam
698 2184 920 2252 facilius,
948 2199 1107 2255 quam
1135 2199 1347 2241 araneae
1376 2185 1571 2252 telam,
1602 2185 1907 2255 discerpere
1956 2199 2020 2238 ac
2047 2183 2115 2238 de

540 2275 717 2330 medio
743 2275 929 2331 tollere
953 2277 1168 2345 poteris.
1196 2275 1327 2331 Nam
1357 2292 1418 2332 ea
1448 2285 1801 2346 prmterquam
1828 2275 1968 2345 quod
1999 2275 2114 2328 ina-

539 2369 622 2422 nis
646 2383 708 2422 ac
734 2384 1124 2437 supervacanea
1149 2378 1252 2436 est,
1285 2370 1472 2440 ingens
1496 2384 1707 2441 quoque
1735 2369 2112 2424 detrimentum

537 2473 600 2513 ac
622 2458 908 2528 perniciem
933 2461 1071 2529 parit
1095 2477 1108 2512 :
1137 2469 1320 2516 contra
1348 2461 1506 2516 timor
1535 2460 1624 2515 ille
1655 2459 1989 2514 necessarius
2008 2467 2113 2522 cst,

536 2557 591 2602 et
635 2550 950 2604 commodus
994 2559 1152 2619 atque
1189 2550 1364 2619 utilis,
1406 2565 1700 2621 magnoque
1742 2564 1863 2605 cum
1907 2549 2114 2605 emolu-

537 2651 718 2696 mento
751 2657 814 2698 ac
845 2643 1014 2697 fructu
1038 2643 1369 2714 conjuncttts.
1406 2643 1599 2700 Verum
1644 2643 1948 2713 imprudens
1989 2657 2114 2697 ora-

540 2733 706 2788 tionis
731 2732 928 2801 impetu
957 2733 1253 2789 abstractus
1271 2747 1388 2789 sum
1419 2751 1434 2788 :
1461 2743 1638 2804 atque,
1668 2748 1788 2789 cum
1819 2732 1870 2788 id
1897 2733 1986 2788 tibi
2010 2734 2113 2788 mi-

543 2826 684 2879 nime
708 2825 1031 2892 conveniret,
1065 2826 1166 2883 hoc
1193 2827 1318 2882 mihi
1345 2827 1579 2897 sumpsi,
1605 2837 1662 2881 ut
1697 2835 1749 2882 te
1793 2841 2066 2882 monerem
2094 2842 2108 2878 :

540 2915 670 2970 mihi
696 2917 838 2971 enim
872 2917 1042 2988 iisque
1062 2959 1076 2983 ,
1103 2919 1190 2988 qui
1221 2919 1322 2974 mei
1362 2919 1527 2974 instar
1551 2919 1810 2974 scelerum
1851 2919 1991 2974 mole
2016 2918 2112 2974 dc-

537 3007 706 3076 pressi
736 3017 896 3078 atque
934 3008 1108 3064 obruti
1141 3018 1282 3074 sunt,
1314 3009 1612 3064 necessaria
1650 3017 1733 3064 est
1760 3008 1874 3064 haec
1899 3009 2070 3064 oratio
2096 3026 2111 3064 :

539 3107 703 3155 terret
739 3101 879 3154 enim
916 3109 1076 3170 atque
1114 3101 1346 3166 excitat;
1389 3101 1477 3156 tibi
1522 3112 1699 3156 autem
1748 3111 1824 3157 tot
1861 3102 2112 3156 virtutum

538 3192 866 3246 ornamentis
886 3190 1115 3258 ﬂorenti,
1135 3202 1296 3262 atque
1317 3193 1452 3248 adeo
1481 3193 1651 3263 ipsum
1680 3192 1931 3248 caelorum
1957 3208 2112 3249 axem

534 3283 645 3352 jam
672 3282 981 3354 attingenti,
1013 3299 1081 3338 ne
1123 3283 1388 3339 tantillum
1435 3282 1649 3354 quidem
1691 3283 1896 3339 timoris
1920 3282 2114 3340 afferre

535 3383 717 3444 queat.
750 3374 950 3430 Idcirco
985 3375 1051 3429 ad
1081 3374 1310 3431 alterum
1336 3376 1567 3431 musices
1590 3390 1758 3446 genus
1781 3390 1868 3431 me
1892 3389 2115 3432 convcr-

538 3474 666 3528 tam,
695 3474 747 3519 te
767 3465 1062 3536 alloquens,
1084 3481 1147 3523 ac
1170 3481 1388 3522 nervum
1410 3467 1633 3522 alterum
1655 3466 1878 3538 pulsaho
1905 3485 1920 3520 :
1946 3481 2114 3537 quan-

537 3556 821 3627 doquidem
849 3556 934 3612 hic
962 3567 1012 3613 te
1031 3567 1204 3613 metus
1231 3559 1584 3628 perstringere
1612 3558 1816 3628 nequit,
1839 3557 1938 3612 nisi
1954 3572 2116 3628 quan-

538 3655 648 3701 tum
675 3647 887 3718 angelos
911 3662 1119 3719 quoque
1143 3649 1467 3720 perstringit.
1488 3648 1746 3716 Quocirca
1775 3649 1880 3704 huc
1904 3663 2114 3719 quoque

536 3751 638 3792 nos
681 3748 1051 3794 convertamus
1079 3754 1178 3796 :ac
1223 3748 1277 3796 tu
1311 3741 1469 3797 etiam
1511 3741 1670 3796 simul
1708 3755 1828 3796 cum
1873 3742 2115 3798 oratione

538 3840 718 3886 nostra
764 3840 816 3886 te
849 3841 1132 3900 converte,
1164 3842 1322 3904 atque
1357 3849 1541 3890 eorum
1583 3850 1701 3905 qua:
1726 3846 1871 3890 recte
1898 3842 1952 3890 et
1992 3849 2114 3889 cum

537 3920 696 3977 iaude
723 3924 930 3992 gessisti
975 3926 1191 3994 prasmia
1229 3940 1349 3979 cum
1396 3926 1574 3980 animo
1598 3934 1690 3980 tuo
1718 3935 1900 3994 reputa
1923 3967 1936 3990 ,
1970 3925 2118 3980 lucu-

542 4015 713 4070 lentas
740 4014 960 4084 palmas,
989 4015 1292 4084 splendidas
1320 4030 1565 4081 coronas,
1591 4016 1840 4071 choream
1866 4029 1986 4072 cum
2015 4017 2120 4070 vir-

538 4105 772 4174 ginibus,
798 4121 979 4161 sacros
1005 4106 1286 4173 thalamos,
1313 4107 1561 4162 eazlorum
1583 4107 1905 4170 cubiculum,
1934 4106 2116 4182 sedem

537 4210 660 4251 cum
689 4198 908 4267 angelis,
935 4197 1176 4254 ﬁduciam
1204 4206 1259 4253 et
1287 4197 1600 4253 familiarem
1621 4213 1741 4253 cum
1765 4212 1963 4267 sponso
1990 4212 2119 4254 eon-

541 4287 870 4341 suetudinem
891 4327 908 4352 ,
950 4287 1243 4343 mirabilem
1274 4287 1422 4342 illum
1447 4287 1785 4357 splendorem
1804 4327 1820 4353 ,
1845 4288 1981 4344 bona
2028 4287 2116 4342 illa

539 4394 662 4448 quae
682 4392 985 4435 sermonem
1019 4394 1230 4434 omnem
1267 4394 1332 4435 ac
1360 4380 1553 4435 mentis
1586 4388 1800 4448 captum
1826 4379 2114 4435 excedunt.

614 4470 667 4523 4.
706 4468 883 4523 Vidua
904 4473 1043 4539 ipsas
1077 4469 1305 4540 Virgines
1329 4471 1520 4524 meritis
1549 4480 1756 4540 possunt
1783 4487 2118 4540 superare.—

540 4559 620 4615 Ne
653 4574 928 4614 sermones
955 4576 1103 4615 meos
1129 4570 1408 4631 prepterea
1430 4603 1444 4627 ,
1476 4576 1637 4631 carpe
1675 4563 1815 4632 quod
1843 4573 1893 4618 te
1920 4563 1974 4617 in
2005 4563 2118 4619 vir-

539 4651 722 4718 ginum
766 4651 988 4705 chorum
1029 4659 1084 4705 et
1126 4651 1353 4707 classem
1394 4651 1768 4723 adscripserim
1812 4661 2117 4709 sanctarum

541 4741 756 4795 illarum
779 4781 796 4807 ,
824 4757 943 4810 qua:
964 4741 1015 4795 in
1045 4741 1298 4796 viduitate
1324 4741 1520 4798 vixisti.
1545 4742 1699 4813 Saepe
1723 4742 1866 4798 enim
1896 4760 1982 4799 me
2007 4755 2116 4799 tum

545 4833 786 4901 privatim
808 4873 824 4900 ,
867 4841 976 4886 tum
1007 4834 1214 4902 publice
1237 4833 1452 4898 audisti,
1482 4849 1625 4897 cum,
1658 4851 1777 4905 quae
1806 4835 2119 4906 virginitatis

544 4926 780 4981 definitio
815 4935 991 4994 esset,
1022 4927 1383 4996 explicarem,
1420 4926 1657 4997 illudque
1700 4928 2077 4984 contenderem
2099 4971 2115 4997 ,

544 5015 675 5068 nihil
704 5031 950 5084 umquam
997 5017 1374 5083 impedimento
1427 5017 1574 5082 fore,
1623 5019 1907 5087 quominus
1957 5033 2019 5074 ea
2065 5021 2115 5074 in

545 5105 805 5174 virginum
837 5121 1113 5160 numerum
1142 5115 1196 5161 et
1221 5109 1460 5162 ordinem
1492 5109 1799 5171 referretur,
1826 5111 1932 5163 imo
1955 5111 2116 5165 etiam

543 5211 636 5249 eas
665 5196 822 5265 longo
848 5197 1124 5251 intervallo
1147 5209 1454 5268 superaret,
1486 5215 1602 5269 quze
1630 5201 1681 5253 in
1725 5203 1931 5256 caeteris
1961 5203 2120 5258 rebus

546 5287 774 5356 ingentis
799 5287 1143 5359 philosophia
1187 5291 1456 5358 specimen
1504 5290 1776 5347 edidisset.
1826 5293 2006 5363 anue
2053 5294 2120 5350 de

543 5394 702 5432 causa
735 5378 926 5434 Paulus
953 5381 1144 5446 etiam,
1173 5395 1292 5435 cum
1323 5383 1578 5452 virginem
1607 5383 1964 5451 describeret,
2014 5403 2121 5442 non

545 5486 662 5524 eam
716 5471 997 5526 dumtaxat
1046 5489 1164 5543 qua:
1223 5477 1539 5531 matrimonii
1603 5479 1873 5548 virilisque
1921 5495 2118 5535 concuc

548 5560 688 5615 bitus
748 5577 940 5632 expers
992 5573 1160 5631 esset,
1221 5568 1475 5638 virginem
1545 5570 1861 5639 appellavit,
1936 5587 2120 5626 verum

550 5653 708 5706 etiam
729 5668 844 5708 eam
874 5655 956 5709 cui
984 5670 1044 5710 ea
1066 5697 1079 5718 ,
1109 5671 1226 5726 qu:e
1272 5657 1339 5713 ad
1371 5659 1461 5714 Dei
1506 5659 1704 5713 cultum
1753 5661 2117 5729 pertinerent,

551 5758 694 5800 tunc
723 5753 898 5800 essent
925 5746 969 5816 (i
1009 5747 1102 5800 Cor
1149 5748 1193 5799 7.
1247 5748 1352 5817 35).
1397 5747 1531 5814 Quin
1575 5750 1684 5818 ipse
1713 5766 1918 5820 quoque
1960 5752 2104 5805 Chri-

3700 299 3813 359 560

2228 438 2363 497 suis,
2381 432 2672 490 ostendens
2694 445 2950 506 quantum
2966 436 3326 506 eleemosyna,
3353 431 3505 504 cujus
3530 439 3584 487 tu
3609 430 3816 501 jamdiu

2224 522 2581 596 principatum
2624 534 2808 593 tenes,
2839 541 2904 582 ac
2945 540 3199 583 coronam
3247 525 3437 595 adepta
3465 539 3559 590 es,
3590 522 3818 594 virgini-

2226 616 2388 662 tatem
2406 609 2710 676 antecellat,
2735 625 2800 666 ex
2824 611 3085 680 virginum
3110 610 3278 666 choro
3295 609 3568 665 dimidiam
3601 618 3812 678 partem

2224 697 2382 768 ejecit
2401 739 2417 761 ,
2444 701 2692 769 quoniam
2721 700 2924 772 absque
2948 700 3048 756 hac
3073 701 3267 757 virtute
3295 702 3549 772 ingressae
3579 701 3814 767 fuerant,

2227 789 2312 842 vel
2349 789 2524 859 potius
2565 791 2686 861 quia
2716 806 2833 846 eam
2874 790 3013 847 haud
3039 791 3254 861 copiose
3299 792 3686 862 possidebant:
3727 798 3816 845 et-

2224 881 2364 934 enim
2404 880 2581 936 oleum
2623 882 2917 950 habebant,
2955 892 3011 938 at
3052 883 3264 954 parcius
3289 898 3448 954 quam
3474 882 3809 938 conveniret.

2225 972 2421 1027 Contra
2442 1015 2458 1040 ,
2508 988 2602 1029 eos
2631 975 2720 1044 qui
2751 975 2866 1030 sine
2895 975 3194 1046 virginitate
3239 983 3614 1040 accesserant,
3667 971 3814 1044 quod

2226 1063 2590 1118 misericordia
2620 1067 2791 1121 ornati
2820 1075 3029 1133 essent,
3060 1067 3349 1123 honoriﬁce
3368 1069 3616 1136 excepit,
3649 1066 3816 1123 bene-

2224 1154 2395 1210 dictos
2423 1155 2591 1211 Patris
2621 1157 2702 1212 sui
2729 1173 2824 1212 eos
2848 1158 3122 1229 appellans
3142 1199 3157 1222 ,
3183 1158 3248 1212 ad
3279 1174 3338 1214 se
3367 1174 3566 1214 vocans
3590 1200 3606 1226 ,
3630 1159 3811 1230 regni-

2223 1260 2327 1315 que
2348 1244 2697 1303 hcreditatem
2721 1249 3193 1320 ipsisimperticns,
3220 1264 3284 1305 ac
3308 1259 3580 1320 spectante
3594 1250 3810 1305 univer-

2222 1353 2283 1394 so
2300 1349 2560 1396 terrarum
2577 1342 2706 1396 orbe
2719 1343 2945 1398 virtutes
2955 1358 3139 1398 eorum
3157 1343 3452 1413 prmdicans
3469 1342 3809 1415 (Mattk35):

2221 1441 2380 1500 atque
2403 1433 2540 1489 adeo
2566 1435 2915 1504 praesentibus
2953 1435 3157 1506 angelis
3195 1445 3356 1506 atque
3385 1437 3633 1492 universo
3658 1450 3813 1491 mor-

2224 1522 2405 1577 talium
2434 1538 2629 1594 genere
2652 1564 2668 1590 ,
2701 1524 2846 1595 ipsos
2875 1526 3123 1580 nutritios
3151 1535 3206 1580 et
3235 1525 3474 1595 hospites
3512 1540 3637 1582 suos
3663 1541 3810 1580 nun-

2221 1629 2417 1685 cupare
2437 1631 2542 1670 non
2569 1615 2848 1672 dubitavit.
2882 1617 3029 1673 Hanc
3055 1628 3108 1673 tu
3137 1633 3349 1689 quoque
3378 1618 3588 1674 beatam
3617 1633 3808 1676 vocem

2223 1716 2346 1762 tunc
2373 1707 2586 1774 audies;
2631 1706 2770 1764 hanc
2813 1719 2866 1763 tu
2899 1708 3199 1764 mercedem
3241 1709 3571 1780 amplissime
3617 1725 3811 1768 conse-

2221 1797 2424 1867 queris.
2451 1797 2618 1854 Porro
2642 1812 2762 1853 cum
2778 1814 2875 1869 pro
2890 1800 3231 1872 eleemosyna
3255 1801 3368 1856 sola
3389 1811 3531 1856 tanta
3563 1803 3809 1873 pramia,

2221 1895 2382 1942 tanta:
2410 1902 2652 1951 coronae,
2687 1898 2828 1942 tanta
2853 1888 3067 1946 claritas
3090 1931 3105 1957 ,
3138 1898 3314 1945 tantus
3356 1891 3628 1963 splendor,
3661 1902 3807 1948 tanta

2216 1978 2385 2047 gloria
2407 1977 2750 2048 percipiatur,
2783 1979 2827 2033 si
2862 1979 2993 2034 alias
3021 1995 3233 2050 quoque
3261 1982 3472 2036 virtutis
3500 1992 3602 2037 tuae
3626 1991 3810 2053 partes

2220 2083 2550 2137 recenseam,
2577 2084 2734 2140 quam
2786 2070 3000 2126 tandem
3050 2072 3257 2127 veniam
3311 2073 3553 2130 obtinere
3595 2089 3764 2146 queas
3787 2116 3805 2142 ,

2219 2176 2338 2230 quae
2373 2176 2494 2216 cum
2539 2161 2660 2218 ideo
2694 2161 2888 2218 festum
2917 2177 3097 2234 agere,
3148 2165 3440 2234 exsultare,
3481 2166 3672 2222 choros
3707 2167 3810 2222 du-

2219 2266 2342 2308 cere
2365 2295 2380 2321 ,
2409 2267 2471 2308 ac
2494 2267 2691 2308 corona
2731 2261 2888 2324 caput
2936 2253 3206 2311 devincire
3264 2255 3491 2312 deberes
3512 2297 3529 2324 ,
3583 2257 3809 2328 teipsam

2221 2353 2403 2400 contra
2425 2388 2440 2414 ,
2471 2348 2594 2416 quia
2621 2347 2756 2401 alius
2783 2346 2964 2402 furore
2987 2356 3174 2416 captus
3201 2356 3303 2414 est,
3319 2347 3455 2403 alius
3479 2347 3808 2418 pracipitem

2207 2451 2280 2491 se
2304 2436 2484 2504 dedit,
2509 2452 2708 2508 angore
2727 2437 2978 2494 conﬁcias
2994 2480 3011 2506 ,
3041 2438 3355 2510 facilemque
3381 2440 3613 2508 diabolo,
3642 2454 3809 2512 quem

2221 2528 2287 2583 ad
2319 2530 2459 2584 hunc
2485 2543 2652 2600 usque
2691 2529 2832 2585 diem
2860 2531 3132 2586 lancinare
3155 2547 3262 2587 non
3304 2532 3575 2599 destitisti,
3612 2531 3807 2588 adver-

2221 2634 2312 2676 sus
2358 2629 2598 2676 sanctam
2627 2621 2857 2675 animam
2885 2633 3030 2676 tuam
3062 2622 3333 2678 incursum
3381 2623 3618 2679 reddas?
3668 2623 3808 2681 Nam

2220 2710 2347 2780 quid
2373 2711 2574 2765 variam
2593 2725 2656 2767 ac
2682 2712 3031 2782 multiplicem
3060 2715 3372 2785 patientiam
3395 2725 3540 2770 tuam
3567 2730 3809 2772 comme-

2218 2803 2461 2857 morem?
2480 2817 2599 2872 qua:
2628 2803 2800 2858 oratio
2819 2843 2834 2870 ,
2864 2804 3006 2875 quod
3031 2803 3268 2860 historia:
3314 2806 3564 2862 volumen
3591 2806 3658 2861 ad
3683 2821 3806 2864 eam

2220 2907 2335 2948 rem
2367 2893 2497 2947 mihi
2517 2893 2646 2950 satis
2665 2909 2786 2950 esse
2815 2905 3015 2966 queat,
3042 2897 3087 2952 si
3105 2897 3436 2953 calamitates
3464 2913 3556 2954 eas
3576 2940 3592 2965 ,
3614 2913 3746 2967 quas
3769 2913 3804 2954 a

2219 2983 2405 3053 puerili
2432 2993 2588 3040 aetate
2613 2985 2677 3040 ad
2705 2985 2806 3040 hoc
2835 3003 3002 3058 usque
3027 2997 3232 3058 tempus
3271 2991 3530 3059 pertulisti
3555 3031 3570 3056 ,
3619 3006 3807 3047 recen-

2219 3091 2340 3133 scre
2366 3078 2522 3133 velim
2547 3096 2560 3144 ;
2592 3077 2692 3133 hoc
2715 3089 2829 3145 est,
2856 3095 2988 3150 quas
3015 3089 3119 3134 tam
3148 3096 3176 3134 a
3206 3081 3310 3138 tuis
3329 3125 3343 3147 ,
3376 3098 3534 3154 quam
3564 3083 3632 3139 ab
3669 3085 3805 3140 alie-

2220 3171 2303 3224 nis
2325 3211 2341 3236 ,
2391 3179 2497 3225 tam
2521 3171 2590 3224 ab
2628 3171 2848 3238 amicis,
2877 3187 3035 3243 quam
3081 3173 3148 3228 ab
3174 3173 3445 3243 hostibus,
3487 3184 3591 3230 tam
3623 3176 3692 3232 ab
3734 3175 3806 3236 iis

2219 3262 2308 3331 qui
2332 3269 2507 3317 tecum
2550 3279 2747 3334 genere
2787 3264 3057 3335 conjuncti
3098 3274 3285 3332 erant,
3335 3282 3492 3338 quam
3521 3269 3611 3339 qui
3655 3269 3806 3326 nullo

2221 3356 2629 3426 propinquitatis
2671 3356 2838 3426 gradu
2867 3366 2918 3412 te
2943 3359 3307 3429 attingebant,
3357 3369 3462 3414 tam
3509 3362 3672 3417 abiis
3711 3361 3805 3433 qui

2221 3447 2455 3517 petentia
2483 3446 2743 3503 ﬂorebant
2765 3490 2780 3514 ,
2809 3464 2968 3519 quam
3021 3450 3089 3506 ab
3127 3450 3418 3506 humilibus
3460 3461 3514 3507 et
3542 3452 3802 3523 abjeetis,

2222 3547 2327 3592 tam
2349 3538 2416 3594 ab
2442 3539 2507 3592 iis
2533 3539 2624 3609 qui
2671 3540 2982 3610 magistratu
3029 3540 3403 3610 fungebantur,
3431 3558 3590 3612 quam
3621 3558 3650 3597 a
3690 3543 3809 3612 pri-

2222 3629 2360 3684 vatis
2379 3667 2396 3696 ,
2439 3643 2504 3684 ac
2529 3629 2756 3700 denique
2785 3633 2854 3686 ab
2896 3631 2960 3686 iis
2980 3631 3068 3702 qui
3095 3631 3233 3687 inter
3261 3633 3485 3690 clericos
3510 3635 3806 3690 censeban-

2225 3728 2331 3786 tur,
2353 3721 2638 3790 accepisti?
2666 3721 2807 3777 Nihil
2833 3723 2974 3777 enim
3021 3723 3209 3777 horum
3239 3733 3355 3789 est,
3385 3724 3526 3794 quod
3545 3765 3560 3791 ,
3591 3725 3636 3778 si
3656 3723 3806 3794 sigil-

2221 3809 2366 3864 latim
2387 3811 2455 3866 ab
2483 3812 2658 3882 aliquo
2683 3811 2966 3878 referatur,
2995 3814 3254 3885 integram
3287 3816 3562 3871 historiam
3587 3816 3805 3872 efﬁcere

2222 3911 2467 3970 nequeat.
2499 3902 2648 3970 Quod
2679 3903 2721 3957 si
2767 3905 2885 3973 quis
2935 3904 3002 3960 ad
3032 3905 3133 3960 alia
3171 3905 3283 3974 jam
3330 3908 3552 3974 hujusce
3593 3908 3806 3964 virtutis

2221 4007 2418 4063 genera
2464 4009 2522 4050 se
2552 4004 2863 4060 convertat,
2918 4011 3115 4067 easque
3140 3998 3491 4066 afﬁictiones,
3522 4014 3654 4070 quas
3693 4014 3802 4055 non

2217 4084 2327 4154 jam
2357 4083 2482 4152 alii,
2503 4085 2595 4140 sed
2624 4087 2850 4157 ipsamet
2883 4087 2977 4142 tibi
3003 4089 3326 4144 accersivisti
3345 4131 3361 4158 ,
3383 4091 3624 4146 oratione
3652 4105 3804 4147 com-

2225 4177 2509 4247 plectatur,
2533 4178 2675 4248 quod
2701 4194 2910 4245 saxum,
2944 4180 3084 4249 quod
3116 4180 3334 4248 ferrum,
3362 4199 3520 4254 quem
3545 4184 3802 4239 adaman-

2224 4278 2330 4325 tem
2351 4285 2457 4325 non
2479 4271 2709 4341 reperiet
2725 4272 2819 4326 abs
2841 4280 2894 4328 te
2918 4275 3252 4342 superatum?
3275 4273 3405 4329 Nam
3432 4290 3550 4330 cum
3583 4290 3806 4333 carnem

2224 4375 2392 4431 usque
2427 4360 2562 4417 adeo
2584 4371 2818 4416 teneram
2846 4378 2908 4417 ac
2932 4362 3213 4419 delicatam
3240 4407 3255 4432 ,
3287 4375 3448 4436 atque
3476 4365 3621 4420 omni
3648 4366 3807 4422 luxus

2223 4454 2406 4524 generi
2433 4462 2697 4509 assuetam
2724 4456 3050 4526 accepisses,
3091 4473 3210 4512 eam
3254 4458 3413 4512 variis
3431 4457 3808 4515 alllietionibus

2224 4546 2296 4600 ita
2325 4546 2663 4616 oppugnasti,
2686 4556 2745 4601 ut
2766 4563 2907 4603 nunc
2932 4548 3101 4604 nihilo
3121 4549 3342 4606 meliore
3363 4559 3504 4605 statu
3525 4551 3616 4616 sit,
3645 4567 3806 4622 quam

2223 4640 2268 4695 si
2295 4657 2511 4712 prorsus
2531 4643 2788 4698 exstincta
2819 4653 2964 4700 esset
2995 4661 3010 4698 :
3054 4653 3256 4700 tantum
3281 4645 3425 4700 enim
3473 4645 3526 4700 in
3551 4661 3615 4700 ea
3663 4660 3805 4702 mor-

2225 4733 2413 4789 borum
2443 4750 2664 4790 examen
2701 4737 2942 4792 excitasti
2963 4777 2979 4803 ,
3002 4745 3133 4793 utet
3157 4737 3486 4793 medicorum
3512 4748 3716 4804 artem,
3751 4748 3811 4797 ct

2225 4829 2734 4884 medicamentorum
2761 4831 2866 4884 vim
2897 4845 2959 4884 ac
2989 4830 3291 4884 facultatem
3312 4873 3327 4897 ,
3359 4841 3415 4886 ct
3461 4845 3621 4886 omne
3650 4846 3810 4886 cura-

2225 4922 2385 4976 tionis
2410 4937 2578 4992 genus
2605 4922 2808 4989 vincat,
2834 4931 2994 4993 atque
3020 4923 3132 4993 ipsa
3155 4925 3208 4977 iu
3235 4923 3503 4993 perpetuis
3530 4923 3810 4980 doloribus

2223 5015 2474 5070 versetis.

2295 5107 2349 5162 5.
2377 5105 2690 5178 Olympiadis
2718 5111 3019 5168 virtutea.-
3040 5109 3160 5165 Jam
3176 5123 3306 5165 vero
3320 5109 3366 5165 si
3391 5110 3510 5181 quis
3549 5117 3696 5165 tuam
3747 5111 3804 5167 in

2225 5215 2408 5257 mensa
2439 5201 2564 5256 etin
2590 5203 2865 5258 nocturnis
2885 5201 3079 5272 vigiliis
3107 5203 3442 5258 tolerantiam
3469 5210 3523 5257 et
3545 5201 3809 5271 asperita-

2227 5303 2332 5349 tem
2360 5307 2626 5362 exponere
2655 5294 2810 5358 velit,
2838 5309 2940 5363 qua
2968 5301 3150 5348 utatur
3174 5294 3450 5349 oratione?
3477 5293 3808 5364 Quamquam

2225 5384 2570 5439 continentiae
2611 5392 2704 5439 aut
2733 5385 3027 5439 tolerantiae
3072 5385 3333 5439 vocabulo
3361 5385 3411 5437 in
3445 5392 3497 5438 te
3533 5384 3645 5453 jam
3699 5400 3809 5438 non

2225 5476 2466 5548 estquod
2489 5477 2748 5547 quispiam
2776 5487 2952 5532 utatur
2986 5496 2997 5531 :
3031 5492 3218 5532 verum
3248 5475 3390 5531 aliud
3413 5476 3496 5530 his
3526 5476 3811 5532 virtutibus

2228 5551 2419 5624 nomen
2451 5571 2622 5624 multo
2644 5571 2985 5640 prmstantius
3005 5571 3388 5641 exquirendum
3411 5579 3512 5625 est.
3533 5570 3809 5640 Siquidem

2226 5677 2344 5717 eum
2373 5662 2698 5718 continentia
2723 5677 2784 5716 ac
2813 5663 3089 5718 tolerantia
3119 5661 3392 5730 prmditum
3412 5674 3530 5715 esse
3561 5661 3808 5727 dicimus,

2229 5756 2316 5824 qui
2349 5755 2636 5825 cupiditate
2664 5755 2837 5818 aliqua
2869 5764 3110 5825 vexatur,
3146 5769 3367 5822 eamque
3396 5753 3672 5809 vincit.Tu
3703 5767 3805 5807 au-
