4050 6424
227 356 332 418 359

225 482 342 538 ἐκεῖ
362 475 766 548 παρεστήκασι.
796 471 1064 536 Τοσοῦτος
1091 471 1122 525 6
1152 466 1315 539 φόϐος
1333 463 1478 520 τότε.
1501 460 1693 518 Ταῦτα
1711 458 1822 512 τοί-

226 589 324 628 νυν
352 573 550 638 ἐννόει,
601 571 698 626 καὶ
730 572 858 634 τοῦς
898 567 1178 638 ἀφύκτους
1209 563 1488 633 ἐλέγχους.
1529 556 1667 613 Οὐδὲ
1715 553 1829 626 γάρ

229 670 557 742 κατηγόρεον
583 669 758 723 δεῖται
783 667 993 729 ἐκεῖνος
1013 667 1043 718 6
1062 662 1343 733 δικαστὴς,
1364 658 1487 712 οὐδὲ
1509 652 1826 728 μαρτύρων,

228 766 352 820 οὐδε
384 765 740 832 ἀποδείξων,
761 762 886 818 ούδέ
920 761 1184 833 ἐλέγχων,
1209 757 1346 813 ἀλλά
1366 751 1637 817 πάνταώς
1659 749 1832 821 ἐπρά-

231 861 336 933 χθη
366 861 526 934 φέρει
555 863 638 926 είς
675 861 843 933 μέσον
869 859 968 914 καὶ
999 858 1109 930 πρὸ
1134 856 1246 911 τῶν
1276 849 1573 925 ὀφθαλμῶν
1593 847 1706 904 τῶν
1734 865 1832 902 πε-

235 959 734 1030 κλημμεληκότων.
780 956 915 1011 Τότε
955 954 1136 1018 οὐδεὶς
1170 955 1200 1008 6
1225 950 1600 1025 παρεσόμενος
1622 945 1717 1000 καὶ
1745 944 1834 1010 ἐξ·

234 1057 503 1126 αρπάσων
530 1055 632 1126 τῆς
662 1053 960 1126 τιμωρίας,
979 1051 1042 1106 οὐ
1079 1050 1286 1123 πατὴρ,
1303 1049 1402 1120 οὐχ
1423 1046 1561 1110 υίὸς,
1579 1044 1640 1101 οὐ
1669 1041 1836 1111 θυγάμ

233 1165 362 1227 τηρ,
386 1151 453 1205 οὐ
488 1152 694 1223 μήτηρ,
727 1149 830 1204 οὐκ
867 1147 1029 1212 ἀλλος
1072 1164 1158 1212 τις
1201 1142 1493 1215 συγγενής,
1516 1141 1578 1195 οὐ
1613 1139 1832 1209 γείτων,

234 1247 299 1302 οὐ
329 1248 509 1319 φίλος,
528 1247 591 1302 οὐ
615 1246 946 1319 συνήγορος,
971 1244 1034 1298 οὐ
1051 1241 1352 1315 χρημάτων
1377 1238 1546 1302 δόσις,
1580 1235 1644 1290 οὐ
1673 1233 1837 1289 πλού-

235 1361 330 1398 του
358 1343 670 1415 περιουσία,
693 1343 756 1398 οὐ
776 1339 1105 1405 δυναστείας
1127 1338 1315 1407 δγκος,
1335 1333 1477 1390 ἀλλά
1504 1332 1684 1387 πάντα
1705 1327 1836 1384 ταῦ-

235 1458 306 1498 τα
337 1441 533 1514 ὥσπερ
567 1441 717 1505 κόνις
742 1437 990 1494 ἐκποδὼν
1025 1435 1310 1509 ἐλήλαται,
1346 1429 1442 1486 καὶ
1475 1429 1636 1501 μόνος
1655 1429 1685 1482 6
1715 1443 1839 1498 κρι-

237 1538 466 1612 νόμενος
501 1537 613 1593 ἀπὸ
638 1537 748 1592 τῶν
790 1534 942 1608 αὐτῷ
994 1531 1425 1606 πεπραγμένων,
1457 1527 1493 1600 ἢ
1542 1526 1642 1599 τήν
1686 1523 1834 1578 ἐλευ-

239 1633 533 1706 θεροῦσαν,
566 1634 602 1707 ἢ
629 1632 728 1705 τήν
763 1630 1092 1696 δικάζουσαν
1149 1627 1413 1698 ὑπομένει
1456 1621 1661 1694 ψῆφον.
1702 1619 1838 1674 Τότε

237 1731 419 1796 οὐδεὶς
456 1731 601 1803 ὑπὲρ
647 1723 725 1786 ὧν
773 1728 930 1792 ἀλλος
973 1724 1371 1798 ἐπλημμέλησε
1405 1720 1675 1792 κρίνεται,
1722 1716 1840 1772 ἀλλ’

243 1829 390 1902 ὑπὲρ
414 1821 494 1885 ὧν
530 1827 692 1893 αὐτὸς
725 1827 961 1890 ἕκαστος
999 1825 1242 1896 ἥμαρτε.
1281 1819 1471 1875 Ταῦτα
1496 1813 1593 1874 οῦν
1626 1817 1841 1872 ἅπαντα

245 1924 660 1994 συναγαγοῦσα,
687 1923 782 1979 καὶ⁹
808 1923 903 1977 τὸν
945 1919 1114 1992 φόϐον
1165 1918 1355 1974 τοῦτον
1383 1931 1412 1961 ι
1459 1914 1838 1986 ἐξογκώσασα,

244 2023 343 2078 καὶ
364 2022 748 2095 ἐπιτειχίσασα
765 2023 833 2095 τῇ
885 2021 1156 2093 σατανικῇ
1181 2018 1275 2074 καὶ
1303 2015 1642 2089 ψυχοϐλαϐετ
1669 2013 1839 2086 λύπῃ,

243 2119 426 2184 οὕτως
452 2122 512 2175 ἐν
538 2121 607 2192 τῇ
632 2119 770 2191 πρὸς
794 2117 966 2191 αὐτήν
1002 2116 1161 2190 στῆθι
1202 2114 1529 2188 παρατάξει,
1552 2114 1612 2167 ἐν
1746 2111 1842 2166 καὶ

247 2220 482 2286 φανεῖσα
514 2217 698 2288 μόνον,
726 2214 972 2288 ἀράχνης
1014 2213 1185 2286 αὐτὴν
1215 2211 1584 2285 εὐκολώτερον
1612 2206 1846 2264 διασπά-

248 2331 343 2370 σαι
394 2315 492 2369 καὶ
521 2313 784 2384 ἀφανίσαι
827 2313 1057 2388 δυνήσῃ.
1087 2310 1239 2382 Δύτή
1280 2309 1382 2382 μέν
1424 2308 1538 2380 γὰρ
1568 2305 1706 2379 μετά
1747 2304 1845 2358 τοῦ

252 2411 488 2483 μάταιος
515 2409 656 2466 εῐναι
679 2410 708 2452 δ
727 2409 824 2465 καὶ
850 2408 1104 2483 περιττὴ,
1138 2408 1234 2462 καὶ
1261 2405 1505 2478 ὀλέθριος
1525 2402 1730 2474 σφόδρα
1750 2400 1846 2456 καὶ

251 2509 514 2582 βλαϐεράο
541 2510 751 2574 ἐκεῖνος
774 2507 833 2563 δέ
866 2508 962 2563 καὶ
985 2507 1282 2576 ἀναγκαῖος
1310 2506 1341 2558 6
1368 2503 1553 2575 φόϐος,
1587 2501 1684 2557 καὶ
1711 2499 1849 2572 χρήο

252 2623 415 2676 σιμος
449 2605 548 2660 καὶ
568 2605 884 2677 ἐπωφελής,
911 2606 1007 2660 καὶ
1031 2605 1174 2670 ,πολύ
1198 2603 1262 2658 16
1280 2603 1473 2676 κέρδος
1506 2601 1666 2673 ἔχων.
1685 2597 1847 2653 Ἀλλά

252 2702 362 2774 γὰρ
419 2702 611 2758 ἐλαθον
659 2702 766 2758 ὑπὸ
795 2704 898 2776 τῆς
923 2703 1019 2758 τοῦ
1069 2703 1229 2772 λόγου
1261 2701 1444 2774 ῥύμης
1481 2697 1844 2772 παρασυρεὶς,

253 2799 349 2854 καὶ
391 2799 492 2871 οὐχ
531 2800 883 2872 άρμόζουσάν
929 2816 1012 2854 σοι
1066 2797 1273 2870 ταύτην
1327 2796 1699 2868 ποιησάμενος
1748 2791 1850 2865 τήν

255 2895 602 2968 ¹παραίνεσιν·
634 2898 760 2970 ἐμοὶ
792 2897 892 2969 μὲν
940 2899 1050 2969 γὰρ
1096 2898 1190 2951 καὶ
1234 2897 1350 2959 τοῖς
1383 2895 1504 2950 κατ’
1551 2893 1654 2964 ἐμὲ
1688 2889 1850 2962 βεϐα-

255 2993 580 3065 πτισμένοις
619 2994 1041 3067 ἁμαρτημάτων
1083 2993 1279 3066 πλήθει
1307 2992 1604 3062 ἀναγκαῖος
1635 2981 1792 3051 οὗτος
1820 2987 1850 3040 6

256 3087 433 3158 λόγος·
461 3089 621 3160 φοϐεῖ
644 3090 756 3163 γάρ
790 3091 887 3145 καὶ
931 3089 1257 3162 διανίστησιο
1293 3087 1354 3142 σέ
1384 3086 1442 3141 δέ
1480 3088 1540 3140 ἐν
1576 3084 1851 3148 τοσούτοις

253 3185 650 3260 κατορθώμασι
703 3187 989 3260 κομῶσαν,
1039 3187 1136 3242 καὶ
1177 3186 1351 3257 αὐτῆς
1378 3185 1482 3257 ήδη
1515 3184 1619 3256 τῆς
1664 3183 1852 3253 ἁψῖδος

254 3281 367 3336 τῶν
388 3283 638 3356 οὐρανῶν
665 3283 977 3356 ἀψαμένην,
1011 3282 1133 3337 οὐδὲ
1167 3281 1355 3346 ἁπλῶς
1393 3280 1606 3335 νύττειν
1647 3278 1853 3335 δύναιτ’

255 3382 347 3438 ἂν.
380 3379 475 3434 Διὸ
502 3380 640 3453 πρὸς
666 3380 862 3453 ἐτέραν
889 3381 1304 3452 καταστήσομαι
1346 3377 1614 3451 μελῳδίαν
1637 3376 1774 3448 πρὸς
1796 3375 1857 3430 σὲ

257 3479 667 3552 διαλεγόμενος,
721 3481 819 3535 καὶ
877 3479 1072 3552 ἐτέραν
1143 3477 1556 3550 ἀνακρούσομαι
1623 3476 1856 3549 νευρὰν,

259 3575 448 3649 ἐπειδή
477 3592 574 3631 σου
598 3568 755 3643 οὗτος
781 3578 811 3630 6
839 3576 1003 3646 φόϐος
1020 3573 1344 3630 καθικέσθαι
1368 3575 1429 3628 οὐ
1451 3573 1699 3640 δύναται,
1716 3572 1858 3642 πλὴν

260 3671 386 3727 δσον
423 3673 520 3728 καὶ
571 3673 684 3728 τῶν
729 3673 998 3743 ἀγγέλων.
1025 3671 1482 3745 Μεταταξώμεθα
1531 3671 1714 3726 τοίνυν
1763 3671 1860 3724 καὶ

260 3770 444 3844 δεῦρο,
468 3772 562 3826 καὶ
590 3770 734 3844 αὐτὴ
764 3769 1066 3843 μετάστηθι
1092 3771 1232 3843 μετά
1257 3771 1351 3825 τοῦ
1389 3770 1572 3839 λόγου,
1604 3768 1700 3823 καὶ
1731 3768 1859 3822 ἀνα·

265 3870 482 3941 λογίζου
531 3872 641 3927 τῶν
669 3871 1129 3945 κατωρθωμάτων
1168 3889 1262 3926 σου
1296 3871 1398 3936 τὰς
1443 3871 1762 3935 ἀντιδόσεις,
1791 3868 1862 3923 10

270 3968 503 4041 βραϐεῖα
522 3970 592 4024 τά
623 3969 874 4042 λαμπρά,
921 3970 1051 4034 106;
1083 3968 1344 4041 φαιδροὺς
1392 3967 1715 4036 στεφάνους,
1761 3966 1861 4040 τὴν

270 4065 409 4137 μετά
429 4068 539 4121 τῶν
565 4065 854 4138 παρθένων
877 4065 1118 4138 χορείαν,
1134 4065 1234 4130 τὰς
1261 4065 1543 4129 παστάδας
1567 4064 1665 4130 τάς
1686 4063 1861 4135 ίεράς,

267 4164 361 4217 16v
388 4162 659 4234 νυμφῶνα
689 4165 798 4218 τῶν
822 4161 1069 4234 οὐρανῶν
1101 4171 1154 4227 ε,
1178 4163 1278 4231 τὴν
1309 4162 1449 4234 μετά
1476 4162 1587 4218 τῶν
1612 4162 1864 4232 ἀγγέλων

269 4260 444 4332 λῆξιν,
475 4261 577 4334 τὴν
603 4261 743 4334 πρὸς
763 4261 854 4316 τὸν
892 4262 1128 4333 νυμφίον
1158 4260 1474 4334 παρρησίαν
1500 4261 1597 4315 καὶ
1622 4260 1859 4333 ὁμιλίαν,

269 4353 369 4423 τὴν
396 4353 722 4425 θαυμαστήν
743 4353 1034 4426 δᾳδουχίαν
1072 4355 1312 4427 ἐκείνην,
1347 4353 1419 4409 10
1448 4354 1631 4424 ἀγαθά
1658 4355 1728 4409 10
1769 4354 1864 4409 καὶ

269 4444 429 4516 λόγον
460 4449 557 4502 καὶ
581 4447 706 4502 νοῦν
733 4446 1154 4519 ὑπερϐαίνοντα.
1708 4466 1710 4470 τ

340 4533 402 4589 δπ.
435 4533 598 4588 Ἀλλά
627 4535 701 4606 μή
724 4552 826 4606 μου
851 4534 962 4588 τῶν
991 4533 1167 4602 λόγων
1194 4533 1452 4606 ἐπιλάϐῃ,
1484 4535 1534 4589 εί
1555 4533 1650 4587 καὶ
1667 4534 1747 4598 είς
1771 4533 1865 4588 τὸν

273 4625 434 4696 χορὸν
460 4625 570 4680 τῶν
599 4627 885 4699 παρθένων
919 4644 980 4680 σε
1010 4625 1382 4698 κατελέξαμεν
1407 4627 1501 4681 τὸν
1533 4625 1704 4695 ἀγίων
1727 4625 1867 4680 ἐκεί·

274 4735 400 4784 νων,
438 4720 497 4771 ἐν
520 4719 718 4792 χηρείᾳ
756 4720 1106 4790 βεϐιωκυϊαν.
1135 4721 1418 4784 Ἤκουσας
1450 4719 1562 4793 γάρ
1592 4737 1694 4791 μου
1734 4719 1865 4774 πολι

274 4807 432 4872 λάκις
461 4809 560 4864 καὶ
618 4809 724 4883 ίδίᾳ
762 4811 856 4864 καὶ
884 4809 1123 4883 δημοσίᾳ
1153 4809 1563 4882 διαλεγομένου,
1608 4811 1694 4876 τίς
1735 4811 1866 4866 ποτέ

277 4901 392 4956 ἐστι
416 4902 518 4972 τῆς
541 4901 839 4972 παρθενίας
857 4903 886 4955 6
906 4901 1053 4973 690;,
1077 4903 1174 4955 καὶ
1200 4901 1277 4966 ὡς
1309 4902 1410 4956 οὐκ
1431 4901 1498 4956 ἀν
1519 4901 1671 4975 [559]
1691 4901 1869 4957 κωλυ-

275 4992 427 5064 θείης
470 4993 605 5047 ποτέ
649 4992 732 5056 εῐς
764 5007 845 5048 ’τε
872 4993 967 5048 τὸν
998 4994 1226 5048 ἐκείνων
1267 4994 1642 5065 καταλεγῆναι
1684 4995 1868 5069 χορὸν,

277 5087 484 5160 μᾶλλον
523 5084 582 5141 δὲ
617 5086 712 5139 καὶ
743 5085 961 5150 ἐκείνας
1012 5085 1324 5158 ὑπερϐῆναι
1364 5086 1504 5158 μετὰ
1537 5086 1872 5159 πολλῆς-τῆς

277 5177 625 5251 περιουσίας,
673 5178 709 5248 ή
751 5176 955 5250 πολλὴν
988 5177 1046 5233 ἐν
1091 5180 1207 5238 τοῖς
1250 5176 1433 5241 01101;
1480 5176 1870 5248 ἐπιδειξαμένη

278 5270 623 5342 φιλοσοφίαν.
648 5271 748 5325 Διά
774 5287 857 5324 τοι
898 5270 1057 5324 τοῦτο
1087 5271 1117 5324 6
1141 5269 1354 5334 Παῦλος
1386 5271 1512 5342 ὅρον
1539 5271 1641 5341 τῆς
1667 5271 1876 5347 11090:-

279 5364 396 5428 νίας
420 5363 617 5428 τιθεὶς,
643 5363 705 5416 οὐ
746 5363 846 5436 τήν
887 5363 1269 5436 ἀπειρόγαμον
1306 5365 1402 5418 καὶ
1440 5364 1876 5437 ἀπηλλαγμένην

286 5454 573 5518 συνουσίας
609 5454 806 5526 ἀνδρὸς
863 5455 1137 5525 παρθένον
1173 5457 1456 5523 ἐκάλεσεν,
1511 5457 1652 5511 0110
1682 5457 1780 5529 τὴν
1809 5457 1879 5510 τὰ

283 5546 376 5602 τοῦ
394 5545 597 5617 Κυρίου
622 5547 997 5620 μεριμνῶσαν.
1026 5549 1138 5602 Καὶ
1166 5549 1329 5613 αὐτὸς
1361 5548 1418 5603 δὲ
1449 5551 1478 5603 6
1516 5551 1754 5621 X91016;
1778 5550 1879 5605 δει-

346 5685 372 5715 '
405 5685 517 5733 Duo
535 5697 651 5732 mss.
676 5685 758 5732 καὶ
778 5685 849 5760 τῷ
872 5684 1006 5794 φόϐῳ
1028 5684 1202 5750 τούτῳ.
1234 5684 1376 5737 Alius
1407 5687 1478 5752 τῷ
1678 5689 1875 5740 τούτων.

347 5746 374 5786 1³
399 5748 508 5794 Ι)υο
524 5759 642 5794 mss.
666 5763 843 5794 ματαία
861 5764 882 5794 ε
902 5763 992 5794 ναι.

347 5746 374 5786 1³
399 5748 508 5795 Ι)υο
524 5759 642 5795 mss.
666 5746 843 5806 ματαία
861 5746 992 5796 εἶναι.

349 5809 373 5842 ⁸
396 5808 550 5860 lide-
575 5810 801 5872 νυμφῶνα
823 5810 905 5858 τὸν
931 5809 1164 5872 οὐράνιον.

1683 338 2075 400 εριοτοιιῑ.

1939 458 2072 524 κνὺς
2099 457 2213 529 ὅσῳ
2253 455 2460 528 μείζων
2491 451 2794 524 παρθενίας
2815 444 3181 520 ἐλεημοσύνη,
3207 439 3278 517 ﬁt
3297 442 3366 498 τά
3395 440 3536 514 σκῆ·

1938 565 2089 621 πτρα
2112 549 2367 620 κατέχεις
2397 547 2560 620 αὐτὴ,
2587 545 2684 600 καὶ
2711 546 2806 600 τὸν
2835 542 3100 612 στέφανον
3146 541 3394 612 ἀνεδήσω
3426 539 3538 594 πά-

1940 639 2052 707 λαι,
2081 641 2176 695 ἀπ’
2197 640 2410 695 ἐκείνου
2436 641 2537 712 μὲν
2557 639 2654 694 τοῦ
2683 638 2848 712 χοροῦ
2865 637 2928 690 16
2953 637 3129 708 ήμισυ
3163 633 3327 706 μέρος
3348 632 3540 699 ἐξέϐα-

1939 734 2054 801 λεν,
2088 734 2277 806 ἐπειδὴ
2307 734 2514 806 ταύτης
2543 730 2795 804 είσῆλθον
2815 731 3005 805 χωρὶς,
3043 727 3243 800 μᾶλλον
3262 726 3320 782 δέ
3348 725 3540 798 ἐπειδὴ

1937 826 2178 899 δαψιλῶς
2199 827 2371 900 αὐτὴν
2413 828 2515 882 οὐκ
2550 827 2867 898 ἐκέκτηντο·
2902 821 3133 895 καὶγὰρ
3167 817 3314 893 εἶχον
3335 820 3540 886 ἔλαιον,

1943 919 2062 975 ἀλλ’
2081 919 2182 974 οὐκ
2212 918 2438 992 ἀρκοῦν.
2470 921 2614 985 Τοὺς
2637 920 2697 974 δὲ
2738 916 2910 992 χωρὶς
2939 914 3242 989 παρθενίας
3269 913 3542 969 είσελθόν-

1942 1030 2063 1077 τας,
2100 1012 2294 1086 ἐπειδὴ
2327 1012 2534 1085 ταύτην
2555 1010 2701 1086 ἦσαν
2730 1008 3212 1083 περιϐεϐλημένοι,
3243 1005 3385 1080 μετά
3407 1005 3542 1060 πολ-

1942 1105 2044 1178 λῆς
2072 1105 2372 1171 ὑπεδέξατο
2402 1105 2505 1171 τῆς
2542 1106 2733 1179 τιμῆς,
2763 1103 3166 1177 εὐλογημένους
3196 1119 3257 1156 τε
3277 1098 3373 1156 τοῦ
3425 1103 3543 1156 Πα-

1945 1197 2077 1269 τρὺς
2098 1198 2404 1270 ὀνομάζων,
2443 1198 2540 1253 καὶ
2568 1198 2706 1272 πρὸς
2736 1197 2932 1254 ἐαυτὸν
2963 1197 3166 1261 καλῶν,
3195 1195 3292 1251 καὶ
3319 1193 3421 1265 τῆς
3442 1191 3544 1264 βα-

1947 1288 2154 1352 σιλείας
2187 1288 2287 1361 τὴν
2313 1288 2686 1362 κληρονομίαν
2726 1290 2913 1353 αὐτοῖς
2944 1284 3328 1360 χαριζόμενος,
3365 1285 3461 1340 καὶ
3484 1285 3546 1341 ἐν

1952 1381 2095 1454 μέσῃ
2119 1380 2516 1453 ἀνακηρύττων
2550 1384 2617 1453 τῇ
2649 1382 2969 1454 οἰκουμένῃ·
2995 1382 3094 1436 καὶ
3136 1380 3198 1435 οὐ
3223 1380 3549 1454 παρῃτήσα-

1945 1490 2027 1540 το,
2051 1475 2149 1527 καὶ
2181 1473 2435 1543 ἀγγέλων
2481 1474 2706 1544 καὶτῆς
2736 1474 2971 1538 κτίσεως
3003 1473 3192 1544 πάσης
3237 1473 3547 1544 παρούσης,

1945 1562 2186 1635 τροφέας
2202 1579 2264 1616 τε
2296 1560 2466 1623 αὐτοῦ
2505 1562 2603 1616 καὶ
2631 1561 2947 1634 ξενοδόχους
2969 1560 3170 1622 αὐτοὺς
3203 1559 3548 1631 προσειπεῖν.

1948 1655 2170 1727 Ταύτης
2206 1657 2304 1710 καὶ
2341 1653 2482 1727 αὐτὴ
2506 1654 2720 1729 ἀκούσῃ
2750 1654 2874 1708 τότε
2907 1655 3005 1726 τῆς
3029 1653 3310 1726 μακαρίας
3339 1650 3547 1722 φωνῆς.

1947 1748 2154 1821 ταύτης
2209 1748 2497 1822 ἀπολαύσῃ
2550 1748 2652 1819 τῆς
2704 1748 2943 1820 ἀμοιϐῆς
2993 1747 3135 1819 μετά
3191 1744 3396 1816 πολλῆς
3448 1742 3551 1814 τῆς

1947 1841 2291 1914 περιουσίας.
2317 1841 2380 1896 El
2407 1841 2466 1896 δὲ
2500 1841 2643 1913 ὑπέρ
2677 1839 3052 1912 ἐλεημοσύνης
3082 1838 3243 1910 μόνον
3293 1835 3553 1890 τοσαῦται

1949 1935 2008 1988 αί
2041 1933 2364 1998 ἀντιδόσεις,
2403 1931 2652 1988 τοσοῦτοι
2681 1932 2731 1985 οἱ
2755 1931 3032 2002 στέφανοι,
3073 1927 3314 1998 τοσαύτη
3342 1927 3377 1997 ἡ
3409 1926 3553 1997 λαμ-

1954 2028 2187 2099 πρότης,
2221 2026 2463 2099 τοσαύτη
2486 2028 2522 2099 ή
2538 2025 2874 2099 περιφάνεια
2899 2024 2995 2078 καὶ
3029 2025 3061 2096 ή
3086 2021 3236 2090 δόξα,
3259 2023 3309 2075 εί
3361 2020 3455 2074 καὶ
3485 2019 3554 2074 τά

1950 2122 2090 2176 ἄλλα
2110 2122 2210 2193 τῆς
2231 2120 2436 2194 ἀρετῆς
2452 2119 2741 2192 ἐπέλθοιμί
2770 2135 2852 2173 σοι
2879 2117 3045 2191 μέρη,
3082 2115 3244 2170 ποίαν
3268 2114 3334 2170 ἂν
3365 2112 3556 2185 σχοίης

1953 2213 2307 2286 συγγνώμην,
2335 2213 2630 2281 ὀφείλουσα
2655 2213 2910 2267 ἐντεῦθεν
2925 2210 3029 2284 ήδη
3049 2210 3245 2283 ἑορτὴν
3265 2209 3441 2278 ἀγειν,
3459 2209 3557 2261 καὶ

1954 2305 2208 2378 σκιρτᾷν,
2241 2303 2338 2359 καὶ
2360 2301 2632 2374 χορεύειν,
2661 2303 2756 2357 καὶ
2771 2300 3196 2373 στεφανοῦσθαι,
3228 2298 3419 2369 ἐπειδὴ
3442 2297 3498 2351 δὲ
3525 2297 3558 2351 6

1951 2398 2102 2453 δεῖνα
2118 2397 2320 2469 ἐμάνη,
2337 2397 2435 2450 καὶ
2458 2396 2650 2451 όδεϊνα
2677 2394 2819 2450 κατὰ
2854 2393 3120 2467 κρημνῶν
3139 2389 3294 2466 ἦλθε,
3310 2392 3554 2446 κατακό-

1953 2504 2166 2542 πτουσα
2185 2485 2409 2558 ἑαυτὴν,
2424 2486 2519 2540 καὶ
2550 2485 2774 2541 εὔκολον
2793 2485 2936 2540 κατὰ
2951 2485 3051 2556 τῆς
3070 2485 3236 2553 ἁγίας
3257 2502 3352 2538 σου
3373 2483 3556 2555 ψυχῆς

1955 2564 2036 2651 τῷ
2063 2579 2300 2652 διαϐόλῳ
2349 2579 2584 2634 ποιοῦσα
2604 2578 2704 2650 τὴν
2737 2577 2929 2648 ἔφοδον
2947 2577 3000 2645 ἀ,
3033 2577 3093 2631 δν
3122 2578 3286 2649 μέχρι
3314 2578 3558 2648 σήμερον

1954 2672 2357 2740 καταξαίνουσα
2373 2673 2476 2726 οὐκ
2495 2671 2752 2738 ἐπαύσω;
2772 2672 2838 2726 Τί
2853 2671 2964 2745 γὰρ
2978 2672 3043 2727 ἀν
3058 2688 3144 2735 τις
3155 2670 3302 2724 είποι
3314 2670 3415 2742 τὴν
3433 2670 3561 2724 ὑπο·

1958 2765 2126 2838 μονήν
2147 2765 2248 2839 τὴν
2281 2763 2535 2832 ποικίλην
2555 2761 2653 2818 καὶ⁵
2672 2763 2928 2834 πολυειδῆ
2946 2764 3040 2816 καὶ
3056 2761 3423 2835 πολύτροπον;
3458 2763 3556 2816 καὶ

1954 2857 2120 2921 πόσος
2141 2857 2274 2928 ημῖν
2297 2856 2378 2920 είς
2405 2853 2568 2908 τοῦτο
2582 2852 2810 2926 ἀρκέσει
2829 2853 3010 2922 λόγος,
3029 2852 3199 2908 πόσον
3213 2853 3273 2907 δὲ
3319 2853 3560 2926 ἱστορίας

1958 2948 2180 3020 μέτρον,
2203 2947 2258 3002 εί
2276 2963 2363 3011 τις
2389 2945 2461 3001 τὰ
2489 2947 2556 3001 ἐκ
2580 2945 2807 3019 πρώτης
2831 2946 3050 3017 ἡλικίας
3083 2946 3250 3019 μέχρι
3282 2946 3379 3001 τοῦ
3400 2945 3498 3001 νῦν
3535 2957 3567 2987 ο

1955 3039 2261 3114 παθήματά
2298 3056 2393 3094 σου
2427 3037 2746 3108 καταλέγοι,
2779 3038 2850 3092 10
2882 3039 3034 3111 παρά
3077 3038 3188 3093 τῶν
3225 3038 3464 3104 οἰκείων,
3494 3039 3566 3093 10

1957 3134 2112 3207 παρά
2132 3133 2241 3188 τῶν
2259 3133 2578 3203 ἀλλοτρίων,
2603 3133 2672 3186 10
2690 3131 2844 3204 παρά
2862 3131 2973 3187 τῶν
2989 3130 3256 3203 φίλων,τά
3279 3132 3434 3205 παρὰ
3453 3131 3565 3186 τῶν

1957 3229 2192 3303 ἐχθρῶν,
2217 3228 2289 3282 τά
2324 3228 2478 3300 παρά
2519 3227 2630 3282 τῶν
2658 3226 2807 3297 γένει
2859 3226 3274 3298 προσηκόντων,
3302 3226 3372 3282 τά
3413 3224 3578 3297 παρά

1958 3323 2069 3378 τῶν
2102 3322 2417 3394 μηδαμόθεν
2446 3321 2862 3394 προσηκόντων,
2902 3319 2972 3374 10
3009 3319 3168 3393 παρὰ
3189 3319 3301 3374 τῶν
3325 3321 3385 3374 ἐν
3405 3320 3570 3374 δυνα⁴

1964 3416 2192 3482 στείαις,
2227 3415 2299 3469 10
2330 3413 2484 3487 παρὰ
2511 3414 2622 3470 τῶν
2653 3413 2913 3479 εὐτελῶν,
2949 3412 3020 3467 10
3051 3412 3204 3484 παρά
3233 3411 3344 3466 τῶν
3371 3411 3572 3484 ἀρχόνο

1960 3523 2092 3572 των,
2112 3503 2180 3559 τά
2207 3506 2360 3579 παρά
2379 3506 2488 3558 τῶν
2521 3504 2770 3569 ἰδιωτῶν,
2803 3504 2874 3558 τὰ
2901 3501 3053 3574 παρὰ
3080 3502 3190 3556 τῶν
3218 3504 3299 3568 είς
3323 3502 3414 3556 τὸν
3437 3500 3572 3572 κλῆ-

1968 3616 2060 3671 ρον
2113 3596 2448 3662 τελούντων;
2478 3595 2701 3651 Τούτων
2731 3595 2841 3668 γάρ
2892 3596 3152 3660 ἐκαστον,
3183 3593 3237 3648 εί
3269 3612 3353 3658 τις
3381 3595 3574 3662 διεξίοι

1964 3690 2096 3744 αὐτὸ
2142 3688 2267 3744 καθ’
2315 3689 2480 3743 ἑαυτὸ
2524 3689 2708 3760 μόνον,
2757 3689 3002 3761 ίστορίαν
3052 3687 3348 3760 ὁλόκληρον
3385 3688 3578 3742 ίκανὺν

1967 3781 2193 3854 ποιῆσαι
2225 3782 2289 3836 16
2317 3782 2585 3855 διήγημα.
2623 3783 2687 3836 Εἰ
2717 3782 2778 3837 δέ
2832 3799 2916 3847 τις
2951 3782 3048 3836 καὶ
3098 3781 3238 3855 πρὸς
3293 3781 3363 3836 τά
3403 3781 3575 3855 ἐτερα

1967 3877 2084 3948 είδη
2112 3878 2212 3948 τῆς
2257 3876 2466 3950 ἀρετῆς
2499 3875 2705 3947 ταύτης
2761 3877 3091 3948 μετασταίη,
3129 3876 3224 3930 καὶ
3254 3875 3455 3949 μηκέτι
3504 3875 3580 3932 τὸ

1966 3969 2100 4039 παρ’
2145 3969 2373 4040 ἐτέρων,
2409 3966 2549 4023 ἀλλά
2593 3966 2665 4022 10
2713 3967 2871 4040 παρά
2917 3967 3011 4022 σοῦ
3054 3968 3578 4025 κατασκευασθέντα

1967 4062 2292 4133 διηγήσαιτο
2347 4060 2532 4132 πάθη,
2562 4061 2684 4114 τίνα
2739 4059 2909 4125 λίθον,
2957 4060 3081 4115 τίνα
3135 4061 3376 4134 σίδηρον,
3423 4065 3578 4117 ποῖον

1969 4155 2257 4226 ἀδάμαντα
2282 4154 2384 4226 οὐχ
2408 4154 2636 4225 εὑρήσει
2660 4154 2958 4226 νικηθέντα
2983 4153 3141 4226 παρά
3167 4154 3293 4222 σοῦ;
3331 4155 3578 4228 Ἀπαλὴν

1969 4247 2081 4318 γὰρ
2111 4245 2256 4301 οὓτω
2291 4246 2471 4319 σάρκα
2499 4245 2745 4300 λαϐοῦσα
2781 4246 2878 4301 καὶ
2909 4247 3213 4319 τρυφερὰν,
3249 4248 3412 4302 παντὶ
3445 4248 3578 4302 εἴδει

1969 4340 2184 4411 τρυφῆς
2215 4340 2643 4410 συντραφεῖσαν,
2695 4335 2871 4402 οὕτως
2915 4337 3089 4409 αὐτὴν
3137 4339 3406 4404 ποικίλοις
3447 4340 3579 4393 ἐπο-

1971 4430 2272 4501 λιόρκησας
2309 4429 2563 4494 πάθεσιν,
2595 4429 2672 4494 ώς
2711 4429 2879 4501 μηδὲν
2910 4430 3137 4502 ἄμεινον
3171 4430 3326 4504 [540]
3359 4432 3458 4502 τῆς
3485 4448 3578 4486 νε·-

1973 4523 2288 4596 κρωθείσης
2317 4523 2647 4577 διακεῖσθαι’
2684 4523 2779 4577 καί¹
2801 4523 3060 4580 τοσοῦτον
3080 4524 3294 4594 ἀνῆψας
3321 4525 3380 4578 ἐν
3415 4541 3580 4578 σεαυ-

1971 4618 2040 4687 τῇ
2074 4616 2402 4686 νοσημάτων
2461 4615 2655 4688 ἐσμὸν,
2705 4615 2783 4680 ὡς
2825 4617 2922 4671 καὶ⁵
2977 4617 3180 4688 ίατρῶν
3232 4616 3454 4688 τέχνην,
3485 4618 3583 4672 καὶ

1973 4711 2286 4782 φαρμάκων
2317 4710 2572 4779 δύναμιν,
2627 4710 2724 4764 καὶ
2778 4711 2960 4765 πάντα
2998 4711 3322 4782 ἐπιμελείας
3363 4711 3582 4781 ἐλέγξαι

1972 4803 2195 4875 τρόπον,
2221 4804 2318 4857 καὶ
2340 4803 2617 4876 διηνεκέσι
2647 4802 2817 4874 συζῇν
2841 4804 3076 4870 ὀδύναις.

2048 4894 2114 4952 ε’.
2139 4897 2252 4967 Τὴν
2271 4895 2329 4950 δέ
2355 4897 2450 4950 ἐπὶ
2480 4895 2584 4967 τῆς
2606 4895 2891 4968 τραπέζης
2913 4895 2934 4936 ί
2957 4896 3261 4970 καρτερίαν
3286 4914 3346 4951 τε
3369 4897 3465 4953 καὶ
3489 4898 3589 4971 ἐγ-

1983 4989 2269 5064 κράτειαν,
2306 4989 2401 5043 καὶ
2447 4989 2548 5060 τὴν
2600 4991 2658 5044 ἐν
2693 4991 2813 5053 ταῖς
2867 4988 3020 5054 νυξὶν
3065 4988 3121 5043 εί
3155 5007 3240 5054 τις
3295 4988 3588 5066 βουληθείη

1977 5085 2290 5151 διεξελθεῖν,
2319 5083 2504 5138 πόσων
2536 5084 2789 5156 δεήσεται
2837 5082 3054 5152 λόγων;
3107 5084 3328 5139 Μᾶλλον
3359 5084 3419 5139 δὲ
3463 5085 3591 5140 οὐδὲ

1982 5178 2173 5241 εἴασας
2190 5176 2361 5247 αὐτὴν
2391 5175 2722 5247 ἐγκράτειαν
2745 5175 3034 5231 καλεῖσθαι
3063 5175 3274 5242 λοιπὸν,
3303 5177 3428 5233 οὐδὲ
3454 5195 3595 5250 καρ-

1980 5271 2170 5343 τερίαν
2203 5270 2299 5323 ἐπὶ
2329 5269 2446 5337 σοῦ,
2476 5269 2594 5322 ἀλλ’
2613 5271 2802 5342 ἕτερον
2841 5269 3016 5341 ὄνομα
3055 5269 3286 5335 ταύταις
3316 5273 3453 5343 ήμῐν
3493 5272 3593 5346 ζη-

1981 5364 2176 5436 τητέον
2205 5365 2326 5427 ταῖς
2368 5359 2808 5435 ἀρεταῖς-πολλῷ
2848 5364 3052 5435 μεῖζον.
3089 5364 3203 5418 Καὶ
3246 5363 3357 5435 γὰρ
3385 5366 3595 5437 ἐγκρα-

1983 5458 2240 5514 τεύεσθαι
2270 5458 2476 5513 ἐκεῖνόν
2513 5475 2694 5528 φαμεν
2719 5458 2814 5510 καὶ
2842 5457 3153 5527 καρτερεῖν,
3195 5456 3290 5511 τὸν
3311 5457 3418 5512 ὑπό
3447 5473 3592 5518 τινος

1988 5552 2289 5623 ἐπιθυμίας
2315 5550 2724 5622 ἐνοχλούμενον,
2740 5551 2837 5604 καὶ
2858 5547 3166 5622 κρατοῦντα
3186 5548 3411 5623 ταύτης.
3439 5548 3513 5603 Σὺ
3537 5548 3594 5604 δέ

2051 5687 2076 5728 ὁ
2100 5686 2303 5756 goislin.
2329 5686 2532 5756 011103.
2548 5687 2634 5756 τὴν
2658 5685 2860 5756 εἶσοροτι

2056 5765 2079 5792 ε
2107 5750 2233 5800 Tres
2255 5761 2374 5797 mss.
2401 5747 2591 5806 ήλίκίας
2614 5747 2704 5804 ἔως
2727 5747 2826 5797 νῦν.

2063 5811 2083 5850 ί
2120 5813 2226 5864 Ἐπὶ
2252 5814 2336 5868 10;
2355 5811 2606 5874 τραπέζας,
2627 5809 2700 5860 sic
2729 5809 2829 5863 duo
2850 5822 2949 5859 mss
