4050 6430
513 484 615 540 οὐκ
635 485 780 556 ιχεις
805 485 928 540 ὅτου
951 485 1260 556 κρατήσεις
1296 485 1461 556 πολλῇ
1485 484 1594 556 γὰρ
1635 487 1703 556 τῇ
1739 483 1884 555 ῥύμῃ
1935 482 2086 552 παρά

516 579 615 648 τὴν
647 577 822 650 ἀρχὴν
850 577 1130 636 πνεύσασα
1169 575 1311 631 κατὰ
1337 577 1437 647 τῆς
1476 576 1695 648 σαρκὸς,
1728 574 1954 634 ἐσσεσας
1991 573 2087 627 αύ-

515 669 616 738 τῆς
643 670 742 733 τάς
763 668 1056 740 ἐπιθυμίας
1090 668 1312 732 ταύτας,
1336 668 1397 721 οὐ
1419 667 1764 740 χαλινώσασα
1790 664 1880 719 τὸν
1899 665 2084 730 ῖππον,

513 759 651 816 άλλά
667 760 1068 831 συμποδίσασα,
1106 759 1204 814 καὶ
1234 760 1410 831 χαμαὶ
1441 759 1664 831 ῥίψασα,
1699 757 1793 811 καὶ
1820 757 2088 828 ποιήσασα

514 850 698 920 μένειν
726 849 1000 922 ἀκίνητον.
1029 851 1142 906 Καὶ
1166 851 1292 902 τότε
1321 842 1421 920 μὲν
1453 848 1777 918 ἐγκράτειαν
1807 844 2085 917 κατορθώ-

515 955 677 1002 σισα,
703 941 798 995 νῦν
822 941 880 995 δέ
905 941 1173 996 ἀπάθειαν
1201 941 1409 994 λοιπόν.
1435 940 1508 993 οὺ
1539 939 1648 1011 γάρ
1674 937 1932 1009 διενοχλεῖ
1958 955 2058 1008 τρυ
2074 967 2087 978 -

512 1035 622 1106 φῆς
650 1035 934 1107 ἐπιθυμία,
956 1035 1055 1089 καὶ
1084 1034 1245 1090 πόνον
1263 1035 1406 1106 ἔχεις
1426 1032 1566 1088 ὥστε
1598 1032 1771 1103 αὐτῆς
1793 1032 2081 1104 κρατῆσαι·

512 1126 650 1182 ἀλλά
697 1127 948 1194 καθάπαξ
998 1127 1166 1196 αὐτὴν
1210 1125 1542 1194 ἀφανίσασα,
1577 1125 1673 1178 καὶ
1700 1123 1898 1178 ἄϐατον
1945 1123 2082 1195 αὐτῇ

511 1221 611 1292 τὴν
640 1221 819 1293 σάρκα
849 1219 1141 1290 ποιήσασα,
1178 1215 1430 1272 τοσοῦτον
1457 1215 1754 1272 ἀπολαύειν
1787 1215 1934 1269 σίτου
1990 1215 2084 1269 καὶ

515 1311 678 1366 ποτοῦ
731 1313 831 1384 τὴν
853 1310 1096 1382 γαστέρα
1125 1309 1474 1374 ἐπαίδευσας,
1518 1310 1644 1362 ὅσον
1674 1308 1749 1382 μὴ
1795 1306 2084 1362 ἀποθανεῖν

513 1405 608 1459 καὶ
624 1405 780 1476 δίκην
807 1403 1012 1458 δοῦναι.
1039 1403 1136 1458 Διά
1154 1419 1238 1456 τοι
1255 1400 1416 1455 τοῦτο
1450 1401 1510 1454 οὐ
1540 1400 1814 1471 νηστείαν,
1841 1398 1964 1452 οὐδὲ
1991 1399 2081 1468 ἐγ-

514 1496 769 1568 κράτειαν
801 1494 958 1552 τοῦτο
983 1495 1155 1559 καλῶ,
1195 1494 1312 1548 ἀλλ’
1336 1493 1522 1565 ἐτερόν
1559 1511 1611 1546 τι
1643 1493 1832 1546 τούτου
1876 1491 2076 1562 μεῖζον.

511 1590 683 1646 Τοῦτο
711 1591 804 1645 καὶ
837 1591 930 1645 ἐπί
969 1591 1068 1662 τῆς
1099 1591 1406 1663 ἀγρυπνίας
1458 1606 1553 1643 σου
1587 1589 1685 1659 τῆς
1739 1590 1888 1660 ἱερᾶς
1934 1586 2080 1642 ἐστιν

514 1682 662 1735 ἰδεῖν·
695 1684 788 1736 καὶ
815 1682 924 1750 γάρ
949 1683 982 1752 ὴ
1009 1679 1102 1734 τοῦ
1126 1679 1403 1734 καθεύδειν
1418 1678 1699 1750 ἐπιθυμία,
1723 1678 1935 1749 ἐκείνης
1958 1678 2080 1731 σδε-

511 1772 760 1842 σθείσης,
807 1770 1273 1842 συγκατεσϐέσθη·
1323 1769 1496 1844 τροφὴ
1548 1770 1658 1841 γάρ
1705 1769 1870 1823 ῦπνου
1911 1769 2075 1821 σιτία.

510 1863 621 1917 Καὶ
653 1862 826 1932 ἑτέρῳ
848 1862 904 1914 δέ
928 1860 1099 1931 αὐτὴν
1128 1859 1429 1923 κατέλυσας
1465 1859 1668 1930 τρόπῳ,
1697 1858 1754 1924 ἐξ
1775 1857 1949 1929 ἀρχῆς
1981 1856 2078 1928 μὲν

510 1955 602 2006 καὶ
654 1953 825 2022 αὐτὴν
873 1951 1177 2022 βιασαμένη
1231 1951 1332 2023 τὴν
1383 1948 1562 2020 φύσιν,
1611 1949 1706 2002 καὶ
1755 1947 2079 2018 ὁλοκλήρους

508 2045 707 2108 νύκτας
749 2045 988 2107 ἀΰπνους
1032 2043 1308 2112 διάγουσα’
1370 2041 1593 2113 ὕστερον
1632 2042 1690 2095 δέ
1744 2043 1812 2112 τῇ
1867 2043 2080 2110 συνεχεῖ

509 2135 764 2206 συνηθείᾳ
789 2138 883 2189 καὶ
917 2137 995 2198 είς
1021 2135 1179 2205 φύσιν
1209 2133 1489 2203 ἀγαγοῦσα
1520 2133 1582 2186 τὸ
1611 2133 2076 2205 πρᾶγμα.Ὢσπερ

507 2226 618 2297 γάρ
657 2229 768 2289 τοῖς
808 2226 987 2289 ἀλλοις
1024 2224 1167 2281 κατά
1210 2227 1371 2295 φύσιν
1395 2224 1457 2278 τδ
1503 2224 1804 2291 καθεύδειν,
1830 2223 1971 2278 οὕτω
1996 2227 2077 2278 σοὶ

508 2319 570 2372 τὸ
602 2319 977 2391 ἐγρηγορέναι.
1028 2317 1330 2389 Θαυμαστὰ
1386 2319 1484 2389 μὲν
1533 2314 1626 2373 οῦν
1653 2317 1826 2372 ταῦτα
1854 2316 1949 2371 καὶ
1984 2319 2078 2372 ἐκ-

509 2408 756 2480 πλήξεως
783 2409 1041 2480 γέμοντα,
1079 2409 1177 2462 καὶ
1193 2407 1314 2463 καθ’
1353 2409 1521 2465 ἐαυτά
1540 2425 1554 2440 ·
1590 2410 1640 2463 εἱ
1671 2409 1729 2463 δέ
1751 2427 1836 2474 τις
1863 2411 1956 2465 καὶ
1986 2404 2078 2465 τὸν

504 2502 699 2571 καιρὸν
728 2501 1050 2566 ἐξετάσειεν,
1082 2503 1166 2556 δτι
1189 2504 1248 2556 ἐν
1269 2499 1434 2575 ἀώρῳ
1459 2502 1645 2575 ἡλικία
1671 2501 1842 2559 ταῦτα
1869 2521 2080 2576 κατωρ-

507 2593 686 2653 θοῦτο.
710 2595 805 2649 καὶ
831 2593 930 2665 τὴν
951 2594 1186 2665 ἐρημίαν
1213 2594 1324 2648 τῶν
1362 2594 1700 2660 διδαξόντων,
1730 2583 1825 2650 καλ
1851 2595 1912 2649 τδ
1940 2594 2076 2666 πλῆ-

505 2683 600 2748 θος
624 2685 734 2738 τῶν
761 2683 1245 2749 σκανδαλιζόντων,
1273 2687 1368 2740 καὶ
1394 2687 1477 2742 ὅτι
1507 2687 1565 2739 ἐν
1588 2685 1734 2757 ψυχῇ
1758 2686 1818 2752 ἐξ
1847 2685 2079 2751 ἀειδοῦς

505 2774 657 2826 οίκου
678 2771 774 2828 νῦν
797 2773 1211 2847 αὐτομολησάσῃ
1235 2774 1371 2846 πρὸς
1397 2775 1498 2847 τὴν
1532 2775 1809 2847 ἀλήθειαν,
1871 2776 1965 2830 καὶ
1994 2777 2077 2831 ὅτι

506 2865 566 2919 ἐν
590 2863 802 2936 σώματι
837 2866 1132 2938 γυναικείῳ
1162 2883 1222 2920 τε
1273 2868 1368 2920 καὶ
1411 2866 1586 2930 άλλως
1632 2866 1825 2937 ἁπαλῷ
1859 2866 1946 2921 διὰ
1977 2867 2078 2938 τὴν

505 2954 616 3006 τῶν
636 2955 916 3025 προγόνων
937 2955 1292 3028 περιφάνειαν
1320 2955 1414 3010 καὶ
1438 2955 1665 3028 τρυφὴν,
1705 2957 1845 3011 πόσα
1866 2956 2076 3031 πελάγη

506 3045 800 3117 θαυμάτων
823 3048 1047 3119 εὑρήσει
1071 3047 1195 3102 καθ’
1229 3048 1460 3102 ἕκαστον
1485 3046 1691 3104 τούτων
1718 3050 2075 3121 ἀνοιγόμενα;

504 3137 603 3191 Διά
624 3154 706 3192 τοι
733 3137 893 3195 τοῦτο
925 3136 1034 3192 τῶν
1058 3137 1232 3194 ἄλλων
1273 3138 1394 3192 οὗδέ
1423 3137 1924 3211 ἐπιμνησθήσομαι,
1977 3140 2077 3212 τῆς

502 3228 1020 3301 ταπεινοφροσύνης,
1059 3231 1160 3300 τῆς
1203 3231 1442 3301 ἀγάπης,
1486 3229 1596 3285 τῶν
1635 3231 1837 3285 λοιπῶν
1865 3231 2075 3300 ἀρετῶν

501 3318 602 3388 τῆς
629 3319 787 3388 ἁγίας
820 3335 917 3374 σου
943 3321 1140 3393 ψυχῆςσ
1167 3322 1278 3376 Καὶ
1309 3321 1419 3393 γὰρ
1448 3323 1627 3394 μόνον.
1652 3322 1728 3386 ὡς
1747 3322 2021 3396 ἰμνήσθνιν
2046 3335 2074 3365 ³

500 3408 729 3474 τούτων,
754 3409 850 3463 καὶ
870 3409 968 3475 τάς
1000 3411 1370 3482 προσηγορίας
1384 3406 1554 3476 εἷπον,
1588 3412 1790 3484 μυρίας
1814 3412 2076 3467 ἀνέϐλυσέ

505 3518 598 3572 μοι
627 3502 793 3556 πάλιν
816 3504 850 3574 ἡ
882 3503 1104 3560 διάνοια
1145 3503 1347 3573 πηγάς,
1389 3502 1482 3556 καὶ
1514 3501 1753 3572 βιάζεται
1774 3505 1868 3557 καὶ
1902 3506 2075 3559 εἰπεῖν

502 3591 821 3657 τούτων,ώς
857 3592 953 3666 τῆς
985 3593 1274 3666 προτύρας,
1322 3593 1427 3647 κᾶν
1469 3595 1532 3648 ἐκ
1566 3594 1786 3665 μέρους,
1837 3595 1907 3649 τά
1934 3595 2074 3668 εἴδη,

505 3683 708 3754 μᾶλλον
729 3682 786 3745 δέ
818 3684 915 3748 τάς
940 3684 1224 3749 ὑποθέσεις
1255 3685 1436 3756 μόνον·
1470 3687 1645 3740 ἐκεῖνο
1664 3685 1773 3758 γὰρ
1797 3687 1825 3726 δ
1850 3687 2075 3758 ἄπειρον

503 3776 710 3847 σφόδρα
751 3775 1000 3846 ἐπιζητεῖ
1039 3776 1217 3846 λόγον.
1259 3776 1419 3830 Ἀλλά
1459 3778 1560 3830 ούκ
1600 3777 1883 3848 ἀνέξομαι,
1934 3777 2074 3833 ὥστε

506 3866 584 3938 μὴ
623 3867 721 3938 τῆς
767 3867 1074 3932 ὑποθέσεως
1105 3869 1378 3935 ἐκπεσεῖν,
1416 3869 1485 3939 ην
1525 3869 1856 3940 προειλόμην
1882 3886 2076 3942 κατορ-

503 3955 698 4022 θῶσαι,
735 3960 816 4023 εἰς
849 3957 1076 4030 ἄπειρον
1101 3957 1400 4030 ἐξενεχθεὶς
1430 3959 1683 4029 πέλαγος.
1725 3961 1880 4014 Ἐπεὶ
1902 3961 1949 4013 εί
2001 3963 2076 4032 μὴ

501 4046 660 4102 τοῦτο
691 4047 977 4121 προῦκειτό
1023 4068 1111 4120 μοι
1157 4051 1252 4103 νῦν
1284 4051 1347 4104 τὸ
1380 4051 1672 4122 πρόρριζον
1696 4051 1795 4122 τὴν
1841 4051 2075 4122 ἀθυμίαν

504 4138 654 4213 [διι]
686 4141 794 4196 ἀπὸ
819 4141 914 4196 σοῦ
945 4143 1280 4202 ἀνασπάσαι,
1321 4142 1492 4213 ἡδέως
1516 4142 1722 4206 τούτοις
1753 4143 2075 4214 ἐνδιέτριόον

502 4231 830 4301 τοῖςλόγοις,
865 4232 961 4286 καὶ
997 4233 1230 4302 πέλαγος
1281 4234 1505 4304 ἄπειρον
1531 4233 1741 4293 ἔπλεον,
1793 4233 1991 4304 μᾶλλον
2018 4235 2074 4288 δέ

501 4321 733 4393 πελάγη,
761 4324 996 4394 ἐκάστης
1020 4340 1112 4377 σου
1141 4325 1342 4395 ἀρετῆς
1367 4324 1466 4389 τάς
1506 4324 1844 4395 πολυσχιδεῖς
1883 4327 2075 4379 ἀνατέ-

503 4431 651 4486 μνων
679 4415 852 4484 ὁδοὺς,
885 4409 961 4470 ὧν
987 4416 1194 4488 ἑκάστη
1242 4416 1360 4480 ὁδὸς
1407 4415 1640 4486 πέλαγος
1669 4417 1845 4471 ἔτικτε
1889 4418 2070 4483 πάλιν,

501 4506 605 4562 κάν
627 4508 694 4577 τῇ
725 4507 991 4577 ὑπομονῇ,
1040 4508 1144 4560 κάν
1177 4509 1244 4577 τῇ
1292 4511 1778 4581 ταπεινοφροσύνῃ,
1803 4511 1898 4563 καὶ
1923 4513 2074 4583 ἐλεη-

501 4595 710 4666 μοσύνῃ
749 4598 815 4666 τῇ
850 4597 1116 4650 πολυειδεῖ
1157 4598 1250 4650 καὶ
1277 4597 1412 4668 πρὸς
1441 4598 1581 4651 αύτά
1615 4598 1717 4666 τῆς
1750 4601 2074 4672 οίκουμὲνης

498 4687 569 4741 τά
603 4685 816 4756 πέρατα
843 4687 1176 4761 άπλωθείσῃ,
1211 4690 1314 4742 κάν
1347 4693 1413 4760 τῇ
1452 4691 1642 4761 ἀγάπη
1661 4693 1728 4762 τῇ
1753 4692 1953 4763 μυρίας
1991 4711 2072 4746 νι-

497 4777 650 4848 κώσῃ
675 4777 956 4848 καμίνους,
978 4781 1078 4834 κάν
1095 4782 1161 4851 τῇ
1188 4781 1396 4834 συνέσει
1420 4783 1484 4852 τῇ
1511 4781 1741 4852 ἀπείρῳ,
1758 4785 1851 4837 καὶ
1875 4782 2072 4853 πολλῆς

494 4868 740 4946 γεμούσῃ
785 4870 1025 4942 χάριτος,
1055 4871 1151 4926 καὶ
1205 4872 1272 4926 τά
1318 4873 1491 4943 μέτρα
1519 4873 1616 4942 τῆς
1659 4871 1872 4943 φύσεως
1901 4877 2066 4948 ὑπερ-

496 4962 658 5032 ϐάσῃ.
691 4963 773 5016 Τά
822 4961 880 5016 δέ
913 4964 1311 5035 κατορθώματα
1355 4964 1422 5018 τά
1461 4964 1706 5018 ἐντεῦθεν
1734 4965 1987 5036 τεχθέντα
2019 4968 2075 5021 εῖ

495 5072 580 5119 τις
607 5053 849 5124 βούλοιτο
879 5056 1108 5119 ἐπιέναι,
1137 5057 1331 5110 ταύτδν
1367 5058 1581 5128 ποιήσει
1620 5052 1731 5112 οἷον
1776 5062 1827 5114 εἴ
1865 5077 1948 5123 τις
1977 5063 2070 5115 καὶ

499 5145 567 5198 τά
597 5143 816 5216 κύματα
841 5143 1110 5214 θαλάσσης
1147 5148 1396 5218 ἀριθμεῖν
1426 5149 1749 5219 ἐπιχειροίη.

569 5242 648 5300 ς’.
677 5236 768 5290 Διὸ
799 5237 866 5290 τά
892 5237 1093 5307 ἄπειρα
1117 5237 1286 5292 ταῦτα
1319 5241 1690 5312 παραδραμὼν
1715 5243 1944 5314 πελάγη,
1977 5244 2066 5297 τὸν

497 5326 682 5385 ὶλοντα
715 5328 822 5380 ἀπὺ
856 5329 947 5382 τοῦ
968 5329 1157 5400 δνυχος
1173 5331 1342 5395 δεῖξαι
1372 5334 1720 5404 πειράσομαι,
1754 5337 1906 5403 ὀλίγα
1932 5339 2066 5392 ἄττα

495 5419 629 5489 περὶ
657 5420 754 5490 τῆς
781 5419 975 5490 στολῆς
1003 5438 1096 5474 σου
1119 5421 1437 5492 διαλεχθεὶς,
1477 5428 1603 5495 περὶ
1630 5427 1736 5478 τῶν
1763 5426 1946 5490 ἁπλῶς
1975 5432 2065 5482 καὶ

495 5510 618 5577 εἱκῆ
655 5528 734 5564 σοι
764 5514 1165 5582 περικειμένων
1214 5517 1459 5585 ἱματίων.
1492 5519 1610 5572 Τῶν
1634 5521 1732 5588 μὲν
1757 5521 1860 5592 γὰρ
1893 5524 2064 5577 ἀλλων

494 5603 711 5656 ἔλαττον
743 5600 880 5657 εἶναι
911 5606 1144 5660 δοκεῖτὸ
1172 5609 1519 5680 κατόρθωμα*
1557 5615 1602 5665 εἰ
1625 5611 1678 5664 δέ
1711 5631 1793 5678 τις
1822 5615 2061 5686 ἀκριϐῶς

557 5736 580 5804 ξ
763 5752 877 5804 mss.
902 5740 1040 5804 μρνον
1075 5741 1318 5804 ἐμνήσθην.

555 5797 584 5838 ὶ
607 5800 699 5846 Alii
726 5801 878 5848 enim
905 5797 1010 5864 γάρ.

1182 368 1240 425 S.
1262 367 1546 428 JOANNIS
1580 360 2064 425 υιιιιῑεοδτοιιι

2183 363 2426 421 ίϐἐΙΙΕΡ.
2467 363 3021 425 οοΝδτΑδτιΝορ.

2197 481 2329 534 αύτδ
2349 481 2651 547 ἐξετάσειε,
2683 479 2888 554 σφόδρα
2912 487 3135 556 εὑρήσει
3166 480 3306 553 μέγα
3321 498 3378 534 τε
3412 480 3654 552 ὑπάρχον
3680 478 3777 534 καὶ

2197 579 2486 650 φιλοσόφου
2532 579 2784 650 δεόμενον
2826 580 3024 650 ψυχῆς,
3063 579 3246 634 καὶτὰ
3281 577 3508 648 βιωτικά
3559 579 3775 632 ἀπαντα

2200 676 2644 748 καταπατούσης,
2693 675 2786 732 καὶ
2819 675 2954 747 πρὸς
2973 676 3132 729 αὑτὸν
3167 673 3468 745 ἱπταμένης
3489 674 3580 727 τὸν
3604 675 3773 744 ούραο

2193 771 2302 826 νόν.
2348 772 2549 844 Διόπερ
2575 771 2674 826 οὐκ
2728 773 2788 825 ἐν
2811 773 2878 843 τῇ
2909 771 3083 842 Καινῇ
3126 771 3307 840 μόνον,
3333 769 3464 824 ἀλλά
3504 769 3600 822 καὶ
3621 771 3680 822 ἐν
3701 771 3769 839 τῇ

2194 869 2427 941 Παλαιᾷ,
2457 869 2549 929 ὅτε
2577 867 2668 922 διά
2701 870 2865 933 σκιᾶς
2889 868 2984 921 καὶ
3020 866 3193 920 τύπου
3231 868 3293 920 τὸ
3335 864 3441 920 Ιιτῶν
3467 865 3771 939 ἀνθρώπων

2190 966 2220 1018 ό
2249 964 2382 1028 Θεος
2419 960 2522 1037 ἦγε
2560 964 2738 1034 γένος,
2764 965 2859 1019 καὶ
2894 962 3350 1036 σωματικώτερον
3382 963 3451 1016 τά
3492 963 3592 1033 τῆς
3618 961 3769 1016 πολι·

2189 1061 2339 1124 τείας
2367 1062 2752 1132 ἐρῤυθμίζετο,
2793 1062 3027 1130 καὶπερὶ
3051 1059 3159 1113 τῶν
3192 1059 3458 1131 οὐρανίων
3487 1059 3660 1122 οὐδεὶς
3683 1059 3770 1113 ού-

2188 1157 2338 1212 δέπω
2373 1157 2532 1226 λόγος
2551 1153 2644 1230 ἦν,
2665 1157 2785 1212 ούδέ
2815 1157 3112 1228 μελλόντων
3149 1157 3356 1228 μνήμη,
3389 1155 3508 1210 ούδέ
3533 1155 3634 1226 τῆς
3670 1154 3770 1212 νῦν

2190 1253 2524 1326 κατεχούσης
2556 1254 2872 1326 φιλοσοφίας
2895 1254 3142 1324 αἴνιγμα,
3175 1252 3313 1307 ἀλλά
3332 1253 3634 1326 παχύτερόν
3649 1269 3768 1319 ως

2190 1351 2284 1405 καὶ
2319 1349 2726 1424 σαρκικώτερον
2745 1354 2794 1406 οἱ
2813 1352 2965 1423 νόμοι
2997 1353 3110 1414 τοῖς
3152 1349 3420 1421 Ἑϐραίοις
3443 1350 3765 1422 ἐγράφοντο,

2192 1452 2329 1524 μετά
2381 1453 2586 1524 πολλῆς
2616 1453 2716 1523 τῆς
2757 1453 3115 1524 σφοδρότητος
3161 1451 3258 1523 τὴν
3283 1454 3340 1505 ἐν
3367 1455 3482 1516 τοῖς
3529 1452 3768 1523 ἱματίοις

2187 1552 2546 1624 ἀπαγορεύων
2593 1552 2968 1622 φιλοκοσμίαν,
3006 1553 3177 1607 ταῦτα
3218 1551 3308 1605 διὰ
3361 1551 3455 1605 τοῦ
3487 1553 3768 1623 προφήτου

2187 1653 2338 1725 φησί’
2363 1651 2506 1706 Τάδε
2519 1651 2678 1721 λέγει
2697 1654 2730 1707 ό
2745 1654 2959 1721 Κύριος
2972 1653 3069 1706 ἐπὶ
3085 1653 3189 1719 τὰς
3209 1653 3516 1722 ἀρχούσας
3529 1650 3768 1721 avrati-

2176 1767 2292 1820 ρας
2320 1751 2491 1814 Σιὼν,
2521 1751 2669 1805 Ἀνο⁹
2683 1744 2771 1804 ὧν
2784 1752 3118 1819 ὐψὼθησαν
3132 1752 3191 1805 αι
3206 1749 3522 1820 θυγατέρες
3544 1747 3764 1817 αὐτῶν,

2185 1852 2285 1906 καί
2308 1851 2721 1921 ἐπορεύθησαν
2750 1851 2969 1921 ὑψηλῷ
3004 1851 3308 1920 τραχήλῳ,
3348 1850 3447 1904 καί
3471 1851 3768 1920 νεύμασιν

2186 1952 2528 2023 ὀφθαλμῶν,
2547 1954 2646 2008 καί
2668 1952 2742 2022 τῇ
2753 1955 2959 2022 πορείᾳ
2969 1950 3087 2007 τῶν
3097 1950 3299 2006 ποδῶν
3308 1953 3607 2022 σύρουσαι
3622 1952 3766 2019 τοὺς

2185 2055 2460 2125 χιτῶνας,
2479 2057 2576 2110 καί
2600 2055 2724 2121 τοῖς
2739 2055 3060 2125 ποσὶνᾶμα
3085 2054 3421 2116 παίζουσαι·
3445 2056 3543 2111 καί
3573 2070 3767 2110 taxu-

2185 2157 2366 2212 νώσει
2394 2158 2611 2226 Κύριος
2637 2155 2745 2222 τὰς
2766 2158 3077 2226 ἀρχούσας
3113 2156 3440 2227 θυγατέρας
3465 2156 3638 2223 Σιὼν,
3664 2158 3765 2212 και

2184 2258 2565 2328 ἀνακαλύψω
2581 2259 2642 2327 τᾷ
2657 2259 2868 2328 σχῆμα
2883 2256 3103 2324 αὐτῶν,
3117 2258 3212 2312 καὶ
3228 2257 3443 2328 ἀφελεῖ
3450 2258 3565 2326 τὴν
3577 2258 3766 2324 δόξαν

2184 2357 2290 2414 τοῦ
2332 2358 2652 2429 ἱματισμοῦ
2682 2358 2901 2422 αὐτῶν,
2936 2357 3034 2412 καί
3078 2357 3251 2412 ἔσται
3276 2373 3376 2412 σοι
3400 2357 3534 2412 ἀντὶ
3565 2357 3767 2428 ὀσμῆς

2187 2458 2393 2526 ἡδείας
2405 2458 2731 2527 κονιορτὸς,
2746 2459 2843 2512 καί
2855 2458 2988 2512 ἀντὶ
3004 2455 3187 2525 ζώνης
3204 2458 3454 2528 σχοινίῳ
3467 2456 3623 2526 ζώσῃ
3632 2497 3647 2522 ,
3663 2457 3764 2513 καί

2184 2558 2315 2612 ἀντὶ
2328 2557 2434 2611 τοῦ
2449 2546 2679 2627 κόσμού
2701 2554 2808 2623 τῆς
2821 2555 3091 2625 κεφαλῆς
3101 2571 3218 2609 σου
3233 2555 3598 2626 φαλάκρωμα
3607 2555 3765 2622 ἕξεις

2183 2657 2282 2711 διὰ
2320 2657 2390 2712 τὰ
2415 2657 2558 2726 ἔργα
2606 2673 2743 2721 σου,
2773 2657 2909 2711 ἀντὶ
2945 2656 3014 2709 δὲ
3033 2655 3140 2710 τοῦ
3176 2655 3429 2725 χιτῶνος
3451 2656 3558 2710 τοῦ
3579 2671 3764 2725 μεσο-

2182 2754 2491 2823 πορφύρου
2523 2750 2813 2822 περιζὶὓσῃ
2843 2753 3103 2808 σάκκον·
3129 2752 3303 2806 ταῦτά
3332 2769 3416 2806 σοι
3449 2753 3570 2807 ἀντὶ
3608 2753 3766 2808 καλλι

2181 2847 2456 2920 ωπισμοῦ.
2515 2844 2668 2912 Εἶδες
2717 2849 2884 2920 ὀργὴν
2929 2849 3169 2919 άφατον;
3227 2843 3368 2913 εἶδες
3405 2848 3626 2904 κόλασιν
3665 2851 3765 2906 καὶ

2182 2946 2455 3016 τιμωρίαν
2486 2945 2880 3016 σφοδροτάτηνς
2917 2940 3057 3010 εἱδες
3093 2944 3468 3017 αἰχμαλωσίαν
3509 2945 3764 3001 ἐπιτεταρ

2187 3041 2388 3114 μένηνς
2427 3042 2522 3094 Ἐκ
2555 3040 2744 3094 τούτου
2781 3051 2804 3080 ο
2850 3040 3112 3112 στοχάζου
3151 3039 3247 3094 τοῦ
3277 3039 3675 3111 ἁμαρτήματος
3700 3039 3765 3094 τδ

2186 3135 2431 3208 μέγεθος.
2466 3137 2543 3190 Οὐ
2578 3136 2687 3207 γάρ
2719 3135 2785 3190 ἀν
2807 3135 3176 3208 σφοδροτάτην
3206 3133 3378 3198 οὕτως
3405 3135 3654 3206 ἐπήγαγε
3678 3152 3762 3193 τιε-

2186 3233 2397 3304 μωρίαν
2424 3234 2454 3286 ό
2491 3232 2874 3304 φιλάνθρωπός
2927 3249 3080 3298 ποτε,
3111 3232 3188 3304 μὴ
3226 3231 3325 3304 τῆς
3351 3232 3628 3304 ἁμαρτίας
3658 3232 3766 3305 τῆς

2181 3330 2572 3401 ἐπισπωμένης
2624 3329 2794 3401 αὐτὴν
2838 3329 2974 3382 πολὺ
3008 3327 3252 3400 μείζονος
3279 3327 3466 3401 οῦσης.
3511 3329 3576 3383 Εί
3605 3329 3666 3384 δέ
3700 3329 3764 3386 τδ

2183 3427 2494 3500 ἁμάρτημα
2515 3427 2679 3498 μέγα,
2708 3425 2930 3496 εῦδηλον
2955 3427 3040 3480 ὅτι
3064 3426 3160 3480 καλ⁸
3194 3426 3258 3480 τὸ
3307 3425 3636 3498 κατόρθωμα
3664 3425 3764 3497 μὲ-

2181 3540 2388 3593 γιστον,
2415 3523 2477 3576 τὸ
2503 3524 2832 3587 ἀπεναντίας
2887 3523 3117 3593 ἑστηκὸς
3143 3522 3339 3594 τούτῳ.
3372 3523 3473 3578 Διά
3489 3540 3572 3577 τοι
3602 3523 3765 3578 τοῦτο

2183 3621 2278 3675 καὶ
2307 3619 2587 3690 βιωτικαῖς
2620 3619 2834 3690 γυναιξὶ
2853 3619 3232 3688 διαλεγόμενος
3259 3620 3288 3672 ὁ
3319 3618 3550 3684 Παῦλος,
3575 3617 3636 3672 ού
3665 3619 3762 3689 μό-

2181 3735 2272 3771 νον
2301 3717 2397 3771 τοῦ
2440 3721 2800 3789 χρυσοφορεῖν
2827 3717 2997 3780 αὐτάς
3020 3717 3243 3784 ἀπάγει,
3272 3716 3386 3769 ἀλλ’
3415 3715 3536 3770 οὐδὲ
3571 3717 3760 3787 ἱμάτια

2183 3814 2449 3884 πολυτελῆ
2486 3813 2825 3886 περικεῖσθαι
2847 3814 3093 3884 ἀφίησιν.
3115 3806 3236 3865 Οἵδε
3256 3813 3384 3883 γάρ,
3414 3808 3522 3866 οἱδε
3549 3811 3758 3881 σαφῶς,

2181 3912 2262 3965 ὅτι
2295 3911 2530 3982 χαλεπὸν
2573 3910 2732 3965 τοῦτο
2775 3910 2955 3980 ψυχῆς
2982 3911 3220 3981 νόσημα,
3272 3911 3365 3964 καὶ
3408 3910 3759 3978 δυσκαταγώ-

2181 4024 2382 4074 νιστον,
2408 4007 2498 4061 καὶ
2525 4007 2749 4077 γνώμης
2773 4005 3174 4077 διεφθαρμένης
3202 4005 3399 4076 δεῖγμα
3419 4005 3570 4078 [542]
3599 4006 3756 4078 μέγι-

2181 4105 2307 4158 στόν
2340 4106 2478 4168 ἐστι,
2515 4104 2609 4158 καὶ
2645 4104 2847 4174 σφόδρα
2899 4104 3188 4173 φιλοσόφου
3218 4103 3468 4175 δεόμενον
3496 4103 3717 4175 γνώμης
3737 4121 3752 4135 ο

2181 4200 2272 4255 καὶ
2323 4201 2572 4272 δηλοῦσιν
2615 4203 2714 4273 ούχ
2766 4203 2823 4254 αί
2873 4201 3122 4271 βιωτικαὶ
3158 4201 3413 4268 γυναῖκες
3443 4200 3618 4270 μόνον,
3661 4202 3758 4255 καὶ

2180 4297 2435 4366 ἀνδράσιν
2457 4297 2806 4368 όμιλήσασαι,
2826 4290 2903 4350 ὦν
2933 4297 3156 4366 οὐδεμία
3177 4295 3372 4367 ῥαδίως
3393 4295 3598 4366 ταύτης
3631 4299 3753 4366 ἠνέ-

2183 4416 2337 4469 σχετο
2359 4399 2455 4468 τῆς
2469 4398 2858 4468 παραινέσεως,
2885 4397 3020 4451 ἀλλά
3047 4398 3139 4450 καὶ
3158 4399 3212 4450 αἱ
3241 4397 3546 4466 φιλοσοφεῖν
3578 4398 3759 4453 δοκοῦ·

2183 4511 2294 4558 σαι,
2316 4496 2410 4547 καὶ
2430 4495 2510 4557 εἱς
2537 4494 2628 4546 τὸν
2641 4495 2740 4564 τῆς
2753 4511 2831 4548 πα
2844 4493 3059 4564 ρθενίας
3089 4492 3261 4545 τελεῖν
3277 4493 3436 4564 χορὸν
3473 4494 3753 4565 λαχοῦσαι.

2181 4589 2379 4642 Πολλαὶ
2405 4588 2515 4660 γὰρ
2557 4588 2763 4642 τούτων
2810 4589 2946 4660 πρὸς
2985 4588 3276 4660 τυραννίδα
3311 4589 3524 4658 φύσεως
3556 4593 3756 4646 ἀποδυ-

2182 4686 2432 4755 σάμεναι,
2461 4683 2556 4738 καὶ
2578 4682 2836 4755 καθαρῶς
2863 4683 2953 4737 τὸν
2983 4685 3081 4754 τῆς
3108 4685 3403 4756 παρθενίας
3443 4685 3753 4744 διανύουσαι

2177 4783 2392 4854 δρόμον,
2445 4785 2538 4838 καὶ
2565 4781 2864 4851 ἀγγελικὴν
2901 4783 2958 4835 ἐν
3000 4782 3175 4853 τούτῳ
3227 4784 3560 4854 μιμούμεναι
3599 4786 3754 4840 πολι·-

2176 4878 2347 4943 τείαν,
2376 4879 2467 4932 καὶ
2499 4880 2559 4932 ἐν
2588 4877 2767 4948 θνητῷ
2798 4876 3008 4948 σώματι
3044 4877 3111 4932 τὰ
3135 4878 3233 4950 τῆς
3257 4879 3607 4942 ἀναστάσεως
3635 4884 3755 4937 ἐπι-

2176 4975 2520 5047 δεικνύμεναι
2534 4975 2795 5046 προοίμια
2813 4975 2828 5043 (
2846 4973 2933 5029 Ἐν
2947 4974 3054 5047 γὰρ
3072 4975 3150 5046 τῷ
3165 4962 3320 5029 αίῶνι
3332 4975 3544 5046 ἐκείνῳ,
3564 4978 3752 5048 φησιν,

2175 5075 2312 5128 οὔτε
2369 5072 2685 5142 γαμοῦσιν,
2727 5071 2864 5125 οὔτε
2913 5070 3434 5142 ἐκγαμίσκονται),
3483 5075 3576 5126 καὶ
3615 5075 3751 5146 πρὸς

2172 5172 2273 5235 τὰς
2309 5170 2634 5240 ἀσωμάτους
2691 5169 2946 5240 δυνάμεις
2984 5169 3206 5239 θέμεναι
3245 5169 3345 5239 τὴν
3374 5170 3626 5240 ἅμιλλαν,
3659 5173 3751 5226 καὶ

2175 5268 2313 5338 πρὸς
2329 5267 2424 5336 τὴν
2440 5267 2747 5338 ἀφθαρσίαν
2771 5268 2827 5320 ἐν
2841 5265 3066 5337 φθαρτῷ
3093 5268 3305 5337 σώματι
3324 5267 3744 5337 φιλονεικοῦσαι,

2177 5367 2270 5418 καὶ
2321 5367 2350 5416 ὃ
2397 5365 2610 5428 πολλοῖς
2641 5363 2760 5417 οὐδὲ
2785 5363 3016 5418 ἀκοῦσαι
3039 5366 3291 5436 φορητὸν,
3326 5365 3415 5419 διὰ
3437 5366 3545 5419 τῶν
3572 5367 3748 5438 ἔργων

2175 5459 2556 5530 κατορθοῦσαι,
2613 5462 2706 5514 καὶ
2739 5460 2987 5530 καθάπερ
3024 5461 3298 5515 λυττῶντα
3325 5462 3463 5516 κύνα
3507 5464 3599 5516 καὶ
3627 5480 3747 5516 συν-

2173 5556 2310 5627 εχῶς
2341 5557 2707 5628 ἐπιπηδῶντα,
2747 5557 2845 5627 τὴν
2866 5557 3160 5628 ἐπιθυμίαν
3187 5559 3624 5632 διακρουόμεναι,
3657 5563 3746 5614 καὶ

2176 5654 2506 5726 μαινομένην
2541 5655 2813 5708 θάλασσαν
2835 5627 3430 5726 καταστέλλουσαιξκξι.)⁸
3449 5627 3506 5712 ἐν
3535 5660 3744 5730 ἀγρίοις

2240 5812 2262 5842 ⁸
2279 5811 2388 5861 Duo
2409 5811 2473 5858 ,ἐκ
2500 5810 2664 5858 τούτου
2698 5809 2792 5859 οὖν.
