4050 6426
259 381 354 449 561

263 513 373 560 tan
394 542 415 569 ,
441 501 572 574 quid
599 498 819 566 vincas,
860 497 975 568 jam
1006 510 1114 551 non
1155 493 1323 550 habes
1355 509 1369 548 :
1403 499 1553 548 tanto
1578 491 1722 546 enim
1753 489 1858 542 im-

263 605 386 668 petu
409 597 673 651 adversus
686 606 902 650 carnem
929 590 1040 662 jam
1071 587 1197 644 inde
1224 586 1295 641 ab
1321 584 1474 640 initio
1503 581 1776 653 irroplsti,
1803 589 1862 635 ut

261 688 429 760 huius
472 686 794 759 cupiditates
815 683 1140 742 exstinxeris
1169 700 1182 736 :
1213 694 1320 737 non
1347 679 1492 735 enim
1521 691 1719 748 equum
1749 673 1861 729 fre-

263 781 434 848 aasti,
467 779 562 837 sed
593 779 752 852 plane
793 775 1192 840 constrinxisti,
1218 782 1382 844 atque
1423 769 1576 827 humi
1623 777 1862 839 prostra-

261 872 381 928 visti
403 914 421 939 ,
452 873 843 941 immotumque
865 867 1166 925 reddidisti.
1194 867 1273 922 Ae
1293 873 1403 920 tum
1431 859 1648 933 quidem
1669 871 1860 914 omnes

259 964 606 1020 continentize
644 946 900 1019 numeros
922 959 1200 1030 explevisti
1230 974 1245 1012 :
1279 969 1421 1011 nunc
1445 965 1625 1008 autem
1655 949 1709 1006 id
1746 949 1858 1020 jam

259 1065 590 1126 consequuta
617 1069 712 1121 es,
751 1063 804 1109 ut
835 1053 982 1108 omni
1010 1048 1413 1123 perturbatione
1439 1060 1647 1102 careas.
1675 1042 1859 1112 Neque

258 1148 403 1204 enim
463 1147 733 1219 negotium
779 1143 875 1201 tibi
939 1143 1155 1200 facessit
1197 1141 1507 1198 deliciarum
1560 1135 1856 1208 cupiditas,

258 1251 435 1311 neque
465 1250 523 1295 ut
545 1252 664 1296 eam
691 1253 944 1310 superes,
975 1236 1188 1292 laboras
1218 1250 1234 1290 :
1285 1247 1470 1290 verum
1501 1245 1564 1287 ea
1591 1229 1759 1284 semel
1791 1228 1858 1284 de

259 1329 440 1389 medlo
464 1331 671 1386 sublata
691 1371 707 1396 ,
747 1332 1004 1399 omnique
1049 1327 1150 1398 ipsi
1197 1324 1265 1381 ad
1291 1339 1506 1381 carnem
1537 1332 1680 1377 tuam
1710 1320 1856 1375 aditu

258 1421 551 1490 praeluso,
577 1430 819 1477 ventrem
868 1429 1072 1474 tantum
1114 1417 1218 1474 cibi
1247 1432 1312 1472 ac
1340 1424 1496 1486 potus
1533 1427 1727 1483 capere
1753 1411 1855 1466 do-

254 1514 412 1569 cuisti
432 1554 450 1578 ,
477 1523 732 1583 quantum
775 1527 996 1567 necesse
1020 1520 1134 1576 est,
1163 1525 1230 1564 ne
1260 1509 1491 1562 intereas
1510 1548 1526 1573 ,
1555 1521 1620 1560 ac
1641 1518 1854 1574 ptenam

257 1605 394 1660 luas.
436 1605 519 1660 οι»
562 1619 786 1674 eamque
816 1617 1031 1658 causam
1063 1598 1486 1669 nonjejunium,
1533 1611 1639 1650 non
1677 1593 1854 1650 conti-

258 1697 494 1751 nentiam
525 1696 575 1750 id
603 1709 765 1760 voco,
811 1692 905 1748 sed
933 1692 1076 1747 aliud
1124 1690 1375 1762 quiddam
1422 1689 1523 1744 hoc
1550 1686 1850 1742 sublimius.

255 1791 432 1860 Atque
459 1791 561 1844 hoc
591 1789 642 1843 in
687 1788 856 1844 sacris
896 1800 1113 1858 quoque
1161 1784 1262 1839 tuis
1304 1782 1500 1854 vigilils
1546 1780 1854 1852 perspicere

254 1880 420 1935 licet:
453 1894 576 1934 nam
605 1877 906 1934 dormiendi
954 1875 1219 1948 cupiditas
1271 1890 1374 1929 una
1413 1887 1537 1929 cum
1574 1871 1853 1943 superiore

255 1971 344 2026 illa
371 1971 632 2027 exstincta
676 1979 760 2026 est
789 1988 804 2027 :
833 1969 957 2025 cibo
1000 1969 1197 2040 quippe
1222 1982 1445 2022 somnus
1485 1966 1667 2022 alitur.
1711 1964 1849 2033 Quin

253 2062 392 2118 hanc
417 2077 634 2134 quoque
659 2061 763 2117 alia
807 2061 1016 2118 ratione
1042 2061 1354 2132 oppresslsti
1376 2102 1391 2124 .
1419 2059 1547 2115 dum
1586 2058 1654 2113 ah
1698 2057 1851 2113 initio

254 2162 460 2208 natura:
486 2155 648 2209 etiam
687 2154 796 2208 vim
836 2152 1094 2218 intulisti,
1144 2152 1486 2222 integrasque
1537 2160 1724 2206 noctes
1763 2149 1848 2204 iu-

248 2261 467 2303 somnes
481 2247 700 2310 duxisti,
717 2262 778 2302 ac
797 2247 1027 2316 denique
1043 2245 1257 2301 assidua
1279 2244 1667 2301 consuetudine
1683 2245 1734 2298 in
1752 2259 1840 2297 na-

252 2347 424 2391 turam
454 2338 557 2393 hoc
582 2336 916 2393 convenisti.
938 2335 1006 2393 Ut
1020 2337 1164 2392 enim
1194 2336 1310 2390 aliis
1342 2334 1581 2390 domtire
1607 2336 1850 2390 naturale

246 2439 350 2494 est,
371 2429 564 2486 eodem
581 2430 742 2485 modo
756 2430 848 2485 tibi
871 2430 1110 2501 vigilare.
1132 2433 1304 2496 Atque
1327 2429 1441 2484 hare
1462 2428 1679 2500 quidem
1693 2430 1844 2483 miri-

248 2521 346 2576 ﬁca
363 2531 418 2576 et
434 2522 670 2592 stuporis
683 2521 840 2594 plena
858 2520 1216 2588 sunt,etiamsi
1229 2535 1331 2592 per
1344 2535 1403 2576 se
1418 2519 1842 2576 considercntur.

243 2612 398 2681 Quod
415 2613 592 2685 siquis
609 2623 820 2685 tempus
840 2617 1001 2670 etiam
1019 2613 1303 2684 expendat,
1325 2613 1663 2668 immaturam
1692 2627 1846 2668 nem-

248 2721 335 2774 pe,
356 2707 407 2759 in
424 2720 529 2776 qua
556 2703 670 2760 haec
689 2707 1001 2776 prmstabas,
1020 2715 1254 2771 artatem,
1272 2714 1326 2761 et
1355 2705 1730 2776 magistrorum
1748 2718 1846 2774 pe-

249 2798 482 2862 nuriam,
511 2806 568 2851 et
593 2811 778 2853 eorum
803 2798 894 2868 qui
923 2798 1246 2854 oll'endiculo
1271 2797 1363 2854 tibi
1395 2807 1572 2865 erant,
1590 2796 1846 2867 frequen-

245 2891 397 2958 tiam,
415 2889 626 2962 etquod
644 2891 696 2945 in
713 2903 775 2946 ea
795 2887 993 2960 anima,
1011 2907 1132 2964 qua:
1147 2907 1210 2948 ex
1229 2893 1390 2963 impia
1405 2891 1568 2948 domo
1579 2891 1644 2946 ad
1658 2891 1848 2946 verita-

244 2989 350 3036 tem
369 2997 512 3037 nunc
539 2980 892 3054 transfugerat
909 3023 926 3049 ,
958 2993 1013 3038 et
1038 2983 1182 3055 quod
1220 2985 1272 3039 in
1299 2998 1528 3055 corpore
1557 2983 1802 3038 muliebri
1826 3025 1840 3046 .

241 3085 402 3144 atque
431 3075 628 3146 alioqui
657 3085 874 3148 propter
893 3077 1155 3148 majorum
1199 3077 1542 3148 splendorem
1572 3093 1635 3133 ac
1661 3077 1842 3131 luxum

243 3166 477 3223 molliet
517 3165 783 3234 delicato,
833 3179 1032 3240 quanta
1087 3169 1135 3226 ei
1166 3152 1357 3226 cuncta
1408 3170 1524 3224 haec
1573 3169 1843 3240 sigillatim

241 3259 608 3316 consideranti
660 3262 1042 3318 miraculorum
1087 3263 1254 3318 maria
1301 3277 1360 3318 se
1389 3263 1841 3332 aperientiQuo-

239 3353 378 3408 circa
410 3371 477 3406 ne
519 3353 747 3408 aliorum
792 3353 1008 3423 quidem
1041 3354 1367 3409 mentientem
1410 3354 1645 3409 facturus
1683 3367 1801 3408 sum
1824 3395 1840 3418 ,

242 3445 344 3499 hoc
361 3453 475 3508 est,
508 3443 856 3514 humilitatis,
887 3449 1157 3513 caritatis,
1198 3463 1262 3503 ac
1281 3455 1603 3502 emterarum
1643 3457 1844 3501 sanetae

241 3537 437 3592 anima:
465 3545 569 3592 tua:
607 3539 883 3595 virtutum.
916 3539 1188 3611 Siquidem
1219 3540 1345 3596 dum
1375 3541 1491 3595 haec
1515 3539 1769 3596 recordor
1789 3549 1846 3595 et

237 3645 643 3697 commemoro,
672 3641 958 3688 sexcentos
1005 3633 1132 3688 mihi
1165 3649 1376 3688 rursum
1415 3633 1589 3688 fontes
1632 3633 1844 3688 animus

241 3724 496 3792 pratulit,
529 3739 593 3779 ac
618 3741 704 3780 me
727 3725 915 3780 harum
933 3727 1117 3792 etiam,
1143 3736 1198 3781 ut
1228 3735 1283 3781 et
1311 3726 1504 3796 prioris
1522 3767 1538 3788 .
1565 3724 1841 3796 sigillatim

237 3817 431 3872 saltem
453 3832 652 3888 genera
689 3819 800 3888 ipsa
827 3860 842 3883 ,
871 3819 955 3874 vel
982 3821 1156 3889 petins
1192 3829 1506 3890 argumenta
1527 3817 1840 3886 dumtaxat,

241 3910 442 3967 referre
483 3914 665 3983 cogit:
701 3929 824 3967 nam
858 3912 986 3968 illud
1022 3913 1282 3968 inﬁnitam
1314 3914 1612 3969 orationem
1665 3913 1843 3982 requi-

241 4016 403 4060 reret.
438 4004 636 4059 Verum
665 4023 731 4061 ne
759 4006 826 4060 ah
852 4021 914 4063 ea
940 4048 956 4074 ,
987 4023 1149 4078 quam
1197 4009 1417 4079 exsequi
1446 4008 1687 4073 institui,
1722 4021 1807 4078 ma

239 4098 372 4151 teria
393 4097 640 4151 excidam
665 4140 682 4165 ,
710 4099 764 4153 in
792 4098 1110 4154 immensum
1153 4099 1370 4168 pelagus
1399 4099 1725 4168 praecipitem
1757 4115 1841 4151 me

238 4189 436 4245 auferri
483 4191 623 4247 haud
666 4193 858 4263 patiar.
888 4191 1021 4247 Nam
1049 4193 1279 4263 alioqui,
1310 4193 1410 4248 nisi
1441 4193 1492 4247 id
1535 4207 1677 4246 nunc
1709 4191 1840 4246 mihi

243 4283 573 4352 propositum
620 4293 801 4351 esset,
851 4294 905 4340 ut
938 4285 1249 4340 maestitiam
1279 4295 1422 4340 tuam
1471 4285 1729 4340 radicitus
1773 4301 1840 4340 ex

238 4377 419 4432 animo
460 4387 551 4432 tuo
587 4378 876 4434 evellerem
897 4421 913 4442 ,
951 4377 1142 4433 lubens
1170 4379 1222 4433 in
1256 4379 1355 4434 hac
1383 4379 1628 4434 oratione
1655 4393 1837 4433 versa-

239 4484 348 4530 rer,
387 4477 548 4538 atque
574 4455 895 4526 immensum
927 4470 1178 4540 pelagus,
1220 4471 1304 4526 vel
1353 4471 1612 4525 immensa
1663 4471 1839 4539 potius

239 4559 404 4613 maria
447 4561 754 4632 navigarem
788 4579 802 4615 :
844 4562 1168 4632 multiplices
1209 4563 1460 4617 nimirum
1507 4563 1839 4634 singularum

238 4651 493 4706 virtutmn
527 4664 737 4706 tuarum
787 4655 904 4708 vias
940 4653 1162 4722 obiens,
1190 4671 1417 4723 quarum
1466 4655 1690 4726 singulm
1739 4673 1836 4710 no-

239 4761 362 4800 vum
385 4763 596 4833 rursun‘t
631 4750 848 4821 pelagus
887 4762 1237 4821 procrearent
1259 4793 1274 4816 ,
1327 4737 1442 4808 sive
1485 4752 1554 4807 de
1585 4752 1840 4824 patientia

239 4838 368 4893 mihi
398 4855 580 4895 sermo
609 4851 790 4908 esset,
823 4843 939 4898 sive
977 4842 1046 4898 de
1088 4843 1389 4900 humilitate
1411 4885 1427 4910 ,
1459 4845 1575 4900 sive
1619 4845 1686 4900 de
1717 4861 1840 4900 om-

239 4930 320 4985 nis
361 4931 578 5002 generis
622 4932 967 5005 eleemosyna
986 4975 1000 4996 ,
1029 4935 1095 4988 ad
1129 4935 1272 5005 ipsos
1303 4951 1473 5006 usque
1496 4938 1642 4992 orbis
1673 4948 1840 4994 terra-

238 5035 352 5075 rum
383 5020 517 5075 ﬁnes
543 5020 768 5086 diliusa,
803 5024 916 5079 sive
955 5025 1022 5078 de
1059 5029 1282 5082 caritate
1306 5070 1320 5089 ,
1353 5043 1475 5098 qua:
1526 5029 1838 5084 innumeras

238 5110 481 5168 iornaces
505 5111 701 5167 ardore
719 5125 957 5182 superat.
989 5116 1101 5170 sive
1132 5116 1198 5171 de
1225 5117 1430 5172 inﬁnita
1456 5127 1615 5188 atque
1637 5121 1836 5190 ingenti

238 5203 420 5272 lepore
449 5203 662 5274 perfusa
691 5215 1000 5277 naturaeque
1043 5210 1259 5264 modum
1285 5213 1580 5268 excedente
1608 5213 1838 5282 pruden.

238 5296 328 5346 tia.
361 5295 592 5363 Quinam
622 5308 799 5352 autem
828 5297 950 5353 hinc
981 5299 1184 5356 fruetus
1210 5303 1311 5356 orti
1342 5305 1480 5368 sint,
1500 5306 1543 5360 si
1572 5308 1692 5376 quis
1715 5322 1839 5361 nar-

237 5406 354 5444 rare
375 5391 647 5456 instituat,
677 5394 894 5460 perinde
929 5396 1084 5451 faciet
1105 5437 1120 5462 ,
1152 5398 1270 5450 utsi
1303 5399 1422 5467 quis
1453 5402 1616 5454 maris
1645 5400 1838 5456 ﬂuctus

237 5498 520 5540 numerare
544 5485 903 5555 aggrediatur.

306 5577 360 5627 6.
395 5573 474 5630 De
503 5578 682 5631 vestitu
711 5579 800 5631 vili
837 5595 898 5631 ac
939 5580 1162 5650 neglecto
1209 5581 1554 5653 Olympiadis.
1584 5615 1659 5628 —-
1685 5588 1834 5653 Quo-

238 5667 374 5723 circa
402 5669 724 5724 vastissimis
771 5669 854 5725 his
896 5671 1133 5727 maribus
1161 5677 1475 5743 praateritis,
1510 5677 1719 5733 leonem
1767 5680 1836 5734 ab

241 5773 416 5828 ungue
449 5759 822 5816 demonstrare
852 5764 1125 5818 conabor:
1161 5780 1324 5834 pauca
1375 5768 1625 5825 nimirum
1653 5769 1722 5826 de
1752 5788 1832 5826 ve-

237 5843 363 5898 stitu
389 5853 479 5899 tuo
519 5853 680 5914 atque
709 5846 1053 5905 indumentis.
1083 5850 1274 5917 quibus
1314 5867 1511 5924 corpus
1543 5865 1690 5911 tuum
1733 5873 1827 5912 nc-

1725 373 2084 435 EPISTOLJ}

1969 490 2186 560 glectim
2211 493 2468 551 amictum
2497 503 2582 552 est
2598 536 2614 558 .
2638 495 2801 551 verba
2829 494 3049 551 faciens.
3068 499 3405 570 Quamquam
3431 500 3575 557 enim

1975 583 2092 638 lure
2135 583 2306 642 virtus
2350 586 2471 642 aliis
2498 587 2693 644 cedere
2723 587 2955 655 videtur,
2999 599 3176 645 tamen
3211 591 3258 646 si
3304 591 3427 662 quis
3455 606 3577 648 eam

1968 687 2220 735 accurate
2250 680 2624 752 perpenderit,
2651 682 2940 738 admodum
2995 684 3264 754 ingentem
3297 699 3418 740 eam
3457 699 3582 742 esse

1969 772 2235 842 reperiet,
2277 781 2441 845 atque
2467 775 2772 845 ejusmodi,
2817 791 2939 846 quae
2977 777 3223 847 sapiente
3262 776 3481 846 animo,
3515 792 3581 832 ac

1968 861 2202 918 humana
2241 874 2564 935 superante,
2594 873 2652 922 et
2693 868 2761 921 ad
2802 868 2975 937 ipsum
3009 883 3178 938 usque
3214 867 3404 924 calum
3440 866 3575 924 voli-

1967 962 2114 1009 tante
2132 969 2269 1024 opus
2310 955 2526 1012 habeat.
2567 958 2648 1011 Ac
2691 967 2975 1027 propterea
3017 959 3208 1013 nonin
3235 957 3391 1015 Novo
3416 959 3572 1017 dum-

1967 1055 2148 1112 taxat,
2172 1047 2264 1103 sed
2285 1049 2447 1103 etiam
2477 1049 2531 1105 in
2564 1048 2747 1105 Veteri
2773 1048 3119 1106 Testamento
3136 1091 3153 1116 ,
3183 1066 3304 1107 eum
3327 1067 3424 1122 per
3451 1065 3575 1106 um-

1966 1137 2118 1192 bram
2165 1153 2229 1194 ac
2279 1137 2502 1210 ﬁguram
2551 1141 2695 1197 Deus
2740 1140 3015 1197 hominum
3047 1156 3252 1214 genus,
3301 1151 3464 1215 atque
3509 1155 3575 1198 ea

1963 1246 2084 1300 qua:
2113 1230 2179 1286 ad
2213 1231 2432 1288 vivendi
2461 1233 2726 1289 rationem
2769 1233 3140 1304 pertinebant,
3171 1235 3407 1290 crassius
3432 1249 3570 1305 quo-

1964 1320 2256 1380 dammodo
2283 1322 2685 1393 moderabatur,
2715 1325 2944 1380 necdum
2971 1325 3040 1381 de
3063 1325 3368 1382 czelestibus
3404 1326 3567 1382 rebus

1963 1411 2218 1477 verbum,
2250 1430 2352 1471 nec
2378 1414 2450 1472 de
2479 1414 2670 1471 futuris
2699 1416 2804 1472 ulla
2835 1417 3040 1474 mentio
3066 1427 3217 1484 erat,
3259 1432 3360 1472 nec
3389 1417 3567 1488 philo-

1961 1503 2167 1576 sophia
2209 1505 2368 1576 hujus
2391 1521 2514 1578 quae
2543 1523 2686 1563 nunc
2723 1509 2864 1580 viget
2891 1508 2998 1564 ulla
3024 1509 3109 1564 vel
3139 1508 3367 1564 obscura
3392 1509 3564 1580 signi-

1962 1597 2174 1666 ﬁcatio,
2209 1613 2391 1654 verum
2432 1600 2710 1671 pinguiora
2739 1600 2972 1672 quodam
3009 1609 3066 1657 et
3095 1602 3361 1657 crassiore
3399 1601 3565 1658 modo

1961 1688 2106 1760 leges
2129 1689 2369 1746 Hebraeis
2399 1691 2792 1758 scribebantur,
2825 1692 3171 1762 elegantioris
3197 1692 3421 1748 vestitus
3439 1701 3560 1748 stu-

1959 1779 2107 1835 dium
2132 1780 2607 1839 vehementissime
2637 1782 2962 1839 interdicens
2978 1825 2995 1852 ,
3021 1798 3118 1854 per
3137 1784 3454 1854 prophetam
3483 1787 3563 1841 sic

1959 1872 2074 1927 ait:
2108 1870 2238 1928 Hoc
2265 1873 2390 1928 dicit
2433 1873 2687 1931 Dominus
2730 1875 2972 1931 adversus
3011 1876 3372 1932 dominatrices
3422 1877 3564 1947 ﬁlias

1960 1964 2091 2019 Sion
2124 1980 2146 2021 :
2185 1964 2296 2020 Pro
2321 1983 2380 2022 eo
2404 1967 2542 2039 quod
2561 1969 2766 2024 elevata
2793 1976 2912 2047 sunt
2930 1968 3057 2038 ﬁlia:
3080 1985 3253 2024 eorum
3275 2011 3289 2034 ,
3319 1979 3364 2024 et
3380 1971 3562 2024 ambu-

1959 2055 2186 2113 laverunt
2209 2069 2412 2115 extento
2437 2060 2572 2115 collo
2592 2102 2609 2128 ,
2639 2069 2687 2116 et
2712 2060 2916 2116 nutibus
2937 2062 3201 2116 oculorum
3221 2072 3268 2116 et
3287 2079 3562 2134 progressu

1955 2149 2144 2220 pedum
2170 2151 2361 2205 tunicas
2378 2150 2666 2218 trahebant,
2691 2161 2738 2206 et
2764 2151 2973 2222 pedibus
3001 2153 3107 2206 suis
3122 2152 3276 2208 siuiul
3294 2153 3564 2218 ludebant;

1955 2251 2002 2294 et
2031 2241 2318 2297 hun..liabit
2356 2242 2609 2299 Dominus
2647 2243 3008 2299 dominatrices
3028 2245 3167 2314 ﬁlias
3206 2244 3367 2310 Sion,
3396 2255 3443 2298 et
3472 2245 3562 2298 de-

1956 2332 2169 2387 nudabit
2195 2333 2425 2391 habitum
2467 2351 2643 2390 eorum
2661 2378 2676 2403 ,
2722 2346 2770 2390 et
2794 2340 2991 2408 auferet
3029 2337 3247 2408 gloriam
3280 2337 3560 2392 vestimenti

1954 2439 2151 2478 earum.
2187 2423 2254 2479 Et
2280 2426 2377 2480 erit
2415 2426 2506 2482 tibi
2532 2443 2626 2498 pro
2654 2429 2797 2483 suavi
2823 2427 2979 2482 odore
3002 2427 3199 2498 pulvis,
3230 2438 3276 2482 et
3306 2445 3399 2499 pro
3427 2443 3560 2482 zona

1953 2519 2182 2587 funiculo
2203 2520 2421 2591 cingeris
2438 2561 2454 2587 ,
2481 2531 2529 2575 et
2550 2537 2644 2591 pro
2669 2532 2967 2576 ornamento
2991 2523 3175 2593 capitis
3197 2522 3270 2575 tui
3298 2519 3558 2576 calvitium

1953 2613 2156 2668 habebis
2205 2626 2411 2687 propter
2440 2632 2597 2688 opera
2621 2627 2708 2672 tua
2735 2633 2754 2673 :
2782 2627 2832 2673 et
2862 2634 2955 2687 pro
2994 2619 3167 2671 tunica
3195 2616 3408 2673 clavam
3434 2633 3558 2687 pur-

1953 2724 2099 2778 pura
2123 2724 2273 2764 sacco
2293 2710 2510 2780 cingeris
2557 2709 2715 2782 (Isai.
2743 2711 2798 2766 5.
2823 2709 3016 2766 iii-i8.
3044 2709 3138 2782 Si)
3169 2729 3182 2766 :
3213 2710 3329 2764 hme
3356 2708 3448 2764 tibi
3476 2723 3558 2763 or-

1954 2801 2192 2855 namenti
2239 2801 2360 2857 loco
2388 2812 2566 2858 erunt.
2601 2802 2759 2859 Vides
2788 2802 3116 2858 iracundiam
3139 2845 3154 2871 ,
3196 2817 3415 2859 omnem
3442 2817 3560 2858 ser-

1953 2892 2127 2946 monis
2156 2891 2261 2946 vim
2290 2894 2678 2964 superantem?
2718 2894 2870 2950 vides
2911 2894 3319 2950 acerbissimum
3346 2896 3552 2966 suppli-

1949 2984 2092 3039 cium
2137 2994 2191 3040 et
2229 2985 2566 3042 cruciatum?
2603 2985 2755 3042 vides
2790 2986 3111 3042 acerrimam
3158 2987 3558 3056 captivitatem?

1953 3075 2089 3132 Hine
2131 3077 2335 3146 peccati
2391 3077 2814 3150 magnitudinem
2863 3079 3120 3150 conjicias
3165 3079 3307 3136 licet.
3366 3079 3555 3151 Neque

1950 3168 2094 3223 enim
2117 3169 2379 3240 benignus
2412 3167 2552 3225 Deus
2581 3179 2688 3225 tam
2730 3185 2947 3242 gravem
2977 3181 3033 3226 et
3057 3171 3306 3227 acerbam
3341 3187 3552 3241 [mnam

1950 3277 2202 3334 umquam
2230 3261 2541 3330 inllixisset,
2568 3263 2672 3319 nisi
2698 3275 3009 3336 peccatum,
3050 3265 3193 3336 quod
3223 3282 3342 3322 eam
3367 3281 3552 3324 accer-

1950 3365 2134 3422 seret,
2180 3355 2337 3426 longe
2379 3359 2596 3426 gravius
2646 3367 2812 3414 esset.
2853 3359 3008 3426 Quod
3060 3360 3104 3415 si
3157 3376 3408 3431 magnum
3451 3361 3556 3418 hoc

1950 3445 2125 3501 scelus
2150 3457 2263 3516 est,
2312 3447 2482 3504 virtus
2502 3463 2564 3504 ea
2590 3465 2711 3520 qute
2752 3450 2852 3521 ipsi
2883 3451 3174 3521 opponitur
3213 3451 3355 3509 haud
3390 3453 3557 3509 dubie

1950 3539 2203 3593 maxima.
2249 3541 2327 3594 Ac
2352 3540 2574 3611 proinde
2603 3541 2801 3598 Paulus
2827 3559 3073 3614 quoque,
3100 3561 3223 3599 eum
3250 3545 3318 3600 ad
3358 3547 3551 3602 mulie-

1949 3645 2038 3685 res
2061 3645 2188 3694 eas,
2215 3647 2336 3703 quae
2363 3632 2690 3688 mundanam
2722 3635 2885 3690 vitam
2916 3636 3216 3707 complexa:
3243 3647 3400 3706 sunt,
3431 3653 3557 3694 ora-

1951 3720 2152 3776 tionem
2180 3721 2435 3790 haberet,
2463 3739 2573 3780 non
2600 3726 2767 3782 modo
2791 3728 2861 3782 ab
2893 3742 3027 3784 auro
3052 3729 3314 3799 gestando
3342 3745 3438 3786 eas
3460 3731 3554 3785 ab-

1947 3810 2126 3881 ducit,
2173 3813 2266 3869 sed
2331 3829 2400 3869 ne
2449 3819 2782 3888 sumptuosis
2823 3819 3040 3889 quidem
3084 3821 3325 3876 vestibus
3369 3822 3550 3879 utendi

1949 3916 2266 3978 potestatem
2320 3912 2452 3982 ipsis
2493 3911 2622 3969 facit
2669 3914 2748 3988 (l.
2784 3909 2915 3968 Tim.
2945 3913 3001 3968 2.
3034 3914 3113 3986 9).
3163 3915 3330 3972 Norat
3368 3917 3512 3972 enim
3535 3957 3550 3983 ,

1948 4002 2228 4071 perspicue
2247 4045 2262 4068 ,
2293 4003 2542 4074 inquam,
2570 4014 2726 4061 norat
2747 4048 2761 4072 ,
2793 4021 3010 4077 gravem
3038 4006 3181 4064 hunc
3207 4023 3271 4064 ac
3301 4009 3551 4079 proﬂiga-

1950 4102 2002 4145 to
2054 4093 2424 4162 perdifﬁcilem
2473 4097 2634 4150 animi
2678 4097 2923 4152 morbum
2974 4112 3128 4162 esse,
3173 4110 3553 4170 corruptaque

1948 4186 2143 4240 mentis
2164 4188 2562 4256 apertissimum
2594 4189 2857 4256 indicem,
2890 4191 3088 4261 quique
3117 4191 3347 4261 sapienti
3370 4193 3552 4246 animo

1947 4291 2085 4347 opus
2116 4278 2375 4335 haberet:
2409 4281 2460 4334 id
2487 4281 2629 4350 quod
2662 4280 2900 4336 indicant
2921 4299 3026 4336 non
3057 4298 3138 4338 ea:
3167 4283 3446 4338 dumtaxat
3471 4286 3550 4338 fe-

1947 4371 2138 4438 minaa,
2179 4379 2299 4442 qua:
2325 4387 2610 4429 commune
2652 4374 2773 4428 vita:
2801 4390 2972 4445 genus
3013 4386 3332 4446 sequuntur,
3366 4377 3553 4430 matri-

1947 4462 2238 4531 monioque
2286 4479 2406 4518 cum
2455 4464 2584 4518 viris
2627 4466 2896 4535 copulatae
2950 4475 3105 4531 sunt,
3134 4482 3362 4538 quarum
3407 4467 3550 4522 nulla

1948 4553 2072 4608 huic
2114 4554 2343 4610 consilio
2389 4553 2547 4611 facile
2588 4556 2795 4627 paruit,
2844 4573 3030 4611 verum
3080 4559 3243 4614 etiam
3283 4573 3386 4625 eae,
3431 4574 3554 4629 qua:

1948 4649 2303 4720 philosophiae
2323 4651 2559 4720 speciem
2584 4666 2694 4721 pne
2719 4666 2780 4705 se
2807 4650 3004 4716 lerunt,
3034 4664 3194 4722 atque
3221 4653 3273 4706 in
3290 4653 3549 4723 virginum

1947 4744 2173 4798 chorum
2193 4743 2477 4813 adscripta:
2505 4755 2648 4798 sunt.
2682 4745 2967 4800 Permulta:
2997 4748 3139 4801 enim
3163 4763 3225 4802 ex
3247 4747 3399 4817 ipsis,
3429 4763 3552 4802 cum

1945 4833 2011 4887 ad
2040 4836 2146 4888 vim
2176 4843 2383 4890 natura:
2422 4835 2754 4892 inferendam
2805 4853 2864 4893 se
2905 4840 3270 4904 accinxerint,
3321 4855 3553 4909 cumque

1945 4929 2263 4999 virginitatis
2283 4931 2608 4985 curriculum
2638 4931 2754 4986 sine
2784 4932 2888 4986 ulla
2917 4931 3035 4987 labe
3057 4934 3362 4999 conﬁciant,
3391 4946 3553 5004 atque

1945 5022 2239 5090 angelicam
2283 5025 2334 5077 in
2377 5023 2476 5078 hac
2507 5040 2566 5080 re
2594 5025 2717 5080 vita:
2748 5027 3010 5081 rationem
3057 5027 3353 5092 imitentur,
3401 5039 3456 5084 et
3499 5030 3554 5084 in

1948 5117 2160 5170 mortali
2184 5131 2413 5187 corpore
2442 5119 2854 5173 resurrectionis
2883 5119 3137 5189 prmlndia
3159 5121 3445 5177 ostendant
3475 5122 3550 5192 (in

1947 5207 2036 5263 illo
2059 5209 2200 5263 enim
2242 5209 2474 5273 szeculo,
2522 5211 2694 5280 inquit
2721 5211 2998 5279 Christus,
3047 5211 3158 5266 Nec
3181 5215 3405 5279 nubent,
3459 5230 3550 5268 nec

1945 5301 2194 5357 nubentur
2223 5302 2373 5377 [Luc.
2409 5303 2499 5359 20.
2526 5302 2616 5377 55]
2647 5307 2696 5376 ),
2737 5316 2897 5376 atque
2941 5322 3063 5360 cum
3112 5308 3398 5362 virtutibus
3447 5309 3550 5363 illis

1942 5411 2063 5466 qua:
2089 5414 2317 5467 corpore
2360 5411 2582 5466 vacant,
2610 5411 2885 5455 certamen
2918 5395 3225 5470 susceptum
3276 5401 3545 5465 habeant,

1942 5501 1994 5546 et
2029 5493 2078 5545 in
2111 5494 2317 5548 mortali
2356 5508 2584 5563 corpore
2611 5509 2733 5548 cum
2775 5495 2983 5548 naturis
3023 5494 3091 5548 ab
3134 5496 3279 5548 omni
3331 5495 3546 5547 interitu

1944 5584 2134 5638 alienis
2158 5584 2514 5648 contendant,
2545 5585 2703 5652 idque
2741 5585 2882 5654 quod
2907 5585 3059 5637 multi
3088 5603 3151 5637 ne
3182 5585 3399 5638 nimbo.
3425 5587 3512 5653 qui

1943 5676 2064 5730 dent
2091 5676 2230 5731 ferre
2259 5688 2482 5744 possunt
2507 5720 2520 5742 ,
2549 5678 2718 5746 reipsa
2745 5687 2998 5746 praestent
3021 5719 3035 5741 ,
3061 5687 3114 5730 et
3137 5677 3410 5730 llbitiillClll
3439 5694 3544 5731 non

1943 5783 2098 5822 set-us
2133 5785 2192 5822 ac
2226 5770 2469 5825 rabidum
2513 5784 2738 5834 canent,
2783 5779 3147 5838 perpetuoque
3196 5769 3543 5822 insultantem

1950 5861 2259 5930 propulscnt
2282 5903 2294 5926 ,
2319 5871 2370 5915 et
2410 5859 2762 5917 marelurcns
2786 5860 3139 5930 comprimam
3159 5897 3178 5928 ,
3198 5869 3254 5915 et
3286 5860 3427 5914 inter
3448 5859 3543 5915 im.
