4050 6432
544 484 732 525 manus
757 469 949 526 ﬂuctus
973 468 1251 540 tranquille
1277 470 1556 538 navigant,
1579 475 1638 524 et
1655 465 2114 538 perturbatissitlo

545 562 678 618 mari
698 577 767 618 ex
799 562 960 618 animi
1009 561 1268 617 sententia
1295 559 1553 625 ferantur,
1583 568 1742 632 atque
1770 560 1823 615 in
1863 555 2117 613 naturalis

543 649 848 718 cupiditatis
887 649 1106 707 fornace
1156 659 1360 707 stantes
1388 649 1528 706 haud
1573 659 1750 706 tamen
1789 647 2113 718 deﬂagrent,

533 754 724 799 verum
749 741 916 798 instar
941 742 1036 797 luti
1054 743 1320 798 carbones
1339 741 1468 798 istos
1489 740 1710 812 pedibus
1733 749 1999 811 premant,
2016 738 2116 794 hac

542 840 720 886 tamen
748 831 1029 902 cupiditate
1054 833 1282 901 turpiter
1307 831 1595 887 admodum
1637 844 1701 886 ac
1725 831 1919 886 misere
1945 837 2116 899 captat

538 930 701 989 sunt,
750 937 978 994 cumque
1012 938 1075 979 ea
1105 939 1223 994 qua:
1268 923 1469 994 majora
1516 929 1671 979 erant
1709 921 2111 994 prazstitisscnt,

548 1010 674 1068 huic
701 1011 831 1068 vitio
856 1013 1269 1070 succubuerunt.

612 1103 668 1159 7.
711 1103 912 1172 Quanta
936 1121 1016 1160 res
1041 1106 1105 1160 sit
1134 1105 1418 1176 uirginitas.
1452 1133 1524 1145 —
1549 1103 1718 1160 Tanta
1746 1103 1886 1158 enim
1915 1117 2004 1158 res
2029 1108 2115 1158 est

537 1194 836 1268 virginitas,
866 1205 1116 1266 tantoque
1146 1196 1328 1252 labore
1355 1195 1588 1266 indiget,
1613 1204 1673 1251 ut
1699 1193 1958 1261 Christus,
1988 1208 2110 1249 cum

535 1285 733 1342 e'cclo
757 1286 1136 1351 descendisset,
1165 1293 1224 1340 ut
1246 1286 1491 1342 homines
1516 1286 1733 1357 angelos
1760 1284 2017 1352 efficeret,
2046 1299 2112 1340 ac

537 1377 806 1436 celestem
837 1379 956 1435 vita:
984 1382 1244 1436 rationem
1278 1379 1364 1434 hic
1391 1388 1595 1436 sereret
1616 1420 1631 1445 ,
1659 1393 1729 1434 ne
1755 1387 1864 1434 tum
1894 1375 2109 1450 quidem

539 1466 591 1522 id
618 1467 898 1540 imperare,
918 1483 981 1525 ac
1003 1469 1119 1540 lege
1143 1470 1244 1524 lata
1267 1468 1610 1540 praeeribere
1632 1482 1793 1523 ausus
1811 1467 1901 1534 sit,
1922 1480 2108 1522 verum

537 1559 706 1615 emori
729 1559 980 1631 quidem;
1011 1575 1115 1632 quo
1135 1559 1259 1631 quid
1283 1560 1495 1630 gravius
1519 1557 1804 1629 excogitari
1827 1558 2022 1628 queat?
2044 1570 2110 1612 ac

538 1660 790 1722 perpetua
830 1666 989 1707 cruce
1027 1650 1168 1714 affici
1191 1691 1208 1717 ,
1235 1649 1519 1721 hostesque
1549 1648 1822 1706 beneﬂciis
1859 1647 2106 1720 prosequi

531 1741 790 1810 jusserit,
817 1740 1164 1812 virginitatem
1188 1750 1364 1796 autem
1393 1739 1610 1796 minime
1638 1737 1950 1810 praeceperit
1973 1779 1990 1806 ,
2017 1752 2108 1794 ve-

537 1847 653 1887 rum
681 1847 798 1888 eam
827 1833 877 1887 in
902 1833 1228 1889 audientium
1257 1833 1476 1889 arbitrio
1497 1847 1562 1888 ac
1583 1832 1855 1887 voluntate
1879 1831 2108 1902 relique-

533 1925 622 1986 rit.
646 1924 726 1979 bis
751 1925 926 1981 verbis
946 1935 1096 1980 utens
1121 1944 1133 1980 :
1159 1926 1260 1992 Qui
1285 1935 1446 1994 potest
1470 1941 1669 1996 capere,
1696 1926 1863 1997 capiat
1886 1924 2100 1996 (lauit.

535 2015 622 2071 £9.
653 2016 721 2071 η
741 2015 785 2088 ).
812 2017 1016 2072 Etenim
1059 2033 1246 2088 magna
1277 2017 1436 2086 hujus
1461 2018 1538 2073 rei
1565 2019 1734 2074 moles
1757 2025 1841 2074 est
1866 2059 1883 2087 ,
1914 2032 2103 2089 magna

531 2107 878 2162 certaminum
918 2107 1104 2163 borum
1132 2108 1414 2163 difficultas
1435 2150 1452 2176 ,
1483 2117 1538 2164 et
1577 2124 1869 2179 pugnarum
1900 2109 2063 2165 sudor
2083 2149 2101 2176 ,

530 2205 689 2265 atque
707 2195 793 2252 hic
806 2198 1012 2254 virtutis
1032 2198 1179 2254 locus
1193 2198 1476 2253 admodum
1498 2214 1734 2270 praeceps
1753 2214 1818 2255 ac
1837 2199 2100 2256 lubricus:

532 2286 584 2339 id
629 2287 769 2357 quod
807 2288 966 2344 etiam
1008 2288 1318 2357 declarant,
1345 2291 1434 2360 qui
1463 2290 1514 2345 in
1553 2289 1730 2346 Veteri
1763 2291 2103 2348 Testamento

531 2379 711 2435 multis
749 2380 1029 2437 virtutibus
1070 2380 1384 2437 ﬂoruerunt.
1431 2381 1701 2453 Siquidem
1747 2398 1968 2454 magnus
2013 2384 2102 2440 ille

529 2469 740 2537 loses,
788 2471 1163 2542 prophetarum
1203 2481 1398 2544 caput,
1439 2472 1679 2529 sincerus
1718 2473 1815 2530 Dei
1855 2476 2056 2530 amicus
2082 2515 2100 2543 ,

527 2563 723 2632 quique
761 2570 956 2617 tantam
998 2563 1137 2634 apud
1179 2579 1301 2620 eum
1347 2565 1591 2621 ﬂduciam
1641 2575 1698 2622 et
1733 2567 2100 2622 auctoritatem

530 2653 787 2716 obtinuit,
820 2667 875 2709 ut
903 2664 1151 2711 sexcenta
1178 2655 1450 2712 hominum
1482 2657 1645 2712 millia
1665 2697 1682 2723 ,
1713 2657 1976 2728 supplicio
2001 2658 2100 2714 ob-

528 2743 706 2810 noxia,
726 2744 975 2800 divinitus
998 2746 1248 2801 immissae
1266 2746 1432 2817 plagae
1452 2748 1714 2817 eriperet;
1739 2748 1838 2816 vir,
1861 2749 2099 2819 inquam,

530 2843 704 2889 tantus
727 2851 791 2891 ac
815 2844 920 2890 tam
947 2837 1166 2907 insignis
1189 2838 1323 2892 mari
1353 2838 1564 2908 quidem
1593 2838 1901 2907 imperavit,
1929 2849 1984 2896 et
2007 2856 2099 2912 pe-

529 2923 677 2994 lagus
702 2926 900 2990 secuit,
931 2935 984 2981 et
1006 2941 1165 2997 rupes
1191 2927 1374 2999 fregit,
1407 2937 1460 2984 et
1484 2943 1662 2986 aerem
1692 2930 2020 3000 immutavit,
2045 2943 2099 2990 et

527 3015 780 3072 Niliacam
810 3018 1001 3073 undam
1029 3020 1080 3074 in
1104 3034 1349 3077 cruorem
1369 3023 1662 3090 convertit,
1689 3033 1742 3079 et
1765 3039 2012 3081 ranarum
2036 3042 2098 3084 ac

530 3108 850 3164 locustarum
876 3111 1166 3166 exercitum
1193 3111 1453 3168 Pharaoni
1478 3115 1754 3184 opposuit,
1784 3125 1839 3171 et
1866 3133 1950 3174 res
1979 3135 2098 3176 om-

528 3213 623 3254 nes
637 3201 876 3258 conditas
896 3201 948 3256 in
967 3217 1157 3259 novam
1176 3212 1414 3260 naturam
1434 3206 1733 3274 transtulit,
1753 3209 1960 3281 aliaque
1975 3211 2098 3265 inﬂ-

527 3288 636 3343 uita
667 3291 917 3346 miracula
944 3292 1138 3359 edidit,
1169 3301 1326 3364 atque
1355 3296 1517 3351 multa
1547 3296 1756 3353 virtutis
1781 3299 2097 3356 documenta

527 3379 750 3447 prmbuit
775 3397 788 3434 :
810 3395 934 3436 nam
955 3393 1174 3454 utraque
1194 3399 1258 3440 ex
1278 3395 1427 3454 parte
1446 3387 1664 3454 claruit;
1689 3404 1869 3446 verum
1891 3391 1957 3446 ad
1983 3393 2098 3449 haec

525 3471 812 3526 certamina
855 3487 922 3530 ne
962 3474 1144 3531 oculos
1182 3476 1395 3546 quidem
1437 3478 1718 3534 obvertere
1761 3483 1966 3551 potuit,
2001 3484 2095 3540 sed

526 3562 861 3618 matrimonio
882 3605 899 3631 ,
935 3575 989 3620 et
1027 3567 1208 3622 uxoris
1245 3569 1522 3639 complexu
1547 3611 1563 3633 .
1595 3580 1754 3641 atque
1793 3571 2094 3642 huiusmodi

527 3652 773 3720 pmsidio
817 3654 1036 3726 indiguit
1056 3697 1071 3719 ,
1103 3672 1202 3713 nec
1228 3658 1540 3729 virginitatis
1580 3664 1710 3717 mari
1730 3704 1745 3730 ,
1777 3665 1917 3734 quod
1948 3666 2091 3721 illius

526 3745 712 3801 ﬂuctus
739 3748 1170 3816 pertimesceret,
1197 3766 1256 3807 se
1279 3753 1609 3809 committere
1637 3771 1797 3813 ausus
1823 3765 1924 3812 est.
1956 3758 2093 3826 Quin

524 3838 682 3892 ctiam
712 3839 1007 3908 patriarcha
1037 3841 1142 3898 iste
1163 3883 1180 3909 ,
1207 3841 1296 3898 ﬁlii
1327 3843 1413 3900 sui
1439 3846 1711 3902 sacrificus
1731 3889 1747 3914 ,
1775 3848 2096 3904 violentissi-

527 3943 670 3982 mum
698 3939 895 3985 natura:
917 3931 1163 3988 aﬂectum
1190 3935 1500 4004 proculcare
1527 3937 1713 4006 potuit,
1744 3953 1806 3993 ac
1831 3938 2017 4002 ﬂlium,
2041 3949 2097 3996 et

524 4017 736 4087 quidem
763 4018 924 4074 filium
952 4021 1115 4087 lsaac,
1137 4022 1191 4077 in
1223 4024 1338 4092 ipso
1361 4027 1532 4081 aetatis
1555 4026 1708 4094 ﬂore,
1732 4027 1783 4082 in
1809 4027 1923 4098 ipso
1944 4029 2096 4098 juve—

525 4108 647 4163 nilis
691 4109 862 4165 zetatis
901 4111 1082 4181 vigore
1104 4153 1120 4180 ,
1149 4114 1473 4184 unigenitum
1501 4158 1517 4182 ,
1545 4131 1727 4172 carum
1753 4159 1769 4184 ,
1798 4133 1862 4175 ac
1901 4129 2095 4190 prater

523 4213 671 4267 spem
699 4214 910 4256 omnem
931 4202 1029 4272 ipsi
1054 4217 1389 4272 concessum,
1410 4213 1465 4262 et
1483 4208 1663 4263 multis
1689 4209 1966 4266 virtutibus
1990 4211 2090 4266 ﬂo-

525 4298 750 4354 rentem,
777 4307 985 4362 quoque
1009 4293 1125 4349 solo
1152 4295 1436 4363 nitebatur,
1467 4298 1627 4353 etiam
1659 4300 1709 4354 in
1736 4309 1974 4357 extrema
2001 4317 2090 4358 se-

527 4390 740 4439 nectute
760 4395 931 4439 morte
949 4384 1163 4456 afﬁcere
1178 4387 1361 4454 voluit,
1380 4403 1607 4460 eumque
1627 4390 1678 4444 in
1701 4400 1932 4446 montem
1958 4393 2091 4448 sub.

524 4472 744 4541 vehere,
766 4489 886 4530 cum
912 4474 978 4530 ad
1008 4476 1115 4532 tale
1129 4476 1332 4534 facinus
1350 4480 1696 4536 subvecturus
1712 4491 1873 4548 esset,
1895 4484 2091 4554 potuit,

523 4575 682 4636 atque
696 4581 844 4622 aram
865 4570 1151 4635 exstruxit,
1170 4577 1225 4626 et
1249 4569 1388 4642 ligna
1411 4575 1732 4643 composuit,
1750 4585 1803 4630 et
1821 4576 2090 4633 victimam

521 4655 802 4726 imposuit,
825 4663 880 4713 et
901 4673 1207 4715 mucronem
1233 4662 1474 4732 arripuit,
1503 4679 1732 4733 eumque
1761 4667 1907 4734 pueri
1929 4668 2088 4737 jugu-

520 4746 573 4802 lo
599 4747 775 4818 adegit
800 4747 952 4818 (Gen.
971 4749 1066 4819 22)
1095 4765 1109 4803 :
1136 4766 1256 4806 nam
1281 4752 1455 4824 adegit
1475 4769 1538 4808 ac
1557 4757 1851 4810 cruentavit
1871 4757 2090 4815 adamas

519 4839 629 4904 ille,
658 4842 764 4894 imo
789 4841 1067 4897 adamante
1092 4843 1235 4898 omni
1263 4843 1462 4900 firmior
1487 4861 1503 4898 :
1531 4848 1725 4902 etenim
1751 4848 1851 4904 hoc
1875 4851 2086 4918 quidem

519 4928 608 4984 ille
643 4930 695 4986 vi
734 4937 934 4984 natura:
973 4931 1162 4998 habet;
1208 4932 1293 4988 hic
1330 4943 1504 4990 autem
1546 4951 1640 5006 per
1668 4937 2084 5009 philosopliicam

517 5021 843 5076 voluntatem
890 5023 1180 5080 naturalem
1227 5024 1372 5080 illam
1419 5026 1719 5083 firmitatem
1748 5039 1804 5084 et
1838 5031 2084 5089 duritiem

519 5110 754 5165 imitatus
791 5121 911 5178 est,
940 5121 1097 5183 atque
1135 5115 1423 5184 angelicam
1463 5119 1900 5188 tranquillitatem
1941 5124 2084 5179 omni

516 5203 909 5270 perturbatione
933 5219 1150 5259 vacuam
1175 5207 1437 5276 praestitit.
1466 5209 1536 5264 Et
1562 5220 1737 5266 tamen
1764 5212 1829 5276 is,
1854 5215 1944 5283 qui
1971 5223 2086 5271 tan-

523 5301 630 5346 tum
661 5303 870 5364 tamque
897 5295 1204 5364 prmclarum
1231 5308 1500 5356 certamen
1527 5301 1659 5359 inire
1688 5305 1856 5373 potuit
1879 5347 1894 5371 ,
1925 5315 2082 5377 atque

515 5398 577 5436 ex
607 5384 732 5452 ipsis
763 5395 964 5439 natura:
991 5385 1181 5441 finibus
1203 5392 1449 5457 excessit,
1473 5390 1786 5461 virginitatis
1811 5406 2082 5453 certamen

516 5474 783 5544 suscipere
809 5476 1025 5531 minime
1049 5492 1207 5532 ausus
1228 5488 1310 5532 est
1333 5497 1345 5533 :
1367 5496 1548 5536 verum
1574 5483 1686 5552 ipse
1711 5500 1921 5556 quoque
1948 5486 2084 5544 banc

519 5563 812 5632 palaestram
838 5568 1107 5636 extimuit,
1138 5571 1561 5646 matrimoniique
1588 5577 1832 5633 solatium
1861 5589 1943 5634 est
1971 5596 2085 5636 am-

521 5655 722 5722 plcxus.

589 5747 642 5801 8.
685 5743 818 5805 Laus
843 5749 996 5818 Jobi;
1024 5751 1328 5809 calamitates
1355 5755 1482 5824 ejus.
1507 5787 1574 5796 —-
1598 5758 1688 5814 Vis
1711 5758 1898 5818 Jobum
1924 5763 2080 5821 etiam

1246 354 1304 412 S.
1343 352 1620 412 JOANNIS
1645 346 2120 412 CHRYSOS‘I'OII
2156 345 2472 403 AICIIIEP.
2509 347 3043 407 CONSTANTINOP.

2229 462 2313 518 his
2334 463 2616 535 adiungam
2632 463 2658 519 ἳ
2677 462 2882 534 justum
2911 463 3126 536 inquam
3151 461 3333 531 illum,
3358 458 3474 520 veri
3493 467 3763 518 amantem
3779 501 3803 526 .

2221 556 2392 626 pium,
2420 564 2583 627 atque
2607 555 2678 612 ab
2705 553 2948 627 improba
2973 554 3120 612 omni
3147 554 3360 611 actione
3377 567 3500 612 sese
3526 553 3801 610 abstinen-

2221 657 2328 705 tem
2360 647 2482 720 (Ιοὺ
2508 650 2602 721 l)?
2627 650 2726 706 llic
2763 649 2923 722 igitur
2945 648 3049 706 Job
3068 647 3266 706 diaboli
3292 662 3356 704 os
3381 645 3654 712 contudit;
3683 660 3806 716 per-

2218 754 2408 797 cussus
2431 741 2546 811 ipse
2565 782 2583 810 ,
2613 756 2720 796 non
2749 741 3052 812 percutiens
3072 781 3088 806 ,
3121 748 3286 796 totam
3319 739 3461 795 illius
3495 737 3802 809 pharetram

2217 831 2536 898 cxinanivit;
2556 845 2783 904 cumque
2801 831 3031 889 assiduis
3049 830 3119 886 ab
3141 831 3259 902 ipso
3277 830 3482 902 sagittis
3504 837 3799 900 peteretur,

2217 923 2396 976 omnia
2422 931 2600 979 tamen
2631 927 2978 980 tentatlonum
3003 937 3200 994 genera
3224 921 3494 988 sustinuit,
3516 929 3573 978 et
3600 934 3797 976 unum-

2216 1010 2464 1082 quodque
2491 1012 2776 1070 immanem
2803 1013 2857 1068 in
2882 1013 3120 1069 modum.
3159 1012 3294 1069 Nam
3320 1029 3443 1084 quae
3470 1013 3525 1068 in
3556 1011 3658 1068 hac
3690 1010 3799 1068 vita

2216 1101 2474 1159 molestiae
2513 1105 2744 1176 speciem
2786 1103 3022 1171 habent,
3063 1113 3119 1160 et
3146 1118 3333 1160 revera
3368 1105 3592 1160 molesta
3625 1109 3801 1170 sunt,

2215 1191 2333 1248 hac
2371 1195 2671 1265 praesertim
2708 1202 2871 1262 sunt,
2913 1203 3194 1266 paupertas
3216 1235 3232 1261 ,
3274 1194 3529 1260 morbus,
3565 1192 3799 1250 ﬁlioru-

2211 1284 2450 1350 amissio,
2472 1283 2702 1340 hostium
2723 1286 2972 1355 impetus,
2995 1285 3286 1342 amicorum
3308 1285 3544 1356 ingratus
3562 1286 3795 1352 animus,

2214 1374 2403 1442 fames,
2438 1377 2676 1449 perpetui
2701 1379 2940 1449 corporis
2961 1377 3195 1445 dolores,
3223 1379 3484 1445 convicia,
3509 1377 3797 1434 calumnia

2211 1475 2268 1522 et
2308 1464 2519 1522 sinistra
2555 1466 2877 1524 existimatio
2911 1483 2928 1522 :
2965 1483 3085 1539 quae
3111 1468 3291 1523 omnia
3326 1467 3380 1524 in
3409 1482 3574 1523 unum
3598 1481 3798 1538 corpus

2210 1555 2375 1612 eﬂ‘usa
2397 1600 2415 1627 ,
2442 1567 2602 1629 atque
2628 1558 2883 1616 adversus
2921 1573 3082 1615 unam
3119 1559 3350 1614 animam
3391 1567 3591 1614 structa
3621 1567 3749 1614 sunt
3773 1598 3792 1623 ,

2208 1648 2457 1720 quodque
2479 1649 2641 1706 etiam
2665 1651 2879 1722 gravius
2905 1659 3007 1718 est,
3041 1650 3400 1720 inopinantem
3426 1649 3613 1705 adorta
3642 1657 3789 1704 sunt.

2208 1739 2358 1809 Quod
2378 1749 2556 1796 autem
2580 1739 2699 1797 dico
2720 1742 2799 1798 sic
2824 1740 3227 1814 intelligendum
3252 1758 3268 1796 :
3293 1740 3397 1809 Qui
3425 1741 3668 1797 tenuibus
3691 1755 3792 1810 pa-

2207 1830 2451 1888 rentibus
2473 1840 2624 1888 ortus
2645 1841 2748 1899 est,
2771 1840 2931 1904 atque
2955 1833 3009 1888 in
3034 1833 3297 1904 ejusmodi
3327 1831 3486 1887 domo
3509 1831 3790 1898 educatus.

2209 1924 2534 1994 paupertatis
2576 1922 2872 1980 molestiam
2915 1922 3069 1980 facile
3113 1923 3328 1988 tulerit,
3379 1930 3561 1992 utpote
3603 1936 3700 1977 usu
3732 1929 3794 1977 et

2205 2014 2590 2071 consuetudine
2604 2014 2900 2081 exercitus;
2917 2021 2973 2069 at
2989 2013 3081 2085 qui
3103 2022 3176 2068 tot
3191 2013 3434 2085 pecuniis
3447 2011 3786 2081 circumﬂuit,

2207 2108 2474 2177 tantisque
2507 2104 2698 2176 opibus
2736 2104 3008 2172 abundat,
3038 2120 3102 2160 ac
3141 2114 3324 2176 postea
3365 2105 3419 2160 in
3459 2104 3787 2160 contrarium

2205 2205 2426 2267 repente
2466 2195 2663 2252 labitur
2685 2237 2702 2264 ,
2731 2195 3032 2266 huiusmodi
3073 2196 3420 2251 mutationem
3461 2193 3601 2251 haud
3632 2194 3789 2252 facile

2205 2285 2385 2342 tulerit
2406 2301 2427 2342 ι
2454 2300 2578 2341 nam
2607 2284 2883 2356 inexperto
2904 2326 2922 2354 ,
2949 2286 3038 2356 qui
3081 2295 3301 2356 repente
3329 2286 3382 2340 in
3409 2300 3528 2341 eam
3560 2285 3745 2342 incidit
3766 2325 3785 2352 ,

2204 2376 2448 2433 acerbior
2467 2375 2692 2431 videtur.
2722 2377 2801 2432 Ac
2825 2391 3035 2432 rursum
3059 2376 3179 2447 :qui
3203 2375 3449 2447 ignobilis
3469 2385 3572 2441 est,
3595 2375 3788 2432 obseu-

2204 2483 2398 2540 rosque
2423 2476 2670 2540 parentes
2695 2467 2901 2534 habuit,
2928 2477 3088 2540 atque
3114 2469 3167 2524 in
3191 2479 3451 2540 perpetuo
3476 2477 3786 2540 contemptu

2205 2559 2370 2626 vivit,
2401 2559 2448 2616 is
2488 2558 2786 2616 maledictis
2828 2568 2885 2616 et
2925 2561 3263 2616 contumeliis
3305 2559 3446 2616 haud
3488 2559 3780 2616 admodum

2204 2651 2554 2709 conturbatur
2582 2670 2596 2706 :
2628 2651 2721 2722 qui
2747 2659 2954 2719 autem,
2986 2667 3108 2708 cum
3139 2649 3343 2706 tantam"
3377 2651 3522 2722 prius
3557 2651 3784 2722 gloriam

2202 2742 2505 2809 obtineret,
2534 2750 2590 2799 et
2616 2742 2685 2798 ab
2710 2742 2958 2799 omnibus
2996 2741 3282 2812 stiparetur
3305 2784 3320 2809 ,
3347 2752 3507 2811 atque
3543 2743 3784 2800 omnium

2201 2847 2451 2889 sermone
2471 2833 2851 2901 celebraretur,
2874 2849 3168 2905 magnoque
3194 2849 3315 2890 cum
3337 2833 3622 2903 splendore
3646 2849 3786 2904 pra:-

2200 2924 2483 2991 dicaretur,
2507 2933 2690 2996 postea
2717 2925 2770 2980 in
2801 2924 3070 2980 infamiam
3095 2935 3149 2981 et
3173 2934 3534 2996 contemptum
3564 2927 3780 2995 cecidit,

2201 3016 2323 3073 huic
2350 3017 2490 3073 idem
2517 3017 2656 3088 quod
2686 3018 2734 3073 ei
2753 3059 2771 3085 ,
2801 3018 2890 3088 qui
2917 3032 2984 3073 ex
3008 3016 3169 3073 divite
3195 3033 3394 3088 pauper
3417 3017 3636 3075 eﬂ'ectus
3660 3027 3744 3076 est
3761 3059 3781 3088 ,

2199 3110 2404 3166 accidat
2427 3125 2646 3167 necesse
2664 3119 2766 3167 est.
2789 3109 2909 3166 Pari
2935 3110 3094 3167 modo
3112 3111 3203 3183 qui
3222 3111 3344 3166 filiis
3363 3111 3600 3179 orbatur,
3617 3115 3781 3170 etiam

2199 3200 2246 3256 si
2274 3215 2460 3257 omnes
2500 3201 2744 3268 amittat,
2771 3200 3099 3274 dumtamen
3130 3217 3236 3259 non
3276 3202 3465 3259 eodem
3497 3213 3776 3276 tempore,

2202 3291 2422 3358 luctum,
2449 3306 2607 3361 quem
2633 3307 2705 3347 ex
2733 3291 2799 3348 iis
2824 3293 2912 3363 qui
2939 3303 3166 3349 mortem
3192 3293 3440 3350 obierunt
3464 3295 3625 3366 capit,
3655 3297 3782 3353 reli-

2199 3397 2424 3452 quorum
2468 3383 2659 3439 solatio
2700 3383 2840 3439 levat
2871 3403 2885 3440 :
2913 3399 2976 3440 ac
3005 3384 3190 3441 sedato
3227 3401 3292 3443 eo
3318 3402 3550 3444 mmrore
3572 3429 3588 3456 ,
3619 3405 3780 3460 quem

2200 3474 2435 3542 priorum
2454 3473 2707 3530 interitus
2733 3474 2926 3542 attulit,
2953 3475 2998 3531 si
3028 3475 3308 3546 interjecto
3332 3479 3509 3550 aliquo
3537 3488 3781 3551 tempore

2198 3566 2426 3622 alterum
2453 3581 2485 3623 e
2513 3567 2618 3622 vita
2643 3567 2920 3625 discedere
2942 3571 3237 3641 contingat,
3270 3573 3450 3628 mitior
3476 3575 3526 3628 ei
3549 3557 3663 3630 hazc
3688 3590 3781 3630 ea.

2200 3657 2409 3713 lamitas
2445 3657 2683 3713 redditur
2708 3675 2724 3714 :
2752 3675 2925 3730 neque
2953 3661 3094 3716 enim
3125 3663 3325 3718 recenti
3354 3663 3528 3720 adhuc
3567 3665 3779 3722 vulneri

2197 3747 2526 3816 supervenit,
2550 3765 2736 3806 verum
2764 3750 2968 3818 sedato,
2995 3766 3059 3807 ac
3083 3751 3152 3807 de
3176 3753 3354 3808 medio
3377 3753 3606 3822 sublato,
3633 3756 3778 3826 quod

2198 3838 2412 3908 quidem
2441 3854 2548 3895 non
2574 3855 2761 3910 parum
2787 3841 2855 3898 de
2890 3842 3076 3898 dolore
3103 3842 3353 3900 detrahit.
3387 3849 3455 3900 At
3479 3857 3660 3903 contra
3690 3848 3781 3906 hic

2200 3930 2504 3986 universum
2535 3932 2760 3988 filiorum
2788 3933 3010 3990 chorum
3038 3951 3144 3991 uno
3173 3938 3427 4008 temporis
3457 3948 3654 4008 puncto
3677 3981 3693 4006 ,
3722 3949 3780 3998 et

2198 4021 2412 4088 quidem
2455 4023 2800 4080 acerbissimo
2845 4026 3033 4080 mortis
3067 4041 3266 4098 genere
3300 4027 3581 4099 abreptum
3621 4029 3778 4090 vidit.

2195 4109 2328 4166 Nam
2353 4122 2408 4168 et
2433 4113 2660 4169 violenta
2688 4123 2742 4170 et
2766 4115 3043 4172 immatura
3069 4117 3183 4172 haec
3207 4109 3351 4174 mors
3375 4129 3491 4175 erat
3513 4163 3529 4187 ,
3551 4135 3615 4177 ac
3642 4131 3778 4178 tem-

2197 4218 2296 4273 pus
2319 4205 2477 4260 etiam
2501 4215 2556 4261 et
2580 4207 2729 4262 locus
2749 4207 2887 4264 haud
2911 4224 3132 4279 parvum
3154 4210 3328 4266 dolori
3350 4213 3621 4269 cumulum
3645 4214 3780 4273 aﬂ'e-

2197 4294 2348 4350 rebat
2376 4313 2390 4350 :
2419 4297 2679 4366 siquidem
2701 4307 2754 4354 et
2775 4300 3049 4368 epularum
3079 4309 3338 4371 tempore,
3365 4311 3422 4357 et
3446 4303 3499 4358 in
3525 4319 3590 4360 ea
3613 4304 3777 4364 domo

2193 4402 2313 4456 qua:
2356 4387 2651 4458 hospitibus
2687 4399 2870 4460 aperta
2906 4401 3063 4458 erat,
3092 4400 3147 4448 et
3174 4391 3402 4464 denique
3426 4394 3619 4451 domus
3645 4395 3780 4468 ipsis

2192 4480 2494 4549 sepulcrum
2521 4480 2634 4534 fuit.
2664 4480 2794 4536 Nam
2823 4482 2948 4554 quid
2977 4497 3170 4538 novum
3198 4483 3348 4550 illud,
3377 4485 3626 4558 quodque
3654 4489 3780 4544 nul-

2194 4570 2259 4626 lis
2283 4571 2459 4626 verbis
2483 4571 2708 4640 exprimi
2735 4573 2930 4642 possit,
2955 4572 3108 4628 famis
3125 4589 3294 4645 genus
3316 4589 3734 4633 commemorem
3751 4580 3784 4634 τ

2193 4661 2548 4717 voluntarium
2590 4661 2760 4717 dicam
2804 4677 2871 4717 an
2913 4664 3196 4720 coactum?
3237 4679 3411 4736 neque
3444 4666 3630 4734 enim,
3666 4682 3784 4739 quo

2192 4767 2311 4808 eam
2333 4753 2590 4808 vocabulo
2613 4755 2894 4824 appellem,
2919 4756 3051 4821 scio,
3075 4770 3175 4812 nec
3197 4756 3337 4827 quod
3360 4765 3465 4840 tam
3487 4757 3779 4829 inopinata

2193 4846 2478 4900 calamitati
2508 4861 2702 4902 nomen
2727 4848 2991 4919 imponam
3025 4849 3254 4920 reperio.
3281 4849 3486 4922 Quippe
3509 4851 3579 4908 ab
3603 4867 3779 4923 appo-

2191 4937 2293 4992 sita
2321 4952 2504 4993 mensa
2532 4938 2848 5007 abstinebat,
2879 4955 2978 4995 nec
3004 4941 3152 4996 cibos
3179 4956 3293 5006 eos,
3320 4958 3455 5014 quos
3482 4945 3738 5003 cernebat
3758 4987 3778 5015 ,

2190 5028 2502 5099 attingebat.
2529 5030 2816 5087 Vulneruru
2847 5031 2991 5088 enim
3015 5073 3032 5100 ,
3056 5034 3250 5102 quibus
3274 5035 3439 5108 ipsius
3463 5052 3661 5107 corpus
3690 5039 3776 5094 af-

2192 5120 2468 5177 ficiebatur
2490 5162 2505 5187 ,
2546 5120 2706 5178 fetor
2741 5122 3116 5192 appetitionem
3153 5139 3365 5182 omnem
3394 5128 3776 5199 opprimebat,

2190 5227 2534 5284 mensamque
2582 5213 2741 5270 etiam
2785 5217 2952 5286 ipsam
3000 5217 3244 5272 molestia
3288 5217 3660 5287 perfundebat.
3716 5219 3777 5278 Id

2189 5306 2330 5374 quod
2360 5307 2518 5362 etiam
2547 5306 2632 5362 bis
2669 5309 2844 5364 verbis
2869 5309 3173 5366 declarabat
3201 5326 3216 5365 :
3251 5309 3504 5366 Fetorem
3527 5313 3672 5368 uideo
3700 5313 3778 5368 ei-

2190 5395 2278 5448 bos
2304 5411 2438 5449 meos
2463 5395 2622 5465 (Job.
2651 5397 2702 5454 6.
2729 5399 2825 5469 7).
2871 5401 2947 5454 Ac
2971 5400 3052 5453 vis
3089 5399 3304 5470 quidem
3344 5399 3497 5457 famis
3521 5417 3646 5458 eum
3666 5445 3682 5470 ,
3711 5411 3777 5460 ut

2189 5487 2395 5543 oblatos
2421 5487 2568 5542 cibos
2592 5487 2912 5559 degustaret,
2936 5489 3179 5560 adigebat
3201 5509 3214 5544 :
3236 5507 3421 5548 verum
3445 5493 3775 5551 incredibilis

2190 5578 2404 5649 quidam
2443 5578 2602 5634 foetor
2624 5621 2640 5648 ,
2677 5583 2766 5651 qui
2804 5596 2870 5637 ex
2910 5582 3076 5652 ipsius
3101 5583 3350 5639 carnibus
3378 5585 3727 5655 promauabat
3750 5626 3769 5652 ,

2190 5671 2294 5724 vim
2318 5670 2469 5726 famis
2490 5673 2787 5740 superabat.
2817 5672 2961 5743 Ideo,
2987 5683 3045 5728 ut
3063 5674 3172 5744 jam
3199 5675 3329 5742 dixi,
3347 5692 3453 5746 quo
3474 5693 3591 5732 eam
3617 5687 3775 5748 pacto

2192 5763 2452 5835 appellem
2480 5780 2587 5824 non
2607 5767 2794 5826 habeo.
2823 5767 3223 5826 Voluntariam?
3241 5771 3311 5829 At
3331 5771 3603 5842 appositos
3620 5769 3774 5832 cibos
