4050 6434
298 343 406 401 563

292 469 505 541 κύμασι
555 470 696 543 μετά
730 471 973 545 γαλήνης
1021 472 1303 538 πλέουσαι,
1335 469 1434 526 τοῦ
1478 468 1887 543 ταραττομένου

294 560 545 629 σφοδρῶς
609 559 704 613 τοῦ
737 559 1007 630 πελάγους
1053 558 1306 631 ἐξουρίας
1347 559 1669 631 φερόμεναι.
1699 557 1795 611 καὶ
1826 557 1889 610 ἐν

295 646 515 716 καμίνῳ
558 647 796 717 φυσικῆς
847 646 1143 718 ἐπιθυμίας
1168 647 1429 714 ἐστῶσαι,
1481 647 1576 702 καὶ
1616 645 1693 717 μὴ
1716 660 1888 700 κατα-

294 733 608 806 καιόμεναι,
665 736 779 791 ἀλλ’
818 736 894 799 ὡς
952 736 1124 807 πηλὸν
1171 738 1301 802 τοὺς
1335 737 1614 808 ἄνθρακας
1663 735 1889 799 τούτους

295 825 733 892 καταπατοῦσαι,
765 827 872 881 ὑπὸ
919 827 1023 898 τῆς
1063 827 1362 900 ἐπιθυμίας
1404 826 1607 898 ταύτης
1641 826 1889 880 ἑάλωσαν

295 912 540 984 αἰσχρῶς
570 913 714 966 πάνυ
747 913 842 966 καὶ
863 913 1134 977 ἐλεεινῶς,
1164 915 1259 969 καὶ
1296 914 1368 969 τά
1406 913 1627 985 μείζονα
1649 911 1893 983 δυνηθεί-

298 1015 409 1063 σαι,
441 998 551 1053 ὑπὸ
577 1000 767 1053 τούτου
805 1001 1323 1072 κατηγωνίσθησαν.

365 1086 432 1148 ζ’.
451 1084 722 1140 Τοσοῦτον
735 1085 844 1156 γάρ
859 1087 1009 1140 ἐστιν
1028 1088 1062 1158 ή
1088 1088 1357 1160 παρθενία
1374 1088 1628 1160 πρᾶγμα,
1646 1087 1739 1141 καὶ
1764 1103 1890 1140 τοσ-

294 1171 451 1226 ούτου
469 1172 644 1227 δεῖται
676 1171 771 1226 τοῦ
812 1173 993 1239 πόνου,
1044 1175 1126 1228 ὅτι
1165 1175 1441 1230 κατελθὼν
1478 1176 1508 1230 6
1548 1174 1784 1246 Χριστὸς
1828 1171 1888 1240 ἐξ

291 1258 551 1331 ούρανοῦ,
580 1259 669 1314 ῐνα
705 1261 832 1324 τοὺς
863 1259 1184 1333 ἀνθρώπους
1209 1263 1475 1332 ἀγγέλους
1521 1263 1746 1336 ποιήσῃ,
1792 1263 1888 1316 καὶ

291 1347 392 1417 τὴν
413 1347 526 1402 ἀνω
574 1347 850 1401 πολιτείαν
905 1348 1144 1404 ἐνταῦθα
1185 1350 1593 1424 καταφυτεύσῃ,
1615 1351 1738 1405 οὑδὲ
1763 1351 1884 1404 τότε

291 1434 600 1506 ἐθάρρησεν
625 1435 876 1500 ἐπιτάξαι
905 1435 1085 1502 τοῦτο,
1109 1437 1230 1492 οὑδὲ
1258 1439 1338 1501 είς
1368 1437 1536 1508 νόμου
1570 1437 1704 1492 αὑτὸ
1730 1437 1885 1503 τάξιν

289 1522 520 1590 ἀγαγεῖν
541 1539 555 1552 ·
591 1521 706 1576 ἀλλ’
746 1523 1111 1595 ἀποθνήσκειν
1143 1524 1244 1595 μὲν
1271 1525 1663 1597 ἐνομοθέτησεν
1704 1520 1806 1596 (οῦ
1832 1526 1885 1580 τί

292 1611 594 1682 βαρύτερον
614 1611 813 1678 γένοιτ’
835 1612 971 1678 ἀν;),
990 1613 1082 1666 καὶ
1105 1613 1471 1683 σταυροῦσθαι
1485 1613 1771 1684 διηνεκῶς,
1789 1613 1885 1667 καὶ

291 1699 524 1770 ἐχθροὺς
551 1699 880 1772 εὐεργετεῖν,
899 1699 1254 1771 παρθενεύειν
1270 1701 1326 1754 δὲ
1345 1703 1445 1754 οὑκ
1459 1700 1850 1772 ἐνομοθέτησεν
1867 1715 1881 1731 ⁶

288 1785 408 1840 ἀλλ’
469 1787 683 1856 ἀφῆκεν
735 1788 793 1839 ἐν
843 1789 910 1858 τῇ
958 1787 1067 1840 τῶν
1095 1789 1403 1842 ἀκουόντων
1435 1789 1648 1842 κεῖσθαι
1691 1805 1885 1860 προαι-

293 1868 448 1941 ρέσει
475 1881 527 1931 ⁸,
557 1867 746 1932 εἰπὼν,
762 1869 817 1921 '0
834 1869 1174 1940 δυνάμενος
1194 1873 1428 1942 χωρεῖν,
1457 1874 1732 1942 χωρείτω.
1771 1873 1884 1926 Καὶ

289 1957 402 2030 γάρ
458 1956 632 2026 μέγας
654 1958 682 2009 6
717 1956 881 2026 δγκος
900 1958 996 2011 τοῦ
1033 1959 1382 2031 πράγματος,
1425 1967 1520 2014 καὶ
1561 1961 1595 2031 ὴ
1625 1959 1883 2013 δυσκολία

287 2044 399 2098 τῶν
425 2042 833 2113 παλαισμάτων
886 2044 1114 2112 τούτων,
1148 2047 1243 2100 καὶ
1264 2049 1292 2100 6
1318 2047 1480 2118 ἱδρὼς
1500 2047 1608 2100 τῶν
1631 2047 1880 2114 ἀγώνων,

289 2131 386 2186 καὶ
415 2130 622 2202 σφόδρα
652 2129 1008 2202 ἀπόκρημνον
1030 2132 1190 2187 τοῦτο
1210 2135 1310 2205 τῆς
1334 2135 1539 2206 ἀρετῆς
1559 2134 1620 2188 16
1647 2135 1847 2207 χωρίον
1864 2152 1878 2166 ·

289 2219 388 2274 καὶ
412 2216 571 2271 τοῦτο
592 2216 811 2287 δηλοῦσι
858 2220 952 2274 καὶ
981 2221 1031 2272 οί
1053 2221 1112 2272 ἐν
1137 2223 1204 2292 τῇ
1237 2222 1449 2292 Παλαιᾷ
1483 2221 1654 2275 πολλά
1679 2239 1880 2294 κατορ-

290 2306 586 2369 θώσαντες.
638 2305 748 2358 Καὶ
801 2304 912 2376 γάρ
943 2308 1188 2380 Μωῦσῆς
1242 2312 1446 2374 ἐκεῖνος
1474 2311 1503 2363 6
1531 2309 1728 2380 μέγας,
1773 2311 1883 2364 τῶν

290 2393 592 2468 προφητῶν
630 2393 691 2445 τὸ
746 2393 1064 2464 κεφάλαιον,
1099 2397 1129 2450 6
1169 2397 1393 2467 γνήσιος
1441 2395 1517 2468 τῷ
1555 2397 1674 2468 Θεῷ
1705 2396 1879 2466 φίλος,

288 2486 320 2540 6
353 2484 622 2556 τοσαύτης
660 2482 978 2548 ἀπολαύσας
1007 2486 1340 2557 παρρησίας,
1373 2485 1450 2547 ὡς
1478 2483 1768 2549 ἑξακοσίας
1794 2504 1880 2556 χι-

289 2573 480 2638 λιάδας
503 2575 838 2640 ὑπευθύνους
854 2574 1155 2645 γενομένας
1180 2574 1400 2628 κολάσει
1416 2574 1724 2646 ἐξαρπάσαι
1753 2575 1880 2646 θεη-

289 2663 454 2717 λάτου
499 2663 736 2734 πληγῆς,
772 2656 925 2726 οὗτος
971 2662 1225 2724 τοσοῦτος
1267 2661 1364 2715 καὶ
1397 2661 1716 2733 τηλικοῦτος
1740 2663 1882 2734 ἀνὴρ

289 2748 537 2823 Θαλάττῃ
565 2750 663 2820 μὲν
717 2749 969 2815 ἐπέταξε,
1010 2749 1106 2802 καλ.
1134 2747 1372 2817 πέλαγος
1406 2748 1610 2818 ἔσχισε,
1653 2749 1748 2802 καὶ
1779 2749 1879 2802 πέ-

285 2854 422 2908 τρας
473 2839 744 2910 διέρρηξε,
784 2840 879 2892 καί
930 2836 1070 2909 ἀέρα
1104 2836 1388 2908 μετέϐαλε,
1435 2838 1611 2892 καὶτὸ
1641 2837 1880 2908 Νειλῷον

289 2923 436 2995 ῦδωρ
466 2927 547 2988 είς
567 2919 708 2996 αἷμα
733 2924 1029 2996 μετέτρεψε
1057 2924 1109 2988 ι’,
1146 2923 1240 2976 καὶ
1270 2923 1557 2996 βατράχων
1591 2924 1686 2978 καὶ
1719 2925 1881 2994 ἀκρί-

286 3012 395 3066 δῶν
433 3012 798 3084 στρατόπεδον
847 3011 1154 3082 ἐπετείχισε
1203 3011 1283 3083 τῷ
1309 3011 1531 3084 Φαραὼ,
1568 3012 1664 3066 καὶ
1700 3014 1880 3066 πᾶσαν

285 3101 386 3171 τήν
417 3100 594 3154 κτίσιν
640 3099 1112 3171 μετεστοιχείωσε,
1144 3099 1238 3152 καὶ
1266 3099 1436 3170 μυρία
1473 3101 1639 3171 ἕτερα
1678 3099 1882 3154 ἐπεδεί-

288 3187 417 3254 ξατο
471 3186 748 3259 θαύματα,
795 3186 891 3240 καὶ
916 3187 1118 3259 ἀρετῆς
1145 3186 1203 3240 δέ
1232 3186 1403 3240 πολλὰ
1439 3187 1878 3259 κατορθώματω

284 3277 381 3330 καὶ
419 3275 531 3347 γάρ
557 3275 616 3340 ἐξ
637 3274 901 3348 ἐκατέρου
951 3275 1150 3346 μέρους
1205 3274 1450 3346 ἔλαμψε·
1489 3277 1627 3346 πρὸς
1656 3275 1712 3329 δὲ
1754 3279 1880 3340 τοὺς

281 3363 504 3433 ἀγῶνας
522 3364 744 3428 τούτους
767 3363 889 3417 οὑδέ
917 3362 1237 3434 ἀντιϐλέψαι
1271 3361 1510 3434 ἴσχυσεν.
1542 3363 1656 3418 ἀλλ’
1685 3363 1879 3436 ἐδεήθη

285 3450 439 3525 [545]
467 3452 646 3522 γάμου
673 3452 766 3506 καὶ
797 3450 1014 3522 ὁμιλίας
1052 3450 1332 3520 γυναικὸς,
1363 3453 1459 3506 καὶ
1491 3452 1594 3523 τῆς
1625 3452 1880 3507 ἐντεῦθεν

281 3539 608 3609 ἀσφαλείας,
646 3539 741 3593 καὶ
779 3539 880 3591 οὑκ
915 3538 1213 3608 ἐτόλμησεν
1244 3538 1324 3601 είς
1352 3539 1414 3591 16
1448 3538 1550 3608 τῆς
1579 3538 1880 3608 παρθενίας

283 3627 523 3696 πέλαγος
546 3628 738 3680 ἐαυτὸν
757 3625 1028 3688 ἐκδοῦναι,
1045 3626 1114 3679 τά
1130 3625 1343 3679 ἐκεῖθεν
1363 3625 1430 3678 κύ
1440 3643 1586 3696 ματα
1601 3626 1876 3684 δεδοικώς.

281 3715 395 3769 Καὶ
445 3717 474 3768 6
527 3715 878 3786 πατριάρχης
907 3713 986 3778 δὲ,
1021 3715 1050 3766 6
1099 3712 1195 3766 τοῦ
1229 3713 1422 3776 παιδὸς
1457 3715 1657 3784 ἱερεὺς,
1682 3714 1742 3767 τὸ
1779 3715 1879 3784 μὲν

277 3799 754 3870 τυραννικώτατον
815 3797 916 3866 τῆς
977 3795 1192 3864 φύσεως
1240 3796 1648 3851 καταπαλαῖσαι
1691 3798 1878 3868 ίσχυσε

279 3887 476 3950 πάθος,
509 3887 605 3940 καὶ
658 3883 819 3938 παῖδα
867 3883 1077 3937 ἀνελεῖν
1122 3884 1384 3956 ήδυνήθη,
1421 3886 1518 3938 καὶ
1576 3886 1745 3940 παῖδα
1788 3886 1878 3939 τὸν

290 3976 482 4031 Ἰσαὰκ
533 3976 592 4028 ἐν
645 3973 794 4044 αὑτῷ
821 3975 920 4043 τῆς
957 3973 1174 4044 ήλικίας
1209 3973 1286 4044 τῷ
1315 3974 1488 4042 ἄνθει,
1517 3978 1577 4029 ἐν
1603 3977 1742 4048 αὐτῇ
1776 3976 1878 4048 τῆς

277 4068 532 4136 νεότητος
566 4068 635 4136 τῇ
688 4067 864 4136 ἀκμῇ,
901 4066 1185 4136 μονογενῆ,
1223 4066 1464 4136 γνήσιον,
1503 4069 1595 4120 καὶ
1627 4071 1758 4140 παρ’
1790 4068 1878 4121 ἐλ-

277 4159 407 4212 πίδα
435 4159 620 4211 πᾶσαν
665 4156 814 4226 αὑτῷ
862 4155 1167 4226 δεδομένον,
1211 4157 1302 4209 καὶ
1333 4159 1418 4213 ἐπ’
1450 4158 1599 4230 αὑτῴ
1634 4160 1876 4216 σαλεύων

279 4254 426 4324 μόνῳ
455 4263 504 4315 ο,
551 4251 647 4304 καὶ
702 4251 762 4302 ἐν
819 4249 1034 4320 ἐσχάτῳ
1061 4250 1229 4321 γήρᾳ,
1281 4250 1378 4303 καὶ
1411 4250 1579 4324 ἀρετῇ
1617 4252 1876 4323 κομῶντα

275 4345 470 4416 πολλῇ,
499 4343 594 4397 καὶ
622 4343 921 4412 ἀναγαγεῖν
955 4344 1120 4398 αὑτὸν
1145 4342 1239 4395 ἐπὶ
1261 4342 1321 4396 16
1351 4343 1478 4414 δρος
1507 4345 1750 4415 ἴσχυσεν,
1782 4346 1876 4400 ἐπὶ

273 4436 503 4509 τοιαύτῃ
563 4434 776 4506 μέλλων
835 4433 1063 4502 ἀνάγειν
1092 4435 1288 4507 πράξει
1309 4477 1325 4502 ,
1363 4439 1455 4490 καὶ
1485 4437 1875 4508 θυσιαστήριον

274 4525 616 4597 ᾠκοδόμησε,
653 4525 749 4578 καὶ
779 4523 909 4588 ξύλα
959 4523 1244 4595 συνέθηκε,
1283 4525 1380 4577 καὶ
1414 4523 1477 4576 16
1509 4524 1703 4596 ίερεῖον
1744 4523 1875 4578 ἐπέ-

276 4615 436 4689 θηκε,
477 4615 576 4668 καὶ
606 4615 886 4687 μάχαιραν
920 4615 1162 4686 ἥρπασε,
1199 4615 1290 4668 καλ⁵
1318 4614 1406 4667 διὰ
1430 4613 1524 4668 τοῦ
1548 4613 1747 4685 λαιμοῦ
1776 4614 1872 4669 τοῦ

274 4708 467 4770 παιδὸς
520 4706 582 4760 16
638 4707 791 4776 ξίφος
849 4705 1050 4778 ὥθησε.
1093 4705 1204 4759 Καὶ
1253 4705 1365 4777 γὰρ
1409 4707 1504 4759 καὶ
1539 4703 1743 4776 ὢθησε,
1779 4707 1872 4760 καὶ

272 4800 482 4872 ῆμαξεν
513 4800 544 4854 6
573 4799 787 4870 ἀδάμας
836 4799 1070 4865 ἐκεῖνος,
1126 4797 1329 4870 μᾶλλον
1353 4798 1411 4851 δέ
1432 4799 1526 4851 καὶ
1559 4799 1872 4869 ἀδάμαντος

272 4891 634 4964 στερρότερος
655 4907 670 4922 θ
696 4892 726 4944 6
753 4891 853 4961 μὲν
887 4889 998 4962 γὰρ
1028 4891 1086 4944 ἐν
1109 4892 1178 4963 τῇ
1205 4891 1365 4960 φύσει
1392 4891 1553 4945 τοῦτο
1577 4890 1867 4962 κέκτηται,

270 4979 421 5048 οὗτος
449 4983 510 5038 δὲ
539 4982 628 5037 διά
652 4985 749 5053 τῆς
785 4983 930 5036 κατὰ
989 4983 1311 5054 προαίρεσιν
1353 4982 1676 5052 φιλοσοφίας
1706 5001 1868 5052 φυσι-

271 5075 369 5145 κήν
399 5075 712 5146 ἐμιμήσατο
765 5075 1121 5147 στερρότητα,
1155 5077 1248 5129 καὶ
1294 5076 1542 5144 ἀγγέλων
1593 5077 1868 5131 ἀπάθειαν

268 5165 356 5220 διά
377 5166 490 5220 τῶν
550 5167 729 5238 ἔργων
786 5167 1119 5234 ἐπεδείξατο.
1177 5167 1314 5220 Ἀλλ’
1345 5169 1495 5238 ὅμως
1538 5171 1567 5222 ὁ
1613 5169 1866 5224 τοσοῦτον

271 5258 364 5311 καὶ
413 5257 734 5328 τηλικοῦτον
771 5257 997 5328 ἰσχύσας
1048 5257 1298 5311 διανύσαι
1339 5255 1522 5322 ἆθλον,
1564 5261 1660 5313 καὶ
1693 5260 1866 5331 αὐτῆς

267 5347 498 5413 ἐξελθὼν
516 5349 618 5418 τῆς
652 5348 890 5417 φύσεως,
921 5349 1060 5418 πρὸς
1094 5351 1220 5413 τοὺς
1254 5350 1473 5418 ἀγῶνας
1523 5351 1625 5422 τῆς
1656 5353 1865 5423 παρθε-

267 5439 385 5501 νίας
422 5438 796 5492 ἀποδύσασθαι
826 5439 926 5494 οὑκ
948 5440 1269 5511 ἐτόλμησεν,
1293 5442 1408 5496 ἀλλ’
1434 5443 1606 5497 ἐδεισε
1638 5445 1733 5497 καὶ
1761 5445 1860 5498 αὑ-

326 5622 351 5695 _‘
500 5625 777 5695 ἀκουόντων
799 5629 1088 5695 προαιρέσει,
1116 5631 1297 5695 omisso
1318 5634 1727 5695 κεῖσθαικιυίάδῐη
1741 5650 1856 5686 mss.

327 5684 354 5756 ξ
379 5686 701 5756 εςιοιιίιρείυῳ
715 5684 991 5756 pag/mae,
1010 5684 1116 5738 mox
1129 5694 1198 5756 τῷ
1210 5695 1391 5756 Φαραώ
1411 5684 1560 5743 deest'
1575 5698 1622 5744 in
1647 5684 1855 5747 duobus;

327 5751 349 5777 ε
375 5747 485 5796 Duo
509 5747 628 5821 Ipsis.
654 5747 727 5799 ἐπί
761 5751 892 5815 αὐτῷ
913 5747 1235 5817 σαλευομένῳ.
1267 5747 1421 5806 Paulo
1451 5765 1563 5820 post
1590 5763 1694 5808 tres
1744 5763 1856 5822 μέλ-

267 5807 359 5858 λων
378 5809 588 5874 ἀγαγειν.

1757 343 2147 403 ΕΡΙΒΤΟΕΞ.

1991 466 2168 531 τὸςτά
2189 465 2490 537 σκάμματα
2511 464 2709 528 ταῦτα,
2731 461 2829 518 καὶ
2842 462 2943 534 τήν
2969 458 3079 516 ἀπὸ
3094 457 3188 514 τοῦ
3212 457 3393 531 γάμου
3420 474 3604 532 παρα-

1993 555 2201 626 μυθίαν
2223 555 2600 610 ἐπεσπάσατο.

2061 654 2135 718 η’.
2157 646 2347 700 Βούλει
2376 645 2601 718 προσθῶ
2630 644 2724 700 καὶ
2747 642 2841 697 τὸν
2869 639 2994 695 Ἰὼϐ
3013 641 3127 705 τοῖς
3144 638 3482 712 είρημένοις,
3502 637 3604 695 16v

1989 733 2222 797 δίκαιον,
2275 735 2370 788 τὸν
2409 731 2688 804 ἀληθινὸν,
2725 730 2819 784 τὸν
2849 728 3101 797 θεοσεϐῆ,
3131 727 3225 780 τὸν
3253 727 3604 798 ἀπεχόμενα

1990 822 2099 875 ἀπὸ
2128 822 2331 886 παντὸς
2366 820 2608 893 πονηροῦ
2641 817 2973 891 πράγματος
2999 833 3015 882 ;
3055 807 3224 878 Οὗτος
3253 816 3282 868 6
3314 812 3436 868 Ἰὼϐ
3467 830 3597 887 συν-

1991 908 2157 979 έκοψε
2193 909 2288 964 τοῦ
2342 909 2594 963 διαϐόλου
2640 907 2740 977 τὴν
2793 904 2939 974 δψιν,
2994 903 3295 972 παιόμενος
3329 903 3389 955 οὑ
3419 901 3600 956 παίων

1991 996 2262 1050 ἐκένωσεν
2286 995 2454 1050 αὐτοῦ
2485 997 2588 1067 τὴν
2621 992 2923 1064 βελοθήκην
2955 991 3196 1051 ἃπασαν,
3238 990 3334 1043 καὶ
3363 1005 3599 1043 κατατο-

1992 1082 2280 1156 ξευόμενος
2313 1084 2442 1157 παρ’
2469 1082 2639 1138 αὑτοῦ
2695 1079 2960 1150 συνεχῶς,
3003 1079 3151 1133 ἀπαν
3181 1078 3442 1148 ὑπέμεινε
3480 1094 3599 1133 πει-

1991 1170 2217 1244 ρασμῶν
2245 1166 2406 1236 εἶδος,
2445 1171 2541 1225 καὶ
2574 1169 2807 1224 ἕκαστον
2838 1167 2960 1239 μεθ’
2993 1165 3301 1238 ὑπερϐολῆς
3350 1167 3594 1237 ἀπάσης.

1989 1260 2070 1314 Τά
2121 1259 2232 1332 γάρ
2282 1258 2544 1313 δοκοῦντα
2582 1253 2722 1312 εἶναι
2777 1254 2919 1309 κατά
2950 1253 3043 1307 τὸν
3093 1252 3209 1323 βίον
3245 1251 3468 1324 λυπηρά
3500 1252 3600 1308 καὶ

1987 1347 2138 1413 ὄντα,
2169 1346 2340 1401 ταῦτα
2377 1347 2615 1419 μάλιστα
2645 1345 2868 1400 πάντων
2905 1343 3042 1408 ἐστὶ,
3083 1341 3269 1409 πενία,
3294 1342 3391 1395 καὶ
3417 1342 3594 1406 νόσος,

1988 1435 2085 1488 καὶ
2139 1435 2347 1490 παίδων
2385 1433 2652 1505 ἀποϐολὴ,
2693 1433 2788 1487 καλ⁸
2833 1430 3045 1503 ἐχθρῶν
3078 1430 3470 1494 ἐπανάστασις,
3499 1429 3597 1484 καὶ

1988 1521 2159 1592 φίλων
2205 1521 2570 1594 ἀγνωμοσύνη
2601 1520 2652 1585 ά,
2685 1521 2782 1575 καὶ
2827 1519 3006 1590 λιμὸς,
3039 1519 3134 1572 καὶ
3171 1516 3376 1590 σαρκὸς
3409 1515 3598 1572 ὀδύναι

1985 1611 2276 1679 διηνεκεῖς,
2314 1611 2412 1664 καὶ
2449 1610 2714 1681 λοιδορίαι
2745 1608 2841 1662 καὶ
2868 1607 3250 1675 συκοφαντίαι,
3279 1606 3378 1660 καὶ
3407 1606 3469 1660 16
3493 1603 3596 1677 τὴν

1987 1698 2231 1769 πονηράν
2263 1698 2569 1770 κτήσασθαι
2597 1695 2872 1769 ὑπόληψιν
2892 1713 2907 1727 ο
2932 1696 3029 1748 καλ⁸
3058 1694 3234 1748 ταῦτα
3274 1695 3492 1748 ᾶπαντα
3513 1693 3598 1760 εις

1987 1785 2046 1838 ἓν
2090 1785 2323 1858 ἐξεχύθη
2351 1785 2533 1856 σῶμα,
2568 1785 2664 1839 καὶ
2697 1786 2829 1855 μιᾶς
2863 1782 3284 1851 κατεσκευάσθη
3321 1793 3344 1820 ο
3378 1781 3616 1852 ψυχῆςο.

1985 1871 2081 1925 καὶ
2112 1871 2174 1925 16
2201 1871 2265 1943 δὴ
2297 1870 2700 1944 χαλεπώτερον,
2722 1872 2806 1925 ὃτι
2835 1870 2929 1925 καὶ
2962 1869 3286 1941 ἀμελετήτῳ
3317 1869 3434 1923 δντι
3469 1867 3598 1923 ἐπέ-

1986 1957 2130 2014 θετο.
2157 1960 2224 2012 Ὃ
2237 1959 2298 2012 δέ
2327 1959 2470 2028 λέγω
2507 1959 2748 2013 τοιοῦτόν
2783 1959 2933 2012 ἐστιν
2956 1975 2972 1992 ο
3020 1957 3080 2010 '0
3120 1958 3184 2010 ἐκ
3219 1959 3470 2041 πενήτων
3505 1973 3598 2010 τε-

1986 2046 2157 2117 χθεὶς,
2177 2047 2270 2100 καὶ
2292 2049 2350 2100 ἐν
2361 2048 2512 2119 οἰκίᾳ
2526 2048 2752 2120 τοιαύτῃ
2771 2047 3024 2118 τραφεὶς,
3050 2046 3148 2101 ἀτε
3169 2047 3596 2118 γυμνασάμενος

1985 2135 2082 2189 καλ⁸
2117 2135 2444 2207 μελετήσας,
2477 2135 2678 2208 ῥᾳδίως
2709 2135 2777 2190 ἀν
2811 2135 3033 2203 ἐνέγκαι
3065 2135 3163 2205 τῆς
3191 2136 3384 2198 πενίας
3407 2134 3469 2188 16
3500 2133 3597 2205 βά-

1989 2239 2080 2294 ρος
2106 2239 2122 2256 '
2153 2225 2182 2277 6
2206 2223 2264 2277 δέ
2287 2224 2567 2287 τοσούτοις
2597 2223 3034 2296 περιρρεόμενος
3060 2225 3312 2295 χρήμασι
3345 2221 3439 2276 καὶ
3469 2238 3596 2278 τοσ-

1984 2308 2129 2380 ούτῳ
2175 2309 2394 2382 πλούτῳ
2449 2311 2661 2382 κομῶν,
2701 2308 2824 2364 εἶτα
2855 2309 3056 2383 ἀθρόον
3115 2312 3196 2374 εἰς
3244 2308 3306 2362 τὸ
3349 2309 3596 2366 ἐναντίον

1988 2397 2332 2468 μεταπεσὼν,
2355 2397 2456 2453 οὑκ
2471 2397 2540 2452 ἂν
2559 2398 2800 2462 εὐκόλως
2830 2397 3126 2468 ὑπομείναι
3144 2396 3242 2467 τήν
3264 2396 3591 2470 μεταϐολήνο

1985 2484 2211 2556 καὶγὰρ
2234 2485 2575 2557 ἀγυμνάστῳ
2591 2487 2706 2540 δντι
2723 2486 3092 2556 χαλεπωτέρα
3123 2486 3374 2554 φαίνεται
3395 2485 3595 2558 ἀθρόον

1985 2572 2397 2642 προσπεσοῦσα.
2448 2573 2620 2628 Πάλιν
2640 2575 2669 2628 6
2699 2573 2916 2642 ἀσημος
2957 2572 3054 2625 καὶ
3081 2570 3141 2637 ἐξ
3172 2572 3408 2642 ἀσήμων
3435 2572 3594 2640 γενό-

1987 2677 2169 2730 μενος,
2211 2660 2307 2715 καὶ
2342 2662 2402 2714 ἐν
2428 2661 2507 2732 τῷ
2533 2659 2800 2732 διηνεκῶς
2835 2658 3302 2729 καταφρονεῖσθαι
3325 2656 3456 2724 ζῶν,
3489 2658 3594 2713 οὑκ

1984 2747 2052 2802 ἂν
2083 2749 2292 2820 σφόδρα
2314 2749 2725 2820 λοιδορούμενος
2741 2750 2836 2803 καὶ
2861 2748 3224 2820 ὑϐριζόμενος
3252 2748 3553 2821 ταραχθείη
3573 2764 3589 2781 ·

1981 2837 2010 2888 6
2036 2834 2093 2889 δὲ
2127 2837 2398 2908 τοσαύτης
2455 2837 2774 2900 ἀπολαύσας
2827 2836 3013 2907 δόξης,
3059 2838 3154 2891 καὶ
3180 2836 3334 2911 παρνά
3373 2837 3595 2892 πάντων

1981 2923 2472 2996 δορυφορούμενος,
2531 2925 2627 2977 καὶ
2656 2926 2713 2976 ἐν
2747 2925 2860 2987 τοῖς
2905 2922 3166 2977 ἁπάντων
3203 2923 3467 2995 στόμασιν
3488 2923 3591 2989 ὢν,

1983 3014 2078 3066 καὶ
2129 3011 2408 3082 πανταχοῦ
2455 3011 2594 3081 μετὰ
2647 3011 2849 3081 πολλῆς
2876 3012 3395 3082 ἀνακηρυττόμενος
3437 3029 3594 3083 περι·-

1984 3100 2232 3169 φανείας,
2262 3102 2342 3165 είς
2392 3099 2621 3170 ἀτιμίαν
2652 3099 2749 3152 καλ⁷
2795 3099 3075 3152 εὐτέλειαν
3115 3099 3484 3171 κατενεχθεὶς,
3528 3095 3594 3155 τὸ

1983 3187 2117 3242 αὑτὸ
2137 3188 2204 3242 ἂν
2232 3188 2396 3242 πάθοι
2421 3187 2501 3259 τῷ
2525 3188 2635 3242 ἀπὸ
2663 3187 2926 3242 πλουσίου
2950 3187 3146 3259 ἀθρόον
3174 3189 3457 3259 γενομένῳ
3488 3188 3590 3244 πέ-

1981 3294 2123 3346 νητι.
2177 3278 2285 3332 Καὶ
2331 3280 2360 3332 6
2418 3277 2616 3342 παῖδας
2643 3275 2936 3331 ἀποϐαλὼν
2969 3277 3154 3340 πάλιν,
3198 3277 3306 3330 κᾶν
3339 3278 3592 3342 ἅπαντας

1982 3365 2254 3440 ἀποϐάλῃ,
2281 3367 2356 3438 μὴ
2396 3368 2453 3420 ἐν
2480 3367 2565 3420 ἑνὶ
2595 3367 2654 3420 δέ
2687 3366 2890 3438 καιρῷ,
2917 3367 3044 3430 τοὺς
3087 3366 3447 3437 λειπομένους
3474 3367 3593 3438 ἔχει

1985 3452 2137 3525 [544]
2169 3454 2277 3507 τῶν
2299 3453 2646 3508 ἀπελθόντων
2676 3453 3056 3525 παραμυθίαν,
3098 3455 3316 3525 καὶτῆς
3338 3456 3431 3508 ἐπὶ
3461 3472 3592 3526 προ-

1983 3541 2158 3612 τέρων
2192 3539 2454 3613 τελευτῆς
2486 3541 2583 3595 τοῦ
2635 3541 2846 3605 πάθους
2885 3540 3175 3612 λήξαντος,
3210 3541 3328 3613 ἀνή
3356 3542 3449 3596 τοῦ
3476 3543 3591 3597 δευ-

1981 3630 2143 3702 τέρου
2165 3632 2538 3704 προσγένηται
2559 3631 2698 3702 μετά
2721 3631 2935 3702 χρόνον,
2966 3631 3125 3684 τοῦτο
3146 3630 3298 3702 αὑτῷ
3326 3633 3592 3705 προσηνέ-

1984 3735 2177 3788 στερον
2221 3718 2430 3788 γίνεται
2476 3717 2538 3771 16
2565 3719 2766 3782 πάθοςο
2801 3719 2861 3772 οὑ
2897 3720 3005 3791 γάρ
3038 3719 3221 3791 νεαρῷ
3260 3720 3375 3774 δντι
3405 3719 3590 3775 ἔπεισι

1980 3808 2058 3878 τῷ
2090 3807 2258 3870 ἕλκει,
2285 3808 2420 3862 ἀλλά
2444 3807 2763 3880 κοιμηθέντι
2802 3807 2902 3878 ήδη
2927 3808 3023 3861 καὶ
3047 3809 3430 3878 ἀφανισθέντι,
3447 3811 3589 3884 ὅπερ

1979 3896 2080 3949 οὑκ
2116 3895 2296 3965 ὀλίγον
2331 3895 2703 3968 ὑποτέμνεται
2728 3896 2827 3968 τῆς
2853 3895 3067 3967 ὀδύνης.
3100 3889 3271 3960 Οὗτος
3292 3897 3588 3971 ὁλόκληρον

1980 3984 2130 4055 αὑτῷ
2187 3985 2281 4038 τὸν
2335 3984 2495 4056 χορὸν
2527 3980 2668 4039 εῐδεν
2699 3987 2758 4039 ἐν
2791 3985 2892 4056 μιᾷ
2921 3985 3345 4056 ἀναρπασθέντα
3390 3989 3586 4060 καιροῦ

1983 4074 2147 4142 ῥοπῇ,
2191 4072 2288 4126 καὶ
2310 4073 2498 4144 τρόπῳ
2529 4072 2850 4145 πικροτάτῳ
2884 4073 3166 4144 τελευτῆς.
3198 4075 3311 4128 Καὶ
3346 4074 3458 4147 γὰρ
3491 4078 3586 4130 καὶ

1981 4158 2156 4228 βίαιος
2183 4161 2278 4214 καὶ
2302 4161 2481 4230 ἀωρος
2507 4162 2536 4214 6
2579 4159 2816 4224 θάνατος
2847 4156 2938 4233 ἦν,
2970 4161 3065 4216 καὶ
3095 4162 3125 4214 6
3175 4162 3366 4233 καιρὸς
3401 4163 3458 4217 δὲ
3488 4164 3589 4220 καὶ

1976 4249 2006 4300 6
2033 4248 2200 4313 τόπος
2229 4249 2289 4302 ού
2322 4248 2527 4319 μικράν
2554 4248 2732 4302 ἐποίει
2759 4247 2838 4319 τῷ
2873 4248 3062 4304 πένθει
3094 4249 3450 4323 προσθήκην⁹
3488 4253 3586 4306 καὶ

1977 4336 2087 4408 γάρ
2114 4338 2171 4389 ἐν
2203 4335 2325 4407 ὥρᾳ
2377 4336 2710 4406 συμποσίου,
2745 4338 2842 4390 καὶ
2888 4338 2948 4391 ἐν
2986 4338 3135 4411 οίκίᾳ
3160 4341 3226 4410 τῇ
3259 4343 3372 4403 τοῖς
3405 4339 3583 4406 ξένοις

1976 4424 2324 4495 ἀνεῳγμένη,
2347 4424 2443 4477 καὶ
2470 4424 2644 4492 τάφος
2669 4424 2855 4490 αὑτοῖς
2891 4425 2921 4478 6
2947 4422 3099 4489 οίκος
3137 4427 3378 4496 ἐγένετο.
3415 4429 3481 4484 Τί
3514 4429 3582 4483 ἀν

1975 4530 2058 4577 τις
2091 4514 2236 4566 είποι
2267 4513 2360 4566 τὸν
2391 4512 2552 4583 λιμὸν
2596 4514 2806 4568 ἐκεῖνον
2852 4514 2946 4568 τὸν
2993 4516 3330 4588 καινότερον,
3363 4517 3460 4572 καὶ
3489 4518 3582 4589 ἐρ-

1977 4601 2313 4672 μηνευθῆναι
2341 4599 2417 4672 μὴ
2431 4599 2753 4673 δυνάμενον,
2770 4603 2862 4656 16v
2883 4602 3155 4672 ἑκούσιον,
3169 4606 3260 4658 τὸν
3284 4605 3540 4662 ἀκούσιον
3559 4625 3577 4674 ;

1973 4693 2033 4744 οὑ
2068 4691 2179 4762 γὰρ
2205 4685 2322 4744 οἶδα
2378 4688 2500 4754 πῶς
2535 4691 2697 4744 αὑτὸν
2737 4692 2978 4752 καλέσω.
3025 4694 3147 4747 οὑδὲ
3188 4695 3300 4766 γὰρ
3335 4696 3580 4766 εὑρίσκω

1972 4781 2032 4833 16
2058 4780 2232 4850 ὄνομα
2255 4778 2525 4833 ἐπιθεῖναι
2553 4779 2632 4850 τῷ
2663 4781 2958 4852 παραδόξῳ
2978 4782 3077 4852 τῆς
3112 4785 3402 4854 συμφορᾶς
3421 4785 3575 4839 εῖδει.

1973 4869 2082 4920 Καὶ
2115 4867 2225 4938 γάρ
2255 4869 2669 4940 παρακειμένης
2713 4869 2974 4939 ἀπείχετο
3005 4871 3107 4941 τῆς
3136 4873 3438 4944 τραπέζης,
3480 4872 3578 4927 καὶ

1969 4956 2266 5027 ὁρωμένων
2306 4956 2406 5025 οὑχ
2447 4957 2651 5026 ἥπτετο
2681 4956 2789 5009 τῶν
2829 4957 3039 5010 σιτίων.
3081 4957 3203 5011 Τῶν
3231 4959 3340 5030 γάρ
3363 4962 3494 5032 περὶ
3514 4961 3578 5016 16

1973 5046 2132 5116 σῶμα
2162 5045 2494 5117 τραυμάτων
2527 5047 2560 5115 ή
2586 5045 2825 5099 δυσωδία
2866 5047 3311 5117 προσαπαντῶσα
3342 5051 3573 5106 κατέλυε

1967 5135 2067 5205 τὴν
2085 5135 2404 5210 ἐπιθυμίαν,
2419 5133 2514 5188 καὶ
2536 5133 2707 5204 αὑτὴν
2728 5134 3042 5206 ἐνεπίμπλα
3056 5136 3155 5206 τήν
3171 5138 3451 5208 τράπεζαν
3469 5139 3574 5212 τῆς

1968 5223 2181 5292 ἀηδίας.
2199 5223 2305 5278 Καὶ
2331 5221 2490 5278 τοῦτο
2505 5223 2682 5294 δηλῶν
2711 5224 2918 5293 ἐλεγεν·
2944 5223 3199 5296 Βρῶμον
3225 5228 3334 5297 γὰρ
3353 5228 3471 5297 όρῶ
3500 5231 3573 5285 τὰ

1966 5312 2106 5365 σῖτά
2125 5329 2268 5381 μου.
2308 5313 2418 5365 Καὶ
2445 5314 2478 5382 ὴ
2510 5312 2610 5384 μὲν
2633 5312 2850 5385 ἀνάγκη
2883 5313 2980 5368 τοῦ
3006 5315 3169 5386 λιμοῦ
3201 5315 3312 5369 τῶν
3345 5335 3570 5388 προκει-

1968 5400 2147 5469 μένων
2175 5399 2446 5454 ἀπτεσθαι
2489 5400 2739 5465 ἐϐιάζετο
2759 5418 2773 5432 °
2805 5403 2840 5473 ὴ
2881 5403 2939 5457 δέ
2967 5404 3066 5476 τῆς
3103 5403 3368 5469 δυσωδίας
3394 5406 3568 5477 ὑπερο

1964 5487 2096 5558 ϐολὴ
2123 5487 2220 5557 τῆς
2263 5489 2329 5541 ἐκ
2361 5488 2469 5542 τῶν
2498 5489 2720 5560 σαρκῶν
2751 5493 3050 5562 γινομένης
3084 5492 3242 5546 ἐνίκα
3270 5493 3366 5546 τοῦ
3403 5491 3569 5564 λιμοῦ

1962 5577 2062 5648 τὴν
2091 5575 2231 5646 βίαν.
2251 5575 2353 5630 Διά
2375 5576 2441 5650 δὴ
2469 5577 2627 5631 τοῦτο
2648 5574 2824 5647 εἷπον,
2849 5579 2963 5632 Οὑκ
2990 5579 3102 5651 έχω
3127 5581 3245 5645 πῶς
3274 5581 3440 5636 αὑτὸν
3460 5598 3566 5637 κα-

2021 5770 2046 5808 d
2080 5770 2213 5818 Unus
2234 5771 2381 5832 φίλων
2399 5771 2752 5833 ἀγνωμοσύναι.

2019 5836 2043 5864 ⁸
2069 5833 2181 5884 Duo
2203 5835 2562 5893 κατεσκευάσθη
2609 5835 2736 5886 Εᾱιι.
2765 5836 3140 5894 κατεσκιδάοθη.
