4050 6434
515 470 674 525 λέτω.
709 469 1014 536 Ἐκούσιον;
1061 471 1197 524 Ἀλλ’
1254 470 1504 525 ἐϐούλετο
1545 465 1843 539 γεύσασθαι
1887 478 1915 508 ι
1967 463 2075 518 τῶν

518 558 908 629 προκειμένων.
948 557 1104 612 ’Δλλά
1131 558 1382 612 ἀκούσιον
1398 577 1414 626 ;
1430 558 1590 612 ’Δλλά
1617 558 1798 629 παρῆν
1817 557 1884 610 τά
1914 553 2076 620 σιτία,

519 646 613 698 καὶ
646 643 816 708 οὐδεὶς
841 646 870 698 ό
899 643 1121 706 κωλύων
1160 639 1249 716 ἦν.
1289 645 1414 709 Πῶς
1462 645 1531 700 ἀν
1575 644 1946 716 διηγησαίμην
1979 641 2078 706 τάς

513 731 724 797 ὀδύνας,
784 731 883 796 τὰς
939 732 1120 803 πηγάς
1145 733 1253 786 τῶν
1285 733 1601 804 σκωλήκων,
1642 734 1730 786 τὸν
1777 729 1951 802 ίχῶρα
1985 729 2078 784 τὸν

516 821 904 894 καταρρέοντα,
929 821 996 875 τά
1010 821 1185 893 ὀνείδη
1215 822 1325 875 τῶν
1340 821 1528 892 φίλων,
1553 823 1650 893 τὴν
1677 817 2079 890 καταφρόνησιν

512 909 620 964 τῶν
650 911 908 977 οίκετῶν;
939 913 1025 966 οὐ
1043 912 1152 980 γὰρ
1178 911 1499 980 ἐφείσω-τό
1521 927 1662 980 μου,
1698 909 1884 980 φησιν,
1917 911 1973 964 οί
1994 910 2078 963 οίρ

515 999 677 1053 κάτω
717 1016 838 1067 μου
899 999 1018 1057 ἀπὸ
1074 999 1395 1068 προσώπου
1425 998 1862 1069 ἐμπτυσμάτων
1878 1013 1894 1030 ο
1950 997 2079 1062 τοὺς

514 1089 957 1158 ἐπεμϐαίνοντας,
983 1093 1111 1156 τοὺς
1148 1091 1572 1162 ἐφαλλομένουςς
1625 1090 1744 1156 οὓς
1793 1089 1905 1161 7&9
1960 1092 2074 1159 οὐχ

509 1181 857 1250 ἡγησάμην,
901 1185 1083 1253 φησὶν,
1127 1183 1340 1249 ἀξίους
1367 1179 1520 1238 εἷναι
1546 1183 1744 1238 κυνῶν⁴
1771 1183 1890 1238 τῶν
1919 1181 2077 1252 ἐμῶν

513 1269 822 1340 νομάδων,
882 1267 1048 1326 οὗτοι
1115 1270 1234 1326 νῦν
1287 1271 1733 1328 ὲπιπεπτώκασί
1791 1289 1891 1340 μοι
1915 1311 1930 1335 ,
1977 1271 2074 1324 καί

511 1359 867 1417 νουθετοῦσι
917 1378 996 1432 με
1054 1361 1382 1432 ἐλάχιστοι.
1430 1364 1505 1418 Οὐ
1558 1362 1706 1416 δοκεῖ
1761 1379 1843 1415 σοι
1904 1355 2076 1416 ταῦτα

514 1454 691 1507 πάντα
735 1453 950 1524 χαλεπά
998 1448 1172 1519 εἷναις
1211 1455 1307 1509 καὶ
1350 1455 1458 1525 γάρ
1492 1456 1608 1507 ἐστι
1661 1451 1890 1524 χαλεπά.
1922 1453 2078 1509 Είπω

512 1545 573 1599 τὸ
594 1545 884 1615 κεφάλαιον
909 1547 1017 1602 τῶν
1037 1547 1241 1612 κακῶν,
1265 1547 1357 1600 τὸν
1383 1546 1659 1615 κολοφῶνα
1676 1545 1776 1616 τῆς
1792 1548 2077 1617 συμφοράς

515 1637 604 1691 τὸν
621 1640 855 1708 μάλιστα
882 1642 1116 1712 ἀγχοντα
1153 1639 1346 1705 αὑτόν;
1385 1641 1442 1694 '0
1463 1639 1666 1710 χειμὼν
1695 1638 1804 1692 τῶν
1832 1637 2076 1710 θορύϐων

512 1728 624 1782 τῶν
655 1731 712 1783 ἐν
755 1730 833 1801 τῷ
885 1731 1126 1803 λογισμῷ
1157 1731 1455 1802 γινομένων
1493 1730 1641 1801 αύτῷ
1683 1730 1915 1802 μάλιστα
1944 1728 2014 1804 ῆν
2045 1733 2074 1786 ό

510 1820 830 1888 ἀποπνίγων
883 1822 1064 1889 αὐτὸν,
1105 1823 1199 1877 καὶ
1239 1824 1489 1895 ἀφόρητα
1520 1824 1569 1887 δ,
1613 1824 1797 1878 καὶτὸ
1835 1824 2074 1888 συνειδὸς

509 1910 676 1966 αὑτοῦ
697 1912 758 1965 τὸ
780 1912 1016 1984 καθαρὸν
1047 1914 1202 1968 τοῦτο
1227 1915 1460 1986 μάλιστα
1480 1914 1652 1969 ἐποίει
1679 1915 1778 1987 τήν
1797 1913 1944 1970 ἔνδον
1976 1914 2073 1980 ζά-

509 2000 628 2074 λην,
657 2004 751 2059 καὶ
782 2004 1003 2058 ἐσκότου
1052 2006 1143 2059 τὸν
1182 2005 1461 2077 λογισμὸν,
1490 2007 1584 2060 καὶ
1610 2006 1700 2060 τὸν
1735 2005 2074 2078 κυϐερνήτην

509 2093 822 2161 ἐτάραττεν.
858 2095 922 2149 Οί
957 2095 1055 2166 μὲν
1082 2095 1190 2168 7&9
1217 2097 1426 2160 ἐαυτοῖς
1475 2097 1774 2161 συνειδότες
1827 2097 2075 2169 ἀμαρτή-

516 2199 660 2260 ματα
685 2181 874 2248 πολλὰ,
930 2183 1036 2238 κάν
1065 2184 1278 2240 πάθωσί
1310 2203 1364 2240 τι
1407 2186 1598 2248 δεινὸν,
1628 2186 1808 2257 έχουσι
1841 2187 1946 2242 κᾶν
1979 2187 2072 2240 τὸν

512 2276 666 2345 λόγον
692 2276 872 2347 εὑρεῖν
895 2276 1001 2331 τῶν
1030 2276 1348 2348 γινομένων,
1377 2277 1476 2341 τάς
1511 2278 1787 2350 ἁμαρτίας
1814 2279 1914 2341 τάς
1947 2280 2073 2332 ἑαυ-

510 2367 618 2422 τῶν
673 2365 1010 2437 λογιζόμενοι
1062 2379 1111 2434 ο,
1156 2369 1252 2422 καὶ
1280 2368 1497 2430 λύοντες
1530 2368 1628 2440 τὴν
1660 2369 1753 2422 ἐπὶ
1780 2371 1846 2440 τῇ
1869 2367 2075 2440 ἀπορία

506 2455 662 2531 [διε]
694 2461 955 2532 ταραχήν.
1005 2459 1172 2514 Πάλιν
1196 2462 1245 2514 οί
1289 2460 1452 2530 μηδὲν
1499 2461 1711 2525 ἑαυτοῖς
1751 2459 2071 2526 συνειδότες,

505 2549 644 2604 ἀλλά
677 2548 1062 2622 κατορθώμασι
1086 2550 1384 2621 κομῶντες.
1413 2551 1479 2605 ἀν
1506 2550 1784 2605 πάθωσίτι
1811 2551 2070 2617 τοιοῦτον,

506 2640 598 2699 τὸν
625 2643 753 2711 περὶ
779 2642 882 2711 τῆς
903 2643 1250 2706 ἀναστάσεως
1270 2642 1467 2706 ειδότες
1484 2643 1660 2712 λόγον.
1685 2641 1898 2708 καὶτὰς
1915 2644 2074 2714 ἀμοι-

506 2733 607 2798 ϐἀς
632 2733 938 2797 ἐννοοῦντες
967 2733 1200 2797 ἐκείνας,
1226 2733 1450 2798 οἴδασιν,
1466 2736 1550 2789 ὅτι
1579 2731 1730 2789 ἆθλοι
1757 2735 1824 2790 τά
1841 2734 2072 2806 συμϐαί-

509 2839 664 2877 νοντα
696 2824 791 2878 καὶ
822 2823 1030 2897 μυρίων
1060 2827 1337 2894 στεφάνων
1362 2825 1666 2906 ὑποθέσεις.
1695 2821 1862 2890 Οὗτος
1887 2825 1945 2880 δέ
1975 2825 2070 2880 καὶ⁵

503 2914 711 2978 δίκαιος
745 2913 844 2979 ὣν,
875 2915 1118 2986 καὶπερὶ
1145 2917 1490 2978 ἀναστάσεως
1511 2917 1865 2986 ἐπιστάμενος
1897 2916 2068 2981 οὐδὲν,

503 3004 677 3076 ταύτῃ
717 3003 952 3075 μάλιστα
1009 3003 1413 3068 ἐκλυδωνίζετο,
1455 3003 1554 3056 οὐκ
1581 3002 1737 3065 εἰδὼς
1762 3000 1860 3073 τὴν
1891 3001 2070 3055 αίτίαν

501 3089 578 3154 ὧν
609 3097 832 3167 ιπασχε,
867 3095 963 3150 καὶ
992 3095 1100 3150 τῶν
1133 3095 1433 3166 σκωλήκων
1459 3095 1552 3148 καὶ
1581 3093 1690 3148 τῶν
1717 3093 1937 3156 ὀδυνῶν,
1965 3091 2070 3145 ὑπὸ

501 3188 603 3260 τῆς
636 3187 868 3258 ἀπορίας
916 3185 1121 3256 ταύτης
1177 3186 1378 3256 μᾶλλον
1423 3185 1798 3256 κεντούμενος.
1836 3183 1948 3237 Καὶ
1984 3183 2071 3238 ίνα

507 3279 705 3353 μάθῃς,
740 3279 821 3332 ὅτι
851 3275 1006 3332 ταῦθ’
1049 3275 1221 3341 οὕτως
1253 3277 1389 3349 εχει,
1416 3279 1504 3332 ὅτε
1534 3275 1870 3346 κατηξίωσεν
1890 3275 1921 3328 ό
1946 3274 2066 3344 φιλ-

502 3373 786 3444 άνθρωπος
813 3369 946 3434 Θεὸς
980 3372 1151 3424 εἰπεῖν
1171 3370 1318 3440 αὐτῷ
1347 3369 1454 3425 τῶν
1483 3368 1704 3438 ἀγώνων
1734 3369 1938 3423 τούτων
1969 3369 2068 3440 τὴν

503 3464 702 3526 αίτίαν,
726 3467 807 3518 ὅτι
832 3464 946 3517 Ἵνα
962 3461 1169 3525 δίκαιος
1198 3462 1475 3532 ἀναφανῇς
1500 3460 1672 3515 ταῦτα
1694 3460 2064 3531 συνεχωρήθη,

503 3553 676 3616 οὑτως
701 3553 1051 3613 ἀνέπνευσεν,
1080 3550 1156 3614 ὡς
1189 3550 1324 3621 μηδέ
1355 3549 1636 3613 πεπονθώς
1660 3567 1713 3603 τι
1752 3549 1860 3602 τῶν
1892 3549 2066 3620 λυπηο

505 3644 614 3716 ρῶν
645 3643 891 3707 ἐκείνων,
923 3642 1018 3697 καὶ
1051 3643 1207 3696 τοῦτο
1243 3643 1302 3709 ἐξ
1335 3635 1410 3698 ὧν
1455 3641 1753 3711 ἐφθέγξατο
1781 3640 2064 3710 ἐδήλωσεν.

517 3733 654 3788 Ἀλλ’
683 3735 831 3806 ὅμως
860 3734 955 3788 καὶ
1010 3734 1141 3805 πρὶν
1183 3734 1216 3804 ἢ
1263 3733 1453 3804 μαθεῖν
1483 3733 1580 3804 τὴν
1603 3733 1803 3796 αἰτίαν,
1829 3732 2068 3786 ὠδυνᾶτο

505 3824 624 3894 μὶν.
650 3825 811 3895 ιφερε
840 3824 897 3878 δὲ
931 3824 1211 3893 γενναίως,
1245 3823 1340 3878 καὶ
1374 3823 1510 3895 μετά
1541 3823 1602 3876 τὸ
1634 3823 1811 3876 πάντα
1856 3821 2068 3876 ἀποϐα-

501 3916 633 3981 λεῖν,
657 3916 754 3987 τὴν
781 3915 1086 3986 θαυμασίαν
1103 3915 1315 3986 ἐκείνην
1331 3915 1507 3985 ἀφῆκε
1529 3915 1712 3986 φωνήν
1731 3929 1745 3943 ·
1789 3913 1842 3965 Ὀ
1855 3914 2070 3981 Κύριος

500 4009 744 4072 ἔδωκεν,
763 4011 796 4062 ό
827 4009 1036 4076 Κύριος
1068 4008 1366 4077 ἀφείλετοο
1403 4008 1483 4074 ὡς
1513 4006 1593 4073 τῷ
1619 4007 1815 4074 Κυρίῳ
1833 4005 2066 4071 ἔδοξεν,

500 4102 688 4168 οὕτως
704 4102 802 4155 καί
829 4101 1062 4170 ἐγένετο
1087 4119 1101 4134 ’
1122 4103 1218 4172 εἴη
1261 4103 1326 4156 τὸ
1361 4101 1546 4172 ὄνομα
1572 4100 1792 4169 Κυρίου
1821 4100 2070 4170 εὐλογη-

497 4192 683 4264 μένον
707 4194 794 4258 είς
821 4192 963 4259 τοὺς
982 4191 1220 4268 αίῶιςας.

575 4285 639 4338 θ’.
674 4284 830 4338 Ἀλλά
851 4283 960 4356 7&9
989 4284 1139 4338 ἔοικα
1156 4285 1260 4339 ὑπὸ
1274 4283 1367 4338 τοῦ
1383 4283 1583 4355 ἔρωτος
1597 4282 1692 4337 τοῦ
1722 4282 1910 4354 ἀνδρὸς
1933 4299 2067 4337 κατ-

502 4376 778 4447 εχόμενος,
800 4375 1130 4447 πορρωτέρω
1158 4375 1257 4445 τῆς
1286 4373 1592 4437 ὑποθέσεως
1606 4372 1932 4444 ἐληλακέναι
1968 4372 2068 4444 τῆς

505 4471 899 4540 προκειμένης·
932 4471 1012 4522 διὸ
1043 4469 1199 4536 ολίγα
1243 4469 1496 4540 προσθεὶς
1537 4469 1746 4539 ἅψομαι
1792 4469 1900 4522 τῶν
1933 4485 2069 4539 προ-

503 4559 772 4631 κειμένων
829 4560 1008 4613 πάλιν.
1055 4555 1220 4623 Οὗτος
1257 4560 1435 4614 τοίνυν
1464 4561 1492 4613 ό
1522 4559 1772 4624 τοσοῦτος
1797 4561 1892 4614 καὶ
1919 4561 2072 4632 τηλι-

505 4648 696 4711 κοῦτος
723 4647 881 4718 ἀνὴρ,
915 4649 942 4700 ὁ
967 4647 1232 4711 τοσαύτας
1255 4649 1496 4716 ἀνάγκας
1524 4648 1736 4718 φύσεως
1759 4652 2073 4723 καταπατή-

503 4757 624 4803 σας,
653 4740 755 4794 οὑκ
786 4739 1082 4810 ἐτόλμησεν
1109 4739 1228 4793 οὐδὲ
1257 4741 1417 4804 αὐτὸς
1449 4743 1528 4805 είς
1560 4741 1649 4795 τὸν
1679 4741 1866 4810 ἀγῶνα
1883 4742 2071 4798 τοῦτον

504 4833 767 4897 καθεῖναι,
821 4831 957 4886 ἀλλά
1011 4833 1103 4886 καὶ
1136 4834 1390 4902 γυναικὸς
1429 4834 1722 4900 ἀπέλαυσε,
1756 4837 1851 4888 καὶ
1890 4836 2072 4908 πατὴρ

504 4923 720 4990 ἐγένετο
774 4923 976 4978 παίδων
1029 4925 1318 4980 τοσούτων.
1355 4927 1597 4999 Τοσαύτη
1648 4929 1745 5000 τῆς
1775 4930 2070 5001 παρθενίας

507 5017 541 5085 ή
566 5015 839 5080 δυσκολία,
865 5015 1037 5079 οὕτως
1067 5016 1261 5087 ὑψηλοὶ
1291 5019 1382 5071 κα“ι
1401 5019 1622 5089 μεγάλοι
1653 5020 1824 5089 αὑτῆς
1852 5023 1900 5074 οί
1931 5023 2073 5090 ἀγῶ-

508 5123 617 5171 νες,
670 5107 763 5160 καὶ
817 5107 1043 5177 χαλεποὶ⁵
1087 5110 1136 5161 οί
1183 5109 1428 5180 ἱδρῶτες,
1469 5111 1562 5162 καὶ
1593 5111 1792 5180 πολλῆς
1831 5114 2070 5183 δεόμενοι

509 5195 608 5266 τῆς
635 5197 896 5261 εὐτονίας.
939 5199 1076 5253 Ἀλλ’
1103 5201 1249 5270 ὅμως
1272 5202 1460 5254 πολλαὶ
1477 5202 1583 5254 τῶν
1619 5203 1752 5272 πρὸς
1773 5203 1861 5256 τὸν
1888 5206 2072 5273 ἀγῶνα

507 5289 696 5344 τοῦτον
738 5290 1181 5361 ἀποδυσαμένων,
1229 5295 1400 5345 ἐκεῖνο
1432 5294 1492 5347 ού
1544 5295 1981 5363 κατηγωνίσαντο
2012 5298 2074 5351 τὸ

512 5381 701 5446 πάθος,
733 5380 796 5434 τὸ
821 5381 914 5435 τοῦ
937 5383 1323 5454 καλλωπισμοῦ
1365 5387 1464 5456 τῆς
1497 5387 1790 5458 περιϐολῆς
1815 5390 1922 5444 τῶν
1950 5393 2074 5461 ίμα-

569 5562 593 5590 ⁶
623 5561 770 5610 Iidem
792 5561 1155 5621 ἀπογεύσασθαι.

569 5623 596 5662 ι»
622 5625 770 5687 “de
793 5627 819 5670 ὸ
842 5623 982 5687 αὑτὸν
1001 5624 1270 5686 ἀποπνίγων
1310 5625 1556 5687 ἀφορήτως
1603 5625 1708 5675 Duu
1728 5625 1808 5675 alii
1833 5629 1856 5675 ὁ
1879 5628 2073 5674 ἀποπνέ-

506 5701 599 5745 γων
619 5685 756 5731 αὐτὸν
782 5685 862 5730 καὶ
884 5683 1126 5743 ἀφόρητος.

567 5748 593 5778 ⁸
616 5747 721 5796 Duo
741 5746 1113 5805 ἀναλογιζόμενοι

1184 359 1242 415 S.
1280 357 1562 416 JOANNIS
1595 345 2076 412 CHRYSOSTOII
2105 342 2436 402 ARCHIEP.
2471 344 3022 408 CONSTANTINOP.

3637 357 3745 414 566

2175 457 2325 534 τίων,
2347 459 2460 513 ἀλλ’
2501 462 2744 520 ἑάλωσαν
2772 466 2866 518 καὶ
2903 463 3275 536 ἐχειρώθησαν
3303 465 3395 520 καὶ⁵
3422 465 3529 520 τῶν
3557 467 3744 538 βιωτι-

2175 548 2286 600 κῶν
2319 549 2588 617 γυναικῶν
2635 552 2854 621 μᾶλλον.
2885 551 2972 625 Μὴ
3008 554 3117 622 γάρ
3163 571 3252 625 μοι
3286 553 3444 608 τοῦτο
3477 554 3626 626 λέγε,
3660 557 3744 614 ὅτι

2173 635 2394 705 χρυσίον
2419 636 2481 689 οὑ
2509 637 2834 707 περίκειται,
2860 639 2980 694 ούδέ
3025 639 3223 712 σηρικά
3255 643 3348 698 καὶ
3387 644 3747 716 χρυσόπαστα

2174 722 2593 796 περιϐέϐληνται
2621 725 2828 795 ἱμάτια,
2858 727 2978 781 οὐδὲ
3001 728 3357 801 περιδέρραια
3384 731 3746 804 λιθοκόλλητα

2171 807 2373 879 έχουσι.
2399 809 2473 863 Τὸ
2504 810 2612 882 7&9
2644 811 3025 885 χαλεπώτερον
3067 814 3298 883 μάλιέτα
3332 817 3551 873 πάντων
3583 821 3744 876 τοῦτό

2170 897 2307 962 ἐστι,
2338 895 2432 950 καὶ
2478 897 2508 950 δ
2537 897 2656 969 μεθ’
2689 898 2993 978 ὑπερϐολῆς
3039 901 3309 958 δείκνυσιν
3339 906 3521 959 αὐτῶν
3561 907 3623 962 τὸ
3653 909 3744 964 νό⁶

2173 1000 2342 1056 σημα,
2399 987 2494 1040 καὶ
2538 987 2634 1041 τοῦ
2685 987 2891 1054 πάθους
2935 991 3036 1064 τήν
3063 991 3370 1065 τυραννίδα,
3399 995 3480 1050 ὅτι
3519 996 3746 1068 ίσχυσαν

2171 1077 2266 1131 καὶ
2285 1077 2696 1150 ἐφιλονείκησαν
2725 1081 2820 1138 καὶ
2838 1083 3124 1139 ἐϐιάσαντο
3148 1086 3217 1140 δι’
3250 1087 3484 1144 εὐτελῶν
3513 1091 3745 1163 ἱματίων

2171 1168 2394 1223 ἐκείνων
2460 1171 2881 1243 ὑπερακοντίσαι
2933 1175 3025 1231 τὸν
3080 1177 3463 1251 καλλωπισμὸν
3513 1181 3623 1236 τῶν
3673 1183 3746 1240 τά

2174 1263 2350 1332 χρυσᾶ
2373 1266 2771 1336 περικειμένων
2808 1269 2902 1323 καὶ
2942 1269 3015 1325 τά
3055 1271 3246 1343 ίμάτια
3273 1273 3343 1327 τά
3374 1275 3598 1348 σηρικά,
3646 1278 3746 1332 καὶ

2172 1353 2461 1424 ἐπέραστοι
2499 1356 2698 1426 μᾶλλον
2723 1359 2972 1415 ἐντεῦθεν
2998 1361 3026 1402 ά
3058 1362 3237 1416 αὑτῶν
3267 1365 3523 1437 φανῆναι,
3544 1368 3620 1432 ὼς
3642 1369 3745 1440 μιν

2171 1446 2332 1500 αὑταὶ
2377 1447 2709 1518 νομίζουσιν,
2749 1451 3037 1524 ἀδιάφορον
3082 1453 3359 1524 μετιοῦσαι
3386 1460 3640 1529 πρᾶγμα,
3664 1459 3742 1526 ὥς

2170 1534 2227 1588 δέ
2258 1539 2292 1607 ή
2346 1535 2442 1590 τοῦ
2473 1539 2792 1610 πράγματος
2844 1542 3001 1612 φύσις
3047 1545 3334 1608 δείκνυσιν.
3372 1548 3614 1620 ὀλέθριον
3645 1551 3743 1606 καὶ

2172 1626 2434 1699 βλαϐερὸν
2474 1631 2569 1684 καὶ
2604 1630 2741 1702 βαθὺ
2795 1633 2852 1686 τὸ
2901 1633 3173 1708 βάραθρον
3205 1637 3345 1708 ἔχον.
3393 1641 3484 1694 Διὸ
3527 1643 3741 1714 μυρίοις

2171 1719 2433 1789 στόμασιν
2486 1720 2881 1792 ἀνακηρύττειν
2931 1741 2989 1777 σε
3036 1727 3140 1798 χρὴ
3179 1727 3381 1800 ταύτης
3417 1729 3602 1785 ἐνεκεν
3637 1730 3741 1804 τῆς

2171 1810 2499 1878 ὑποθέσεως,
2527 1813 2611 1866 δτι
2665 1816 2956 1885 παρθένοις
2982 1819 3170 1887 γέγονε
3213 1820 3740 1890 δυσκαταγώνιστον.

2168 1902 2326 1957 τοῦτο
2346 1907 2412 1976 τῇ
2468 1906 2526 1958 ἐν
2574 1909 2770 1979 χηρείᾳ
2801 1907 2950 1981 ζώσῃ
2992 1910 3134 1965 οὑτω
3170 1912 3350 1984 ῥᾴδιον
3381 1913 3472 1968 καὶ
3497 1913 3739 1978 εὔκολον.

2168 1994 2244 2058 ὡς
2275 1995 2413 2067 αὑτὴ
2435 1996 2544 2050 τῶν
2558 1999 2898 2070 πραγμάτων
2924 2000 3172 2074 ἔδειξενή
3202 2003 3443 2074 ἀλήθεια.
3471 2005 3607 2059 υύδέ
3628 2003 3741 2080 7&9

2167 2083 2267 2155 τὴν
2291 2084 2569 2140 εὐτέλειαν
2627 2087 2892 2157 θαυμάζω
2948 2092 3046 2162 τῆς
3079 2093 3373 2166 περιϐολῆς
3431 2095 3590 2166 μόνον
3636 2097 3743 2170 τὴν

2167 2175 2373 2244 ἄφατον
2392 2188 2440 2243 ο,
2465 2177 2560 2232 καὶ
2580 2180 2775 2250 αὐτοὺς
2797 2183 2922 2246 τοὺς
2944 2185 3366 2256 προσαιτοῦντας
3386 2189 3744 2260 ὑπερακοντι-

2169 2262 2388 2329 ζουσαν,
2416 2265 2563 2340 [546]
2580 2268 2715 2325 ἀλλά
2739 2273 2833 2325 καὶ
2863 2273 2923 2326 τὸ
2957 2274 3364 2346 ἀσχημάτιστον
3395 2279 3651 2348 μάλιστα,
3677 2279 3741 2335 τὸ

2168 2354 2583 2428 ἀνεπιτήδευτον
2607 2360 2715 2415 τῶν
2744 2362 3185 2436 περιϐλημάτων,
3219 2368 3327 2422 τῶν
3353 2370 3736 2442 ὑποδημάτων,

2167 2445 2267 2516 τῆς
2289 2445 2570 2516 βαδίσεως,
2604 2451 2748 2524 ἅπερ
2794 2453 3008 2509 ᾶπαντα
3037 2457 3302 2529 χρώματά
3337 2461 3483 2514 ἐστιν
3513 2465 3734 2534 ἀρετῆς.

2167 2536 2266 2608 τὴν
2311 2540 2738 2615 ἐναποκειμένην
2765 2548 2828 2616 τῇ
2868 2547 3012 2620 ψυχῇ
3042 2550 3354 2621 φιλοσοφίαν
3384 2553 3583 2618 ἔξωθεν
3604 2557 3737 2611 ἀνα-

2167 2627 2576 2717 ζωγραφούχτα.
2628 2637 2972 2717 Στολιᾳμρς
3005 2640 3111 2714 7&9
3136 2643 3376 2717 ἁτδρὸς,
3420 2647 3605 2717 φησὶν,
3634 2648 3733 2701 καί

2171 2698 2377 2767 γέλως
2408 2701 2686 2769 ὀδόντων,
2737 2707 2834 2760 καί
2853 2698 2862 2706 ’
2884 2698 3056 2779 ,βῆμᾶ
3082 2698 3283 2778 ’ποδὸὶι
3324 2698 3738 2786 agragas

2166 2790 2299 2859 περί
2327 2793 2534 2849 αὐτοῦ.
2557 2796 2618 2850 Εί
2645 2798 2754 2868 7&9
2781 2800 2854 2871 μή
2882 2801 3002 2871 μεθ’
3030 2803 3335 2876 ὑπερϐολῆς
3357 2808 3484 2872 τοὺς
3513 2808 3736 2877 γεώδεις

2163 2883 2263 2953 τῆς
2295 2883 2554 2956 βιωτικῆς
2599 2890 2900 2957 φαντασίας
2954 2891 3245 2966 λογισμοὺς
3292 2899 3469 2968 χαμαὶ
3505 2901 3737 2971 ίρῤιψας

2165 2975 2260 3028 καὶ
2292 2979 2696 3050 κατεπάτησας,
2720 2981 2820 3036 οὐκ
2864 2983 2932 3038 ἂν
2965 2983 3139 3050 οὑτως
3168 2987 3189 3026 τ
3231 2990 3312 3054 είς
3342 2990 3597 3046 τοσοῦτον
3644 2997 3735 3061 ἐξ-

2166 3067 2441 3138 επήδησας
2462 3070 2762 3143 ὑπεροψίας
2780 3074 2981 3140 αὐτῶν,
3005 3078 3106 3132 οὑκ
3119 3077 3186 3134 ἂν
3203 3079 3348 3136 οὑτω
3370 3083 3512 3136 κατά
3538 3085 3737 3154 κράτος

2166 3157 2264 3230 τήν
2293 3160 2678 3237 χαλεπωτάτην
2700 3165 2978 3239 ἁμαρτίαν
3020 3171 3223 3244 ταύτην
3260 3173 3518 3246 ἐνίκησάς
3556 3193 3614 3230 τε
3643 3179 3738 3232 καὶ

2165 3249 2470 3322 ἀπήλασας.
2515 3254 2672 3311 Ἀλλά
2707 3257 2892 3330 μηδεὶς
2937 3261 3244 3336 ὑπερϐολὴν
3281 3266 3740 3336 καταγινωσκέτω

2164 3339 2258 3393 τοῦ
2285 3341 2465 3411 λόγου,
2486 3346 2533 3400 εί
2558 3346 2948 3421 χαλεπωτάτην
2972 3351 3176 3426 ταύτην
3191 3354 3464 3427 ἀμαρτίαν
3476 3357 3734 3414 ἐκάλεσα.

2164 3432 2227 3488 Εί
2261 3435 2368 3506 γὰρ
2403 3437 2494 3490 ἐπὶ
2525 3440 2634 3492 τῶν
2688 3439 2959 3510 βιωτικῶν
2995 3445 3090 3499 καὶ
3132 3445 3400 3519 Ἐϐραίων
3438 3450 3738 3519 γυναικῶν,

2165 3528 2259 3582 καὶ
2285 3531 2344 3582 ἐν
2370 3531 2561 3602 ἐκείνῳ
2590 3532 2669 3604 τῷ
2709 3536 2886 3608 καιρῷ
2913 3540 3182 3612 τοσαύτην
3203 3541 3366 3613 ἔφερε
3388 3544 3488 3614 τὴν
3517 3544 3741 3601 κόλασιν

2163 3620 2224 3673 τὸ
2259 3622 2656 3696 πλημμέλημα,
2692 3629 2919 3684 ἐπὶτῶν
2962 3631 3291 3701 όφειλουσῶν
3330 3635 3395 3689 τὸ
3435 3637 3739 3710 πολίτευμα

2165 3710 2309 3782 ἐχειν
2325 3715 2383 3766 ἐν
2408 3715 2674 3786 οὐρανοῖς,
2709 3719 2803 3773 καὶ
2841 3721 3130 3790 ἀγγελικὸν
3166 3726 3448 3797 μιμεῖσθαι
3483 3727 3618 3800 βίον,
3644 3732 3736 3785 καὶ

2164 3803 2223 3897 ἐν
2249 3805 2433 3876 χάριτι
2484 3808 2936 3882 πολιτευομένων,
2960 3815 3082 3871 τίνα
3117 3816 3183 3870 ἀν
3202 3820 3364 3892 σχοίη
3409 3822 3740 3897 συγγνώμην

2165 3896 2227 3950 τὸ
2251 3897 2382 3951 αὑτὸ
2416 3900 2575 3953 τοῦτο
2627 3902 2974 3974 τολμώμενον
3002 3907 3143 3978 μετά
3168 3909 3410 3976 πλείονος
3439 3914 3538 3985 τῆς
3571 3896 3738 3989 ὑπερ.

2167 3989 2359 4061 ϐολῆς;
2394 3991 2563 4046 Ὅταν
2613 3992 2728 4066 γάρ
2771 3995 2886 4070 ίδῃς
2923 3997 3190 4070 παρθένον
3215 4002 3646 4078 κατακλωμένην
3677 4009 3738 4061 ἐν

2165 4083 2278 4147 τοῖς
2305 4084 2557 4154 ίματίοις,
2608 4086 2880 4156 σύρουσαν
2918 4093 3045 4156 τοὺς
3072 4093 3326 4165 χιτῶνας,
3359 4098 3496 4169 ὅπερ
3522 4101 3736 4172 προφή-

2165 4191 2265 4244 της
2309 4176 2614 4244 ἐνεκάλεσε,
2664 4179 3136 4256 διαθρυπτομένην
3178 4188 3237 4240 ἐν
3264 4191 3329 4260 τῇ
3382 4189 3610 4260 βαδίσει,
3643 4195 3740 4248 καὶ

2165 4264 2254 4318 διά
2278 4269 2484 4339 φωνῆς,
2511 4270 2607 4324 καὶ
2632 4271 2722 4325 διὰ
2740 4273 3023 4344 ὀμμάτων,
3044 4278 3141 4332 καὶ
3163 4277 3253 4334 διά
3277 4281 3471 4353 στολῆς
3495 4283 3558 4339 τὸ
3583 4285 3741 4358 δηλη-

2164 4358 2351 4430 τήριον
2403 4361 2740 4430 κεραννῦσαν
2767 4365 3026 4438 ποτήριον
3060 4371 3174 4434 τοῖς
3204 4370 3517 4436 ἀκολάστως
3548 4377 3737 4447 ὁρῶσι,

2167 4449 2263 4502 καὶ
2295 4449 2363 4505 τά
2387 4450 2635 4525 βάραθρα
2663 4455 2940 4511 ἐπιπλετον
2965 4459 3420 4518 ἀνασκάπτουσαν
3449 4469 3562 4531 τοῖς
3600 4485 3742 4540 παρ-

2170 4541 2330 4611 ιοῦσι,
2370 4545 2466 4599 καὶ
2514 4548 2747 4616 παγίδας
2785 4550 3025 4606 τιθεῖσαν
3069 4555 3338 4623 ἐντεῦθεν,
3379 4559 3497 4624 πῶς
3534 4561 3743 4631 ταύτην

2167 4633 2354 4689 λοιπὸν
2393 4641 2680 4710 προσερεῖς
2734 4640 3022 4713 παρθένον,
3051 4643 3166 4697 ἀλλ’
3194 4645 3256 4699 οὑ
3293 4647 3432 4716 μετά
3454 4649 3562 4702 τῶν
3602 4667 3741 4722 πορ-

2169 4729 2472 4800 νευομένων
2517 4730 2688 4803 αὐτὴν
2757 4733 3088 4806 ἀριθμήσεις
3143 4739 3447 4806 γυναικῶν;
3504 4743 3579 4795 οὑ
3631 4743 3742 4815 γάρ

2168 4820 2421 4877 τοσοῦτον
2471 4824 2674 4877 ἐκεῖναι
2705 4823 2918 4896 δέλεαρ,
2949 4827 3073 4881 ὅσον
3103 4821 3264 4884 αὗται
3315 4831 3575 4900 γίνονται,
3608 4853 3744 4888 παν-

2169 4914 2392 4984 ταχόθεν
2441 4915 2876 4970 ἀναπεταννῦσαι
2930 4920 3030 4990 τῆς
3075 4921 3270 4993 ήδονῆς
3309 4924 3378 4978 τά
3421 4927 3615 4997 πτερά.
3642 4927 3744 4982 Διά

2168 5005 2343 5060 ταῦτά
2377 5024 2436 5060 σε
2502 5009 2896 5080 μακαρίζομεν,
2931 5010 3020 5064 διὰ
3046 5013 3220 5068 ταῦτά
3263 5032 3321 5069 σε
3367 5015 3743 5091 θαυμάζομεν,

2169 5102 2252 5154 ὅτι
2312 5103 2528 5156 πάντων
2566 5103 2934 5173 ἀπαλλαγεῖσα
2989 5107 3192 5160 τούτων
3223 5110 3317 5162 καὶ
3352 5113 3408 5164 ἐν
3442 5111 3614 5182 τούτῳ
3643 5111 3744 5182 τήν

2171 5196 2436 5264 νέκρωσιν
2502 5197 2811 5264 κὲπεδείξω
2856 5199 2932 5269 τῷ
2982 5201 3169 5270 μέρει,
3219 5203 3318 5271 οὑχ
3376 5204 3744 5275 ὡραϊζομένη,

2172 5286 2307 5339 ἀλλὰ
2339 5288 2735 5359 νεανιευομένη,
2787 5291 2848 5342 οὑ
2893 5289 3376 5365 καλλωπιζομένη,
3427 5296 3542 5348 ἀλλ’
3586 5297 3740 5351 ὁπλι-

2175 5377 2396 5446 ᾀομένη.

2239 5554 2264 5592 σ¹
2300 5556 2533 5604 Ἐντεῦθεν
2556 5557 2700 5605 deest
2719 5559 2766 5606 in
2789 5557 2978 5607 duobus
2995 5572 3107 5610 mss.

2240 5622 2262 5685 ῗ
2293 5619 2394 5685 1)ρο
2416 5632 2530 5685 mss}.
2564 5620 2658 5685 τήνΔ
2676 5620 2906 5685 εὐτέλειάν
2926 5639 3012 5670 σου
3033 5623 3252 5684 θαυμάζω
3275 5624 3358 5682 τήν
3379 5624 3569 5685 ἄφατον.

2239 5680 2256 5718 ί
2288 5680 2453 5734 Οὕτως
2479 5680 2624 5726 deest
2647 5682 2694 5726 in
2715 5683 2921 5732 duobus.
3123 5680 3130 5684 ⁷
3324 5680 3328 5682 Ἴ
3421 5680 3428 5685 ⁷
3524 5691 3528 5698 ’

2244 5744 2267 5781 Ρ
2290 5739 2442 5790 Iidem
2467 5743 2550 5798 τὴν
2571 5741 2715 5799 νίκην.
