4050 6448
339 403 444 459 565

333 515 620 587 degustare
652 515 917 587 cupiebat.
951 515 1248 571 Coactam?
1277 514 1346 568 At
1373 510 1476 568 cibi
1509 513 1708 584 praesto
1736 521 1892 566 crant
1916 553 1931 577 ,

331 622 433 664 nec
460 607 745 680 quisquam
775 616 890 664 erat
917 607 1009 678 qui
1047 622 1170 663 eum
1216 606 1299 662 his
1323 605 1404 661 uti
1446 604 1773 676 prohiberet.
1813 604 1933 660 iam

327 696 605 769 quomodo
632 697 799 769 ipsius
824 697 1040 752 dolores
1060 711 1501 764 commemorem,
1526 694 1787 751 vermium
1815 709 1936 749 sca-

331 787 612 860 turigiues,
631 787 950 845 deﬂuentem
977 789 1204 854 saniem,
1224 790 1419 859 probra
1444 787 1639 859 quibus
1659 801 1781 841 eum
1801 787 1932 840 ami-

329 879 379 935 ci
412 878 786 947 incessebant,
813 879 1132 934 famulorum
1164 877 1569 950 contemptum?
1599 876 1779 947 Neque
1797 877 1932 930 enim

327 971 512 1043 {anuli
556 973 657 1027 mei
676 1014 693 1040 ,
723 970 895 1042 inquit
916 1014 930 1038 ,
959 972 1086 1026 mihi
1114 980 1476 1042 pepercerunt,
1503 971 1626 1041 quin
1655 969 1708 1022 in
1748 967 1931 1037 [aciem

325 1078 492 1116 meum
516 1073 819 1134 mpaercnt
867 1062 988 1132 (Job
1013 1062 1102 1118 30.
1135 1061 1258 1132 l0):
1281 1076 1379 1117 eos
1400 1060 1492 1131 qui
1521 1061 1687 1131 ipsius
1706 1059 1928 1114 calami-

327 1153 420 1207 tati
456 1153 803 1220 insultabant,
827 1168 1054 1222 eamque
1079 1151 1458 1224 exagitabant?
1483 1151 1624 1218 Quos
1651 1149 1817 1214 enim,
1850 1149 1930 1203 in-

321 1244 444 1315 quit
464 1285 480 1308 ,
511 1261 616 1299 non
643 1244 892 1316 dignabor
919 1260 1106 1315 ponere
1130 1259 1249 1298 cum
1283 1242 1491 1298 canibus
1515 1242 1683 1314 gregis
1707 1240 1808 1295 mei
1825 1281 1844 1307 ,
1874 1239 1931 1294 Ιιὶ

321 1352 461 1391 nunc
481 1336 725 1405 impetum
753 1337 808 1391 in
827 1353 908 1391 me
932 1341 1176 1408 fecerunt,
1204 1344 1252 1390 et
1284 1335 1451 1405 iit/inti
1486 1335 1715 1390 homines
1739 1350 1928 1389 maca-

318 1428 511 1500 stigant
523 1429 602 1500 (α)
618 1427 740 1503 (Job
773 1429 846 1485 30
869 1431 964 1501 Α).
985 1431 1177 1485 Annon
1194 1429 1308 1485 iure
1317 1428 1496 1484 omnia
1511 1428 1604 1484 tibi
1615 1428 1928 1500 graviaesse

324 1514 625 1576 videntur?
647 1522 826 1592 gravia
856 1523 999 1577 enim
1031 1521 1215 1593 procul
1237 1519 1400 1586 dubio
1427 1529 1574 1576 sunt.
1597 1520 1852 1576 Dicamne
1872 1519 1927 1576 id

318 1611 466 1682 quod
496 1613 761 1669 malorum
801 1622 962 1685 caput
987 1623 1071 1670 est
1093 1655 1109 1681 ,
1141 1609 1410 1685 totiusque
1434 1611 1755 1668 calamitatis
1781 1613 1929 1671 velut

317 1703 616 1774 colophon,
638 1703 890 1776 quodque
908 1719 1034 1759 eum
1057 1705 1392 1774 potissimum
1415 1704 1797 1761 excruciabat?
1819 1703 1927 1760 Tu-

320 1794 589 1849 multuum
610 1810 818 1859 eorum,
838 1795 928 1866 qui
950 1795 1005 1850 in
1028 1796 1195 1868 ipsius
1213 1795 1395 1851 animo
1415 1795 1768 1866 exsistebant,
1790 1803 1926 1853 tem-

319 1895 525 1954 pestas,
545 1883 595 1939 id
617 1885 915 1955 praesertim
935 1889 1071 1951 erat,
1095 1885 1238 1959 quod
1259 1899 1386 1943 eum
1407 1885 1746 1942 intolerando
1763 1885 1925 1944 modo

317 1975 667 2048 praefocabat,
694 1981 917 2052 ejusque
937 1979 1263 2036 conscientia
1288 1994 1431 2053 pura.
1453 1979 1762 2037 intestinam
1789 1988 1925 2037 teut-

317 2081 584 2141 pestatem
611 2072 880 2129 excitabat
899 2113 915 2139 ,
948 2073 1246 2145 rationique
1277 2073 1527 2131 tenebras
1564 2072 1876 2130 oﬂ'undebat
1898 2113 1916 2143 ,

315 2162 385 2218 ac
432 2163 846 2234 gubernatorem
897 2165 1278 2236 perturbabat.
1316 2163 1451 2221 Nam
1493 2165 1585 2237 qui
1631 2164 1921 2220 multorum

315 2254 584 2311 scelerum
605 2256 706 2311 sibi
732 2257 934 2313 conscii
956 2267 1104 2325 sunt,
1126 2257 1336 2314 etiamsi
1361 2257 1540 2315 acerbi
1565 2255 1764 2330 aliquid
1790 2257 1922 2328 ipsis

312 2347 565 2416 act-idat,
602 2348 656 2404 id
697 2350 888 2406 saltem
925 2349 1164 2418 habent,
1196 2360 1480 2408 ut~eorum
1523 2365 1644 2424 quae
1671 2349 1923 2407 accidunt

311 2454 510 2495 causas
537 2442 811 2497 inveniant
831 2483 848 2510 ,
881 2453 1095 2513 peccata
1133 2458 1229 2500 sua
1258 2458 1443 2500 secum
1477 2451 1793 2515 reputantes
1813 2483 1828 2510 ,
1855 2458 1922 2501 ac

312 2529 774 2600 perturbationem
811 2549 952 2602 eam,
979 2550 1101 2606 qua:
1135 2551 1204 2592 ex
1228 2534 1562 2592 dubitatione
1587 2534 1782 2605 oritur,
1809 2534 1920 2592 dis-

312 2627 603 2682 cutientes.
632 2629 705 2682 At
739 2628 830 2698 qui
876 2627 1073 2684 nullius
1108 2628 1349 2686 criminis
1376 2628 1480 2686 sibi
1520 2627 1724 2686 conscii
1750 2637 1914 2696 sunt,

312 2733 504 2774 verum
529 2719 743 2776 eximiis
779 2721 1034 2776 virtutum
1063 2723 1397 2779 ornamentis
1432 2722 1642 2795 praediti
1667 2765 1684 2792 ,
1712 2723 1758 2778 si
1788 2722 1917 2795 quid

308 2813 578 2883 ejusmodi
617 2814 888 2885 patiantur
907 2857 924 2881 ,
953 2815 1246 2872 dummodo
1276 2817 1688 2874 resurrectionis
1717 2816 1912 2887 dogma

311 2904 513 2970 norint,
540 2919 604 2960 ac
632 2904 807 2961 futura
836 2907 922 2962 illa
951 2909 1166 2977 praemia
1199 2906 1572 2976 considerent,
1600 2907 1727 2964 illud
1758 2909 1915 2966 intel-

309 2994 482 3067 iigunt
505 3038 522 3063 ,
547 3011 610 3052 ea
636 3013 757 3070 quae
794 2998 1043 3055 accidunt
1071 2999 1362 3055 certamina
1387 3042 1402 3067 ,
1430 3015 1496 3056 ac
1537 3010 1913 3058 sexcentarum

306 3099 630 3144 coronarum
658 3091 936 3146 materiam
964 3105 1106 3148 esse.
1147 3087 1216 3147 At
1247 3091 1335 3148 hic
1363 3107 1484 3148 cum
1520 3101 1575 3149 et
1606 3093 1804 3165 probus
1831 3095 1915 3150 vir

306 3188 494 3248 esset,
525 3188 580 3235 et
606 3179 677 3236 de
703 3183 1097 3238 resurrectione
1123 3182 1254 3238 nihil
1281 3183 1616 3255 exploratum
1647 3185 1910 3256 haberet,

306 3270 438 3328 hinc
477 3274 818 3344 potissimum
854 3276 1155 3346 iactabatur
1176 3319 1193 3344 ,
1219 3277 1363 3348 quod
1399 3277 1658 3334 malorum
1690 3293 1910 3336 suorum

303 3379 523 3421 causam
551 3367 850 3437 ignoraret,
879 3369 1161 3441 acriusque
1189 3382 1311 3426 eum
1341 3364 1456 3428 hmc
1481 3372 1764 3442 dubitatio,
1787 3375 1908 3430 ani-

305 3458 491 3529 mique
528 3461 772 3516 anxietas
793 3503 810 3529 ,
841 3478 1000 3534 quam
1039 3479 1252 3520 vermes
1279 3477 1344 3520 ac
1370 3466 1612 3537 corporis
1648 3466 1866 3524 dolores
1889 3509 1906 3534 ,

301 3553 661 3608 stimularent.
685 3555 857 3626 Atque
880 3565 937 3612 ut
956 3573 1068 3612 rem
1091 3559 1163 3613 ita
1186 3573 1245 3612 se
1268 3559 1467 3616 habere
1488 3559 1776 3633 intelligas,
1793 3578 1905 3634 quo

304 3652 551 3714 tempore
601 3646 740 3702 Deus
784 3665 881 3719 pro
925 3665 1020 3705 sua
1064 3650 1392 3721 benignitate
1424 3653 1524 3723 ipsi
1553 3650 1906 3713 certaminum

303 3737 499 3793 horum
527 3753 744 3795 causam
771 3742 980 3812 aperire
1002 3741 1252 3815 dignatus
1276 3755 1379 3810 est,
1409 3761 1603 3818 nempe
1627 3763 1688 3804 se
1712 3743 1813 3804 hac
1837 3749 1907 3807 de

301 3843 470 3884 causa
499 3829 618 3886 haec
641 3833 970 3902 permisisse,
999 3843 1058 3888 ut
1084 3837 1362 3906 perspicua
1387 3849 1532 3895 esset
1561 3840 1727 3911 ipsius
1747 3842 1906 3911 justi—

301 3921 397 3983 tia,
434 3930 546 3976 tum
572 3922 835 3994 denique,
865 3934 1132 3995 tamquam
1166 3925 1297 3983 nihil
1323 3943 1506 3986 earum
1537 3932 1902 3992 molestiarum

299 4025 616 4083 perpessus,
638 4015 925 4086 respiravit
953 4035 968 4073 :
989 4017 1150 4089 idque
1171 4034 1239 4076 ex
1259 4020 1345 4089 iis,
1367 4038 1485 4094 qua:
1509 4030 1634 4080 tunc
1655 4018 1904 4095 loquutus

297 4113 400 4170 est,
436 4097 642 4176 liquido
669 4114 899 4166 constat.
931 4110 1197 4168 Caeterum
1226 4114 1376 4184 prius
1399 4116 1558 4171 etiam
1590 4135 1749 4189 quam
1774 4134 1903 4175 cau-

295 4207 415 4250 sam
445 4195 830 4268 intellexisset,
859 4193 1047 4259 dolore
1075 4203 1291 4275 quidem
1320 4207 1689 4266 afficiebatur:
1713 4227 1900 4268 verum

297 4285 422 4342 forti
449 4289 630 4344 animo
649 4307 772 4347 eum
799 4279 1207 4367 ferebat,atque
1229 4296 1442 4356 amissis
1465 4301 1716 4360 omnibus
1736 4291 1899 4360 rebus

296 4379 669 4438 admirabilem
701 4383 846 4441 illam
882 4401 1071 4443 vocem
1098 4389 1378 4448 emittebat
1399 4434 1415 4457 ,
1443 4387 1694 4451 Dominus
1718 4396 1895 4463 dedit,

297 4469 552 4527 Dominus
577 4474 785 4530 abstulit
801 4519 817 4544 ,
843 4478 976 4534 sicut
1005 4479 1225 4537 Domino
1249 4482 1461 4555 placuit,
1487 4486 1563 4540 ita
1589 4487 1778 4557 factum
1800 4501 1896 4557 est;

294 4563 361 4616 sit
391 4581 572 4620 nomen
603 4567 807 4625 Domini
836 4572 1149 4628 benedictum
1175 4571 1228 4630 in
1255 4580 1443 4634 saecula
1469 4578 1578 4654 (Id.
1619 4585 1668 4636 l.
1701 4583 1818 4656 2i).

368 4657 424 4714 9.
469 4658 664 4717 Verum
696 4665 918 4734 hujusce
942 4668 1040 4722 viri
1075 4684 1259 4726 amore
1301 4683 1611 4746 correptus,
1640 4676 1709 4733 ab
1738 4677 1894 4734 insti-

295 4759 406 4806 tuta
440 4756 685 4812 oratione
711 4759 922 4830 longius
947 4764 1237 4820 recessisse
1265 4765 1450 4821 videor
1479 4785 1491 4821 :
1521 4783 1708 4839 quare,
1742 4782 1898 4841 post.

289 4858 454 4912 quam
483 4861 649 4916 pauca
679 4849 994 4922 adjunxero,
1018 4869 1230 4910 rursum
1257 4856 1323 4912 ad
1351 4873 1435 4925 ea,
1458 4874 1579 4930 qua:
1606 4861 1735 4916 tnihi
1763 4879 1892 4934 pro-

293 4936 466 5004 posita
488 4949 634 5005 sunt,
658 4956 744 4996 me
764 4941 1013 4998 referam.
1043 4944 1142 5000 llic
1170 4946 1330 5018 igitur
1361 4945 1504 5003 tanta
1532 4959 1750 5024 tamque
1779 4956 1890 5010 exi-

290 5027 396 5081 tnia
429 5028 626 5085 virtute
647 5031 750 5102 vir,
779 5033 869 5104 qui
896 5044 975 5090 tot
1003 5039 1208 5094 natura:
1238 5043 1589 5097 necessitates
1621 5046 1886 5113 protrivit,

287 5134 358 5174 ne
403 5121 524 5188 ipse
555 5123 770 5190 quidem
811 5125 867 5181 in
899 5126 1006 5185 hoc
1046 5139 1318 5186 certamen
1362 5133 1690 5191 descendere
1728 5153 1890 5194 ausus

286 5224 391 5282 est,
420 5230 608 5272 rerum
638 5228 693 5273 et
720 5235 942 5278 uxorem
966 5221 1249 5290 adhibuit,
1278 5237 1334 5282 et
1362 5227 1630 5300 ingentem
1658 5231 1887 5288 iiliorum

288 5319 577 5364 numerum
609 5314 1106 5390 procreavit.'l‘anta
1127 5319 1452 5389 virginitatis
1471 5331 1554 5377 est
1573 5321 1886 5392 difﬁcultas,

288 5407 394 5451 tam
437 5400 544 5454 alia
582 5411 636 5455 et
681 5401 935 5460 sublimia
985 5407 1155 5479 ipsius
1196 5411 1510 5478 certamina,
1541 5423 1648 5469 tam
1694 5431 1886 5487 graves

285 5491 510 5547 sudores
531 5534 546 5558 ,
578 5509 934 5567 magnamque
958 5502 1128 5560 animi
1180 5500 1485 5558 ﬁrmitatem
1527 5508 1883 5576 requirentes.

285 5583 351 5638 Et
402 5593 580 5641 tamen
619 5590 799 5644 tnultze
848 5605 917 5646 ex
966 5589 1062 5658 iis,
1089 5609 1210 5664 qua-
1253 5594 1320 5650 ad
1362 5595 1463 5653 hoc
1505 5611 1778 5657 certamen
1827 5618 1886 5660 se

345 5743 420 5826 {‘32
454 5744 1104 5826 'I‘EMELWW’.
1357 5755 1528 5826 δοδιξω
1552 5759 1882 5826 eminerent.

633 5805 1348 5942 summa";
1390 5805 1489 5869 εδδ
1518 5805 1886 5884 deﬂui

1787 397 2166 458 EPISTOLE.

3545 396 3664 460 566

2048 510 2427 576 accinxcrunt,
2452 507 2591 564 hanc
2630 513 2858 563 ornatus
2881 512 2938 562 et
2962 504 3246 576 elegantia:
3271 502 3663 574 immodiciqua

2047 603 2270 656 vestitus
2315 594 2667 671 cupiditatem
2709 595 2934 654 minime
2971 590 3332 667 superarunt,
3363 597 3553 649 verum
3588 609 3656 651 ea

2043 685 2290 765 capueet
2307 685 2551 749 subactaz‘
2573 699 2700 748 sunt
2724 690 2918 761 niagis,
2939 703 3099 760 quam
3124 676 3505 744 mulieresillz
3531 700 3656 759 quae

2044 785 2246 839 mundo
2286 798 2346 840 se
2373 782 2716 840 addixerunt.
2741 781 2926 853 Neque
2954 782 3099 837 enim
3125 779 3230 835 hoc
3254 777 3388 834 mihi
3407 781 3626 835 eamme

2043 891 2215 943 mora,
2267 887 2361 930 eas
2411 885 2606 930 aurum
2645 873 2870 930 minime
2909 881 3163 944 gestare,
3207 881 3310 928 nec
3355 873 3546 929 sericis
3600 882 3653 928 et

2039 981 2175 1021 auro
2204 965 2477 1022 distinctis
2499 965 2744 1021 vestibus
2769 964 2985 1020 indutas
3004 977 3150 1031 esse,
3182 977 3358 1035 neque
3379 969 3650 1036 gemmata

2039 1058 2259 1113 monilia
2279 1067 2513 1129 gestare.
2535 1055 2670 1112 Nam
2696 1054 2841 1127 quod
2869 1054 3089 1127 gravius
3107 1063 3213 1122 est,
3231 1055 3483 1127 quodque
3502 1055 3650 1126 ipsa-

2037 1167 2159 1208 rum
2203 1151 2451 1208 morbum
2477 1159 2641 1222 atque
2667 1149 2830 1220 hujus
2862 1146 3085 1205 affectus
3131 1147 3471 1220 tyrannidem
3493 1163 3652 1220 aper-

2036 1247 2246 1304 tissime
2273 1247 2485 1319 prodit,
2517 1243 2649 1303 illud
2686 1253 2792 1314 est,
2819 1243 2965 1317 quod
3004 1244 3154 1300 omni
3187 1243 3564 1302 animi'studio
3592 1255 3647 1300 et

2035 1347 2233 1395 conatu
2275 1339 2330 1394 in
2375 1337 2482 1395 hoc
2528 1336 2912 1404 incubuerunt,
2944 1345 3004 1392 ut
3027 1351 3125 1406 per
3156 1334 3289 1392 viles
3313 1343 3370 1392 et
3403 1335 3646 1408 abiectas

2035 1430 2156 1487 illas
2203 1438 2426 1500 vestes,
2466 1445 2652 1488 earum
2693 1444 2816 1502 quae
2861 1443 2999 1484 auro
3041 1427 3307 1485 redimitae
3357 1429 3648 1486 ‘ac'sericis

2033 1522 2278 1579 vestibus
2296 1525 2512 1578 amicta
2532 1531 2682 1588 sunt,
2713 1520 3036 1592 elegantiam
3065 1528 3121 1576 et
3145 1525 3398 1576 ornatum
3426 1535 3650 1592 supera.

2033 1625 2173 1683 rent,
2203 1625 2366 1688 atque
2385 1614 2516 1672 hinc
2541 1613 2888 1671 amabiliores
2914 1612 3022 1670 illis
3049 1613 3366 1670 viderentur
3393 1632 3407 1670 :
3439 1614 3492 1670 in
3539 1614 3644 1671 hoc

2031 1705 2258 1772 scilicet,
2286 1714 2348 1761 ut
2373 1703 2592 1777 quidem
2621 1705 2755 1777 ipsa
2786 1711 3002 1776 putant,
3035 1702 3362 1762 indiderenti
3390 1705 3643 1762 minime-

2030 1812 2137 1869 que
2160 1795 2629 1868 reprehendenda
2673 1797 2756 1854 rei
2790 1795 3094 1865 studentes,
3117 1804 3178 1853 ut
3217 1803 3400 1855 autem
3437 1797 3516 1854 rei
3547 1813 3641 1854 na-

2032 1898 2150 1970 tura
2199 1889 2578 1958 demonstrat,
2627 1889 2952 1962 perniciosae
2996 1903 3063 1946 ac
3118 1890 3389 1961 pestiferae
3410 1931 3428 1960 ,
3469 1893 3645 1964 atque

2028 1981 2190 2037 altam
2214 1973 2524 2054 voraginem
2553 1980 2791 2038 babenti.
2827 1979 3092 2050 Quocirca
3120 1980 3230 2038 hoc
3254 1982 3474 2039 nomine
3515 1997 3642 2040 sex-

2028 2073 2202 2129 centis
2243 2073 2439 2146 linguis
2465 2070 2654 2131 laudes
2684 2081 2806 2130 tuas
2847 2071 3131 2146 praedicari
3174 2082 3426 2145 oportet,
3455 2075 3599 2148 quod
3621 2115 3640 2142 ,

2026 2182 2150 2240 quae
2173 2181 2266 2224 res
2293 2182 2326 2223 a
2355 2165 2651 2240 virginibus
2673 2182 2820 2240 agre
2839 2168 3090 2240 superari
3115 2175 3336 2240 potest,
3362 2165 3481 2225 haec
3511 2167 3639 2237 tibi,

2026 2275 2148 2332 qua
2171 2259 2227 2316 in
2253 2257 2513 2316 viduitate
2534 2258 2710 2332 degis,
2750 2259 2824 2316 ita
2859 2258 3035 2316 facilis
3058 2274 3124 2316 ac
3153 2268 3402 2331 prompta
3423 2267 3549 2328 est,
3581 2269 3641 2316 ut

2025 2353 2144 2424 ipsa
2173 2368 2355 2410 rerum
2385 2353 2586 2411 veritas
2617 2353 2836 2425 planum
2865 2351 3014 2409 fecit.
3035 2350 3222 2424 Neque
3241 2352 3386 2408 enim
3407 2352 3640 2408 incredi-

2024 2443 2189 2501 bilem
2243 2445 2568 2517 quamdam,
2621 2454 2785 2518 atque
2833 2443 2982 2516 ipsos
3032 2443 3198 2500 etiam
3268 2444 3639 2500 mendicantes

2023 2544 2408 2609 superantem,
2455 2535 2687 2593 vestium
2730 2535 2994 2592 vilitatem
3044 2534 3327 2591 dumtaxat
3374 2534 3637 2604 admiror,

2023 2643 2210 2684 verum
2233 2628 2363 2684 illud
2393 2627 2557 2685 etiam
2574 2669 2591 2698 ,
2631 2627 2776 2699 quod
2804 2625 2861 2683 in
2889 2625 3108 2693 vestitu,
3130 2632 3186 2682 et
3211 2625 3593 2683 calceamentis
3614 2666 3634 2692 ,

2019 2728 2188 2791 atque
2227 2720 2444 2777 incessu
2481 2729 2595 2788 tuo,
2625 2719 2761 2776 nihil
2789 2724 2876 2776 est
2901 2717 3140 2774 fucatum
3162 2759 3180 2787 ,
3212 2717 3356 2774 nihil.
3376 2717 3444 2774 de
3475 2719 3628 2773 indu-

2020 2813 2154 2867 stria
2198 2822 2572 2884 comparatum
2614 2823 2699 2869 est
2745 2819 2803 2868 et
2857 2810 3217 2880 elaboratum,
3249 2826 3371 2883 qua;
3415 2811 3633 2882 quidem

2019 2903 2201 2958 omnia
2230 2903 2445 2960 virtutis
2471 2905 2684 2961 colores
2709 2911 2871 2972 sunt,
2893 2902 3090 2976 quibus
3126 2903 3388 2975 sapientia
3414 2919 3477 2958 ea
3512 2919 3635 2974 qtue

2019 2996 2076 3052 in
2105 2995 2290 3053 animo
2316 2995 2596 3054 recondita
2617 3007 2737 3064 est,
2767 3002 2998 3055 exterae
3031 2995 3361 3068 depingitur.
3403 2997 3636 3052 Amictus

2016 3089 2444 3161 enim‘corpo'ris,
2478 3089 2653 3162 inquit
2694 3087 2995 3160 Scriptura,
3017 3098 3064 3144 ct
3106 3089 3242 3144 risus
3289 3090 3517 3144 dentium
3539 3129 3554 3153 ,
3584 3100 3634 3143 et

2016 3182 2276 3254 ingressus
2322 3181 2544 3238 hominis
2584 3179 2920 3238 enuntiabant
2963 3179 3029 3236 de
3073 3180 3167 3235 illo
3189 3178 3479 3252 (Ericinio.
3507 3179 3628 3247 9.7).

2013 3272 2150 3330 Nam
2173 3272 2275 3330 nisi
2307 3284 2550 3332 terrenas
2576 3289 2895 3347 pomparum
2917 3272 3078 3345 hujus
3106 3273 3233 3328 vitta
3261 3273 3622 3345 cogitationes

2016 3363 2393 3421 incredibilem
2414 3366 2707 3436 quemdam
2732 3367 2787 3422 in
2815 3366 3035 3422 modum
3059 3352 3211 3421 humi
3238 3366 3630 3437 prostravisses

2013 3472 2078 3514 ac
2106 3458 2498 3530 procnleasses,
2529 3473 2639 3516 non
2663 3459 2717 3515 in
2751 3467 2960 3516 tantum
2990 3459 3230 3531 ipsarum
3259 3467 3626 3532 contemptura

2012 3551 2330 3623 erupisses,
2374 3565 2478 3609 nec
2525 3566 2692 3624 grave
2751 3550 2856 3608 boc
2909 3559 3192 3623 peccatum
3261 3559 3368 3606 tam
3418 3550 3628 3608 fortiter

2012 3657 2352 3715 superasses.
2378 3641 2459 3699 Ne
2487 3657 2619 3700 vero
2644 3657 2734 3698 me
2778 3643 3065 3714 quisquam
3106 3642 3274 3698 nimia
3324 3657 3622 3714 exaggera-

2013 3737 2161 3794 tione
2186 3738 2262 3792 uti
2288 3737 2582 3805 existimet,
2612 3735 2756 3808 quod
2784 3736 3165 3807 gravissimum
3207 3735 3313 3791 hoc
3340 3749 3623 3806 peccatum

2011 3829 2354 3900 appellarim.
2387 3827 2523 3884 Nam
2549 3843 2672 3884 cum
2700 3828 2990 3884 mundanis
3032 3827 3388 3883 Hebraeorum
3426 3828 3621 3883 mulie-

2009 3921 2181 3988 ribus,
2201 3931 2362 3990 atque
2384 3920 2471 3975 illa
2503 3928 2821 3991 tempestate
2846 3919 3026 3974 scelus
3053 3917 3156 3976 hoc
3179 3926 3380 3973 tantam
3406 3933 3621 3988 prunam

2007 4012 2374 4077 accersiverit,
2402 4012 2467 4066 iis
2493 4026 2614 4082 qua:
2634 4009 3104 4066 conversationem
3138 4009 3189 4064 in
3217 4010 3365 4065 ca-lis
3387 4009 3587 4065 habere
3603 4051 3620 4077 ,

2007 4111 2170 4173 atque
2197 4105 2515 4175 angelorum
2556 4104 2719 4157 vitam
2767 4102 2968 4158 imitari
3015 4101 3234 4167 debent,
3266 4112 3323 4156 et
3353 4105 3407 4156 in
3447 4103 3619 4173 gratia

2005 4194 2170 4248 vitam
2197 4203 2385 4266 agunt,
2408 4209 2569 4266 quam
2592 4194 2807 4251 veniam
2831 4194 2973 4251 idem
2998 4193 3138 4249 istud
3164 4193 3617 4265 obtineroqueat,

2008 4289 2178 4344 multo
2224 4290 2441 4360 gravius
2483 4289 2900 4361 perpetratum?
2926 4286 3061 4343 Nam
3102 4301 3223 4344 cum
3260 4289 3535 4359 virginem
3563 4304 3615 4343 ιιι

2003 4380 2197 4435 vestitu
2227 4379 2447 4436 mollem
2475 4383 2708 4435 tunicam
2739 4381 3064 4444 trahentem,
3096 4379 3147 4435 id
3181 4380 3323 4450 quod
3353 4379 3615 4450 propheta

2002 4473 2214 4529 crimini
2261 4473 2429 4542 dedit,
2477 4474 2678 4530 lascive
2718 4473 3116 4538 ambulantem,
3143 4483 3308 4544 atque
3362 4487 3535 4540 voce,
3560 4483 3616 4529 et

2001 4568 2194 4634 oculis,
2226 4575 2286 4623 et
2304 4566 2504 4622 amictu
2525 4607 2541 4634 ,
2571 4577 2898 4622 venenatum
2948 4565 3200 4638 poculum
3230 4567 3298 4622 iis
3322 4566 3413 4638 qui
3439 4565 3613 4637 ipsam

2002 4659 2276 4732 impudico
2297 4659 2454 4715 oculo
2476 4659 2752 4714 intuentur
2778 4660 3116 4723 miscentem,
3140 4673 3205 4714 ac
3232 4659 3520 4730 voragines
3548 4661 3615 4714 iis

1999 4755 2090 4824 qui
2115 4761 2395 4808 transeunt
2417 4766 2590 4822 magis
2615 4766 2679 4806 ac
2707 4751 2878 4823 magis
2903 4750 3271 4818 effodientem,
3299 4761 3460 4821 atque
3487 4749 3613 4806 hinc

1999 4845 2223 4918 laqueos
2254 4843 2567 4901 tendentem
2601 4842 2820 4908 videris,
2853 4842 3126 4914 quomodo
3155 4839 3264 4912 iam
3287 4842 3610 4913 eam‘virgi—

2001 4953 2122 4994 nem
2150 4936 2412 5009 appelles,
2445 4949 2510 4992 ac
2549 4950 2657 4992 non
2689 4936 2868 5006 potius
2916 4937 2969 4990 in
3019 4944 3336 4994 scortorum
3370 4945 3608 4991 immero

1997 5029 2411 5104 reponasUsai.
2462 5029 2682 5100 3.16)?
2734 5028 2920 5100 Neque
2973 5029 3117 5084 enim
3162 5039 3342 5085 scorta
3394 5037 3604 5085 tantam

1998 5123 2310 5180 illecebram
2340 5121 2624 5195 objiciunt,
2659 5133 2916 5193 quantam
2959 5122 3098 5188 istae,
3131 5123 3424 5193 voluptatis
3468 5137 3605 5194 peu-

1995 5231 2094 5274 nas
2119 5217 2267 5273 omni
2297 5229 2364 5274 ex
2391 5225 2544 5288 parte
2573 5216 2930 5289 explicantes.
2963 5217 3042 5270 Ac
3073 5223 3447 5287 propterea'te
3474 5216 3604 5271 bea-

1997 5321 2107 5366 tam
2136 5310 2494 5382 prtedicamus
2539 5323 2604 5365 ac
2644 5309 2796 5364 miris
2843 5308 3095 5364 laudibus
3141 5309 3438 5372 oderimus.
3461 5310 3605 5379 quod

1994 5403 2083 5459 his
2108 5402 2359 5459 omnibus
2388 5400 2641 5470 libente,
2670 5402 2724 5456 in
2756 5402 2856 5458 hac
2881 5417 3096 5473 quoque
3128 5411 3280 5472 parte
3308 5400 3603 5457 mortiiica-

1995 5495 2158 5551 tionis
2182 5495 2459 5565 specimen
2488 5496 2506 5528 ⁸
2537 5484 2775 5560 edidisti,
2797 5508 2906 5548 non
2935 5504 2991 5548 ut
3019 5504 3270 5548 ornatum
3295 5503 3353 5547 ‘et
3383 5493 3604 5563 elegan-

1995 5590 2124 5644 tiam
2169 5597 2494 5655 ostentares,
2523 5586 2620 5643 sed
2676 5597 2734 5642 ut
2779 5586 2992 5643 fortiter
3033 5596 3086 5642 te
3124 5601 3370 5658 gereres;
3404 5600 3510 5641 nou
3544 5594 3600 5641 ut

1993 5681 2250 5738 mundum"
2301 5681 2619 5739 muliebrem
2649 5681 2744 5739 tibi
2769 5695 3078 5755 quzerercs,
3114 5681 3209 5739 sed
3244 5689 3302 5738 ut
3335 5680 3503 5737 armis
3546 5691 3598 5738 te

1992 5788 2250 5832 'numres.

2059 5891 2074 5922 ι
2110 5892 2214 5938 Duo
2235 5893 2364 5949 las,
2390 5883 2657 5940 uictaiam’.
