4078 6442
501 405 608 466 567

571 519 663 591 10.
704 518 903 578 Verum
923 520 1171 592 quoniam
1195 521 1264 576 ab
1284 535 1459 592 ungue
1481 520 1696 577 leonem
1723 535 1864 578 nunc
1894 529 2089 578 osten-

504 611 719 680 dimus,
761 613 922 686 idque
961 615 1191 686 quadam
1243 614 1522 672 dumtaxat
1569 623 1638 673 ex
1691 626 1882 689 parte;
1912 630 2088 688 neque

503 702 648 760 enim
686 709 853 759 totam
896 704 1036 760 hanc
1083 713 1228 760 tuam
1275 705 1527 762 virtutem
1564 709 1842 778 percurri;
1869 709 2087 779 quippe,

504 799 564 847 ut
590 792 839 862 superius
877 806 910 847 a
933 807 1024 849 me
1045 793 1248 849 dictum
1273 802 1376 862 est,
1406 795 1462 850 in
1488 795 1748 853 immensa
1771 807 2088 852 caeterarum

504 889 717 939 tuarum
745 884 1003 941 virtutum
1036 887 1204 942 maria
1229 887 1421 957 pedem
1450 886 1649 946 inferre
1681 899 1901 956 metuo;
1927 898 2090 959 atque

507 971 674 1029 etiam
713 972 816 1031 hoc
857 974 981 1032 loco
1031 976 1163 1032 mihi
1200 977 1532 1048 propositum
1583 995 1691 1035 non
1732 987 1846 1046 est,
1891 986 2092 1035 sanctae

508 1063 703 1119 animo
756 1073 862 1120 tua:
937 1065 1125 1123 laudes
1193 1067 1386 1124 elerre
1405 1108 1421 1135 ,
1463 1083 1646 1125 verum
1710 1069 2092 1124 consolationis

509 1155 858 1225 pharmacum
874 1157 1180 1217 coniicere:
1209 1173 1328 1231 age,
1349 1174 1412 1218 ea
1438 1175 1672 1229 rursum,
1699 1177 1820 1233 quae
1843 1163 2090 1233 superius

509 1246 653 1303 dicta
703 1255 870 1314 sunt,
898 1262 1186 1305 resumam.
1224 1249 1363 1320 Quid
1412 1261 1593 1308 autem
1638 1251 1770 1309 illud
1817 1263 1918 1319 est,
1951 1251 2094 1323 quod

511 1335 659 1407 prius
676 1335 945 1397 diximus?
968 1338 1228 1395 Nimirum
1275 1348 1363 1407 ut,
1387 1340 1517 1413 quid
1564 1342 1652 1398 hic
1694 1344 1971 1413 peccarit,
2002 1351 2096 1397 aut

510 1427 639 1499 quid
665 1429 757 1486 ille
785 1429 1004 1486 sceleris
1018 1429 1314 1500 admiserit,
1339 1447 1462 1488 cum
1502 1433 1686 1489 animo
1730 1443 1822 1489 tuo
1845 1441 2095 1503 reputare
2136 1450 2140 1454 ·

509 1517 764 1588 desinas,
787 1533 851 1574 ac
896 1520 1163 1590 patientia:
1207 1533 1310 1578 tua:
1329 1564 1344 1588 ,
1375 1523 1702 1587 tolerantiae,
1727 1523 2052 1594 ieiuniorum
2077 1563 2092 1588 ,

511 1611 907 1680 precationum,
929 1626 1200 1668 sacrarum
1221 1613 1542 1683 vigiliarum,
1567 1615 1930 1682 continentiae,
1951 1615 2097 1672 elec-

514 1715 754 1774 mosyna‘.
778 1741 796 1768 ,
829 1702 1225 1773 hospitalitatis,
1248 1705 1626 1778 variarumque
1670 1717 1724 1763 et
1759 1708 2004 1778 gravium
2033 1722 2097 1764 ac

515 1789 873 1864 frequentium
899 1795 1251 1852 tentationum
1279 1796 1573 1853 certamina
1595 1807 1853 1868 perpetuo
1872 1799 2093 1870 cogites.

513 1882 806 1941 Considera
856 1887 1123 1956 quomodo
1149 1902 1181 1942 a
1218 1889 1387 1958 prima
1430 1897 1589 1945 etate
1636 1889 1704 1945 ad
1747 1889 1888 1945 hunc
1928 1904 2098 1960 usque

512 1973 657 2030 diem
686 1974 959 2031 Christum
988 1974 1134 2033 fame
1149 1977 1479 2035 laborantem
1493 1980 1657 2044 alere,
1677 1979 1876 2036 sitienti
1908 1990 2095 2050 potum

513 2065 771 2136 praebere,
794 2067 992 2123 nudum
1046 2069 1264 2138 vestire,
1297 2070 1563 2142 hospitem
1616 2079 1758 2128 tecto
1811 2073 2094 2143 excipere,

517 2154 708 2211 morbo
749 2155 995 2212 affectum
1035 2158 1229 2226 visere,
1255 2159 1313 2215 in
1355 2159 1567 2216 vincula
1614 2161 1916 2232 conjectum
1946 2163 2098 2220 adire

517 2259 625 2302 non
673 2245 942 2305 destitisti.
982 2248 1229 2307 Caritatis
1273 2258 1378 2307 tua:
1423 2252 1642 2324 pelagus
1687 2254 2054 2311 animadverte
2076 2295 2093 2320 ,

513 2336 659 2408 quod
679 2353 846 2411 usque
869 2355 935 2396 eo
957 2343 1234 2412 aperuisti,
1267 2353 1326 2398 ut
1351 2343 1418 2399 ad
1447 2344 1661 2401 ultimas
1711 2361 1878 2417 usque
1921 2355 2097 2403 terra-

515 2442 634 2483 rum
661 2443 784 2484 oras
808 2444 1001 2501 magno
1024 2447 1145 2488 cum
1171 2433 1372 2504 impetu
1402 2435 1722 2504 pervenerit.
1749 2436 1930 2508 Neque
1953 2438 2098 2493 enim

520 2526 611 2574 tua
633 2517 911 2576 dumtaxat
933 2521 1125 2579 domus
1151 2525 1370 2580 cuilibet
1404 2526 1683 2583 accedenti
1720 2531 1934 2598 patebat
1961 2547 1974 2584 :
2006 2546 2100 2587 ve-

515 2622 635 2664 rum
673 2609 836 2666 etiam
861 2612 1059 2681 passim
1085 2621 1196 2669 tota
1228 2623 1370 2671 terra
1395 2625 1615 2688 totoque
1647 2619 1780 2674 mari
1820 2620 2098 2690 permultis

515 2697 616 2754 Itac
653 2709 741 2755 tua
770 2699 1089 2759 liberalitate
1117 2718 1213 2775 per
1250 2705 1668 2777 hospitalitatem
1709 2708 1813 2765 frui
1853 2712 2095 2783 contigit.

516 2790 643 2849 liae
690 2796 873 2850 omnia
913 2795 967 2852 in
998 2812 1162 2852 unum
1191 2812 1424 2870 cogens,
1455 2815 1778 2859 coronarum
1821 2803 2011 2861 harum
2042 2815 2100 2863 et

515 2886 855 2954 pmmiorum
902 2903 999 2960 spe
1045 2893 1283 2948 animum
1335 2893 1598 2962 cxbilara,
1621 2896 1920 2968 gaudioque
1969 2913 2094 2970 per-

513 2975 695 3033 funde.
717 2976 871 3047 Quod
897 2979 943 3035 si
969 2978 1263 3052 liagitiosos
1286 2983 1418 3041 istos
1443 2994 1499 3041 et
1523 2988 1892 3058 sanguinarios
1919 2988 2097 3045 homi-

516 3081 635 3134 nes,
663 3069 862 3140 quique
889 3069 978 3126 his
1003 3072 1174 3128 multo
1199 3073 1448 3145 graviora
1470 3086 1850 3148 perpetrarunt
1867 3120 1882 3146 ,
1911 3095 2098 3152 pinnas

514 3157 706 3216 dantes
754 3161 1064 3232 perspicere
1099 3165 1275 3235 cupis,
1307 3165 1359 3220 id
1384 3180 1596 3238 quoque
1624 3177 1683 3224 tu
1711 3169 1937 3228 videbis.
1964 3172 2098 3229 Nam

514 3257 569 3304 et
593 3247 827 3308 Lazarus
852 3251 1074 3310 divitem
1103 3255 1524 3328 conﬂagrantem
1553 3259 1684 3317 vidit
1714 3260 1864 3334 (Luc.
1889 3263 2096 3337 16.33).

515 3342 844 3416 Quamquam
866 3349 1010 3405 enim
1034 3349 1105 3405 ob
1125 3350 1249 3406 vita
1271 3350 1563 3410 discrimen
1584 3353 1732 3411 locus
1757 3356 1888 3426 ipsis
1905 3357 2097 3414 distin-

516 3445 635 3491 ctus
678 3447 828 3505 erat,
855 3453 1053 3511 eosque
1091 3442 1255 3500 chaos
1297 3445 1614 3515 dirimebat,
1653 3460 1815 3518 atque
1868 3451 2003 3507 alter
2043 3452 2098 3507 in

517 3525 746 3583 Abt-aha:
769 3530 887 3585 sinu
910 3572 925 3595 ,
948 3532 1086 3587 alter
1111 3534 1164 3588 in
1210 3536 1556 3594 intolerandis
1582 3538 1886 3597 fornacibus
1916 3543 2098 3600 sedem

517 3616 765 3685 habebat;
783 3627 839 3676 at
858 3622 1025 3678 nihilo
1053 3626 1230 3682 secius
1259 3635 1437 3684 tamen
1459 3638 1656 3685 etcum
1680 3631 1810 3687 vidit
1843 3631 2096 3703 Lazarus,

515 3717 572 3764 et
599 3724 783 3767 vocem
810 3713 1031 3782 audivit,
1047 3724 1104 3772 et
1131 3719 1428 3788 respondit.
1457 3720 1583 3777 Haec
1612 3722 1708 3777 tibi
1747 3737 1956 3794 quoque
1987 3737 2098 3782 tum

519 3815 616 3856 usu
646 3802 882 3858 venient.
909 3803 1042 3861 Nam
1083 3806 1130 3862 si
1169 3809 1260 3878 qui
1303 3825 1466 3865 unum
1513 3811 1790 3870 dumtaxat
1827 3815 2099 3873 hominem

516 3893 868 3962 contempsit,
895 3903 1040 3950 tanto
1069 3899 1306 3954 cruciatu
1336 3900 1584 3971 afﬁcitur,
1617 3919 1680 3958 ac
1705 3919 1915 3961 rursum
1937 3907 1986 3961 ei
2007 3908 2098 3978 qui

519 3997 682 4037 unum
729 3988 1097 4044 tantummodo
1144 3990 1557 4063 scandalisavit,
1598 3996 1817 4066 expedit
1857 4006 1916 4052 ut
1960 4000 2099 4054 mola

515 4074 746 4130 asinaria
774 4077 1132 4148 suspendatur
1156 4082 1211 4136 in
1239 4083 1380 4139 collo
1405 4085 1542 4155 eius,
1575 4093 1633 4142 et
1657 4087 1997 4159 demergatur
2045 4092 2098 4147 in

518 4165 1075 4244 mare(lault.18.6);
1099 4173 1189 4244 qui
1213 4182 1374 4230 tanta:
1403 4176 1548 4233 orbis
1570 4184 1833 4235 terrarum
1864 4183 1999 4251 parti
2020 4181 2100 4238 oi-

516 4255 810 4315 fensionem
839 4261 1166 4331 attulerunt,
1193 4273 1251 4322 et
1293 4274 1375 4322 tot
1394 4266 1668 4326 Ecclesiae
1686 4282 2010 4340 everterunt,
2044 4285 2099 4332 et

517 4349 829 4407 tumultibus
871 4367 937 4408 ac
980 4357 1376 4424 perturbatione
1417 4363 1598 4416 omnia
1647 4363 2023 4433 impleverunt,
2044 4375 2099 4422 et

517 4442 798 4511 praedones
823 4459 887 4500 ac
915 4445 1170 4504 barbaros
1199 4451 1531 4508 immanitate
1551 4468 1614 4509 ac
1640 4456 1840 4512 saevitia
1871 4473 2094 4528 supera~

516 4543 660 4600 runt,
690 4543 852 4606 atque
880 4551 912 4590 a
949 4536 1185 4607 diabolo,
1212 4557 1369 4611 quem
1418 4543 1546 4599 belli
1573 4544 1762 4601 ducem
1795 4546 2096 4617 habebant,

517 4633 574 4680 et
596 4624 929 4682 daemonibus
948 4669 964 4694 ,
991 4643 1216 4698 quorum
1244 4647 1346 4702 ope
1363 4644 1527 4705 atque
1565 4637 1764 4692 auxilio
1789 4639 2096 4712 utebantur,

515 4723 666 4771 tanto
693 4716 875 4773 furore
901 4718 1080 4775 aﬂ'ecti
1102 4731 1244 4790 sunt,
1279 4733 1335 4779 ut
1363 4727 1691 4784 tremendam
1735 4729 1874 4788 hanc
1893 4741 1948 4790 et
1976 4747 2100 4789 san-

515 4807 721 4863 ctitatis
749 4809 962 4878 plenam
1013 4826 1078 4868 ac
1121 4812 1382 4872 donatore
1424 4817 1637 4888 dignam
1681 4821 1974 4879 doctrinam
2002 4825 2098 4881 Ju-

513 4895 647 4952 dais
669 4911 733 4953 ac
774 4899 1059 4970 gentilibus
1099 4902 1375 4960 ridendam
1415 4909 1780 4979 propinarint;
1809 4914 1898 4983 qui
1934 4915 2090 4970 innu-

517 5002 690 5044 meras
732 4991 940 5047 animas
982 4993 1392 5066 demerserunt,
1443 5010 1603 5070 atque
1653 5003 1932 5062 innumera
1984 5017 2102 5065 toto

515 5081 648 5136 orbe
673 5083 943 5155 naufragia
969 5083 1263 5142 eﬂccerunl
1280 5129 1295 5155 ,
1322 5090 1414 5160 qui
1441 5100 1646 5148 tantum
1672 5096 1977 5153 incendium
2005 5116 2101 5157 ex-

515 5173 772 5238 citarunt,
797 5188 862 5230 ac
915 5175 1111 5232 Christi
1166 5193 1361 5250 corpus
1411 5181 1718 5255 sciderunt,
1750 5196 1806 5243 et
1859 5193 2096 5248 membra

518 5264 645 5318 hinc
671 5272 726 5319 et
746 5264 871 5322 inde
894 5266 1205 5337 abjeeerunt
1229 5289 1242 5323 :
1280 5270 1380 5329 Vos
1406 5261 1550 5330 enim
1573 5319 1587 5340 ,
1616 5279 1821 5349 inquit,
1843 5283 1960 5337 estis
1986 5301 2098 5339 cor-

525 5372 624 5426 pus
645 5355 855 5426 Christi,
885 5369 932 5413 st
959 5362 1178 5416 membra
1202 5380 1265 5418 ea:
1287 5378 1428 5435 parte
1458 5365 1532 5440 (1.
1561 5367 1680 5423 Cor.
1714 5370 1800 5426 i2.
1831 5371 1959 5443 27);
1992 5376 2098 5433 itno

518 5461 648 5502 vero
668 5449 793 5517 quid
823 5463 1006 5504 eorum
1054 5452 1313 5522 furorem,
1334 5459 1423 5527 qui
1462 5461 1609 5517 nullo
1635 5478 1887 5521 sermone
1912 5468 2097 5536 expli-

517 5539 626 5593 cari
675 5548 887 5608 potest,
916 5545 1216 5613 exprimeee
1262 5551 1841 5624 contendo‘lquantam
1883 5573 2096 5629 penam

517 5629 800 5701 pestiferos
843 5633 989 5690 istos
1022 5649 1085 5692 ac
1130 5641 1499 5710 sanguinarios
1541 5644 1787 5704 homines
1825 5649 2098 5710 subituros

515 5728 644 5776 tunc
664 5737 784 5779 esse
805 5726 1079 5782 existimas
1095 5729 1118 5784 ?
1132 5729 1262 5786 Nam
1287 5733 1333 5788 si
1359 5734 1448 5804 qui
1469 5733 1740 5793 Christum
1771 5741 2096 5800 esurientem

517 5829 623 5872 non
669 5817 950 5890 aluerunt,
982 5822 1311 5897 sempiterno
1362 5823 1472 5899 igni
1514 5843 1637 5890 cum
1677 5831 1892 5894 diabolo
1938 5835 2088 5896 addi-

1248 405 1306 466 S.
1345 398 1627 467 JOANNIS
1660 403 2145 466 CHRYSOSTOII
2183 400 2501 460 ARCHIEP.
2540 394 3078 458 CONSTANTINOP.

2195 523 2396 573 cuntur
2428 531 2444 569 :
2474 513 2567 585 qui
2610 509 2995 567 monachorum
3018 516 3074 562 et
3101 502 3362 574 virginum
3408 509 3599 569 greges
3627 494 3682 548 in
3705 492 3784 547 l'a-

2193 622 2336 664 mem
2380 605 2764 677 coniecerunt,
2789 611 2847 658 et
2874 598 3098 655 vestitos
3132 593 3437 656 nudarunt,
3465 598 3521 644 et
3560 597 3786 657 peregre

2193 705 2414 770 agentes
2438 709 2548 752 non
2585 691 2744 750 modo
2773 705 2883 747 non
2919 688 3273 758 collegerunt,
3301 679 3398 736 sed
3425 678 3589 770 etiam
3615 688 3786 743 expu-

2194 767 2394 854 lerunt,
2416 795 2478 844 et‘
2496 784 2686 841 morbo
2703 781 3009 839 laborantes
3029 791 3136 833 non
3163 773 3325 830 modo
3346 786 3451 827 non
3473 767 3781 862 visitarunt,

2195 878 2293 935 sed
2333 877 2498 934 etiam
2523 874 2897 932 vehementius
2921 867 3262 932 alliixerunt,
3291 873 3346 920 et
3388 877 3495 918 non
3525 856 3688 914 modo
3717 856 3785 910 ad

2195 986 2293 1028 eos
2319 970 2412 1042 qui
2459 970 2512 1024 in
2543 967 2769 1024 vinculis
2790 973 2947 1023 erant
2972 975 3094 1020 sese
3135 974 3243 1015 non
3274 953 3657 1015 contulerunt,
3690 948 3787 1003 scd

2196 1063 2357 1119 etiam
2387 1070 2448 1117 ut
2469 1061 2507 1116 ii
2535 1059 2626 1131 qui
2648 1057 2800 1113 liberi
2823 1072 2886 1111 ac
2911 1055 3071 1110 soluti
3092 1057 3250 1109 erant
3274 1050 3327 1102 in
3349 1056 3621 1142 carcerein
3650 1054 3788 1142 con-

2193 1152 2489 1223 jicerentur
2507 1189 2525 1218 ,
2551 1130 2774 1221 operam
2800 1145 3102 1210 dederunt,
3142 1148 3370 1235 quantas
3391 1147 3580 1235 pinnas
3602 1130 3789 1235 luitnri

2197 1247 2326 1314 sint,
2355 1246 2561 1317 cogites
2601 1242 2746 1299 licet.
2773 1239 2910 1296 Tum
2937 1238 3097 1310 igitur
3122 1249 3217 1292 eos
3246 1229 3479 1289 ﬂammis
3517 1229 3790 1284 excrucia-

2200 1349 2283 1394 tos
2327 1347 2383 1394 et
2426 1336 2855 1407 conliagrantes,
2880 1332 3085 1387 vinctos
3106 1371 3123 1397 ,
3149 1327 3395 1384 dentibus
3448 1321 3741 1379 stridentes
3772 1358 3789 1382 ,

2193 1424 2398 1483 frustra
2424 1429 2809 1491 lamentantes,
2834 1423 3006 1480 inutili
3037 1423 3181 1477 luctu
3205 1435 3266 1476 se
3287 1416 3636 1474 conﬁcientes
3655 1455 3671 1478 ,
3701 1420 3788 1466 θι-

2199 1536 2306 1592 que
2333 1519 2521 1577 divitis
2568 1518 2713 1574 illius
2755 1518 2811 1574 in
2850 1515 3069 1572 modum
3093 1505 3125 1578 ,'
3151 1512 3420 1567 incassum
3462 1506 3791 1577 pmnitentes

2199 1611 2427 1669 videbis.
2451 1611 2530 1667 Ac
2555 1623 2771 1665 rursum
2794 1615 2849 1664 te
2875 1605 2956 1663 illi
2980 1605 3036 1660 in
3060 1602 3232 1659 beatis
3252 1600 3360 1657 illis
3377 1597 3596 1657 sedibus
3623 1610 3783 1651 coro-

2199 1721 2322 1762 nam
2374 1711 2695 1775 gestantem,
2742 1713 2866 1756 cum
2916 1694 3125 1768 angelis
3176 1692 3586 1764 tripudiantem,
3625 1697 3792 1756 atque

2197 1812 2321 1855 cum
2371 1796 2588 1854 Christo
2641 1799 2956 1864 regnantem
3003 1787 3283 1852 videbunt,
3327 1798 3393 1840 ac
3437 1781 3792 1838 vehementer

2199 1887 2574 1945 exclamabunt
2609 1893 2667 1940 et
2710 1881 3062 1954 ingemiscent
3085 1919 3101 1945 ,
3139 1872 3587 1933 contumeliarum
3612 1909 3627 1934 ,
3652 1882 3793 1939 quas

2201 1978 2296 2034 tibi
2322 1979 2652 2043 inusserunt,
2681 1973 3028 2046 pmnitentes,
3058 1983 3122 2024 ac
3148 1966 3418 2037 supplices
3452 1960 3661 2017 libellos
3691 1957 3790 2013 tibi

2199 2066 2510 2133 oﬂ’erentes,
2552 2061 3087 2133 misericordiamque
3126 2064 3184 2114 et
3217 2053 3604 2112 humanitatem
3641 2059 3791 2105 tuam

2179 2157 2864 2247 )ncassumimplorantes.
2927 2244 2938 2247 _
3000 2243 3009 2247 _
3152 2241 3164 2247 _
3242 2239 3253 2247 _
3381 2237 3394 2247 _
3508 2235 3521 2247 .
3589 2233 3600 2244 .

2271 2252 2366 2308 H.
2402 2249 2705 2307 Cousolatur
2735 2243 3090 2319 Olympiadem
3111 2241 3175 2298 ob
3202 2237 3478 2296 absentiam
3501 2233 3661 2305 ipsius
3689 2231 3792 2288 do-

2200 2346 2402 2399 lentem.
2431 2371 2503 2384 -—
2530 2340 2658 2396 Haec
2682 2338 2840 2411 igitur
2867 2336 3049 2392 omnia
3083 2342 3262 2390 tecum
3286 2327 3596 2394 considera,
3621 2336 3793 2394 eaque

2199 2435 2396 2490 anima
2445 2443 2549 2490 tua;
2590 2441 2848 2504 perpetuo
2881 2429 3069 2486 accine
3095 2445 3109 2481 :
3138 2427 3322 2497 sicque
3347 2422 3491 2478 hunc
3513 2420 3792 2492 pulverem

2201 2528 2473 2584 discutere
2512 2524 2738 2598 poteris.
2767 2521 3031 2592 Quoniam
3080 2527 3284 2586 autem,
3307 2525 3366 2572 ut
3404 2511 3623 2586 quidem
3670 2523 3791 2564 mea

2200 2618 2388 2688 opinio
2431 2614 2555 2684 fert,
2606 2611 2748 2670 aliud
2792 2610 3009 2683 quidem
3053 2617 3171 2675 est,
3201 2605 3344 2677 quod
3391 2612 3446 2660 te
3489 2599 3792 2672 praesertim

2201 2709 2350 2780 angit
2372 2716 2430 2764 et
2452 2707 2748 2772 excruciat,
2776 2718 2876 2774 age
2903 2701 3028 2757 huic
3072 2712 3287 2770 quoque
3333 2692 3648 2767 cogitationi
3693 2704 3792 2760 per

2199 2814 2286 2866 ea,
2303 2814 2425 2870 qua:
2444 2798 2585 2854 dicta
2610 2805 2737 2853 sunt
2765 2804 2823 2851 et
2847 2808 2968 2864 quae
2991 2807 3136 2848 nunc
3160 2787 3356 2846 dicturi
3393 2800 3600 2852 sumus,
3625 2783 3790 2854 phar-

2202 2905 2412 2948 macum
2447 2901 2718 2961 paremus.
2750 2885 2964 2942 Etenim
2993 2898 3102 2939 non
3129 2880 3201 2938 ob
3240 2879 3355 2935 hac
3401 2887 3610 2932 tantum
3657 2872 3790 2929 mibi

2203 2983 2257 3039 in
2285 2982 2472 3038 dolore
2493 2980 2697 3037 versari
2722 2977 2924 3034 videris
2943 3018 2959 3044 ,
2993 2973 3089 3032 sed
3123 2972 3310 3039 etiam,
3335 2967 3481 3041 quod
3509 2981 3541 3022 a
3581 2980 3670 3022 me
3697 2964 3789 3020 vili

2203 3076 2530 3133 homunculo
2553 3074 2794 3146 sejuncta
2819 3071 2895 3127 sis
2922 3088 2935 3124 :
2965 3066 3204 3138 illudque
3229 3064 3435 3135 lugere,
3461 3069 3623 3131 atque
3648 3056 3792 3130 apud

2201 3183 2387 3226 omnes
2415 3167 2635 3224 dicere:
2658 3165 2919 3236 Linguam
2945 3161 3093 3217 illam
3123 3174 3230 3215 non
3259 3156 3508 3213 audimus
3561 3166 3661 3207 nec
3685 3163 3751 3204 ea
3770 3189 3789 3216 ,

2201 3277 2304 3335 qua
2375 3261 2678 3318 solebamus
2698 3301 2714 3327 ,
2766 3257 3009 3314 doctrina
3074 3252 3335 3318 fruimur,
3398 3261 3584 3304 verum
3649 3242 3795 3299 fatue

2201 3369 2544 3412 coercentur:
2575 3350 2827 3424 quodque
2855 3350 2997 3406 Deus
3037 3345 3281 3404 Hebraeis
3315 3341 3584 3415 quondam
3613 3337 3783 3394 mina-

2203 3445 2382 3512 batur,
2415 3443 2468 3500 id
2508 3458 2652 3499 nunc
2695 3441 2948 3512 patimur,
2975 3452 3169 3508 nempe
3208 3449 3316 3491 non
3369 3432 3523 3504 panis
3568 3427 3789 3494 fatneut,

2204 3552 2306 3594 nec
2331 3551 2482 3607 aqua:
2501 3536 2668 3602 sitim,
2687 3533 2783 3590 sed
2807 3532 3001 3588 divina:
3012 3529 3270 3586 doctrinae
3296 3526 3491 3582 famem
3537 3523 3713 3595 (Amos
3731 3521 3786 3576 8.

2203 3626 2321 3701 11).
2361 3625 2500 3696 Quid
2555 3626 2715 3696 igitur
2759 3623 2828 3679 ad
2874 3622 2993 3678 hac
3035 3619 3313 3677 dicemus?
3347 3615 3607 3674 Nimirum
3661 3611 3790 3670 illud

2202 3720 2455 3785 maxime,
2475 3717 2618 3788 quod
2646 3716 2742 3772 tibi
2767 3717 2929 3771 etiam
2948 3712 3102 3770 nobis
3121 3711 3432 3768 absentibus
3455 3709 3507 3764 in
3530 3707 3788 3763 librorum

2203 3821 2508 3868 nostrorum
2532 3809 2762 3866 lectione
2785 3807 2989 3865 versari
3008 3805 3152 3864 licet.
3173 3804 3280 3860 Nos
3296 3816 3529 3875 quoque,
3551 3801 3600 3855 si
3623 3798 3786 3855 tabel-

2203 3906 2368 3962 larios
2395 3905 2798 3972 nanciscamur,
2824 3917 3043 3974 operam
3083 3901 3360 3967 dabimus,
3385 3907 3446 3954 ut
3470 3897 3689 3954 crebras
3726 3908 3790 3951 ac

2203 3995 2437 4066 prolixae
2463 3995 2718 4067 epistolas
2742 4009 2773 4049 a
2793 3994 2946 4050 nobis
2965 3992 3216 4064 accipias.
3239 3989 3393 4060 Quod
3418 3989 3464 4046 si
3490 3987 3790 4043 doctrinam

2201 4098 2441 4145 nostram
2468 4089 2588 4144 viva
2619 4088 2782 4144 etiam
2803 4102 2935 4144 voce
2963 4086 3151 4142 audire
3194 4085 3349 4156 cupis
3367 4126 3383 4150 ,
3413 4082 3644 4138 fortasse
3688 4079 3790 4136 hoc

2201 4194 2415 4252 quoque
2451 4179 2759 4250 continget,
2786 4193 2850 4234 ac
2889 4192 2990 4234 nos
3031 4193 3219 4234 rursus
3259 4176 3605 4248 permittente
3656 4173 3788 4239 Deo,

2202 4275 2384 4330 visura
2408 4288 2468 4330 es
2497 4291 2511 4329 :
2539 4275 2647 4330 imo
2671 4287 2779 4330 non
2805 4273 3056 4341 fortasse,
3083 4272 3179 4329 sed
3203 4281 3351 4329 certo
3371 4288 3386 4326 :
3408 4285 3539 4328 cave
3553 4268 3788 4326 dubites.

2202 4365 2336 4422 Illud
2387 4367 2535 4423 enim
2574 4366 2669 4423 tibi
2713 4366 2767 4422 in
2809 4367 3125 4423 memoriam
3175 4365 3412 4437 redigam
3438 4405 3454 4430 ,
3491 4363 3634 4434 quod
3680 4377 3790 4417 non

2201 4466 2404 4514 temere
2425 4460 2542 4514 hac
2559 4456 2807 4525 dixerim,
2829 4472 2930 4514 nec
2949 4466 3002 4513 te
3022 4456 3211 4513 fallens
3234 4471 3297 4512 ac
3314 4453 3787 4512 clrcumscribens:

2200 4563 2388 4603 verum
2424 4562 2546 4619 qua
2578 4562 2720 4603 nunc
2760 4562 2859 4618 per
2901 4547 3086 4604 literas
3127 4547 3362 4618 accipis,
3392 4561 3456 4602 ea
3485 4559 3699 4617 quoque
3722 4545 3793 4600 de

2201 4640 2320 4696 viva
2344 4655 2478 4696 voce
2501 4649 2789 4711 exceptura
2833 4653 2913 4697 es.
2938 4639 3092 4710 Quod
3131 4641 3177 4696 si
3218 4641 3313 4696 tibi
3363 4654 3517 4695 mora
3563 4637 3788 4693 molesta

2201 4741 2303 4798 est,
2332 4731 2462 4788 illud
2489 4732 2685 4804 cogita,
2714 4747 2835 4789 eam
2863 4733 2958 4790 tibi
2987 4734 3210 4789 minime
3239 4731 3624 4788 infructuosam
3649 4731 3787 4795 l'orc,

2201 4837 2386 4877 verum
2409 4823 2679 4892 ingentem
2701 4824 3006 4880 mercedem
3031 4825 3312 4880 allaturam
3337 4837 3479 4891 esse,
3503 4824 3548 4878 si
3579 4822 3790 4892 patien-

2203 4913 2335 4968 tiam
2363 4913 2642 4984 adhibeas,
2669 4929 2770 4971 nec
2795 4914 3045 4971 acerbum
3077 4914 3243 4970 ullum
3265 4913 3486 4969 verbum
3517 4911 3790 4983 proferas,

2203 5007 2330 5077 quin
2358 5005 2534 5076 potius
2581 5004 2689 5062 hoc
2722 5020 2935 5077 quoque
2976 5007 3194 5062 nomine
3222 5006 3316 5060 Dei
3338 5005 3559 5076 gloriam
3589 5002 3792 5074 praedi-

2201 5113 2311 5166 ces,
2336 5107 2395 5152 ut
2421 5098 2580 5160 etiam
2621 5107 2878 5169 perpetuo
2919 5096 3093 5153 facis:
3130 5113 3301 5170 neque
3352 5099 3496 5153 enim
3536 5098 3789 5169 exiguum

2202 5205 2269 5247 ac
2302 5191 2421 5246 leve
2478 5189 2579 5245 hoc
2629 5199 2902 5245 certamen
2959 5199 3072 5251 est,
3105 5205 3289 5244 verum
3323 5191 3530 5257 ingens,
3562 5203 3627 5242 ac
3662 5201 3790 5258 per-

2202 5295 2360 5352 quam
2390 5289 2666 5336 strcnuum
2696 5284 2933 5335 animum
2980 5290 3322 5351 mentemque
3365 5278 3790 5349 philosophicam

2203 5373 2522 5443 requirens,
2573 5387 2766 5443 nempe
2816 5372 2975 5428 amici
3032 5372 3332 5444 digressum
3390 5381 3446 5426 et
3494 5369 3792 5426 absentiam

2203 5463 2368 5520 ferre.
2397 5463 2652 5534 Quisnam
2683 5463 2823 5520 istud
2850 5463 2966 5520 ait?
2993 5463 3051 5521 Si
3079 5463 3198 5535 quis
3224 5478 3408 5519 amare
3447 5465 3655 5517 sincere
3697 5476 3791 5516 nec

2202 5555 2350 5623 vit',
2375 5556 2419 5612 si
2456 5556 2576 5626 quis
2618 5557 2725 5612 vim
2766 5555 3005 5612 caritatis
3053 5555 3382 5625 exploratam
3433 5551 3789 5624 habet,un

2205 5640 2330 5701 dico
2350 5646 2614 5721 intelligit.
2642 5651 2722 5707 Ac
2767 5665 2836 5706 ne
2863 5649 2968 5706 huc
2991 5658 3152 5721 atque
3191 5649 3318 5707 illuc
3361 5649 3786 5714 obambulemus,

2266 5761 2283 5792 ¹
2313 5757 2662 5831 ῌωονιεί-ςπᾳὶε
2701 5771 2884 5831 {tutare
2909 5761 3090 5831 discere
3120 5760 3273 5831 novit,
3316 5763 3358 5811 si
3379 5779 3463 5831 ⁸της
3505 5762 3601 5831 eis:
3629 5763 3777 5823 φιλεῖν

2204 5825 2426 5889 γνησίως,
2451 5827 2499 5877 in
2524 5822 2670 5877 Edita
2687 5823 2910 5888 deerant,
2934 5824 3022 5875 sed
3043 5825 3094 5878 iu
3118 5822 3232 5875 Mss.
3259 5822 3486 5876 omnibus
3510 5822 3773 5874 habentur.
