4078 6426
261 392 371 450 567

332 516 385 566 e'.
414 507 555 562 Ἀλλ’
568 509 668 564 ἐπε
677 510 759 584 ιδή
775 510 884 566 ἀπὸ
907 512 1003 566 τοῦ
1016 512 1210 585 δνυχος
1224 511 1314 569 τὸν
1340 514 1530 570 λέοντα
1555 514 1693 581 τέως
1709 517 1843 572 ἐδεί-

252 596 451 668 ξαμεν,
479 598 575 652 zeal
600 596 763 652 τοῦτο
784 600 843 653 ἐν
873 600 1070 672 μέρει(
1089 599 1211 653 ούδέ
1231 599 1342 672 γάρ
1361 601 1524 655 τοῦτο
1537 602 1659 657 ὅλον
1674 604 1843 676 ἐπῆλ-

251 684 348 739 θόν
375 701 473 738 σου
501 685 871 757 κατόρθωμα·
902 685 1160 758 καθάπερ
1186 686 1295 760 γάρ
1331 687 1503 761 ἔφθην
1534 691 1726 757 είπὼν,
1761 694 1844 755 εἰς

247 771 322 826 τὰ
346 772 550 846 ἄπειρα
566 773 676 827 τῶν
700 774 876 828 ἀλλων
898 792 997 828 σου
1025 775 1474 848 κατορθωμάτων
1491 777 1709 833 δέδοικα
1726 781 1842 833 εἰσ-

248 859 428 914 ελθεῖν
484 861 734 932 πελάγηυ
779 861 960 926 ἄλλως
1006 863 1132 917 οὐδὲ
1165 863 1444 935 ἐγκώμιον
1489 865 1845 938 προεθέμεθα

247 946 347 1002 νῦν
386 950 567 1002 είπεῖν
594 951 694 1020 τῆς
724 951 891 1018 ἁγίας
931 967 1028 1004 σου
1055 950 1259 1022 ψυχῆς,
1307 951 1446 1006 ἀλλά
1484 954 1843 1026 παραμυθίας

242 1038 660 1091 κατασκευάσαι
675 1038 1014 1110 φάρμακον),
1039 1040 1174 1111 φέρε
1203 1041 1367 1095 πάλιν
1387 1041 1749 1114 ἀναλάϐωμεν
1771 1045 1841 1099 τά

243 1123 568 1196 ιμπροσθεν
621 1124 911 1197 εἰρημένα.
959 1126 1115 1180 Τίδέ
1143 1125 1458 1198 ἔμπροσθεν
1495 1130 1838 1202 εἰρήκαμεν;

256 1210 672 1280 ’Δπαλλαγεῖσα
699 1212 796 1266 τοῦ
822 1212 1140 1282 λογίζεσθαι
1161 1213 1218 1267 τί
1251 1215 1281 1267 6
1307 1214 1457 1268 δεῖνα
1477 1215 1717 1288 ἥμαρτε,
1744 1218 1839 1273 zeal

237 1299 298 1353 τί
334 1300 553 1355 ὀδεῖνα
579 1301 1042 1373 ἐπλημμέλησεν,
1092 1302 1267 1358 ἐννόει
1313 1319 1416 1356 ,σου
1457 1305 1586 1370 τοὺς
1638 1304 1838 1370 ἄθλους

237 1387 512 1458 διηνεκῶς
531 1388 635 1459 τῆς
651 1388 974 1461 καρτερίας,
994 1389 1097 1462 τῆς
1115 1389 1420 1462 ὑπομονῆς,
1443 1392 1545 1463 τῆς
1559 1393 1834 1463 νηστείας,

235 1474 350 1528 τῶν
381 1474 582 1546 εὐχῶν,
614 1475 724 1529 τῶν
757 1476 1100 1548 παννυχίδων
1130 1475 1242 1530 τῶν
1272 1476 1457 1550 ἰερῶν,
1497 1479 1598 1551 τῆς
1627 1481 1837 1552 ἐγκρα-

234 1562 412 1626 τείας,
444 1562 552 1633 τῆς
577 1561 973 1636 ἐλεημοσύνης,
1005 1561 1110 1634 τῆς
1147 1562 1476 1633 φιλοξενίας,
1511 1566 1623 1620 τῶν
1653 1567 1837 1621 ποικί-

232 1649 344 1704 λων
365 1649 466 1704 καὶ
494 1649 751 1720 χαλεπῶν
774 1651 869 1705 zeal
890 1650 1112 1706 πυκνῶν
1134 1649 1460 1723 πειρασμῶν
1475 1665 1523 1705 ι.
1552 1653 1833 1725 ’Δναλόγι-

234 1755 331 1792 σαι
348 1737 469 1804 πῶς
487 1740 555 1793 ἐκ
575 1737 801 1812 πρώτης
813 1738 1036 1810 ήλικίας
1060 1740 1168 1804 ἓως
1189 1741 1290 1812 τῆς
1310 1741 1595 1814 παρούσης
1615 1743 1833 1818 ἡμέρας

231 1825 339 1881 οὐκ
366 1826 598 1881 ἐπαύσω
629 1829 909 1900 τρέφουσα
940 1827 1212 1884 πεινῶντα
1231 1830 1324 1885 τὸν
1347 1830 1605 1903 Χριστὸν,
1626 1831 1832 1904 διψῶν-

231 1932 302 1970 τα
337 1916 664 1981 ποτίζουσα,
695 1916 908 1988 γυμνὸν
950 1916 1236 1984 ἐνδύουσα,
1293 1918 1447 1984 ξένον
1472 1919 1829 1992 .συνάγουσα,

230 2003 630 2075 ἀρρωστοῦντα
646 2004 1047 2074 ἐπισκοποῦσα,
1060 2006 1200 2078 πρὸς
1212 2007 1501 2079 δεδεμένον
1516 2009 1757 2064 ἀπιοῦσα
1774 2012 1827 2068 δ.

241 2090 535 2161 Ἐννόησόν
574 2107 669 2145 σου
717 2091 818 2163 τῆς
847 2092 1074 2164 ἀγάπης
1116 2092 1180 2147 τδ
1214 2093 1478 2164 πέλαγος,
1514 2095 1544 2150 6
1567 2097 1829 2155 τοσοῦτον

227 2178 506 2252 ήνέῳξας,
539 2199 616 2246 ως
649 2180 960 2254 πρόςάύτά
1001 2181 1106 2254 τῆς
1139 2183 1468 2258 οἰκουμένης
1499 2184 1571 2241 τά
1615 2185 1832 2260 πέρατα

231 2266 378 2337 μετά
405 2268 611 2338 πολλῆς
649 2267 942 2338 ἀφικέσθαι
972 2269 1071 2340 τῆς
1109 2269 1313 2343 ῥύμης.
1342 2272 1419 2327 Ού
1454 2273 1568 2346 γάρ
1599 2275 1635 2346 ή
1674 2276 1829 2332 οἰκία

228 2352 390 2427 [547]
431 2373 530 2409 σου
575 2356 740 2411 παντὶ
788 2356 1000 2411 ἐλθόντι
1061 2358 1309 2430 ήνέῳκτο
1347 2361 1530 2432 μόνον,
1554 2362 1691 2418 ἀλλά
1731 2367 1827 2421 zeal

227 2442 516 2513 πανταχοῦ
549 2443 652 2514 γῆς
682 2445 778 2498 καὶ
804 2444 1080 2518 θαλάττης
1106 2445 1295 2502 πολλοὶ
1325 2449 1535 2523 ταύτης
1574 2451 1826 2525 ἀπήλαυ-

225 2545 335 2614 σαν
376 2529 480 2599 τῆς
527 2530 842 2614 φιλοτιμίας
893 2531 984 2586 διά
1037 2533 1140 2605 τῆς
1175 2533 1504 2604 φιλοξενίας.
1546 2539 1735 2595 Ταῦτα
1759 2541 1825 2614 δή

225 2613 416 2667 πάντα
457 2613 788 2682 συνάγουσα,
828 2614 1013 2687 τρύφα
1042 2618 1138 2671 καὶ
1186 2618 1484 2690 εὐφραίνου
1523 2625 1592 2693 τῇ
1645 2624 1824 2679 ἐλπίδι

222 2701 339 2754 τῶν
372 2700 657 2770 στεφάνων
685 2701 892 2757 τούτων
919 2703 1015 2758 zeal
1039 2703 1153 2760 τῶν
1187 2704 1479 2778 βραϐείων.
1515 2710 1580 2764 Εἰ
1623 2709 1682 2764 δὲ
1723 2713 1822 2767 καὶ

221 2788 358 2851 τοὺς
380 2788 738 2860 παρανόμους
764 2789 1008 2858 τούτους,
1050 2792 1147 2848 zeal
1176 2794 1531 2868 αίμοϐόρους,
1562 2799 1658 2852 zeal
1691 2798 1824 2856 πολ-

221 2875 307 2947 λῷ
329 2875 542 2930 τούτων
581 2875 944 2950 χαλεπώτερα
976 2881 1394 2954 ἐργασαμένους
1421 2883 1711 2956 ἐπιθυμεῖς
1743 2887 1824 2942 δί-

220 2981 333 3035 κην
363 2963 610 3028 διδόντας
642 2964 790 3030 ἰδεῖν,
820 2964 941 3036 δψει
973 2969 1072 3022 zeal
1114 2968 1275 3024 τοῦτο
1301 2970 1445 3024 τότε.
1493 2971 1646 3027 Ἐπεὶ
1679 2975 1772 3029 zeal
1793 2977 1824 3030 6

220 3049 486 3123 Λάζαρος
523 3050 618 3107 τὸν
660 3050 916 3108 πλούσιον
968 3048 1112 3110 εῑδεν
1165 3054 1723 3128 άποτηγανιζόμενον.
1753 3062 1817 3117 Et

221 3139 339 3211 γὰρ
376 3141 473 3194 zeal
501 3141 531 3194 6
555 3138 722 3203 τόπος
771 3140 960 3205 αὐτοῖς
1012 3140 1268 3214 διώριστο
1311 3142 1401 3198 διά
1435 3144 1536 3215 τὴν
1574 3146 1670 3200 τοῦ
1702 3146 1820 3218 βίου

219 3231 518 3304 διαφορὰν,
545 3231 641 3285 zeal
667 3230 730 3286 τὸ
761 3233 895 3303 χάος
919 3233 1121 3297 αὐτοὺς
1141 3235 1402 3307 διεῖργεν,
1439 3239 1534 3292 zeal
1552 3241 1582 3293 6
1620 3239 1721 3312 μὲν
1752 3237 1822 3315 ῆν

221 3326 282 3379 ἐν
332 3326 445 3387 τοῖς
479 3324 701 3390 κόλποις
747 3323 842 3379 τοῦ
895 3325 1168 3398 Ἀϐραὰμ,
1197 3330 1225 3382 6
1257 3329 1314 3382 δέ
1343 3330 1401 3382 ἐν
1427 3333 1547 3395 ταῖς
1567 3334 1823 3404 καμίνοις

218 3419 346 3476 ca'e;
373 3416 674 3488 ἀφορήτοις
689 3432 704 3447 θ
723 3416 841 3470 ἀλλ’
868 3418 1018 3498 ὅμως
1041 3419 1137 3474 zeal
1152 3415 1291 3474 εἶδεν
1311 3422 1474 3477 αὑτὸν
1493 3425 1522 3476 6
1545 3424 1820 3498 Λάζαρος,

219 3509 321 3561 zeal
344 3507 530 3578 φωνῆς
549 3509 769 3580 ήκουσε,
793 3510 888 3563 zeal
912 3494 1267 3584 ἀπεκρίνατο.
1285 3515 1473 3570 Ταῦτα
1491 3516 1587 3571 zeal
1608 3494 1820 3573 ἐπὶ-σοῦ

219 3599 379 3652 ἔσται
412 3599 558 3655 τότε.
584 3601 648 3653 Et
675 3600 786 3672 γάρ
812 3602 842 3655 6
864 3600 964 3657 ῑνα
985 3603 1227 3676 παριδὼν
1247 3605 1534 3678 ἄνθρωπον
1565 3611 1822 3678 τοιαύτας

217 3687 409 3742 δίδωσι
453 3690 747 3760 τιμωρίας,
782 3689 880 3744 zeal
919 3689 998 3762 τῷ
1047 3693 1463 3750 σκανδαλίσαντι
1525 3697 1691 3753 πάλιν
1723 3692 1820 3756 ἕνα

217 3778 500 3845 λυσιτελὲς
531 3779 707 3852 μύλην
741 3782 1190 3855 ἐκκρεμασθῆναι
1218 3787 1362 3841 κατά
1399 3786 1495 3842 τοῦ
1518 3790 1817 3863 τραχήλου,

218 3871 318 3924 zeal
343 3873 428 3935 εἰς
461 3869 562 3942 τήν
590 3871 869 3927 θάλασσαν
903 3877 1441 3948 καταποντισθῆναι*
1470 3880 1522 3933 οἰ
1548 3883 1820 3956 τοσαύτην

216 3961 554 4032 οἰκουμένην
603 3963 1078 4031 σκανδαλίσαντες,
1131 3967 1227 4022 zeal
1281 3969 1553 4037 τοσαύτας
1587 3974 1821 4048 ἀνατρέ·

215 4052 422 4121 ψαντες
462 4052 814 4125 Ἐκκλησίας,
840 4057 934 4108 καὶ
967 4056 1148 4111 πάντα
1171 4057 1418 4130 θορύϐων
1438 4061 1533 4116 zeal
1571 4068 1819 4138 ταραχῆς

218 4145 626 4216 ἐμπλήσαντες,
655 4147 751 4200 zeal
788 4147 1002 4221 λῃστῶν
1031 4149 1129 4204 zeal
1169 4149 1462 4224 βαρϐάρων
1492 4159 1818 4230 νικήσαντες

217 4237 484 4309 ὠμότητα
521 4240 618 4292 καὶ
656 4240 1078 4313 ἀπανθρωπίαν,
1118 4246 1212 4299 zeal
1255 4245 1399 4302 οὕτω
1427 4250 1570 4303 κατά
1615 4251 1817 4323 κράτος

218 4329 690 4401 ἐκϐακχευθέντες
715 4331 820 4385 ὑπὸ
841 4332 934 4386 τοῦ
957 4337 1397 4406 στρατηγοῦντος
1416 4340 1602 4407 αὐτοῖς
1630 4343 1816 4400 διαϐό-

215 4421 313 4475 λου
349 4422 446 4475 καὶ
476 4422 587 4476 τῶν
631 4423 1040 4496 συνεργούντων
1086 4427 1271 4492 αὐτοῖς
1305 4430 1598 4502 δαιμόνων,
1630 4437 1707 4500 ὡς
1753 4438 1816 4492 τὸ

216 4515 448 4582 φρικτὸν
478 4512 642 4567 τοῦτο
666 4515 862 4586 δόγμα,
903 4516 996 4570 zeal
1027 4518 1339 4593 ἁγιωσύνης
1370 4523 1562 4594 γέμον,
1596 4529 1688 4582 καὶ
1721 4528 1815 4584 τοῦ

213 4603 512 4668 δεδωκότος
571 4604 740 4670 ἀξιον,
781 4609 1192 4677 καταγέλαστον
1240 4613 1335 4666 zeal
1396 4613 1672 4682 Ἰουδαίοις
1719 4622 1816 4675 καὶ

217 4698 449 4769 Ἕλλησι
482 4696 712 4767 ποιῆσαι
731 4701 812 4752 ὀἱ
845 4701 1046 4772 μυρίας
1076 4703 1481 4772 καταδύσαντες
1505 4708 1815 4780 ψυχάς,καὶ

219 4789 389 4860 μυρία
422 4788 661 4857 ναυάγια
698 4790 978 4862 πανταχοῦ
1012 4796 1113 4865 τῆς
1140 4795 1468 4870 οἰκουμένης
1498 4801 1813 4875 ἐργασάμε-

211 4897 318 4944 νοι,
353 4881 403 4933 οἰ
438 4879 711 4951 τοσαύτην
739 4883 1043 4951 ἀνάψαντες
1067 4886 1270 4956 πυρὰν,
1306 4889 1400 4942 καὶ
1433 4890 1495 4943 τὸ
1527 4892 1686 4964 σῶμα
1714 4892 1809 4949 τοῦ

214 4969 456 5041 Χριστοῦ
474 4971 781 5042 σχίσαντες,
818 4975 912 5027 zeal
937 4975 1005 5028 τά
1047 4977 1182 5048 μέλη
1201 4981 1367 5034 αὐτοῦ
1401 4984 1666 5056 πολλαχοῦ
1693 4990 1810 5044 δια-

217 5060 574 5131 σπείραντες·
623 5061 822 5131 ’Υμεῖς
871 5064 1002 5136 γὰρ,
1063 5068 1251 5136 φησὶν,
1281 5071 1425 5124 ἐστὲ
1454 5072 1628 5143 σῶμα
1669 5080 1808 5147 Χρι-

212 5151 387 5216 στοῦ,
418 5152 519 5205 καὶ
550 5151 708 5221 μέλη
743 5153 810 5207 ἐκ
836 5155 1081 5224 μέρους·
1122 5160 1322 5228 μᾶλλον
1344 5163 1401 5216 δὲ
1434 5165 1486 5217 τί
1515 5167 1809 5234 φιλονεικῶ

213 5244 566 5312 παοαστῆσαι
594 5244 694 5314 τὴν
717 5247 915 5314 μανίαν
951 5250 1151 5312 αὐτῶν,
1183 5254 1587 5328 ἐρμηνευθῆναι
1620 5264 1696 5335 μή
1723 5265 1810 5318 δυ-

212 5338 458 5406 ναμένην
480 5337 654 5404 λόγῳς
687 5337 858 5408 πόσην
880 5341 1058 5393 τοίνυν
1081 5342 1180 5394 οἴει
1210 5345 1610 5417 ὑποστήσεσθαι
1633 5370 1808 5425 τιμω-

216 5431 337 5497 ρίαν
383 5430 506 5482 τότε
555 5431 682 5493 τοὺς
734 5431 1018 5503 λυμεῶνας
1057 5435 1280 5501 τούτους
1311 5440 1405 5492 zeal
1443 5442 1806 5518 αίμοϐόρους;

213 5517 276 5570 Εἰ
304 5517 414 5589 γάρ
436 5520 486 5571 οί
509 5519 587 5589 μὴ
621 5519 923 5591 θρέψαντες
954 5525 1227 5581 πεινῶντα
1259 5529 1351 5582 τὸν
1379 5532 1635 5603 Χριστὸν,
1667 5543 1808 5607 μετά

210 5608 304 5662 τοῦ
335 5609 580 5664 διαϐόλου
630 5613 1080 5678 καταδικάζονται
1114 5617 1192 5690 τῷ
1225 5622 1358 5692 πυρὶ
1402 5623 1480 5694 τῷ
1517 5626 1766 5699 ἀσϐέστῳ
1788 5648 1801 5663 ο

274 5810 300 5886 ξ
321 5807 480 5886 rI‘i'de‘r‘n
494 5813 725 5886 ,χαλεπῶν
736 5816 955 5886 Δσυνεχῶν
974 5818 1266 5886 πειρασμῶν.

271 5867 300 5909 δ
321 5872 401 5922 Sic
421 5867 623 5925 Cois'lin.
645 5882 804 5924 recte.
828 5867 955 5931 Εῧὶι.
981 5867 1341 5943 πρόσδέδεμένῳ
1363 5883 1676 5934 σνναπιοῦσα.

1706 397 2092 461 ΕΡΙΒΪΟιῶ.

3433 414 3539 471 6.68

1950 523 2000 575 οῖ
2035 522 2131 577 zeal
2163 523 2308 596 λιμῷ
2344 523 2679 596 παραδόντες
2730 528 2987 600 μοναχῶν
3012 530 3110 585 zeal
3135 529 3418 602 παρθένων
3450 552 3544 608 χο-

1949 623 2099 694 ροὺς,
2129 626 2226 679 zeal
2254 625 2640 699 ἐνδεδυμένους
2679 628 3093 700 γυμνώσαντες,
3121 630 3219 686 zeal
3253 632 3440 702 ξένους
3463 637 3546 692 δν-

1949 739 2050 785 τας
2080 723 2142 777 ού
2172 724 2334 795 μόνον
2361 728 2438 797 μὴ
2464 729 2892 798 συναγαγόντες,
2922 731 3060 786 ἀλλά
3096 735 3194 787 καὶ⁵
3223 734 3542 802 ἐλάσαντες,

1945 823 2041 876 καὶ
2055 823 2479 896 ἀρρωστοῦντας
2507 828 2571 882 ού
2608 828 2773 899 μόνον
2798 831 2901 885 οὐκ
2928 833 3379 907 ἐπισκεψάμενοι,
3406 837 3546 894 ἀλλά

1943 925 2039 979 zeal
2056 926 2336 982 ἐπιπλεῖον
2369 928 2787 1000 συντρίψαντες,
2817 934 2915 988 zeal
2941 934 3005 988 ού
3038 937 3200 1007 μόνον
3224 938 3543 1011 δεδεμένους

1940 1026 2045 1080 οὐκ
2088 1026 2306 1093 ἰδόντες,
2340 1027 2478 1082 ἀλλά
2520 1034 2616 1086 zeal
2653 1032 2986 1104 λελυμένους
3043 1039 3126 1104 είς
3162 1037 3542 1111 δεσμωτήριον

1942 1131 2469 1199 παρασκευάσαντες
2521 1138 2887 1209 ἐμϐαλέσθαι,
2935 1139 3192 1211 ἐννόησον
3233 1140 3370 1212 ὀσην
3408 1141 3542 1194 ὑπο.

1942 1232 2233 1304 στήσονται
2262 1237 2558 1311 τιμωρίαν.
2587 1239 2722 1293 Τότε
2741 1240 2924 1295 τοίνυν
2944 1240 3064 1312 ὄψει
3104 1241 3305 1306 αὐτοὺς
3331 1242 3539 1313 ἀποτη-

1939 1333 2364 1407 γανιζομένους,
2435 1340 2932 1411 κατακαιομένους,
3002 1340 3347 1413 δεδεμένους,
3413 1345 3539 1408 τοὺς

1937 1433 2159 1499 ὀδόντας
2191 1434 2516 1508 βρύχοντας,
2552 1438 3010 1512 ὀλοφυρομένους,
3041 1442 3280 1515 ἀνόνητα
3305 1444 3491 1499 λοιπὸν
3510 1456 3535 1486 σ

1937 1533 2296 1607 θρηνοῦντας,
2325 1538 2422 1593 zeal
2449 1539 2708 1613 ἀνωφελῆ
2736 1541 3139 1610 μετανοοῦντας
3172 1545 3270 1600 καὶ
3300 1546 3540 1618 ἀκῳδῆ,

1933 1635 2192 1710 καθάπερ
2222 1640 2252 1692 6
2277 1637 2535 1704 πλούσιος
2581 1641 2814 1705 ἐκεῖνος.
2853 1641 3119 1712 Ὄψονται
3161 1659 3222 1697 σε
3261 1644 3356 1699 zeal
3387 1637 3540 1701 οῦτοι

1934 1737 2100 1794 πάλιν
2134 1739 2194 1792 ἐν
2225 1741 2292 1812 τῇ
2325 1739 2573 1813 μακαρίᾳ
2597 1741 2751 1814 λήξει
2780 1742 2967 1814 ἐκείνῃ
2987 1743 3536 1818 στεφανηφοροῦσαν,

1935 1839 2078 1912 μετά
2097 1841 2206 1896 τῶν
2225 1841 2478 1910 ἀγγέλων
2513 1843 2871 1916 χορεύουσαν,
2891 1842 2974 1918 τῷ
3001 1843 3226 1919 Χριστῷ
3259 1848 3533 1919 συμϐασι-

1931 1937 2220 2005 λεύουσαν,
2255 1939 2353 1995 zeal
2393 1940 2683 2013 βοήσονται
2722 1942 2895 1997 πολλά
2918 1945 3016 1998 zeal
3043 1945 3402 2018 θρηνήσουσι,
3435 1966 3536 2019 με·

1929 2042 2369 2112 ταγινώσκοντες
2412 2045 2500 2114 ἐφ’
2523 2037 2607 2108 οἷς
2649 2047 2732 2110 εἰς
2760 2046 2822 2100 σε
2856 2046 3199 2119 παρῴνησαν
3215 2048 3267 2113 ἀ,
3296 2051 3393 2104 zeal
3415 2052 3532 2106 ἰκεο

1927 2142 2129 2216 τηρίαν
2168 2159 2252 2197 σοι
2300 2145 2709 2215 προστιθέντες,
2739 2148 2836 2201 zeal
2884 2149 3034 2203 ἐλέου
3063 2153 3408 2224 μεμνημένοι
3436 2155 3533 2212 καὶ

1930 2244 2371 2317 φιλανθρωπίας,
2406 2247 2507 2301 καὶ
2539 2248 2695 2304 οὐδὲν
2723 2249 2880 2305 ἔσται
2919 2250 3086 2307 πλέον
3119 2254 3327 2320 αὐτοῖς.

2003 2345 2158 2422 [548]
2180 2347 2271 2402 ια’.
2286 2346 2474 2404 Ταῦτα
2490 2345 2588 2404 οῦν
2616 2349 2836 2405 ᾶπαντα
2853 2352 3182 2425 λογιζομένη
3205 2354 3370 2426 έπᾳδε
3407 2372 3536 2410 συν-

1927 2449 2070 2523 εχῶς
2100 2467 2196 2507 σου
2221 2453 2290 2525 τῇ
2315 2451 2484 2525 ψυχῇ,
2517 2444 2614 2507 zeal
2641 2454 2742 2526 τὴν
2765 2455 2952 2509 κονίαν
2982 2455 3077 2528 (al.
3111 2455 3286 2528 κόνιν)
3320 2457 3534 2533 ταύτην

1926 2551 2283 2608 διασκεδάσαι
2331 2555 2561 2629 δυνήσῃ.
2607 2556 2826 2630 Ἐπειδὴ
2873 2557 2931 2612 δὲ
2982 2561 3080 2613 καὶ
3108 2559 3299 2633 ἕτερόν
3321 2562 3438 2617 ἐστι
3465 2563 3533 2621 τὸ

1929 2653 2170 2728 μάλιστά
2190 2673 2251 2710 σε
2272 2655 2496 2723 ὀδυνῶν,
2522 2657 2599 2723 ώς
2626 2657 2805 2729 εγωγε
2827 2655 3005 2732 οἶμαι,
3047 2663 3185 2735 φέρε
3229 2664 3324 2718 zeal
3351 2664 3532 2738 τούτῳ

1923 2755 2003 2828 τῷ
2026 2755 2274 2828 λογισμῷ
2304 2759 2811 2832 κατασκευάσωμεν
2833 2761 2896 2817 τδ
2925 2762 3219 2836 φάρμακον
3248 2765 3386 2838 μετά
3417 2767 3528 2821 τῶν

1924 2858 2235 2929 εἰρημένων
2249 2859 2346 2912 zeal
2359 2859 2398 2914 ἀ
2409 2858 2507 2913 νῦν
2523 2859 2780 2932 ἐροῦμεν.
2801 2863 2916 2917 Kal
2935 2865 3044 2936 γὰρ
3071 2859 3226 2938 οἶμαι
3247 2885 3310 2921 σε
3339 2868 3533 2938 ἀλγεῖν

1923 2958 1985 3012 οὐ
2012 2957 2104 3013 διὰ
2133 2957 2311 3012 ταῦτα
2336 2959 2520 3030 μόνον,
2563 2960 2704 3017 ἀλλά
2726 2963 2825 3017 καὶ
2855 2963 2946 3019 διά
2983 2965 3045 3020 τὺ
3062 2969 3403 3041 κεχωρίσθαι
3426 2970 3532 3042 τῆς

1922 3060 2202 3125 οὑδενείας
2235 3061 2336 3132 τῆς
2365 3061 2666 3134 ἡμετέρας,
2701 3065 2798 3119 zeal
2825 3064 2988 3120 τοῦτο
3006 3067 3273 3140 διηνεκῶς
3305 3071 3530 3143 θρηνεῖν
3643 3089 3647 3094 ·

1927 3180 2010 3228 σε,
2062 3164 2160 3218 zeal
2204 3164 2343 3236 πρὸς
2382 3164 2634 3229 ἅπαντας
2674 3165 2891 3236 λέγειν·
2935 3171 3053 3224 Οὐκ
3107 3171 3383 3245 ἀκούομεν
3425 3175 3532 3246 τῆς

1923 3264 2175 3337 γλώττης
2223 3266 2464 3338 ἐκείνης,
2499 3267 2623 3322 οὐδὲ
2649 3268 3003 3342 ἀπολαύομεν
3025 3273 3126 3345 τῆς
3158 3276 3426 3348 συνήθους
3452 3279 3529 3332 δι·

1922 3369 2242 3435 δασκαλίας,
2273 3368 2398 3423 ἰλλά
2416 3371 2476 3423 ἐν
2505 3369 2652 3442 λιμῷ
2685 3374 3228 3448 κατακεκλείσμεθαο
3264 3380 3358 3433 zeal
3388 3381 3534 3452 ὅπερ

1921 3468 2222 3540 ἠπείλησεν
2279 3470 2309 3522 ὀ
2365 3469 2501 3534 Θεὸς
2549 3473 2664 3536 τοῖς
2696 3472 2975 3546 Ἑϐραίοις
3022 3478 3170 3541 τότε,
3222 3478 3382 3534 τοῦτο
3431 3482 3530 3535 νῦν

1923 3571 2295 3644 ὑπομένομεν,
2317 3574 2380 3627 οὐ
2410 3573 2571 3645 λιμὸν
2607 3575 2801 3647 ἀρτου,
2817 3577 2940 3632 ούδέ
2963 3579 3123 3650 δίψαν
3141 3580 3354 3648 ὓδατος,
3388 3583 3529 3639 ἀλλά

1920 3673 2083 3745 λιμὸν
2117 3674 2268 3738 θείας
2299 3675 2672 3740 διδασκαλίας.
2706 3677 2773 3730 Τί
2803 3675 2898 3733 οῦν
2947 3682 3113 3751 ήμεῖς
3163 3661 3302 3755 πρδς
3350 3685 3528 3748 ταῦτα

1921 3773 2189 3846 ἐροῦμεν;
2228 3775 2353 3829 Ὀτι
2389 3775 2628 3846 μάλιστα
2670 3777 2770 3848 μὲν
2819 3778 3003 3845 ἔξεστί
3034 3798 3117 3835 σοι
3147 3784 3244 3837 zeal
3274 3785 3528 3843 ἀπόντων

1920 3875 2084 3947 ήμῶν
2111 3876 2322 3947 ὀμιλεῖν
2345 3879 2459 3940 τοῖς
2485 3875 2717 3946 βιϐλίοις
2739 3881 2853 3944 τοῖς
2880 3882 3194 3954 ἡμετέροις.
3229 3887 3342 3940 Kal
3361 3889 3527 3960 ἡμεῖς

1919 3979 1979 4034 δέ
2001 3979 2238 4051 σπουδὴν
2272 3981 2638 4053 ποιησόμεθα,
2669 3982 2738 4036 ἂν
2759 3985 3217 4058 ὲπιτυγχάνωμεν
3256 4005 3524 4063 γράμμα.

1919 4080 2200 4152 τηφόρων,
2228 4083 2473 4153 συνεχεῖς
2519 4100 2602 4136 σοι
2641 4085 2738 4138 zeal
2759 4085 2972 4150 πυκνὰς
3005 4089 3103 4141 zeal
3126 4090 3344 4163 μακρὰς
3377 4093 3526 4164 πέμ-

1920 4196 2046 4233 πειν
2075 4181 2387 4246 ἐπιστολάς.
2411 4182 2476 4235 Εἰ
2505 4183 2561 4236 δέ
2595 4185 2691 4238 zeal
2719 4186 2870 4256 παρά
2901 4185 3085 4259 ζώσης
3116 4190 3306 4260 φωνῆς
3340 4190 3521 4261 βούλει

1917 4279 1987 4334 τά
2030 4281 2163 4354 παρ’
2201 4282 2358 4353 ήιιῶν
2411 4283 2653 4349 ἀκούειν,
2706 4287 2837 4351 ῐσως
2884 4290 2977 4342 zeal
3026 4290 3186 4344 τοῦτο
3213 4291 3390 4359 ἔσται,
3428 4298 3524 4351 zeal

1917 4378 2070 4448 ἡμᾶς
2109 4375 2236 4446 ὕψει
2263 4379 2450 4445 πάλιν,
2485 4381 2578 4434 τοῦ
2606 4382 2742 4435 Θεοῦ
2768 4384 3168 4455 ἐπιτρέποντος
3189 4403 3200 4416 ”
3231 4389 3439 4459 μᾶλλον
3463 4392 3522 4448 δέ

1917 4474 2020 4528 οὐκ
2057 4473 2210 4539 ίσως,
2234 4475 2376 4529 ἀλλά
2411 4477 2506 4531 zeal
2537 4477 2706 4549 μηδὲν
2735 4479 3070 4549 ἀμφίϐαλλε.
3102 4483 3520 4559 Ἀναμνήσομεν

1917 4571 2028 4643 γάρ
2058 4587 2118 4624 σε
2150 4569 2233 4626 δτι
2254 4573 2359 4626 οὐκ
2383 4573 2504 4643 είκῆ
2536 4573 2709 4628 ταῦτα
2751 4577 3083 4648 είρήκσμεν,
3105 4579 3225 4633 οὐδὲ
3259 4583 3517 4640 ἀπατῶνο

1915 4668 2008 4741 τές
2029 4685 2111 4734 σε,
2151 4669 2250 4723 zeal
2289 4670 2813 4742 παραλογιζόμενοι,
2848 4673 2987 4728 ἀλλά
3021 4677 3118 4729 zeal
3151 4679 3302 4750 παρά
3326 4680 3515 4754 ζώσης

1914 4766 2129 4837 ἀκούσῃ
2159 4768 2345 4838 φωνῆς
2381 4767 2418 4822 δ.
2455 4768 2544 4822 διὰ
2583 4769 2692 4823 τῶν
2722 4772 3074 4842 γραμμάτων
3112 4773 3230 4831 νῦν.
3267 4778 3329 4831 Εἰ
3371 4777 3430 4834 δέ
3481 4783 3514 4853 ή

1917 4862 2182 4934 μέλλησις
2230 4878 2290 4915 σε
2324 4859 2502 4929 λυπεῖ,
2532 4866 2788 4938 ἐννόησον
2818 4867 2902 4921 ὃτι
2926 4868 3048 4922 οὐδὲ
3095 4871 3237 4942 αῦτη
3279 4874 3516 4948 ἀκερδής

1915 4974 1999 5011 σοι
2019 4958 2251 5027 γίνεται,
2281 4959 2422 5015 ἀλλά
2463 4961 2631 5014 πολὺν
2660 4962 2798 5016 οἴσει
2838 4980 2920 5018 σοι
2958 4965 3051 5020 τὸν
3095 4967 3288 5037 μισθὸν
3323 4987 3520 5042 καρτε·

1916 5051 2108 5125 ρούσῃ,
2137 5055 2232 5108 zeal
2264 5055 2433 5128 μηδὲν
2473 5057 2783 5129 ἐκφερούσῃ
2819 5060 3021 5130 πικρὸν
3049 5063 3224 5132 ῥῆμα,
3248 5064 3385 5118 ἀλλά
3417 5068 3512 5120 zeal

1912 5149 2054 5220 ὑπὲρ
2084 5148 2292 5204 τούτων
2338 5151 2434 5206 τὸν
2489 5151 2622 5206 Θεὸν
2666 5154 2998 5228 δοξαζούσῃ,
3029 5156 3058 5209 6
3092 5157 3155 5229 δὴ
3184 5161 3279 5214 zeal
3329 5161 3514 5216 διατε-

1910 5245 2078 5301 λοῦσα
2116 5250 2320 5312 ποιεῖς·
2367 5248 2490 5302 οὐδὲ
2512 5250 2621 5320 γάρ
2651 5252 2848 5322 μικρὸς
2869 5246 3026 5318 οὗτος
3044 5250 3229 5322 ἆθλος,
3249 5257 3386 5314 ἀλλά
3419 5264 3512 5316 zeal

1912 5343 2118 5414 σφόδρα
2139 5344 2399 5416 νεανικῆς
2422 5343 2674 5415 δεόμενος
2716 5347 2917 5418 ψυχῆς,
2951 5351 3047 5403 zeal
3075 5352 3366 5423 φιλοσόφου
3393 5357 3511 5411 δια-

1909 5440 2078 5504 νοίας,
2110 5440 2254 5495 ὥστε
2285 5443 2662 5512 ἀγαπωμένης
2700 5443 2878 5524 ψυχῆς
2911 5446 3158 5515 ἐνεγκεῖν
3205 5453 3506 5524 χωρισμόν.

1909 5535 2006 5599 Τίς
2036 5535 2210 5590 ταῦτά
2231 5553 2432 5607 φησιν;
2462 5537 2533 5590 Et
2567 5555 2651 5601 τις
2683 5518 2791 5592 οἶδε
2819 5540 2997 5609 φιλεῖν
3023 5518 3262 5615 γνησίως
3277 5518 3301 5613 ,Ἰ
3344 5518 3401 5604 εί
3420 5568 3508 5616 τις

1908 5631 2199 5686 ἐπίσταται
2234 5631 2466 5702 δύναμιν
2499 5634 2742 5705 ἀγάπης,
2793 5631 2932 5690 οἶδεν
2964 5636 2993 5690 6
3034 5637 3198 5709 λέγω.
3248 5643 3387 5700 Ἀλλ’
3418 5647 3506 5703 (va

1969 5835 1993 5901 (ξ
2020 5832 2143 5901 Tres
2167 5847 2281 5882 mss.
2306 5836 2510 5901 ᾲνὸνςητα
2528 5837 2713 5901 λοιπόν.
2739 5837 2870 5892 Εᾱίιί
2895 5839 3123 5901 ἀνόνητον

1969 5892 1995 5932 ἀ
2017 5894 2128 5945 Duo
2150 5909 2266 5946 mss.
2291 5899 2355 5955 εἰς
2379 5892 2444 5947 σε
2458 5898 2782 5962 διεπράξαντο.
