4078 6438
622 376 725 433 569

625 490 702 562 μὴ
722 491 1018 562 περιιόντες
1050 489 1302 560 ζητῶμεν
1334 491 1459 554 τοὺς
1486 491 1725 562 γνησίως
1758 489 2046 562 ’φιλοῦντας
2063 488 2179 558 (καὶ

624 579 732 648 γάρ
769 578 992 632 σπάνιον
1029 577 1231 646 τοῦτο),
1272 576 1570 648 δράμωμεν
1634 579 1727 631 ἑπί
1770 577 1860 630 τὸν
1913 574 2179 644 μακάριον

623 663 855 727 Παῦλον,
885 665 1136 726 κάκεῖνος
1164 664 1297 732 ἡμῖν
1313 663 1429 732 ἑρεῖ
1443 661 1627 732 ήλίκος
1655 655 1809 725 οὗτος
1836 663 1865 713 ὀ
1892 655 2181 725 ἇθλος,καὶ

620 747 814 819 ήλίκης
837 748 1088 818 δεόμενος
1130 747 1328 818 ψυχῆς.
1358 740 1528 811 Οὗτος
1552 749 1662 818 γὰρ
1689 749 1717 800 ό
1749 746 1980 811 Παῦλος,
2028 749 2058 800 ὀ
2089 745 2182 798 καὶ

623 836 797 906 σάρκα
823 835 1245 904 ἀποδυσάμενος,
1282 835 1391 911 ,καὶ
1418 833 1480 887 τὸ
1509 833 1667 903 σῶμα
1697 832 2050 903 ἀποθέμενος,
2087 833 2182 886 καὶ

619 922 796 992 γυμνῇ
846 921 1029 990 σχεδὸν
1052 921 1151 990 τὴν
1184 919 1506 991 οἰκουμένην
1538 917 1764 988 περιιὼν
1792 920 1856 988 τῇ
1885 918 2053 988 ψυχῇ,
2089 918 2183 971 καὶ

619 1009 728 1060 πᾶν
754 1007 922 1070 πάθος
961 1007 1206 1078 ἑξορίσας
1233 1007 1329 1077 τῆς
1351 1005 1603 1068 διανοίας,
1630 1006 1724 1058 καὶ
1755 1003 1863 1057 τῶν
1877 1005 2183 1074 ἀσωμάτων

617 1093 898 1163 δυνάμεων
921 1092 1019 1164 τὴν
1063 1091 1329 1146 ἀπάθειαν
1355 1089 1709 1161 μιμούμενος,
1735 1088 1828 1142 καὶ
1852 1087 1949 1159 τὴν
1979 1089 2082 1160 γῆν
2105 1088 2181 1150 ὼς

614 1186 842 1256 οὐρανὸν
869 1185 1052 1249 οἰκῶν,
1092 1185 1186 1238 καὶ
1220 1185 1356 1254 μετά
1383 1183 1490 1236 τῶν
1523 1183 1787 1254 χερουσίμ
1837 1181 2007 1246 ἑστὼς
2042 1183 2174 1248 ἀνω,

615 1275 708 1328 καὶ
733 1275 828 1346 τῆς
852 1275 1116 1344 μυστικῆς
1143 1273 1356 1344 ἑκείνης
1391 1272 1654 1343 μελῳδίας
1672 1272 1854 1336 αὐτοῖς
1882 1271 2172 1332 κοινωνῶν,

612 1365 683 1418 τά
715 1365 812 1436 μὲν
833 1365 968 1419 ἀλλα
1017 1366 1194 1420 πάντα
1222 1365 1420 1436 ῥᾳδίως
1455 1363 1669 1435 έφερεν,
1702 1363 1778 1427 ὡς
1823 1366 1881 1416 ἑν
1909 1362 2175 1433 ἀλλοτρίῳ

613 1457 837 1527 πάσχων
879 1455 1110 1527 σώματι,
1151 1456 1246 1510 καὶ
1285 1455 1634 1527 δεσμωτήρια
1674 1455 1767 1508 καί⁵
1817 1454 2051 1518 ἁλύσεις,
2081 1454 2176 1507 καὶ

613 1545 912 1614 ἀπαγωγάς
957 1547 1050 1600 καὶ
1081 1546 1372 1616 μάστιγας,
1395 1544 1488 1598 καὶ
1518 1543 1748 1608 ἀπειλὰς
1793 1543 1888 1597 καὶ
1929 1542 2175 1609 θάνατον,

611 1636 789 1691 καὶτὸ
815 1634 1206 1690 καταλεύεσθαι
1227 1647 1279 1700 ι,
1305 1636 1398 1689 καὶ
1427 1635 1491 1688 τὸ
1541 1631 2050 1698 καταποντίζεσθαι,
2080 1635 2175 1687 καὶ

612 1726 722 1779 πᾶν
748 1724 1019 1788 κολάσεως
1033 1719 1192 1790 εἶδος.
1217 1726 1364 1789 Md;
1383 1724 1440 1780 δὲ
1461 1723 1642 1795 ψυχῆς
1657 1722 2025 1795 ἀγαπωμένης
2043 1725 2176 1796 παρ’

609 1814 775 1870 αὐτοῦ
803 1814 1110 1886 χωρισθεὶς,
1135 1814 1278 1869 οὕτω
1298 1815 1563 1887 συνεχύθη
1594 1814 1686 1868 καὶ
1714 1813 2067 1886 διεταράχθη,
2093 1815 2173 1880 ὼς

609 1903 812 1968 εὐθέως
840 1906 936 1958 καὶ
974 1904 1074 1976 τῆς
1117 1904 1322 1970 πόλεως
1365 1905 1738 1976 ἀποπηδῆσαι,
1757 1906 1815 1959 έν
1907 1906 1998 1959 τὸν
2019 1904 2170 1979 [ὅόθ]

606 1994 966 2067 ἀγαπώμενον
990 1996 1301 2068 προσδοκῶν
1338 1996 1465 2052 ἰδεῖν
1504 1997 1603 2070 οὐχ
1626 1991 1802 2071 εὗρεν.
1853 1999 1962 2052 Καὶ
1996 1997 2172 2052 ,ταῦτα

605 2087 756 2160 αὐτῷ
784 2088 1074 2162 σύνοιδενή
1113 2089 1324 2161 Τρωάς,
1361 2093 1394 2162 ή
1433 2090 1523 2144 διά
1569 2089 1724 2145 τοῦτο
1753 2090 2173 2161 καταλειφθεῖσα

609 2181 736 2252 παρ’
761 2178 949 2245 αὐτοῦ,
983 2180 1170 2252 έπειδή
1209 2181 1308 2234 οὐκ
1349 2181 1505 2252 ισχεν
1543 2181 1808 2246 ἐπιδεῖξαι
1857 2181 2008 2254 αὐτῷ
2047 2183 2170 2237 τότε

565 2257 831 2324 ’ἑκείνον.
876 2270 1102 2324 Ἐλθὼν
1148 2271 1279 2342 γὰρ,
1327 2271 1511 2342 φησὶν,
1540 2273 1630 2336 εἰς
1684 2271 1938 2340 Τρωάδα,
1977 2273 2065 2336 είς
2102 2271 2169 2325 τὸ

607 2362 969 2432 Εὐαγγέλιον
989 2361 1094 2416 τοῦ
1114 2360 1388 2429 Χριστοῦ,
1427 2361 1525 2415 καί
1554 2363 1735 2431 θύρας
1753 2379 1854 2432 μοι
1880 2361 2168 2432 ἀνεῳγμέ-

601 2468 715 2520 νης
742 2451 813 2505 ἐν
836 2451 1050 2522 Κυρίῳ,
1088 2453 1200 2506 οὐκ
1241 2450 1477 2521 ἔσχηκα
1523 2452 1738 2508 άνεσιν
1765 2452 1847 2520 τῷ
1879 2455 2172 2525 πνεύματί

596 2559 738 2613 μου,
775 2541 856 2608 τῷ
887 2543 973 2613 μὴ
1023 2543 1222 2612 εὑρεῖν
1248 2560 1327 2614 με
1386 2545 1556 2600 Τίτον
1601 2545 1708 2600 τὸν
1740 2544 2008 2616 άδελφόν
2026 2564 2167 2616 μου,

529 2629 538 2636 ’
600 2632 762 2687 ἀλλὰ
804 2633 1254 2704 ἀποταξάμενος
1292 2635 1516 2703 αὐτοῖς,
1558 2633 1821 2705 ἐξῆλθον
1864 2640 1952 2704 εἰς
1984 2639 2164 2692 Μακε-

597 2722 826 2780 δονίαν.
859 2724 925 2776 Τί
970 2725 1148 2790 τούτο,
1177 2720 1221 2780 ὧ
1256 2725 1470 2793 Παῦλε;
1519 2727 1673 2799 Ξύλῳ
1727 2729 1825 2800 μὲν
1855 2728 2162 2800 δεδεμένος,

598 2815 692 2868 καὶ
736 2816 1103 2888 δεσμωτήριον
1141 2817 1326 2882 οἰκῶν,
1359 2819 1452 2872 καὶ
1489 2819 1760 2890 μάστιγας
1799 2820 1938 2892 έχων
1967 2823 2170 2876 έπικειο

600 2905 788 2976 μένας,
855 2909 949 2961 καὶ
997 2908 1068 2962 τά
1113 2908 1259 2964 νῶτα
1303 2909 1501 2981 αἵμασι
1555 2913 2004 2984 περιρρεόμενος,
2074 2915 2168 2969 καὶ

599 3000 1029 3070 ἑμυσταγώγεις,
1055 3003 1146 3056 καὶ
1178 3003 1484 3069 ἑδάπτιζες,
1515 3005 1608 3058 καὶ
1642 3003 1832 3059 θυσίαν
1864 3007 2163 3077 προσῆγες,

596 3093 692 3145 καὶ
717 3093 835 3156 ἑνὸς
864 3094 926 3146 οὐ
957 3095 1362 3167 κατεφρόνησας
1412 3096 1696 3167 μέλλοντος
1744 3095 2033 3161 σώζεσθαι⁸
2085 3101 2166 3163 εἰς

592 3182 650 3236 δὲ
678 3182 774 3253 τὴν
796 3183 1023 3254 Τρωάδα
1053 3184 1242 3250 ἑλθὼν,
1282 3189 1369 3242 καί
1412 3189 1512 3259 τήν
1565 3189 1802 3263 ἄρουραν
1840 3193 1982 3263 ὀρῶν
2015 3195 2164 3247 ἑκκε-

593 3273 963 3346 καθαρμένην,
997 3277 1090 3330 καὶ
1123 3277 1346 3350 ἑτοίμην
1380 3275 1546 3333 οὖσαν
1593 3280 1661 3335 τά
1712 3281 2000 3354 σπέρματα
2031 3285 2162 3338 ὑπο-

589 3363 867 3428 δέξασθαι,
903 3367 997 3420 καὶ
1019 3365 1116 3438 τὴν
1168 3368 1353 3423 ἀλείαν
1385 3370 1847 3442 πεπληρωμένην,
1903 3373 1997 3428 καὶ
2039 3376 2162 3428 πολ-

592 3453 690 3524 λὴν
725 3455 1070 3526 παρέχουσαν
1096 3475 1176 3511 σοι
1205 3460 1304 3530 τὴν
1337 3460 1605 3521 εὐκολίαν,
1633 3462 1886 3516 τοσοῦτον
1931 3463 2158 3535 ἔρριψας

591 3547 700 3599 ἀπὸ
725 3547 833 3600 τῶν
866 3548 1061 3618 χειρῶν
1096 3549 1301 3620 κέρδος,
1333 3552 1408 3613 ώς
1458 3553 1552 3604 καὶ
1600 3551 1688 3606 διά
1719 3552 1878 3607 τοῦτο
1916 3565 2159 3627 παραγε-

592 3637 814 3708 νόμενος
845 3640 1102 3708 (Ἐλθὼν
1137 3639 1264 3712 γὰρ,
1309 3643 1491 3712 φησὶν,
1523 3645 1609 3710 είς
1643 3645 1748 3712 τὴν
1803 3647 2034 3715 Τρωάδα
2069 3653 2156 3716 είς

591 3728 658 3780 τὸ
690 3729 1074 3798 Εὑαγγέλιον,
1109 3732 1255 3786 τοῦτ’
1284 3732 1418 3792 ἔστι,
1444 3735 1531 3788 διά
1576 3737 1637 3790 τὸ
1663 3739 2034 3810 Εὐανγέλιον),
2063 3743 2156 3796 καὶ

585 3815 796 3879 οὐδενὸς
827 3819 1234 3884 ἀντιπίπτοντος
1261 3823 1474 3891 (Θύρας
1518 3827 1626 3896 γάρ
1666 3845 1791 3896 μοι,
1830 3831 2013 3898 φησὶν,
2053 3831 2156 3885 άν-

586 3908 929 3976 εῳγμένης).
964 3913 1323 3983 ἀπεπήδησας
1369 3917 1603 3981 εὐθέως;
1636 3919 1762 3980 Ναὶ,
1793 3919 1956 3989 φησί’
1987 3920 2154 3993 πολλῇ

585 4000 692 4070 γὰρ
722 4002 1054 4072 κατεσχέθην
1087 4004 1322 4075 ἀθυμίας
1354 4009 1646 4078 τυραννίδι,
1696 4011 1789 4063 καὶ
1817 4011 2021 4082 σφόδρα
2052 4031 2153 4082 μου

587 4092 806 4161 συνέχεε
857 4094 955 4162 τήν
1002 4094 1304 4166 διάνοιανή
1346 4099 1506 4150 Τίτου
1557 4100 1813 4160 ἀπουσία.
1869 4103 1960 4154 καὶ
2010 4103 2153 4157 οὕτω

589 4200 688 4252 μου
724 4184 994 4254 ἐκράτησε
1045 4187 1139 4238 καὶ
1171 4188 1532 4260 περιεγένετο,
1561 4189 1636 4254 ὡς
1666 4191 1969 4259 ἀναγκάσαι
1996 4193 2152 4246 τοῦτο

584 4274 826 4344 ποιῆσαι.
864 4276 986 4328 ’Ὁτι
1022 4276 1127 4349 γὰρ
1161 4278 1246 4330 διὰ
1276 4279 1514 4349 ἀθυμίαν
1557 4281 1714 4334 τοῦτο
1752 4281 1969 4346 ἔπαθεν,
1997 4284 2148 4337 οὐδὲν

582 4367 728 4436 ήμᾶς
771 4366 851 4418 δεῖ
906 4367 1287 4437 στοχάζεσθαι,
1318 4371 1451 4424 ἀλλὰ
1483 4375 1612 4443 παρ’
1646 4373 1811 4427 αὐτοῦ
1857 4375 1947 4427 καὶ
1992 4375 2148 4428 τοῦτο

583 4456 936 4526 στοχάζεσθαι
989 4460 1082 4512 καὶ
1110 4459 1137 4498 δ
1173 4460 1482 4530 μανθάνειν.
1538 4465 1645 4516 Καὶ
1702 4463 1810 4534 γὰρ
1839 4464 1938 4535 τὴν
1969 4466 2148 4519 αἰτίαν

580 4547 680 4617 τῆς
728 4549 1122 4619 ἀναχωρήσεως
1180 4541 1420 4604 τέθεικεν
1477 4555 1678 4606 εἰπών⁸
1744 4557 1865 4608 Οὐκ
1913 4557 2148 4624 ἔσχηκα

581 4636 796 4690 ἄνεσιν
814 4640 894 4703 τῷ
922 4642 1212 4708 πνεύματί
1236 4660 1354 4709 μου
1391 4642 1470 4706 τῷ
1502 4644 1587 4711 μὴ
1622 4645 1819 4712 εὑρεῖν
1846 4663 1924 4715 με
1957 4648 2144 4712 Τίτον,

581 4727 742 4780 ἀλλὰ
769 4727 1221 4797 ἀποταξάμενος
1254 4730 1460 4797 αὐτοῖς
1489 4732 1771 4798 ἐξῆλθον.
1962 4783 1968 4789 .

652 4819 740 4888 ιβ’.
756 4814 906 4881 Εἶδες
931 4819 1045 4884 πῶς
1075 4821 1326 4890 μέγιστος
1343 4817 1502 4885 ἆθλος
1518 4823 1578 4875 τὸ
1592 4823 1882 4896 δυνηθῆναι
1902 4826 2143 4894 ἐνεγκεῖν

579 4910 768 4981 πράως
799 4910 892 4962 τοῦ
938 4911 1299 4979 ἀγαπωμένου
1328 4915 1635 4984 χωρισμόν;
1683 4915 1777 4967 καὶ
1810 4915 1927 4978 πῶς
1957 4917 2143 4989 ὀδυνη-

583 5001 674 5072 ρδν
717 5003 946 5072 πρᾶγμα
994 5004 1088 5055 καὶ
1115 5004 1343 5073 πικρόν;
1373 5005 1485 5066 πῶς
1524 5005 1731 5075 ὑψηλῆς
1760 5005 2009 5076 δεόμενον
2049 5011 2142 5061 καὶ

583 5093 835 5160 νεανικῆς
858 5093 1063 5162 ψυχῆς
1091 5095 1288 5146 Τοῦτον
1322 5096 1411 5147 τὸν
1436 5091 1597 5149 ἆθλον
1621 5097 1713 5149 καὶ
1749 5098 1886 5168 αὐτὴ
1908 5099 2142 5163 διανύεις

585 5180 697 5234 νῦν.
741 5180 888 5250 ὐσῳ
915 5181 970 5232 δὲ
1019 5181 1268 5249 μέγιστος
1308 5186 1336 5236 ὀ
1375 5180 1553 5247 ἆθλος,
1582 5183 1819 5254 τοσούτῳ
1844 5187 1937 5239 καὶ
1968 5189 1996 5238 ὀ
2024 5190 2142 5241 στέ-

586 5291 754 5342 φανος
801 5273 1020 5343 μείζων,
1062 5275 1156 5326 καὶ
1179 5274 1248 5325 τὰ
1299 5274 1524 5344 βραδεῖα
1563 5275 1936 5346 λαμπρότερα.
1973 5278 2141 5331 Τοῦτό

585 5381 668 5417 σοι
700 5364 795 5431 τῆς
824 5361 1130 5432 μελλήσεως
1161 5361 1299 5414 ἔστω
1347 5363 1671 5432 παραμυθία
1707 5366 1798 5416 καὶ
1833 5364 1894 5416 τὸ
1923 5363 2139 5428 πάντως

583 5457 728 5527 ἡμᾶς
757 5454 976 5522 ὄψεσθαί
995 5470 1051 5506 σε
1084 5454 1242 5506 πάλιν
1266 5452 1533 5522 βρύουσαν
1559 5455 1634 5525 τῷ
1660 5454 1909 5507 ἐντεῦθεν
1943 5455 2135 5523 μισθῷ,

581 5549 676 5604 καὶ
707 5547 1160 5619 στεφανουμένην,
1183 5547 1276 5600 καὶ
1300 5547 1830 5618 ἀνακηρυττομένην.
1861 5546 1994 5601 Οὐδὲ
2029 5548 2137 5618 γὰρ

639 5757 666 5786 ⁸
689 5755 795 5805 Duo
813 5767 927 5803 mss.
959 5755 1249 5804 σαλεύεσθαι.

645 5817 671 5854 ⁸⁵
704 5817 757 5865 In
782 5816 931 5864 tribus
951 5830 1064 5865 mss.
1098 5819 1402 5880 στοχάζεσθαι
1426 5818 1505 5866 καί
1527 5818 1688 5868 deest.

1334 373 1393 430 S.
1427 374 1712 432 JOANNIS
1746 368 2227 434 CHRYSOS'IOMI
2266 368 2580 425 AllClllEP.
2624 370 3172 429 CONSTANTINOP.

3750 371 3858 427 570

2279 487 2441 554 ἀρκεῖ
2464 491 2578 554 τοῖς
2603 490 2864 558 ἀγαπῶσι
2889 489 3052 561 μόνον
3090 490 3152 543 τὸ
3187 489 3258 560 τῇ
3295 487 3442 558 ψυχῇ
3492 483 3853 548 συνδεδέσθαι.

2279 579 2399 632 οὐδὲ
2427 580 2776 652 ἀποχρῶνται
2803 582 2978 653 τούτῳ
3005 583 3085 644 εἰς
3102 593 3125 622 ο
3163 577 3541 653 παραμυθίαν.
3590 576 3729 631 ἀλλά
3761 577 3855 631 καὶ

2282 673 2602 742 σωματικῆς
2628 672 2840 727 δέονται
2866 673 3169 744 παρουσίας
3187 688 3201 701 ⁶
3229 673 3331 727 κάν
3368 673 3443 744 μὴ
3473 669 3630 726 τοῦτο
3654 672 3852 744 προσῇ,

2280 764 2341 814 οὑ
2377 763 2572 834 μικρὸν
2590 765 2692 832 τῆς
2725 765 3063 837 εὐφροσύνης
3092 765 3466 836 ὑποτέτμηται
3521 761 3707 834 μέρος.
3742 761 3855 815 Καὶ

2282 850 2439 904 τοῦτο
2469 853 2630 907 πάλιν
2662 854 2798 924 πρὸς
2828 855 2922 908 τὸν
2939 855 3041 926 τῆς
3055 855 3277 925 ἀγάπης
3295 855 3560 927 τρόφιμον
3582 851 3851 915 ἑλθόντεςο

2282 943 2588 1013 εὑρήσομεν
2631 943 2805 1009 οὕτως
2852 946 2995 1016 έχον.
3035 945 3310 1000 Μακεδόσι
3355 944 3464 1015 γὰρ
3522 941 3855 996 ἑπιστέλλων

2285 1033 2458 1096 οὕτως
2491 1033 2710 1102 ἔλεγεν
2747 1035 2938 1104 Ἡμεῖς
2965 1036 3052 1098 δὲ,
3083 1035 3353 1104 ἀδελφοὶ,
3381 1031 3855 1102 ἀπορφανισθέν-

2280 1140 2380 1188 τες
2405 1124 2506 1193 ἀφ’
2538 1122 2706 1195 ὑμῶν
2751 1126 2901 1194 πρὸς
2943 1125 3155 1196 καιρὸν
3197 1125 3374 1194 ὥρας,
3426 1124 3745 1194 προσώπων
3777 1123 3853 1178 οὗ

2278 1215 2511 1283 καρδίᾳ,
2555 1217 2991 1285 περισσοτέρως
3019 1215 3495 1286 ἐσπουδάσαμεν
3540 1215 3609 1270 τὸ
3661 1214 3852 1281 πρόσ-

2275 1318 2440 1360 ωπον
2471 1305 2640 1376 ὑμῶν
2677 1307 2854 1362 ἰδεῒνο
2882 1309 2996 1378 ἐγὼ
3024 1308 3143 1378 μὲν
3174 1307 3412 1374 Παῦλος
3439 1307 3534 1362 καί
3561 1306 3722 1370 ἅπαξ
3748 1304 3848 1359 καί

2276 1393 2392 1461 δίς,
2441 1397 2541 1450 καί
2575 1396 2881 1466 ἀνέκοψεν
2931 1396 3137 1466 ἡμᾶςὸ
3165 1397 3455 1463 Σατανᾶς.
3509 1397 3604 1450 Διὸ
3634 1395 3852 1465 μηκέτι

2276 1487 2596 1557 στέγοντες
2617 1528 2633 1553 ,
2716 1488 3140 1558 ηὐδοκήσαμεν
3237 1486 3704 1557 καταλειφθῆναι
3778 1485 3852 1538 ἐν

2289 1577 2554 1645 Ἀθήναις
2600 1581 2796 1649 μόνοι,
2862 1581 2958 1636 καὶ
3015 1581 3366 1650 ἐπέμψαμεν
3439 1580 3732 1649 Τιμόθεον.
3783 1577 3854 1631 Ὢ

2277 1669 2473 1737 λέξεως
2526 1673 2763 1742 ἑκάστης
2820 1672 3074 1743 δύναμινί
3140 1670 3238 1742 τήν
3290 1671 3401 1742 γὰρ
3455 1669 3605 1742 [550]
3661 1671 3856 1723 ἑναπο-

2275 1759 2537 1834 κειμένην
2587 1763 2752 1818 αὐτοῦ
2789 1766 2857 1835 τῇ
2907 1764 3052 1836 ψυχῇ
3087 1763 3258 1834 φλόγα
3294 1764 3394 1834 τῆς
3438 1762 3657 1831 ἀγάπης
3705 1762 3852 1832 μετά

2275 1853 2474 1926 πολλῆς
2503 1855 2835 1910 ἐνδείκνυται
2882 1857 2982 1927 τῆς
3017 1855 3333 1927 σαφηνείας.
3371 1853 3506 1908 Οὐδὲ
3539 1855 3647 1926 γὰρ
3697 1847 3848 1918 εἰπε,

2276 1947 2635 2020 χωρισθέντες
2667 1947 2841 2019 ὑμῶν,
2887 1949 3011 2003 οὐδὲ
3048 1947 3471 2009 διασπασθέντες
3513 1945 3687 2016 ὑμῶν,
3723 1943 3851 1998 οὐδὲ

2273 2038 2618 2104 διαστάντες,
2662 2038 2784 2111 οὐδὲ
2817 2037 3244 2109 ,ἀπολειφθέντες
3265 2078 3279 2101 ,
3324 2037 3438 2091 ἀλλ’
3460 2075 3475 2102 ,
3511 2036 3850 2104 ἀπορφανιο

2273 2131 2522 2196 σθέντες
2543 2129 2728 2200 ὑμῶν.
2752 2131 2910 2198 Λέξιν
2937 2131 3203 2202 ἐζήτησεν
3237 2130 3426 2199 ἱκανὴν
3467 2129 3709 2199 ἐμφῆναι
3742 2128 3850 2198 τὴν

2273 2222 2466 2296 ὀδύνην
2485 2223 2650 2278 αὐτοῦ
2670 2224 2771 2294 τῆς
2794 2223 2991 2294 ψυχῆς.
3016 2223 3207 2278 Καίτοι
3236 2240 3298 2292 γε
3334 2223 3392 2276 ἑν
3424 2223 3573 2287 τάξει
3608 2222 3848 2292 πατέρος

2272 2309 2342 2385 ἦν
2367 2315 2570 2369 ἀπασιν
2600 2315 2781 2382 αὐτὸς,
2799 2315 2934 2369 ἀλλὰ
2961 2315 3189 2370 παιδίων
3219 2315 3470 2386 ὀρφανῶν
3508 2315 3564 2367 ἑν
3584 2316 3651 2385 τῇ
3670 2312 3848 2385 ἀώρῳ

2273 2407 2459 2480 ήλικίᾳ
2493 2407 2585 2461 τὸν
2616 2407 2982 2479 γεγεννηκότα
3011 2407 3392 2463 ἀποϐαλόντων
3417 2407 3711 2478 φθέγγεται
3743 2408 3848 2479 ρή-

2275 2516 2442 2572 ματα,
2473 2498 2571 2570 τὴν
2605 2497 2907 2571 ὑπερϐολήν
2936 2499 3037 2570 τῆς
3076 2498 3314 2570 ἀθυμίας
3341 2497 3675 2565 ἐνδείξασθαι
3710 2496 3844 2567 βου-

2270 2592 2510 2664 λόμενος.
2542 2591 2708 2646 Οὐδὲν
2749 2589 2860 2663 γὰρ
2899 2589 3283 2662 ὀδυνηρότερον
3323 2588 3587 2660 ὀρφανίας
3633 2585 3843 2659 ἀώρου,

2269 2687 2397 2742 ὅταν
2417 2685 2514 2756 τῆς
2535 2701 2596 2738 τε
2620 2682 2838 2755 ἡλικίας
2868 2682 3004 2754 πρὸς
3025 2680 3177 2735 οὐδὲν
3202 2681 3386 2744 αὐτοῖς
3411 2679 3707 2751 ἀρκούσης,
3728 2679 3845 2733 τῶν

2268 2793 2328 2830 τε
2360 2773 2817 2848 προστησομένων
2848 2771 3087 2844 γνησίως
3114 2771 3215 2826 οὐκ
3240 2769 3431 2835 όντων,
3458 2769 3553 2824 καὶ
3580 2769 3689 2823 τῶν
3717 2771 3844 2824 ἑπι-

2269 2869 2582 2940 θησομένων
2615 2867 2707 2920 καὶ
2738 2863 3194 2920 ἑπιδουλευόντων
3233 2862 3443 2917 πολλῶν
3477 2860 3673 2932 ἀθρόον
3701 2863 3842 2916 ἀνα-

2269 2960 2628 3032 φαινομένων,
2667 2958 2856 3031 ὥσπερ
2877 2958 3083 3030 ἀρνειοί.
3105 2955 3155 3021 ἀ,
3192 2955 3364 3020 οὕτως
3398 2956 3476 3019 εἰς
3505 2955 3669 3026 μέσον
3703 2972 3842 3026 προ-

2268 3051 2502 3106 κέωνται
2527 3050 2732 3115 λύκοις,
2766 3048 2815 3102 οῖ
2843 3047 3180 3119 πανταχόθεν
3211 3047 3612 3118 σπαράττουσιν
3640 3047 3842 3111 αὐτοὺς

2267 3143 2361 3194 καὶ
2397 3138 2686 3206 ξαίνουσιν.
2728 3139 2914 3202 Οὐδεὶς
2944 3137 3166 3192 δύναται
3198 3137 3545 3215 παραστῆσαι
3573 3139 3670 3209 τῆς
3696 3155 3831 3210 συμ-

2267 3234 2435 3302 φορᾶς
2482 3230 2686 3302 ταύτης
2725 3229 2803 3300 τῷ
2841 3229 2986 3299 λόγῳ
3026 3229 3089 3282 τὸ
3130 3228 3380 3301 μέγεθος.
3412 3229 3510 3282 Διά
3533 3215 3709 3283 ’τοῦτο
3741 3233 3840 3284 καὶ

2265 3321 2477 3386 Παῦλος
2518 3320 2841 3392 περιελθὼν,
2889 3322 2984 3375 καὶ
3028 3321 3271 3392 ζητήσας
3319 3323 3414 3376 καὶ
3464 3323 3702 3393 ἐρημίας
3741 3323 3839 3376 καὶ

2265 3417 2548 3485 συμφορᾶς
2572 3415 2813 3485 χαλεπῆς
2839 3414 2998 3484 ῥῆσιν
3019 3415 3371 3486 ἑνδεικτικὴν,
3390 3415 3476 3468 ἴνα
3505 3417 3837 3489 παραστήσῃ

2260 3507 2394 3576 ὅπερ
2420 3505 2626 3576 ἔπασχε
2659 3505 2767 3559 τῶν
2803 3505 3183 3576 ἀγαπωμένων
3226 3506 3612 3576 χωριζόμενος,
3660 3506 3838 3581 ταύτῃ

2260 3597 2530 3668 ἐχρήσατο
2558 3600 2622 3666 τῇ
2659 3595 2800 3662 λέξει
2823 3608 2838 3624 ⁸
2882 3592 2998 3648 εἷτα
3038 3597 3133 3650 καὶ
3165 3596 3424 3649 ἐπιτείνει
3455 3595 3619 3650 πάλιν
3666 3597 3838 3667 αὐτὴν

2257 3690 2344 3742 διὰ
2388 3689 2494 3743 τῶν
2527 3688 2677 3758 ἑξῆς·
2741 3689 3308 3758 Ἁπορφανισθέντες
3347 3688 3490 3760 γὰρ,
3520 3689 3716 3758 φησὶν,
3767 3690 3834 3742 οὐ

2259 3783 2468 3853 χρόνον,
2506 3782 2640 3835 ἀλλά
2681 3781 2830 3849 πρὸς
2875 3782 3084 3849 καιρὸν
3117 3779 3302 3848 ὥρας,
3352 3783 3444 3835 καὶ
3477 3782 3835 3854 χωρισθέντες

2258 3873 2319 3924 οὐ
2352 3872 2581 3942 διανοίᾳ,
2620 3870 2754 3924 ἀλλά
2789 3869 3085 3938 προσώπῳ
3131 3870 3297 3940 μόνῳ,
3329 3870 3452 3925 οὐδὲ
3496 3870 3640 3925 οὕτω
3665 3871 3832 3942 φέρο-

2262 3980 2359 4032 μεν
2390 3963 2488 4032 τὴν
2542 3961 2790 4016 ἐντεῦθεν
2820 3962 3010 4032 ὀδύνην
3031 3979 3043 3992 ο
3079 3963 3253 4015 καίτοι
3283 3979 3346 4031 γε
3383 3964 3573 4034 ἱκανὴν
3615 3963 3832 4035 ἔχοντες

2257 4054 2631 4124 παραμυθίαν,
2670 4053 2730 4106 τὸ
2759 4056 2823 4123 τῇ
2866 4054 3010 4125 ψυχῇ
3045 4053 3403 4122 συνδεδέσθαι,
3433 4055 3494 4108 τὸ
3533 4056 3592 4108 ὲν
3629 4055 3829 4126 καρδία

2256 4145 2396 4214 ὑμᾶς
2428 4140 2564 4197 εἶναι
2609 4147 2674 4214 τῇ
2713 4145 2994 4215 ἡμετέρᾳ,
3033 4147 3096 4198 τὸ
3133 4146 3258 4215 χθὲς
3296 4147 3391 4200 καί
3434 4147 3628 4218 πρώην
3681 4149 3830 4221 ὑμᾶς

2254 4237 2557 4308 ἑωρακέναι
2579 4254 2590 4265 ·
2631 4237 2748 4289 ἀλλ’
2778 4237 2927 4291 οὐδὲν
2950 4237 3152 4292 τούτων
3191 4241 3337 4310 ἡμᾶς
3369 4240 3700 4296 ἀπαλλάττει
3726 4245 3828 4314 τῆς

2252 4327 2507 4398 ἀθυμίας.
2557 4328 2717 4382 Ἀλλά
2747 4329 2798 4381 τί
2847 4328 3023 4398 βούλει
3078 4331 3168 4383 καὶ
3198 4330 3503 4401 ἐπιθυμεῖς,
3545 4334 3668 4387 εἰπέ
3710 4351 3824 4404 μοι,

2251 4423 2344 4474 καὶ
2387 4419 2674 4490 ἐπιθυμεῖς
2723 4421 2840 4490 μεθ’
2887 4420 3226 4490 ὑπερϐολῆς
3279 4421 3458 4494 Αὐτὴν
3505 4423 3686 4477 αὐτῶν
3725 4425 3826 4495 τήν

2249 4512 2389 4580 ὄψιν.
2422 4509 2868 4579 Περισσοτέρως
2885 4511 3017 4581 γάρ,
3050 4513 3235 4581 φησὶν,
3261 4513 3732 4584 ἐσπουδάσαμεν
3754 4517 3823 4570 τὸ

2249 4605 2574 4670 πρόσωπον
2599 4600 2766 4671 ὑμῶν
2791 4601 2956 4656 ἰδεῖν.
2973 4602 3037 4654 Τί
3064 4604 3188 4674 φῂς.
3217 4605 3245 4657 ὀ
3271 4603 3469 4674 ὑψηλὸς
3493 4606 3586 4659 καὶ
3613 4607 3784 4676 μέγας
3806 4623 3823 4673 ς

2261 4697 2319 4748 '0
2351 4694 2442 4747 τὸν
2477 4695 2678 4762 κόσμον
2712 4692 2849 4762 ἔχων
2884 4695 3330 4764 ἐσταυρωμένον,
3379 4697 3472 4748 καὶ
3515 4696 3592 4767 τῷ
3632 4699 3823 4769 κόσμῳ

2251 4785 2600 4856 σταυρωθείς,
2639 4786 2667 4836 ό
2705 4784 2917 4837 πάντων
2953 4783 3292 4853 ἀπαλλαγεὶς
3321 4785 3431 4838 τῶν
3456 4787 3756 4857 σαρκικῶν,
3791 4789 3822 4841 ὀ

2249 4878 2435 4948 σχεδὸν
2472 4875 2762 4944 ἀσώματος
2791 4878 3101 4945 γενόμενος,
3136 4875 3306 4939 οὕτως
3339 4877 3684 4947 αἰχμάλωτος
3715 4881 3824 4932 ὑπὸ

2247 4969 2345 5038 τῆς
2379 4969 2598 5037 ἀγάπης
2625 4968 2833 5035 ἐγένου,
2873 4968 2947 5031 ὼς
2975 4970 3054 5031 είς
3085 4969 3264 5038 σάρκα
3299 4971 3686 5042 κατενεχθῆναι
3721 4973 3822 5043 τὴν

2249 5065 2497 5135 πηλίνην,
2530 5065 2628 5134 τὴν
2675 5064 2782 5116 ἀπὸ
2814 5065 2918 5134 γῆς
2940 5106 2953 5128 ,
2985 5064 3084 5134 τήν
3125 5064 3424 5135 αἰσθητήν;
3476 5066 3614 5130 Ναὶ,
3659 5069 3814 5138 φησὶ,

2247 5160 2339 5212 καὶ
2369 5160 2469 5212 οὐκ
2508 5159 2830 5228 αἰσχύνομαι
2866 5159 3036 5211 ταῦτα
3062 5159 3257 5227 λέγων,
3302 5161 3437 5214 ἀλλά
3489 5163 3580 5216 καὶ
3617 5163 3816 5232 ἐγκαλ-

2245 5257 2566 5324 λωπίζομαι’
2605 5258 2702 5326 τὴν
2735 5256 2843 5325 γὰρ
2887 5255 3098 5326 μητέρα
3132 5255 3240 5308 τῶν
3270 5258 3490 5325 ἀγαθῶν
3523 5259 3660 5329 ἔχων
3694 5261 3818 5330 ἐμοὶ

2246 5353 2514 5423 βρύουσαν
2554 5352 2651 5422 τὴν
2689 5353 2942 5422 ἀγάπην,
2993 5353 3165 5406 ταῦτα
3217 5354 3485 5424 ἐπιζητῶ.
3544 5357 3654 5409 Καὶ
3697 5359 3818 5411 οὐδε

2244 5449 2428 5512 ἁπλῶς
2453 5447 2768 5517 σωματικὴν
2797 5447 3045 5518 ἐπιζητεῖ
3065 5450 3384 5520 παρουσίαν,
3405 5451 3536 5504 ἀλλά
3559 5452 3621 5504 τὸ
3647 5455 3819 5522 πρόσ-

2243 5562 2390 5599 ωπον
2415 5545 2593 5599 αὐτῶν
2627 5543 2858 5614 μάλιστα
2879 5544 3134 5615 ἑπιθυμεῖ
3173 5545 3489 5600 θεάσασθαι.
3522 5550 3818 5615 Περισσο-

2302 5763 2325 5793 ⁸
2353 5761 2457 5810 Duo
2479 5775 2591 5808 mm.
2619 5762 2724 5811 οὐδὲ
2741 5763 2936 5823 ἀρκετὸν
2955 5761 3094 5812 τοῦτο
3118 5765 3196 5819 εἰς.

2301 5823 2329 5861 εἰ
2355 5824 2500 5872 Savil.
2526 5824 2675 5885 ἀρνοί.
