4078 6432
243 355 347 410 ξῐιῒιϐ

242 485 337 524 eos
363 471 453 540 qui
485 470 692 527 sincera
723 472 944 528 caritate
975 473 1180 545 praediti
1212 475 1320 529 sint
1341 516 1355 542 ,
1389 485 1688 547 quaerentes
1717 479 1736 547 (
1754 487 1834 531 et-

244 561 384 612 enim
419 575 541 615 rara
573 561 688 616 hzee
716 563 882 617 virtus
909 563 1036 633 est),
1062 565 1129 618 ad
1152 565 1364 620 beatum
1396 566 1617 622 Paulum
1647 582 1833 623 curra-

245 665 400 704 mus:
441 660 601 720 atque
633 653 756 718 ille,
784 664 1040 722 quantum
1084 655 1184 710 hoc
1214 666 1485 714 certamen
1527 661 1629 725 sit,
1662 675 1834 730 quan-

246 751 466 810 tumque
512 744 749 798 animum
790 746 1065 814 requirat,
1099 749 1252 803 nobis
1277 751 1646 820 exponet.Hic
1690 753 1835 806 enim

247 832 463 898 Paulus,
486 833 578 902 qui
604 849 819 889 carnem
862 848 1113 903 exuerat,
1147 847 1202 893 et
1227 855 1420 910 corpus
1445 841 1740 910 abiecerat,
1771 857 1834 896 ac

244 923 385 977 nuda
418 926 808 996 propemodum
838 927 1015 982 anima
1063 939 1323 984 terrarum
1351 932 1535 986 orbem
1585 948 1835 1003 peragra-

244 1015 372 1080 bat,
403 1025 459 1069 et
487 1016 756 1071 turbidum
786 1032 1003 1074 omnem
1029 1030 1229 1074 motum
1261 1036 1328 1075 ex
1357 1022 1535 1075 animo
1566 1023 1797 1090 eiecerat
1816 1064 1830 1088 ,

239 1117 403 1176 atque
424 1107 684 1162 virtutum
719 1109 1152 1178 incorporearum
1182 1114 1615 1182 tranquillitatem
1663 1115 1836 1169 itnita~
1879 1168 1882 1172 χ

242 1197 424 1264 batur,
457 1207 762 1269 terramque
803 1217 908 1255 non
952 1217 1108 1258 secus
1135 1219 1200 1258 ac
1239 1206 1427 1259 caelum
1457 1206 1752 1272 incolebat,
1781 1217 1834 1263 et

239 1304 361 1343 cum
395 1290 685 1346 Cherubim
717 1308 927 1348 sursum
958 1296 1151 1358 stabat,
1172 1297 1520 1366 mysticzeque
1547 1298 1687 1352 illius
1719 1315 1834 1351 mu-

243 1381 370 1434 sica:
427 1396 531 1434 una
582 1398 704 1436 cum
752 1384 880 1452 ipsis
928 1386 1196 1453 particeps
1253 1395 1402 1452 erat,
1459 1388 1562 1441 alia
1619 1388 1835 1457 quidem

237 1473 419 1525 omnia
450 1473 673 1541 perinde
702 1483 860 1543 atque
901 1476 952 1528 iu
997 1477 1171 1531 alieno
1223 1492 1448 1547 corpore
1490 1480 1834 1548 perpetiens,

239 1564 431 1618 leviter
456 1565 693 1631 ferebat,
735 1581 1006 1621 carcerem
1052 1568 1324 1634 nimirum,
1355 1569 1586 1635 vincula,
1613 1571 1832 1638 exsilia,

236 1659 426 1726 ﬂagra,
452 1661 642 1722 minas,
678 1668 927 1723 mortem,
963 1658 1359 1728 lapidationem,
1382 1661 1829 1729 submersionem,

235 1764 299 1804 ac
329 1749 566 1820 denique
592 1751 818 1819 quodvis
844 1753 1089 1822 supplicii
1125 1768 1312 1823 genus.
1346 1757 1414 1808 At
1462 1755 1602 1810 idem
1632 1756 1699 1810 ab
1727 1772 1833 1810 uno

237 1841 459 1898 homine
505 1859 536 1897 a
581 1860 641 1899 se
694 1845 893 1900 dilecto
937 1856 1205 1913 semotus,
1237 1857 1380 1902 tanta
1430 1849 1832 1916 perturbatione

235 1936 466 1992 allectus
495 1949 598 2002 est,
630 1947 687 1991 ut
710 1940 886 1992 statim
919 1940 1077 1994 etiam
1107 1955 1171 1994 ex
1194 1956 1258 1994 ea
1286 1942 1417 1995 urbe
1437 1943 1742 2006 excederet,
1775 1944 1829 1997 in

231 2044 339 2099 qua
368 2031 622 2096 amicum,
654 2045 811 2099 quem
837 2045 895 2084 se
920 2032 1155 2085 visurum
1188 2033 1457 2101 sperabat,
1491 2035 1710 2088 minime
1742 2034 1828 2086 in-

233 2131 481 2175 venerat.
520 2122 689 2190 ilujus
731 2123 810 2176 rei
843 2123 940 2191 ipsi
971 2123 1138 2176 Troas
1163 2124 1374 2178 conscia
1406 2135 1520 2190 est,
1551 2139 1670 2190 qua:
1710 2124 1828 2178 ideo

231 2213 302 2267 ab
331 2229 400 2268 eo
429 2214 615 2268 relicta
645 2224 747 2280 est,
775 2215 916 2283 quod
965 2225 1074 2268 tum
1104 2232 1226 2268 eum
1271 2217 1370 2284 ipsi
1401 2218 1685 2270 ostendere
1728 2217 1827 2269 mi-

232 2308 380 2359 nimc
410 2306 696 2374 pomisset.
729 2305 857 2358 Cum
886 2307 1026 2359 enim
1055 2306 1298 2359 venissem
1331 2305 1601 2371 Troadem,
1633 2307 1823 2376 inquit,

230 2407 443 2466 propter
495 2397 807 2467 evangelium
857 2396 1067 2463 Christi,
1101 2408 1146 2449 et
1196 2399 1380 2450 ostium
1429 2399 1552 2450 mihi
1598 2410 1828 2468 apertum

229 2497 360 2539 esset
388 2488 442 2539 in
464 2485 685 2540 Domino
709 2527 723 2552 ,
754 2505 854 2540 non
903 2487 1055 2540 habui
1101 2489 1317 2557 requiem
1362 2490 1563 2558 spiritui
1610 2507 1737 2554 meo,
1770 2507 1827 2544 co

229 2577 368 2646 quod
395 2593 496 2630 non
527 2578 796 2630 invenerim
828 2576 994 2630 Titum
1037 2579 1241 2646 fratrem
1271 2596 1468 2642 meum;
1497 2581 1584 2633 sed
1627 2582 1820 2633 valedi-

230 2685 348 2722 cens
377 2671 449 2722 eis
470 2709 484 2732 ,
517 2672 773 2739 profectus
801 2686 911 2722 sum
955 2671 1004 2721 in
1038 2669 1390 2726 Macedoniam
1417 2671 1491 2742 (2.
1512 2671 1630 2725 Cor.
1650 2672 1702 2724 2.
1735 2672 1819 2726 12.

233 2762 346 2829 13).
373 2761 511 2828 Quid
534 2763 636 2826 ais,
669 2761 874 2815 Paule?
917 2761 1083 2830 Ligno
1129 2762 1404 2831 alligatus,
1435 2775 1593 2831 atque
1621 2764 1672 2817 in
1704 2765 1822 2816 vin»-

228 2853 352 2906 cula
399 2854 693 2921 conjectus,
727 2868 790 2908 ac
819 2855 1085 2923 virgarum
1131 2863 1285 2908 notas
1336 2865 1483 2923 tergo
1535 2856 1824 2924 impressas

229 2945 435 2999 habens
456 2985 471 3010 ,
495 2954 550 3000 et
590 2960 782 3000 cruore
805 2945 1054 3000 diffluens
1081 2988 1094 3010 ,
1133 2948 1300 3001 sacris
1355 2949 1599 3002 initiabas
1631 2956 1687 3002 et
1729 2948 1822 3002 ba-

227 3037 506 3107 ptizabas,
563 3047 619 3092 et
687 3039 1006 3093 sacriﬁcium
1079 3039 1376 3106 ollerebas,
1440 3055 1538 3094 nec
1605 3041 1821 3095 unicum

226 3131 391 3184 etiam
425 3131 734 3196 hominem,
764 3132 854 3201 qui
881 3133 1109 3186 salutem
1138 3142 1456 3202 accepturus
1480 3144 1656 3199 esset,
1692 3150 1820 3188 cou-

229 3222 510 3277 temnebas
541 3241 553 3275 :
579 3223 839 3278 Troadem
867 3233 1045 3278 autem
1076 3225 1365 3293 profectus,
1392 3240 1454 3279 ac
1476 3235 1818 3294 repurgatum

224 3328 415 3370 arvum
475 3325 876 3384 sementemque
919 3315 1166 3384 excipere
1209 3325 1472 3385 paratum,
1504 3326 1557 3370 et
1604 3318 1819 3386 plenam

226 3421 437 3473 aream,
468 3414 766 3475 cunctaque
821 3406 914 3460 tibi
972 3421 1137 3474 prona
1162 3417 1216 3461 ct
1269 3407 1441 3460 facilia
1494 3410 1817 3476 praebentem

229 3500 599 3569 conspiciens,
627 3507 830 3552 tantum
860 3498 928 3553 de
957 3499 1202 3553 manibus
1248 3500 1450 3553 lucrum
1497 3501 1702 3569 ejeeisti
1722 3541 1736 3566 ,
1763 3510 1821 3556 ut

225 3592 475 3660 Quamvis
504 3592 665 3644 etiam
695 3591 766 3645 ob
805 3605 924 3645 eam
975 3605 1190 3645 causam
1226 3592 1352 3646 illuc
1397 3605 1448 3646 te
1498 3593 1818 3648 contulisses

226 3681 380 3754 (Cum
409 3685 553 3738 enim
582 3683 823 3736 venissem
854 3681 1122 3747 Troadem,
1154 3683 1322 3752 inquit
1346 3725 1360 3749 ,
1391 3683 1460 3736 ad
1484 3686 1812 3754 evangelium,

224 3777 328 3830 hoc
359 3785 445 3830 est
473 3774 765 3843 evangelici
793 3774 988 3844 negotii
1018 3773 1223 3842 causa),
1253 3789 1350 3829 nec
1394 3776 1672 3846 quisquam
1723 3776 1813 3829 tibi

222 3867 513 3922 obsisteret
538 3865 630 3936 (Et
656 3866 856 3929 ostium,
885 3867 1090 3935 inquit,
1115 3866 1237 3918 mihi
1271 3876 1498 3934 apertum
1527 3864 1694 3938 esset),
1723 3883 1815 3934 pc-

221 3956 346 4012 dem
379 3967 559 4012 tamen
589 3957 768 4011 statim
801 3955 1072 4012 referres?
1100 3957 1173 4009 Ita
1204 3971 1353 4018 sane,
1384 3957 1551 4026 inquit
1582 3975 1594 4010 :
1623 3972 1815 4028 magna

221 4052 364 4104 enim
395 4064 486 4105 me
513 4050 763 4105 maeroris
793 4050 1033 4120 tyrannis
1059 4049 1285 4114 invasit,
1318 4049 1529 4119 Titique
1574 4051 1813 4104 absentia

222 4159 402 4197 meum
423 4143 666 4196 animum
693 4141 1040 4195 vehementer
1065 4141 1421 4206 conturbavit,
1442 4151 1600 4209 atque
1628 4142 1699 4195 ita
1726 4157 1813 4196 me

221 4229 469 4306 fregit‘ac
497 4235 800 4303 superavit,
831 4243 890 4287 ut
917 4247 946 4286 a
971 4246 1056 4286 me
1075 4272 1091 4297 ,
1125 4232 1225 4313 hoc
1252 4241 1308 4286 ut
1336 4233 1562 4288 facerem
1587 4274 1601 4296 ,
1633 4245 1812 4288 extor-

222 4331 372 4385 serit.
402 4329 537 4383 Nam
569 4329 710 4398 quod
739 4327 814 4381 illi
839 4337 1056 4398 prepter
1081 4341 1368 4382 mcerorcm
1411 4330 1510 4382 hoc
1535 4329 1808 4394 acciderit,

221 4424 350 4479 nihil
382 4423 542 4478 nobis
585 4421 908 4491 conjecturis
944 4435 1079 4489 opus
1123 4429 1223 4484 est,
1253 4437 1433 4476 verum
1483 4422 1550 4475 ab
1586 4423 1813 4490 ipsomet

220 4517 323 4571 hoc
370 4515 646 4584 conjicere
698 4525 856 4583 atque
885 4513 902 4544 ¹
934 4513 1231 4582 intelligere
1271 4513 1547 4568 debemus.
1601 4514 1809 4568 Etenim

219 4605 494 4661 discessus
522 4605 604 4658 sui
646 4618 861 4658 causam
905 4602 989 4656 his
1031 4602 1208 4657 verbis
1255 4605 1502 4671 exposuit
1529 4621 1542 4656 τ
1573 4602 1694 4657 Non
1720 4609 1813 4657 Ita-

220 4699 305 4753 διαί
329 4699 554 4767 requiem
578 4697 780 4766 spiritui
800 4711 908 4750 meo
928 4737 941 4762 ,
961 4712 1018 4749 eo
1035 4695 1168 4766 quod
1193 4712 1292 4749 non
1317 4697 1586 4750 invenerim
1619 4695 1810 4761 Titum;

218 4791 306 4843 sed
333 4789 618 4843 vatedicens
648 4787 718 4840 eis
736 4827 750 4851 ,
779 4803 1010 4854 egressus
1034 4803 1164 4841 sum.

292 4881 379 4935 l2.
434 4880 665 4934 Videsne
681 4886 934 4948 quantum
952 4888 1221 4935 certamen
1240 4881 1488 4945 sit,amici
1507 4881 1803 4952 digressum

221 4986 378 5042 aequo
427 4986 488 5024 ac
527 4970 740 5040 placido
785 4969 963 5024 animo
1013 4969 1177 5036 ferre,
1233 4985 1497 5040 quamque
1533 4975 1707 5042 gravis
1757 4983 1810 5027 et

219 5063 411 5119 acerba
443 5062 559 5116 hare
589 5076 676 5117 res
704 5061 807 5124 sit,
832 5076 1101 5132 quamque
1135 5063 1414 5118 sublimem
1445 5079 1508 5118 ac
1532 5075 1807 5120 strenuum

218 5155 459 5208 animum
487 5153 798 5208 desideret?
826 5153 938 5207 lloc
971 5167 1130 5221 porro
1176 5163 1444 5211 certamen
1490 5163 1543 5208 tu
1596 5171 1808 5225 quoque

220 5259 364 5300 nunc
389 5245 526 5300 obis.
570 5245 638 5296 At
681 5258 786 5312 quo
808 5245 979 5312 majus
1006 5246 1107 5297 hoc
1129 5254 1398 5299 certamen
1425 5254 1523 5310 est,
1552 5261 1617 5300 eo
1646 5247 1805 5300 etiam

217 5351 418 5392 corona
476 5336 814 5406 prastantlor
864 5335 994 5399 erit,
1053 5337 1372 5406 praemiaque
1424 5338 1802 5407 splendidiora.

217 5429 398 5499 Quare
423 5429 525 5485 hoc
549 5429 642 5483 tibi
665 5429 922 5485 tarditatis
947 5430 1015 5484 sit
1036 5431 1310 5496 solatium;
1335 5433 1566 5504 illudque
1587 5443 1805 5505 praeter-

219 5539 304 5586 ea,
345 5519 493 5592 quod
551 5518 936 5574 mercedehinc
994 5532 1240 5576 manante
1297 5523 1567 5591 refertam,
1603 5542 1802 5583 corona

216 5611 541 5674 redimitam,
569 5611 1016 5681 amplissimisque
1042 5613 1284 5670 laudibus
1311 5616 1552 5672 allectam
1573 5628 1622 5673 te
1638 5619 1799 5675 visuri

215 5703 400 5759 simus.
444 5700 628 5770 Neque
681 5703 823 5756 enim
870 5703 903 5756 ii
953 5703 1041 5772 qui
1071 5715 1269 5770 amant,
1299 5720 1365 5760 eo
1410 5707 1525 5762 solo
1563 5712 1798 5766 contenti

281 5818 303 5850 ι’
335 5825 386 5865 to
410 5817 564 5866 tribus
580 5823 684 5864 Mss.
709 5816 887 5866 desunt
911 5818 1078 5876 verba.
1104 5820 1340 5882 conjicere
1362 5828 1521 5883 atque.

524 5899 795 5967 Psrnot.
831 5901 948 5963 (in.
994 5906 1116 5965 Lll.

1700 360 2071 420 El'lSTOL/E.

3417 407 3521 461 570

1939 494 2082 549 sunt,
2112 489 2251 555 quod
2279 491 2574 550 animorum
2600 497 2821 555 vinculis
2839 504 2974 559 inter
2993 521 3050 562 se
3067 515 3518 582 constringuntur.

1941 587 2113 644 neque
2164 577 2265 632 hoc
2289 581 2356 634 ad
2387 589 2804 644 consolationem
2833 596 2932 649 sibi
2980 602 3106 651 satis
3143 616 3263 656 esse
3302 577 3520 672 ducunt,

1939 679 2119 721 verum
2147 671 2306 724 etiam
2333 678 2576 744 corporis
2619 687 2953 749 praesentiam
2999 695 3273 759 requirunt
3301 713 3313 747 :
3344 714 3445 766 qua
3475 671 3523 755 si

1937 770 2171 823 careant,
2220 763 2357 818 haud
2413 769 2601 838 exigua
2654 775 2939 846 voluptatis
2993 797 3115 850 pars
3167 763 3375 845 succisa
3417 805 3521 847 est.

1937 847 2112 916 Atque
2145 851 2245 906 hoc
2275 870 2506 923 rursum,
2535 861 2578 914 si
2609 861 2675 916 ad
2704 868 2939 923 caritatis
2964 871 3234 931 alumnum
3269 895 3366 934 nos
3393 896 3524 936 con—

1940 939 2233 1009 tulerimus,
2283 947 2354 1000 ita
2393 963 2451 1004 se
2478 950 2674 1009 habere
2699 963 3112 1028 comperiemus.
3152 967 3208 1022 ln
3258 986 3319 1024 ea
3378 974 3520 1028 enim

1939 1029 2192 1099 Epistula,
2235 1052 2394 1104 quam
2437 1042 2502 1095 ad
2542 1044 2859 1104 Macedonas
2905 1055 3186 1119 scribebat,
3217 1060 3298 1114 his
3344 1063 3524 1118 verbis

1937 1124 2183 1178 utebatur
2217 1144 2228 1178 :
2262 1126 2374 1182 Nos
2400 1143 2587 1198 autent,
2609 1140 2812 1205 fratres,
2837 1144 2996 1195 orbati
3022 1161 3052 1196 a
3079 1149 3212 1203 vobis
3235 1153 3302 1204 ad
3327 1163 3522 1222 tempus

1937 1213 2094 1280 horw,
2148 1230 2370 1286 aspectu,
2423 1239 2523 1276 non
2560 1229 2746 1294 corde,
2794 1230 3130 1290 abundantius
3180 1241 3522 1308 festinavimus

1936 1305 2117 1371 faciem
2145 1320 2358 1362 vestram
2398 1313 2607 1370 videre:
2636 1334 2725 1388 ego
2781 1323 2982 1389 quidem
3043 1305 3235 1384 Paulus
3282 1336 3431 1388 semet
3474 1347 3523 1390 et

1936 1394 2114 1448 iterum
2149 1413 2167 1451 :
2196 1400 2284 1452 sed
2312 1402 2568 1470 impedivit
2613 1423 2703 1462 nos
2735 1421 2960 1466 satanas.
3012 1414 3233 1486 Propter
3257 1425 3392 1491 quod
3419 1441 3522 1479 non

1935 1490 2232 1544 sustinentes
2273 1495 2512 1563 amplius,
2567 1499 2756 1567 placuit
2795 1504 2936 1558 nobis
2980 1523 3236 1565 remanere
3269 1490 3518 1580 Athenis,

1933 1577 2055 1631 solis
2081 1596 2098 1631 :
2124 1591 2170 1633 et
2199 1583 2421 1637 misimus
2453 1585 2770 1644 Timotheum
2803 1594 2878 1662 (1.
2904 1594 3078 1651 Thess.
3100 1600 3152 1653 2.
3180 1603 3264 1656 17.
3287 1605 3372 1660 18.
3395 1616 3440 1659 et
3468 1577 3520 1662 ε.

1936 1666 1988 1719 5.
2021 1685 2064 1719 υ.
2099 1671 2150 1724 1.
2173 1672 2251 1740 2).
2287 1672 2331 1727 Ο
2357 1688 2551 1744 quanta
2576 1679 2626 1731 in
2653 1682 2875 1752 singulis
2895 1686 3215 1745 dictionibus
3240 1694 3319 1748 vis
3346 1696 3516 1752 inest!

1934 1761 2129 1814 etenim
2162 1765 2427 1821 conditam
2459 1771 2511 1823 in
2558 1771 2724 1838 ipsius
2759 1777 2936 1831 animo
2965 1781 3202 1836 caritatis
3253 1785 3520 1845 flammam

1935 1868 2122 1924 magna
2177 1872 2296 1911 cum
2338 1864 2717 1932 perspicuitate
2765 1868 3182 1928 demonstrabat.
3225 1875 3342 1931 Non
3377 1881 3518 1934 enim

1932 1945 2081 2010 dixit,
2112 1950 2349 2017 Sejuneti
2390 1969 2419 2006 a
2451 1956 2617 2021 vobis,
2649 1969 2739 2011 aut
2773 1961 3060 2026 abstracti,
3105 1976 3195 2019 aut
3237 1967 3517 2036 distantes,

1929 2047 2021 2092 aut
2046 2039 2329 2106 absentes;
2359 2059 2541 2098 verum
2564 2089 2578 2112 ,
2615 2048 2794 2102 Orbati
2818 2067 2849 2102 a
2874 2052 3029 2106 vobis.
3076 2056 3395 2113 Vocabulum
3439 2061 3520 2116 itt-

1933 2131 2208 2197 vestigavit
2232 2132 2375 2200 quod
2399 2135 2719 2192 declarando
2743 2143 2905 2195 animi
2929 2146 3007 2197 sui
3031 2145 3200 2200 dolori
3225 2165 3320 2218 par
3351 2162 3512 2207 esset.

1929 2220 2060 2274 Nam
2096 2238 2215 2276 cum
2244 2225 2358 2292 ipse
2381 2229 2613 2295 parentis
2648 2231 2767 2285 loco
2793 2237 2997 2291 cunctis
3023 2250 3186 2305 esset,
3220 2250 3393 2298 tamen
3421 2260 3518 2313 pu-

1930 2313 2178 2382 pillorum
2207 2332 2524 2385 puerorum,
2555 2324 2642 2391 qui
2666 2323 2943 2382 immatura
2970 2339 3126 2386 aetate
3148 2343 3352 2401 patrem
3383 2341 3516 2392 ami-

1929 2406 2116 2471 serint,
2146 2407 2322 2467 verbis
2352 2409 2514 2464 utitur
2542 2430 2555 2468 :
2585 2429 2694 2482 quo
2716 2415 2956 2472 videlicet
2981 2421 3300 2490 singularem
3324 2441 3514 2497 quam-

1928 2493 2047 2548 dam
2079 2497 2238 2550 animi
2268 2501 2573 2555 ratestitiam
2607 2507 2869 2560 ostendat.
2910 2508 3091 2578 Neque
3115 2515 3254 2567 enim
3285 2493 3514 2584 praema-

1929 2596 2040 2641 tura
2073 2590 2302 2645 orbitate
2349 2594 2634 2663 quidquam
2684 2601 2927 2653 acerbius
2979 2606 3270 2673 excogitari
3319 2619 3509 2677 potest,

1926 2694 2046 2732 cum
2069 2697 2167 2735 nec
2188 2692 2316 2737 aetas
2342 2685 2406 2738 ad
2439 2700 2549 2739 rem
2577 2687 2736 2743 ullam
2763 2691 3004 2746 idoneam
3031 2695 3155 2764 ipsis
3181 2711 3335 2765 opem
3351 2700 3511 2755 all‘er~

1927 2788 1982 2824 re
2015 2784 2206 2842 potest,
2238 2791 2338 2831 nec
2367 2779 2455 2847 qui
2487 2795 2672 2834 eorum
2703 2798 2882 2836 curam
2913 2800 2974 2839 ae
3001 2787 3366 2846 defensionem
3397 2795 3509 2847 sin-

1925 2878 2050 2916 vero
2090 2866 2268 2920 animo
2303 2869 2628 2937 suscipiant,
2665 2883 2857 2939 prresto
2884 2887 3026 2942 sunt,
3056 2888 3112 2932 et
3140 2881 3291 2936 tnulti
3333 2885 3511 2939 subito

1924 2956 2214 3025 exsistunt,
2247 2974 2277 3012 a
2305 2959 2499 3028 quibus
2521 2963 2727 3018 insidiae
2758 2965 2887 3035 ipsis
2929 2981 3307 3040 comparantur
3338 2991 3351 3028 :
3386 2993 3508 3032 nant

1925 3053 2033 3100 tum
2062 3049 2206 3103 velut
2231 3052 2354 3121 agni
2384 3053 2518 3122 lupis
2537 3054 2589 3108 in
2608 3056 2838 3112 medium
2862 3073 3243 3130 proponuntur,
3267 3080 3298 3119 a
3317 3066 3508 3135 quibus

1921 3141 2063 3194 omni
2086 3157 2151 3196 ex
2183 3153 2332 3211 parte
2360 3145 2636 3200 caeduntur
2662 3158 2716 3202 et
2754 3149 3072 3206 lacerantur.
3113 3154 3280 3210 Nemo
3306 3166 3390 3212 est
3415 3159 3508 3228 qui

1921 3233 2238 3287 calamitatis
2262 3234 2418 3304 hujus
2449 3239 2865 3306 magnitudinem
2896 3243 3000 3296 ulla
3044 3245 3289 3301 oratione
3316 3261 3506 3304 conse-

1920 3325 2007 3392 qui
2027 3327 2211 3394 possit.
2253 3326 2511 3392 Quocirca
2537 3329 2752 3397 Paulus,
2777 3346 2898 3388 cum
2945 3335 2994 3389 in
3025 3351 3210 3392 omnes
3240 3348 3417 3408 partes
3444 3357 3506 3398 se

1922 3427 2206 3480 versasset,
2258 3427 2417 3488 atque
2459 3421 2721 3488 ejusmodi
2759 3439 2972 3491 vocem,
3003 3440 3106 3495 qua
3162 3429 3504 3485 solitudinem

1920 3509 2271 3578 acerbamque
2322 3512 2678 3567 calamitatem
2722 3515 3018 3582 indicaret,
3051 3518 3413 3588 qumsivisset,
3447 3531 3505 3574 ut

1919 3616 2025 3669 quo
2050 3601 2228 3655 animo
2255 3612 2415 3668 esset,
2447 3619 2566 3658 cum
2594 3607 2660 3658 ab
2689 3605 2751 3660 iis
2779 3622 2914 3676 quos
2943 3609 3152 3664 amabat
3178 3609 3505 3665 distrahere-

1920 3701 2026 3758 tur,
2053 3693 2264 3760 planum
2295 3694 2512 3760 faceret,
2545 3695 2645 3752 hac
2673 3697 2902 3752 dictione
2929 3713 3054 3753 usus
3083 3708 3166 3754 est
3195 3717 3207 3752 :
3237 3709 3290 3755 et
3308 3701 3502 3756 deinde

1918 3799 2011 3851 per
2059 3799 2119 3838 ea
2157 3776 2293 3852 qua:
2350 3799 2644 3854 sequuntur
2692 3787 2831 3844 hanc
2875 3805 3086 3844 rursum
3139 3793 3496 3861 exaggeravit.

1920 3873 2096 3928 Orbati
2122 3876 2263 3930 enim
2285 3917 2300 3942 ,
2328 3876 2530 3947 inquit,
2557 3894 2665 3933 non
2695 3880 2759 3933 ad
2787 3880 3092 3935 diuturnum
3123 3883 3334 3953 aliquod
3365 3895 3500 3939 tem-

1919 3967 2062 4034 poris
2093 3968 2342 4035 spatium,
2366 3969 2459 4022 sed
2485 3969 2565 4020 Ad
2593 3980 2788 4039 (corpus
2815 3972 2953 4024 hora:
2975 3974 3050 4041 (l.
3087 3973 3256 4030 Thess.
3288 3975 3344 4029 2.
3377 3975 3495 4049 l7):

1917 4073 1977 4112 ac
1999 4074 2104 4112 non
2131 4059 2330 4125 animo,
2359 4059 2454 4114 sed
2483 4059 2640 4114 Facie
2663 4064 2774 4116 sola
2795 4063 3040 4132 disiuncti
3056 4105 3073 4130 ,
3099 4080 3165 4120 ne
3191 4067 3268 4120 sic
3285 4067 3497 4136 quidem

1918 4157 2090 4204 unnen
2120 4150 2361 4206 dolorem
2407 4167 2529 4206 eum
2557 4193 2572 4218 ,
2607 4168 2764 4222 quem
2809 4155 2932 4208 hinc
2968 4155 3324 4226 concipimus,
3357 4157 3499 4213 ferre

1916 4254 2229 4310 possumus;
2273 4243 2518 4311 quamvis
2547 4257 2609 4297 ea
2651 4242 2805 4296 nobis
2827 4246 2956 4297 satis
2979 4245 3154 4314 ampla
3203 4248 3498 4303 consolatio

1913 4332 2002 4396 sit,
2031 4333 2169 4401 quod
2198 4333 2359 4386 animi
2387 4336 2550 4388 nostri
2577 4335 2715 4388 inter
2738 4350 2797 4389 se
2825 4335 3054 4391 devincti
3080 4337 3187 4392 sint
3209 4378 3233 4404 ,ν
3252 4341 3497 4409 quodque

1914 4439 2008 4478 vos
2037 4425 2090 4478 in
2127 4425 2290 4480 corde
2335 4435 2516 4480 nostro
2555 4425 2797 4481 conditos
2829 4427 3136 4493 habeamus,
3158 4444 3222 4484 ac
3267 4430 3496 4501 denique

1913 4516 2064 4580 illud,
2089 4517 2232 4585 quod
2287 4516 2402 4571 heri
2425 4527 2478 4572 et
2520 4518 2902 4574 nudiustertius
2931 4534 3026 4575 vos
3045 4521 3333 4577 viderimus
3362 4544 3375 4579 :
3410 4535 3494 4578 ta-

1912 4625 2034 4664 men
2061 4610 2190 4663 nihil
2217 4625 2404 4664 ecrum
2445 4624 2676 4665 niterore
2705 4625 2803 4666 nos
2832 4610 3040 4665 liberat.
3073 4612 3208 4680 Quid
3237 4629 3365 4684 ergo
3389 4618 3490 4683 vis,

1913 4701 1999 4756 dic
2046 4701 2264 4772 quaeso?
2292 4701 2419 4770 quid
2444 4701 2670 4770 expetis,
2695 4703 2802 4757 imo
2829 4711 2933 4757 tam
2961 4705 3304 4761 vehementer
3327 4723 3490 4778 expe-

1913 4797 2013 4848 tis?
2045 4796 2212 4864 lpsam
2241 4810 2424 4850 eorum
2456 4795 2644 4849 faciem
2667 4811 2907 4852 cernere.
2949 4797 3297 4854 Abundantius
3324 4803 3488 4863 enim,

1913 4887 2098 4956 inquit,
2131 4888 2473 4957 festinavimus
2497 4888 2679 4957 faciem
2706 4899 2919 4942 vestram
2938 4889 3104 4942 videre
3128 4890 3204 4961 (1.
3229 4889 3405 4945 Thess.
3434 4897 3488 4945 2.

1911 4981 2022 5047 17).
2057 4979 2189 5045 Quid
2216 4981 2293 5033 ais
2312 5019 2327 5043 ,
2358 4994 2392 5032 ο
2413 4995 2602 5048 magne
2633 4988 2792 5046 atque
2819 4981 3030 5035 excelse
3064 4980 3180 5034 vir?
3207 4981 3305 5048 Qui
3331 4997 3487 5035 mun-

1910 5076 2034 5127 dum
2078 5075 2214 5128 inte
2264 5073 2573 5127 cruciﬁxum
2623 5071 2808 5138 habes,
2855 5073 2967 5142 ipse
3017 5073 3246 5128 vicissim
3291 5076 3490 5129 mundo

1908 5165 2212 5231 cruciﬁxus,
2230 5165 2318 5235 qui
2339 5164 2407 5218 ab
2433 5164 2680 5219 omnibus
2713 5165 3014 5219 carnalibus
3042 5165 3199 5220 rebus
3229 5175 3280 5221 te
3308 5181 3486 5221 remo-

1907 5259 2051 5323 visti,
2078 5259 2168 5328 qui
2208 5272 2342 5326 pene
2381 5258 2620 5326 corporis
2668 5271 2860 5326 expers
2914 5256 3154 5323 eﬁ'ectus,
3196 5260 3392 5314 siccine
3437 5272 3488 5314 te

1906 5353 2172 5420 captivum
2216 5350 2413 5402 caritas
2459 5349 2649 5415 tenuit,
2680 5357 2738 5402 ut
2768 5348 2819 5402 in
2869 5348 3088 5415 luteam,
3124 5363 3186 5403 ac
3217 5357 3484 5404 terrenam

1905 5455 2064 5515 atque
2091 5445 2143 5498 in
2181 5456 2396 5498 sensum
2426 5442 2703 5496 cadentem
2744 5456 2956 5497 carnem
3013 5443 3320 5512 provolutus
3369 5444 3484 5496 sis?

1905 5539 2147 5596 Maxime.
2181 5535 2388 5605 inquit:
2417 5549 2516 5590 nec
2556 5535 2607 5589 id
2637 5534 2816 5590 dicere
2855 5548 2940 5590 me
2965 5533 3145 5603 pudet,
3175 5534 3280 5587 imo
3319 5534 3482 5588 etiam

1905 5648 1970 5688 eo
2021 5630 2234 5686 nomine
2279 5629 2480 5700 glorior
2511 5646 2523 5682 :
2553 5643 2676 5683 nam
2724 5643 2844 5681 cum
2889 5629 3185 5690 caritatem,
3219 5626 3478 5680 bonorum

1902 5723 2136 5779 omnium
2165 5730 2423 5789 matrem,
2451 5721 2502 5775 in
2527 5735 2610 5774 me
2632 5727 2922 5773 scatentem
2971 5718 3214 5783 habeam,
3246 5718 3358 5771 hzct.
3394 5731 3480 5771 re-

1905 5816 2075 5882 quiro.
2149 5812 2328 5882 Neque
2398 5812 2709 5883 simpliciter
2779 5825 3087 5881 corpoream
3143 5808 3479 5872 praesentiam

3063 5903 3134 5964 12
