4078 6434
583 365 681 420 ιςση
1290 363 1345 418 S.
1389 359 2168 420 JOANNIS'CIIIKYSOSTOSII
2210 361 2525 418 ARCHIEP.
2569 362 3101 421 CONSTAN'I'INOP.

582 479 802 548 expetit,
830 492 1013 533 verum
1042 492 1225 532 eorum
1250 479 1438 534 faciem
1466 480 1653 534 intueri
1674 480 1855 549 geStit.
1884 478 2157 533 Abundan-

582 571 679 624 tius
703 569 863 635 enim,
891 569 1062 640 inquit
1086 610 1102 635 ,
1135 570 1478 641 festinaoimus
1508 572 1689 641 faciem
1715 580 1929 625 vestram
1970 570 2153 625 videre.

581 658 935 728 Conspectum
978 659 1136 729 igitur
1178 660 1405 729 expetis,
1448 659 1582 715 heus
1621 671 1698 726 tu,
1725 661 2002 731 vultusque
2038 674 2159 729 spe-

580 749 756 805 ctandi
802 750 1086 820 cupiditate
1133 749 1362 821 flagres?
1410 750 1477 805 Et
1527 752 1744 822 quidem
1794 754 2156 819 vehementer,

582 842 753 911 inquit
781 857 797 894 :
829 843 968 912 quod
998 843 1106 898 illic
1130 857 1382 900 sensuum
1407 844 1753 899 instrumenta
1776 844 1997 900 collecta
2027 845 2160 899 sint.

580 930 761 985 Nudus
791 932 931 987 enim
958 932 1168 986 animus
1190 946 1287 1002 per
1312 947 1373 988 se
1398 948 1520 988 cum
1546 934 1715 987 altero
1734 934 1913 987 animo
1938 933 2161 1003 conjun-

576 1032 715 1087 ctus,
750 1037 847 1077 nec
875 1022 1073 1089 dicere,
1104 1037 1205 1078 nec
1229 1024 1413 1078 audire
1446 1022 1729 1093 quidquam
1759 1026 1955 1094 poterit
1995 1042 2009 1078 :
2035 1035 2089 1079 at
2115 1026 2161 1081 si

579 1114 707 1166 mihi
734 1128 992 1182 corporea
1013 1115 1293 1183 praesentia
1318 1112 1419 1168 frui
1441 1114 1733 1184 contingat,
1751 1124 1805 1169 et
1825 1114 2023 1184 aliquid
2048 1116 2161 1183 ipse

578 1203 773 1268 dicam,
805 1211 859 1256 et
886 1202 953 1258 ab
974 1204 1038 1257 iis
1067 1217 1200 1272 quos
1215 1218 1336 1257 amo
1351 1204 1581 1258 vicissim
1606 1205 1839 1257 audiam.
1872 1203 2158 1273 Propterea

579 1293 767 1349 faciem
799 1303 1028 1349 vestram
1066 1295 1256 1350 intueri
1286 1310 1444 1362 aveo,
1476 1296 1529 1350 in
1566 1311 1671 1366 qua
1713 1296 1887 1367 lingua
1915 1306 2017 1361 est,
2040 1311 2160 1366 quas

580 1399 763 1439 vocem
791 1385 1005 1450 emittit,
1025 1385 1294 1455 animique
1319 1399 1475 1440 sensa
1500 1386 1762 1453 enuntiat,
1792 1394 1847 1441 et
1866 1386 2013 1465 auris
2040 1400 2159 1454 qua:

582 1476 739 1530 terba
784 1476 1012 1544 excipit,
1036 1485 1091 1531 et
1114 1476 1254 1531 oculi
1277 1476 1366 1546 qui
1393 1477 1552 1531 animi
1585 1486 1759 1530 motus
1796 1478 2014 1547 pingunt
2045 1486 2160 1531 :et-

577 1568 719 1619 cnim
746 1566 1003 1621 adamatte
1029 1567 1220 1621 anima:
1246 1572 1519 1622 consortio
1564 1568 1755 1622 melius
1784 1582 1880 1637 per
1923 1567 2013 1621 illa
2056 1566 2157 1620 frui

582 1659 723 1712 licet.

654 1750 743 1805 15.
784 1752 955 1819 Atque
984 1759 1041 1804 ιιι
1069 1750 1331 1820 inteiligas
1358 1758 1611 1819 quantum
1637 1748 1796 1817 hujus
1840 1756 2159 1815 conspectus

581 1841 873 1910 cupiditate
920 1840 1152 1907 ardeat,
1205 1852 1548 1911 posteaquam
1587 1840 1759 1905 dixit,
1808 1839 2158 1893 Abundantius

580 1932 958 1999 festinavitnus,
1012 1934 1111 1987 hac
1157 1925 1412 1989 dictione'
1439 1932 1658 1986 minime
1703 1940 1981 1985 contentus
2020 1930 2155 1996 fuit,

582 2037 765 2076 verum
792 2024 1081 2093 subjungit,
1105 2022 1171 2076 In
1196 2024 1354 2077 multo
1382 2023 1647 2077 desiderio.
1688 2024 1765 2077 Ac
1799 2040 1921 2078 mox
1950 2023 2159 2076 caeteris

580 2128 701 2169 sc:e
744 2114 1037 2170 admiscere
1062 2131 1165 2170 non
1202 2117 1500 2177 sustinens,
1532 2132 1717 2170 verum
1765 2115 2052 2169 ostendens
2100 2128 2159 2167 se

580 2206 701 2260 aliis
740 2208 915 2261 acrius
958 2222 1157 2269 amare,
1192 2216 1471 2276 postquam
1518 2207 1603 2259 his
1652 2205 1827 2260 verbis
1872 2219 2001 2260 usus
2051 2214 2154 2268 est,

582 2297 930 2351 Avunduntius
961 2298 1300 2367 {c.tinauimus
1339 2313 1401 2350 ac
1428 2297 1704 2363 cupivimus
1727 2297 1895 2349 venire
1933 2294 2000 2348 ad
2048 2309 2155 2360 vos,

583 2404 611 2441 ιι
641 2389 858 2458 reliquis
891 2390 1125 2459 seipsum
1152 2390 1483 2459 segregavit,
1513 2389 1794 2458 solumque
1823 2403 1882 2441 se
1921 2396 2159 2442 statuens

583 2480 738 2547 dixit,
761 2480 874 2551 Ego
900 2482 1098 2549 quidem
1122 2480 1318 2535 Paulus
1339 2482 1492 2536 semet
1511 2491 1556 2534 et
1578 2482 1755 2534 iterum
1778 2496 1796 2533 :
1822 2479 1943 2533 hinc
1968 2478 2126 2533 videli
2142 2511 2157 2521 -

581 2582 667 2627 cet
694 2574 984 2629 ostendens
1008 2589 1066 2629 se
1091 2575 1509 2638 vehementiore,
1538 2590 1694 2644 quam
1718 2573 1849 2627 alios
1872 2614 1885 2636 ,
1910 2570 2084 2625 studio
2106 2571 2156 2624 in

582 2663 635 2717 id
659 2663 981 2718 incubuisse.
1011 2663 1226 2731 Postea,
1252 2665 1501 2734 quoniam
1530 2663 1579 2718 id
1601 2664 1822 2717 minime
1845 2672 2159 2730 assequutus

580 2763 679 2818 cst,
707 2754 873 2809 literis
895 2771 999 2810 non
1029 2765 1341 2823 contentus,
1378 2757 1581 2811 socium
1603 2755 2157 2823 suum'Timotheum‘,

581 2845 671 2913 qui
696 2844 967 2900 literarum
1006 2847 1175 2900 instar
1208 2847 1307 2917 ipsi
1329 2849 1537 2901 futurus
1565 2856 1703 2902 esset
1724 2888 1739 2912 ,
1769 2848 1833 2901 ad
1860 2855 2157 2902 extremum

582 2935 741 2988 mittit
763 2951 777 2998 ;
808 2944 1023 3004 propter
1042 2936 1181 3006 quod
1205 2937 1419 3005 adjecit,
1448 2936 1572 2991 Ideo
1592 2954 1692 2990 non
1709 2938 1845 2991 ultra
1864 2938 2161 2992 sustinentes

582 3023 660 3095 (Ι.
687 3023 858 3078 Thess.
892 3026 945 3080 5.
978 3026 1047 3094 l).
1078 3026 1121 3080 Ο
1140 3026 1385 3080 dictionis
1407 3027 1731 3082 nobilitatem
1757 3043 1820 3082 ac
1848 3028 1973 3091 vim,
1995 3028 2158 3097 ipsius

580 3116 873 3177 caritatem,
900 3130 1018 3185 qua:
1047 3116 1190 3171 nullo
1210 3117 1361 3172 freno
1388 3119 1619 3173 coerceri
1640 3133 1705 3173 ac
1723 3118 1935 3173 tolerari
1959 3129 2155 3188 posset,

579 3209 1126 3263 commonstrantem!
1160 3208 1225 3262 Et
1278 3209 1416 3263 sicut
1461 3224 1581 3263 eum
1638 3209 1755 3278 quis
1788 3209 1924 3278 ignis
1971 3208 2161 3264 ardore

581 3296 881 3366 deﬂagrans
901 3339 915 3362 ,
944 3307 1103 3367 atque
1130 3298 1357 3353 incendii
1385 3300 1631 3354 solatium
1667 3300 1877 3369 aliquod
1920 3300 2161 3355 invenire

580 3388 821 3453 studens,
865 3390 1067 3444 nullum
1109 3405 1212 3443 non
1254 3390 1481 3460 lapidem
1520 3399 1743 3445 movet:
1775 3390 1962 3445 eodem
2000 3391 2161 3447 modo

585 3481 671 3535 hic
694 3495 924 3550 quoque,
956 3497 1075 3536 cum
1106 3481 1496 3546 incenderetur,
1518 3482 1917 3551 praefocaretur,
1947 3480 2159 3536 inflam-

584 3580 835 3637 maretur,
860 3582 1014 3641 prout
1040 3572 1229 3626 licebat
1255 3581 1310 3627 et
1348 3571 1463 3627 fieri
1494 3581 1718 3641 poterat,
1743 3572 2159 3627 consolationem

579 3659 913 3729 excogitavit.
961 3659 1081 3714 Non
1105 3662 1245 3716 enim
1262 3663 1378 3732 jam
1417 3662 1712 3716 sustinentes
1735 3703 1751 3728 ,
1784 3662 1986 3731 inquit,
2015 3662 2159 3715 misi-

580 3765 693 3802 mus
719 3747 1031 3803 Timotheum
1051 3791 1067 3817 ,
1095 3751 1339 3822 euangelii
1363 3752 1647 3805 ministrum
1668 3792 1684 3819 ,
1724 3752 1913 3806 socium
1933 3761 1980 3806 et
2003 3752 2128 3822 adju
2142 3781 2159 3793 -

582 3847 738 3890 torem
763 3849 987 3893 nostrum
1005 3880 1021 3903 ,
1051 3856 1114 3895 ac
1142 3841 1437 3897 membrum
1462 3842 1516 3896 in
1540 3841 1723 3911 primis
1750 3841 2106 3901 necessarium
2131 3857 2159 3895 a

580 3938 768 3985 uestro
805 3940 947 3984 cmtu
975 3932 1293 3999 avellentes,
1321 3948 1385 3987 ac
1408 3948 1694 3989 manerem
1738 3948 1968 3989 maerore
2009 3948 2160 3989 com-

581 4027 866 4076 mutantes.
906 4020 1034 4074 Nam
1084 4023 1227 4091 quod
1268 4038 1335 4078 ne
1385 4024 1549 4093 ipsius
1596 4024 1808 4094 quidem
1861 4026 2158 4081 absentiam

582 4111 734 4166 facile
774 4112 971 4179 ferret,
1004 4127 1187 4165 verum
1233 4114 1467 4182 ipsorum
1497 4130 1656 4170 causa
1692 4116 1829 4169 hanc
1864 4117 2159 4171 molestiam

580 4205 891 4275 susciperet,
921 4206 1025 4261 hoc
1058 4219 1268 4275 quoque
1308 4207 1478 4276 ipsum
1521 4208 1604 4261 his
1648 4208 1823 4263 verbis
1863 4209 2109 4263 indicavit
2142 4227 2155 4263 :

582 4292 786 4348 Placuit
810 4295 948 4349 nobis
975 4310 1179 4351 manere
1202 4296 1341 4348 solis.
1364 4298 1409 4349 Ο
1430 4290 1662 4351 animum
1690 4297 1741 4351 in
1767 4299 1932 4367 ipsam
1969 4300 2161 4353 carita-

580 4393 687 4438 tem
716 4395 971 4441 mulatum
997 4389 1010 4442 l
1039 4388 1326 4461 Postquam
1357 4389 1497 4441 enim
1526 4389 1594 4443 ab
1623 4404 1727 4445 uno
1765 4390 1925 4445 fratre
1952 4391 2156 4460 disjun-

580 4486 696 4531 ctus
715 4488 817 4545 est,
848 4480 1017 4535 solum
1039 4496 1096 4537 se
1117 4497 1235 4537 esse
1260 4488 1351 4549 ait,
1376 4481 1534 4549 idque
1554 4497 1674 4536 cum
1706 4492 1784 4538 tot
1811 4483 1945 4537 alios
1979 4499 2157 4539 secum

580 4566 821 4621 ltaberet.

654 4660 922 4716 Patientia
950 4680 1154 4718 merces.
1180 4694 1248 4705 -—
1266 4665 1388 4719 Haec
1418 4668 1581 4735 igitur
1608 4666 1717 4733 ipsa
1751 4682 1961 4735 quoque
1988 4676 2158 4723 tecum

580 4764 841 4822 perpetuo
870 4756 1151 4822 meditare,
1179 4770 1231 4813 et
1252 4774 1361 4828 quo
1385 4772 1447 4815 ea
1476 4774 1564 4815 res
1584 4760 1880 4815 cruciatum
1922 4761 2014 4815 tibi
2044 4776 2158 4815 ma-

572 4848 746 4914 jorem
796 4847 971 4915 atl‘ert,
1022 4865 1088 4905 eo
1133 4852 1290 4906 etiam
1319 4868 1435 4907 eam
1464 4894 1479 4919 ,
1508 4854 1554 4908 si
1595 4864 1751 4924 grato
1781 4854 1960 4907 animo
1992 4854 2156 4921 feras,

580 4939 836 5006 majorem
865 4941 1091 4997 fructum
1116 4944 1394 4999 allaturam
1422 4962 1542 5002 esse
1566 4948 1833 5002 existima.
1867 4946 1979 5001 Non
2016 4949 2157 5003 enim

579 5046 852 5099 corpoer
873 5034 1147 5091 dumtaxat
1174 5039 1338 5107 plaga:
1369 5039 1546 5104 illatae,
1580 5040 1673 5096 sed
1695 5043 1854 5095 etiam
1882 5041 2045 5096 animi
2063 5042 2161 5095 do-

582 5121 665 5174 lor
690 5122 835 5176 omni
864 5138 1110 5180 sermone
1141 5128 1479 5182 sublimiores
1502 5145 1729 5186 coronas
1749 5132 1899 5187 affert
1918 5176 1932 5197 ,
1957 5141 2013 5187 et
2042 5133 2160 5200 qui-

579 5210 703 5265 dem
731 5212 892 5266 animi
918 5214 1073 5269 dolor
1099 5218 1264 5286 magis
1306 5232 1463 5287 quam
1491 5222 1751 5286 corporis,
1781 5238 1899 5275 eum
1932 5224 2018 5292 qui
2072 5220 2155 5277 fe-

583 5300 811 5367 riuntur,
843 5319 965 5359 cum
1011 5308 1299 5376 gratiarum
1327 5309 1539 5363 actione
1570 5310 1763 5366 ferunt.
1794 5312 2154 5379 Quemadmo-

581 5395 707 5447 dum
739 5395 896 5463 igitur
920 5396 963 5449 si
984 5411 1207 5467 corpore
1232 5400 1462 5455 lacerata
1488 5402 1902 5473 verberibusque
1919 5407 2152 5472 concisa,

583 5482 705 5538 forti
730 5500 791 5539 ac
812 5501 1070 5556 generoso
1090 5491 1266 5545 animo
1293 5491 1344 5545 id
1376 5492 1560 5559 ferres,
1592 5493 1788 5564 Deique
1810 5496 2031 5564 gloriam
2057 5498 2157 5554 hoc

579 5579 796 5634 nomine
825 5580 1165 5649 pncdicares,
1199 5585 1463 5653 ingentem
1496 5586 1617 5641 hinc
1640 5590 1941 5643 mercedem
1970 5605 2158 5645 conse-

642 5708 657 5739 ¹
692 5706 908 5772 Colsliu.,
934 5721 1074 5776 caput
1096 5716 1330 5765 sociorum
1345 5729 1540 5769 suorum
1567 5720 1868 5773 Timotheum.
1893 5721 2011 5772 taTra
2029 5724 2157 5775 idem

587 5773 674 5824 has
699 5785 857 5837 voces,
877 5782 932 5831 ad
963 5773 1247 5841 cruentum,
1272 5780 1464 5830 omittit.

3733 364 3841 420 b7!

2263 479 2509 547 quereris
2542 496 2553 532 :
2583 480 2774 537 eodem
2816 481 2978 537 modo
2997 522 3014 548 ,
3042 496 3164 538 cum
3192 480 3308 537 hac
3346 482 3555 537 animus
3586 490 3704 536 tuus
3747 497 3846 552 pa-

2265 568 2445 635 tiatur,
2471 582 2658 639 magna
2686 569 2810 624 hinc
2836 570 3052 640 praemia
3077 579 3347 640 exspecta.
3374 570 3667 640 Exspectes
3689 572 3849 625 velim

2260 657 2423 711 etiam
2476 658 2593 713 fore
2641 659 2861 713 omnino
2886 700 2902 726 ,
2959 668 3020 716 ut
3060 673 3274 715 rursum
3312 674 3409 714 nos
3439 659 3643 726 videas,
3688 670 3852 729 atque

2265 747 2368 803 hoc
2403 749 2593 805 dolore
2646 751 2911 814 libereris,
2961 751 3304 822 amplumque
3345 760 3401 807 et
3424 750 3645 813 uberem
3690 750 3852 819 hujus

2264 838 2465 894 doloris
2481 850 2765 909 qutestum,
2788 850 2843 894 et
2864 842 3087 909 posthac
3106 850 3162 896 et
3182 855 3345 907 nunc,
3376 841 3657 910 percipias.
3675 840 3852 907 Atque

2268 931 2382 984 hare
2409 930 2501 985 tibi
2552 930 2619 986 ad
2669 932 2922 988 mmroris
2950 932 3193 989 levamen
3225 932 3536 987 sufficiunt:
3569 934 3678 988 imo
3715 946 3848 988 vero

2266 1035 2370 1076 non
2403 1021 2494 1075 tibi
2543 1020 2857 1089 dumtaxat,
2891 1036 3081 1078 verum
3107 1022 3267 1078 etiam
3297 1022 3467 1077 cuivis
3488 1062 3503 1087 ,
3553 1021 3853 1093 quamlibet

2264 1112 2465 1182 alioqui
2494 1113 2708 1167 vecordi
2739 1128 2802 1167 ac
2835 1128 2994 1169 saxea
3018 1122 3203 1170 mente
3234 1113 3480 1184 praedito.
3505 1112 3573 1167 At
3592 1114 3678 1169 ubi
3702 1121 3850 1168 tanta

2266 1204 2542 1274 prudentia
2568 1214 2691 1271 est,
2726 1200 2987 1274 tantamne
3028 1205 3240 1276 pietatis
3276 1204 3493 1271 divitia‘,
3528 1213 3742 1276 tamque
3761 1220 3854 1259 suo

2269 1294 2445 1349 blimis
2464 1295 2823 1365 philosophia,
2847 1307 3005 1367 atque
3035 1298 3247 1352 animus
3285 1312 3464 1351 rerum
3486 1296 3707 1367 hujusce
3726 1296 3854 1351 vita

2265 1400 2512 1454 pompam
2559 1387 2914 1455 proculcans,
2969 1388 3077 1442 illic
3128 1402 3341 1458 quoque
3394 1387 3603 1443 facilior
3626 1388 3851 1443 curandi

2266 1476 2437 1530 morbi
2472 1476 2609 1530 ratio
2644 1487 2747 1531 cst.
2775 1477 3034 1543 Quocirca
3071 1478 3124 1530 in
3164 1477 3267 1531 hoc
3291 1491 3505 1547 quoque
3537 1487 3680 1534 tuam
3723 1490 3854 1547 erga

2266 1580 2362 1619 nos
2388 1566 2662 1619 caritatem
2694 1566 2937 1633 ostende,
2963 1567 3106 1636 quod
3133 1581 3396 1636 magnam,
3422 1568 3585 1622 etiam
3608 1569 3853 1623 scriben-

2264 1663 2361 1720 tes,
2398 1655 2535 1725 apud
2561 1666 2613 1711 te
2637 1658 3008 1712 auctoritatem
3039 1657 3405 1723 obtineamus,
3452 1673 3550 1714 nec
3580 1660 3850 1714 minorem

2262 1762 2421 1817 quam
2465 1750 2508 1803 si
2560 1760 2856 1819 pra'sentcs
2909 1764 3170 1805 essemus.
3200 1750 3336 1805 Illud
3360 1760 3538 1805 autem
3571 1751 3855 1820 perspicue

2264 1839 2680 1902 demoustrabis,
2703 1840 2747 1893 si
2773 1840 2954 1894 literas
2986 1850 3195 1893 nostras
3218 1840 3415 1909 aliquid
3438 1838 3736 1910 profecisse
3764 1840 3854 1893 in-

2265 1930 2585 2000 telligamus,
2620 1945 2719 1985 nec
2744 1930 2941 1999 aliquid
2973 1939 3205 1996 tantum,
3247 1930 3343 1985 sed
3389 1941 3645 2001 quantum
3692 1932 3855 2001 cupi-

2264 2036 2406 2075 mus.
2434 2020 2689 2090 Cupimus
2740 2036 2900 2091 porro
2928 2030 2978 2075 te
3008 2023 3061 2074 in
3088 2022 3274 2076 eadem
3303 2022 3465 2075 animi
3514 2022 3695 2075 laatitia
3723 2038 3853 2077 vcr-

2264 2111 2391 2175 sari,
2438 2111 2619 2180 inqua
2650 2120 2736 2175 te,
2783 2126 2902 2166 cum
2957 2112 3075 2166 istic
3127 2125 3405 2178 essemus,
3473 2112 3851 2167 cernebamus.

2262 2204 2415 2269 Quod
2440 2204 2483 2257 si
2516 2204 2656 2258 istud
2684 2204 3038 2273 intelligamus
3057 2245 3073 2271 ,
3098 2203 3235 2258 haud
3268 2218 3480 2273 parvam
3513 2218 3612 2258 nos
3636 2218 3857 2274 quoque

2264 2294 2572 2349 solitudinis
2598 2295 2775 2364 hujus,
2804 2295 2855 2349 in
2883 2310 2985 2364 qua
3019 2310 3162 2348 nunc
3190 2308 3396 2359 sumus,
3427 2294 3853 2350 consolationem

2262 2372 2557 2453 capiemus.
2583 2385 2764 2454 Itaque
2792 2386 2836 2440 si
2870 2385 2964 2439 tibi
2994 2399 3091 2440 nos
3111 2386 3162 2439 in
3190 2385 3379 2455 majori
3406 2386 3569 2440 animi
3588 2386 3855 2456 tranquil-

2265 2478 2412 2531 litate
2440 2478 2769 2533 constituere
2790 2476 2938 2531 cordi
2968 2485 3080 2539 est;
3111 2478 3225 2531 scio
3247 2487 3424 2531 autem
3457 2488 3509 2532 te
3538 2477 3590 2530 id
3623 2478 3759 2532 velle
3797 2487 3856 2532 et

2264 2584 2585 2639 magnopere
2638 2584 2828 2624 curare
2859 2587 2871 2622 :
2909 2568 3038 2623 illud
3078 2572 3159 2623 l‘ac
3196 2570 3434 2623 sciamus
3458 2609 3473 2633 ,
3532 2579 3583 2643 te
3632 2584 3853 2623 omnem

2264 2661 2510 2715 mceroris
2547 2659 2830 2713 colluviem
2876 2658 2972 2713 abs
3003 2668 3055 2713 te
3099 2646 3430 2713 submovisse
3456 2701 3470 2723 ,
3507 2669 3729 2728 tuasque
3760 2674 3855 2713 res

2267 2750 2553 2820 tranquillo
2579 2751 2630 2804 in
2661 2759 2799 2803 statu
2828 2764 2947 2804 esse
2977 2768 2989 2803 :
3019 2764 3079 2803 ac
3112 2749 3263 2803 ttobis
3310 2750 3445 2803 hanc
3483 2758 3677 2803 uestra:
3721 2764 3851 2817 erga

2266 2850 2319 2896 te
2365 2840 2743 2896 benevolentiae
2788 2840 3091 2895 mercedem
3141 2838 3396 2909 repende.
3451 2838 3564 2893 Non
3614 2839 3758 2893 enim
3798 2850 3855 2892 te

2268 2934 2413 3002 fugit.
2446 2946 2549 2985 non
2588 2933 2799 3000 inquam
2844 2930 3083 3000 profecto
3130 2940 3181 2984 te
3230 2930 3383 2999 fugit,
3413 2938 3774 2999 quantopere,
3804 2929 3855 2983 si

2268 3024 2367 3079 hoc
2396 3024 2726 3093 praestiteris,
2759 3023 2827 3077 de
2855 3038 3027 3092 eoque
3077 3037 3177 3077 nos
3224 3036 3320 3092 per
3362 3022 3544 3076 literas
3591 3020 3853 3076 certiores

2268 3112 2477 3177 feceris,
2510 3114 2744 3166 animum
2768 3122 3005 3166 nostrum
3032 3123 3334 3166 recreatura
3368 3112 3463 3167 sis.

2658 3246 2737 3299 Ad
2766 3247 2991 3300 eamdem
3021 3246 3165 3314 epist.
3209 3240 3303 3297 Ill
3354 3244 3452 3313 (a).

2338 3386 2389 3438 l.
2413 3384 2523 3439 Nec
2561 3399 2783 3454 corpora
2810 3400 2894 3451 ea,
2924 3398 3045 3453 qute
3073 3398 3193 3438 cum
3219 3382 3365 3453 gravi
3391 3381 3539 3437 febre
3566 3382 3852 3439 colluctata

2267 3485 2409 3539 sunt,
2458 3485 2787 3530 contractum
2812 3492 2875 3530 ex
2918 3474 3070 3531 febre
3099 3474 3503 3535 detrimentum,
3534 3490 3633 3529 nec
3684 3478 3853 3531 maris

2264 3580 2416 3635 aqua:
2442 3607 2457 3631 ,
2489 3568 2681 3636 quibus
2702 3582 2822 3622 cum
2850 3568 3006 3622 smvis
3035 3567 3207 3621 ventis
3234 3575 3507 3621 certamen
3537 3566 3653 3630 fuit,
3684 3582 3803 3621 eam
3831 3608 3850 3633 ,

2265 3674 2423 3728 quam
2465 3658 2659 3713 ﬂuctus
2711 3659 3033 3721 attulerunt,
3068 3667 3435 3726 tempestatem
3491 3656 3670 3711 subito
3688 3656 3856 3725 depo-

2267 3759 2419 3811 nunt,
2449 3763 2633 3803 verum
2653 3749 2850 3803 sensim
2880 3762 2942 3802 ac
2970 3747 3246 3816 paulatim.
3277 3746 3411 3801 Nam
3438 3756 3493 3801 et
3532 3746 3853 3816 corporibus

2267 3842 2507 3909 longiore
2554 3841 2808 3909 temporis
2852 3840 3025 3907 spatio
3050 3840 3115 3892 ad
3165 3840 3266 3893 hoc
3314 3854 3448 3908 opus
3472 3847 3590 3905 est,
3626 3848 3682 3893 ut
3728 3848 3854 3906 post

2265 3932 2512 4000 depulsus
2543 3930 2714 3986 febres
2734 3931 2798 3985 ad
2824 3931 3084 3998 integram
3112 3929 3391 3983 sanitatem
3426 3928 3667 3993 redeant,
3693 3944 3852 3984 eam.

2265 4039 2369 4094 que
2398 4038 2555 4094 quam
2579 4023 2709 4093 ipsis
2730 4022 2945 4077 morbus
2975 4022 3232 4091 reliquam
3256 4021 3397 4085 fecit,
3428 4020 3849 4077 imbecillitatem

2264 4114 2693 4182 abstergantwt
2734 4126 2902 4181 aqum,
2964 4112 3166 4165 sedatis
3215 4113 3376 4167 etiam
3424 4113 3615 4177 ventis,
3645 4111 3853 4166 diutius

2264 4204 2438 4259 adhuc
2462 4206 2729 4274 agitantur
2768 4214 2821 4258 et
2852 4204 3161 4270 incitantur,
3191 4219 3492 4273 magnoque
3522 4205 3720 4273 impetu
3766 4204 3851 4260 fe-

2264 4308 2452 4352 runtur
2473 4314 2534 4351 ac
2558 4299 2893 4366 reciprocam
2917 4338 2931 4360 ,
2963 4306 3122 4366 atque
3145 4296 3417 4366 aliquanto
3443 4307 3682 4365 tempore
3710 4297 3852 4351 indi-

2264 4399 2419 4459 gent,
2465 4398 2523 4442 ut
2567 4387 2634 4442 ad
2669 4389 2927 4457 integram
2958 4387 3394 4456 tranquillitatem
3442 4387 3683 4442 redeant.
3736 4386 3853 4444 lloc

2266 4494 2424 4547 porro
2458 4478 2697 4548 prmludii
2728 4494 2921 4549 genere
2965 4494 3070 4533 non
3104 4488 3305 4533 temere
3335 4479 3399 4533 ad
3430 4489 3480 4533 te
3505 4494 3633 4533 usus
3679 4494 3795 4534 sum
3832 4499 3846 4534 :

2263 4590 2447 4629 verum
2480 4582 2537 4628 ut
2576 4574 2857 4643 intelligas,
2886 4589 2985 4629 nos
3031 4577 3349 4631 necessitate
3375 4576 3635 4631 adductos
3674 4593 3793 4632 esse
3826 4618 3845 4642 ,

2266 4678 2320 4721 ut
2350 4668 2485 4722 hanc
2511 4668 2789 4737 epistolam
2820 4668 2883 4721 ad
2912 4678 2963 4722 te
2991 4668 3342 4722 mitteremus.
3374 4668 3503 4723 Nam
3548 4671 3647 4724 etsi
3695 4685 3837 4726 mm-

2269 4760 2407 4814 roris
2467 4760 2811 4831 tyrannidem
2877 4759 3242 4829 superioribus
3289 4760 3459 4814 literis
3498 4762 3848 4827 sustulimus,

2265 4850 2532 4921 ipsiusque
2560 4866 2737 4905 arcem
2793 4850 3116 4905 evertimus:
3146 4860 3320 4905 tamen
3372 4852 3598 4906 orationi
3648 4862 3851 4909 nostra

2266 4942 2462 5013 ingenti
2492 4941 2667 4995 adhuc
2687 4940 2997 4997 assiduitate
3014 4956 3145 5010 opus
3157 4952 3259 5006 est,
3279 4952 3337 5003 ut
3356 4942 3519 4995 altam
3545 4943 3639 4996 tibi
3661 4957 3848 5011 pacem

2270 5034 2536 5099 conciliet,
2567 5048 2628 5087 ac
2652 5032 2827 5086 deleta
2856 5032 3311 5100 perturbationum
3334 5033 3598 5098 omnium,
3626 5048 3747 5103 quas
3773 5048 3846 5087 ex

2266 5126 2358 5179 illo
2404 5140 2602 5195 angore
2650 5124 2952 5189 ﬂuxerunt,
2984 5126 3275 5189 memoria,
3330 5125 3611 5179 candidam
3662 5125 3753 5179 tibi
3786 5139 3851 5179 ac

2264 5218 2466 5268 cc'rtam
2500 5214 2933 5283 tranquillitatem
2962 5214 3225 5278 ostendat,
3254 5226 3412 5285 atque
3442 5217 3493 5270 in
3525 5230 3713 5286 magna
3727 5215 3851 5269 an'b

2266 5306 2337 5359 mi
2359 5306 2633 5359 alacritate
2660 5316 2710 5359 te
2740 5306 2986 5361 collucet.
3023 5305 3077 5359 ld
3107 5307 3247 5359 enim
3281 5321 3419 5361 nunc
3440 5322 3560 5377 ago,
3582 5316 3740 5377 atque
3790 5307 3848 5362 in

2262 5410 2330 5452 eo
2356 5394 2594 5460 elabora,
2632 5404 2687 5448 ut
2712 5410 2819 5449 non
2865 5395 3026 5449 modo
3065 5396 3273 5449 tristitia
3311 5405 3360 5449 te
3391 5396 3634 5462 liberem,
3655 5410 3848 5451 verum

2263 5490 2423 5545 etiam
2454 5488 2651 5556 ingenti
2692 5502 2754 5541 ac
2784 5498 3033 5557 perpetua
3065 5490 3330 5557 voluptate
3360 5487 3695 5557 perfundam.
3729 5488 3845 5545 Hoc

2263 5582 2406 5635 enim
2441 5578 2552 5631 ﬁeri
2605 5588 2813 5647 potest,
2847 5582 2889 5633 si
2920 5580 3133 5649 quidem
3165 5580 3320 5635 velis.
3350 5580 3463 5635 Non
3483 5581 3627 5636 enim
3657 5580 3708 5633 in
3740 5595 3841 5635 na-

2264 5684 2397 5728 tura:
2426 5670 2648 5743 legibus,
2671 5686 2803 5739 quas
2829 5671 3088 5727 revellere
3109 5680 3265 5742 atque
3288 5672 3578 5728 immutare
3592 5684 3702 5725 non
3718 5683 3837 5740 pos.

2331 5785 2404 5849 (α)
2436 5787 2617 5850 Scripta
2637 5790 2835 5843 Cucuso,
2852 5794 2978 5833 anno
2997 5783 3104 5833 40L
