4078 6430
216 384 321 441 571

215 519 406 589 τέρως
455 518 584 590 γάρ,
632 518 829 589 φησὶν,
872 516 1349 587 ἐσπουδάσαμεν
1382 515 1450 570 τὸ
1487 515 1818 582 πρόσωπον

217 605 392 676 ὑμῶν
424 605 592 662 ἰδεῖν.
625 606 838 676 Ὄφεως
880 602 975 660 οὖν
1005 605 1158 677 ἐρᾷς,
1195 604 1317 658 είπέ
1369 621 1481 674 μοι,
1507 604 1602 657 καὶ
1643 619 1818 674 προσ-

217 692 375 748 ὠπου
401 692 633 763 θεωρίας
669 693 995 764 ἐπιθυμεϊς;
1050 692 1162 747 Kal
1204 691 1431 764 σφόδρα,
1465 690 1652 762 φησὶν,
1690 688 1820 743 ἔνθα

216 779 330 835 τῶν
375 780 747 852 αἰσθητηρίων
802 783 836 853 ή
884 782 1203 850 συναγωγή.
1255 777 1418 850 Ψυχὴ
1465 778 1577 850 γάρ
1632 777 1817 848 γυμνὴ

217 867 346 923 καθ’
397 869 600 939 ἑαυτὴν
638 869 800 940 ἑτέρα
841 867 987 940 ψυχῇ
1032 868 1432 939 συγγενομένη,
1469 865 1597 920 οὐτε
1644 864 1817 920 είπεῖν

216 972 296 1021 τι,
322 955 448 1010 οὔτε
487 955 719 1010 ἀκοῦσαι
754 954 1042 1025 δυνήσεται
1065 973 1077 986 ο
1109 955 1430 1026 σωματικῆς
1467 953 1524 1007 δέ
1565 953 1632 1008 ἂν
1676 955 1815 1007 ἁπο-

214 1043 407 1098 λαύσω
435 1044 763 1115 παρουσίας,
794 1043 891 1096 καὶ
931 1042 1042 1113 ἐρῶ
1083 1060 1158 1106 τι,
1205 1043 1293 1098 καὶ
1322 1039 1630 1112 ἀκούσομαι
1665 1037 1817 1112 παρά

215 1129 331 1186 τῶν
372 1132 773 1203 ἀγαπωμένων.
810 1133 911 1184 Διά
950 1131 1109 1185 τοῦτο
1137 1130 1391 1199 ἐπιθυμῶ
1417 1130 1486 1183 τὸ
1523 1130 1816 1201 πρόσωπον

217 1220 377 1292 ὑμῶν
407 1218 568 1286 ἰδεῖν,
624 1218 752 1272 ἔνθα
783 1220 878 1273 κα)⁸
922 1217 1144 1288 γλῶττά
1179 1218 1297 1271 ἐστι
1348 1217 1533 1289 φωνὴν
1564 1217 1813 1286 ἀφιεῖσα,

217 1308 316 1362 καὶ
351 1308 424 1361 τὰ
471 1307 619 1361 ἔνδον
666 1309 798 1378 ήμῖν
840 1305 996 1380 [551]
1038 1305 1496 1374 ἀπαγγέλλουσα,
1543 1304 1640 1357 καὶ
1677 1302 1817 1372 ἀκοὴ

219 1397 446 1467 ῥήματα
487 1395 793 1466 δεχομένη,
845 1397 940 1449 καὶ
993 1393 1266 1464 ὀφθαλμοὶ
1307 1394 1585 1463 κινήματα
1635 1391 1817 1462 ψυχῆς

216 1483 760 1556 ᾱαζωγραφοῦντεςο
810 1483 905 1536 καὶ
949 1481 1060 1553 γάρ
1102 1481 1204 1552 τῆς
1245 1479 1592 1556 ποθουμένης
1634 1480 1816 1550 ψυχῆς

214 1544 556 1628 διά’τόιὶτι.;ν
595 1544 987 1646 ἀκρίὸέστερον
1161 1544 1460 1626 ’συνουσίας
1494 1544 1659 1622 ἔστιν⁷

215 1660 441 1715 λαῦσαι.

292 1748 386 1817 ιγ’.
408 1749 519 1802 Kal
540 1749 624 1801 ἵνα
655 1747 831 1818 μάθῃς
863 1746 981 1810 πῶς
1016 1747 1299 1799 ἐκκαίεται
1332 1747 1414 1808 είς
1445 1745 1544 1816 τὴν
1578 1743 1814 1816 θεωρίαν

214 1837 456 1906 ταύτην,
495 1836 687 1900 είπὼν,
717 1833 1167 1904 Περισσοτέρως
1181 1833 1678 1904 ἐσπουδάσαμεν,
1712 1833 1814 1886 οὐκ

214 1924 462 1997 ἠρκέσθη
496 1926 563 1994 τῇ
594 1923 738 1987 λέξει
761 1921 957 1993 ταύτῃ,
989 1921 1106 1974 ἀλλ’
1134 1923 1436 1993 ἐπήγαγεν,
1474 1923 1577 1974 Ἐν
1605 1919 1812 1990 πολλῇ

212 2013 504 2080 ἐπιθυμίᾳ
530 2021 580 2062 ⁸.
617 2005 751 2064 Εἶτα
783 2010 883 2063 οὐκ
919 2008 1248 2080 ἀνεχόμενος
1290 2009 1484 2062 ἐαυτὸν
1520 2007 1661 2079 μετά
1703 2007 1812 2060 τῶν

215 2099 397 2154 ἀλλων
433 2097 800 2167 ἐγκαταμίξαι
823 2136 837 2160 ,
873 2095 1013 2150 ἀλλά
1040 2096 1290 2159 δεικνὺς,
1334 2097 1416 2150 ὅτι
1453 2095 1813 2167 σφοδρότερον

211 2185 326 2238 τῶν
347 2185 526 2239 ἀλλων
555 2184 718 2253 φιλεῖ,
754 2184 948 2247 εἰπὼν,
973 2183 1058 2236 ὅτι
1103 2182 1554 2252 Περισσοτέρως
1588 2184 1813 2237 ἐσπου-

211 2272 526 2341 δάσαμεν,
577 2271 676 2325 καί
723 2271 1113 2339 ἠθελήσαμεν
1164 2270 1369 2326 ἐλθεῖν
1429 2269 1581 2339 πρὸς
1615 2271 1808 2339 ὑμᾶς,

210 2361 530 2431 ἀπέρρηξεν
573 2360 767 2412 ἑαυτὸν
815 2357 924 2411 τῶν
960 2357 1165 2412 λοιπῶν
1191 2399 1205 2423 ,
1237 2359 1334 2411 καὶ¹
1378 2358 1540 2428 μόνον
1581 2360 1810 2430 στήσας,

209 2449 532 2520 ἐπήγαγεν·
577 2445 718 2516 Ἐγὼ
755 2446 872 2516 μὲν
915 2446 1161 2513 Παῦλος
1195 2445 1296 2500 καί
1334 2446 1498 2512 ἅπαξ
1538 2448 1636 2502 καὶ
1694 2446 1809 2513 δίς,

207 2536 428 2599 δεικνὺς
451 2535 534 2588 ὃτι
566 2535 728 2587 πλέον
753 2534 862 2588 τῶν
886 2535 1062 2588 ἀλλων
1086 2533 1439 2599 ἐσπούδαζεν.
1464 2531 1598 2588 Εἶτα
1621 2535 1811 2608 ἐπειδὴ

207 2622 314 2674 οὐκ
344 2621 576 2691 ἐπέτυχε
612 2620 799 2674 τούτου
821 2661 836 2684 ,
867 2621 969 2674 οὐκ
1001 2624 1254 2695 apum;
1294 2624 1408 2684 τοῖς
1453 2624 1808 2693 γράμμασιν,

207 2707 350 2762 ἀλλά
377 2712 587 2778 πέμπει
609 2707 669 2761 τὸ
691 2709 1008 2777 κεφάλαιον,
1036 2709 1127 2762 τὸν
1180 2710 1279 2762 σὺν
1300 2708 1448 2778 αὐτῷ
1469 2710 1497 2749 δ
1522 2711 1808 2780 Τιμόθεον,

208 2798 305 2850 τὸν
335 2800 459 2851 ἀντὶ
489 2798 839 2868 γραμμάτων
873 2798 1134 2868 ἐσόμενον
1167 2797 1320 2869 αὐτῷ
1341 2814 1354 2827 °
1383 2798 1463 2851 διὸ
1494 2802 1587 2852 καὶ
1612 2800 1809 2869 ἐπάγει

209 2885 389 2954 λέγων
410 2902 422 2915 ·
463 2885 561 2938 Διὸ
589 2886 806 2954 μηκέτι
833 2886 1258 2954 στέγοντες-,Ὢ
1296 2886 1460 2940 πάλιν
1487 2887 1684 2952 λέξεως
1717 2889 1809 2942 εὐ-

210 2973 433 3041 γένειαι
482 2973 528 3025 ὣ
564 2974 777 3044 ρήσεως
834 2973 1093 3044 δύναμις,
1155 2973 1253 3044 τὴν
1293 2975 1601 3028 ἀκάθεκτον
1643 2975 1808 3030 αὐτοῦ

209 3061 308 3113 καὶ
350 3061 732 3131 άκαρτέρητον
772 3061 995 3131 ἀγάπην
1049 3061 1303 3134 δηλοῦσαί
1360 3065 1470 3118 Kal
1513 3064 1588 3128 ὡς
1627 3065 1693 3118 ἄν
1726 3081 1809 3128 τις

209 3149 675 3220 ἐμπυριζόμενος,
724 3153 816 3204 καί
855 3151 1034 3222 ζητῶν
1063 3163 1084 3190 ο
1116 3153 1211 3206 τοῦ
1245 3153 1597 3225 ἐμπυρισμοῦ
1629 3170 1809 3226 παρα-

212 3237 417 3306 μυθίαν
461 3238 583 3291 τινά
641 3238 856 3308 εὑρεῖν,
899 3242 1297 3294 πάντα-κινεῖ·
1347 3241 1490 3295 οὕτω
1537 3243 1603 3314 δὴ
1655 3237 1810 3304 οὗτος

208 3329 609 3398 ἀναπτόμενος,
643 3329 966 3398 ἀγχόμενος,
1007 3331 1319 3401 καιόμενος,
1358 3332 1502 3386 κατὰ
1535 3333 1595 3386 τὸ
1633 3334 1810 3403 ὲγχω·

211 3414 341 3486 ροῦν
389 3415 489 3486 τὴν
541 3415 774 3487 δυνατὴν
826 3417 1092 3489 ἐπενόησε
1146 3420 1529 3490 παραμυθίαν.
1579 3420 1808 3489 Μηκέτι

210 3505 318 3575 γάρ
355 3504 702 3572 στέγοντες,
750 3507 937 3576 φησιν,
987 3506 1345 3577 ἐπέμψαμεν
1381 3509 1661 3578 Τιμόθεον
1704 3512 1812 3564 τὸν

208 3597 499 3653 διάκονον
542 3600 648 3654 τοῦ
683 3602 1086 3671 Εὐαγγελίου,
1135 3603 1233 3655 καὶ
1279 3605 1582 3673 συνεργὸν
1616 3603 1807 3674 ἡμῶν,

205 3691 270 3746 τὸ
296 3693 732 3761 ἀναγκαιότατον
758 3694 918 3764 μέλος
939 3695 1340 3760 διασπάσαντες
1371 3699 1528 3768 ήμῶν
1555 3699 1655 3770 τῆς
1684 3717 1809 3754 συν-

208 3783 421 3848 ουσίας,
453 3785 549 3837 καὶ
576 3783 756 3856 λύπην
789 3785 1153 3856 ἀλλαξάμενοι
1185 3787 1386 3860 λύπης.
1408 3790 1530 3843 "Ut:
1555 3792 1665 3863 γὰρ
1690 3793 1808 3846 οὐδὲ

211 3876 421 3929 ἐκείνου
461 3877 733 3930 ἀπουσίαν
766 3877 1004 3941 εὐκόλως
1033 3879 1250 3951 ἔφερεν,
1283 3880 1420 3933 ἀλλά
1460 3881 1550 3936 διὰ
1586 3883 1810 3948 τούτους

209 3966 385 4021 εἵλετο
411 3967 474 4019 τὸ
506 3967 812 4040 βαρύτατον
846 3969 1026 4034 τοῦτο,
1059 3972 1154 4026 καὶ
1185 3971 1346 4026 τοῦτο
1376 3974 1508 4028 αὐτὸ
1538 3975 1808 4046 ἐδήλωσεν

208 4058 402 4114 ιίπών·
429 4060 875 4131 Ηύδοκήσαμεν
895 4064 1372 4134 καταλειφθῆναι
1399 4068 1598 4136 μόνοι.
1621 4070 1684 4120 Ὢ
1707 4069 1808 4138 ψυ-

210 4152 308 4223 χῆς
345 4153 482 4222 μετά
515 4153 802 4226 ἀκριὸείας
834 4157 968 4227 πρὸς
992 4159 1165 4230 αὐτὴν
1197 4160 1526 4232 ποιωθείσης
1550 4163 1647 4232 τὴν
1669 4163 1808 4231 ἀγά-

210 4246 354 4313 πηνί
394 4245 615 4316 Ἐπειδὴ
642 4244 752 4318 γάρ
786 4247 1017 4318 ἀδελφοῦ
1058 4253 1331 4323 ἐχωρίσθη
1367 4255 1520 4318 ἐνὸς,
1560 4257 1809 4327 μεμονῶ-

210 4335 336 4390 σθαί
359 4354 515 4407 φησι,
548 4340 837 4395 καὶταῦτα
856 4342 1146 4408 τοσούτους
1169 4345 1308 4415 ἔχων
1342 4348 1462 4418 μεθ’
1492 4351 1709 4406 ἐαυτοῦ.

277 4430 470 4484 Ταῦτα
507 4432 572 4502 δὴ
613 4431 853 4502 συνεχῶς
883 4434 1078 4503 μελέτα
1114 4435 1209 4489 καὶ
1245 4437 1404 4510 αὐτή,
1437 4443 1530 4493 καὶ
1567 4442 1677 4512 ὅσῳ
1725 4462 1807 4498 σοι

203 4524 267 4577 τὸ
306 4526 540 4594 πρᾶγμα
568 4525 846 4596 ὀδυνηρὸν,
883 4526 1124 4598 τοσούτῳ
1177 4530 1616 4604 κερδαλεώτερον
1664 4533 1807 4591 εἶναι

207 4614 398 4685 νόμιζε
434 4614 768 4684 εὐχαρίστως
792 4617 1051 4688 φερούσῃ.
1086 4619 1160 4670 υύ
1187 4620 1296 4690 γὰρ
1325 4621 1389 4693 δὴ
1419 4624 1580 4692 μόνον
1617 4644 1809 4698 σωμα..

205 4705 360 4758 τικαὶ
411 4704 618 4774 πληγαὶ
670 4705 1035 4776 ἐπαγόμεναι,
1078 4709 1213 4762 ἀλλά
1263 4712 1356 4764 καὶ
1403 4713 1582 4784 ψυχῆς
1645 4718 1804 4790 ὀδύνη

206 4796 455 4865 ἀφάτους
515 4796 671 4867 φέρει
721 4799 848 4860 τοὺς
887 4800 1186 4867 στεφάνους
1212 4844 1227 4868 ,
1277 4805 1372 4857 καὶ
1414 4807 1595 4877 ψυχῆς
1637 4809 1805 4882 ὀδύνη

213 4885 415 4954 μᾶλλον
455 4886 488 4956 ἢ
528 4884 816 4956 σώματος,
872 4890 1000 4940 ὅταν
1045 4891 1094 4942 οἱ
1141 4892 1508 4965 πληττόμενοι
1562 4900 1806 4971 φέρωσιν

206 4977 568 5049 εὐχαρίστως.
608 4978 818 5050 Ὥσπερ
851 4976 944 5033 οὖν
984 4983 1031 5033 εἰ
1076 4984 1515 5060 καταξαινομένη
1545 4990 1606 5042 τὸ
1643 4994 1801 5064 σῶμα

210 5071 304 5124 καὶ
335 5071 768 5141 μαστιγουμένη,
799 5074 1061 5139 γενναίως
1095 5075 1308 5147 ἔφερες,
1356 5081 1445 5133 τὸν
1474 5084 1607 5136 Θεὸν
1657 5087 1800 5158 ὑπὲρ

208 5161 417 5214 τούτων
444 5160 762 5227 δοξάζουσα,
787 5163 988 5232 πολλὴν
1011 5165 1076 5218 ἀν
1103 5168 1375 5233 ἀπέλαϐες
1403 5172 1501 5242 τὴν
1525 5176 1762 5249 ἀμοιϐήν
1788 5196 1800 5210 ’

209 5253 353 5306 οὕτω
381 5253 559 5324 ψυχῆς
602 5255 777 5309 ταῦτα
825 5257 1140 5328 πασχούσης
1170 5261 1266 5314 νῦν
1308 5266 1508 5331 πολλάς
1555 5271 1799 5342 ἀνάμενε

207 5345 306 5408 τάς
344 5347 662 5410 ἀντιδόσεις.
714 5349 995 5419 Προσδόκα
1043 5353 1099 5404 δὲ
1142 5357 1236 5406 καὶ
1289 5359 1349 5409 τὸ
1384 5361 1604 5426 πάντως
1653 5368 1802 5436 ἡμᾶς

279 5506 1103 5590 ἰίιιίμῦηπεοΔΝέοτὶι,Ἰὶςεξξφςηιί
1150 5520 1290 5590 [pitu
1333 5520 1518 5590 l‘egitm“
1558 5524 1606 5590 ἐγ
1647 5529 1798 5590 πολλῇ

208 5568 450 5639 iapyga,
472 5579 620 5639 aque
663 5573 730 5618 ita
756 5573 878 5630 legit
905 5573 1096 5639 Djllius,
1125 5585 1178 5625 ut
1199 5568 1448 5639 liquelfel
1481 5568 1799 5639 έὶονὴεῦείᾷῖί

207 5626 366 5745 me}
389 5626 725 5682 Perro'nianus
753 5626 881 5682 le'sle
909 5626 1156 5687 Frontohe
1182 5626 1382 5690 υόέεέόῖ
1404 5626 1796 5714 Euiifeli";3i'fi

295 5710 400 5745 μια.

546 5757 602 5805 τὸ
626 5757 881 5826 κεφάλαιον
900 5762 996 5826 τῶν
1020 5763 1105 5810 σὺν
1129 5765 1279 5826 αὐτῷ,
1312 5778 1410 5814 non
1435 5769 1583 5819 male.

271 5815 296 5848 ²
331 5816 430 5866 Alii
453 5815 814 5882 ἑμπυριζὸμενος
835 5823 898 5876 ὡς
919 5824 974 5870 ἄν
996 5841 1063 5879 τις
1089 5815 1354 5889 καιόμενος,
1378 5815 1459 5878 καὶ

1683 371 2072 435 Εριδτοιλε.

3426 374 3535 433 572

1927 497 2154 567 ὄψεσθαι
2181 497 2363 562 πάλιν,
2402 498 2494 550 καὶ
2525 500 2623 568 τῆς
2653 497 2850 568 ὀδύνης
2877 494 3370 567 ἀπαλλαγήσεσθαι
3405 495 3509 550 ταύ

1925 615 2055 669 της,
2098 600 2194 653 καὶ
2239 598 2338 670 τὴν
2393 600 2456 652 ἐκ
2511 599 2609 670 τῆς
2646 598 2844 669 ὀδύνης
2902 598 3209 668 γενομένην
3259 596 3537 670 ἐμπορίαν

1926 700 2127 772 πολλὴν
2147 699 2551 771 ἀπολήψεσθαι,
2582 700 2680 754 καὶ
2703 699 2849 765 τότε,
2879 698 2972 752 καὶ
2996 697 3113 753 νῦν.
3153 699 3340 770 Ἀρκεί
3359 697 3541 752 ταῦτά
3639 755 3644 761 ,

1925 820 2008 855 σοι
2043 802 2180 873 πρὸς
2227 802 2589 874 παραμυθίαν
2616 841 2632 864 ,
2671 803 2874 874 μᾶλλον
2922 802 2979 856 δὲ
3032 802 3155 872 οὐχὶ
3205 799 3290 854 col
3342 801 3529 872 μόνον,

1922 902 2057 956 ἀλλά
2087 903 2183 955 καὶ
2233 903 2286 956 εῐ
2338 919 2422 967 τις
2477 903 2709 972 ἀνόητος
2739 903 2852 974 εἴη,
2912 904 3007 956 καὶ
3058 901 3394 965 αὐτολίθινος
3434 900 3535 971 τὴν

1919 1001 2118 1074 ψυχήν.
2149 1003 2326 1057 Ὅπου
2367 1003 2426 1056 δὲ
2461 1002 2678 1066 σύνεσις
2721 1002 2874 1076 [552]
2925 1003 3190 1073 τοσαύτη,
3240 1003 3336 1056 καὶ
3369 1001 3534 1055 εὐλα-

1921 1103 2072 1167 ϐείας
2115 1103 2366 1168 πλοῦτοςί
2392 1106 2486 1158 καὶ
2535 1103 2859 1175 φιλοσοφίας
2904 1104 3070 1175 ὕψος,
3106 1106 3201 1158 καὶ
3243 1104 3389 1175 ψυχή
3421 1103 3537 1158 τῶν

1921 1201 2197 1272 βιωτικῶν
2227 1202 2327 1273 τὴν
2372 1204 2682 1273 φαντασίαν
2716 1208 3204 1276 καταπατήσασα,
3251 1204 3455 1258 πλείων
3499 1205 3536 1274 ή

1921 1305 2143 1360 εὐκολία
2193 1307 2296 1376 τῆς
2327 1305 2651 1379 θεραπείας.
2699 1308 2886 1374 Δεῖξον
2933 1308 2997 1381 δὴ
3057 1309 3162 1362 κάν
3215 1309 3394 1378 τούτῳ
3431 1307 3538 1380 τὴν

1919 1406 2142 1478 ἀγάπην
2171 1409 2272 1480 τὴν
2306 1410 2439 1481 περὶ
2484 1411 2652 1482 ἡμᾶς,
2686 1411 2769 1465 ὅτι
2806 1411 2901 1465 καὶ
2937 1409 3183 1482 μεγάλην
3219 1411 3536 1480 γράφοντες

1919 1506 2118 1578 ἔχομεν
2155 1509 2309 1582 παρά
2339 1512 2421 1564 σοὶ
2457 1511 2712 1584 δύναμιν,
2756 1513 2852 1567 καὶ
2879 1512 3177 1584 τοσαύτην,
3221 1514 3356 1583 ὅσην
3392 1529 3535 1586 παρ-

1917 1610 2091 1674 όντες.
2121 1610 2326 1676 Δείξεις
2357 1611 2414 1665 δὲ
2441 1613 2654 1682 σαφῶς,
2687 1613 2753 1667 ἂν
2779 1614 3069 1686 μάθωμεν,
3101 1616 3184 1668 ὅτι
3216 1633 3300 1668 σοι
3332 1613 3530 1683 γέγονέ

1917 1728 1970 1763 τι
1998 1711 2162 1766 πλέον
2181 1713 2290 1768 ἀπὸ
2320 1712 2430 1769 τῶν
2452 1717 2806 1788 γραμμάτων
2835 1717 2945 1771 τῶν
2969 1718 3260 1790 ἡμετέρων
3284 1735 3297 1748 ·
3326 1717 3532 1788 μᾶλλον

1915 1799 1976 1853 δέ
1999 1802 2123 1872 οὐχὶ
2166 1803 2330 1856 πλέον
2383 1804 2565 1876 μόνον,
2623 1805 2759 1859 ἀλλά
2814 1807 2908 1860 καὶ
2940 1806 3222 1873 τοσοῦτον,
3257 1807 3380 1860 ὅσον
3408 1807 3532 1858 ἐπιο

1919 1899 2222 1975 Θυμοῦμεν.
2268 1904 2685 1976 Ἐπιθυμοῦμεν
2719 1906 2777 1958 δέ
2809 1908 2868 1959 ἐν
2914 1911 2984 1978 τῇ
3037 1909 3178 1978 αὐτῇ
3214 1907 3531 1980 εὐφροσύνῃ

1917 2005 2057 2061 εἷναί
2085 2024 2144 2060 σε
2170 2007 2289 2072 νῦν,
2313 2010 2369 2061 ἐν
2460 2009 2556 2062 καὶ
2579 2008 2770 2062 αὐτόοι
2795 2009 3166 2082 διατρίϐοντες
3197 2009 3530 2082 ἐὸλέπομεν.

1917 2108 2038 2163 Κᾶν
2065 2108 2224 2163 τοῦτο
2258 2109 2545 2180 μάθωμεν,
2590 2112 2652 2164 οὐ
2691 2111 2899 2182 μικράν
2933 2113 3030 2166 καὶ
3071 2112 3226 2167 αὐτοὶ
3259 2112 3362 2182 τῆς
3395 2114 3530 2185 ἐρης

1919 2211 2069 2280 μίας,
2084 2211 2143 2263 ἐν
2223 2208 2318 2267 νῦν
2347 2213 2538 2284 ἐσμεν,
2571 2211 2992 2284 καρπωσόμεθα
3021 2215 3123 2286 τὴν
3147 2214 3521 2286 παράκλησιν.

1918 2311 2085 2365 Ὥστε
2136 2314 2186 2366 εί
2246 2311 2427 2382 βούλει
2477 2314 2574 2367 καὶ
2608 2315 2758 2385 ήμᾶς
2795 2317 2854 2368 ἐν
2906 2314 3144 2387 εὐθυμία
3180 2317 3527 2388 καταστῆσαι

1918 2411 2125 2466 πλείονι
2155 2408 2302 2483 (οἶδα
2325 2413 2382 2466 δέ
2417 2414 2500 2468 ὅτι
2526 2414 2728 2485 βούλει,
2761 2414 2858 2469 καὶ
2887 2415 3091 2488 σφόδρα
3120 2417 3521 2488 ἐσπούδακας),
3591 2419 3648 2453 \

1915 2513 2159 2593 δήλωσον
2187 2517 2270 2570 ὅτι
2301 2517 2480 2570 πάντα
2506 2517 2608 2588 τῆς
2638 2517 2880 2588 ἀθυμίας
2904 2518 3198 2590 ἀπήλασας
3228 2519 3322 2573 τὸν
3354 2537 3526 2591 φορυ-

1914 2615 2027 2680 τὸν,
2057 2617 2151 2670 καὶ
2188 2619 2247 2670 ἐν
2281 2617 2492 2690 γαλήνῃ
2527 2619 2596 2672 τά
2638 2618 2729 2686 σά,
2764 2621 2860 2673 καὶ
2887 2619 2975 2684 δὸς
3005 2621 3138 2692 ήμῖν
3171 2620 3382 2693 ταύτην
3421 2621 3524 2693 τῆς

1915 2718 2045 2787 περὶ
2104 2716 2165 2770 σὲ
2205 2718 2421 2783 εὐνοίας
2462 2720 2556 2774 καὶ
2589 2721 2818 2793 ἀγάπης
2864 2721 3126 2793 ἀμοιϐήν.
3168 2717 3341 2776 Οἶσθα
3386 2723 3519 2796 γὰρ.

1911 2813 2070 2871 οἶσθα
2117 2819 2336 2889 σαφῶς,
2396 2821 2548 2885 ὅπως
2582 2823 2731 2893 ἡμᾶς
2778 2823 3064 2900 ἀνακτήσῃ
3119 2826 3522 2900 κατορθώσασα

1911 2917 2092 2984 τοῦτο,
2130 2921 2222 2973 καὶ
2251 2921 2388 2990 μετά
2417 2921 2678 2992 ἀληθείας
2725 2924 3018 2994 δηλώσασα
3045 2928 3136 2981 διά
3169 2929 3524 3000 γραμμάτων

1912 3017 2066 3087 ήμῖν.

2225 3127 2384 3195 Πρὸς
2417 3128 2533 3196 τὴν
2560 3129 2758 3199 αὐτὴν
2787 3131 3085 3202 ἐπιστολὴ
3117 3140 3198 3203 γ’.

1982 3246 2051 3293 α’.
2068 3241 2178 3294 Kal
2193 3241 2263 3295 τά
2279 3241 2507 3313 σώματα
2525 3245 2592 3298 τὰ
2611 3244 2860 3316 σφοδροῖς
2877 3245 3220 3302 παλαίσαντά
3237 3252 3516 3319 πυρετοῖς,

1912 3338 2009 3391 καὶ
2041 3339 2111 3392 τά
2141 3339 2352 3412 πελάγη
2399 3340 2470 3395 τά
2511 3342 2728 3414 ἀγρίοις
2759 3344 3146 3399 πυκτεύσαντα
3179 3347 3521 3418 πνεύμασιν,

1912 3437 2013 3489 οὐκ
2033 3436 2236 3508 ἀθρόαν
2263 3436 2388 3491 οὐτε
2414 3440 2597 3493 ἐκεῖνα
2617 3439 2716 3510 τὴν
2735 3440 2842 3494 ἀπὸ
2871 3441 2979 3496 τῶν
3005 3443 3260 3514 πυρετῶν
3283 3444 3519 3517 βλάϐην,

1915 3530 2042 3585 οὐτε
2064 3532 2234 3586 ταῦτα
2253 3532 2352 3606 τὴν
2379 3534 2488 3587 ἀπὸ
2520 3536 2628 3589 τῶν
2657 3539 2918 3608 κυμάτων
2943 3541 3298 3594 ἀποτίθενται
3322 3540 3518 3613 ζάλην,

1912 3631 2028 3683 ἀλλ’
2077 3631 2260 3702 ἠρέμα
2309 3633 2404 3685 καὶ
2462 3633 2605 3687 κατά
2637 3636 2854 3705 μικρόν.
2886 3637 2996 3691 Kal
3040 3638 3149 3709 γάρ
3182 3641 3252 3693 τά
3284 3640 3515 3710 σώματα

1913 3728 2159 3792 πλείονος
2193 3729 2364 3782 δεῖται
2400 3731 2618 3800 χρόνου,
2657 3731 2798 3784 ὥστε
2831 3733 2970 3803 μετά
2999 3735 3097 3806 τὴν
3127 3736 3236 3790 τῶν
3260 3739 3523 3794 πυρετῶν

1911 3825 2235 3898 ἀπαλλαγὴν
2262 3829 2340 3890 είς
2365 3829 2614 3902 καθαράν
2638 3830 2959 3884 ἐπανελθεῖν
2992 3833 3222 3902 ὑγίειαν,
3251 3837 3345 3890 καὶ
3375 3838 3516 3890 ἀπο-

1911 3921 2169 3991 νίψασθαι
2197 3923 2289 3976 τὸν
2315 3925 2423 3978 ἀπὸ
2448 3927 2547 3996 τῆς
2582 3926 2900 3998 ἀρρωστίας
2940 3930 3381 4002 ἐναπομείναντα
3417 3937 3516 3989 αὐ-

1909 4023 2022 4084 τοῖς
2059 4021 2436 4092 μαλακισμόν·
2473 4024 2543 4076 τὰ
2585 4024 2643 4078 δὲ
2676 4024 2866 4090 ὕδατα,
2904 4028 3138 4084 καὶτῶν
3180 4033 3514 4102 πνευμάτων

1913 4119 2304 4190 παυσαμένων,
2331 4120 2564 4173 ἐπιπολὺ
2589 4121 2935 4195 σαλευόμενα
2962 4127 3058 4181 καὶ
3088 4129 3384 4201 κινούμενα
3418 4134 3518 4202 μὲ-

1910 4233 2026 4280 νει,
2063 4217 2341 4288 φερόμενά
2390 4234 2450 4271 τε
2499 4220 2596 4273 καὶ
2645 4220 2814 4294 πολλῇ
2869 4224 3034 4280 πάλιν
3087 4227 3405 4299 ἐπαγόμενα
3443 4233 3513 4301 τῇ

1913 4313 2082 4386 ῥύμῃ,
2108 4315 2200 4367 καὶ
2228 4315 2400 4369 δεῖται
2429 4318 2523 4370 καὶ
2556 4317 2696 4371 αὐτά
2727 4319 2942 4391 χρόνου,
2971 4321 3114 4376 ὥστε
3148 4325 3229 4387 είς
3263 4324 3513 4397 καθαράν

1910 4410 2224 4464 ἐπανελθεῖν
2251 4413 2516 4484 γαλήνην.
2549 4415 2738 4470 Ταῦτα
2783 4416 2840 4470 δέ
2875 4435 2964 4488 μοι
3001 4419 3217 4491 εἴρηται
3249 4423 3513 4494 προοίμια

1912 4509 2050 4580 πρὸς
2076 4511 2176 4584 τὴν
2211 4511 2310 4582 σὴν
2339 4512 2630 4566 εὐλάὄειαν
2658 4513 2757 4585 οὐχ
2793 4515 3001 4584 ἁπλῶς,
3029 4518 3143 4570 ἀλλ’
3173 4519 3260 4572 ἵνα
3304 4522 3510 4594 μάθῃς,

1909 4609 1992 4660 ὅτι
2018 4610 2110 4662 καὶ
2137 4608 2341 4682 ταύτην
2364 4611 2680 4680 ἀναγκαίως
2716 4630 2797 4666 σοι
2838 4615 3132 4687 πέμπομεν
3163 4619 3265 4690 τήν
3296 4621 3515 4674 ἐπιστο-

1910 4705 2027 4775 λήν.
2047 4705 2110 4758 Εἰ
2137 4709 2246 4776 γὰρ
2268 4708 2361 4760 καὶ
2391 4706 2487 4778 τὴν
2518 4709 2811 4779 τυραννίδα
2841 4713 3221 4784 κατελύσαμεν
3255 4715 3358 4785 τῆς
3381 4716 3514 4770 ἀθυ-

1914 4805 2063 4875 μίας,
2102 4807 2197 4860 καὶ
2230 4807 2329 4878 τὴν
2367 4808 2666 4876 ἀκρόπολιν
2708 4811 2910 4881 ταύτης
2947 4815 3378 4885 κατεσκάψαμεν
3423 4819 3515 4872 διὰ

1909 4903 2018 4956 τῶν
2056 4902 2365 4973 ἔμπροσθεν
2401 4907 2782 4976 γραμμάτων
2818 4910 2933 4962 ἀλλ’
2963 4911 3111 4981 ὅμως
3149 4914 3357 4984 πολλῆς
3392 4916 3512 4970 ἐστι

1911 5001 2070 5071 χρεία
2103 5001 2181 5071 τῷ
2209 5001 2355 5072 λόγῳ
2403 5003 2504 5074 τῆς
2529 5006 2879 5076 προσεδρίας,
2921 5009 3009 5061 ἵνα
3039 5026 3120 5063 σοι
3152 5013 3246 5064 καὶ
3285 5012 3512 5082 βαθεῖαν

1911 5099 2213 5168 ἐργάσηται
2236 5099 2332 5169 τὴν
2372 5103 2613 5171 εἰρήνην,
2638 5105 2730 5156 καὶ
2763 5105 2860 5175 τὴν
2896 5107 3118 5176 μνήμην
3152 5109 3373 5164 πάντων
3401 5114 3513 5166 τῶν

1911 5193 1968 5258 ἐξ
2002 5194 2218 5264 ἐκείνης
2247 5199 2554 5265 γενομένων
2590 5199 2920 5270 ἐξαλείψασα
2943 5201 2969 5240 ά
3001 5203 3269 5276 θορύϐων,
3306 5207 3510 5280 λευκήν

1913 5309 1992 5344 σοι
2021 5295 2115 5345 καὶ
2141 5295 2348 5362 παγίαν
2370 5296 2518 5367 δείξῃ
2555 5300 2818 5370 γαλήνην,
2842 5305 2934 5356 καὶ
2969 5306 3027 5356 ἐν
3052 5305 3220 5378 πολλῇ
3251 5326 3310 5362 σε
3338 5327 3510 5364 κατα-

1912 5392 2086 5460 στήσῃ
2125 5394 2190 5462 τῇ
2232 5393 2488 5465 εὐθυμία.
2524 5397 2696 5450 Τοῦτο
2724 5400 2832 5471 γὰρ
2866 5403 2996 5472 ἡμῖν
3031 5405 3091 5457 τὸ
3141 5407 3510 5477 σπουδαζόμε-

1910 5506 2018 5553 νον,
2053 5491 2152 5543 οὐκ
2185 5491 2427 5562 ἀθυμίας
2462 5511 2520 5547 σε
2552 5495 2861 5560 ἀπαλλάξαι
2900 5499 3082 5568 μόνον,
3120 5504 3257 5557 ἀλλά
3287 5509 3382 5560 καὶ
3413 5510 3510 5561 εὐ-

1909 5587 2185 5656 φροσύνης
2231 5588 2508 5658 ἐμπλῆσαι
2553 5591 2753 5662 πολλῆς
2789 5596 2882 5649 καὶ
2919 5595 3222 5669 διηνεκοῦς.
3272 5604 3509 5658 Δυνατὺν

1906 5685 2015 5754 γὰρ
2045 5684 2140 5736 ἐὰν
2171 5683 2355 5756 θέλῃς.
2379 5688 2452 5740 Οὐ
2484 5690 2593 5760 γὰρ
2621 5691 2679 5742 ἐν
2711 5694 2826 5755 τοῖς
2849 5693 3126 5768 ἀκινήτοις
3159 5699 3256 5770 τῆς
3288 5701 3507 5770 φύσεως

1971 5837 1997 5876 d
2022 5837 2104 5888 Sic
2127 5853 2245 5895 nm.
2269 5841 2399 5894 Edm
2422 5843 2684 5910 ίεαλείψας,
2711 5851 2856 5901 male.
