4078 6434
239 410 352 465 575

243 535 460 584 sumus,
493 517 585 573 sed
633 518 684 572 in
713 513 896 571 liberis
922 506 1212 566 voluntatis
1236 499 1681 575 cegitationibus,
1709 505 1844 584 quas

244 583 477 666 tractare
499 624 562 664 ac
591 605 856 663 moderari
887 601 1041 658 nobis
1070 598 1226 653 facile
1251 605 1338 650 est
1359 631 1376 658 ,
1406 589 1654 646 alacritas
1677 583 1844 644 animi

241 702 512 759 consistit.
538 706 712 769 Atque
741 699 852 766 ipsa
879 695 1005 757 scis,
1039 690 1086 745 si
1128 685 1290 742 modo
1327 673 1841 769 meministiapluri-

239 811 362 850 mos
391 808 456 847 ac
483 767 668 862 longos
702 790 768 844 de
795 788 876 841 his
903 785 1064 839 rebus
1092 795 1263 850 nuper
1290 777 1417 847 (nec
1452 772 1595 828 enim
1637 767 1846 824 diutur—

240 903 370 941 num
399 895 612 955 tempus
662 883 865 937 interea
921 873 1090 945 ﬂuxit)
1118 884 1397 928 sermones
1442 881 1474 920 a
1502 863 1656 955 nobis

239 989 494 1049 sumptos
513 950 683 1031 fuisse
713 991 726 1027 :
758 985 882 1027 cum
910 968 1116 1025 scilicet
1137 961 1393 1019 historias
1419 954 1650 1049 subinde
1687 950 1844 1049 coll-i-

236 1043 427 1141 gerem
451 1080 614 1140 atque
640 1068 692 1120 in
723 1061 959 1120 medium
981 1057 1302 1132 proferrem.
1342 1051 1459 1106 Non
1486 1047 1629 1105 enim
1658 1043 1845 1101 tamin

241 1177 432 1217 rerum
484 1169 694 1225 natura,
748 1170 910 1226 quam
943 1153 1000 1207 in
1045 1148 1325 1205 hominum
1369 1143 1645 1198 voluntate
1683 1145 1846 1207 atque

238 1253 512 1309 sententia
541 1247 902 1318 tranquillitas
926 1241 1092 1297 animi
1117 1239 1221 1294 sita
1245 1242 1348 1290 est.
1380 1231 1647 1301 Quoniam
1681 1227 1845 1299 igitur

239 1343 359 1400 hac
388 1344 462 1398 ita
491 1356 552 1397 se
584 1341 820 1405 habent,
871 1349 936 1389 ac
961 1329 1117 1388 multi
1169 1326 1362 1397 opibus
1412 1319 1849 1380 circumﬂuentes

239 1438 406 1490 vitam
433 1434 683 1489 acerbam
714 1443 838 1486 esse
863 1427 1155 1490 duxerunt,
1191 1418 1349 1476 multi
1375 1423 1563 1473 contra
1592 1414 1645 1467 in
1668 1419 1848 1467 extre-

241 1543 330 1582 ma
384 1532 700 1596 paupertate
746 1526 1027 1577 versantes
1080 1511 1407 1569 curriculum
1453 1508 1577 1561 vita:
1604 1504 1844 1560 omnium

248 1594 698 1688 tranquillissime
725 1611 1109 1672 confecerunt;
1139 1613 1299 1674 atque
1323 1600 1411 1655 alii
1435 1597 1657 1688 quidem?
1680 1594 1846 1650 satel-

238 1710 380 1777 litio,
404 1687 580 1779 gloria
608 1715 662 1762 et
690 1705 894 1759 honore
915 1700 1173 1761 fruentes,
1205 1697 1367 1749 vitam
1390 1705 1542 1747 suam
1560 1687 1692 1744 diris
1717 1701 1846 1757 per-

242 1814 393 1870 saepe
420 1778 763 1854 devoverunt
781 1834 798 1861 ,
851 1791 942 1846 alii
973 1797 1153 1843 autem
1181 1783 1396 1841 obscuri
1426 1791 1586 1852 atque
1612 1778 1849 1834 obscuro

238 1911 443 1967 genere
464 1895 596 1961 nati,
624 1889 979 1958 omnibusque
1003 1885 1186 1956 ignoti,
1218 1881 1400 1936 multis
1428 1890 1549 1933 sese
1577 1871 1849 1930 beatiores

239 2000 366 2040 esse
394 1989 759 2046 censuerunt;
790 1993 965 2048 neque
1014 1976 1158 2031 enim
1187 1982 1296 2026 tam
1325 1971 1379 2024 in
1408 1980 1591 2023 rerum
1621 1967 1810 2020 natura
1828 2003 1844 2028 ,

238 2093 401 2149 quam
429 2079 486 2132 in
527 2075 801 2130 hominum
835 2081 1015 2127 mente
1039 2085 1103 2125 ac
1148 2066 1352 2138 judicio
1392 2062 1566 2134 posita
1591 2067 1676 2116 est
1702 2067 1848 2112 tran-

236 2171 477 2242 quillitas
510 2168 641 2240 (non
663 2167 804 2223 enim
831 2165 974 2221 istud
1000 2163 1216 2218 assidue
1236 2157 1507 2215 inculcare
1527 2151 1790 2222 desinam)
1828 2167 1845 2205 :

238 2276 375 2317 cave
404 2261 645 2315 animum
669 2259 910 2328 dejicias,
932 2269 1121 2311 verum
1154 2263 1207 2308 te
1242 2250 1418 2307 excita
1452 2255 1615 2318 atque
1646 2243 1795 2313 erige
1825 2280 1845 2310 ,

243 2367 579 2421 manumque
624 2349 860 2405 sermoni
910 2356 1096 2402 nostro
1135 2343 1391 2415 porrige,
1427 2353 1492 2395 ac
1530 2335 1845 2409 praeclaram

236 2443 380 2498 hanc
405 2443 562 2497 nobis
589 2456 746 2512 Opem
773 2440 972 2511 praebe,
1004 2449 1061 2493 ut
1078 2447 1131 2493 te
1151 2453 1217 2493 ex
1229 2434 1432 2513 acerba
1461 2429 1847 2503 cogitationum

233 2533 554 2604 captivitate
602 2545 821 2601 prorsus
850 2530 1216 2585 extrahamus.
1252 2524 1386 2580 Nam
1417 2523 1519 2577 nisi
1568 2522 1682 2591 ipsa
1729 2527 1848 2575 tan-

238 2635 355 2679 tum
411 2625 573 2679 studii
617 2623 874 2677 adhibere
904 2621 1139 2675 volueris
1163 2659 1178 2685 ,
1206 2624 1465 2688 quantum
1494 2627 1594 2669 nos
1622 2611 1846 2667 adhibe-

237 2732 385 2784 mus,
433 2717 632 2771 nullam
674 2715 830 2770 nobis
879 2712 1088 2768 curatio
1132 2711 1418 2766 utilitatem
1471 2705 1697 2760 allatura
1740 2711 1846 2758 est.

238 2809 379 2878 Quid
401 2819 582 2865 autem
609 2807 826 2874 mirum,
858 2807 902 2862 si
933 2806 1036 2860 hoc
1065 2804 1120 2859 in
1167 2801 1324 2858 nobis
1350 2797 1667 2869 contingat?
1711 2795 1847 2851 Nam

237 2904 424 2967 etiam,
455 2918 574 2956 cum
606 2916 787 2957 rerum
817 2901 1055 2955 omnium
1109 2906 1413 2968 praepotens
1460 2895 1601 2949 Deus
1647 2891 1847 2963 aliquid

237 3004 425 3048 monet
453 3008 517 3048 ac
547 2993 752 3058 suadet,
785 3003 944 3062 atque
978 2991 1196 3045 auditor
1220 2989 1386 3059 ipsius
1408 2987 1588 3043 verbis
1623 2986 1848 3041 minime

240 3087 617 3156 obtemperat,
652 3085 786 3140 nihil
829 3084 973 3139 aliud
1002 3085 1127 3137 hinc
1171 3083 1393 3148 evenit,
1423 3093 1583 3150 quam
1610 3077 1756 3149 quod
1793 3076 1848 3132 id

243 3179 508 3247 majorem
554 3178 603 3232 ei
656 3192 869 3247 poenam
915 3176 1193 3240 accersit,
1245 3174 1334 3244 qui
1366 3173 1512 3228 dicto
1540 3171 1848 3225 audientem

241 3284 348 3323 lunt
377 3285 438 3323 se
464 3268 711 3338 przrbuit.
741 3269 893 3334 Quod
924 3269 1089 3322 etiam
1119 3265 1369 3322 Christus
1395 3263 1480 3319 his
1503 3263 1682 3318 verbis
1709 3261 1850 3317 indi-

240 3361 433 3413 cabat:
464 3357 584 3413 Nisi
611 3361 857 3414 venissem
877 3368 923 3413 et
943 3359 1182 3428 loquutus
1204 3357 1412 3429 fuissem
1437 3356 1509 3408 eis
1528 3395 1543 3421 ,
1585 3362 1851 3424 peccatum

242 3466 346 3505 non
367 3449 612 3504 haberent
649 3465 668 3503 :
691 3466 828 3504 nunc
859 3459 1030 3502 autem
1058 3447 1435 3502 excusationem
1455 3461 1554 3499 non
1579 3444 1764 3499 habent
1788 3444 1852 3498 de

242 3553 449 3612 peccato
478 3558 573 3595 suo
599 3540 778 3614 (Joan.
814 3540 900 3595 l5.
932 3539 1048 3612 2‘2).
1077 3537 1159 3594 0b
1206 3553 1433 3609 eamque
1462 3551 1680 3591 causam
1726 3550 1850 3590 cum

241 3634 543 3691 Jerusalem
584 3633 689 3688 hoc
739 3634 857 3704 ipso
883 3634 1104 3688 nomine
1130 3633 1338 3702 lugeret
1359 3672 1374 3696 ,
1404 3630 1489 3685 his
1514 3630 1697 3685 verbis
1736 3640 1852 3684 ute-

243 3729 400 3784 batur
429 3745 444 3782 :
476 3727 788 3792 Jerusalem,
810 3727 1122 3793 Jerusalem,
1147 3740 1261 3796 qua:
1277 3724 1464 3778 occidis
1483 3723 1780 3794 prophetas,
1806 3731 1852 3776 et

243 3825 448 3893 lepidas
474 3839 559 3876 eos
585 3822 675 3892 qui
719 3821 786 3874 ad
815 3830 864 3875 te
886 3820 1027 3874 missi
1055 3829 1197 3886 sunt,
1227 3819 1422 3887 quoties
1465 3817 1604 3871 volui
1640 3831 1854 3887 congre-

246 3931 370 3986 gare
397 3915 537 3982 ﬁlios
566 3923 774 3976 uestros,
805 3923 851 3967 et
868 3911 1102 3966 noluistis
1125 3911 1150 3964 ?
1175 3909 1311 3964 Ecce
1335 3909 1645 3978 relinquetur
1668 3907 1851 3961 domus

245 4017 409 4062 uestra
436 4008 640 4061 deserta
687 4005 898 4076 (Matth.
929 4002 1020 4058 25.
1054 4002 1144 4058 57.
1167 4002 1281 4071 58).

314 4102 370 4155 2.
399 4099 648 4171 Afﬂictam
677 4098 1005 4162 consolatur;
1045 4096 1274 4150 maeroris
1315 4091 1550 4147 naturam
1591 4093 1852 4162 explicat,-

245 4209 431 4248 mror
447 4191 570 4247 Era:
589 4207 758 4260 pinna.
782 4189 982 4243 -—Ha°.c
993 4188 1283 4258 igiturcum
1309 4185 1402 4241 tibi
1419 4193 1696 4254 perspecta
1723 4183 1852 4248 sint,

245 4285 466 4340 domina
497 4298 618 4338 mea
641 4280 1069 4353 religiosissima,
1093 4278 1300 4344 labora,
1330 4277 1529 4346 tibique
1560 4276 1668 4329 vim
1700 4275 1852 4328 adhi-

247 4378 334 4442 be,
363 4388 522 4448 atque
543 4391 733 4430 eorum
753 4389 872 4445 quae
888 4388 916 4427 a
936 4372 1090 4428 nobis
1120 4379 1541 4427 commemorata
1574 4378 1721 4437 sunt,
1751 4385 1855 4438 0pc

246 4483 314 4522 ac
341 4466 582 4523 subsidio
607 4465 835 4531 tnunita,
862 4464 916 4519 in
960 4463 1012 4518 id
1043 4464 1273 4528 enitere,
1303 4471 1360 4515 ut
1379 4461 1730 4531 cogitationes
1760 4475 1853 4514 eas

247 4573 370 4627 qua:
400 4557 752 4628 perturbant,
775 4570 839 4610 ac
867 4563 1042 4609 tantos
1085 4563 1264 4610 motus
1292 4561 1602 4621 tantamque
1642 4561 1851 4621 tempe-

246 4659 441 4706 statem
469 4651 634 4716 cient,
664 4664 860 4719 magno
882 4663 1003 4704 cum
1036 4649 1234 4718 impetu
1257 4646 1510 4700 extrudas
1540 4661 1602 4699 ac
1632 4647 1852 4714 propul-

249 4758 359 4799 ses.
383 4743 581 4798 Verum
609 4742 740 4814 quin
785 4742 837 4796 id
869 4742 1091 4805 factura,
1126 4741 1464 4809 consilioque
1498 4748 1681 4793 nostro
1713 4739 1853 4807 pari-

251 4846 368 4891 tura
395 4836 504 4902 sis,
541 4834 743 4890 nemini
771 4832 1124 4888 dubitandum
1157 4845 1277 4887 esse
1306 4831 1559 4884 arbitror.
1591 4829 1708 4884 Jam
1760 4829 1853 4882 tibi

247 4927 478 5000 gladios,
508 4927 718 4990 hastas,
748 4939 905 4980 arcus
934 4934 988 4979 et
1012 4924 1253 4994 sagittas,
1289 4923 1583 4986 thoracem,
1607 4922 1854 4992 clypeum

250 5029 308 5077 et
353 5018 556 5076 tibialia
604 5031 978 5086 comparemus
1026 5023 1239 5084 oportet
1267 5031 1282 5069 :
1310 5030 1416 5084 quo
1448 5013 1640 5082 partim
1687 5011 1770 5065 his
1804 5021 1856 5065 te

249 5112 484 5177 mnnias,
514 5108 705 5179 partim
737 5123 849 5171 eas,
891 5111 1010 5175 quae
1041 5115 1095 5160 te
1125 5103 1528 5174 perturbatione
1556 5103 1796 5156 alliciunt
1833 5142 1846 5164 ,

249 5200 606 5271 cogitationes
629 5207 960 5268 prosternas,
983 5205 1144 5265 atque
1169 5194 1458 5248 obtrunces
1479 5201 1532 5247 et
1553 5192 1851 5246 interimas.

255 5293 537 5351 Undenam
566 5293 726 5361 igitur
757 5289 1030 5344 machinas
1063 5291 1193 5343 istas
1224 5301 1286 5341 ac
1337 5285 1527 5340 fundas
1555 5284 1648 5338 tibi
1683 5285 1853 5337 conti-

252 5387 492 5444 ciemus.
529 5392 585 5437 ut
612 5398 678 5437 ne
706 5382 886 5436 hostes
914 5379 1128 5450 quidem
1161 5377 1384 5447 propius
1403 5375 1663 5431 accedere
1684 5376 1852 5442 sinas,

254 5492 439 5532 verum
467 5489 561 5531 eos
587 5489 745 5544 quam
774 5473 1080 5542 longissime
1105 5483 1169 5523 ac
1195 5468 1341 5523 nullo
1393 5467 1608 5537 negotio
1635 5466 1858 5520 submo-

253 5569 420 5624 vcas?
454 5568 538 5623 Ab
560 5568 677 5636 ipso
705 5579 936 5619 maerore
964 5581 977 5616 :
1007 5562 1258 5615 nimirum
1287 5559 1332 5613 si
1362 5560 1430 5614 de
1463 5574 1528 5612 eo
1568 5575 1674 5612 non
1722 5558 1853 5612 nihil

255 5663 587 5717 disseramus
609 5698 622 5722 ,
668 5670 934 5726 quamque
960 5653 1138 5724 gravis
1164 5666 1228 5706 ac
1257 5650 1478 5706 molesta
1503 5665 1591 5704 res
1622 5651 1711 5716 sit,
1762 5650 1829 5704 de

255 5763 640 5809 monstremus.
674 5749 868 5803 Mmror
931 5748 1039 5802 nim
1067 5760 1230 5815 grave
1276 5743 1577 5797 animorum
1611 5753 1851 5796 tormen-

251 5849 362 5895 tum
389 5848 492 5908 est,
529 5843 682 5899 dolor
715 5855 924 5897 omnem
945 5841 1217 5897 sermonis
1275 5836 1377 5891 vim
1434 5834 1737 5904 excedens,
1795 5849 1856 5890 ac

1704 372 2080 435 EPISTOLJI.

3453 362 3564 418 5η

1953 485 2271 557 supplicium
2297 484 2444 539 omni
2474 481 2737 553 supplicio
2786 490 2838 534 ct
2887 478 3126 533 erui-iatn
3166 475 3429 530 acerbius.
3470 475 3559 530 Si-

1953 578 2169 648 quidem
2216 574 2528 646 pestiferum
2572 587 2812 629 vermem
2857 571 3130 633 imitatur,
3184 583 3290 622 non
3339 581 3561 622 carnem

1953 670 2254 737 dumtaxat,
2286 668 2382 725 sed
2410 669 2574 725 ctiam
2597 667 2832 721 animam
2858 665 3229 735 perstringens
3259 680 3272 716 :
3302 677 3365 717 ac
3417 661 3560 716 tinea

1952 774 2039 822 est
2061 807 2078 830 ,
2108 780 2215 821 non
2243 764 2446 820 ossium
2501 769 2740 823 tantum,
2777 775 2963 816 verum
3015 758 3178 813 etiam
3229 757 3425 812 mentis
3458 772 3473 811 :
3505 765 3569 811 et.

1953 867 2248 928 perpetuus
2277 854 2540 920 carnifex,
2573 869 2680 908 non
2715 853 2855 907 latus
2882 849 3123 915 fodiens,
3173 863 3362 904 verum
3392 846 3566 901 animi

1953 947 2096 1004 vires
2121 944 2452 1003 labefactans
2471 963 2498 1000 :~
2514 953 2571 1001 et
2594 952 2852 1015 perpetua
2874 957 3004 1006 nox,
3035 950 3091 996 et
3115 949 3271 996 tetra:
3298 939 3562 1006 tenebrae,

1954 1047 2010 1094 et
2065 1047 2357 1110 tempestas
2385 1052 2451 1093 ac
2480 1036 2717 1108 procella
2738 1077 2754 1104 ,
2783 1043 2838 1090 et
2885 1034 3119 1091 obscura
3151 1031 3338 1096 febris,
3371 1031 3565 1102 quavis

1953 1128 2173 1185 ﬂamma
2201 1129 2578 1186 vehementius
2611 1141 2846 1184 exurens
2871 1144 2886 1181 :
2914 1135 2968 1182 et
2993 1126 3194 1181 bellum
3222 1125 3559 1179 induciarum

1953 1238 2151 1295 expers
2180 1241 2194 1278 :
2223 1233 2280 1279 et
2328 1223 2574 1287 morbus,
2603 1237 2785 1277 rerum
2818 1234 3005 1276 earum
3027 1261 3043 1288 ,
3088 1234 3210 1289 quae
3241 1217 3416 1274 oculis
3441 1232 3565 1273 cer-

1955 1322 2175 1381 nuntur,
2208 1324 2552 1386 prospectum
2586 1328 2777 1384 magna
2806 1327 2872 1369 ex
2900 1319 3054 1383 parte
3078 1310 3401 1382 impediens.
3424 1309 3562 1364 Nam

1953 1417 2009 1462 et
2034 1406 2116 1462 sol
2135 1447 2151 1472 ,
2179 1415 2234 1461 et
2260 1405 2450 1476 liquidi
2477 1405 2636 1475 hujus
2656 1405 2801 1460 aeris
2831 1413 3022 1458 natura
3048 1403 3134 1467 iis,
3165 1403 3255 1472 qui
3286 1407 3355 1456 ita
3379 1400 3564 1456 aﬂ‘emi

1953 1506 2099 1564 sunt,
2131 1496 2434 1552 molestiam
2477 1497 2734 1552 exhibere
2788 1495 3037 1558 videtur,
3089 1504 3251 1563 atque
3305 1495 3359 1548 in
3401 1494 3567 1548 meri-

1953 1587 2108 1644 diana
2135 1587 2254 1644 luce
2276 1587 2598 1658 profundam
2622 1595 2834 1643 noctem
2854 1585 3070 1640 imitari.
3102 1585 3286 1655 anue
3310 1585 3378 1640 de
3398 1599 3568 1640 causa

1954 1678 2184 1734 eximius
2211 1679 2302 1735 ille
2328 1677 2592 1749 propheta
2628 1677 2863 1742 dicebat,
2897 1675 3108 1731 Occidet
3138 1677 3241 1730 illis
3267 1677 3346 1730 sol
3373 1676 3426 1729 in
3453 1691 3565 1729 me-

1951 1769 2082 1824 ridie
2115 1771 2293 1842 (Amos
2321 1771 2377 1826 8.
2410 1770 2484 1837 9)
2518 1789 2531 1825 :
2563 1786 2672 1825 non
2699 1769 2842 1840 quod
2888 1770 3038 1824 sidus
3084 1768 3213 1824 illud
3245 1768 3564 1834 delitescat,

1953 1871 2046 1917 aut
2073 1871 2364 1917 consuetus
2392 1861 2564 1932 ipsius
2607 1876 2797 1916 cursus
2823 1862 3244 1930 interrumpatur
3263 1877 3276 1912 :
3297 1860 3393 1916 sed
3419 1860 3568 1930 quod

1953 1963 2150 2010 mmsto
2177 1970 2241 2010 ac
2267 1953 2520 2011 maerenti
2549 1954 2732 2009 animo
2759 1954 3062 2009 clarissimo
3095 1953 3183 2010 die
3212 1953 3392 2008 noctis
3435 1969 3567 2024 spe-

1952 2047 2067 2102 cies
2092 2060 2214 2102 sese
2242 2045 2484 2115 objiciat.
2507 2045 2697 2116 Neque
2725 2047 2869 2101 enim
2917 2054 3081 2102 tantae
3109 2047 3284 2102 noctis
3326 2046 3566 2101 tenebrae

1953 2147 2103 2206 sunt,
2140 2147 2341 2208 quanta
2366 2140 2620 2201 maeroris
2647 2155 2752 2194 nox
2785 2150 2869 2194 est
2900 2157 2914 2193 :
2949 2154 3054 2194 non
3086 2139 3304 2210 quidem
3342 2138 3433 2193 illa
3464 2154 3569 2193 na-

1956 2238 2091 2285 tura:
2134 2229 2253 2301 lege
2291 2221 2559 2286 accedens
2585 2273 2603 2298 ,
2633 2246 2816 2287 verum
2874 2245 2970 2302 per
3011 2231 3235 2286 rationis
3276 2246 3340 2285 ac
3365 2232 3569 2286 mentis

1953 2321 2391 2378 ohscurationem
2421 2321 2649 2378 conﬂata
2679 2341 2691 2377 :
2717 2322 2991 2378 horrenda
3019 2337 3152 2378 sane
3206 2332 3371 2392 atque
3412 2324 3560 2377 into-

1952 2413 2171 2470 leranda
2191 2456 2208 2484 ,
2237 2416 2602 2472 truculentum
2623 2416 2831 2471 vultum
2855 2414 3084 2482 habens,
3104 2415 3292 2485 quovis
3333 2423 3567 2486 tyranno

1953 2507 2251 2576 crudelior,
2288 2507 2492 2564 nemini
2521 2523 2749 2576 eorum,
2781 2508 2872 2579 qui
2904 2523 3024 2563 eam
3054 2506 3328 2563 discutere
3355 2521 3564 2563 conan-

1953 2607 2063 2668 tur,
2087 2599 2245 2657 facile
2283 2600 2503 2667 cedens,
2535 2615 2723 2658 verum
2752 2600 2990 2656 animam
3015 2615 3156 2666 eam,
3183 2615 3345 2670 quam
3386 2601 3566 2654 cori-i-

1955 2693 2109 2760 puit,
2166 2691 2454 2748 adamante
2497 2691 2704 2748 ﬁrmius
2742 2693 3062 2763 plerumque
3112 2691 3375 2758 retinens,
3434 2707 3567 2748 cum.

1955 2784 2288 2841 videlicetea
2315 2800 2422 2841 non
2453 2787 2685 2841 multum
2727 2785 3008 2855 sapientiae
3046 2783 3316 2839 adhibuit.

2028 2876 2084 2931 5.
2113 2877 2255 2944 Quid
2304 2887 2484 2933 autem
2507 2878 2667 2949 longa
2693 2878 2939 2932 oratione
2986 2890 3124 2946 opus
3151 2885 3256 2944 est,
3305 2885 3365 2931 ut
3393 2876 3460 2931 dc
3500 2892 3568 2933 eo

1955 2968 2072 3040 ipse
2095 2969 2441 3039 pronuntiem
2468 3012 2484 3037 ,
2512 2985 2635 3025 cum
2666 2969 2734 3024 ad
2783 2984 2912 3037 eos,
2945 2969 3039 3039 qui
3082 2969 3175 3024 illo
3203 2970 3346 3039 capti
3399 2978 3526 3024 sunt
3547 3011 3564 3036 ,

1957 3061 2166 3128 venire,
2211 3071 2376 3132 atque
2423 3061 2553 3117 hinc
2579 3063 2887 3118 universam
2919 3062 3088 3132 ipsius
3113 3062 3222 3116 vim
3254 3063 3571 3133 perspicere

1959 3153 2167 3209 liceat?
2198 3153 2312 3210 lino
2339 3169 2472 3210 vero
2501 3155 2682 3222 liceat,
2711 3155 2755 3209 si
2787 3154 2965 3222 lubet,
2997 3169 3119 3210 eam
3152 3154 3371 3209 aliunde
3420 3155 3570 3224 prius

1956 3245 2416 3302 demonstremus.
2444 3246 2579 3302 Nam
2605 3261 2730 3301 cum
2763 3246 3000 3302 Adamus
3029 3261 3192 3317 grave
3217 3246 3346 3301 illud
3376 3260 3576 3317 pecea-

1957 3345 2068 3392 tum
2101 3337 2450 3405 admisisset,
2483 3347 2646 3408 atque
2674 3353 2962 3394 commune
3003 3338 3282 3394 hominum
3327 3339 3574 3394 omnium

1957 3447 2127 3502 genus
2152 3431 2590 3496 condemnasset,
2616 3431 2799 3486 labore
2839 3439 2952 3486 tum
2983 3430 3274 3486 mulctatus
3298 3439 3384 3486 est
3416 3429 3571 3502 (Gen.

1959 3523 2015 3594 '5)
2042 3541 2058 3590 ;
2089 3540 2151 3580 ea
2206 3535 2386 3579 autem
2407 3565 2421 3589 ,
2450 3539 2571 3595 quae
2599 3525 2818 3594 gravius
2854 3533 3211 3593 peccaverat,
3243 3533 3298 3578 et
3347 3523 3568 3593 quidem

1960 3631 2131 3687 usque
2163 3630 2230 3671 eo
2255 3617 2493 3687 gravius,
2528 3625 2585 3669 ut
2607 3615 2750 3670 illius
2779 3623 3081 3685 peccatum,
3110 3631 3234 3671 cum
3263 3616 3422 3685 hujus
3443 3632 3573 3686 pec-

1958 3716 2082 3762 cato
2124 3708 2379 3764 collatum
2408 3749 2421 3772 ,
2480 3723 2550 3762 ne
2579 3715 2862 3777 peccatum
2914 3705 3132 3778 quidem
3186 3707 3569 3762 exiStimetur:

1961 3800 2127 3854 Adam
2152 3801 2295 3855 enim
2319 3840 2334 3866 ,
2374 3800 2547 3870 inquit
2579 3798 2881 3869 Scriptura,
2928 3815 3032 3852 non
3068 3809 3142 3852 est
3172 3798 3412 3852 seductus
3441 3839 3454 3863 ,
3485 3800 3575 3853 sed

1961 3895 2143 3947 mulier
2171 3895 2378 3948 seducta
2413 3894 2466 3947 in
2505 3893 2920 3963 prmricatione
2950 3892 3046 3964 fuit
3077 3892 3154 3963 (1.
3182 3890 3314 3945 Tim.
3346 3891 3400 3944 2.
3433 3892 3522 3961 14)
3558 3909 3573 3945 :

1963 3985 2111 4054 haec,
2148 3986 2368 4056 inquam
2398 4028 2411 4051 ,
2450 4002 2570 4056 quae
2621 3986 2849 4056 decepta
2908 3985 3120 4052 fuerat,
3149 4000 3213 4040 ac
3255 3985 3349 4040 Dei
3401 3986 3576 4056 legem

1963 4076 2277 4143 violaverat,
2311 4086 2472 4147 atque
2503 4085 2560 4132 et
2585 4076 2707 4142 sibi,
2739 4086 2794 4131 et
2820 4077 3014 4131 marito
3051 4085 3374 4131 venenatum
3406 4092 3578 4147 pocu-

1964 4169 2072 4222 lum
2103 4177 2517 4239 temperaverat,
2562 4168 2811 4237 ampliori
2841 4168 3065 4222 maerori
3096 4168 3387 4235 addicitur,
3431 4170 3576 4239 quod

1964 4261 2216 4316 videlicet
2269 4262 2358 4316 ille
2388 4263 2648 4332 majorem
2689 4261 2754 4315 ad
2799 4261 3152 4331 premendum
3186 4262 3295 4316 vim
3335 4262 3529 4317 habeat
3561 4304 3576 4326 .

1963 4369 2122 4422 quam
2176 4354 2346 4408 labor.
2388 4352 2743 4422 Multiplicans
2772 4353 2918 4406 enim
2945 4393 2960 4417 ,
2991 4352 3184 4421 inquit,
3215 4353 3574 4424 multiplicabo

1964 4447 2165 4500 dolores
2196 4456 2331 4512 tuos,
2356 4456 2404 4500 et
2449 4448 2690 4517 gemitum
2718 4455 2883 4501 tuum.
2921 4444 2986 4499 In
3015 4445 3279 4501 doloribus
3309 4447 3479 4515 paries
3511 4449 3576 4516 ﬁ-

1963 4537 2060 4591 lios
2088 4536 2243 4608 (Gen.
2272 4539 2326 4593 5.
2360 4539 2474 4607 16).
2507 4538 2778 4606 Nusquam
2806 4537 2894 4592 hic
2918 4537 3090 4603 labor,
3120 4553 3385 4609 nusquam
3409 4540 3577 4595 sudor

1964 4640 2020 4686 et
2041 4646 2278 4685 aerumna
2308 4647 2321 4684 :
2353 4645 2543 4685 verum
2582 4629 2834 4684 mtnStitia
2865 4637 2920 4684 et
2948 4630 3202 4700 gemitus,
3233 4641 3399 4700 atque
3448 4631 3574 4686 hinc

1965 4738 2193 4777 nascens
2210 4723 2504 4789 cruciatus,
2534 4729 2816 4778 sexcentas
2839 4733 3044 4778 mortes
3089 4723 3415 4791 adzequans,
3460 4725 3571 4779 imo

1965 4816 2126 4869 etiam
2164 4814 2322 4884 longe
2341 4815 2578 4884 gravior.

2038 4906 2207 4960 Morte
2228 4907 2357 4959 nihil
2380 4907 2583 4976 gravius
2603 4916 2690 4959 aut
2719 4905 2990 4958 terribilius
3020 4921 3126 4960 esse
3149 4906 3480 4962 demonstrat.
3506 4939 3575 4947 —

1965 5000 2299 5071 Quamquam
2331 5001 2459 5072 quid
2501 5009 2672 5056 morte
2708 4999 2962 5072 gravius?
2989 5016 3168 5055 annon
3213 5000 3572 5055 humanorum

1966 5094 2229 5148 malorum
2256 5102 2416 5163 caput
2436 5094 2555 5148 est?
2577 5109 2755 5148 annon
2782 5107 2846 5148 ea
2873 5092 3140 5148 horrenda
3164 5100 3220 5148 et
3241 5093 3575 5147 intoleranda

1931 5247 1934 5249 Α
1967 5185 2367 5257 innumerisque
2394 5186 2622 5241 luctibus
2644 5185 2803 5256 digna
2829 5199 2948 5241 eSSe
2973 5186 3225 5241 videtur?
3249 5201 3429 5240 annon
3455 5199 3575 5239 eam

1965 5279 2287 5332 atrocissimi
2327 5279 2551 5334 sceleris
2589 5293 2805 5347 ptenam
2837 5291 2956 5332 esse
2991 5277 3126 5331 dixit
3169 5276 3410 5331 Paulus?
3439 5275 3573 5330 Nam

1966 5385 2094 5436 eos,
2121 5371 2210 5440 qui
2241 5379 2579 5426 sacrosancta
2609 5371 2862 5442 mysteria
2895 5369 3110 5440 indigne
3135 5370 3434 5439 attingunt,
3465 5379 3576 5424 tre-

1968 5463 2282 5533 tnendreque
2311 5478 2512 5517 mensa:
2543 5462 2826 5532 participes
2857 5461 3011 5528 ﬁunt,
3042 5461 3178 5515 hanc
3206 5476 3418 5530 poenam
3445 5476 3586 5530 pen-

1965 5555 2097 5609 dere
2126 5554 2207 5608 his
2232 5554 2409 5609 verbis
2437 5555 2666 5608 asseruit
2691 5571 2703 5607 :
2735 5552 3018 5622 Propterea
3045 5553 3174 5606 inter
3202 5569 3287 5606 uos
3312 5552 3460 5604 ntulti
3478 5553 3574 5604 im-

1969 5648 2166 5702 becilles
2194 5657 2240 5701 et
2271 5647 2482 5715 infirmi,
2509 5657 2555 5700 et
2586 5647 2841 5701 dormiunt
2871 5646 3017 5699 multi
3040 5644 3056 5714 (
3082 5646 3132 5699 l.
3165 5642 3282 5698 Cor.
3314 5645 3401 5699 ll.
3437 5643 3507 5699 '50
3529 5649 3570 5714 ).

1967 5742 2158 5796 Annon
2189 5741 2520 5811 legislatorcs
2542 5755 2732 5794 omnes
2761 5738 2862 5794 hoc
2889 5736 3153 5807 supplicio
3172 5751 3269 5791 eos
3288 5736 3571 5801 mulctant,

1966 5835 2056 5903 qui
2079 5833 2412 5892 atrocissima
2435 5833 2636 5891 scelera
2656 5825 3031 5890 committunt?
3047 5843 3223 5886 annon
3243 5829 3405 5885 etiam
3429 5828 3575 5882 Dens
