4078 6432
558 366 666 423 575

556 485 854 531 extremam
886 472 1021 528 hanc
1045 472 1096 526 in
1122 471 1237 540 lege
1262 482 1473 539 pmnam
1503 466 1567 521 iis
1594 464 1886 527 constituit,
1909 463 1996 534 qui
2022 476 2131 515 ma-

554 566 672 636 gnis
701 563 1010 620 criminibus
1052 576 1171 618 sese
1198 557 1547 616 devinciunt?
1577 572 1753 611 annon
1795 554 1951 626 hujus
1989 562 2132 608 metu

554 657 850 725 patriarcha
872 654 961 708 ille
989 651 1319 723 perterritus,
1346 663 1412 703 eo
1438 648 1695 702 adductus
1716 658 1815 712 est,
1840 653 1915 710 ut,
1943 652 2130 698 natura

552 747 712 800 etiam
738 747 851 816 ipsa
879 751 1123 814 superata
1148 784 1164 809 ,
1205 755 1421 796 uxorem
1458 754 1608 793 suam
1649 738 1939 793 barbariem
1972 734 2129 791 lasci—

550 839 650 892 vim
666 879 680 902 ,
712 846 871 907 atque
894 833 1216 906 JEgyptiaeae
1243 831 1508 903 tyrannidi
1530 830 1751 887 dederet
1769 870 1783 893 ,
1812 838 1971 897 atque
1996 826 2131 881 hanc

549 928 837 999 petulantis
864 926 1099 982 libidinis
1125 924 1353 980 fabulam
1378 933 1433 979 et
1468 925 1578 993 ipse
1616 930 1845 976 strueret
1868 960 1885 985 ,
1913 928 1966 973 et
1994 924 2128 973 uxo-

548 1035 686 1086 rem,
714 1030 768 1073 ut
793 1004 1006 1090 grave-in
1034 1017 1175 1072 hunc
1199 1026 1253 1071 et
1277 1015 1534 1086 tragicum
1559 1021 1763 1083 gestum
1789 1025 1974 1065 secum
2002 1023 2127 1079 age-

548 1122 650 1177 ret,
679 1110 1023 1166 obsecraret?
1064 1110 1239 1178 Atque
1277 1106 1413 1162 adeo
1456 1120 1523 1160 ne
1567 1101 1871 1172 hujusmodi
1912 1099 2127 1170 quidem

544 1216 815 1275 tamquam
846 1202 1070 1258 scenicis
1099 1198 1447 1255 simulationis
1464 1210 1679 1252 causam
1708 1193 1901 1250 alerre
1925 1192 2128 1263 pudore

544 1298 844 1349 deterretur
874 1311 887 1347 :
920 1291 1035 1346 Erit
1053 1291 1199 1351 enim
1226 1330 1241 1355 ,
1269 1289 1439 1360 inquit
1459 1328 1475 1354 ,
1503 1303 1618 1342 cum
1642 1286 1858 1341 uiderint
1886 1292 1934 1337 te
1958 1281 2128 1352 Egy-

543 1386 636 1454 ptii
653 1384 859 1454 egregia
882 1381 1049 1437 forma
1072 1379 1366 1451 praeditam,
1384 1387 1543 1447 atque
1562 1375 1713 1431 faciei
1736 1372 2128 1445 pulchritudine
2156 1426 2157 1429 η

536 1482 908 1544 praestantem,
933 1470 1233 1540 interﬁciant
1256 1485 1355 1534 me,
1384 1477 1432 1522 et
1460 1477 1507 1521 te
1533 1466 1818 1523 servabunt.
1845 1462 1943 1517 Dic
1973 1463 2128 1534 igitur

540 1564 676 1634 quod
696 1579 840 1619 soror
863 1577 974 1615 mea
997 1560 1096 1627 sis,
1124 1569 1178 1614 tu
1203 1559 1325 1614 bene
1348 1560 1414 1613 sit
1437 1557 1563 1612 mihi
1590 1563 1794 1627 propter
1822 1564 1890 1621 te,
1921 1563 1968 1608 et
1995 1554 2127 1606 vivat

542 1657 716 1711 anima
756 1670 867 1709 mea
899 1653 961 1708 ob
994 1652 1210 1723 gratiam
1251 1651 1327 1705 tui
1354 1648 1509 1721 (Gen.
1537 1646 1624 1702 12.
1656 1646 1742 1702 12.
1775 1646 1843 1702 15
1866 1647 1908 1716 ).
1935 1643 2127 1700 Vidisti

540 1755 768 1813 metum,
800 1746 975 1800 vidisti
1009 1752 1316 1809 tremorem,
1343 1741 1612 1797 excelsum
1633 1739 1779 1795 illum
1805 1752 1870 1793 ac
1892 1736 2126 1808 philoso-

541 1840 761 1910 phieum
788 1838 1025 1892 animum
1050 1833 1418 1907 quatientem?
1443 1831 1618 1887 vidisti
1649 1830 1985 1886 adamantem
2019 1828 2126 1883 for-

542 1933 745 1989 midine
774 1929 1045 1987 fraetum?
1073 1928 1256 1985 Genus
1280 1924 1557 1991 mentitur,
1590 1932 1751 1994 atque
1777 1922 2001 1977 alteram
2028 1934 2124 1990 pro

541 2026 712 2081 altera
740 2037 1024 2095 personam
1052 2020 1207 2077 uxori
1232 2034 1344 2075 suae
1372 2017 1635 2088 imponit,
1665 2028 1963 2086 agnamque
1987 2012 2125 2083 lupis

542 2116 596 2170 in
623 2114 857 2185 prmdam
882 2112 1100 2184 exponit
1124 2128 1139 2165 :
1169 2110 1418 2180 quodque
1444 2108 1574 2162 viris
1598 2106 1857 2161 malorum
1885 2104 2122 2160 omnium

541 2204 945 2262 acerbissimum
969 2212 1084 2268 est,
1109 2215 1301 2271 nempe
1324 2206 1720 2269 constupratam
1750 2210 1971 2251 uxorem
2003 2209 2121 2250 cer-

540 2314 673 2355 nere
697 2340 712 2366 ,
744 2296 853 2352 imo
878 2296 1039 2351 etiam
1064 2294 1147 2349 vel
1175 2290 1431 2364 suspicari
1456 2329 1472 2358 ,
1504 2289 1605 2344 hoe
1627 2330 1641 2353 ,
1674 2297 1729 2343 et
1756 2286 1897 2359 quod
1938 2286 2036 2341 hac
2062 2300 2124 2341 re

540 2390 709 2445 multo
751 2387 991 2443 acerbius
1017 2394 1098 2440 est
1126 2383 1264 2456 (non
1294 2383 1435 2436 enim
1476 2379 1708 2450 suspicio
1736 2385 1939 2432 tantum
1965 2387 2141 2440 erat”

540 2479 637 2537 sed
660 2489 901 2549 stuprum
922 2475 1094 2546 reipsa
1118 2472 1475 2542 tentabatur),
1502 2485 1607 2524 non
1630 2468 1788 2524 modo
1807 2468 1999 2535 cernit,
2025 2466 2123 2522 sed

539 2569 721 2635 etiam,
754 2576 811 2621 ut
838 2572 1190 2638 perpetretur,
1224 2563 1467 2618 laborat:
1500 2559 1658 2629 idque
1683 2558 1783 2629 ipsi
1811 2558 1927 2614 leve
1950 2571 2015 2613 ac
2042 2558 2121 2611 ie-

538 2659 763 2717 rendum
794 2659 1017 2715 videtur.
1050 2656 1258 2712 Etenim
1286 2652 1507 2708 aﬂ‘eetus
1535 2650 1782 2707 affectum
1811 2649 2119 2720 superabat,

538 2766 753 2821 gravem
774 2748 1023 2803 nimirum
1049 2745 1289 2817 gravior,
1313 2757 1376 2800 ac
1401 2742 1588 2797 mortis
1608 2751 1782 2796 terror
1806 2740 2121 2810 zelotypiam

539 2841 806 2895 vincebat.
838 2838 1055 2908 Magnus
1080 2850 1291 2906 quoque
1321 2833 1411 2888 ille
1438 2832 1585 2887 Elias
1612 2832 1680 2886 ob
1706 2832 1893 2887 mortis
1923 2840 2121 2885 metum
2158 2876 2163 2883 .

541 2933 685 2987 solas
714 2929 1011 2986 libidinosae
1034 2942 1097 2983 ac
1120 2924 1339 2981 nefaria;
1364 2922 1599 2978 mulieris
1622 2923 1792 2976 minas
1816 2922 2038 2988 veritus,
2070 2921 2121 2975 in

544 3023 719 3093 fugam
745 3036 804 3076 se
832 3019 1053 3075 contulit
1073 3058 1090 3083 ,
1120 3030 1186 3071 ae
1211 3015 1385 3071 solum
1412 3014 1570 3069 vertit
1597 3013 1690 3084 (3.
1720 3013 1850 3083 Reg.
1881 3011 1991 3084 i9)
2025 3031 2037 3065 :
2070 3020 2125 3067 et

540 3113 631 3183 qui
656 3112 842 3167 ctelum
863 3109 1145 3175 clauserat,
1170 3115 1226 3163 et
1250 3114 1327 3161 tot
1352 3104 1603 3161 miracula
1633 3111 1888 3174 patrarat,
1919 3118 2124 3159 sermo-

538 3206 623 3261 nis
670 3213 927 3260 terrorem
968 3199 1188 3255 minime
1231 3198 1392 3253 tulit:
1422 3211 1606 3253 verum
1648 3196 1922 3251 excelsum
1973 3196 2120 3251 illum

539 3303 703 3365 atque
739 3292 806 3348 ad
832 3290 992 3349 caelos
1028 3303 1197 3360 usque
1238 3288 1518 3344 sublimem
1564 3286 1800 3342 animum
1840 3300 2003 3355 pavor
2049 3286 2120 3342 ita

539 3386 785 3458 perculit,
831 3394 889 3439 ut
924 3394 1044 3454 post
1081 3384 1225 3439 illam
1269 3381 1513 3443 ﬁduciam
1534 3422 1550 3445 ,
1577 3388 1699 3451 post
1726 3389 1923 3435 tantam
1956 3381 2007 3434 in
2038 3380 2121 3434 lo-

538 3478 752 3549 quendo
772 3475 1089 3539 libertatem,
1109 3483 1228 3544 post
1248 3480 1449 3527 tantum
1477 3471 1685 3526 virtutis
1712 3470 1980 3540 specimen
2009 3470 2120 3527 edi-

539 3578 672 3634 tum,
706 3576 758 3621 et
787 3565 1035 3636 patriam,
1062 3572 1117 3619 ct
1145 3573 1347 3619 tantum
1380 3562 1652 3632 populum,
1681 3560 1833 3630 cujus
1854 3575 2014 3616 causa
2047 3570 2124 3616 tot

540 3657 777 3729 pericula
803 3654 974 3711 audax
1004 3655 1226 3719 adierat,
1257 3661 1477 3722 repente
1503 3652 1787 3721 linqueret,
1815 3659 1870 3707 et
1897 3650 2123 3721 quadrae

538 3752 682 3821 ginta
710 3749 916 3805 dierum
948 3748 1049 3803 iter
1076 3746 1224 3801 solus
1246 3744 1419 3800 obiret
1453 3753 1509 3799 et
1546 3744 1599 3798 in
1634 3745 1810 3798 locum
1854 3743 2121 3799 desertmn

539 3842 812 3911 migraret.
849 3839 1206 3894 Vehementer
1244 3836 1693 3918 enim-horrenda
1724 3834 1880 3904 hujus
1909 3836 1987 3890 rei
2025 3850 2119 3888 na-

540 3945 657 3986 tura
682 3939 797 3995 est,
825 3946 887 3984 ac
917 3939 1193 3999 propterea
1219 3928 1456 3997 quotidie
1482 3926 1533 3980 in
1562 3940 1729 3995 genus
1758 3934 1996 3980 nostrum
2024 3926 2123 3981 im-

542 4034 721 4095 petum
747 4024 967 4088 faciens,
996 4022 1061 4075 ad
1089 4032 1519 4089 unumquemque
1544 4026 1809 4071 mortuum
1838 4031 1936 4071 nos
1957 4032 2123 4087 usque

540 4115 676 4171 adeo
706 4114 941 4184 percellit
969 4121 1127 4181 atque
1166 4118 1513 4174 consternat,
1555 4116 1807 4177 metuque
1850 4110 2123 4177 perturbat

541 4216 593 4261 et
618 4204 915 4268 contrahit,
943 4213 1001 4257 ut
1036 4217 1156 4273 qua:
1197 4215 1295 4255 nec
1316 4200 1533 4269 opinato
1559 4207 1830 4270 appareat.
1864 4198 1970 4254 Nec
1996 4215 2121 4254 vero

539 4298 606 4353 ad
634 4297 1049 4353 consolationem
1076 4294 1239 4349 ullam
1267 4293 1371 4346 vim
1403 4291 1585 4347 habuit
1613 4302 1701 4344 aut
1730 4291 1984 4359 temporis
2011 4307 2121 4345 me-

541 4387 766 4453 ditatio,
797 4395 888 4440 aut
922 4384 1228 4455 quotidiana
1269 4384 1323 4438 in
1367 4382 1467 4438 hac
1509 4383 1956 4451 contemplatione
1992 4398 2120 4437 con-

542 4477 769 4534 suetudo
791 4487 841 4532 et
868 4476 1177 4532 exercitatio
1205 4493 1217 4531 :
1250 4490 1348 4530 nec
1370 4474 1626 4546 temporis
1652 4474 1997 4533 diuturnitate
2026 4474 2122 4529 hu-

541 4568 771 4639 jnsmodi
800 4582 995 4622 mmror
1022 4576 1301 4635 terrorque
1324 4567 1621 4633 consenuit,
1652 4581 1835 4619 verum
1865 4574 2122 4635 perpetuo

540 4658 841 4728 juvenescit
866 4671 928 4710 ac
958 4657 1116 4726 viget,
1143 4666 1521 4725 recentemque
1546 4670 1609 4711 ac
1638 4655 1917 4710 ﬂorentem
1946 4657 2123 4724 quoti—

542 4751 633 4806 die
660 4759 857 4804 metum
885 4748 1054 4803 aﬂ‘ert.
1086 4748 1194 4803 Nec
1221 4762 1349 4803 sane
1377 4749 1665 4803 immerito.
1694 4749 1824 4814 Quis
1847 4749 1988 4803 enim
2016 4763 2121 4802 non

542 4841 885 4913 perturbetur
913 4849 966 4895 et
993 4848 1384 4905 consternetur,
1415 4855 1534 4893 eum
1566 4855 1689 4893 eum
1712 4882 1725 4904 ,
1754 4840 1842 4910 qui
1876 4839 2124 4894 hesterno

544 4937 651 4997 die,
670 4944 758 4989 aut
772 4935 951 5004 paucis
967 4944 1089 4988 ante
1107 4933 1297 4989 diebus
1323 4934 1645 4999 ambulabat,
1664 4944 1913 4989 sexcenta
1934 4933 2126 4989 domus

546 5025 753 5095 negotia
777 5024 1009 5094 gerebat,
1031 5024 1239 5086 uxoris,
1270 5023 1494 5079 ﬁliorum
1514 5067 1527 5087 ,
1559 5025 1958 5095 mancipiorum,
1981 5040 2123 5094 saepe

546 5119 705 5171 etiam
722 5117 1037 5187 integrarum
1054 5117 1325 5171 civitatum
1340 5131 1518 5170 curam
1537 5117 1875 5186 suscipiebat,
1890 5118 2121 5171 minaba-

545 5218 653 5271 tnr,
675 5207 923 5271 terrebat,
942 5206 1194 5276 supplicia
1216 5207 1405 5275 partim
1430 5205 1685 5271 solvebat,
1707 5208 1894 5274 partim
1926 5208 2118 5263 infere—

545 5296 656 5361 bat,
676 5294 948 5351 innumera
963 5305 1071 5351 tum
1090 5298 1141 5351 in
1160 5297 1398 5361 urbibus,
1418 5307 1526 5350 tum
1544 5298 1593 5351 in
1613 5298 1912 5365 regionibus
1928 5298 2124 5352 efﬁcie-

545 5388 657 5453 bat,
682 5395 902 5456 repente
922 5387 1197 5457 plusquam
1221 5386 1446 5456 lapidem
1463 5395 1663 5441 mutum
1686 5398 1740 5441 et
1757 5388 2019 5455 jacentem
2042 5390 2122 5442 vi-

546 5478 678 5532 det?
698 5493 925 5547 cumque
944 5478 1354 5534 innumerabiles
1371 5477 1611 5531 homines
1637 5478 1841 5546 plorent
1864 5521 1879 5546 ,
1908 5487 1961 5533 et
1987 5480 2121 5534 ami-

547 5570 744 5625 cissimi
773 5571 966 5639 quique
991 5570 1235 5640 lugeant,
1265 5578 1317 5624 et
1345 5584 1476 5623 uxor
1503 5569 1685 5625 dolore
1708 5570 2119 5641 distorqtteatur,

549 5676 710 5732 genas
735 5662 901 5716 caedat
932 5663 982 5726 ³,
1010 5676 1213 5716 comam
1242 5663 1419 5725 vellat,
1448 5677 1744 5732 magnoque
1775 5678 1893 5718 cum
1925 5664 2120 5719 ululatu

568 5832 571 5833 ν
613 5774 631 5807 ί
666 5781 716 5825 ω
738 5775 885 5837 Edita,
910 5774 986 5825 hae
1012 5786 1170 5837 voces,
1195 5787 1337 5840 genus
1367 5776 1537 5837 cantat,
1564 5777 1783 5828 deerant.

1327 356 1386 412 S.
1424 351 1701 412 JOANNIS
1737 344 2214 408 CHRVSOSTOMI
2249 344 2564 404 ARCHIEP.
2605 346 3138 407 CONSTANTINOP.

3719 350 3826 408 578

2244 458 2550 515 ancillarum
2578 475 2766 533 greges
2807 459 3009 519 circum
3051 478 3112 519 se
3148 463 3372 520 eollocet
3398 506 3414 531 ,
3446 465 3617 536 ipsum
3647 477 3825 525 tamen

2240 548 2370 602 nihil
2398 562 2583 606 eorum
2611 540 2925 608 sentientem
2947 553 3110 608 leum
3137 553 3281 610 videt
3308 558 3484 611 omnia
3513 568 3731 627 repente
3754 559 3827 614 de

2240 639 2418 693 medio
2448 640 2654 696 sublata
2692 657 2811 698 esse
2836 683 2851 707 ,
2881 644 3141 701 rationem
3163 685 3178 709 ,
3210 645 3476 715 ingenium
3497 686 3511 711 ,
3541 650 3776 704 animam
3806 689 3823 715 ,

2238 730 2347 783 oris
2373 730 2559 786 ﬂorem
2589 746 2652 787 ac
2674 743 3005 790 venustatem
3022 777 3037 801 ,
3069 736 3431 793 membrorum
3459 748 3663 795 metunt
3684 741 3709 794 2
3734 741 3825 797 in-

2233 819 2469 889 jucunda
2495 833 2671 878 autem
2715 824 2780 879 iis
2822 827 3147 882 successisse
3170 867 3185 893 ,
3229 828 3477 884 nimirum
3505 829 3823 900 silentium‘,

2237 919 2506 979 stuporem
2527 954 2542 978 ,
2576 913 2973 983 corruptionem
2993 956 3008 981 ,
3038 918 3240 973 saniem
3258 959 3273 983 ,
3304 933 3534 987 vermes,
3562 919 3823 990 cinerem,

2236 1002 2527 1071 pulverem,
2560 1004 2801 1061 fcetorem
2828 1050 2844 1075 ,
2871 1007 3140 1064 interitum
3185 1012 3445 1082 integrum
3467 1053 3484 1080 ,
3523 1026 3829 1085 corpusque

2235 1101 2402 1148 totum
2421 1110 2486 1150 eo
2500 1111 2813 1167 properans,
2838 1108 2896 1154 ut
2914 1100 2970 1155 in
2989 1086 3113 1157 vilia
3138 1111 3190 1157 et
3209 1102 3468 1160 deformia
3493 1114 3651 1177 atque
3672 1106 3825 1178 igno-

2233 1182 2360 1238 bilia
2382 1198 2502 1238 ossa
2528 1185 2777 1243 desinat?

2304 1276 2358 1329 4.
2382 1274 2525 1329 Mors
2545 1292 2753 1333 mcerore
2769 1279 2943 1335 leuior.
2959 1311 3031 1323 ——
3047 1282 3112 1338 Et
3125 1292 3298 1340 tamen
3317 1286 3479 1353 istud,
3498 1288 3640 1359 quod
3656 1299 3707 1345 et
3725 1304 3825 1360 per

2234 1379 2320 1420 res
2352 1365 2493 1435 ipsas
2516 1409 2533 1431 ,
2563 1377 2618 1422 et
2652 1384 2745 1438 per
2771 1380 3078 1427 sanctorum
3106 1373 3317 1431 illorum
3347 1376 3582 1433 virorum
3626 1379 3823 1436 formi-

2232 1453 2413 1510 dinem
2442 1458 2765 1515 horrendum
2795 1476 2915 1518 esse
2942 1474 3174 1531 constat,
3201 1481 3435 1525 maerore
3463 1470 3621 1541 longe
3650 1472 3826 1531 levius

2231 1555 2329 1601 est.
2360 1545 2495 1603 Nam
2522 1549 2691 1619 ipsius
2715 1565 2872 1607 causa
2899 1552 3053 1625 longa
3079 1556 3193 1612 haec
3217 1571 3525 1615 sermonum
3551 1562 3824 1620 curricula

2231 1652 2480 1695 emensus
2501 1653 2642 1709 sum,
2664 1652 2721 1698 ut
2745 1658 2813 1699 ex
2838 1658 2926 1700 tne
2949 1646 3143 1714 discas,
3164 1660 3415 1720 quantam
3442 1667 3655 1723 poenam
3685 1670 3825 1726 pen-

2230 1726 2326 1783 das
2348 1768 2365 1796 ,
2394 1743 2459 1784 ac
2485 1745 2671 1799 parem
2693 1732 2795 1803 ipsi
2817 1775 2833 1801 ,
2858 1735 2966 1792 imo
2990 1752 3119 1794 vero
3147 1741 3328 1795 multis
3360 1743 3598 1811 partibus
3644 1745 3823 1816 majo-

2230 1832 2343 1872 rem
2367 1859 2382 1885 ,
2413 1818 2675 1877 bonorum
2710 1826 3011 1882 mercedem
3050 1840 3347 1899 exspectes.
3387 1833 3562 1905 Atque
3602 1845 3660 1891 ut
3703 1838 3823 1896 haec

2229 1908 2301 1962 ita
2326 1924 2386 1965 se
2411 1909 2611 1967 habere
2636 1913 2914 1986 intelligas,
2929 1917 3039 1988 jam
3064 1918 3134 1975 ad
3156 1935 3251 1976 eos
3266 1923 3441 1993 quieo
3459 1925 3653 1982 aﬂ'eetu
3674 1930 3823 1999 capti

2229 2009 2353 2054 sunt
2371 2041 2388 2068 ,
2417 2001 2716 2075 confugiam
2737 2046 2753 2071 ,
2786 2022 2893 2077 quo
2920 2008 3124 2066 scilicet
3149 2012 3297 2082 prius
3321 2026 3504 2072 nostra
3535 2018 3826 2077 festinabat

2229 2091 2421 2146 oratio.
2451 2092 2609 2149 Plebs
2633 2094 2999 2165 Hebraeorum,
3028 2099 3174 2158 Mose
3202 2104 3475 2173 veniente,
3506 2122 3570 2163 ae
3596 2109 3821 2166 Iiberta-

2231 2192 2334 2238 tem
2374 2194 2429 2240 et
2462 2184 2790 2257 Egyptiacte
2834 2193 3154 2262 captivitatis
3192 2195 3353 2251 finem
3402 2201 3679 2257 nuntiante
3703 2243 3717 2265 ,
3753 2218 3823 2260 ne

2228 2275 2413 2332 audire
2442 2279 2655 2348 quidem
2698 2282 2871 2351 ipsum
2917 2285 3271 2342 sustinebant.
3301 2287 3630 2361 Causamque
3657 2294 3821 2349 etiam

2228 2384 2502 2439 exponens
2517 2372 2789 2445 legislator
2811 2376 3055 2432 dicebat:
3081 2378 3343 2450 Loquuttts
3368 2392 3439 2436 est
3457 2394 3624 2438 autem
3649 2385 3821 2442 Moses

2228 2461 2295 2514 ad
2311 2464 2557 2531 populum
2575 2474 2650 2519 :et
2665 2482 2766 2520 non
2784 2467 2976 2522 audivit
2989 2470 3206 2539 populus
3222 2469 3419 2526 Mosam
3431 2490 3536 2543 prta
3551 2476 3822 2544 pusillam".

2228 2554 2398 2607 mitate
2415 2552 2608 2625 (Exod.
2629 2555 2681 2610 6.
2704 2556 2782 2626 9).
2797 2555 3095 2623 Quinetiam
3117 2576 3238 2616 cum
3259 2561 3396 2616 Deus
3412 2577 3600 2633 graves
3616 2564 3818 2624 Iudaeis

2227 2642 2297 2699 ob
2321 2643 2485 2700 multa
2510 2644 2705 2717 ﬂagitia
2735 2648 2907 2704 minas
2934 2648 3181 2719 intendit,
3208 2661 3326 2721 post
3349 2654 3706 2724 captivitatem
3733 2669 3819 2713 at-

2226 2749 2330 2805 que
2367 2734 2420 2790 in
2464 2736 2637 2792 aliena
2679 2738 2898 2811 regione
2932 2742 3403 2801 commorationem
3429 2786 3444 2812 ,
3482 2756 3606 2818 post
3643 2750 3816 2804 servi-

2228 2837 2393 2883 tutem
2423 2870 2438 2895 ,
2482 2827 2678 2885 famem
2704 2872 2719 2896 ,
2766 2841 2971 2901 pestem
3002 2841 3165 2904 atque
3193 2834 3547 2893 humanarum
3574 2840 3816 2897 carnium

2226 2935 2377 2977 esum
2405 2921 2541 2978 hanc
2569 2938 2784 2993 pmnam
2812 2925 3102 2995 snbjunxit,
3133 2926 3218 2983 his
3239 2929 3418 2984 verbis
3442 2939 3596 2986 utens
3625 2949 3640 2987 :
3669 2931 3815 2988 Dabo

2228 3014 2300 3068 eis
2339 3031 2427 3070 cor
2463 3032 2675 3071 narrans
2698 3059 2714 3085 ,
2754 3028 2800 3073 et
2839 3019 3123 3088 deﬁcientes
3162 3022 3335 3077 oculos
3358 3063 3374 3088 ,
3409 3034 3457 3077 et
3485 3025 3817 3083 tabescentem

2227 3106 2450 3161 animam
2482 3108 2672 3178 (Deut.
2705 3109 2793 3166 28.
2822 3111 2949 3181 65).
2978 3112 3118 3179 Quid
3156 3124 3333 3170 autem
3371 3115 3588 3173 Judteos
3614 3160 3627 3181 ,
3661 3129 3817 3189 petu-

2226 3196 2423 3253 lantem
2449 3207 2503 3253 et
2531 3197 2816 3270 ingratum,
2844 3202 3127 3273 carnisque
3148 3205 3391 3261 servituti
3418 3206 3687 3264 addictum
3712 3224 3813 3281 po-

2227 3289 2426 3357 pulum,
2457 3305 2556 3349 nec
2577 3292 3241 3363 philosophari’seientem,
3265 3313 3630 3355 commemoro
3653 3320 3667 3355 :
3688 3317 3813 3357 eum

2226 3379 2355 3434 mihi
2383 3396 2414 3435 a
2441 3383 2645 3453 magnis
2673 3392 2726 3438 et
2755 3384 2980 3440 excelsis
3005 3387 3132 3443 viris
3160 3386 3314 3457 hujus
3339 3389 3414 3444 rei
3442 3402 3814 3460 argumentum

2226 3487 2417 3542 capere
2444 3475 2638 3530 liceat?
2666 3476 2876 3531 Etenim
2910 3479 3270 3547 apostolorum
3296 3479 3491 3536 chorus
3514 3523 3530 3541 .
3560 3498 3683 3538 eum
3714 3485 3815 3540 tri-

2226 3563 2441 3618 ennium
2475 3563 2584 3633 jam
2615 3580 2734 3619 eum
2765 3565 2980 3620 Christo
3008 3569 3447 3624 consuetudinem
3480 3570 3813 3636 habuissent.

2227 3654 2498 3723 multaque
2525 3655 2591 3709 de
2620 3656 3015 3713 immortalitate
3042 3658 3264 3729 aliisque
3306 3662 3515 3717 arcanis
3557 3665 3717 3720 rebus
3744 3680 3813 3723 ex

2228 3744 2345 3813 ipso
2369 3744 2715 3811 didicissent,
2760 3748 3012 3819 signaque
3051 3751 3360 3807 admiranda
3385 3763 3439 3808 et
3466 3755 3534 3809 ab
3565 3755 3816 3814 humanis

2228 3834 2471 3889 sensibus
2501 3848 2701 3891 remota
2727 3838 3059 3907 edidissent,
3094 3841 3372 3912 ipsumque
3398 3853 3545 3899 tanto
3571 3856 3817 3917 tempore

2229 3926 2359 3979 mira
2392 3937 2780 3996 perpetrantem
2824 3932 3267 4000 conspexissent,
3298 3933 3644 4007 ejusdemque
3686 3954 3811 3996 cum

2228 4033 2292 4073 eo
2318 4033 2533 4085 mensas,
2566 4028 2619 4074 et
2645 4021 2911 4091 colloquii,
2942 4038 3003 4077 ac
3032 4032 3137 4077 tam
3166 4025 3479 4080 exitniorum
3507 4042 3815 4087 sermonum

2230 4110 2509 4184 participes
2538 4112 2907 4176 exstitissent,
2950 4123 3107 4183 atque
3145 4115 3288 4168 omni
3319 4114 3577 4171 doctrina:
3614 4132 3819 4188 genere

2228 4200 2416 4256 eruditi
2447 4202 2669 4257 fuissent
2694 4244 2709 4269 ,
2738 4215 3082 4273 posteaquam
3123 4207 3284 4261 verba
3310 4248 3324 4273 ,
3357 4223 3476 4277 qua:
3522 4224 3816 4267 maerorem

2229 4290 2541 4357 aﬂ'erebant,
2569 4292 2870 4357 audierunt,
2898 4295 2986 4363 qui
3016 4294 3160 4363 prius
3189 4311 3310 4350 eum
3340 4306 3594 4366 perpetuo
3616 4300 3817 4354 retine-

2230 4380 2374 4443 bant,
2401 4380 2571 4450 deque
2600 4380 2714 4450 ipso
2740 4384 2885 4437 velut
2916 4384 3169 4440 lactentes
3198 4388 3342 4455 pueri
3370 4389 3690 4456 pendebant,
3716 4406 3819 4449 nec

2231 4475 2529 4539 percontari
2556 4474 2871 4529 desinebant
2895 4519 2909 4543 ,
2940 4477 3057 4544 Quo
3086 4478 3277 4534 vadis?
3310 4479 3471 4535 iidem
3502 4498 3686 4537 rursus
3717 4483 3819 4538 hu-

2224 4563 2314 4632 jus
2342 4566 2584 4619 mteroris
2617 4566 2891 4637 tyrannide
2922 4568 2992 4622 ita
3018 4572 3257 4639 oppressi
3284 4581 3409 4625 sunt
3437 4612 3451 4637 ,
3480 4588 3645 4643 seque
3674 4583 3819 4635 totos

2230 4655 2412 4724 angori
2440 4656 2794 4723 dediderunt,
2826 4667 2882 4711 ut
2906 4658 3015 4727 jam
3053 4661 3121 4714 ab
3157 4660 3271 4730 ipso
3302 4660 3416 4717 haec
3442 4663 3659 4719 minime
3685 4680 3813 4732 per-

2229 4762 2328 4801 con
2337 4757 2587 4803 tarentnr.
2605 4749 2721 4817 Quo
2741 4751 2900 4805 etiam
2916 4751 3132 4807 nomine
3148 4752 3388 4810 Christus
3407 4770 3501 4810 eos
3522 4756 3817 4826 insectans,

2229 4838 2436 4893 dicebat
2465 4857 2478 4893 :
2516 4842 2732 4895 Audistis
2749 4844 2867 4912 quia
2890 4843 3018 4897 vado
3038 4844 3106 4897 ad
3132 4861 3243 4900 eum
3266 4847 3350 4915 qui
3381 4847 3513 4900 misit
3533 4864 3629 4914 me,
3657 4858 3704 4901 et
3724 4864 3815 4902 ve-

2230 4932 2313 4983 nio
2340 4932 2407 4985 ad
2431 4949 2533 4997 vos,
2565 4945 2608 4986 ct
2638 4950 2783 4987 nemo
2808 4952 2870 4988 ea:
2896 4934 3031 4990 vobis
3057 4936 3329 5008 interrogat
3355 4955 3452 5003 me,
3487 4940 3598 5007 Quo
3622 4942 3763 4996 vadis
3790 4942 3819 4995 ζ’

2232 5020 2336 5077 Sed
2364 5025 2479 5093 quia
2504 5026 2610 5079 lucc
2637 5025 2869 5095 loquutus
2897 5044 3009 5081 sunt
3043 5030 3179 5084 vobis
3199 5072 3214 5097 ,
3241 5031 3442 5085 tristitia
3476 5032 3696 5100 impleuit
3727 5050 3820 5088 eor

2229 5124 2443 5169 uestrum
2473 5115 2667 5188 (Joan.
2697 5116 2784 5171 16.
2813 5118 2865 5172 5.
2894 5118 2927 5173 6
2948 5117 2992 5189 ).
3021 5118 3252 5175 Videsne
3277 5122 3544 5190 quomodo
3568 5125 3821 5181 tiimroris

2233 5211 2470 5280 tyrannis
2494 5212 2664 5266 amori
2691 5212 2937 5267 tenebras
2964 5212 3213 5268 oﬂuderit
3231 5255 3246 5279 ,
3280 5228 3478 5283 eosque
3509 5214 3560 5269 in
3587 5216 3814 5285 captivi-

2233 5312 2387 5357 tatem
2434 5304 2531 5358 sibi
2576 5302 2877 5369 addixerit,
2925 5305 3111 5374 suique
3151 5306 3281 5375 juris
3328 5305 3553 5360 l‘ecerit?
3581 5306 3816 5362 Rursum

2236 5393 2377 5448 Elias
2406 5394 2494 5448 ille
2523 5393 2665 5465 (nam
2694 5412 2761 5449 ne
2790 5411 2929 5449 nune
2951 5395 3161 5463 quidem
3190 5396 3257 5450 ab
3279 5411 3343 5450 eo
3368 5397 3671 5467 abscedam)
3696 5410 3818 5467 pOst

2233 5485 2401 5553 fugam
2442 5500 2503 5538 ac
2538 5486 2894 5539 secessionem
2922 5501 2951 5539 a
2986 5486 3259 5540 Pal-.cstina
3287 5528 3299 5549 ,
3332 5488 3578 5541 mmroris
3607 5489 3813 5545 acerbi-

2231 5585 2390 5632 tatem
2423 5592 2526 5631 non
2557 5578 2730 5632 ferens
2763 5578 2825 5647 (si
2857 5578 3069 5648 quidem
3095 5580 3146 5632 in
3175 5595 3364 5649 magno
3394 5595 3627 5639 tnmrore
3653 5595 3814 5653 atque

2230 5685 2427 5740 angore
2454 5671 2762 5725 versabatur
2789 5691 2798 5725 :
2830 5671 2968 5741 quod
2994 5674 3150 5726 etiam
3181 5674 3245 5737 is,
3276 5674 3364 5743 qui
3390 5690 3507 5728 eam
3536 5675 3810 5732 historiam

2236 5766 2399 5821 literis
2429 5764 2716 5832 mandarit,
2751 5762 2833 5818 his
2865 5765 3037 5821 verbis
3065 5764 3291 5820 declarat
3320 5807 3332 5833 ,
3362 5766 3492 5821 Abiit
3513 5766 3665 5835 juxta
3695 5771 3812 5824 atti-
