4078 6430
283 397 392 451 επ
1233 414 1259 438 χ

283 529 426 567 mm
464 503 676 576 suam),
704 501 830 573 quid
855 502 906 555 in
933 514 1027 556 sua
1057 498 1123 554 ad
1167 499 1332 552 Deum
1373 495 1680 564 precatione
1706 492 1886 556 dicat,

285 603 475 660 audias
496 600 654 654 velim
674 614 687 649 :
704 594 771 649 Et
787 595 998 665 sufﬁciat
1017 609 1171 658 nunc,
1197 590 1432 644 Domine.
1456 589 1641 656 Accipe
1665 587 1889 640 animant

1774 378 2150 468 EPlSTOl..E.

3497 390 3606 448 ὅτε

2000 494 2157 548 valde
2197 493 2455 550 ﬂorentes
2488 493 2795 566 ltujusmodi
2838 499 3194 554 certaminum
3237 513 3467 555 coronas
3509 517 3609 557 ex—

1996 597 2203 655 specta.
2255 587 2370 642 Non
2413 591 2557 642 enim
2601 588 2778 643 solum
2821 589 3024 660 aliquid
3065 589 3194 645 boni
3239 589 3479 657 efficere,
3511 593 3608 648 sed

282 702 452 742 nteant
491 700 524 735 a
564 698 641 734 me
672 696 690 733 :
717 697 818 734 non
850 680 982 732 enim
1027 693 1140 730 sum
1178 673 1358 728 melior
1392 689 1545 741 quam
1584 682 1755 739 patres
1793 670 1892 723 mei
1994 677 2158 732 etiam
2185 677 2386 748 aliquid
2413 680 2537 732 mali
2566 680 2792 748 perpeti,
2817 695 3065 751 magnam
3097 681 3407 737 mercedem
3438 692 3606 752 atque

284 780 377 850 ('5.
410 778 541 846 Reg.
577 774 663 827 I9.
697 773 750 826 '5.
781 771 816 825 4
842 772 881 839 ).
915 768 988 822 lla
1016 767 1144 822 illud
1172 764 1311 835 quod
1340 762 1729 817 formidabilitts
1751 769 1888 826 erat,

282 872 436 928 illum
466 865 709 937 supplicii
735 863 1111 932 coIOpbonetn,
1146 858 1273 913 illud
1302 858 1564 913 malorum
1595 863 1793 924 caput,
1826 853 1890 907 il-

280 963 389 1020 lam
421 958 639 1015 sceleris
662 957 838 1010 omnis
863 967 1074 1024 pinnam
1100 957 1338 1020 exoptat,
1370 958 1531 1016 atque
1560 947 1614 1000 in
1642 945 1890 1000 beneﬁcii

281 1054 407 1108 loco
444 1050 598 1121 petit.
643 1046 825 1115 Usque
865 1043 1004 1100 adeo
1031 1051 1205 1096 morte
1235 1039 1524 1094 terribilior
1553 1047 1636 1092 cst
1664 1049 1887 1091 maeror.

281 1146 356 1204 Ut
385 1144 531 1201 enim
556 1142 696 1196 hunc
721 1137 982 1207 eﬂ'ttgeret
1004 1175 1018 1200 ,
1046 1133 1114 1188 ad
1143 1132 1285 1187 illam
1313 1129 1563 1200 perfugit.

355 1238 412 1292 5.
455 1234 553 1289 Hic
580 1240 759 1285 autem
789 1227 1142 1299 qttmstionem
1173 1223 1458 1293 quamdam
1490 1221 1586 1274 tibi
1619 1220 1890 1289 explicare

283 1330 427 1385 volo.
455 1326 564 1382 Nec
583 1324 724 1379 enim
747 1336 836 1376 me
863 1321 1019 1383 fallit,
1037 1326 1293 1388 quantum
1317 1313 1622 1384 ltujusmodi
1642 1315 1891 1382 quaestio-

285 1434 379 1473 nes
407 1416 502 1472 tibi
524 1413 745 1470 dissolvi
773 1411 975 1479 cupias.
1004 1411 1259 1475 Quaznam
1311 1406 1474 1476 igitur
1526 1405 1642 1458 inec
1666 1405 1892 1474 quaestio

283 1509 408 1566 est?
434 1507 492 1563 Si
520 1513 747 1561 mortem
789 1517 1025 1558 mcerore
1063 1500 1321 1555 leviorem
1350 1513 1471 1552 esse
1498 1495 1845 1551 existimabat
1871 1537 1888 1560 ,

283 1599 411 1671 quid
437 1612 612 1654 causas
639 1603 743 1661 est,
771 1610 868 1649 cur
895 1591 1126 1647 vitandae
1154 1590 1340 1644 mortis
1369 1603 1530 1643 causa
1559 1587 1747 1642 relicto
1775 1587 1892 1642 solo

285 1692 460 1763 patrio
484 1705 548 1744 ac
570 1687 915 1758 popularibus
938 1684 1048 1739 suis
1073 1681 1407 1752 profugerit?
1432 1689 1486 1735 et
1509 1695 1606 1735 cur
1626 1681 1717 1749 qui
1745 1679 1892 1747 prius

284 1800 403 1840 eam
436 1781 710 1852 fugiebat,
741 1793 884 1832 nunc
909 1791 1027 1831 eam
1055 1773 1317 1843 expetat?
1358 1771 1619 1827 Nimirum
1665 1780 1721 1824 ut
1767 1777 1894 1824 hinc

285 1876 370 1931 vel
414 1873 688 1937 maxime,
737 1877 993 1940 quantum
1038 1866 1292 1922 mmstitia
1324 1874 1552 1920 mortem
1593 1863 1891 1919 acerbitate

286 1975 527 2037 superet,
559 1962 842 2032 intelligas.
871 1959 1008 2014 Nam
1036 1973 1158 2014 cum
1191 1957 1380 2012 mortis
1404 1956 1686 2010 dumtaxat
1714 1963 1890 2009 metus

284 2075 409 2117 eum
439 2063 702 2129 quateret,
735 2067 842 2108 non
869 2051 966 2107 abs
994 2066 1054 2105 re
1080 2049 1290 2118 quidvis
1317 2045 1606 2114 efficiebat,
1637 2061 1746 2115 quo
1770 2059 1890 2100 eam

284 2151 560 2223 effugeret.
593 2145 664 2201 At
685 2151 1030 2214 posteaquam
1058 2155 1259 2195 mceror
1287 2141 1339 2193 in
1367 2139 1535 2208 ipsius
1565 2146 1781 2207 pectore
1809 2137 1894 2191 in-

285 2240 470 2296 sidens
492 2245 738 2291 naturam
769 2247 913 2286 :uam
935 2228 1188 2294 ostendit,
1217 2243 1340 2283 eum
1366 2227 1615 2282 videlicet
1635 2226 1891 2290 exedens,

285 2331 577 2386 absumens
600 2366 616 2391 ,
642 2323 892 2380 dentibus
921 2319 1212 2374 conficiens
1238 2360 1254 2382 ,
1302 2331 1462 2388 atque
1492 2316 1892 2372 intolerandum

285 2423 342 2479 in
367 2419 587 2476 modum
616 2416 964 2478 cxcrucians,
993 2420 1104 2465 tum
1130 2410 1360 2478 denique
1390 2409 1440 2463 id
1471 2407 1615 2478 quod
1644 2408 1894 2462 omnibus

282 2516 449 2570 rebus
476 2511 691 2582 gravius
715 2518 770 2563 et
796 2505 1042 2562 acerbius
1081 2512 1204 2568 est,
1249 2501 1419 2557 levius
1455 2515 1574 2556 esse
1615 2501 1894 2570 judicavit.

283 2606 600 2674 Eodemque
636 2600 798 2654 modo
825 2597 990 2653 Jonas
1014 2596 1173 2651 etiam
1217 2607 1503 2648 mmrorem
1535 2591 1743 2661 fugiens
1782 2633 1795 2657 ,
1829 2590 1898 2645 ad

283 2707 517 2756 mortem
546 2692 784 2763 confugit
812 2710 825 2745 :
858 2699 1195 2758 mortemque
1221 2689 1334 2757 ipsa
1358 2701 1572 2755 quoque
1602 2684 1684 2738 his
1715 2683 1895 2738 verbis

283 2809 320 2847 a
349 2792 462 2847 Deo
487 2787 674 2859 petivit
702 2803 716 2841 :
747 2784 931 2854 Accipe
957 2782 1183 2835 animam
1211 2796 1375 2832 meam
1399 2795 1431 2831 a
1461 2794 1540 2832 me
1569 2793 1589 2832 :
1616 2777 1799 2830 melius
1823 2785 1899 2830 est

285 2885 425 2940 enim
451 2880 580 2935 mihi
606 2876 739 2932 mori
757 2919 772 2943 ,
802 2892 956 2947 quam
982 2875 1144 2928 vivere
1202 2871 1394 2939 (J0me
1422 2871 1474 2925 4.
1501 2871 1536 2925 5
1555 2870 1598 2939 ).
1628 2868 1900 2935 Davidque

289 2976 444 3037 item,
476 2971 595 3026 sive
618 2984 686 3024 ex
719 2981 836 3030 sua,
860 2966 973 3020 sive
998 2980 1063 3019 ex
1085 2963 1311 3017 aliorum
1332 2960 1686 3032 quorumdam
1715 2959 1899 3028 lugen-

288 3066 424 3121 tium
450 3074 680 3134 persona
709 3059 972 3128 psalmum
1000 3053 1348 3110 conscribens
1371 3092 1387 3118 ,
1418 3053 1520 3106 hoc
1546 3052 1721 3120 ipsum
1754 3048 1895 3103 indi-

287 3167 398 3216 cat.
431 3156 560 3212 Cum
584 3152 878 3208 consisteret
904 3189 919 3213 ,
963 3148 1134 3218 inquit
1161 3187 1176 3211 ,
1219 3155 1452 3216 peccator
1479 3144 1750 3197 adversum
1779 3158 1860 3195 me
1881 3182 1896 3207 ,

289 3245 522 3305 obmutui
544 3285 558 3309 ,
584 3252 634 3298 et
664 3240 964 3297 humiliatus
992 3254 1105 3293 sum
1131 3279 1144 3300 ,
1174 3246 1222 3290 et
1251 3235 1374 3289 silui
1404 3252 1437 3288 a
1465 3235 1607 3288 bonis
1630 3274 1645 3298 ,
1677 3241 1724 3287 et
1754 3232 1901 3286 dolor

290 3357 432 3395 meus
460 3344 726 3393 renovatus
753 3341 842 3388 est.
871 3329 1139 3387 Concaluit
1168 3344 1256 3381 cor
1281 3343 1447 3379 meum
1476 3325 1610 3378 intra
1633 3341 1712 3377 me
1730 3365 1743 3387 ,
1776 3332 1823 3376 et
1848 3323 1900 3376 in

291 3430 620 3485 meditatione
643 3441 752 3478 mea
776 3420 1068 3476 exat-desset
1093 3418 1224 3489 ignis
1260 3414 1431 3485 (Psal.
1464 3416 1552 3471 58.
1585 3412 1728 3484 2-4)
1759 3430 1772 3466 :
1807 3428 1903 3482 per

293 3522 473 3592 ignem
518 3516 668 3572 illum
711 3513 918 3568 scilicet
955 3507 1204 3565 mmroris
1248 3507 1531 3572 allectum,
1575 3505 1667 3576 qui
1712 3504 1902 3573 quovis

293 3613 418 3682 igne
460 3606 704 3663 acerbior
748 3611 871 3669 est,
911 3601 1224 3671 designans.
1255 3599 1378 3654 Ideo
1421 3598 1603 3668 plagas
1645 3597 1812 3665 ipsius
1839 3609 1904 3650 ac

293 3704 512 3760 dolores
557 3699 777 3753 minime
817 3696 926 3762 jam
974 3693 1153 3748 ferens
1177 3732 1194 3758 ,
1227 3692 1310 3746 bis
1339 3691 1517 3745 verbis
1549 3689 1755 3743 utitur:
1797 3687 1902 3741 Lo-

294 3805 483 3864 qustttu
503 3808 619 3848 sum
645 3792 699 3845 in
721 3789 896 3860 lingua
920 3803 1053 3841 mea.
1111 3785 1248 3851 Quid
1277 3793 1455 3838 autem
1505 3783 1743 3852 loqueris
1769 3823 1784 3848 ,
1818 3781 1903 3836 dic

294 3883 519 3957 quasso?
543 3883 766 3938 Mortem
793 3893 1004 3949 quoque
1034 3877 1121 3931 hic
1153 3877 1305 3946 petit,
1336 3875 1521 3929 dicens
1551 3891 1564 3928 :
1596 3873 1793 3927 Notum
1823 3877 1904 3943 [ac

295 3977 444 4043 mihi,
471 3975 704 4038 Domine,
723 3973 876 4041 ﬁnem
902 3987 1067 4024 meum
1094 3979 1140 4023 et
1168 3985 1432 4022 numerum
1455 3969 1651 4023 dierum
1672 3984 1902 4022 meorum

295 4070 410 4140 quis
435 4076 530 4133 est,
561 4075 617 4119 ut
640 4065 800 4120 sciam
829 4079 919 4116 cur
944 4078 1112 4115 morer
1136 4077 1228 4131 ego
1259 4060 1276 4130 (
1299 4060 1383 4114 Ib.
1415 4076 1464 4113 υ.
1493 4060 1527 4116 5
1551 4061 1592 4130 ).
1627 4060 1759 4126 Qua:
1789 4059 1905 4129 qui-

295 4159 421 4214 dem
450 4156 614 4211 verba
641 4153 852 4208 tametsi
881 4151 948 4205 ab
969 4149 1101 4205 Elia:
1118 4151 1295 4205 verbis
1313 4149 1641 4220 discrepent,
1659 4149 1905 4204 eamdem

297 4262 477 4307 tamen
509 4245 829 4302 sententiam
861 4242 1077 4298 habent.
1105 4241 1237 4297 Nam
1269 4243 1411 4312 quod
1455 4241 1547 4296 ille
1581 4241 1749 4308 dixit,
1785 4239 1907 4294 Non

296 4358 412 4396 sum
438 4338 615 4393 melior
639 4353 791 4407 quam
818 4343 985 4405 patres
1013 4333 1111 4386 mei
1131 4374 1147 4397 ,
1180 4333 1281 4386 hoc
1304 4333 1406 4387 iste
1433 4333 1514 4386 his
1542 4328 1719 4387 verbis
1745 4333 1908 4403 signi-

299 4431 479 4487 ﬁcavit
511 4446 525 4482 :
558 4426 756 4482 Notum
799 4426 881 4495 {ac
926 4424 1051 4478 milii
1072 4465 1087 4489 ,
1120 4421 1340 4478 Domine
1368 4463 1383 4488 ,
1423 4423 1578 4491 ﬁnem
1615 4439 1782 4476 meum
1805 4463 1820 4488 ,
1855 4430 1909 4475 ut

298 4525 460 4580 sciam
483 4519 608 4592 quid
633 4535 802 4573 morer
828 4533 940 4587 ego.
970 4515 1082 4570 Hoc
1109 4525 1209 4580 est,
1240 4515 1352 4580 Qua
1380 4513 1447 4569 de
1466 4529 1627 4569 causa
1653 4529 1754 4585 ego
1783 4516 1908 4570 reli-

299 4627 420 4671 ctus
458 4628 577 4670 sum
605 4653 621 4678 ,
664 4612 944 4678 serinsque
976 4609 1111 4662 abeo
1143 4623 1158 4661 :
1191 4623 1294 4677 qua
1318 4607 1386 4662 de
1422 4621 1581 4662 causa
1608 4645 1626 4672 ,
1664 4622 1786 4662 cum
1816 4607 1907 4661 alii

300 4708 409 4778 iam
439 4721 471 4761 ο
500 4705 606 4760 vita
631 4703 997 4767 discesserint,
1027 4703 1140 4770 ipse
1166 4708 1344 4755 tamen
1365 4713 1643 4766 remaneo,
1666 4708 1828 4770 atque
1857 4700 1909 4752 in

302 4795 558 4867 presenti
597 4793 704 4849 'vita
747 4793 1137 4848 diuturniorem
1170 4805 1374 4844 moram
1406 4789 1604 4845 traho?
1642 4791 1721 4844 Ac
1765 4798 1911 4844 tanta

303 4888 495 4945 mortis
518 4885 806 4956 cupiditate
833 4895 1065 4950 tenetur,
1095 4884 1208 4938 sive
1237 4884 1374 4953 ipse,
1405 4883 1519 4938 sive
1555 4882 1652 4949 illi,
1679 4898 1908 4952 quorum

305 4981 524 5041 nomine
570 4978 822 5048 loquitur,
879 4977 1119 5032 utetiam
1144 5017 1160 5042 ,
1205 4990 1269 5030 ea
1315 4975 1556 5030 nondum
1601 4985 1868 5046 praesente
1895 5018 1910 5044 ,

306 5073 615 5147 presentite
657 5079 871 5140 tempus
910 5070 1050 5123 scire
1085 5077 1258 5123 aveat.
1311 5067 1527 5132 Notum,
1579 5068 1788 5137 inquit,
1835 5069 1916 5137 {ac

309 5167 455 5231 mihi,
477 5161 718 5226 Domine,
747 5162 900 5228 ﬁnem
928 5176 1116 5224 meum,
1143 5175 1250 5230 quo
1274 5158 1526 5214 videlicet
1553 5158 1681 5214 hinc
1705 5173 1917 5228 quoque

310 5256 601 5311 maximam
629 5252 958 5323 voluptatem
990 5252 1184 5321 capiat.
1217 5253 1292 5306 ita
1332 5251 1383 5306 id
1413 5252 1557 5321 quod
1591 5252 1915 5306 horrendum

311 5354 434 5412 est,
479 5356 698 5416 propter
735 5342 1130 5398 intolerandum
1167 5343 1416 5398 maeroris
1446 5343 1689 5397 dolorem
1717 5385 1730 5408 ,
1758 5351 1918 5412 atque

315 5441 494 5510 ignem
523 5439 578 5494 in
605 5451 788 5492 animo
814 5435 1258 5491 exsrdescentem
1286 5476 1300 5500 ,
1346 5435 1704 5505 expetendum
1742 5436 1921 5490 reddi—

319 5539 423 5586 tur.
452 5528 521 5583 1η
540 5527 865 5583 meditatione
891 5527 1034 5583 enim
1064 5543 1198 5594 mea,
1230 5528 1422 5597 inquit,
1455 5527 1744 5581 exardescet
1764 5529 1918 5598 ignis.

390 5619 668 5675 ﬁrumme
691 5635 905 5674 coronas
959 5619 1183 5688 pariunt.
1213 5649 1286 5659 —
1319 5619 1581 5686 Quocirca
1636 5635 1757 5674 cum
1806 5628 1923 5674 tan-

323 5725 432 5770 tam
455 5725 668 5780 prauam
713 5707 850 5773 luas,
903 5725 1149 5780 magnam
1193 5709 1320 5765 hinc
1363 5710 1663 5766 mercedem
1691 5751 1706 5774 ,
1759 5712 1921 5766 multa

327 5805 567 5875 praemia,
598 5805 1058 5864 remunerationes
1085 5803 1494 5874 inenarrabiles,
1525 5803 1834 5875 splendidas
1859 5821 1922 5862 ac

1997 769 2174 838 ampla
2198 770 2414 839 pra-mia
2438 770 2663 824 obtinet.
2695 771 2872 841 Atque
2893 771 2959 826 ad
2986 772 3125 826 hanc
3153 773 3453 828 orationem
3493 776 3608 844 jam

1997 873 2085 912 me
2111 861 2352 923 confero,
2386 871 2581 930 utquze
2598 870 2653 915 et
2677 861 2795 927 tibi,
2825 873 2882 917 et
2900 863 3111 918 cunctis
3140 878 3469 933 magnopere
3497 866 3605 920 uti-

1993 952 2063 1004 lis
2083 951 2173 1015 sit,
2202 950 2503 1021 animisque
2521 951 2591 1006 ad
2623 951 2932 1022 patientiam
2958 954 3478 1020 acuendissuflicutt,
3505 971 3606 1012 nec

1997 1057 2091 1098 cos
2118 1043 2184 1097 ad
2215 1043 2582 1098 calamitatum
2605 1043 2830 1100 sudores
2848 1044 3119 1100 debilitari
3143 1045 3308 1101 sinat.

2071 1133 2125 1188 6.
2167 1132 2322 1198 Quod
2353 1134 2516 1204 igitur
2539 1135 2905 1190 calamitatum
2936 1137 3173 1192 omnium
3217 1139 3555 1194 atrocissima
3586 1182 3601 1206 ,

1996 1237 2062 1278 ac
2091 1225 2354 1279 malorum
2381 1226 2648 1295 col0phon
2670 1235 2724 1281 et
2741 1235 2923 1295 caput,
2954 1229 3209 1283 mmstitia
3238 1231 3326 1294 sit,
3360 1231 3491 1285 satis
3522 1230 3605 1285 iu-

1996 1329 2056 1368 se
2082 1330 2112 1367 a
2138 1314 2292 1369 nobis
2319 1323 2401 1370 est
2429 1315 2859 1371 demonstratum
2886 1333 2900 1370 :
2930 1326 3177 1387 superest
3196 1318 3309 1388 jam
3352 1329 3409 1374 ut
3439 1320 3609 1374 virtu-

1995 1416 2078 1461 tes
2093 1415 2146 1460 et
2164 1407 2529 1461 calamitatum
2560 1407 2934 1477 perpessiones
2954 1407 3096 1463 inter
3120 1423 3180 1464 se
3200 1423 3600 1479 comparemus.

1997 1508 2056 1553 ut
2073 1499 2352 1568 perspicue
2380 1499 2649 1570 intelligas
2668 1515 2776 1555 non
2797 1500 3091 1556 virtutibus
3109 1501 3307 1567 solum,
3336 1501 3429 1557 sed
3443 1503 3608 1557 etiam

1998 1589 2397 1645 calamitatibus
2416 1590 2722 1646 mercedem
2745 1591 3092 1646 constitutam
3110 1606 3252 1657 esse,
3305 1601 3360 1646 et
3386 1593 3606 1663 quidem

1997 1681 2286 1737 admodum
2319 1683 2595 1752 amplam‘:
2627 1697 2730 1737 nec
2757 1682 3154 1737 calamitatibus
3194 1684 3394 1749 minus,
3420 1748 3422 1752 _
3448 1700 3610 1755 quam

1997 1774 2314 1840 virtutibus;
2343 1775 2453 1829 imo
2481 1775 2715 1843 amplius
2743 1775 3013 1830 interdum
3039 1774 3454 1831 calamitatibus.
3491 1779 3571 1833 Ac
3591 1819 3607 1842 ,

1997 1865 2042 1919 si
2070 1865 2238 1932 lubet,
2272 1880 2523 1935 magnum
2556 1866 2827 1935 patientiae
2861 1867 3096 1936 pugilem
3138 1867 3195 1922 in
3213 1867 3449 1923 medium
3480 1883 3610 1936 pro-

1997 1957 2275 2022 ducamus,
2304 1972 2450 2023 enm,
2479 1958 2730 2027 inquam,
2789 1958 2882 2028 qui
2927 1967 3158 2027 utroque
3199 1960 3374 2014 laudis
3411 1975 3612 2030 genere

1999 2048 2293 2117 splenduit,
2323 2047 2666 2103 adamantem
2692 2048 2866 2113 illum,
2900 2057 3112 2120 petram
3138 2049 3281 2104 illam
3307 2091 3322 2116 ,
3374 2065 3500 2105 eum
3522 2053 3613 2122 qui

2000 2141 2055 2195 in
2091 2140 2335 2196 Ausitide
2354 2139 2571 2211 quidem
2597 2142 2819 2211 regione
2844 2141 3072 2205 exstitit,
3130 2157 3318 2196 verum
3352 2141 3613 2211 singulari

2003 2232 2234 2304 quadam
2252 2233 2471 2288 virtutis
2493 2247 2608 2288 suae
2629 2231 2995 2302 magnitudine
3013 2231 3326 2286 universum
3347 2241 3614 2287 terrarum

1999 2325 2189 2380 orbem
2223 2323 2557 2380 collustravit
2582 2365 2598 2389 ,
2657 2333 2821 2393 atque
2848 2323 3015 2391 ipsius
3044 2333 3156 2377 tum
3187 2322 3415 2378 virtutes
3438 2363 3454 2388 ,
3503 2332 3617 2376 tum

2000 2415 2338 2471 calamitates
2363 2427 2722 2484 exponamus,
2741 2422 2822 2479 ut,
2843 2428 2949 2482 qua
2975 2427 3041 2468 ex
3069 2422 3223 2482 parte
3252 2414 3423 2482 magis
3451 2411 3611 2467 θῆαι-

2002 2510 2150 2574 serit,
2201 2518 2536 2576 compertum
2570 2505 2790 2562 habeas.
2823 2505 3083 2573 Quzenam
3115 2505 3274 2573 igitur
3312 2504 3480 2574 ipsius
3506 2505 3616 2557 vir-

2005 2611 2146 2656 tutes
2173 2600 2365 2655 erant?
2413 2597 2615 2653 Domus
2670 2597 2805 2652 enim
2833 2613 2967 2661 mea,
3016 2596 3206 2665 inquit,
3236 2597 3373 2649 omni
3403 2595 3618 2648 venienti

2005 2692 2599 2762 patuitpcommunisque
2647 2697 2753 2743 erat
2810 2687 3087 2742 viatoribus
3132 2697 3310 2756 portus
3353 2685 3475 2756 (Job
3527 2687 3615 2741 3i.

2004 2785 2120 2854 32).
2152 2784 2291 2852 Quin
2310 2784 2451 2838 bona
2481 2797 2575 2837 sua
2599 2783 2669 2836 ita
2693 2780 3003 2850 possidebat
3049 2788 3194 2834 utea
3251 2794 3389 2849 pene
3439 2777 3620 2833 omnia

2004 2891 2111 2929 non
2128 2874 2251 2938 sibi,
2282 2871 2379 2928 sed
2405 2871 2728 2941 pauperibus
2745 2870 2986 2925 haberet.
3013 2867 3207 2923 Oculus
3223 2870 3393 2934 enim,
3425 2869 3618 2937 inquit,

2005 2967 2082 3035 [ui
2112 2979 2401 3028 amcorum,
2447 2972 2493 3017 et
2551 2979 2636 3032 pes
2690 2962 2992 3015 claudorum
3039 2961 3174 3032 (Job
3216 2961 3307 3014 ‘29.
3348 2960 3619 3030 15-17).

2006 3057 2164 3112 Pater
2188 3073 2329 3110 eram
2356 3054 2684 3109 imbecillium
2711 3071 2731 3108 :
2761 3063 2806 3107 et
2834 3070 3062 3117 causam,
3091 3069 3243 3125 quant
3284 3054 3566 3108 nesciebam
3591 3094 3607 3119 ,

2009 3149 2376 3218 inuestigabam
2398 3162 2417 3200 :
2444 3145 2761 3199 conterebant
2791 3145 2955 3199 molas
2982 3145 3272 3214 iniquorum
3299 3162 3318 3198 :
3345 3155 3392 3199 et
3415 3145 3479 3198 de
3503 3145 3623 3199 dono

2008 3242 2141 3295 tibus
2162 3241 2372 3294 illorum
2390 3237 2683 3308 auferebam
2706 3237 2955 3308 prtedam.
2999 3235 3287 3292 Imbecilles
3335 3248 3528 3304 autem,
3576 3239 3625 3293 si

2006 3350 2106 3404 qua
2133 3349 2188 3385 re
2216 3347 2343 3398 opus
2368 3330 2638 3395 habebant,
2666 3331 2872 3383 minime
2887 3328 3144 3399 repulsam
3168 3330 3394 3399 ferebant
3421 3345 3440 3384 :
3461 3346 3624 3399 neque

2005 3425 2272 3493 quisquam
2328 3436 2391 3474 ea:
2432 3419 2628 3473 ardibus
2656 3420 2781 3474 meis
2803 3435 3044 3487 umquam
3065 3435 3223 3473 vacuo
3248 3420 3363 3472 sinu
3389 3436 3622 3490 egressus

2007 3523 2080 3569 est
2113 3511 2234 3584 (Job
2288 3512 2377 3566 51.
2407 3509 2624 3580 16.54).
2655 3509 2820 3565 Vides
2847 3511 2994 3565 varia
3026 3510 3376 3566 humanitatis
3395 3528 3618 3581 genera,

2008 3614 2064 3660 et
2093 3605 2274 3659 varios
2303 3603 2664 3673 eleemosynte
2700 3615 2904 3670 portus,
2932 3619 3166 3673 eumque
3191 3604 3383 3673 quavis
3414 3605 3626 3660 ratione

2007 3711 2164 3765 opem
2206 3696 2271 3749 iis
2309 3735 2326 3761 ,
2376 3693 2784 3763 quibusinjuria
2815 3694 2976 3748 fiebat
3003 3736 3017 3760 ,
3069 3694 3423 3750 aiiereutem?
3476 3697 3626 3753 vides

2008 3780 2130 3842 cum
2200 3794 2494 3855 egestatem
2567 3785 2938 3841 sublevantem
2973 3826 2988 3852 ,
3063 3785 3252 3839 viduas
3329 3786 3624 3854 foventem,

2008 3879 2163 3934 iresis
2221 3877 2575 3947 opitulantem
2609 3918 2624 3941 ,
2690 3877 3009 3932 laedentibus
3075 3887 3340 3934 terrorem
3423 3880 3623 3934 incuti-

2009 3969 2224 4025 entem?
2249 3968 2434 4038 Neque
2452 3967 2599 4024 enim
2618 3969 2876 4023 eosolum
2926 3969 3162 4022 studium
3207 3985 3362 4023 suum
3405 3970 3630 4026 demon-

2014 4060 2256 4124 strabat,
2313 4058 2457 4128 quod
2511 4061 2620 4123 iis,
2680 4058 2772 4129 qui
2829 4058 3182 4124 laedebantur,
3213 4070 3410 4128 praesto
3433 4071 3622 4130 esset,

2011 4160 2173 4222 atque
2191 4151 2449 4205 auxilium
2494 4149 2662 4206 ferret
2712 4150 2896 4222 (quod
2928 4151 3385 4221 multifaciunt),
3438 4170 3626 4211 verum

2015 4244 2176 4298 etiam
2199 4257 2268 4297 eo
2297 4257 2467 4312 usque
2495 4242 2794 4306 laborabat,
2842 4242 3022 4311 quoad
3050 4243 3323 4312 negotium
3351 4243 3624 4300 confecis—

2017 4343 2124 4402 set,
2157 4345 2214 4390 et
2239 4334 2460 4405 quidem
2499 4349 2690 4404 magna
2719 4349 2842 4389 cum
2872 4335 3238 4389 vehementia.
3296 4333 3628 4391 Conterebam

2016 4427 2183 4488 enim,
2221 4425 2412 4494 inquit,
2446 4424 2612 4478 molas
2667 4424 2957 4493 iniquorum
3006 4422 3128 4496 (Job
3156 4424 3248 4479 29.
3276 4426 3365 4493 l7)
3397 4442 3410 4477 :
3440 4441 3628 4482 eorum

2015 4517 2270 4574 videlicet
2298 4516 2582 4572 conatibus
2631 4515 3024 4585 providentiam
3076 4531 3226 4570 suam
3280 4517 3418 4570 muri
3464 4518 3635 4574 instar

2017 4621 2316 4678 opponens.
2346 4606 2458 4663 Nec
2485 4621 2618 4663 vero
2644 4606 2925 4661 hominum
2978 4614 3186 4660 tantum
3241 4607 3454 4676 injuriis
3478 4649 3493 4674 ,
3535 4607 3632 4666 sed

2017 4699 2179 4755 etiam
2210 4706 2416 4753 natura:
2446 4696 2658 4752 insidiis
2687 4710 2870 4750 curam
2904 4710 3056 4750 suam
3110 4711 3173 4750 ac
3215 4695 3635 4754 sollicitudinem

2019 4791 2302 4861 objiciens,
2335 4790 2508 4860 ipsius
2537 4789 2790 4842 nimirum
2817 4789 2948 4843 vilia
2997 4789 3256 4859 singulari
3307 4791 3490 4845 auxilii
3549 4792 3635 4847 sui

1955 4937 1959 4941 .
2021 4885 2387 4955 magnitudine
2411 4883 2708 4953 corrigens.
2731 4881 2864 4936 Nam
2887 4881 3008 4951 quia
3041 4881 3281 4935 membra
3311 4881 3442 4952 ipsis
3469 4883 3632 4938 resti-

2024 4985 2177 5032 tuere
2206 4976 2426 5030 minime
2452 4982 2685 5044 poterat,
2715 4973 2818 5030 hoc
2859 4982 2942 5028 est
2967 4975 3128 5029 etscis
3151 4973 3340 5030 oculos
3360 5015 3374 5039 ,
3425 4975 3635 5033 claudis

2021 5067 2210 5140 pedes,
2239 5067 2806 5137 membroruminstar
2851 5066 2981 5136 ipsis
3024 5077 3142 5122 erat
3184 5084 3198 5120 :
3246 5078 3409 5139 atque
3465 5069 3638 5139 ipsius

2023 5174 2185 5228 opera
2210 5159 2247 5213 ii
2285 5159 2374 5229 qui
2406 5159 2575 5213 oculis
2600 5159 2741 5227 capti
2786 5168 2981 5221 erant,
3029 5158 3316 5218 videbant;
3363 5168 3420 5213 et
3466 5160 3501 5214 ii
3547 5161 3638 5230 qui

2024 5250 2271 5306 cruribus
2297 5249 2480 5304 oblaesi
2508 5263 2572 5304 ac
2590 5249 2818 5303 mutilati
2845 5257 3020 5313 erant,
3075 5249 3448 5304 ambulabant.
3499 5250 3638 5317 Quid

2025 5361 2145 5400 cum
2174 5345 2276 5399 hac
2312 5343 2644 5398 humanitate
2670 5344 2969 5411 comparari
3015 5351 3177 5411 queat
3211 5343 3233 5394 ?
3285 5342 3433 5398 Alias
3476 5344 3639 5398 etiam

2029 5441 2194 5509 ipsius
2224 5438 2453 5493 virtutes
2484 5438 2797 5506 exploratas
2826 5434 2992 5489 habes
3033 5452 3050 5501 ;
3107 5450 3174 5488 ne
3204 5436 3382 5489 omnia
3415 5451 3642 5491 enume-

2027 5546 2156 5585 rans
2178 5531 2479 5585 orationem
2505 5528 2819 5600 protraham
2847 5548 2859 5584 :
2894 5543 3104 5582 morum
3133 5527 3466 5594 facilitatem,
3498 5529 3636 5584 leni-

2029 5632 2214 5688 tatem,
2247 5638 2512 5676 summam
2543 5621 2864 5676 modestiam
2899 5637 2962 5675 ac
3002 5621 3448 5691 temperantiam;
3503 5639 3639 5694 quo-

2031 5733 2152 5770 nam
2183 5726 2359 5785 pacto,
2391 5731 2512 5769 cum
2541 5717 2594 5769 in
2623 5730 2719 5769 cos
2742 5716 2832 5784 qui
2865 5712 3118 5783 injttriam
3146 5714 3264 5768 aliis
3291 5714 3599 5770 inferebant

2033 5807 2324 5865 vcbcutcns
2355 5815 2499 5863 esset
2554 5806 2572 5878 (
2597 5823 2718 5862 nam
2767 5805 2868 5863 ltoc
2897 5820 3027 5862 sane
3054 5805 3423 5877 mirandum),
3450 5811 3630 5867 suavis
