4078 6476
459 372 566 433 b7”

452 502 630 550 tamen
652 499 709 547 et
731 495 1063 553 mansuetus,
1111 493 1272 554 atque
1297 481 1416 550 ipso
1433 480 1597 534 etiam
1631 475 1791 531 melle
1814 471 2022 528 dulcior

449 591 590 649 erat.
616 596 739 638 cum
766 593 896 649 erga
911 591 1103 633 omnes
1124 575 1279 640 alios,
1314 582 1424 626 tum
1453 585 1576 640 erga
1599 566 1828 623 famulos
1849 577 1973 618 suos
2001 602 2017 629 ,

446 671 538 740 qui
553 683 800 739 magnum
815 669 894 723 sui
911 681 1034 739 erga
1054 666 1226 735 ipsum
1245 661 1444 717 amoris
1457 667 1826 729 argumentum
1853 653 2019 708 eden-

447 769 554 825 tes,
579 759 862 814 dicebant:
895 756 1023 823 Quis
1048 756 1130 808 det
1150 751 1311 816 nobis,
1337 759 1393 812 ut
1408 749 1472 802 de
1491 747 1724 801 carnibus
1737 747 1846 814 ejus
1874 751 2020 794 satu-

445 865 617 905 rantur
661 848 780 921 (Job
807 848 897 902 51.
924 845 1050 916 31)?
1093 841 1247 911 Quod
1293 840 1340 896 si
1388 836 1597 893 famulis
1645 835 1718 889 ita
1767 846 1922 887 carus
1966 838 2022 885 et

447 941 692 995 amabilis
718 947 853 1003 erat,
875 937 1070 1006 quibus
1096 947 1240 1003 saepe
1269 929 1460 986 terrori
1491 941 1610 982 esse
1638 936 1858 980 necesse
1900 928 2018 984 est,

447 1039 646 1102 quanto
671 1030 839 1099 magis
867 1028 1074 1084 cunctis
1100 1025 1220 1079 aliis
1255 1018 1599 1077 hominibus?

518 1124 572 1176 'l.
615 1122 740 1176 liceo
770 1122 948 1192 igitur,
976 1128 1133 1188 atque
1149 1116 1235 1170 his
1256 1116 1426 1185 plura,
1465 1127 1579 1168 cum
1606 1107 1746 1178 apud
1773 1116 1826 1164 te
1852 1106 2019 1163 colle—

442 1215 609 1285 geris,
635 1229 734 1284 age
755 1214 865 1284 jam
891 1211 958 1266 ad
977 1209 1337 1266 calamitatum
1353 1247 1370 1273 ,
1423 1218 1557 1276 quas
1586 1214 1867 1272 perpessus
1891 1204 1976 1254 est
2002 1237 2018 1262 ,

445 1320 730 1360 numerum
758 1300 1160 1358 subducendum
1210 1310 1422 1353 mecum
1472 1305 1525 1350 te
1570 1291 1756 1348 confer
1798 1307 1812 1344 :
1862 1298 2022 1357 atque

443 1393 800 1465 comparando
817 1393 1091 1448 videamus
1108 1404 1214 1461 quo
1239 1396 1481 1458 tempore
1509 1383 1721 1440 clarior
1756 1387 1874 1436 erat
1894 1419 1909 1443 ,
1951 1393 2020 1432 an

442 1502 565 1542 cum
587 1486 688 1541 illis
704 1485 910 1540 virtutis
925 1481 1233 1560 muneribus
1248 1477 1579 1548 iungebatur,
1599 1489 1667 1528 an
1684 1486 1806 1528 cum
1826 1468 2021 1526 acerba

443 1587 715 1649 pateretur
733 1592 852 1647 quas
869 1589 1114 1644 maguum
1134 1573 1236 1643 ipsi
1253 1579 1536 1627 mmrorem
1555 1562 1873 1621 iuurebant‘l
1892 1561 2021 1619 Utro

447 1671 614 1740 igitur
633 1677 874 1738 tempore
911 1665 1170 1731 illustrior
1196 1671 1313 1718 erat
1335 1660 1478 1717 Job'?
1521 1667 1704 1715 tamne
1751 1669 1873 1711 cum
1926 1652 2022 1708 do-

447 1774 595 1816 mum
617 1773 767 1818 suam
787 1758 1034 1814 omnibus
1063 1754 1152 1826 qui
1178 1769 1244 1810 eo
1271 1754 1373 1809 iter
1417 1749 1683 1807 faciebant
1708 1788 1724 1814 ,
1780 1754 2018 1817 apertam

453 1851 701 1916 habebat,
733 1866 800 1905 an
829 1865 948 1905 cum
967 1863 1030 1904 ea
1058 1855 1323 1919 prostrata
1348 1844 1551 1900 nullum
1597 1839 1848 1896 acerbum
1893 1851 2020 1892 vero

442 1941 569 1998 bum
594 1939 974 2010 pronuntiavit,
997 1936 1094 1993 sed
1117 1937 1282 1992 Deum
1312 1934 1557 1990 laudibus
1585 1929 1802 1986 atl‘ecit'l
1853 1926 2015 1990 Atqui

441 2033 572 2090 illud
593 2032 802 2088 virtutis
819 2045 1013 2085 munus
1037 2037 1173 2095 erat,
1221 2027 1322 2082 hoc
1367 2023 1663 2096 perpessio.
1703 2020 1838 2078 Utro
1885 2027 2018 2073 tem-

441 2139 573 2196 pore
609 2122 866 2197 indgnior
880 2130 996 2176 erat
1019 2159 1034 2185 ,
1063 2119 1151 2175 dic
1176 2131 1379 2188 quarso.
1426 2130 1548 2170 cum
1587 2113 1816 2168 ﬁliorum
1859 2122 2020 2165 causa

441 2213 760 2270 sacriﬁcium
788 2211 1065 2276 oﬂerebat,
1091 2224 1290 2276 eosque
1319 2209 1459 2262 inter
1485 2220 1544 2260 se
1568 2201 1908 2265 conciliabat,
1948 2215 2017 2254 an

443 2317 567 2358 cum
593 2301 724 2370 ipsis
746 2302 937 2356 domus
964 2302 1117 2355 ruina
1148 2298 1372 2364 obrutis,
1394 2294 1842 2361 acerbissimeque
1869 2305 2018 2345 mor-

441 2395 512 2449 tis
533 2405 732 2462 genere
758 2391 827 2445 de
847 2390 1025 2446 medio
1038 2389 1280 2452 sublatis,
1311 2401 1564 2456 perquam
1585 2385 1855 2454 sapienter
1875 2381 2018 2437 hunc

448 2496 636 2536 casum
661 2480 811 2534 tulit?
839 2479 970 2534 Utro
1015 2488 1252 2547 tempore
1280 2476 1448 2545 magis
1484 2474 1738 2538 emicuit,
1785 2487 1908 2527 cum
1950 2472 2018 2528 de

442 2572 622 2624 ovium
650 2571 815 2638 ipsius
839 2568 1122 2623 velleribus
1148 2565 1411 2622 nudorum
1441 2565 1648 2620 humeri
1677 2562 2013 2629 caleﬁebant,

444 2675 514 2715 an
533 2674 656 2715 cum
685 2660 843 2713 allato
862 2659 1052 2712 nuntio
1090 2659 1264 2728 ignem
1313 2657 1381 2711 de
1425 2655 1560 2711 ca'lo
1607 2655 1904 2720 cecidisse,
1963 2664 2019 2710 et

445 2749 754 2803 universum
777 2763 991 2817 gregem
1020 2763 1122 2802 una
1153 2762 1272 2802 cum
1297 2745 1598 2815 pastoribus
1617 2745 1972 2814 absumpsisse
1995 2784 2011 2811 ,

444 2840 661 2894 minime
680 2850 975 2894 commotus
1003 2855 1066 2894 ac
1094 2839 1431 2908 perturbatus
1450 2846 1556 2903 est,
1598 2852 1782 2891 verum
1806 2837 2021 2891 calami-

445 2937 609 2983 tatem
639 2928 776 2983 banc
798 2943 949 2998 aequo
974 2929 1155 2983 animo
1179 2927 1334 2983 tulit?
1380 2925 1511 2982 Utro
1558 2935 1798 2995 tempore
1848 2926 2019 2995 major

444 3029 578 3082 erat,
610 3034 729 3073 cum
755 3018 904 3072 firma
929 3018 1169 3086 corporis
1187 3017 1489 3072 valetudine
1516 3015 1800 3083 frueretur,
1826 3029 1926 3084 qua
1950 3013 2017 3069 ad

444 3122 631 3164 eorum
657 3109 744 3178 qui
776 3107 1024 3177 injuriam
1049 3115 1386 3177 acceperant,
1429 3105 1796 3161 defensionem
1825 3106 2016 3162 uteba-

445 3207 553 3264 tur,
573 3207 628 3254 et
655 3200 950 3268 iniquorum
980 3199 1149 3254 molas
1168 3198 1494 3263 conterebat,
1535 3205 1696 3267 atque
1736 3212 1802 3251 ex
1827 3195 2018 3251 mediis

445 3289 683 3360 ipsorum
727 3290 971 3344 dentibus
1022 3287 1252 3358 praedam
1300 3286 1591 3358 eripiebat,
1643 3286 2018 3356 oppressisque

447 3386 631 3446 portus
650 3387 763 3432 erat
780 3395 796 3432 :
813 3392 878 3431 an
891 3391 1010 3431 cum
1027 3390 1220 3446 corpus
1233 3391 1409 3442 suum,
1429 3377 1673 3431 [meorum
1690 3375 2012 3445 przesidium,

447 3481 478 3520 a
510 3467 775 3522 vermibus
797 3468 1005 3522 corrodi
1031 3467 1407 3537 conspiciebat,
1435 3475 1592 3536 atque
1620 3466 1672 3520 in
1689 3465 2017 3535 sterquilinio

447 3555 658 3621 sedens,
697 3563 910 3625 accepta
941 3566 1075 3612 testa
1103 3557 1232 3611 illud
1259 3558 1373 3628 ipse
1401 3556 1659 3612 radebat?
1678 3556 1858 3611 Glebas
1873 3557 2015 3612 enim

449 3657 595 3701 terra:
613 3647 805 3713 mollia,
835 3649 1021 3717 inquit,
1054 3649 1245 3703 saniem
1272 3649 1454 3702 radens
1503 3648 1624 3719 (Job
1653 3650 1704 3702 7.
1747 3649 1823 3718 5).
1854 3648 2015 3719 Atqui

448 3736 624 3790 omnia
655 3737 746 3790 illa
776 3739 978 3791 virtutis
1003 3753 1160 3806 opera
1184 3747 1335 3793 erant
1363 3755 1376 3790 :
1406 3749 1588 3792 contra
1612 3766 1631 3804 ι
1676 3737 1790 3792 haec
1838 3739 2015 3792 omnia

449 3826 817 3896 perpessiones
845 3843 857 3879 :
890 3836 944 3880 et
970 3836 1142 3882 tamen
1166 3827 1280 3882 haec
1303 3825 1403 3898 ipsi
1429 3827 1703 3896 majorem,
1723 3843 1879 3896 quam
1902 3828 2014 3894 illa,

449 3913 782 3983 splendorem
824 3916 1131 3969 attulerunt.
1177 3915 1289 3970 Hoc
1313 3916 1454 3971 enim
1483 3916 1826 3970 acerbissima
1851 3914 2017 3984 praelii

448 4019 573 4074 pars
601 4014 732 4070 erat,
765 4007 1124 4074 majoremque
1165 4006 1525 4060 fortitudinem
1553 4007 1820 4075 animique
1848 4005 2014 4060 ﬁrmi-

449 4103 635 4158 tatem,
665 4102 719 4148 et
745 4095 936 4148 mentis
957 4095 1270 4164 sapientiam
1291 4135 1306 4160 ,
1358 4105 1516 4164 atque
1559 4095 1866 4164 ampliorem
1893 4110 2013 4165 erga

449 4183 614 4238 Deum
637 4183 907 4237 caritatem
937 4184 1258 4252 requirebat.
1288 4185 1467 4253 anue
1489 4185 1556 4239 de
1580 4199 1758 4250 causa,
1788 4199 1905 4239 cum
1928 4185 2014 4240 illa

451 4272 659 4337 tierent,
719 4272 1051 4340 impudenter
1081 4274 1293 4343 quidem
1325 4288 1385 4327 ac
1425 4288 1680 4342 perquam
1729 4274 1967 4343 improbe
1997 4315 2011 4339 ,

451 4365 543 4418 sed
570 4373 743 4417 tamen
769 4363 1137 4419 obluctabatur
1163 4365 1404 4420 diabolus
1428 4405 1442 4429 ,
1489 4366 1572 4419 his
1615 4367 1790 4421 verbis
1820 4375 1973 4421 utens
1999 4388 2009 4421 :

454 4453 715 4521 Numquid
735 4452 831 4505 Job
863 4459 1047 4522 frustra
1068 4454 1185 4507 colit
1210 4453 1374 4508 Deum
1425 4454 1546 4524 (Job
1573 4457 1625 4510 1.
1655 4454 1753 4526 9)?
1783 4456 1852 4509 At
1895 4471 2014 4509 cum

452 4542 567 4597 haec
590 4541 922 4608 accidissent,
950 4545 1150 4612 pudore
1177 4544 1406 4598 sullusus
1432 4555 1578 4615 terga
1596 4546 1759 4613 dedit,
1816 4561 1877 4600 ac
1931 4563 2016 4601 se-

450 4633 630 4696 cessit,
659 4640 715 4686 ut
733 4633 822 4703 qui
848 4649 914 4687 ne
940 4633 1258 4702 impudentis
1286 4635 1496 4701 quidem
1527 4635 1682 4689 ullius
1705 4635 2016 4704 objectionis

451 4721 691 4778 umbram
718 4722 944 4790 aliquam
976 4721 1231 4786 haberet,
1281 4737 1438 4791 quam
1485 4722 1855 4792 praetenderet.
1905 4724 2017 4780 lloc

451 4812 591 4868 enim
618 4826 931 4866 coronarum
961 4812 1222 4881 coloplion
1249 4821 1367 4877 est,
1423 4813 1524 4868 hoc
1548 4828 1786 4870 summus
1810 4815 2016 4870 virtutis

453 4916 608 4972 apes,
636 4900 737 4956 hoc
763 4903 1099 4972 perSpicuum
1129 4902 1452 4957 fortitudinis
1472 4913 1860 4971 argumentum,
1913 4905 2016 4960 hoc

453 5008 675 5048 sunmus
700 4993 1048 5062 philosophia:
1086 4993 1316 5048 culmen.
1350 4993 1481 5048 lllud
1527 4995 1685 5049 etiam
1730 4997 2016 5050 ostendens

453 5083 539 5137 hic
587 5082 725 5136 idem
774 5083 959 5147 beatus
1006 5083 1127 5148 Job,
1159 5091 1358 5153 quanto
1384 5083 1625 5138 acerbior
1667 5085 1736 5139 sit
1772 5088 2016 5141 maeroris

456 5173 714 5241 tyrannis,
770 5187 928 5241 quam
973 5188 1156 5239 mors,
1211 5172 1348 5225 hanc
1393 5175 1628 5241 requiem
1681 5175 2012 5242 appellabat:

455 5262 598 5316 Mors
626 5261 788 5328 enim,
813 5262 1137 5331 inquit,viro
1187 5262 1376 5328 requies
1427 5261 1568 5332 (Job
1607 5265 1658 5318 5.
1689 5264 1818 5333 25);
1859 5275 2019 5334 atque

454 5366 573 5405 eam
605 5351 786 5420 gratia:
818 5353 936 5404 loco
963 5351 1196 5419 petebat,
1225 5360 1280 5404 ut
1324 5367 1353 5404 a
1399 5367 1627 5407 mmrore
1657 5353 1967 5410 liberaretur
1998 5399 2015 5422 ,

455 5440 670 5494 dicens:
695 5441 814 5505 Quis
835 5443 915 5494 det
938 5451 988 5492 ut
1006 5441 1168 5493 veniat
1193 5441 1359 5509 petitio
1382 5459 1509 5503 mea,
1538 5453 1583 5496 et
1608 5444 1740 5510 quod
1761 5458 2012 5511 exspecto,

455 5531 638 5582 tribuat
667 5531 787 5583 milli
813 5530 982 5583 Deus?
1013 5529 1077 5583 Et
1115 5531 1199 5596 qui
1227 5533 1371 5598 coepit
1394 5571 1410 5598 ,
1454 5534 1560 5600 ipse
1602 5551 1680 5587 me
1703 5545 1940 5600 conterat,
1972 5549 2016 5590 et

456 5621 674 5673 succidat
701 5639 776 5674 me
806 5637 955 5690 usque
975 5624 1026 5673 in
1061 5623 1207 5687 ﬁnem
1239 5638 1258 5676 :
1304 5635 1345 5676 et
1389 5627 1502 5678 urbs
1551 5643 1626 5687 ca,
1674 5644 1823 5696 super
1875 5632 2017 5698 cujus

457 5722 628 5762 muros
677 5712 941 5780 saltabant,
989 5714 1267 5783 sepulcrum
1308 5716 1427 5769 milii
1470 5718 1530 5770 sit
1576 5716 1796 5790 (ltlcm,
1828 5719 1880 5774 6.
1929 5721 1981 5777 8.

1308 367 1365 425 8.
1403 365 1637 424 JOANN.
1673 355 2140 420 CBB‘dOS'I’OII
2167 353 3017 416 ARCHIEPLONSTANTINOP.

3604 354 3709 413 580

2126 467 2240 539 ιο).
2290 468 2365 524 lla
2411 468 2647 522 omnium
2688 482 2864 523 rerum
2911 465 3222 536 gravissima
3272 473 3353 519 est
3400 463 3647 518 mmstitia
3681 479 3706 514 .-

2126 571 2286 626 porro
2315 571 2424 626 quo
2445 557 2659 628 gravior
2678 597 2694 622 ,
2753 570 2820 611 eo
2859 568 3073 625 quoque
3101 553 3357 623 majorem
3402 553 3708 608 mercedem

2126 644 2303 711 habet.

2199 736 2254 792 8.
2300 736 2532 812 Quantus
2557 752 2620 791 ea:
2642 736 3011 790 calamitatibus
3040 739 3235 806 fructus
3279 735 3495 790 oriatur.
3541 731 3714 789 Nulla

2124 829 2282 882 virtus
2318 828 2426 881 sine
2463 827 2632 882 labore
2657 843 2890 897 magnam
2914 825 3116 881 laudem
3143 829 3315 896 refert.
3341 855 3415 866 —
3434 825 3504 881 Ut
3525 835 3708 881 autem

2125 918 2344 974 aliunde
2369 933 2579 989 quoque
2625 917 2892 989 intelligas
2917 906 3148 988 quantus
3197 933 3261 972 ex
3313 918 3708 976 calamitatibus

2125 1009 2328 1064 fructus
2354 1018 2657 1080 promanet,
2681 1010 2887 1065 etiamsi
2916 1024 3023 1064 non
3053 1011 3146 1065 Dei
3167 1025 3332 1066 causa
3353 1012 3470 1080 quis
3512 1028 3707 1082 perpe-

2125 1101 2286 1157 tietur
2315 1103 2509 1171 (nemo
2529 1115 2616 1156 me
2642 1101 2743 1156 hoc
2786 1101 2904 1156 loco
2949 1101 3288 1172 hyperbolice
3333 1103 3485 1173 loqui
3521 1105 3709 1160 existi-

2124 1191 2266 1264 met)
2285 1233 2301 1259 ,
2351 1191 2513 1247 modo
2551 1201 2771 1247 strenuo
2794 1207 2858 1247 ac
2883 1192 3091 1262 placido
3113 1194 3291 1247 animo
3318 1193 3451 1249 lerat
3470 1236 3486 1261 ,
3536 1196 3705 1251 Deum

2125 1282 2181 1337 in
2208 1282 2454 1338 omnibus
2476 1283 2642 1353 gloria
2680 1282 2951 1338 alliciens'
2980 1300 2994 1336 :
3025 1283 3165 1339 idem
3208 1284 3325 1348 hic,
3377 1300 3437 1341 se
3487 1297 3706 1356 propter

2127 1371 2296 1427 Deum
2321 1370 2438 1426 haec
2462 1372 2591 1442 pati,
2619 1371 2840 1428 minime
2865 1382 3040 1439 norat,
3071 1381 3129 1428 et
3158 1383 3334 1429 tamen
3354 1374 3475 1432 ideo
3502 1391 3702 1432 corona

2125 1463 2442 1531 donabatur,
2464 1464 2606 1535 quod
2624 1464 2724 1520 etsi
2752 1478 2966 1521 causam
2991 1479 3100 1519 non
3127 1473 3337 1530 nosset,
3368 1474 3589 1522 strenuo
3617 1476 3702 1523 ta-

2123 1569 2246 1610 men
2285 1553 2466 1610 animo
2511 1555 2837 1611 calamitates
2876 1555 3197 1627 perferebat.
3226 1554 3458 1612 Lazarus
3485 1572 3715 1629 quoque-

2123 1645 2232 1712 ille,
2256 1645 2313 1701 in
2336 1645 2582 1702 morbum
2613 1647 2891 1717 prolapsus
2937 1646 3082 1720 (bu:
3110 1662 3271 1717 porro
3299 1663 3404 1703 non
3431 1659 3548 1705 erat
3573 1665 3700 1719 pro-

2123 1741 2242 1803 pter
2271 1734 2439 1792 Deum
2467 1736 2645 1807 pati),
2690 1745 2866 1792 tamen
2905 1736 3028 1806 quia
3080 1736 3312 1807 inopiam
3352 1739 3650 1795 curantium
3679 1782 3700 1809 ,

2121 1841 2517 1898 mmroremque
2545 1828 2719 1896 illum,
2746 1843 2904 1900 quem
2925 1837 2980 1884 et
3006 1827 3206 1896 ulcera,
3241 1837 3295 1884 et
3321 1828 3509 1895 fames,
3533 1839 3584 1885 et
3609 1832 3696 1886 di-

2119 1918 2245 1974 vitis
2290 1929 2623 1990 contemptus
2681 1928 2842 1992 atque
2887 1920 3173 1977 crudelitas
3235 1921 3524 1988 all‘erebat,
3575 1923 3698 1980 forti

2120 2007 2304 2064 animo
2333 2009 2474 2076 tulit,
2512 2024 2645 2081 quas
2669 2025 2896 2066 coronas
2914 2019 3273 2080 consequutus
3297 2013 3387 2080 sit,
3410 2027 3516 2068 non
3537 2022 3590 2069 te
3609 2011 3700 2070 ω.

2120 2100 2216 2170 git.
2243 2101 2401 2171 Atqui
2431 2100 2632 2157 nullum
2662 2101 2807 2157 illius
2834 2102 3154 2173 praeclarum
3183 2118 3317 2174 opus
3355 2101 3693 2172 invenimus;

2121 2207 2228 2248 non
2250 2191 2391 2262 quod
2418 2205 2680 2262 pauperes
2708 2193 3067 2249 misericordia
3093 2204 3450 2266 prosequutus
3477 2197 3568 2264 sit,
3587 2211 3697 2254 non

2122 2281 2265 2351 quod
2291 2281 2432 2338 laesis
2458 2296 2613 2354 Opem
2636 2283 2835 2350 tulerit,
2869 2294 2958 2338 aut
2979 2283 3122 2340 aliud
3159 2286 3409 2355 quiddam
3455 2286 3698 2357 ejusdem

2119 2371 2334 2440 generis
2356 2387 2476 2426 cum
2506 2372 2701 2428 virtute
2724 2373 2981 2443 gesserit;
3013 2375 3197 2428 verum
3220 2374 3348 2428 illud
3373 2374 3647 2430 dumtaxat
3674 2415 3689 2440 ,

2121 2458 2261 2529 quod
2278 2474 2375 2529 pro
2399 2460 2577 2516 divitis
2600 2461 2807 2528 foribus
2827 2462 3076 2531 jacuerit,
3118 2463 3260 2533 quod
3289 2464 3511 2520 adversa
3555 2466 3698 2521 vale-

2120 2549 2304 2605 tudine
2322 2551 2591 2620 laborarit,
2620 2553 2759 2622 quod
2787 2553 2953 2623 ipsius
2976 2554 3280 2611 vulneribus
3303 2571 3463 2612 canes
3489 2557 3696 2628 linguas

2121 2641 2482 2712 admoverint,
2507 2660 2568 2700 ac
2591 2641 2820 2716 denique
2855 2646 2999 2716 quod
3027 2647 3176 2704 dives
3196 2663 3317 2702 eum
3348 2650 3418 2702 sit
3441 2664 3693 2719 asperna-

2122 2744 2227 2804 tus,
2256 2754 2374 2809 qum
2399 2741 2573 2794 omnia
2602 2739 2666 2794 ad
2693 2743 3093 2812 perpessionem
3123 2742 3454 2811 spectabant.
3499 2743 3567 2798 Et
3617 2753 3695 2798 ta-

2121 2845 2264 2899 men,
2295 2832 2419 2887 licet
2449 2833 2592 2887 nullo
2616 2832 2720 2886 alio
2736 2835 2950 2903 egregio
2978 2834 3188 2888 virtutis
3219 2850 3442 2889 munere
3469 2835 3685 2904 perfun-

2119 2931 2258 2990 otus,
2281 2923 2402 2993 quia
2428 2923 2597 2978 solum
2623 2923 2927 2994 bujusmodi
2953 2926 3258 2981 maestitiam
3274 2936 3494 2982 strenuo
3516 2927 3701 2980 animo

2119 3012 2260 3079 tulit,
2284 3013 2525 3068 eamdem
2547 3028 2702 3084 quam
2734 3014 3054 3084 patriarcha,
3081 3017 3171 3086 qui
3209 3023 3284 3069 tot
3305 3031 3391 3069 res
3419 3030 3541 3070 cum
3582 3016 3694 3070 vir-

2121 3112 2232 3158 tute
2252 3114 2511 3175 gesserat,
2560 3115 2760 3160 sortem
2791 3115 2872 3160 est
2899 3117 3276 3176 consequutus.
3334 3107 3513 3162 Dicam
3558 3122 3699 3176 pra-

2119 3204 2266 3251 terea
2295 3195 2588 3266 quidpiam,
2615 3196 2756 3266 quod
2784 3198 2883 3252 etsi
2906 3199 2974 3252 ab
3003 3199 3276 3253 hominum
3291 3199 3540 3268 opinione
3562 3198 3695 3254 alie-

2121 3299 2246 3338 num
2307 3284 2579 3352 videatur,
2627 3295 2803 3341 tamen
2854 3301 3039 3342 verum
3092 3296 3208 3342 est:
3240 3303 3434 3357 nempe
3483 3289 3700 3344 etiamsi

2118 3376 2380 3446 quispiam
2406 3391 2651 3446 magnum
2680 3378 2893 3448 aliquod
2920 3387 2974 3433 et
3010 3378 3216 3434 illustre
3255 3393 3390 3449 opus
3428 3378 3652 3434 ediderit
3675 3421 3721 3448 ,η

2119 3465 2214 3521 sed
2241 3466 2358 3522 sine
2378 3466 2582 3532 labore,
2614 3467 2861 3536 periculis
2882 3477 2936 3523 et
2958 3467 3366 3531 calamitatibus,
3396 3483 3519 3524 eum
3554 3468 3694 3523 haud

2119 3573 2366 3628 magnam
2391 3559 2514 3613 hinc
2558 3559 2857 3615 mercedem
2887 3560 3113 3613 laturum
3159 3574 3313 3614 esse:
3345 3558 3701 3630 Unusquisque

2119 3649 2260 3704 enim
2304 3649 2564 3718 propriam
2586 3649 2857 3702 mercedem
2874 3649 3083 3716 accipiet
3095 3649 3246 3718 juxta
3261 3649 3520 3717 proprium
3551 3649 3692 3702 labo-

2121 3753 2226 3791 rem
2253 3738 2337 3808 (1.
2372 3736 2490 3791 Cor.
2517 3737 2570 3790 5.
2597 3736 2653 3801 8)
2686 3755 2698 3790 :
2733 3754 2835 3791 non
2865 3737 3156 3792 secundum
3201 3749 3379 3793 rerum
3405 3753 3468 3793 ex
3503 3739 3696 3793 virtute

2121 3837 2388 3896 gestarum
2412 3828 2847 3897 magnitudinem,
2880 3829 2973 3883 sed
3001 3843 3098 3897 pro
3124 3829 3507 3895 calamitatum,
3561 3844 3699 3899 quas

2121 3918 2417 3987 pertulerit,
2442 3918 2603 3974 mole.
2637 3919 2894 3984 Quocirca
2933 3918 3126 3974 Paulus
3153 3921 3312 3974 etiam
3340 3935 3399 3976 se
3438 3921 3649 3990 jactans
3674 3964 3690 3985 .

2120 4023 2225 4063 non
2255 4009 2324 4064 ob
2364 4009 2416 4063 id
2468 4018 2668 4063 tantum
2721 4011 2999 4080 gloriatur,
3031 4013 3172 4080 quod
3216 4012 3340 4066 boni
3387 4014 3586 4083 aliquid
3631 4028 3693 4069 ac

2119 4101 2357 4171 praeclari
2377 4102 2634 4172 gesserit,
2663 4103 2753 4157 sed
2788 4103 2945 4158 etiam
2983 4103 3122 4172 quod
3153 4104 3306 4159 malis
3351 4104 3572 4160 allectus
3601 4107 3689 4160 sit.

2119 4192 2251 4246 Cum
2281 4194 2421 4247 enim
2441 4193 2682 4257 dixisset,
2718 4193 2940 4248 Ministri
2955 4193 3140 4249 Christi
3167 4205 3302 4262 sunt,
3340 4207 3393 4249 ut
3414 4198 3577 4253 minus
3603 4215 3692 4251 sa-

2122 4284 2262 4351 piens
2278 4283 2473 4354 loquar,
2508 4284 2620 4353 plus
2645 4301 2732 4353 ego
2759 4285 2842 4355 (‘2.
2866 4284 2981 4338 Cor.
3015 4286 3100 4338 ll.
3123 4286 3211 4356 25)
3241 4302 3254 4338 :
3287 4297 3464 4357 atque,
3495 4299 3694 4358 quanto

2119 4371 2196 4425 eis
2211 4374 2544 4440 praestantior
2559 4383 2720 4439 esset,
2741 4388 2859 4427 cum
2875 4389 2939 4428 ex
2956 4375 3351 4442 comparatione
3371 4377 3693 4433 demonstra-

2120 4475 2179 4516 re
2198 4461 2450 4526 studeret,
2475 4477 2582 4520 non
2601 4463 2748 4529 dixit,
2768 4464 2868 4518 Tot
2890 4476 2941 4519 et
2960 4475 3036 4519 tot
3053 4465 3350 4521 hominibus
3369 4468 3648 4538 praedicavi
3673 4488 3686 4522 :

2123 4567 2309 4606 verum
2335 4553 2545 4607 omissis
2574 4553 2637 4607 iis
2677 4569 2794 4624 quae
2817 4569 2884 4608 ex
2914 4556 3109 4610 virtute
3132 4567 3388 4626 gesserat,
3420 4559 3555 4613 mala
3582 4576 3645 4614 ea
3676 4605 3691 4627 ,

2121 4657 2239 4709 qua:
2262 4657 2547 4711 perpessus
2575 4652 2676 4710 est,
2695 4657 2990 4711 enumerat,
3045 4647 3128 4702 his
3155 4648 3332 4703 verbis
3361 4665 3374 4701 :
3404 4649 3471 4704 In
3497 4652 3692 4705 labori-

2120 4730 2210 4783 bus
2236 4732 2589 4799 abundantius,
2618 4733 2668 4786 in
2700 4735 2864 4803 plagis
2890 4752 3046 4806 supra
3092 4740 3316 4805 modum,
3369 4740 3423 4792 in
3468 4744 3688 4794 carceri-

2124 4822 2216 4874 bus
2269 4823 2626 4888 abundantius,
2673 4825 2726 4877 in
2775 4827 3017 4881 mortibus
3066 4830 3367 4899 frequenter.
3414 4831 3692 4903 Quinquies

2122 4913 2468 4982 quadragenas
2488 4931 2588 4968 una
2613 4908 2778 4970 minu‘s
2803 4932 2833 4968 a
2857 4915 3053 4972 Judteis
3079 4921 3286 4989 accepi;
3312 4929 3385 4973 ter
3413 4922 3563 4992 uirgis
3598 4939 3695 4976 ca:-

2121 5018 2207 5055 sus
2231 5020 2361 5070 sum,
2391 5005 2540 5060 semel
2571 5007 2824 5075 lapidatus
2843 5024 2975 5076 sum,
3010 5020 3081 5063 ter
3111 5013 3438 5082 naufragium
3469 5016 3584 5084 feci,
3614 5016 3701 5069 die

2119 5109 2178 5148 as
2191 5105 2333 5148 nocte
2349 5096 2401 5149 in
2425 5100 2675 5169 profundo
2697 5101 2850 5154 maris
2868 5100 2940 5169 fui
2953 5101 3034 5154 :in
3052 5102 3308 5157 itineribus
3324 5120 3475 5174 sape,
3498 5107 3693 5174 pericu-

2121 5185 2183 5239 lis
2199 5187 2483 5256 ﬂuminum,
2506 5191 2742 5258 periculis
2769 5194 3020 5245 latronum
3040 5233 3055 5258 ,
3106 5195 3340 5263 periculis
3383 5212 3446 5249 ea:
3495 5214 3689 5268 genere,

2122 5278 2356 5347 periculis
2385 5296 2446 5334 ea:
2464 5283 2691 5350 gentibus
2715 5324 2729 5349 ,
2776 5284 3010 5352 periculis
3036 5285 3323 5352 incivitate,
3371 5291 3606 5356 periculis
3640 5305 3693 5344 tn

2119 5371 2411 5435 solitudine,
2446 5374 2677 5442 periculis
2707 5376 2759 5428 in
2786 5377 2934 5442 mari,
2968 5377 3201 5447 periculis
3231 5380 3282 5431 in
3327 5378 3470 5447 falsis
3517 5381 3692 5450 fratri-

2123 5461 2211 5514 bus
2238 5477 2257 5516 :
2288 5464 2340 5515 in
2367 5464 2535 5518 labore
2560 5474 2603 5519 et
2623 5482 2867 5531 terumna,
2890 5469 2948 5522 in
2964 5468 3146 5538 vigiliis
3166 5471 3357 5532 multis,
3386 5473 3443 5524 in
3463 5473 3616 5540 fame,
3642 5476 3694 5527 in

2120 5552 2226 5614 siti,
2244 5554 2294 5605 in
2317 5554 2570 5619 nuditate;
2599 5568 2838 5625 prtetcrea
2864 5574 2974 5626 qua:
2998 5560 3304 5615 extrinsecus
3333 5577 3468 5623 sunt,
3496 5564 3690 5617 instan-

2123 5644 2190 5694 tia
2221 5660 2328 5696 mea
2356 5646 2647 5713 quotidiana
2672 5646 2778 5714 (Ib.
2811 5664 2854 5699 v.
2884 5648 2955 5703 9.5
2981 5677 3002 5690 ~
3027 5649 3141 5717 28).

2187 5757 2200 5787 ¹
2227 5758 2360 5808 Savil.
2389 5762 2511 5820 mist,
2523 5755 2675 5820 gloria
2690 5756 3076 5822 aﬂiciens,addit,
3100 5757 3488 5822 magnaslautles
3505 5764 3689 5815 obtinet.
