4078 6446
373 489 430 546 9.
459 484 689 542 Videsne
713 483 1112 554 perpessionum
1137 478 1351 540 seriem,
1381 491 1444 531 ac
1465 472 1724 546 gloriandi
1747 486 1897 527 occa-

300 575 538 632 siones?
584 574 706 630 Mox
746 582 922 627 autem
969 587 1089 642 qua:
1137 570 1298 623 etiam
1345 567 1601 636 praeclare
1647 566 1896 630 gesserit,

301 668 581 738 subiungit
605 684 619 720 :
646 675 805 736 atque
831 665 882 719 in
915 664 977 718 iis
1002 677 1211 717 rursum
1238 658 1612 730 perpessiones
1636 654 1899 724 majorem

303 762 439 826 sibi,
483 777 644 832 «piam
686 775 774 814 res
819 760 1074 829 praeclare
1119 767 1319 827 gestis,
1369 763 1574 825 partem
1606 752 1896 808 vindicant.

304 850 438 905 Nam
467 867 591 905 cum
616 851 873 914 dixisset,
901 848 1157 903 [natantia
1194 863 1304 902 mea
1331 844 1630 917 quotidiana
1648 884 1664 909 ,
1695 842 1903 897 scilicet

304 943 576 997 continete
616 942 964 996 abductiones
987 981 1003 1005 ,
1045 939 1303 994 tumultus
1326 977 1342 1003 ,
1386 945 1546 1005 atque
1569 933 1902 988 calamitates

306 1036 455 1102 (nam
485 1032 587 1087 hoc
610 1031 872 1102 signiticet
901 1028 1242 1097 ἰπισύστασις),
1272 1025 1563 1095 subjunxit,
1593 1021 1902 1079 Sollicitudo

307 1123 534 1177 omnium
562 1120 904 1176 Ecclesiarum
932 1119 982 1190 (1
991 1121 1040 1174 b.
1065 1136 1091 1171 ι·
1135 1116 1252 1190 28).
1280 1117 1398 1172 Non
1422 1116 1575 1179 dixit,
1606 1113 1901 1181 Correctio,

309 1213 403 1268 sed
430 1211 760 1274 Sollicitudo,
789 1226 909 1281 quae
937 1209 1004 1264 ad
1032 1209 1428 1279 perpessionem
1455 1207 1625 1277 magis
1650 1220 1814 1275 quam
1835 1203 1903 1258 ad

310 1315 398 1356 res
423 1317 490 1356 ex
514 1303 710 1356 virtute
738 1309 916 1370 gestas
944 1301 1190 1369 pertinet.
1225 1299 1295 1354 Et
1330 1314 1450 1369 qua:
1490 1305 1788 1367 sequuntur
1815 1309 1907 1350 eo-

310 1391 433 1446 dem
466 1391 628 1446 modo
659 1409 672 1444 :
701 1392 844 1457 Quis,
881 1391 1070 1461 inquit,
1093 1391 1405 1458 inﬁrmatur,
1434 1397 1479 1447 et
1501 1403 1596 1459 ego
1623 1403 1724 1441 non
1753 1386 1905 1454 inﬁr-

312 1499 423 1538 ntor
442 1484 468 1537 7
495 1482 611 1537 Νοη
642 1483 814 1548 dixit,
855 1481 1080 1551 Corrigo
1103 1491 1159 1536 et
1184 1480 1406 1536 medeor
1433 1497 1448 1535 :
1477 1478 1592 1544 sed,
1622 1476 1871 1545 Inﬁrmor
1889 1508 1906 1529 .

313 1587 376 1627 ac
405 1588 618 1627 rursum
649 1590 665 1626 :
697 1571 820 1637 Qnis
847 1573 1243 1636 scandalizatur,
1277 1580 1326 1624 et
1352 1587 1442 1640 ego
1468 1587 1569 1623 non
1596 1585 1717 1622 uror
1744 1567 1905 1638 (Ibid.

314 1681 363 1718 υ.
385 1662 477 1732 89)
500 1661 524 1716 Ἰ
549 1661 664 1716 Non
697 1663 850 1723 dixit,
881 1661 1018 1716 Eum
1050 1661 1302 1717 seandalo
1331 1661 1547 1715 liberavi
1579 1677 1592 1712 :
1625 1659 1753 1722 sed,
1781 1657 1910 1712 Mte-

317 1755 453 1808 roris
499 1754 768 1824 particeps
817 1752 912 1807 Cui.
945 1753 1140 1808 Postea
1167 1752 1458 1808 ostendens
1486 1751 1584 1805 ista
1613 1751 1909 1819 praesertim

319 1844 564 1902 mercede
589 1845 797 1910 donari,
819 1846 930 1899 ait:
964 1843 1026 1899 Si
1048 1844 1257 1914 gloriari
1283 1852 1500 1911 oportet,
1531 1842 1584 1895 in
1605 1842 1668 1895 iis
1696 1855 1810 1911 qua:
1831 1841 1915 1894 in-

320 1939 574 2002 ﬁrmitatis
600 1951 723 1991 mete
749 1945 888 2001 sunt,
919 1935 1177 2006 gloriabor
1204 1933 1331 2006 (Ib.
1356 1949 1406 1988 υ.
1429 1932 1500 1988 50
1522 1933 1563 2004 ).
1595 1933 1672 1986 Ac
1699 1946 1911 1986 rursum

320 2029 462 2083 aliud
491 2029 734 2098 ejusdem
760 2027 974 2098 generis
994 2026 1283 2090 subnectit,
1312 2025 1564 2080 nimirum
1592 2022 1768 2094 fugam
1794 2038 1914 2078 eam

321 2135 477 2189 quam
512 2136 607 2190 per
636 2119 924 2175 fenestram
955 2129 1009 2172 et
1035 2125 1272 2187 spartam
1297 2131 1360 2171 ac
1383 2130 1593 2171 murum
1621 2114 1913 2184 corripuit:

323 2210 424 2265 hoc
457 2226 619 2281 porro
662 2225 726 2265 ex
772 2210 1176 2282 perpessionum
1225 2222 1422 2279 genere
1466 2215 1602 2262 erat.
1653 2206 1714 2262 Si
1758 2205 1918 2275 igitur

323 2315 577 2356 terumnae
606 2315 797 2371 magna
840 2299 1087 2354 mercede
1120 2297 1421 2362 donantur,
1450 2310 1919 2365 mrumnarumque

323 2393 633 2463 gravissima
675 2404 759 2448 est
799 2406 1021 2459 maeror,
1064 2390 1237 2461 cogita
1282 2399 1479 2460 quanta
1519 2389 1630 2445 sint
1669 2388 1920 2444 maeroris

326 2484 568 2552 praemia.
617 2481 801 2553 Neque
844 2483 986 2539 enim
1029 2481 1166 2537 hanc
1212 2481 1309 2536 tibi
1354 2480 1674 2537 cantilenam
1725 2495 1921 2536 canere

326 2573 568 2628 desinam
599 2589 615 2627 :
646 2581 737 2639 ut,
777 2571 923 2643 quod
965 2573 1115 2627 initio
1154 2571 1422 2643 pollicitus
1448 2585 1603 2638 sum,
1638 2569 1741 2626 hoc
1779 2584 1922 2626 nunc

327 2673 577 2733 prtestem
596 2705 611 2729 ,
641 2678 836 2733 nempe
861 2671 920 2718 ut
941 2662 1010 2717 ab
1035 2663 1262 2736 ipsemet
1287 2662 1540 2717 mmstitia
1565 2661 1802 2718 rationes
1827 2675 1922 2718 eas

330 2767 530 2822 texam,
559 2773 679 2828 quae
709 2757 802 2812 tibi
833 2757 1104 2813 maestitia:
1132 2755 1551 2811 consolationem
1578 2755 1802 2825 pariant.

402 2851 612 2919 Aliquid
644 2851 876 2918 praeclari
904 2865 1053 2921 agere
1079 2865 1196 2903 cum
1225 2849 1542 2919 perpessione
1565 2848 1738 2917 aliqua
1763 2847 1924 2903 multo

330 2944 498 3014 majus
525 2955 600 2997 est
625 2960 780 3014 quam
803 2944 912 2998 sine
939 2941 1108 2996 labore
1129 2943 1264 2996 idem
1295 2951 1555 3011 prastare.
1575 2969 1648 2981 ——
1667 2941 1844 3011 Atque
1867 2950 1926 2995 ut

330 3036 548 3091 aliunde
583 3035 760 3091 discas
786 3044 982 3106 quanta
1019 3048 1108 3089 res
1144 3033 1250 3100 sit,
1278 3047 1398 3088 cum
1431 3032 1553 3087 mali
1583 3035 1927 3103 perpessione

334 3129 532 3200 aliquid
565 3127 808 3198 praeclari
851 3143 1044 3199 agere,
1090 3135 1144 3184 et
1187 3134 1384 3198 quanto
1431 3125 1654 3182 inferius
1699 3127 1770 3183 sit
1809 3128 1928 3184 sine

332 3221 518 3278 labore
543 3222 595 3277 id
634 3223 807 3291 ipsum
839 3229 1131 3291 prtestare,
1163 3219 1486 3292 Babylonius
1526 3219 1613 3275 ille
1640 3216 1926 3284 Nabucho-

335 3315 571 3370 donosor
590 3355 605 3379 ,
650 3315 703 3369 in
734 3313 960 3382 sceptris
987 3328 1053 3368 ac
1078 3311 1471 3367 diadematibus
1497 3311 1683 3367 vivens
1701 3352 1719 3379 ,
1760 3326 1928 3369 evan-

335 3405 508 3476 gelico
552 3405 819 3476 quondam
871 3418 1092 3459 munere
1141 3406 1354 3458 functus
1397 3412 1499 3458 est.
1552 3402 1763 3458 Etenim
1809 3411 1932 3472 post

337 3497 568 3552 fornacis
613 3496 884 3550 historiam
911 3510 976 3550 ac
1001 3493 1314 3548 miraculum
1342 3492 1444 3548 hoc
1471 3493 1710 3548 muneris
1741 3508 1927 3547 susce-

339 3590 454 3658 pit,
506 3598 562 3643 ut
603 3589 853 3644 universo
899 3587 1017 3643 orbi
1060 3585 1492 3642 concionatorem
1536 3599 1595 3640 se
1646 3585 1930 3654 praeberet,

340 3695 446 3735 non
489 3695 585 3751 per
628 3679 861 3750 linguam
905 3677 1104 3742 modo,
1148 3676 1243 3732 sed
1271 3677 1432 3732 etiam
1475 3691 1573 3747 per
1615 3676 1836 3742 literas,
1878 3677 1930 3731 in

342 3785 531 3825 omnes
557 3781 714 3826 terra:
743 3778 923 3841 partes
947 3770 1014 3824 ad
1041 3768 1185 3824 hunc
1208 3768 1425 3824 modum
1451 3768 1730 3824 scribens:
1759 3767 1935 3824 Nabu-

341 3861 659 3916 chodonosor
683 3878 774 3916 rea;
802 3862 1033 3915 omnibus
1077 3859 1281 3930 populis
1303 3899 1321 3927 ,
1367 3860 1594 3915 tribubus
1636 3870 1683 3914 et
1724 3859 1932 3931 linguis,

343 3953 428 4022 qui
457 3952 685 4006 habitant
709 3953 762 4006 in
788 3952 1021 4006 universa
1049 3959 1186 4004 terra
1204 3991 1220 4018 ,
1253 3965 1359 4019 pax
1383 3951 1522 4005 vobis
1548 3951 1932 4020 multiplicetur.

345 4042 509 4114 Signa
554 4053 602 4096 et
641 4043 875 4113 prodigia
916 4058 1028 4112 qua
1051 4041 1191 4096 Deus
1230 4043 1455 4095 excelsus
1493 4043 1634 4111 apud
1676 4059 1756 4096 me
1795 4043 1934 4114 fecit,

346 4134 538 4202 placuit
563 4133 870 4187 annuntiare
909 4134 1065 4188 vobis.
1110 4133 1304 4204 Magna
1337 4134 1470 4187 enim
1513 4145 1628 4188 sunt
1669 4145 1718 4188 et
1746 4136 1937 4205 fortia:

346 4239 560 4295 regnum
586 4225 698 4294 ejus
727 4240 936 4295 regnum
981 4225 1355 4293 sempiternum,
1402 4235 1449 4280 et
1487 4234 1705 4295 potestas
1748 4227 1858 4297 ejus
1886 4227 1940 4281 in

346 4315 716 4385 generationem
764 4323 812 4369 et
853 4316 1226 4384 generationem
1271 4313 1450 4386 (Dan.
1480 4316 1534 4370 3.
1561 4307 1835 4384 98-l0'0).
1875 4315 1943 4370 Et

346 4405 522 4461 edicto
563 4405 780 4468 sanxit,
828 4414 886 4458 ut
924 4406 1098 4459 omnis
1129 4405 1394 4476 populus,
1427 4405 1595 4460 tribus
1638 4416 1696 4460 et
1738 4403 1939 4475 lingua,

349 4511 469 4567 qua:
508 4497 728 4566 loqunta
758 4494 918 4550 fuerit
943 4507 1130 4552 contra
1161 4497 1328 4553 Deum
1370 4496 1594 4553 Sidrach
1615 4537 1630 4565 ,
1659 4496 1860 4553 Misach
1888 4507 1944 4553 et

348 4587 662 4657 Abdenago,
691 4586 997 4655 dispereat,
1025 4597 1078 4642 et
1102 4587 1294 4643 domus
1318 4588 1436 4659 ejus
1476 4587 1548 4643 sit
1591 4588 1646 4642 in
1685 4587 1941 4656 direptio-

351 4693 496 4733 nem.
527 4677 793 4748 Additque
820 4694 835 4730 :
859 4675 1041 4742 Neque
1067 4679 1200 4732 enint
1227 4680 1362 4732 alius
1389 4689 1463 4733 est
1489 4677 1649 4741 Deus.
1675 4679 1762 4749 qui
1786 4681 1944 4749 possit

351 4768 422 4822 ita
447 4768 646 4822 salvare
669 4766 788 4836 (Ib.
814 4783 862 4822 υ.
886 4768 1017 4840 96).
1044 4767 1208 4824 Vides
1252 4770 1425 4824 minas
1465 4769 1517 4824 in
1548 4769 1760 4824 literis?
1795 4769 1945 4825 vides

352 4859 663 4915 terrorem?
717 4859 866 4914 vides
910 4861 1192 4916 sublimem
1219 4877 1521 4932 prcccouetn
1551 4863 1605 4928 ί,
1651 4876 1715 4917 ac
1763 4863 1945 4917 literas

354 4964 782 5023 quaquaversum
809 4951 1068 5008 diﬂ’usas?
1111 4953 1249 5022 Quid
1280 4955 1474 5024 igitur,
1514 4953 1600 5009 dic
1626 4954 1801 5009 mihi?
1847 4970 1946 5025 pa-

357 5056 541 5099 remne
587 5044 847 5114 apostolis
893 5046 1193 5102 mercedem
1242 5056 1642 5116 consequetur,
1693 5048 1944 5117 quoniam

359 5133 456 5191 Dei
489 5135 782 5207 potentiam
821 5137 894 5189 ita
934 5137 1280 5207 praedicavit,
1327 5146 1640 5208 tantumque
1681 5139 1840 5194 etudii
1885 5154 1950 5196 ac

358 5223 648 5297 diligentia:
696 5225 975 5294 adhibuit,
1029 5236 1087 5282 ut
1131 5227 1270 5283 hanc
1316 5227 1612 5283 doctrinam
1662 5237 1773 5284 toto
1819 5231 1953 5286 orbe

358 5317 670 5373 nuntiaret?
714 5316 874 5373 Certe
917 5333 1023 5373 non
1055 5334 1300 5390 magnam
1344 5321 1459 5389 ejus
1486 5329 1713 5389 partem,
1765 5337 1950 5376 verum

360 5408 580 5464 ullinitis
620 5408 860 5478 partibus
887 5408 1212 5465 inferiorem.
1259 5411 1420 5481 Atqui
1445 5410 1634 5466 eodem
1655 5449 1671 5477 ,
1703 5426 1810 5482 quo
1850 5411 1946 5478 illi,

360 5511 582 5555 manere
609 5495 821 5556 iunctm
858 5508 960 5555 est.
1010 5499 1120 5558 Sed
1157 5501 1279 5572 quia
1309 5502 1486 5557 nullus
1517 5502 1603 5558 hic
1646 5504 1816 5568 labor,
1850 5518 1952 5560 nec

359 5591 521 5654 ullius
559 5590 688 5645 mali
730 5591 1004 5661 perpessio
1047 5591 1295 5662 adjuncta
1335 5601 1457 5657 est,
1509 5595 1709 5649 idcirco
1745 5608 1953 5650 merces

359 5681 636 5741 minuitur.
664 5681 760 5738 llic
784 5684 927 5738 enim
954 5700 1019 5742 ex
1046 5693 1329 5756 potestate,
1356 5701 1418 5742 ac
1441 5688 1556 5744 sine
1583 5688 1688 5744 ullo
1713 5687 1954 5762 periculo

422 5793 442 5829 ⁸
470 5794 810 5857 Perronhnns,
834 5793 966 5849 vides
988 5794 1406 5860 medicationem.

1769 356 2144 416 EPISTOLA'S.

3502 375 3610 437 58!

1986 468 2113 527 'ltoc
2139 470 2332 541 agebat
2361 489 2376 524 :
2408 487 2530 528 cum
2559 473 2635 529 illi
2665 486 2852 532 contra
2881 479 3316 552 prohiberentur,
3348 488 3615 556 pelleren-

2008 573 2131 631 tur,
2180 564 2568 632 tunderentur,
2617 568 2802 639 ﬂagris
2843 574 3218 643 caederentur,
3252 581 3305 634 in
3350 587 3610 641 arumnis

2008 665 2369 722 versarentur,
2418 657 2472 712 in
2505 675 2745 730 praeceps
2772 675 3056 733 agerentur
3078 708 3093 732 ,
3130 670 3182 724 in
3215 687 3364 729 mare
3391 675 3609 742 demerz

2007 758 2294 816 gerentur,
2330 747 2471 808 fame
2513 751 2940 820 conﬁcerentur,
2985 761 3352 826 quotidianam
3381 779 3613 825 mortem

2010 846 2367 906 oppeterent,
2412 840 2576 896 animi
2627 843 2791 897 etiam
2832 848 3071 904 cruciatu
3115 851 3498 926 afﬁcerentur,
3545 861 3617 917 ad

2010 927 2269 1021 cujusque
2320 929 2687 988 inlirmitatem
2746 936 3188 1008 inllrmarentur,
3231 945 3304 1001 ad
3354 949 3621 1021 cujusque

2010 1018 2364 1077 oﬂ'ensionem
2396 1032 2453 1078 et
2491 1027 2802 1083 scandalum
2840 1041 3147 1089 urerentur.
3195 1035 3381 1109 itaque
3408 1018 3506 1110 pro
3531 1018 3623 1101 bis

2011 1110 2284 1166 laboribus
2307 1154 2322 1179 ,
2367 1128 2431 1169 ac
2473 1117 2774 1184 praesertim
2821 1133 2920 1188 pro
2971 1137 3238 1191 maerore,
3283 1131 3512 1200 amplior
3540 1135 3622 1190 eis

2014 1216 2222 1257 merces
2250 1214 2333 1259 est
2359 1207 2650 1274 persoluta.
2680 1207 3040 1283 Unusquisque
3091 1217 3235 1271 enim
3253 1259 3268 1282 ,
3301 1221 3475 1291 inquit
3505 1224 3618 1291 ille,

2013 1295 2275 1362 propriam
2311 1297 2596 1352 mercedem
2636 1301 2852 1370 accipiet
2885 1304 3044 1371 juxta
3087 1309 3353 1374 proprium
3397 1313 3623 1369 laborent

2015 1386 2090 1457 (l.
2109 1385 2230 1441 Cor.
2254 1387 2308 1441 3.
2334 1387 2391 1456 8)
2418 1406 2430 1440 :
2459 1403 2566 1442 non
2587 1390 2732 1446 enim
2757 1392 2809 1446 id
2837 1393 3052 1449 assidue
3077 1409 3326 1467 repetere
3348 1401 3616 1462 desinam.

2015 1477 2142 1533 Ideo
2171 1479 2435 1549 benignus
2463 1481 2628 1546 Deus,
2656 1499 2779 1540 cum
2810 1486 3009 1544 Paulus
3032 1504 3178 1560 saepe
3204 1508 3446 1565 rogasset
3471 1515 3532 1555 se
3555 1516 3622 1556 ex

2015 1569 2413 1626 calamitatibus
2441 1580 2496 1627 et
2527 1589 2760 1631 maerore
2784 1617 2800 1643 ,
2830 1577 3017 1635 dolore
3042 1592 3204 1653 atque
3242 1588 3494 1655 periculis
3518 1593 3628 1648 eri-

2022 1671 2198 1730 peret,
2231 1662 2284 1718 id
2313 1664 2412 1734 ipsi
2443 1664 2667 1721 minime
2696 1672 2984 1725 concessit.
3018 1672 3126 1728 Pro
3157 1677 3288 1744 hoc,
3324 1679 3523 1752 inquit,
3551 1694 3629 1739 ter

2023 1753 2299 1809 Dominum
2329 1759 2507 1827 rogavi
2551 1759 2649 1830 (2.
2675 1760 2796 1816 Cor.
2826 1763 2915 1818 12.
2945 1765 3022 1832 8)
3061 1784 3076 1822 :
3116 1783 3216 1825 nec
3265 1780 3441 1828 tamen
3482 1776 3628 1845 quod

2018 1846 2289 1914 petebam,
2322 1849 2626 1918 impetravi.
2660 1853 2725 1906 Et
2749 1868 2897 1918 sane,
2929 1871 3026 1912 cur
3046 1862 3375 1931 amplissima
3406 1867 3626 1935 prmmia

2020 1937 2283 2004 caperet?
2312 1941 2396 1994 An
2427 1943 2570 2008 quod
2615 1944 2732 1999 sine
2776 1945 2962 2004 labore
3003 1953 3390 2022 praedicasset,
3422 1958 3633 2017 deliciis

2022 2027 2341 2121 indulgens,
2373 2041 2535 2102 atque
2565 2036 2618 2089 in
2665 2039 3052 2108 tranquillitate
3095 2043 3345 2114 degens?
3387 2064 3455 2103 an
3487 2052 3632 2121 quod

2021 2115 2168 2172 domi
2194 2119 2391 2175 sedens
2417 2137 2480 2177 os
2505 2123 2801 2181 diduxisset
2823 2167 2839 2192 ,
2872 2130 3199 2202 aclinguam
3231 2115 3534 2194 movisseti
3563 2142 3635 2200 At

2022 2210 2127 2304 hoc
2171 2214 2342 2304 cuivis
2387 2213 2546 2272 facile
2575 2229 2728 2287 erat,
2762 2225 3059 2292 quamlibet
3101 2232 3261 2285 etiam
3307 2232 3500 2304 ignavo
3523 2278 3539 2302 ,
3569 2251 3637 2294 ae

2023 2299 2285 2400 dissolute
2317 2313 2373 2360 et
2412 2306 2642 2366 delicate
2671 2312 2892 2370 viventi.
2924 2315 3078 2375 Nunc
3107 2333 3285 2377 autem
3327 2299 3633 2400 vulnerum,

2027 2393 2299 2449 variorum
2328 2399 2523 2455 mortis
2549 2416 2806 2472 generum
2823 2445 2841 2470 ,
2868 2421 3125 2466 cursuum
3157 2423 3264 2469 tam
3291 2393 3637 2478 terrenarum

2025 2498 2186 2582 quam
2250 2487 2584 2582 mer—inorum
2609 2531 2625 2559 ,
2673 2494 2843 2562 ipsius
2891 2502 3143 2557 mceror-is
3166 2543 3182 2569 ,
3235 2505 3635 2582 lacrymarum,

2027 2573 2276 2632 dolorum
2305 2578 2324 2648 (
2347 2577 2646 2640 Triennium
2674 2587 2820 2642 enim
2843 2630 2859 2654 ,
2901 2590 3107 2661 inquit,
3151 2597 3240 2651 die
3258 2613 3320 2651 ac
3348 2573 3496 2655 nocte
3518 2573 3640 2659 cum

2029 2665 2273 2764 lacrymis
2309 2661 2412 2724 non
2437 2675 2661 2740 cessavi,
2695 2693 2906 2734 monens
2934 2698 3340 2758 unumquemque
3380 2693 3640 2764 uestrum)

2031 2755 2050 2826 (
2074 2758 2186 2811 Act.
2209 2758 2299 2814 20.
2332 2761 2392 2816 51
2425 2762 2444 2832 )
2471 2767 2691 2834 praemia
2735 2779 2791 2824 et
2817 2784 3049 2830 coronas
3073 2755 3267 2848 magna
3292 2794 3418 2837 cum
3445 2755 3640 2841 ﬁducia

2031 2857 2384 2920 percepturus
2412 2863 2519 2908 est.

2105 2939 2193 2996 £0.
2241 2940 2572 3001 Calamitates
2611 2948 2953 3022 Olympiadis.
2982 2954 3178 3029 losepls
3219 2964 3284 3016 ob
3326 2964 3643 3024 calamitates

2032 3030 2225 3085 clarus.
2249 3062 2321 3073 —-
2360 3033 2488 3091 Haec
2535 3037 2697 3108 igitur
2721 3043 2904 3099 animo
2945 3054 3002 3101 et
3039 3050 3364 3120 cogitatione
3404 3057 3644 3128 comple-

2031 3130 2216 3187 ctens,
2260 3134 2520 3195 quantum
2571 3130 2773 3188 scilicet
2818 3136 3031 3193 acerba
3077 3155 3142 3196 ac
3189 3142 3473 3203 laboriosae
3517 3150 3645 3206 vita

2033 3215 2242 3312 lucrum
2268 3220 2359 3312 sit,
2384 3222 2556 3290 gaude
2577 3234 2634 3278 et
2660 3225 2844 3283 laetare
2870 3247 2885 3284 :
2915 3239 3078 3301 utque
3108 3233 3459 3308 fructuosam,
3483 3249 3644 3312 atque

2033 3307 2335 3364 innumeris
2358 3313 2579 3368 coronis
2622 3316 2840 3386 dignam
2881 3321 2992 3389 jam
3039 3324 3167 3380 inde
3203 3341 3236 3382 a
3273 3329 3443 3396 prima
3485 3307 3646 3390 aetate

2036 3399 2174 3454 viam
2208 3403 2468 3471 tenueris,
2497 3406 2703 3463 crebris
2727 3419 2783 3466 et
2809 3414 3080 3470 continuis
3110 3428 3302 3475 vexata
3326 3422 3646 3481 calamitati-

2035 3491 2156 3548 bus.
2189 3493 2404 3549 Etenim
2429 3498 2611 3553 varius
2633 3508 2689 3555 et
2716 3504 2996 3572 multiplex
3020 3547 3036 3573 ,
3069 3512 3452 3583 sexcentisque
3498 3531 3645 3572 mor-

2038 3584 2181 3639 tibus
2206 3587 2424 3657 gravior
2451 3592 2696 3660 corporis
2735 3593 2960 3651 morbus
2981 3613 3273 3670 numquam
3315 3612 3368 3660 te
3395 3605 3650 3667 obsidere

2039 3677 2285 3747 destitit;
2311 3682 2676 3738 conviciorum
2699 3685 2861 3742 etiam
2886 3697 2941 3746 et
2963 3694 3410 3751 contumeliarum
3429 3712 3646 3768 agmen,

2039 3778 2095 3823 et
2136 3772 2419 3827 calumnia,
2466 3773 2521 3828 in
2570 3782 2626 3830 te
2668 3775 2797 3832 ferri
2845 3778 3072 3837 minime
3113 3783 3425 3854 desierunt;
3471 3790 3649 3848 crebri

2040 3858 2292 3930 denique,
2318 3862 2426 3922 imo
2446 3864 2651 3922 assidui
2670 3881 2956 3938 mmrores,
2978 3886 3045 3926 ac
3070 3872 3427 3947 lacrymarum
3450 3879 3648 3951 fontes,

2043 3966 2140 4020 per
2166 3968 2328 4009 omne
2355 3955 2481 4010 vitae
2512 3964 2722 4027 tempus
2767 3960 3071 4019 molestiam
3116 3965 3211 4021 tibi
3258 3969 3646 4028 exbibuerunt.

2045 4041 2248 4097 [lorum
2290 4045 2499 4117 singula
2527 4047 2611 4104 vel
2656 4050 2769 4104 sola
2796 4066 2917 4106 eam
2946 4053 3054 4109 vim
3087 4055 3429 4126 habuerunt,
3463 4071 3521 4119 ut
3564 4065 3651 4120 in-

2044 4143 2260 4201 gentem
2287 4135 2375 4202 iis,
2400 4137 2490 4206 qui
2532 4153 2596 4194 ea
2621 4141 3025 4211 sustinuissent,
3057 4149 3340 4205 utilitatem
3369 4151 3646 4211 aﬂ‘errent.

2045 4222 2183 4317 Nam,
2206 4236 2259 4280 et
2300 4226 2539 4284 Lazarus
2582 4230 2655 4288 ob
2697 4232 2873 4290 solum
2915 4237 3163 4296 morbum
3200 4243 3450 4300 eamdem
3489 4262 3650 4317 quam

2048 4316 2353 4383 patriarcha
2419 4320 2604 4377 sedem
2661 4336 3030 4396 consequutus
3075 4340 3161 4386 est
3206 4350 3220 4386 :
3267 4344 3323 4390 et
3367 4316 3652 4405 publicano

2048 4410 2349 4464 convicium
2377 4411 2634 4470 Pharisaei
2659 4431 2779 4472 eam
2816 4418 3077 4485 justitiam
3104 4425 3300 4490 attulit,
3328 4444 3447 4498 quae
3472 4426 3653 4487 Phari-

2048 4501 2143 4554 stei
2188 4501 2452 4570 justitiam
2512 4517 2793 4575 superaret
2837 4526 2852 4564 :
2902 4519 2957 4567 et
3004 4513 3239 4586 denique
3285 4520 3649 4587 apostolorum

2051 4592 2304 4663 princeps
2327 4596 2505 4664 gravis
2545 4597 2688 4655 illius
2715 4600 2939 4656 sceleris
2967 4605 3118 4660 ulcus
3145 4607 3394 4679 lacrymis
3420 4613 3650 4668 sanavit.

2051 4684 2184 4737 Cum
2237 4684 2398 4756 igitur
2443 4685 2636 4743 borum
2688 4692 2975 4762 unicuique
3023 4710 3185 4752 unam
3250 4703 3654 4769 perpessionem

2053 4774 2330 4831 sull'ecisse
2375 4788 2623 4845 constet,
2670 4784 2948 4853 perpende
2984 4786 3097 4857 jam
3147 4801 3276 4860 quot
3319 4804 3657 4866 quantasque

2055 4867 2166 4937 ipsa
2199 4871 2478 4928 mercedes
2506 4887 2826 4945 perceptura
2868 4879 2943 4933 sis
2967 4921 2983 4948 ,
3026 4892 3082 4935 ut
3110 4899 3231 4953 quae
3260 4887 3441 4940 omnia
3471 4890 3656 4956 simul,

2055 4968 2112 5017 et
2152 4961 2368 5030 quidem
2416 4978 2540 5020 cum
2587 4966 2790 5037 ingenti
2838 4971 3132 5028 acerbitate
3179 4975 3446 5042 subieris,
3499 4979 3659 5050 idque

2057 5069 2154 5122 per
2198 5070 2360 5111 omne
2387 5059 2514 5114 vita:
2543 5067 2773 5130 tempus.
2818 5061 3003 5133 Neque
3049 5066 3194 5122 enim
3236 5071 3341 5124 ulla
3385 5086 3475 5128 res
3503 5088 3660 5142 teque

2056 5145 2367 5237 splendidos
2409 5159 2465 5205 et
2490 5151 2842 5210 admirandos
2885 5157 3133 5215 homines
3160 5162 3356 5227 reddit,
3401 5173 3658 5237 tantoque

2056 5235 2319 5292 bonorum
2347 5253 2545 5296 acervo
2570 5245 2829 5311 cumulat,
2863 5254 2921 5301 ut
2949 5251 3305 5307 teutationnm
3332 5235 3658 5325 frequentia,

2058 5328 2316 5397 pericula,
2347 5331 2579 5402 labores,
2613 5352 2896 5405 mterores,
2927 5350 2984 5396 et
3013 5353 3286 5414 perpetua:
3317 5348 3522 5406 insidiae
3541 5392 3557 5418 ,
3590 5353 3661 5407 ab

2061 5422 2161 5490 iis,
2193 5437 2224 5479 a
2252 5425 2446 5494 quibus
2475 5427 2701 5485 minime
2729 5430 2985 5500 decebat,
3031 5443 3251 5494 structa:
3281 5456 3294 5492 :
3325 5440 3452 5495 dum
3484 5451 3658 5501 tamen

2058 5515 2238 5570 omnia
2260 5531 2416 5586 sequo
2434 5519 2617 5574 animo
2638 5520 2897 5578 ferantur.
2919 5524 3129 5596 Quippe
3150 5544 3223 5583 ne
3247 5531 3414 5586 filium
3443 5534 3658 5603 quidem

2059 5606 2227 5664 .lacob
2254 5609 2544 5680 quidquam
2572 5613 2797 5687 perinde
2822 5616 3029 5671 clarum
3056 5633 3120 5674 ac
3147 5620 3362 5677 beatum
3398 5626 3660 5695 reddidit,

2062 5710 2121 5756 ut
2146 5701 2235 5758 illa
2265 5711 2376 5758 tum
2418 5705 2472 5759 in
2513 5721 2640 5762 eum
2680 5718 2882 5764 structa
2927 5711 3217 5780 calumnia,
3264 5726 3319 5771 et
3359 5732 3561 5784 carcer,
3607 5726 3658 5776 ct

2064 5800 2290 5862 catena,
2330 5805 2386 5850 et
2429 5793 2555 5855 hinc
2597 5808 2873 5856 contracta
2920 5805 3181 5860 aerumna:
3229 5805 3417 5878 Magna
3443 5811 3660 5881 quidem
