4078 6500
451 387 552 445 683

445 503 708 574 pudicitia
739 500 901 570 ipsius
930 499 1098 552 virtus
1142 507 1255 551 erat
1281 537 1295 560 ,
1327 510 1448 551 cum
1478 494 1847 565 Egyptiacam
1888 491 2013 546 libi-

444 591 622 647 dinem
651 589 957 659 superavit,
987 601 1050 641 ac
1075 587 1326 641 miseram
1357 584 1503 638 illam
1530 581 1778 638 feminam
1803 579 1872 634 ad
1897 594 2013 634 sce-

445 686 670 740 leratum
696 680 1032 737 concubitum
1056 693 1178 733 eum
1199 685 1476 732 vocantem
1503 672 1833 744 prepulsavit
1857 669 2012 741 (Gen.

442 774 534 842 39)
565 794 578 829 :
608 781 665 828 at
687 772 790 828 hoc
812 780 991 826 tamen
1017 782 1126 824 non
1165 768 1236 821 ita
1267 780 1542 836 magnum,
1576 770 1635 818 ut
1659 777 1720 818 ea
1747 775 1865 832 qua:
1889 774 2011 831 per-

438 876 628 936 pessus
651 873 755 921 est.
783 862 1036 932 Quaenam
1061 860 1202 915 enim
1230 858 1347 914 laus
1373 865 1472 922 est,
1493 855 1599 922 dic,
1627 867 1829 925 quaeso,
1857 850 2012 906 adul-

440 959 636 1014 terium
662 956 891 1012 minime.
911 960 1270 1023 perpetrasse,
1302 963 1399 1004 nec
1425 947 1657 1003 alienum
1697 953 1869 999 torum
1896 941 2012 997 vio-

440 1047 599 1111 lasse,
623 1058 722 1110 pec
740 1043 934 1098 lectum
955 1040 1087 1097 nihil
1105 1038 1174 1095 ad
1193 1053 1252 1094 se
1268 1037 1580 1093 attinentem
1600 1033 2009 1095 contaminasse,

437 1151 540 1193 nec
567 1133 770 1191 homini
815 1132 953 1188 bene
997 1130 1064 1188 de
1108 1144 1169 1186 se
1212 1127 1405 1184 merito
1448 1125 1700 1195 injuriam
1746 1121 2009 1187 intulisse,

440 1239 544 1281 nec
569 1222 774 1292 patroni
801 1222 883 1277 sui
913 1220 1128 1275 domum
1155 1218 1210 1273 in
1238 1216 1486 1286 probrum
1511 1221 1565 1270 et
1591 1213 1860 1269 infamiam
1884 1225 2011 1286 con-

432 1317 670 1389 jecisse?
693 1317 764 1371 At
784 1314 924 1386 quod
945 1329 1065 1369 eum
1092 1311 1352 1366 illustrem
1375 1307 1622 1374 reddidit,
1647 1305 1776 1360 illud
1797 1304 2010 1359 demum

438 1414 545 1472 est,
589 1407 839 1461 nimirum
889 1402 1182 1474 periculum
1206 1440 1222 1465 ,
1270 1397 1511 1462 insidiae,
1561 1396 1709 1451 furor
1748 1393 2006 1460 mulieris,

432 1511 594 1568 quam
627 1495 788 1551 libido
811 1493 1075 1563 captivam
1102 1489 1336 1554 tenebat,
1365 1488 1520 1541 allata
1549 1486 1628 1541 vis
1647 1527 1662 1551 ,
1692 1482 2008 1540 inevitabilis

435 1585 654 1642 thalami
697 1598 916 1648 carcer,
959 1595 1118 1652 quem
1157 1578 1393 1633 adultera
1441 1576 1540 1648 ipsi
1583 1579 2005 1644 comparaverat,

434 1673 596 1738 retia,
643 1687 763 1742 qum
805 1671 952 1726 omni
997 1685 1067 1725 ex
1115 1678 1266 1739 parte
1307 1666 1630 1735 expanderat
1655 1705 1669 1730 ,
1716 1663 2003 1728 accusatio,

435 1763 703 1820 calumnia
729 1804 744 1829 ,
793 1776 1015 1827 carcer,
1064 1759 1271 1824 catena,
1317 1756 1442 1811 illud
1484 1756 1645 1811 etiam
1690 1755 1832 1825 quod
1874 1753 2006 1808 nihil

433 1854 569 1924 aequi
598 1854 910 1923 intpetrans,
935 1861 1054 1919 post
1081 1858 1282 1903 tantum
1309 1855 1599 1914 certamen,
1630 1845 1700 1900 ob
1719 1845 1860 1916 quod
1881 1859 2003 1900 cum

430 1959 627 2000 corona
667 1942 854 1998 donari
899 1957 993 2012 par
1037 1949 1187 2008 erat,
1233 1947 1501 2009 tamquam
1547 1952 1672 1994 reus
1711 1951 1910 1993 nocens
1949 1937 2002 1991 in

429 2033 640 2088 vincula
665 2032 977 2098 ducebatur,
1004 2045 1066 2085 ac
1104 2045 1225 2085 cum
1267 2030 1331 2084 iis
1356 2030 1445 2099 qui
1470 2028 1782 2099 gravissima
1807 2026 2002 2098 ﬂagitia

428 2137 888 2197 perpetraverant,
912 2123 1300 2190 includebatur,
1324 2123 1538 2194 squalor
1557 2123 1683 2178 item
1705 2131 1759 2177 et
1781 2122 1998 2187 ferrum,

427 2217 660 2273 carceris
701 2215 936 2271 afﬂictio.
983 2213 1118 2270 Tum
1168 2213 1375 2269 scilicet
1416 2228 1539 2268 eum
1589 2211 2000 2282 splendidiorem

426 2319 611 2371 cerno,
641 2321 802 2377 quam
825 2320 946 2361 cum
974 2305 1028 2360 in
1047 2302 1265 2375 Σεῖριί
1289 2303 1424 2358 solio
1447 2302 1640 2358 sedens
1679 2302 1999 2358 frumentum

425 2395 708 2468 egentibus
753 2394 1048 2462 tribuebat,
1087 2395 1282 2450 famem
1323 2392 1568 2463 pellebat,
1611 2401 1664 2448 et
1704 2393 1999 2448 communis

423 2488 672 2543 omnibus
696 2496 881 2558 portus
920 2494 1059 2541 erat.
1105 2484 1262 2549 Tum,
1304 2485 1539 2555 inquam,
1570 2498 1692 2539 eum
1719 2484 1996 2540 clariorem

425 2592 623 2644 cerno,
662 2592 787 2633 cum
826 2591 948 2632 cum
987 2575 1270 2646 compedes
1314 2585 1368 2629 et
1411 2575 1634 2629 manicae
1677 2573 1992 2640 vinciebant,

421 2685 581 2741 quam
625 2685 746 2725 cum
785 2669 836 2724 in
880 2669 1160 2725 luculentis
1183 2670 1420 2725 vestibus
1459 2678 1658 2724 tantam
1701 2670 1993 2740 potentiam

421 2761 713 2817 obtinebat.
767 2760 978 2816 Etenim
1012 2759 1143 2815 illud
1187 2761 1418 2815 carceris
1460 2768 1707 2830 tempus,
1752 2760 1994 2828 negotia-

421 2850 581 2906 tionis
605 2859 763 2921 atque
787 2852 1016 2920 ingentis
1035 2860 1268 2920 quaestus
1290 2859 1404 2905 erat
1427 2867 1441 2902 :
1468 2850 1571 2905 hoc
1593 2858 1790 2914 autem,
1816 2851 1991 2915 luxus,

419 2941 856 3012 remissionisque
882 2942 1074 3008 animi,
1100 2952 1260 3013 atque
1289 2943 1526 3008 honoris,
1559 2943 1752 2997 multas
1779 2944 1992 3013 quidem

420 3032 723 3102 Voluptates
749 3031 978 3099 habens,
1021 3040 1078 3087 at
1119 3048 1224 3086 non
1268 3033 1493 3087 multum
1520 3032 1677 3088 lucri.
1726 3032 1845 3087 Ideo
1885 3047 1992 3088 non

418 3135 526 3182 tam
553 3142 672 3183 eum
701 3127 938 3196 suspicio
964 3167 978 3191 ,
1021 3141 1144 3181 cum
1189 3127 1360 3181 honor
1401 3126 1451 3181 ei
1486 3140 1514 3179 a
1553 3133 1704 3195 patre
1746 3126 1986 3192 habetur,

418 3230 580 3288 quam
620 3231 741 3270 cum
772 3216 998 3270 fraterna
1035 3215 1229 3270 invidia
1259 3216 1553 3285 exagitator
1575 3255 1590 3281 ,
1618 3223 1778 3285 atque
1805 3224 1992 3270 contu-

418 3305 667 3362 bernales
709 3305 890 3360 hostes
931 3305 1110 3361 habet.
1152 3305 1286 3360 Nam
1323 3306 1467 3360 domi
1512 3305 1614 3374 ipsi
1653 3306 1766 3374 jam
1809 3305 1930 3361 inde
1957 3321 1989 3360 a

418 3397 603 3467 primis
648 3397 803 3451 annis
844 3411 1002 3466 grave
1039 3396 1240 3452 bellum
1287 3397 1659 3452 excitabatur:
1694 3406 1749 3452 et
1775 3397 1986 3468 quidem

415 3487 486 3542 ab
529 3489 593 3543 iis
636 3487 878 3541 hostibus
919 3487 1010 3557 qui
1035 3527 1049 3551 ,
1093 3486 1233 3557 quod
1273 3488 1372 3557 ipsi
1415 3498 1810 3555 succenserent,
1856 3489 1989 3544 nihil

419 3576 722 3643 habebant;
767 3592 951 3632 verum
991 3591 1108 3632 eam
1146 3578 1216 3633 ob
1259 3592 1473 3633 causam
1519 3578 1889 3648 tabescebant,
1925 3595 1988 3637 ac

414 3668 601 3731 dolore
639 3667 1136 3738 disrumpebantur,
1181 3667 1323 3736 quod
1367 3667 1621 3738 majorem
1666 3669 1782 3739 ipse
1824 3672 1988 3740 patris

415 3760 841 3816 benevolentiam
867 3758 1150 3815 obtineret.
1180 3759 1346 3814 Porro
1365 3760 1638 3831 legislator
1655 3761 1829 3817 Moses
1851 3762 1988 3817 hanc

413 3849 524 3904 vim
554 3850 771 3912 amoris,
801 3864 908 3903 non
936 3864 964 3902 a
996 3849 1150 3918 pueri
1175 3850 1392 3916 virtute,
1421 3849 1516 3905 sed
1541 3850 1606 3904 ah
1631 3865 1698 3906 eo
1724 3860 1984 3921 tempore,

412 3948 852 4014 quo.procreatus
874 3947 977 4003 est,
1006 3949 1179 3994 ortum
1209 3939 1424 3996 duxisse
1452 3942 1661 3996 asserit.
1695 3940 1825 3996 Nam
1853 3957 1985 4014 quo-

415 4008 556 4083 niam
584 4029 754 4083 serius
779 4043 936 4097 quam
961 4028 1048 4083 alii
1077 4029 1130 4083 in
1157 4030 1329 4084 lucem
1358 4029 1530 4086 editus
1556 4031 1762 4098 fuerat,
1796 4008 1980 4103 inquit,

412 4131 573 4190 atque
613 4118 666 4173 in
718 4129 953 4175 extrema
998 4129 1268 4176 senectute
1309 4121 1492 4194 (cordi
1536 4132 1711 4179 autem
1757 4128 1985 4183 maxime

413 4219 541 4266 sunt
581 4209 878 4280 hujusmodi
922 4208 1036 4277 filii,
1083 4210 1222 4280 quod
1269 4221 1462 4279 praeter
1501 4228 1650 4281 spem
1679 4215 1780 4268 orti
1823 4216 1980 4285 sint),

412 4300 612 4356 idcirco
659 4300 793 4370 patri
835 4314 990 4355 carus
1032 4308 1166 4355 erat.
1211 4299 1463 4371 Diligebat
1490 4302 1632 4357 enim
1675 4320 1788 4357 eum
1817 4315 1979 4375 pater,

413 4391 601 4461 inquit,
629 4391 764 4459 quod
789 4407 900 4444 eum
927 4406 1078 4445 sensa:
1104 4391 1352 4461 genuisset
1376 4389 1522 4462 (Gen.
1553 4393 1640 4448 37.
1665 4394 1740 4464 3).

485 4484 568 4536 ll.
615 4481 738 4536 Hmc
781 4491 977 4544 autem,
1023 4496 1140 4536 mea
1171 4481 1382 4551 quidem
1428 4485 1688 4538 sententia
1713 4527 1726 4549 ,
1769 4486 1981 4556 scripsit

411 4573 680 4643 legislator
701 4613 716 4637 ,
746 4586 851 4625 nou
878 4571 931 4624 id
970 4571 1110 4640 quod
1139 4586 1226 4626 res
1254 4580 1368 4626 erat
1397 4587 1647 4638 narrans,
1675 4589 1857 4628 verum
1885 4592 1978 4645 pa-

413 4666 509 4720 tris
535 4671 845 4732 praetextum
891 4670 945 4716 et
987 4661 1281 4715 obtentum.
1331 4663 1589 4729 Quoniam
1634 4666 1774 4719 enim
1803 4667 1982 4722 adole-

409 4764 648 4810 scentem
677 4753 814 4823 apud
840 4753 1030 4808 fratres
1056 4753 1246 4807 invidia
1279 4753 1500 4824 ﬂagrare
1528 4756 1893 4825 perspiciebat,
1923 4768 1981 4813 ut

411 4845 537 4902 huic
580 4862 765 4902 eorum
793 4844 977 4900 morbo
1015 4844 1336 4912 mederetur,
1381 4861 1496 4900 eam
1543 4849 1737 4901 amoris
1766 4864 1976 4904 causam

409 4938 618 4994 efﬁnxit
641 4978 656 5001 ,
686 4952 803 5005 quae
832 4950 935 4990 non
982 4951 1225 5006 magnum
1269 4938 1364 5006 ipsi
1405 4938 1620 4993 livorem
1657 4951 1976 5008 procrearet.

409 5027 542 5086 riam
573 5027 707 5095 quod
733 5027 925 5096 alioqui
957 5041 1059 5079 non
1090 5041 1152 5080 ea
1181 5028 1376 5081 amoris
1405 5042 1560 5081 causa
1591 5039 1761 5094 esset,
1793 5045 1974 5084 verum

412 5119 755 5175 efﬂorescens
795 5117 955 5170 animi
999 5118 1164 5171 virtus
1205 5128 1362 5186 atque
1407 5127 1559 5172 aetate
1604 5119 1878 5187 maturior,
1911 5137 1976 5176 ex

413 5209 688 5278 Benjamin
735 5207 930 5277 liquido
973 5209 1197 5277 perapici
1243 5217 1435 5277 potest.
1483 5209 1612 5263 Nam
1661 5212 1703 5266 si
1749 5227 1864 5265 eam
1908 5213 1977 5266 ob

407 5315 622 5357 causam
645 5299 732 5353 ille
751 5298 1046 5361 amabatur,
1069 5298 1234 5352 multo
1253 5299 1435 5368 utique
1457 5301 1622 5368 magis
1645 5300 1786 5355 hunc
1809 5302 1976 5356 amari

407 5390 716 5460 oportebat,
746 5388 834 5457 qui
864 5397 987 5442 natu
1026 5389 1199 5441 minor
1226 5397 1359 5443 erat.
1396 5388 1667 5458 Siquidem
1702 5390 1973 5460 Benjamin

411 5489 529 5550 post
553 5478 837 5546 losephum
868 5487 1012 5532 satus
1037 5486 1153 5543 est,
1181 5488 1336 5548 atque
1363 5494 1392 5531 a
1419 5480 1629 5534 seniore
1667 5490 1816 5550 patre
1854 5497 1978 5550 pro-

409 5581 636 5628 creatus.
673 5568 861 5624 Verum
884 5565 986 5633 ,'ut
1006 5568 1114 5637 jam
1143 5584 1172 5620 a
1200 5585 1284 5624 me
1310 5568 1504 5623 dictum
1534 5579 1615 5626 est
1634 5611 1650 5634 ,
1682 5573 1844 5640 patris
1873 5571 1975 5628 hoc

412 5667 714 5732 figmentum
746 5668 877 5722 erat,
911 5660 1202 5715 fraternum
1230 5661 1424 5716 bellum
1450 5664 1741 5732 reprimere
1767 5663 1975 5718 studen-

407 5765 475 5816 tu
500 5774 512 5810 :
540 5769 601 5812 ac
627 5769 692 5810 ne
713 5753 790 5808 sic
813 5753 1025 5824 quidem
1051 5754 1102 5810 id
1129 5755 1336 5826 assequi
1354 5758 1523 5826 potuit
1548 5775 1559 5810 :
1592 5770 1774 5812 verum
1800 5759 1974 5813 acrius

1070 384 1129 441 S.
1167 382 1445 442 JOANNIS
1467 379 1936 438 CHRYSOSTOMI
1975 374 2291 432 ARCHIEP.
2330 371 2857 432 CONSTANTINOP.

2121 487 2332 543 ﬂamma
2357 485 2753 542 exardescebat.
2784 486 2852 541 Et
2871 485 2992 557 quia
3023 485 3155 542 nihil
3183 485 3323 541 aliud
3354 493 3460 541 tum
3482 484 3696 539 efficere

2119 585 2404 649 poterant,
2445 576 2640 634 foedam
2671 577 2842 633 labem
2887 578 2986 647 ipsi
3014 566 3397 648 asperserunt,
3439 591 3503 633 ac
3541 586 3697 645 turpe

2121 667 2324 722 crimen
2353 675 2407 722 in
2429 681 2550 721 eum
2589 666 2966 738 conjecerunt,
3002 668 3278 724 barbaram
3306 667 3558 722 videlicet
3582 682 3699 721 mu-

2121 757 2307 814 liercm
2333 757 2526 814 fratres
2561 749 2986 825 antevertentes,
3025 773 3091 815 ac
3129 759 3296 814 multo
3323 758 3698 814 sceleratiores

2119 862 2184 905 ea
2212 863 2272 905 se
2297 848 2613 918 praebentes.
2651 848 2746 903 llla
2769 848 2912 904 enim
2935 849 2989 903 in
3019 848 3285 915 alienum,
3317 847 3370 903 hi
3400 848 3452 903 in
3479 847 3697 903 fratrem

2119 937 2347 1008 improbi
2382 947 2439 994 et
2464 938 2712 994 scelerati
2748 948 2919 1002 erant,
2952 938 3030 993 Ac
3060 953 3126 993 ne
3155 937 3238 992 his
3263 937 3476 1008 quidem
3501 936 3699 992 finibus

2119 1027 2511 1099 improbitatem
2536 1041 2686 1083 suam
2711 1027 3240 1096 circumscripserant
3267 1044 3281 1080 :
3311 1040 3519 1092 verum,
3547 1034 3606 1081 ut
3627 1025 3698 1081 ad

2119 1119 2298 1189 priora
2323 1132 2538 1188 semper
2563 1119 2762 1189 aliquid
2787 1117 3064 1185 adderent,
3107 1119 3254 1173 omni
3281 1117 3459 1173 studio
3485 1117 3699 1173 labora-

2119 1211 2246 1267 bam
2268 1231 2285 1266 :
2307 1226 2538 1281 eumque
2558 1211 2609 1266 in
2634 1211 2848 1267 deserto
2872 1211 2989 1266 loco
3007 1211 3178 1266 solum
3199 1213 3340 1266 nacti
3361 1211 3693 1281 jugularunt,

2116 1311 2172 1358 et
2197 1301 2553 1358 vendiderunt
2578 1311 2738 1373 atque
2766 1317 2837 1357 ex
2866 1302 3035 1357 libero
3062 1317 3276 1357 servum
3301 1301 3609 1367 effecerunt,
3637 1310 3695 1356 et

2115 1393 2327 1464 quidem
2376 1393 2722 1450 acerbissimo
2762 1394 3030 1449 servitutis
3075 1408 3292 1464 genere.
3337 1393 3520 1462 Neque
3544 1393 3692 1448 enim

2114 1486 2352 1556 ejusdem
2384 1487 2615 1541 nationis
2644 1486 2970 1553 hominibus,
3003 1501 3185 1541 verum
3215 1485 3477 1553 barbaris,
3516 1485 3691 1539 aliena

2113 1576 2290 1646 lingua
2315 1575 2605 1639 utentibus,
2638 1575 2871 1646 ipsisque
2900 1577 3060 1630 etiam
3091 1577 3142 1630 in
3186 1575 3464 1630 barbaram
3510 1575 3692 1646 regio.

2113 1660 2234 1721 nem
2261 1666 2575 1722 abeuntibus
2604 1665 2820 1722 fratrem
2861 1666 3178 1722 dediderunt
3209 1683 3222 1720 :
3252 1667 3393 1722 Deus
3417 1682 3544 1722 vero
3571 1668 3688 1722 cla-

2110 1758 2307 1812 riorem
2334 1772 2456 1812 eum
2501 1766 2560 1812 ut
2589 1757 2873 1823 redderet,
2906 1757 3204 1826 patiebatur
3231 1773 3292 1813 ea
3322 1773 3442 1829 qua:
3469 1757 3682 1820 ﬂebant.

2111 1855 2310 1904 etcum
2342 1848 2593 1916 periculis
2636 1847 2985 1903 succederent
3025 1849 3282 1920 pericula,
3314 1849 3688 1919 longanimiter

2112 1937 2394 1994 tolerabat.
2423 1938 2675 1994 Invidiam
2696 1941 2836 1994 enim
2862 1955 2928 1996 ac
2953 1939 3146 1996 foedam
3168 1941 3485 1998 calumniam
3509 1943 3687 1999 ca‘dcs

2108 2028 2337 2095 excepit,
2361 2037 2414 2083 et
2434 2028 2583 2084 caede
2609 2029 2837 2085 atrocior
2856 2030 3100 2087 servitus.
3123 2029 3308 2101 Neque
3331 2033 3473 2088 enim
3498 2032 3685 2089 leviter

2107 2135 2136 2174 a
2170 2129 2220 2175 te
2249 2119 2300 2175 id
2325 2120 2464 2189 quod
2494 2120 2608 2175 dixi
2635 2121 3060 2192 praetereundum
3095 2139 3108 2176 :
3137 2137 3319 2178 verum
3355 2123 3408 2178 in
3449 2133 3680 2179 mentem

2105 2209 2199 2265 tibi
2222 2211 2416 2274 veniat,
2450 2220 2705 2280 quantum
2729 2220 2844 2266 erat
2863 2252 2880 2280 ,
2911 2211 3142 2267 nobilem
3181 2213 3596 2278 adolescentem,
3626 2215 3678 2269 iu

2106 2309 2326 2371 paterna
2371 2300 2534 2356 domo
2578 2318 2699 2358 cum
2729 2304 2874 2358 omni
2921 2303 3168 2360 libertate
3209 2319 3272 2360 ac
3318 2314 3464 2360 tanto
3513 2307 3679 2376 patris

2103 2406 2287 2448 amore
2328 2391 2629 2458 educatum,
2675 2393 2852 2448 subito
2890 2409 2920 2448 a
2961 2395 3233 2462 fratribus,
3263 2396 3352 2467 qui
3380 2396 3511 2451 nihil
3536 2398 3679 2469 quod

2105 2483 2207 2553 ipsi
2253 2482 2548 2553 objieerent
2588 2483 2874 2550 habebant,
2903 2486 3078 2551 vendi,
3128 2495 3287 2558 atque
3331 2488 3564 2544 barbaris
3591 2489 3677 2545 di-

2102 2589 2257 2630 versa
2288 2574 2467 2645 lingua
2493 2575 2782 2639 utentibus,
2811 2576 3151 2642 immanibus,
3179 2578 3477 2650 belluisque
3501 2581 3678 2650 potius

2102 2679 2260 2736 quam
2293 2665 2594 2722 hominibus
2637 2666 2792 2734 dedi,
2843 2676 2895 2722 et
2923 2678 3190 2724 extorrem
3227 2678 3386 2740 atque
3413 2671 3674 2735 exsulem,

2101 2771 2165 2812 ac
2193 2771 2406 2813 servum
2449 2767 2501 2812 et
2549 2760 2888 2829 peregrinum
2937 2759 3209 2815 liberalem
3235 2761 3482 2830 juvenem
3509 2761 3673 2827 effici,

2100 2861 2164 2902 ac
2203 2856 2320 2917 post
2363 2855 2563 2902 tantam
2594 2847 2923 2915 felicitatem,
2965 2849 3032 2905 ad
3069 2858 3362 2907 extremam
3407 2853 3678 2908 servitutis

2100 2935 2491 3005 calamitatem,
2533 2939 2684 3004 cujus
2727 2953 2944 3008 prorsus
2974 2940 3209 2996 insolens
3248 2949 3400 3007 erat,
3441 2941 3674 3010 devolvi,

2098 3026 2600 3098 crudelissimosque
2624 3027 2867 3084 dominos
2895 3030 3158 3100 accipere,
3182 3039 3342 3102 atque
3367 3033 3422 3088 in
3445 3034 3674 3090 alienam

2096 3127 2152 3172 et
2178 3118 2455 3173 barbaram
2489 3128 2685 3174 terram
2712 3119 2924 3176 abduci.
2952 3121 3090 3188 Quin
3117 3137 3184 3177 ne
3210 3123 3295 3178 hic
3323 3123 3534 3192 quidem
3563 3141 3676 3181 ma-

2096 3208 2267 3263 lorum
2293 3207 2416 3264 ﬂnis
2438 3219 2574 3276 erat,
2599 3225 2780 3265 verum
2805 3219 2926 3281 post
2941 3211 3251 3267 admiranda
3273 3213 3359 3268 illa
3387 3215 3672 3282 insomnia,

2096 3313 2213 3368 quae
2238 3300 2666 3368 praenuntiabant
2706 3300 2822 3357 fore
2847 3311 2905 3356 ut
2941 3303 3053 3372 ipse
3077 3318 3107 3356 a
3136 3302 3388 3359 fratribus
3416 3306 3671 3362 adorare-

2094 3399 2210 3456 tur,
2260 3392 2466 3448 insidiis
2509 3409 2721 3450 rursum
2766 3394 2972 3449 insidia:
3019 3395 3394 3452 succedebant.
3444 3397 3574 3453 Nam
3605 3414 3673 3454 ne

2095 3485 2194 3554 ipsi
2219 3486 2431 3555 quidem
2459 3494 2783 3542 mercatores
2810 3487 2897 3556 qui
2922 3499 3259 3557 acceperant.
3290 3504 3411 3544 eum
3439 3490 3673 3546 retinue-

2094 3585 2240 3641 runt,
2274 3591 2459 3632 verum
2487 3577 2896 3646 improbioribus
2916 3594 3126 3633 rursum
3155 3579 3396 3636 barbaris
3422 3583 3673 3638 vendide-

2093 3676 2234 3721 runt.
2279 3667 2397 3722 Non
2439 3677 2489 3722 te
2517 3666 2669 3738 fugit,
2713 3669 2895 3739 quanti
2925 3669 2992 3724 ad
3019 3670 3376 3728 calamitatem
3417 3673 3671 3728 momenti

2092 3758 2182 3823 sit,
2227 3759 2360 3813 tales
2399 3758 2645 3815 dominos
2677 3761 2868 3816 talibus
2911 3761 3140 3816 dominis
3167 3773 3518 3819 commutare.
3558 3765 3672 3821 Hoc

2091 3848 2233 3902 enim
2278 3848 2637 3904 molestiorem
2680 3851 2991 3906 servitutem
3041 3852 3252 3918 reddit,
3300 3869 3420 3909 cum
3464 3859 3669 3912 externi

2091 3951 2304 3992 rursum
2325 3947 2450 3992 sunt
2475 3939 2565 4008 qui
2592 3948 2796 4006 emunt,
2827 3955 2891 3996 ac
2914 3942 3180 4011 prioribus
3206 3946 3516 4000 atrociores.
3544 3946 3670 4001 Post

2092 4029 2144 4082 in
2169 4028 2457 4100 Egyptum
2489 4031 2801 4101 ingreditur,
2826 4039 2945 4088 tum
2975 4050 3096 4090 cum
3123 4036 3234 4103 Deo
3258 4037 3454 4092 bellum
3478 4053 3670 4109 geren-

2093 4127 2221 4183 tem,
2265 4128 2319 4174 et
2361 4119 2542 4176 furore
2588 4121 2952 4190 laborantem,
2999 4127 3139 4182 unde
3182 4127 3506 4197 impudentia
3549 4139 3668 4196 ora,

2091 4209 2230 4265 unde
2263 4210 2439 4280 impiae
2462 4212 2651 4283 lingua:
2683 4215 3067 4284 promanabant
3087 4217 3200 4292 (a):
3229 4223 3367 4289 apud
3391 4218 3669 4292 Atgyptios

2089 4299 2220 4365 fuit,
2248 4317 2473 4370 quorum
2500 4304 2582 4358 vel
2615 4318 2750 4358 unus
2779 4307 2949 4374 potuit
2974 4323 3222 4378 magnum
3247 4310 3448 4366 Mosem
3488 4311 3668 4382 fugiti-

2088 4404 2210 4443 vum
2247 4401 2301 4444 et
2326 4391 2562 4447 exsulem
2593 4394 2839 4450 reddere.
2866 4397 2944 4452 Ac
2970 4407 3314 4469 posteaquam
3339 4400 3666 4471 aliquantum

2087 4481 2199 4536 illic
2226 4483 2540 4552 respiravit;
2583 4485 2724 4556 quod
2755 4487 3003 4545 videlicet
3030 4491 3290 4562 benignus
3319 4492 3459 4548 Deus
3487 4509 3571 4549 res
3599 4494 3668 4548 ab

2090 4571 2365 4628 hominum
2394 4575 2646 4644 opinione
2674 4587 2908 4634 remotas
2934 4579 3310 4638 administrans
3332 4625 3348 4650 ,
3379 4584 3664 4640 immanem

2089 4661 2232 4714 illam
2279 4662 2466 4732 feram,
2509 4682 2627 4735 qua:
2667 4668 2838 4738 ipsum
2880 4680 3101 4735 emerat,
3143 4672 3195 4727 in
3240 4688 3393 4730 ovem
3436 4690 3667 4731 conver»

2088 4754 2241 4809 tisset
2275 4773 2287 4807 :
2327 4757 2603 4812 confestim
2644 4759 2742 4829 ipsi
2788 4777 2997 4816 rursum
3037 4779 3196 4817 arena
3237 4767 3662 4834 comparabatur,

2086 4861 2296 4901 rursum
2340 4850 2604 4916 stadium,
2651 4867 2859 4905 rursum
2900 4869 3090 4924 pugnae
3133 4870 3196 4909 ac
3239 4858 3528 4918 certamina
3554 4898 3571 4924 ,
3610 4867 3662 4914 et

2087 4936 2310 4992 sudores
2364 4939 2628 5008 prioribus
2671 4942 2928 4997 acriores.
2972 4943 3257 5000 Sceleratus
3301 4947 3443 5000 enim
3493 4948 3663 5004 oculis

2087 5042 2207 5082 eum
2239 5027 2364 5084 hera
2409 5032 2732 5100 conspicata,
2776 5033 3048 5103 ipsiusque
3091 5035 3481 5104 pulchritudine
3505 5047 3662 5107 atque

2087 5119 2350 5188 elegantia
2396 5131 2661 5188 superata,
2709 5138 3034 5194 prorsusquc
3081 5127 3278 5180 amoris
3306 5125 3496 5181 aﬂ‘ectu
3537 5142 3658 5180 cor-

2086 5220 2253 5277 repta,
2294 5225 2404 5278 prae
2446 5212 2708 5280 impudica
2736 5213 2833 5269 hac
2861 5215 3150 5284 cupiditate
3177 5217 3396 5270 leaenam
3426 5232 3543 5272 sese
3565 5232 3658 5288 pro

2086 5298 2281 5354 femina
2309 5302 2599 5368 prmbebat.
2628 5303 2701 5356 lta
2735 5319 2943 5358 rursum
2980 5305 3302 5361 domesticus
3327 5305 3496 5362 hostis
3523 5315 3658 5371 erat.

2084 5389 2354 5443 contrario
2382 5397 2556 5445 tamen
2583 5401 2636 5446 et
2658 5392 2793 5458 alio,
2822 5408 2978 5463 quam
3005 5397 3231 5464 priores,
3260 5397 3439 5450 animo
3466 5397 3661 5466 praedi-

2085 5490 2168 5534 tus
2195 5498 2208 5533 :
2235 5481 2311 5534 illi
2337 5481 2480 5535 enim
2507 5483 2629 5536 odio
2659 5483 2872 5538 adducti
2904 5494 3048 5550 sunt,
3079 5495 3134 5540 ut
3161 5501 3284 5540 eum
3311 5485 3472 5541 domo
3498 5487 3662 5556 ejice-

2083 5579 2238 5637 rcnt;
2285 5571 2402 5626 lucc
2435 5581 2617 5626 contra
2647 5589 2854 5639 amans,
2895 5587 2956 5629 ac
2995 5578 3205 5644 juvenis
3248 5577 3536 5645 cupiditate
3577 5578 3661 5631 in-

2145 5704 2216 5773 (a_)
2249 5705 2422 5753 Eadem
2440 5703 2718 5773 fergverba
2741 5715 2941 5770 usurpat
2961 5708 3319 5773 Clirysostomus
3350 5712 3482 5761 initio
3500 5711 3654 5760 [tomi-

2086 5764 2164 5815 ηε
2188 5764 2236 5816 in
2261 5774 2496 5830 martyres
2510 5767 2771 5832 Aigyptios,
2797 5764 2928 5819 'roin.
2955 5775 3006 5820 It.
