4078 6430
307 379 417 437 δεσ

306 495 420 570 pla.
461 492 621 559 Μέγα
673 489 771 560 μὲν
799 487 904 560 γάρ
954 488 1116 542 αὐτοῦ
1171 487 1263 539 καὶ
1302 485 1361 538 τὸ
1411 485 1506 554 τῆς
1543 481 1895 553 σωφροσύνης

302 567 662 650 κατόρθωμα,
688 577 776 630 ὅτε
796 577 896 646 τῆς
922 574 1302 643 Αἰγυπτιακῆς
1325 570 1622 632 ἀκολασίας
1652 567 1900 640 περιεγέ-

302 683 444 728 νετο,
477 665 573 717 καὶ
603 663 701 734 τὴν
729 663 920 716 ἀθλίαν
947 663 1179 729 γυναῖκα
1217 659 1436 728 ἐκείνην
1475 657 1569 709 ἐπὶ
1595 657 1692 726 τὴν
1716 654 1899 708 ἄδικον

301 752 469 806 αὐτον
494 749 764 804 καλοῦσαν
790 736 1006 818 ὁμιλίαν
1043 746 1417 819 διεκρούσατο·
1459 743 1574 797 ἀλλ’
1615 742 1714 812 οὐχ
1756 739 1902 793 οὓτω

305 841 454 910 μέγα
480 837 662 903 τοῦτο,
696 839 772 901 ὡς
801 837 869 890 τά
895 836 1216 906 παθήματα.
1271 835 1431 887 Ποῖον
1453 832 1562 902 γὰρ
1601 827 1898 898 ἐγκώμιον,

302 927 423 981 εἰπέ
451 944 566 996 μοι,
595 926 658 977 τὸ
690 924 762 994 μὴ
817 922 1122 993 μοιχεῦσαι,
1176 921 1312 991 μηδέ
1342 919 1623 988 ἀλλότριον
1657 914 1901 986 διορύξαι

303 1014 507 1083 γάμον,
552 1012 689 1082 μηδέ
731 1010 920 1080 μιᾶναι
971 1007 1132 1076 εὐνὴν
1184 1005 1484 1075 οὐδαμόθεν
1531 1002 1681 1072 αὐτῷ
1727 1017 1900 1072 προσ-

301 1103 571 1167 ήκουσαν,
630 1097 765 1167 μηδὲ
796 1095 1050 1164 ἀδικῆσαι
1105 1093 1197 1146 τὸν
1253 1093 1714 1161 εὐεργετήσαντα,
1764 1088 1902 1158 μηδὲ

305 1187 540 1258 αἰσχύνῃ
568 1185 882 1256 περιϐαλεῖν
905 1182 999 1234 τοῦ
1036 1182 1340 1248 προστάτου
1369 1179 1464 1250 τὴν
1493 1177 1704 1241 οίκίαν;
1741 1175 1902 1228 Ἀλλά

303 1274 365 1325 τὸ
404 1274 638 1342 ποιῆσαν
662 1272 826 1324 αὐτὸν
863 1271 1036 1340 μέγαν
1064 1271 1239 1322 ἐκεῖνο
1265 1266 1501 1336 μάλιστά
1533 1267 1702 1328 ἐστιν,
1733 1264 1761 1314 ὁ
1789 1263 1902 1314 κίν-

305 1358 479 1422 δυνος,
521 1361 554 1430 ή
591 1358 873 1428 ἐπιϐουλὴ,
904 1361 936 1427 ή
977 1358 1142 1426 μανία
1184 1356 1286 1424 τῆς
1333 1352 1707 1424 αἰχμαλώτου,
1746 1351 1902 1420 ἡέπ-

307 1446 594 1516 ενεχθεῖσα
625 1446 734 1515 βία,
761 1445 821 1498 τὸ
847 1446 1084 1512 ἄφυκτον
1112 1443 1482 1512 δεσμωτήριον
1503 1439 1596 1492 τοῦ
1637 1437 1900 1507 θαλάμου,

308 1538 447 1606 ὅπερ
479 1535 631 1604 αὐτῷ
686 1531 1090 1586 κατεσκεύασεν
1119 1532 1152 1600 ἡ
1191 1529 1460 1600 μοιχαλὶς,
1512 1527 1574 1580 τά
1621 1526 1832 1584 δίκτυα,
1867 1525 1903 1578 ἃ

311 1623 646 1691 πανταχόθεν
675 1623 1028 1680 ἀνεπέτασεν,
1053 1621 1084 1687 ή
1111 1617 1435 1688 κατηγορία,
1477 1618 1509 1684 ὴ
1548 1615 1901 1682 συκοφαντία,

309 1711 371 1764 τὸ
420 1710 815 1779 δεσμωτήριον,
861 1709 894 1776 ἡ
925 1698 1133 1767 ἅλυσις,
1172 1706 1230 1757 τὸ
1277 1703 1502 1774 μηδενὸς
1542 1703 1772 1770 τυχόντα
1794 1700 1902 1753 τῶν

308 1797 534 1850 δικαίων
564 1795 700 1866 μετὰ
724 1795 815 1846 τὸν
849 1793 1102 1846 τοσοῦτον
1139 1788 1319 1854 ἆθλον,
1360 1791 1498 1860 ὑπὲρ
1525 1780 1584 1840 οῦ
1610 1787 1906 1856 στεφανοῦ-

313 1883 434 1936 σθαι
475 1885 660 1953 ἐχρῆν,
699 1881 773 1943 ὠς
808 1879 1100 1932 κατάδικον
1133 1877 1227 1929 καὶ
1259 1876 1556 1930 ὑπεύθυνον
1577 1877 1668 1928 ἐπὶ
1688 1876 1750 1928 τὸ
1775 1875 1904 1944 όχύ-

317 1988 475 2040 ρωμα
521 1971 768 2037 ἄγεσθαι,
799 1969 894 2021 καὶ
929 1967 1066 2037 μετὰ
1105 1966 1212 2019 τῶν
1248 1966 1317 2017 τά
1354 1965 1556 2035 ἔσχατα
1588 1963 1906 2034 ἡμαρτηκό-

313 2074 419 2109 των
451 2055 886 2116 κατακλείεσθαι,
927 2057 954 2107 ό
981 2053 1210 2122 αὐχμὸς,
1252 2051 1313 2104 τὸ
1343 2052 1603 2124 σιδήριον,
1631 2053 1662 2120 ὴ
1697 2050 1790 2102 τοῦ
1821 2051 1906 2103 δε-

315 2145 629 2216 σμωτηρίου
670 2142 1034 2212 ταλαιπωρία.
1072 2141 1208 2206 ,Τότε
1255 2140 1416 2193 αὐτὸν
1463 2138 1574 2210 ὁρῶ
1621 2139 1907 2208 λάμποντα

317 2230 600 2301 μειζόνως,
631 2231 663 2298 ἢ
698 2231 786 2281 ὅτε
824 2229 918 2281 ἐπὶ
945 2227 1038 2280 τοῦ
1070 2226 1261 2298 θρόνου
1291 2227 1390 2296 τῆς
1429 2225 1704 2293 Αἰγύπτου
1770 2224 1904 2277 καθ-

314 2321 515 2389 ήμενος
533 2318 624 2371 τὸν
642 2321 786 2370 σῖτον
819 2317 1032 2386 διένεμε
1064 2319 1174 2379 τοῖς
1204 2315 1498 2385 δεομένοις,
1514 2313 1609 2366 καὶ
1635 2313 1727 2366 τὸν
1749 2313 1905 2384 λιμὸν

314 2407 457 2469 έλυε,
478 2408 571 2458 καὶ
611 2405 788 2467 κοινὸς
817 2404 979 2473 λιμὴν
1011 2403 1215 2456 ἅπασιν
1239 2402 1467 2468 ἐγίνετο.
1503 2401 1636 2453 Τότε
1664 2400 1776 2469 ὁρῶ
1805 2401 1904 2452 αύ-

314 2495 404 2548 τὺν
433 2495 676 2563 φαιδρὸν,
701 2495 787 2546 ὅτε
815 2493 963 2562 αὐτῷ
993 2495 1049 2545 αἱ
1078 2493 1233 2544 πέδαι
1267 2491 1360 2543 καὶ
1385 2489 1696 2560 χειροπέδαι
1751 2505 1907 2561 περι-

314 2585 591 2653 έκειντο,ἢ
628 2585 714 2636 ὅτε
737 2585 794 2634 ἐν
828 2581 1063 2651 ἱματίοις
1101 2582 1371 2649 λαμπροῖς
1389 2577 1486 2649 τὴν
1517 2577 1788 2645 τοσαύτην
1816 2577 1904 2629 δυ-

315 2670 573 2723 ναστείαν
605 2667 1015 2739 περιεϐέϐλητο.
1059 2669 1117 2717 ’0
1151 2667 1247 2735 μὲν
1277 2666 1384 2734 γὰρ
1423 2663 1810 2734 πραγματείας
1838 2659 1905 2733 ἦν

317 2756 508 2828 καιρὸς
529 2769 623 2809 και
649 2755 912 2831 ἐμπορίας
942 2754 1160 2824 πολλῆς,
1215 2755 1242 2804 ὁ
1275 2753 1368 2804 τοῦ
1409 2749 1784 2821 δεσμωτηρίου
1821 2749 1908 2802 λέ-

319 2860 421 2912 γω·
450 2845 477 2895 ό
506 2842 562 2894 δὲ
592 2846 800 2912 τρυφῆς
829 2843 921 2894 καὶ
951 2841 1190 2901 ἀνέσεως
1223 2837 1317 2891 καὶ
1351 2838 1533 2906 τιμῆς,
1565 2836 1763 2908 πολλὴν
1809 2838 1907 2906 μὲν

317 2931 456 3000 ἔχων
490 2929 587 2999 τὴν
605 2929 814 2998 ἡδονὴν,
849 2928 909 2980 οὐ
939 2927 1071 2979 πολὺ
1113 2926 1167 2977 δέ
1189 2926 1248 2976 τὸ
1279 2926 1488 2994 κέρδος.
1513 2925 1613 2976 Διά
1639 2922 1797 2976 τοῦτο
1819 2924 1904 2976 οὐ·

317 3017 371 3069 δὲ
407 3016 579 3078 οῦτως
601 3015 760 3069 αὐτὸν
781 3014 1065 3085 μακαρίζω
1088 3012 1396 3083 τιμώμενον
1422 3012 1525 3064 ὐπὸ
1557 3009 1649 3063 τοῦ
1684 3010 1907 3080 πατρὸς,

320 3104 394 3167 ὡς
436 3103 795 3173 φθονούμενον
827 3103 932 3156 ὐπὸ
962 3103 1069 3156 τῶν
1104 3100 1371 3169 ἀδελφῶν,
1409 3101 1502 3152 καὶ
1540 3098 1690 3171 [564]
1733 3099 1910 3153 συνοί-

321 3211 446 3256 κους
473 3193 660 3262 έχοντα
693 3195 815 3255 τοὺς
839 3191 1147 3259 πολεμίους.
1183 3191 1292 3243 Καὶ
1327 3190 1436 3258 γάρ
1466 3191 1529 3241 ἐκ
1561 3188 1787 3259 πρώτης
1805 3189 1914 3259 ἡλι·

320 3283 444 3344 κῐας
461 3279 671 3333 οἴκοθεν
690 3281 924 3350 χαλεπὸς
950 3280 1098 3348 αὐτῷ
1122 3277 1498 3350 ἀνερριπίζετο
1532 3277 1788 3347 πόλεμος,
1806 3277 1912 3331 τῶν

321 3369 705 3438 πολεμούντων
735 3368 983 3435 ἐγκαλεῖν
1015 3367 1112 3435 μὲν
1141 3365 1372 3435 ἐχόντων
1399 3364 1571 3430 οὐδὲν,
1595 3363 1915 3434 τηκομένων

322 3454 376 3504 δὲ
431 3455 527 3507 καὶ
560 3453 1044 3525 διαρρηγνυμένων
1080 3451 1168 3504 διὰ
1218 3452 1279 3503 τὸ
1325 3451 1567 3513 πλείονος
1620 3450 1915 3503 ἀπολαύειν

322 3541 484 3592 αὐτὸν
515 3540 668 3610 παρά
692 3539 784 3593 τοῦ
815 3539 1018 3610 πατρὸς
1039 3538 1353 3599 διαθέσεως.
1382 3538 1575 3590 Καίτοι
1615 3554 1676 3603 γε
1705 3541 1766 3589 τὸ
1794 3537 1917 3606 φίλ-

320 3646 448 3698 τρον
472 3631 500 3680 ό
525 3628 822 3697 νομοθέτης
863 3628 1068 3698 Μωσῆς
1105 3628 1203 3680 οὐκ
1241 3626 1443 3696 ἔφησεν
1475 3626 1534 3690 ἐξ
1571 3627 1773 3696 ἀρετῆς
1822 3626 1916 3679 τοῦ

323 3717 515 3779 παιδὸς
560 3716 703 3785 ἔχειν
756 3717 854 3786 τὴν
905 3715 1100 3784 ἀρχὴν.
1140 3713 1252 3766 ἀλλ’
1290 3712 1397 3766 ἀπὸ
1436 3711 1531 3764 τοῦ
1579 3710 1769 3782 καιροῦ
1809 3713 1919 3766 τῶν

324 3804 550 3857 ὠδίνων.
603 3803 820 3873 Ἐπειδὴ
863 3802 971 3873 γὰρ
1015 3800 1241 3872 ὕστερον
1281 3799 1389 3852 τών
1437 3800 1610 3854 ἄλλων
1645 3813 1670 3839 α
1699 3801 1918 3872 ἐτέχθη,

328 3892 423 3944 καὶ
451 3891 509 3942 ἐν
563 3889 777 3960 ἐσχάτῳ
823 3889 970 3960 γήρᾳ
1002 3887 1250 3958 (ποθεινὰ
1279 3886 1333 3940 δὲ
1364 3887 1434 3939 τὰ
1460 3885 1681 3940 τοιαῦτα
1712 3887 1920 3950 παιδία,

328 3978 422 4031 ἅτε
477 3976 604 4047 παρ’
657 3976 846 4029 ἐλπίδα
896 3974 1269 4046 γεννώμενα),
1324 3974 1414 4026 διὰ
1456 3974 1615 4027 τοῦτο
1664 3975 1916 4043 ἐφιλεῖτο.

341 4064 563 4131 Ἠγάπα
592 4063 701 4132 γὰρ
720 4063 910 4117 αὑτὸν
929 4065 961 4116 ό
993 4061 1211 4130 πατὴρ,
1234 4063 1418 4131 φησὶν,
1454 4062 1543 4115 ὅτι
1571 4062 1700 4127 υίὸς
1730 4062 1922 4132 γήρως

331 4146 408 4220 ἦν
427 4149 604 4215 αὐτῷ.
1129 4171 1137 4176 ·

404 4237 493 4292 ια’.
518 4238 700 4290 Ταῦτα
722 4237 780 4289 δέ
801 4237 829 4289 ὁ
854 4236 1149 4308 νομοθέτης
1166 4236 1424 4306 ἔγραψεν,
1449 4236 1524 4300 ὼς
1543 4236 1717 4305 ἐγωγε
1745 4230 1922 4307 οἶμαι,

334 4327 394 4404 οὐ
420 4325 478 4377 τὸ
494 4325 552 4376 ὃν
575 4324 948 4394 διηγούμενος,
974 4322 1108 4375 ἀλλὰ
1128 4323 1221 4376 τοῦ
1259 4325 1461 4394 πατρὸς
1476 4324 1575 4395 τὴν
1608 4324 1805 4394 σκῆψιν
1829 4327 1925 4378 καὶ

337 4413 432 4481 τὴν
492 4412 787 4482 πρόφασιν.
843 4411 1062 4481 Ἐπειδὴ
1116 4412 1224 4482 γάρ
1276 4411 1423 4482 ἐώρα
1460 4410 1822 4481 φθονούμενον
1867 4413 1927 4464 τὸ

344 4500 645 4570 μειράκιον,
691 4498 1192 4570 παραμυθήσασθαι
1232 4499 1292 4550 τὸ
1334 4497 1506 4560 πάθος
1544 4498 1652 4550 τῶν
1683 4498 1927 4566 ἀδελφῶν

344 4587 684 4657 βουλόμενος,
703 4585 937 4638 ἔπλασεν
968 4585 1186 4655 ἀγάπης
1210 4586 1388 4637 αἰτίαν
1417 4584 1478 4636 οὐ
1513 4585 1679 4637 πολὺν
1709 4587 1929 4639 τίκτου-

344 4693 440 4729 σαν
482 4676 632 4745 αὐτῴ
684 4677 772 4728 τὸν
801 4676 1014 4744 φθόνον.
1070 4676 1192 4727 Ὅτι
1221 4675 1330 4745 γὰρ
1377 4676 1432 4726 οὐ
1468 4674 1624 4727 τοῦτο
1657 4677 1829 4728 αἴτιον
1862 4672 1928 4746 ἦν

342 4764 435 4817 τοῦ
482 4764 727 4834 φίλτρου,
773 4763 976 4831 ἀλλάή
1025 4762 1346 4831 ἀκμάζουσα
1397 4763 1493 4832 τῆς
1523 4762 1700 4832 ψυχῆς
1735 4765 1928 4834 ἀρετὴ,

347 4855 437 4903 καὶ
484 4853 582 4920 τῆς
639 4851 854 4921 ἡλικίας
904 4851 1242 4920 ἀκμαιοτέρα
1290 4845 1457 4912 οὖσα,
1519 4850 1672 4919 δῆλον
1724 4853 1786 4902 ἐκ
1838 4853 1931 4904 τοῦ

348 4937 629 5007 Βενιαμίν.
690 4939 748 4988 Εἰ
776 4937 882 5008 γὰρ
918 4938 1006 4989 διὰ
1039 4936 1198 4988 τοῦτο
1232 4938 1436 4999 ἐκεῖνος
1467 4939 1720 5007 ἐφιλεῖτο,
1753 4938 1932 5008 πολλῷ

1751 359 2113 418 EPISTOLE
2126 401 2138 414 .

3491 340 3597 399 535

2003 479 2114 548 φοὶ,
2146 478 2241 530 καὶ
2270 472 2449 544 πολλῷ
2482 472 2696 544 χείρους
2738 468 2994 538 φανέντες
3024 463 3214 532 αὐτῆς.
3255 460 3320 514 Ἥ
3358 458 3459 530 μὲν
3491 461 3600 528 γὰρ

2001 575 2083 636 είς
2113 571 2418 641 ἀλλότριον,
2437 572 2483 622 οἱ
2515 568 2570 621 δὲ
2598 567 2675 630 εἰς
2699 563 2929 632 ἀδελφὸν
2955 561 3197 628 ἐγίνοντο
3230 553 3604 628 πονηροί.Καὶ

1999 668 2119 722 οὐδὲ
2145 665 2381 720 ἐνταῦθα
2413 664 2649 733 ἔστησαν
2681 662 2779 732 τῆς
2809 659 3023 722 κακίαςθ
3061 656 3176 709 ἀλλ’
3201 651 3606 722 ἐπηγωνίζοντο

1999 766 2111 826 τοῖς
2139 761 2431 832 προτέροις
2456 759 2564 821 ἀεὶ,
2594 757 2688 811 καὶ
2719 756 2978 818 λαϐόντες
3007 756 3167 822 μόνον
3186 751 3244 803 ἐν
3276 747 3484 820 ἐρημίᾳ
3509 745 3607 798 καὶ

2000 850 2263 927 ἔσφαξαν,
2281 855 2376 910 καὶ
2388 854 2669 916 ἀπέδοντο,
2690 851 2786 905 καὶ
2797 850 2982 904 δοῦλον
2997 847 3111 901 ἀντ’
3127 843 3312 898 ἐλευθέ
3321 859 3412 914 ρου
3425 841 3606 909 ἐποίη-

2004 969 2128 1017 σαν,
2164 952 2258 1006 καὶ
2292 949 2539 1004 δουλείαν
2567 949 2666 1019 τὴν
2701 947 2940 1016 ἐσχάτην
2989 944 3038 997 1³.
3091 941 3229 996 Οῦτε
3270 938 3379 1009 γάρ
3405 935 3609 1008 ὁμοφύ-

2003 1048 2117 1111 λοις
2157 1047 2322 1112 τισὶν,
2363 1044 2503 1099 ἀλλά
2544 1042 2844 1116 βαρϐάροις
2896 1035 3338 1110 ἑτερογλώσσοις,
3371 1031 3608 1092 καὶτοῖς

2007 1146 2087 1207 είς
2111 1143 2388 1213 βάρϐαρον
2409 1138 2634 1195 ἀπιοῦσι
2663 1138 2848 1210 χώραν
2869 1134 3140 1202 ἐξέδωκαν
3179 1131 3269 1184 τὸν
3298 1127 3548 1195 ἀδελφόνο
3577 1125 3608 1177 ό

2001 1238 2057 1292 δὲ
2107 1237 2241 1300 Θεὸς
2287 1235 2668 1307 λαμπρότερον
2727 1231 2891 1285 αὐτὸν
2953 1227 3146 1285 ποιῶν,
3199 1224 3446 1293 ἠνείχετο
3496 1219 3607 1273 τῶν

2001 1333 2323 1403 γινομένων,
2355 1332 2450 1384 καὶ
2482 1327 2884 1400 ἐμακροθύμει,
2914 1324 3178 1378 κινδύνων
3201 1317 3480 1378 κινδύνους
3501 1315 3609 1367 διας

2000 1428 2326 1498 δεχομένων.
2363 1425 2526 1481 Μετὰ
2575 1424 2687 1494 γὰρ
2743 1423 2834 1475 τὸν
2869 1420 3065 1489 φθόνον
3115 1418 3210 1470 καὶ
3244 1414 3342 1486 τὴν
3372 1411 3608 1483 αίσχράν

2002 1523 2253 1594 διαϐολὴν
2279 1525 2462 1593 σφαγῇ
2500 1519 2848 1590 παρέδωκαν,
2877 1516 2969 1568 καὶ
3016 1513 3234 1582 δουλείᾳ
3268 1509 3482 1578 σφαγῆς
3507 1524 3608 1577 χα-

2003 1617 2306 1687 λεπωτέρᾳ.
2344 1615 2591 1687 Μήγάρ
2625 1631 2715 1684 μοι
2757 1611 3130 1682 παραδράμῃς
3165 1606 3352 1668 ἁπλῶς
3375 1605 3434 1658 τὸ
3455 1605 3610 1674 εἰρη-

2007 1715 2185 1784 μένον·
2211 1712 2326 1765 ἀλλ’
2358 1711 2611 1780 ἐννόησον
2647 1708 2832 1780 ἡλίκον
2853 1702 2921 1777 ἦν
2952 1703 3235 1775 μειράκιον
3265 1699 3505 1767 εὐγενὲς,
3553 1698 3611 1750 ἐν

2003 1813 2150 1881 οἰκία
2181 1813 2419 1882 πατρικῇ
2445 1808 2654 1880 τραφὲν
2684 1806 2822 1877 μετά
2853 1802 3168 1873 ἐλευθερίας
3197 1801 3437 1866 ἁπάσης,
3473 1793 3613 1865 μετά

2003 1909 2226 1976 ἀγάπης
2252 1905 2463 1976 πατρὸς
2495 1903 2788 1972 τοσαύτης,
2810 1899 3008 1971 ἀθρόον
3028 1899 3132 1950 ὑπὸ
3155 1894 3398 1962 ἀδελφῶν
3429 1893 3534 1943 ἀπε
3544 1907 3612 1960 μ-

2004 2002 2328 2073 ποληθῆναι,
2366 1999 2520 2052 οὐδὲν
2571 1999 2803 2068 ἐχόντων
2834 1994 3114 2064 ἐγκαλεῖν,
3165 1991 3262 2043 καὶ¹
3313 1986 3615 2059 βαρϐάροις

2002 2103 2290 2173 ἐκδοθῆναι
2313 2097 2761 2171 ἑτερογλώσσοις,
2797 2097 2897 2149 καὶ
2927 2095 3116 2165 ήθεσιν
3148 2089 3483 2154 ἀλλοκότοις,
3519 2083 3616 2138 καὶ

2003 2202 2352 2274 αὐτοθηρίοις
2407 2197 2696 2272 μᾶλλον,ἢ
2740 2194 3071 2267 ἀνθρώποις·
3135 2191 3231 2244 καὶ
3280 2184 3618 2249 ἄπολιν,καὶ

2006 2304 2371 2374 μετανάστην,
2427 2303 2522 2354 καὶ
2552 2298 2795 2366 οἰκέτην,
2856 2295 2951 2347 καὶ
2989 2293 3138 2357 ξένον
3182 2290 3293 2345 ἀντ’
3326 2284 3615 2355 ἐλευθέρου

2004 2395 2101 2457 καὶ
2132 2403 2348 2455 πολίτου
2385 2399 2664 2469 γενέσθαι,
2689 2398 2782 2451 καὶ
2815 2396 3084 2464 τοσαύτης
3111 2390 3496 2446 ἀπολαύσαντα
3516 2385 3616 2454 τῆς

2005 2507 2330 2578 εὐημερίας,
2371 2503 2510 2574 πρὸς
2553 2500 2654 2572 τήν
2710 2500 2948 2569 ἐσχάτην
2993 2493 3390 2564 κατενεχθῆναι
3429 2488 3616 2542 ταλαι-

2007 2607 2223 2675 πωρίαν
2256 2604 2502 2667 δουλείας
2533 2601 2678 2672 ἀήθη
2715 2600 2844 2652 ὅντα
2876 2597 2995 2670 μεθ’
3037 2592 3346 2666 ὑπερϐολῆς
3370 2587 3618 2658 ἀπάσης,

2013 2705 2164 2779 [565]
2200 2708 2290 2759 καὶ
2348 2702 2716 2775 πικροτάτους
2774 2699 2963 2752 λαϐεῖν
3012 2695 3304 2756 δεσπότας,
3351 2687 3620 2758 καὶπρὸς

2008 2809 2296 2880 ἀλλοτρίαν
2326 2807 2421 2860 καὶ
2461 2805 2737 2877 βάρϐαρον
2802 2798 3195 2872 μετενεχθῆναι
3231 2807 3250 2834 ε
3309 2794 3430 2862 γῆν.
3477 2788 3619 2844 Ἀλλ’

2015 2913 2137 2966 οὐδὲ
2164 2909 2400 2964 ἐνταῦθα
2433 2909 2622 2961 ἵστατο
2667 2906 2736 2958 τὰ
2765 2903 2935 2964 δεινὰ,
2982 2901 3098 2954 ἀλλ’
3134 2896 3421 2952 ἐπιϐουλαὶ
3452 2895 3619 2958 πάλιν

2011 3013 2304 3076 ἐπιϐουλὰς
2341 3011 2638 3080 διεδέχοντο
2664 3007 2803 3073 μετὰ
2831 3005 2903 3056 τά
2928 3003 3183 3071 ὀνείρατα
3213 3001 3395 3052 ἐκεῖνα
3412 2996 3479 3050 τὰ
3497 2995 3622 3049 θαυο

2019 3113 2200 3184 μαστά
2251 3113 2347 3165 καὶ
2389 3110 2489 3181 τὴν
2546 3107 2655 3160 τῶν
2709 3104 2958 3173 ἀδελφῶν
3015 3100 3185 3156 αὐτοῦ
3244 3096 3623 3170 προσκύνησιν

2014 3211 2534 3285 προαναφωνοῦντα.
2564 3208 2836 3269 Λαϐόντες
2872 3206 2981 3274 γάρ
3007 3202 3170 3256 αὐτὸν
3198 3196 3344 3254 οῦτοι
3369 3200 3419 3251 οί
3459 3197 3628 3267 ἐμποο

2018 3332 2102 3386 ροι
2148 3313 2209 3366 οὐ
2250 3312 2538 3381 κατέσχον,
2593 3306 2708 3362 ἀλλ’
2748 3306 2956 3376 ἑτέροις
2995 3303 3158 3356 αὐτὸν
3189 3301 3353 3354 πάλιν
3382 3298 3625 3369 χείροσιν

2018 3413 2278 3467 ἀπέδοντο
2305 3410 2623 3482 βαρϐάροις.
2661 3403 2834 3460 Οἶσθα
2879 3404 2935 3457 δὲ
2970 3402 3157 3472 ἡλίκον
3190 3397 3352 3451 τοῦτο
3375 3400 3454 3460 εἱς
3481 3412 3624 3465 συμ-

2020 3514 2192 3583 φορᾶς
2209 3512 2389 3580 λόγον,
2411 3509 2472 3562 τὸ
2495 3507 2762 3568 δεσπότας
2792 3503 3067 3564 τοιούτους
3099 3502 3161 3552 ἐκ
3191 3496 3448 3550 τοιούτων
3464 3493 3626 3564 ἀμεί-

2021 3616 2157 3667 ϐειν.
2213 3612 2383 3666 Τοῦτο
2423 3612 2532 3682 γάρ
2578 3607 2992 3677 δυσκολωτέραν
3045 3606 3188 3656 ποιεῖ
3228 3601 3328 3670 τὴν
3361 3597 3622 3660 δουλείαν,

2018 3715 2148 3768 ὃταν
2176 3715 2270 3767 καὶ
2293 3714 2436 3778 ξένοι
2474 3710 2637 3764 πάλιν
2670 3711 2720 3761 οί
2756 3708 3048 3776 κτώμενοι,
3084 3703 3178 3757 καὶ
3205 3702 3312 3755 τῶν
3342 3701 3629 3772 προτέρων

2019 3815 2119 3871 ὦσι
2142 3814 2534 3886 χαλεπώτεροι.
2566 3812 2676 3863 Καὶ
2715 3810 2930 3878 γίνεται
2981 3809 3040 3859 ἐν
3083 3805 3348 3874 Αἰγύπτῳ
3399 3803 3465 3872 τῇ
3507 3799 3631 3854 θεοε-

2027 3918 2186 3987 μάχῳ
2220 3913 2344 3966 τότε
2374 3911 2561 3982 ἐκείνῃ
2590 3911 2685 3964 καὶ
2714 3908 3037 3980 μαινομένῃ,
3061 3905 3184 3958 ὅθεν
3215 3903 3282 3956 τά
3300 3900 3632 3971 ἀναίσχυντα

2020 4014 2288 4083 στόματα,
2321 4010 2444 4065 ὅθεν
2473 4013 2528 4065 αἱ
2567 4007 3142 4080 βλάσφημοιγλῶσσαι
3175 4005 3225 4058 ἀ.
3262 4004 3373 4057 Καὶ
3403 4002 3614 4070 γίνεται

2027 4115 2156 4184 παρ’
2190 4112 2533 4181 Αἰγυπτίοις,
2564 4106 2639 4166 ὧν
2666 4110 2762 4164 καὶ
2795 4104 2875 4173 εἷς
2904 4109 3108 4180 ῆρκεσε
3149 4097 3309 4173 μόνος
3336 4101 3427 4155 τὸν
3459 4101 3632 4171 μέγαν

2029 4216 2269 4270 Μωῦσέα
2291 4214 2573 4285 δραπέτην
2608 4211 2704 4265 καὶ
2732 4209 2950 4280 φυγάδα
2983 4209 3229 4276 ποιῆσαι.
3274 4202 3384 4255 Καὶ
3441 4201 3631 4272 ἐπειδὴ

2033 4315 2228 4386 μικρὸν
2264 4315 2592 4367 ἀνέπνευσεν
2633 4312 2768 4373 ἐκεῖ,
2798 4309 2894 4363 τοῦ
2931 4307 3316 4378 φιλανθρώπου
3353 4303 3511 4364 Θεοῦ,
3537 4301 3629 4354 τοῦ

2026 4419 2096 4471 τά
2149 4416 2428 4486 παράδοξα
2480 4413 2914 4483 οίκονομοῦντος,
2973 4409 3065 4462 τὸν
3107 4409 3300 4476 ἄγριον
3348 4407 3491 4475 θῆρα
3539 4405 3632 4456 τὸν

2029 4519 2381 4589 ὠνησάμενον
2420 4516 2584 4569 αὐτὸν
2612 4516 2939 4583 ποιήσαντος
2968 4509 3264 4581 πρόϐατον,
3295 4508 3496 4567 εὐθέως
3531 4505 3632 4557 αὐ⁸

2030 4620 2110 4689 τῷ
2143 4620 2443 4688 σκάμματα
2475 4613 2916 4686 παρεσκευάζετο
2948 4612 3131 4674 πάλιν,
3165 4611 3258 4663 καὶ
3292 4605 3634 4668 στάδιον,καὶ

2034 4719 2410 4787 παλαίσματα,
2463 4716 2558 4769 καὶ
2603 4716 2834 4782 ἀγῶνες,
2892 4712 2986 4765 καὶ
3018 4710 3240 4781 ἱδρῶτες
3285 4707 3634 4776 σφοδρότεροι

2035 4822 2144 4874 τῶν
2169 4819 2472 4890 προτέρων.
2522 4815 2724 4868 Ἰδοῦσα
2760 4814 2869 4883 γὰρ
2902 4814 3066 4866 αὐτὸν
3109 4811 3315 4872 ἀδίκοις
3335 4808 3634 4877 ὀφθαλμοῖς

2038 4921 2071 4990 ή
2095 4919 2431 4988 κεκτημένη,
2461 4919 2556 4969 καὶ
2585 4915 2662 4985 τῷ
2694 4915 2880 4969 κάλλει
2915 4914 3017 4983 τῆς
3039 4913 3215 4982 ὄψεως
3243 4909 3406 4964 αὐτοῦ
3441 4926 3638 4980 χειρω-

352 5026 548 5095 μᾶλλον
591 5025 680 5077 τὸν
722 5026 985 5097 νεώτερον
1021 5023 1181 5076 αὐτοῦ
1238 5025 1509 5092 φιλεῖσθαι
1549 5026 1736 5096 ἐχρῆν.
1779 5025 1936 5078 Μετά
2036 5021 2210 5084 θεῖσα,
2234 5021 2330 5072 καὶ
2363 5017 2504 5072 κατά
2530 5016 2730 5087 κράτος
2761 5015 2964 5069 ἁλοῦσα
2999 5015 3076 5083 τῷ
3101 5013 3284 5071 πάθει,
3308 5012 3494 5064 λέαινα
3519 5011 3638 5062 ἀντὶ

351 5119 454 5187 γάρ
479 5117 569 5169 τὸν
595 5118 791 5185 Ἰωσὴφ
823 5119 1025 5177 ἐκεῖνος
1055 5116 1269 5184 ἐτέχθη,
1302 5117 1394 5167 καὶ
1420 5109 1574 5178 οὗτος
1607 5116 1805 5185 μᾶλλον
1823 5116 1934 5180 υίὸς

352 5205 539 5274 γήρως
569 5201 637 5273 ἦν
668 5204 833 5274 αὐτῷ.
884 5205 1045 5265 Ἀλλ’,
1081 5203 1393 5273 ὅπερέφην,
1425 5201 1518 5254 τοῦ
1555 5206 1759 5273 πατρὸς
1783 5199 1849 5271 ἦν
1877 5203 1938 5255 τὸ

356 5292 598 5362 πλάσμα,
634 5292 958 5361 βουλομένου
1005 5292 1307 5344 καταλῦσαι
1343 5292 1432 5342 τὸν
1467 5291 1751 5359 ἀδελφικὸν
1781 5291 1939 5343 πόλε-

359 5398 476 5452 μον·
506 5381 619 5432 ἀλλ’
649 5380 770 5431 οὐδέ
800 5381 971 5443 οὕτως
1000 5382 1238 5448 ἴσχυσεν,
1276 5379 1386 5431 ἀλλ’
1417 5379 1693 5442 ἐξεκαίετο
1719 5379 1942 5449 σφοδρο-

355 5472 486 5539 τέρα
596 5467 746 5537 φλόξ.
776 5469 884 5519 Καὶ
912 5467 1097 5536 ἐπειδὴ
1133 5467 1281 5519 οὐδὲν
1317 5467 1497 5534 ίσχυον
1530 5466 1750 5535 ποιῆσαι
1783 5467 1939 5528 τέως,

360 5558 708 5625 κατήνεγκαν
733 5553 879 5623 αὐτῷ
912 5555 1078 5622 ψόγον
1109 5555 1361 5623 πονηρὸν,
1395 5556 1595 5624 αἰσχρᾷ
1623 5554 1944 5622 περιέϐαλον

362 5645 529 5716 αἰτίᾳ,
562 5644 660 5714 τὴν
692 5644 963 5716 βάρϐαρον
991 5647 1223 5704 γυναῖκα
1263 5644 1676 5714 προφθάσαντες
1716 5646 1762 5696 οἱ
1790 5643 1936 5697 ἀδελ-

427 5817 457 5848 ⁸
478 5813 630 5864 ﬁdem
643 5828 758 5866 mss.
780 5817 977 5880 ὕστερος
995 5817 1088 5862 τῶν
1131 5815 1303 5860 ἄλλων.

2039 5120 2298 5189 γυναικὸς
2337 5119 2442 5172 ὐπὸ
2483 5118 2584 5186 τῆς
2625 5116 2924 5170 ἀκολάστου
2961 5114 3163 5183 ταύτης
3195 5112 3490 5181 ἐπιθυμίας
3518 5109 3640 5177 ἐγέ-

2041 5239 2180 5274 νετο.
2220 5221 2330 5272 Καὶ
2377 5217 2541 5271 πάλιν
2595 5217 2842 5279 σύνοικος
2897 5219 2924 5268 ὁ
2975 5216 3239 5284 πολέμιος
3290 5208 3357 5282 ἦν
3391 5211 3639 5264 ἐναντίαν

2040 5323 2153 5383 τοῖς
2187 5321 2474 5390 προτέροις
2529 5319 2627 5386 τὴν
2676 5315 2930 5368 ὑπόθεσιν
2971 5315 3126 5383 ἔχων·
3165 5315 3362 5365 ἐκεῖνοι
3411 5311 3518 5379 γάρ
3553 5328 3640 5380 μι-

2046 5420 2262 5483 σοῦντες
2299 5419 2461 5471 αὐτὸν
2513 5417 2609 5487 τῆς
2639 5418 2817 5478 οίκίας
2880 5414 3154 5478 ἐξέϐαλον·
3192 5412 3329 5482 αῦτη
3375 5412 3428 5463 δὲ
3461 5410 3639 5482 ἐρῶσα

2105 5562 2133 5601 ι)
2164 5562 2317 5612 [idem
2339 5563 2419 5609 καὶ
2441 5560 2622 5608 δούλων
2645 5558 2858 5606 δουλείαν
2881 5558 2966 5614 τὴν
2985 5553 3274 5618 πικροτάτην
3301 5553 3544 5610 ἐποίησαν.

2113 5627 2133 5654 ε
2161 5623 2311 5673 [idem
2335 5623 2665 5683 ἀπενεχθῆναι.

2110 5684 2136 5723 d
2161 5670 2254 5734 UT
2277 5685 2457 5733 Homil.
2480 5670 2564 5730 "In.
2602 5687 2844 5747 τηεμ-[Περ.
2881 5680 3140 5747 Ᾱζςχριὶυε
3192 5677 3345 5747 (ἱιιίὶ.)
3396 5670 3640 5747 Τοηιτηίι,

2047 5763 2094 5808 p.
2123 5747 2216 5794 699
2243 5769 2252 5794 :
2280 5747 2519 5806 Αἰγύπτου
2541 5750 2625 5808 τῆς
2665 5735 2904 5808 θεομάχου
2927 5735 3022 5788 δῖάῖ
3052 5735 3398 5808 μανικωτάτης,
3437 5735 3516 5783 καὶ
3540 5735 3640 5783 ὅθεν

2048 5804 2108 5856 τὰ
2134 5810 2248 5857 ἄθεα
2273 5804 2507 5868 στόματα,
2533 5807 2636 5854 ὅθεν
2660 5809 2706 5852 αἱ
2733 5805 3004 5868 βλάσφημοι
3023 5804 3257 5862 γλῶσσαι.
