4078 6508
416 358 519 416 585

413 477 506 530 καὶ
539 471 931 544 περικαιομένη
959 471 1052 523 τοῦ
1081 471 1386 524 νεανίσκουο
1423 473 1514 524 καὶ
1543 468 1609 540 ἦν
1624 471 1865 530 διπλοῦς,
1884 468 2011 539 μᾶλ-

412 563 504 616 λον
531 562 587 614 δὲ
614 559 876 631 τριπλοῦς
921 559 1016 611 καὶ
1050 557 1394 620 πολλαπλοῦς
1439 559 1466 610 ὁ
1498 558 1751 624 πόλεμος.
1785 556 1869 626 Μὴ
1903 558 2011 625 γὰρ

415 649 604 717 ἐπειδὴ
633 648 703 699 τά
738 647 925 699 δίκτυα
954 645 1283 715 ὑπερήλατο,
1318 643 1522 696 καὶτὸν
1549 643 1742 713 βρόχον
1766 642 2012 710 διέτεμεν

414 741 473 790 ἐν
509 735 736 807 βραχείᾳ
766 734 957 804 καιροῦ
1003 736 1166 804 ῥοπῇ,
1197 732 1425 802 νομίσῃς
1456 733 1828 802 ἀπραγμόνως
1852 731 2013 783 αὑτὸν

415 827 680 894 ὴνυκέναι
711 825 802 876 τὸν
835 820 994 876 ἆθλον
1025 822 1236 875 τοῦτον·
1261 823 1355 873 καὶ
1382 822 1488 892 γὰρ
1514 822 1682 873 πολὺν
1701 819 1793 872 τὸν
1814 819 2015 890 ἱδρῶτα

417 913 701 982 ὑπέμεινε.

490 1000 578 1069 ιβ’.
606 1000 716 1052 Καὶ
739 1000 786 1051 εἰ
817 997 995 1068 βούλει
1021 997 1114 1049 καὶ
1138 996 1294 1049 τοῦτο
1325 995 1513 1064 σαφῶς
1533 995 1744 1064 μαθεῖν1
1763 994 2016 1062 ἐννόησον

418 1085 530 1138 οἷόν
561 1089 678 1138 ἐστι
715 1088 924 1156 νεότης,
967 1088 1059 1138 καὶ
1091 1085 1348 1154 νεότητος
1385 1077 1557 1160 ἀκμή.
1610 1084 1696 1134 Ἐν
1727 1084 1838 1153 γὰρ
1867 1079 2014 1150 αύτῴ

418 1173 500 1244 τῷ
533 1175 685 1228 ἄνθει
713 1175 812 1242 τῆς
843 1173 1063 1242 ἡλικίας
1083 1171 1377 1240 ἐτύγχανεν
1400 1170 1474 1221 ῶν
1506 1172 1648 1229 τότε,
1683 1171 1769 1221 ὅτε
1793 1169 2011 1239 σφοδρο-

422 1262 558 1333 τέρα
591 1262 694 1331 τῆς
734 1262 948 1329 φύσεως
986 1263 1018 1330 ἠ
1073 1261 1204 1327 φλὸξ
1243 1260 1536 1329 ἐγείρεται,
1594 1260 1680 1310 ὅτε
1719 1257 1888 1327 πολλὴ
1919 1258 2017 1326 τῆς

425 1351 725 1421 ἐπιθυμίας
754 1355 785 1421 ἡ
813 1351 972 1420 ζάλη,
995 1352 1082 1402 ὅτε
1097 1350 1483 1419 ἀσθενέστερος
1518 1351 1544 1400 6
1579 1347 1858 1417 λογισμός.
1897 1347 2017 1398 Τῶν

423 1439 535 1509 γὰρ
566 1439 844 1510 νεωτέρων
875 1441 930 1492 αί
955 1440 1123 1508 ψυχαὶ
1147 1440 1205 1490 ού
1248 1438 1452 1506 σφόδρα
1486 1436 1654 1506 πολλῇ
1689 1436 2016 1507 φράττονται

420 1531 486 1598 τῇ
521 1527 757 1590 συνέσει,
787 1527 907 1579 ούδέ
938 1527 1139 1594 πολλὴν
1169 1525 1270 1594 τῆς
1299 1525 1501 1594 ἀρετῆς
1537 1523 1818 1576 ποιοῦνται
1853 1539 2017 1576 σπου-

419 1614 540 1686 δήν·
576 1613 690 1667 ἀλλ’
715 1616 745 1666 6
793 1615 890 1683 μὲν
925 1615 1132 1683 χειμὼν
1173 1615 1281 1665 τῶν
1332 1612 1520 1666 παθῶν
1549 1611 1951 1682 χαλεπώτερος,
1991 1613 2019 1663 6

420 1703 568 1754 δὲτά
603 1702 748 1771 πάθη
793 1701 1070 1772 κυϐερνῶν
1117 1701 1375 1770 λογισμὸς
1419 1700 1828 1770 ἀσθενέστερος.
1865 1699 2018 1751 Μετά

420 1788 478 1840 δὲ
510 1789 610 1856 τῆς
633 1787 849 1855 φύσεως
898 1788 994 1840 καὶ
1033 1789 1129 1858 τῆς
1179 1788 1414 1857 ἡλικίας,
1463 1786 1633 1856 πολλὴ
1664 1787 1887 1855 καὶτῆς
1923 1802 2019 1852 γυ-

422 1875 608 1936 ναικδς
632 1871 700 1944 ἦν
740 1877 771 1944 ἡ
812 1873 1099 1926 ἀκολασία.
1130 1876 1238 1926 Καὶ
1273 1873 1526 1945 καθάπερ
1547 1875 1646 1943 τὴν
1671 1873 2020 1927 Βαϐυλωνίαν

424 1964 655 2034 κάμινον
700 1966 755 2016 αί
806 1964 1077 2034 Περσικαὶ
1133 1966 1315 2034 χεῖρες
1377 1966 1582 2016 ἐκεῖναι
1631 1964 1768 2031 μετὰ
1821 1963 2021 2032 πολλῆς

422 2051 667 2120 ἀνῆπτον
725 2051 826 2120 τῆς
874 2052 1353 2121 σπουδῆς.δαψιλῆ
1403 2051 1479 2122 τῷ
1509 2053 1642 2121 πυρὶ
1682 2051 2021 2122 παρέχουσαι

421 2140 522 2209 τὴν
552 2140 780 2210 τροφὴν,
822 2144 916 2192 καὶ
954 2140 1176 2193 ποικίλα
1213 2141 1619 2210 ὑπεκκαύματα
1654 2141 2022 2211 ἐμϐάλλουσαι

423 2227 490 2293 τῇ
522 2223 700 2291 φλογίο
727 2224 870 2276 οὕτω
905 2224 969 2294 δὴ
1000 2225 1095 2277 καὶ
1141 2225 1263 2277 τότε
1292 2226 1324 2295 ἡ
1357 2225 1518 2277 ἀθλία
1560 2225 1656 2278 καὶ¹
1677 2224 2023 2294 ταλαίπωρος

423 2310 611 2379 ἐκείνη
628 2311 766 2381 γυνὴ
779 2311 879 2380 τῆς
902 2312 1137 2378 καμίνου
1167 2311 1374 2381 ταύτης
1402 2312 1792 2382 χαλεπωτέραν
1813 2313 2023 2381 ἀνῆπτε

423 2397 523 2468 τὴν
559 2397 768 2465 φλόγα,
833 2398 1022 2468 μύρων
1073 2398 1294 2462 ὄζουσα,
1352 2399 1720 2469 ἐπιτρίμμασι
1757 2397 2023 2468 παρειῶν,

427 2485 778 2554 ὑπογραφαῖς
801 2485 1121 2554 ὀφθαλμῶν,
1153 2486 1649 2556 κατακεκλασμένῃ
1676 2487 1851 2556 φωνῇ,
1872 2486 2026 2553 κινή-

429 2589 588 2643 μασι,
634 2571 1432 2644 βαδίσμασιδιαθρυπτομένη·
1469 2591 1504 2634 ι,
1553 2573 1791 2640 ἱματίοις
1854 2571 2025 2642 μαλα-

429 2663 566 2724 κοῖς,
600 2661 750 2732 [566]
783 2661 1042 2731 περιϐολῇ
1074 2663 1337 2731 χρυσίων,
1379 2661 1475 2712 καὶ
1505 2661 1719 2730 ἑτέραις
1751 2660 2026 2724 τοιαύταις

433 2749 657 2818 μυρίαις
702 2750 1064 2817 μαγγανείαις
1103 2750 1587 2818 καταγοητεύουσα
1616 2749 1676 2801 τὸ
1718 2751 2024 2819 μειράκιον.

431 2837 542 2890 Καὶ
579 2836 830 2906 καθάπερ
859 2855 941 2899 τις
968 2837 1239 2907 θηρευτὴς
1276 2837 1445 2898 δεινὸς
1479 2837 1785 2889 δυσάλωτον
1822 2837 2028 2906 μέλλων

431 2925 750 2994 χειροῦσθαι
780 2924 938 2988 ζῶον,
960 2926 1174 2977 ἃπαντα
1200 2927 1336 2977 κινεῖ
1361 2928 1457 2994 τῆς
1485 2925 1679 2994 τέχνης
1701 2925 1770 2977 τὰ
1797 2926 2025 2994 ὄργα-ια,

431 3010 575 3063 οὕτω
607 3013 670 3081 δὴ
705 3015 798 3064 καὶ
823 3013 985 3081 αῦτη,
1013 3012 1113 3082 τὴν
1148 3014 1505 3083 σωφροσύνην
1539 3012 1709 3064 εἰδυῖα
1731 3013 1824 3065 τοῦ
1851 3015 2028 3066 νεανί-

435 3117 567 3152 σκου
605 3101 746 3168 (οὐδὲ
781 3102 889 3174 γὰρ
907 3102 1132 3170 ἔμελλεν
1150 3104 1206 3153 ἐν
1229 3101 1469 3171 τοσούτῳ
1498 3101 1676 3172 χρόνῳ
1702 3101 2028 3171 λανθάνειν),

437 3190 639 3260 πολλῆς
669 3193 922 3260 ἐνόμισεν
962 3193 1099 3262 αὑτῇ
1141 3193 1251 3244 δεῖν
1295 3191 1654 3262 παρασκευῆς
1688 3193 1780 3244 ἐπὶ
1805 3193 1902 3262 τὴν
1949 3195 2032 3245 αί-

434 3277 755 3347 χμαλωσίαν
789 3279 883 3330 τοῦ
935 3281 1245 3343 νεανίσκου,
1283 3280 1377 3330 καὶ
1405 3278 1492 3331 διὰ
1519 3280 1678 3332 τοῦτο
1707 3281 1881 3332 πάντα
1913 3281 2028 3332 ἐκί-

436 3382 516 3416 νει
537 3366 636 3432 τῆς
666 3365 966 3427 ἀκολασίας
999 3366 1067 3417 τὰ
1102 3368 1496 3436 μηχανήματα.
1540 3367 1651 3418 Και
1677 3367 1796 3419 οὑδὲ
1821 3367 2033 3430 τούτοις

433 3454 662 3524 ἠρκεῖτο
681 3453 882 3521 μόνοις,
904 3452 1038 3505 ἀλλά
1065 3455 1160 3506 καὶ
1202 3454 1394 3524 καιρὸν
1423 3456 1518 3506 καὶ
1550 3455 1713 3507 τόπον
1731 3456 1986 3526 ἐπετήρει
2005 3456 2033 3494 ι)

438 3541 576 3611 πρὸς
619 3543 718 3611 τὴν
752 3542 925 3611 Θήραν
961 3540 1288 3611 ἐπιτήδειον.
1332 3543 1430 3594 Διά
1461 3543 1622 3596 τοῦτο
1661 3543 1782 3596 ούδέ
1829 3544 2034 3607 εὑθέως

435 3627 642 3678 ἁλοῦσα
673 3628 1029 3697 προσέϐαλεν,
1058 3628 1194 3681 ἀλλά
1229 3629 1395 3681 πολὺν
1420 3630 1672 3697 ἀνέμεινε
1695 3631 1904 3699 χρόνον,
1937 3631 2035 3701 τὴν

438 3715 683 3784 πονηρὰν
709 3715 914 3784 ταύτην
949 3716 1246 3785 ἐπιθυμίαν
1268 3717 1535 3771 ὠδίνουσα
1556 3721 1650 3772 καὶ
1683 3736 2036 3789 παρασκευα-

439 3802 662 3872 ζομένη,
700 3803 967 3856 δεδοικυῖα
997 3805 1070 3873 μὴ
1099 3805 1178 3874 τῷ
1219 3805 1374 3874 τάχει
1408 3807 1501 3859 καὶ
1535 3810 1652 3869 ταῖς
1681 3808 2036 3876 ἐσχεδιασμέ·

439 3908 558 3953 ναις
591 3892 760 3961 αὐτῆς
786 3891 1100 3954 ἐπιϐουλαῖς
1125 3892 1364 3964 διαφύγῃ
1395 3895 1457 3945 τὸ
1497 3894 1740 3964 θήραμα.
1766 3894 1872 3947 Καὶ
1903 3912 2033 3947 ποτε

439 3978 675 4048 εὑροῦσα
709 3979 867 4048 μόνον
905 3984 961 4032 ὲν
989 3983 1122 4049 οἴκῳ
1155 3983 1222 4032 τὰ
1254 3981 1461 4052 συνήθη
1492 3982 1768 4046 ποιοῦντα,
1791 3984 2033 4036 ἀνασκά-

441 4087 564 4121 πτει
603 4068 901 4139 βαθύτερον
940 4071 1126 4123 λοιπὸν
1168 4071 1465 4142 βάραθρον,
1508 4073 1602 4125 καὶ
1633 4073 1700 4126 τὰ
1727 4073 1900 4144 πτερά
1931 4075 2032 4144 τῆς

440 4157 638 4226 ἡδονῆς
683 4158 946 4210 πάντοθεν
1003 4159 1434 4224 ἀναπετάσασα,
1486 4161 1676 4231 ὥσπερ
1733 4164 1792 4215 ἐν
1849 4165 2036 4231 μέσοις

439 4245 680 4307 δικτύοις
708 4246 893 4298 λοιπὸν
933 4246 1133 4316 ἔχουσα
1173 4248 1262 4299 τὸν
1307 4249 1448 4311 νέον,
1479 4250 1883 4319 ἐπεισέρχεται,
1943 4253 2036 4303 καὶ

444 4329 580 4401 μόνη
617 4331 777 4398 μόνον
801 4332 1176 4386 ἀπολαϐοῦσα·
1217 4336 1418 4404 μᾶλλον
1446 4336 1502 4388 δέ
1523 4337 1583 4387 ού
1614 4337 1768 4407 μόνη·
1803 4338 1898 4390 καὶ
1927 4339 2036 4408 γὰρ

441 4420 538 4472 καὶ
566 4420 665 4490 τὴν
693 4421 912 4490 ἡλικίαν
962 4422 1056 4474 καὶ
1089 4423 1187 4492 τὴν
1239 4423 1398 4491 φύσιν
1425 4425 1520 4476 καὶ
1545 4423 1616 4476 τὰ
1649 4426 1822 4494 αὑτῆς
1860 4443 2037 4495 μηχα-

442 4508 663 4577 νήματα
686 4509 1044 4576 συμπαρόντα
1078 4506 1223 4578 εἶχεν
1249 4513 1413 4581 αὑτῇ’
1445 4510 1592 4563 ἕλκει
1614 4512 1799 4564 λοιπὸν
1831 4513 1922 4565 ἐπὶ
1943 4512 2040 4582 τὴν

443 4598 628 4651 ἀδικον
653 4598 850 4666 πρᾶξιν
889 4598 1025 4668 πρὸς
1061 4598 1181 4667 βίαν
1212 4600 1303 4651 τὸν
1327 4604 1572 4666 γενναῖον
1607 4602 1832 4654 ἐκεῖνον.
1857 4602 1922 4654 Τί
1946 4603 2039 4656 τοῦ

445 4684 756 4755 πειρασμοῦ
782 4685 969 4737 τούτου
999 4685 1412 4757 χαλεπώτερον;
1442 4689 1598 4750 ποίας
1620 4687 1775 4740 τοῦτο
1808 4690 2039 4759 καμίνου

444 4775 541 4826 καὶ
569 4773 770 4840 φλογὸς
802 4773 862 4824 ού
890 4773 1272 4844 σφοδρότερον,
1303 4773 1420 4826 νέον
1459 4776 1796 4844 σφριγῶντα,
1832 4777 2040 4840 δοῦλον,

447 4859 673 4930 ἔρημον,
701 4859 913 4918 ἄπολιν.
970 4861 1141 4926 ξένον,
1193 4863 1557 4933 μετανάστην.
1602 4865 1707 4916 ὑπὸ
1754 4865 2042 4934 δεσποίνης

446 4947 619 5012 οὕτως
659 4949 963 5001 ἀκολάστου
995 4951 1088 5001 καὶ
1122 4952 1478 5020 μαινομένης,
1510 4952 1651 5004 οὕτω
1681 4954 2040 5023 πλουτούσης,

448 5037 544 5091 καὶ
564 5039 835 5108 τοσαύτην
873 5039 1194 5090 δυναστείαν
1227 5040 1719 5110 περιϐεϐλημένης,
1751 5042 1806 5094 ἐν
1837 5041 2043 5112 ἐρημία

447 5125 686 5194 τοσαύτῃ
719 5127 989 5194 (συντελεῖ
1018 5128 1126 5196 γὰρ
1168 5129 1258 5180 καὶ
1291 5127 1449 5179 τοῦτο
1483 5129 1617 5198 πρὸς
1643 5133 1741 5197 τὴν
1787 5129 2043 5200 τοιαύτην

450 5211 696 5280 ἅλωσιν),
734 5213 1164 5282 συνειλημμένον
1182 5213 1512 5281 κατέχεσθαί
1534 5231 1591 5266 τε
1625 5215 1720 5268 καὶ
1748 5215 2042 5269 κολακεύε-

452 5300 599 5361 σθαι,
619 5302 862 5370 καὶπρὸς
883 5301 1044 5370 εὐνὴν
1055 5300 1286 5367 ἄγεσθαι
1301 5300 1744 5372 δεσποτικὴν,καὶ
1758 5303 1933 5356 ταῦτα
1950 5321 2042 5373 με·

452 5387 518 5443 τά
536 5390 821 5452 τοσούτους
846 5390 1127 5452 κινδύνους
1148 5393 1242 5442 καὶ
1259 5388 1548 5452 ἐπιϐουλάς
1568 5406 1581 5454 ;
1599 5387 1768 5444 Οἶσθα
1785 5392 1890 5460 γὰρ
1903 5391 1976 5454 ὼς
1993 5392 2044 5443 οἱ

455 5477 661 5537 πολλοὶ,
687 5479 815 5529 ὅταν
845 5478 1293 5546 τεταριχευμένοι
1323 5477 1657 5546 τυγχάνωσι,
1703 5481 1795 5530 καὶ
1828 5482 1884 5530 ἐν
1931 5482 2044 5542 τοῖς

453 5567 646 5628 δεινοῖς
679 5559 834 5629 ὦσιν,
881 5561 1002 5617 εἶτα
1031 5567 1110 5627 είς
1143 5567 1355 5637 τρυφὴν
1381 5565 1674 5631 καλῶνται,
1721 5568 1814 5620 καὶ
1836 5569 2040 5634 ἄνεσιν,

516 5717 543 5781 ξ
569 5717 720 5781 Iidem
746 5718 1004 5779 βαδίσμασι
1029 5719 1452 5781 διαθρυπτομένως.

518 5778 549 5817 ι’
570 5780 680 5830 Duo
710 5778 942 5838 ἐπιζήτει,
968 5794 1096 5829 unus
1122 5778 1319 5829 ἐπενόει.

1009 357 1066 408 S.
1109 355 1401 409 JUANNIS
1460 353 1952 408 (IIIIKYSOSTOMI
1995 351 2317 412 ARCHIEP.
2356 357 2913 414 CONSTANTINOP.

3596 357 3704 413 5¥B

2117 471 2205 522 καὶ
2229 472 2318 525 τὸν
2343 474 2507 544 ὑγρὸν
2529 478 2623 528 καὶ
2662 486 2682 513 ε
2710 475 3089 544 διαλελυμένον
3122 473 3254 542 βίον,
3299 471 3710 542 προθυμότερον

2117 562 2402 630 ἐπιτρέχου
2413 580 2514 615 σιν.
2535 563 2671 615 Ἀλλ’
2689 564 2788 614 οὑκ
2811 565 3038 624 ἐκεῖνος,
3057 563 3171 614 ἀλλ’
3203 562 3359 629 ἔμενε
3380 563 3465 613 διὰ
3485 562 3708 614 πάντων

2117 649 2217 718 τὴν
2270 648 2477 702 οἰκείαν
2537 651 2834 721 καρτερίαν
2888 648 3351 717 ἐπιδεικνύμενος.
3424 648 3566 714 Ἐγὼ
3612 648 3707 701 τὸν

2119 735 2362 805 θάλαμον
2416 740 2623 790 ἐκεῖνον
2673 741 2767 790 καὶ
2798 741 2895 807 τὴν
2929 738 3277 790 Βαϐυλωνίαν
3321 738 3572 806 κάμινον,
3611 738 3706 790 καὶ

2117 823 2206 874 τὸν
2230 823 2324 875 τοῦ
2357 825 2554 894 Δανιὴλ
2583 825 2781 877 λάκκον
2816 824 2923 878 τῶν
2945 826 3193 888 λεόντων,
3231 826 3322 877 καὶ
3347 824 3443 893 τὴν
3465 825 3708 894 γαστέρα

2118 910 2212 962 τοῦ
2264 912 2551 965 θαλαττίου
2607 914 2820 984 θηρίου,
2851 915 2928 976 εἰς
2964 915 3031 981 ἢν
3086 915 3114 965 6
3145 914 3430 982 προφήτης
3462 913 3705 975 ἐνέπεσε,

2121 1001 2336 1072 θαρρῶν
2375 1003 2496 1069 ἴσην
2525 1002 2588 1055 ἂν
2624 1004 2978 1073 προσείποιμι
3005 1001 3056 1065 ά,
3103 1001 3302 1072 μᾶλλον
3320 1002 3375 1052 δέ
3401 1001 3495 1053 καὶ
3530 1001 3711 1070 πολλῷ

2119 1089 2323 1141 τούτων
2357 1089 2758 1158 χαλεπώτερον.
2816 1090 2961 1140 Ἐκεῖ
2997 1089 3095 1156 μὲν
3129 1090 3236 1156 γάρ
3280 1088 3379 1157 τῆς
3419 1088 3710 1156 ἐπιϐουλῆς

2119 1178 2151 1244 ἡ
2181 1176 2303 1244 νίκη
2349 1175 2601 1244 σώματος
2628 1171 2696 1245 ἦν
2730 1175 2994 1236 ἀπώλεια,
3027 1174 3333 1227 ἐνταῦθαδέ
3361 1174 3540 1243 ψυχῆς
3570 1191 3712 1225 παν-

2121 1262 2377 1332 ωλεθρία,
2414 1264 2509 1314 καὶ
2541 1263 2772 1324 θάνατος
2797 1261 3083 1323 ἀθάνατος,
3126 1262 3220 1314 καὶ
3257 1261 3509 1330 συμφορά
3538 1278 3714 1330 παρα-

2126 1352 2323 1422 μ-υθίαν
2358 1353 2458 1402 ούκ
2499 1351 2718 1421 ἔχουσα.
2764 1351 2838 1403 Οὐ
2879 1350 3050 1420 ταύτῃ
3104 1349 3159 1401 δὲ
3200 1351 3359 1420 μόνον
3403 1349 3636 1418 χαλεπὸς
3686 1350 3715 1401 6

2121 1439 2323 1502 λάκκος
2346 1433 2501 1501 οὗτος
2528 1436 2615 1509 ἦν,
2649 1439 2762 1490 ἀλλ’
2793 1440 2872 1490 ὃτι
2907 1439 3042 1508 μετά
3084 1438 3182 1508 τῆς
3238 1438 3356 1507 βίας
3385 1437 3480 1488 καὶ
3513 1436 3605 1488 τοῦ
3634 1436 3718 1488 δό-

2123 1530 2236 1592 λου,
2269 1533 2362 1583 καὶ
2419 1528 2622 1597 πολλῆς
2678 1527 2840 1596 ἔγεμε
2892 1529 2991 1596 τῆς
3045 1527 3356 1588 κολακείας,
3392 1524 3587 1578 πολλοῦ
3620 1523 3714 1576 τοῦ

2126 1617 2368 1670 ποικίλου
2409 1618 2504 1669 καὶ
2540 1615 2886 1667 παντοδαποῦ
2922 1614 3118 1684 πυρὸς,
3156 1615 3214 1665 ού
3252 1613 3409 1681 σῶμα
3443 1614 3713 1675 καίοντος,

2123 1706 2260 1759 ἀλλὰ
2308 1706 2477 1773 αὐτὴν
2521 1703 2812 1770 φλέγοντος
2858 1701 2956 1771 τῆν
3004 1702 3200 1770 ψυχήν.
3238 1700 3348 1752 Καὶ
3380 1700 3538 1752 τοῦτο
3582 1698 3716 1752 αὑτὸ

2124 1791 2298 1862 δηλῶν
2339 1793 2365 1842 6
2407 1789 2658 1857 Σολομὼν
2707 1791 2736 1840 6
2781 1788 3014 1858 μάλιστα
3044 1787 3214 1840 ταῦτα
3258 1785 3396 1856 μετὰ
3427 1786 3717 1856 ἀκριϐείας

2125 1877 2281 1940 εἰδὼς
2317 1877 2505 1947 ἡλίκον
2531 1878 2647 1928 ἐστὶ
2673 1876 2734 1928 τὸ
2763 1874 2987 1943 γυναικὶ
3023 1873 3355 1943 συμϐάλλειν
3375 1871 3543 1944 ἄνδρα
3566 1871 3720 1941 ἐχού-

2129 1983 2217 2038 σῃ·
2275 1966 2597 2034 ’Λποδήσει
2640 1983 2748 2029 τις,
2798 1965 2954 2033 φησὶ,
3005 1963 3126 2030 πῦρ
3177 1963 3246 2015 ἐν
3279 1963 3506 2024 κόλπῳ,
3547 1963 3616 2012 τὰ
3648 1958 3720 2010 δὲ

2128 2056 2326 2121 ἱμάτια
2378 2057 2451 2106 οὐ
2508 2053 2904 2114 κατακαύσει;
2952 2051 2989 2118 ἢ
3037 2049 3430 2116 περιπατήσει
3499 2064 3584 2112 τις
3627 2046 3719 2098 ἐπ’

2128 2145 2446 2209 ἀνθράκων
2477 2142 2686 2208 πυρὸς,
2715 2139 2853 2204 τοὺς
2895 2139 2964 2192 δὲ
2997 2139 3187 2201 πόδας
3215 2139 3286 2190 οὺ
3317 2134 3720 2203 καταφλέξεκ

2124 2231 2326 2294 Οὕτως
2376 2232 2407 2281 ό
2452 2228 2855 2296 πορευόμενος
2906 2225 3055 2293 πρὸς
3105 2223 3360 2293 γυναῖκα
3411 2221 3723 2288 ὕπίινδρον

2130 2318 2226 2371 καὶ
2263 2317 2380 2382 πᾶς
2415 2320 2448 2370 ό
2489 2317 2824 2384 ἁπτόμενος
2862 2312 3076 2379 αὐτῆς,
3127 2315 3237 2364 οὐκ
3277 2309 3719 2377 ἀθωωθήσεται.

2134 2405 2283 2477 [567}
2329 2407 2393 2457 Ὃ
2426 2404 2483 2456 δὲ
2518 2404 2688 2471 λέγει,
2711 2400 2953 2454 τοιοῦτόν
2977 2403 3141 2453 ἐστιν·
3162 2399 3393 2468 Ὥσπερ,
3413 2397 3597 2467 φησὶν,
3620 2395 3724 2446 οὑκ

2130 2493 2210 2546 ἔνι
2244 2493 2537 2561 ὁμιλοῦντα
2588 2491 2743 2559 πυρὶ,
2784 2489 2857 2560 μὴ
2910 2486 3330 2550 κατακαίεσθαι,
3380 2485 3553 2546 οὕτως
3603 2483 3725 2536 οὑδὲ

2130 2581 2347 2650 γυναιξὶ
2381 2580 2609 2631 συνόντα
2629 2577 2943 2646 διαφεύγειν
2982 2577 3073 2628 τὸν
3097 2572 3346 2626 ἐντεῦθεν
3371 2571 3724 2642 ἐμπρησμόν.

2133 2669 2300 2735 Οὗτος
2324 2673 2381 2724 δὲ
2414 2671 2442 2722 ὃ
2473 2669 2654 2738 πολλῷ
2679 2666 3056 2738 χαλεπώτερον
3079 2661 3147 2734 ἦν
3173 2664 3484 2731 ὑπέμεινεν.
3511 2661 3583 2713 Ub
3615 2659 3726 2728 γὰρ

2133 2761 2294 2822 αὑτὸς
2311 2759 2483 2827 αὑτῆς
2504 2758 2702 2826 ἥψατο,
2734 2754 2846 2807 ἀλλ’
2867 2754 2957 2804 ὑπ’
2979 2752 3190 2821 ἐκείνης
3220 2751 3524 2818 κατείχετο,
3567 2747 3728 2816 μόνος

2135 2846 2238 2900 ὑπὸ
2259 2847 2425 2916 μόνης
2453 2842 2884 2912 ἀπειλημμένος·
2907 2841 3082 2893 καίτοι
3109 2837 3383 2898 τοσούτοις
3417 2835 3520 2906 ἤδη
3535 2837 3728 2896 κακοῖς

2134 2931 2628 3002 κατειργασμένος,
2660 2930 2752 2982 καὶ
2778 2928 3068 2989 τοσαύταις
3109 2923 3565 2995 τεταριχευμένος
3603 2923 3728 2974 ἐπι-

2136 3024 2372 3085 ϐουλαῖς,
2406 3024 2500 3074 καὶ
2532 3021 2768 3081 ἀνέσεως
2807 3017 3089 3088 ἐπιθυμῶν
3122 3017 3216 3068 καὶ
3240 3015 3444 3077 ἀδείας.

2211 3118 2297 3177 ιγ’.
2345 3109 2481 3160 Ἀλλ’
2505 3110 2653 3178 ὅμως
2681 3109 2737 3160 ἐν
2756 3106 3030 3165 τοσούτοις
3054 3102 3289 3165 δικτύοις
3310 3101 3407 3164 ὢν,
3428 3101 3522 3154 καὶ
3548 3098 3728 3152 ποικί-

2135 3198 2224 3250 λον
2261 3198 2449 3268 θηρίον
2487 3195 2630 3266 όρῶν
2661 3193 2810 3263 αὑτῷ
2840 3191 3200 3264 προσϐάλλον,
3252 3190 3345 3242 καὶ
3375 3188 3463 3241 διὰ
3511 3188 3730 3240 πάντων

2137 3286 2300 3338 αὑτὸν
2337 3282 2598 3346 καταξέον
2625 3293 2675 3345 ε,
2720 3282 2808 3334 διά
2839 3283 2938 3352 τῆς
2973 3281 3138 3348 ἀφῆς,
3166 3278 3254 3330 διὰ
3284 3277 3383 3346 τῆς
3408 3275 3612 3343 φωνῆς,
3641 3274 3732 3326 διὰ

2137 3375 2243 3427 τῶν
2275 3374 2562 3443 ὀμμάτων,
2603 3372 2689 3425 διά
2737 3373 2844 3423 τῶν
2875 3371 3202 3442 χρωμάτων,
3230 3366 3316 3420 διὰ
3344 3364 3446 3433 τῆς
3486 3365 3730 3432 ὑπογρα-

2139 3463 2266 3531 φῆς,
2299 3461 2384 3513 διὰ
2412 3460 2520 3512 τῶν
2549 3460 2807 3529 χρυσίων,
2836 3459 2926 3510 διὰ
2953 3457 3062 3508 τῶν
3097 3454 3306 3525 μύρων,
3333 3452 3422 3505 διὰ
3448 3450 3556 3504 τῶν
3599 3451 3696 3520 ίμα
3715 3477 3729 3488 -

2136 3549 2287 3610 τίων,
2306 3547 2393 3600 διὰ
2417 3546 2510 3599 τοῦ
2529 3547 2713 3616 ἤθους,
2737 3545 2824 3598 διὰ
2859 3544 2967 3596 τῶν
3000 3544 3280 3613 ῥημάτων,
3314 3541 3402 3593 διὰ
3415 3539 3509 3592 τοῦ
3525 3538 3732 3607 κόσμου

2137 3637 2232 3689 τοῦ
2267 3635 2676 3705 περικειμένου,
2705 3633 2794 3686 διὰ
2821 3633 2920 3702 τῆς
2947 3631 3253 3700 μονώσεως,
3286 3627 3375 3680 διὰ
3401 3626 3497 3679 τοῦ
3530 3624 3730 3678 λανθά-

2139 3740 2273 3784 νειν,
2306 3724 2393 3774 διά
2442 3721 2535 3773 τοῦ
2583 3720 2841 3784 πλούτου,
2865 3719 2954 3770 διὰ
3003 3717 3098 3786 τῆς
3128 3715 3464 3775 δυναστείας.
3502 3712 3734 3780 ἐχουσαν

2143 3814 2281 3883 μετά
2313 3810 2519 3864 τούτων
2556 3808 2837 3880 συνεργὸν,
2872 3809 3010 3876 ὅπερ
3058 3803 3370 3875 ἔμπροσθεν
3405 3797 3579 3857 εἷπον,
3632 3798 3733 3867 τὴν

2139 3881 2378 3970 ἠλικίαν,
2416 3899 2512 3967 τὴν
2550 3896 2736 3965 φύσιν,
2764 3897 2864 3964 τὴν
2889 3893 3158 3954 δουλείαν,
3185 3893 3244 3943 τὸ
3272 3894 3332 3942 ἐν
3356 3888 3613 3956 ἀλλοτρία
3657 3881 3736 3938 εἶ-

2139 4009 2249 4052 ναι,
2281 3991 2464 4042 πᾶσαν
2491 3989 2710 4054 ἐνίκησε
2743 3987 2842 4055 τὴν
2874 3985 3051 4053 φλόγα
3081 3982 3318 4052 ἐκείνην.
3367 3979 3509 4047 Ἐγὼ
3542 3975 3737 4029 τοῦτον

2139 4083 2230 4132 τὸν
2265 4078 2572 4149 πειρασμὸν
2606 4078 2697 4128 καὶ
2736 4074 2831 4128 τοῦ
2856 4073 3048 4142 φθόνου
3078 4072 3186 4124 τῶν
3214 4068 3480 4138 ἀδελφῶν,
3511 4067 3606 4120 καὶ
3632 4063 3728 4117 τοῦ

2144 4169 2334 4237 μίσους
2375 4165 2470 4218 τοῦ
2509 4161 2851 4231 συγγενικοῦ,
2901 4160 3122 4228 καὶτῆς
3156 4159 3431 4228 πράσεως,
3488 4156 3581 4206 καὶ
3630 4153 3729 4220 τῆς

2140 4256 2248 4308 τῶν
2265 4255 2330 4324 βα
2340 4254 2555 4324 ρϐάρων
2574 4251 2914 4311 δεσποτείας,
2934 4247 3138 4316 καὶτῆς
3166 4245 3381 4314 μακρᾶς
3398 4240 3728 4309 ἀποδημίας,

2142 4345 2235 4397 καὶ
2258 4345 2355 4412 τῆς
2384 4345 2440 4393 ἐν
2474 4339 2731 4409 ἀλλοτρία
2756 4336 3060 4407 διατριϐῆς,
3092 4333 3297 4386 καὶτοῦ
3327 4329 3731 4399 δεσμωτηρίου,

2143 4432 2236 4484 καὶ
2271 4431 2372 4498 τῆς
2405 4429 2669 4490 ἁλύσεως,
2729 4427 2822 4478 καὶ
2853 4424 2945 4476 τοῦ
2999 4419 3211 4492 μακροῦ
3242 4420 3455 4490 χρόνου,
3493 4418 3587 4470 καὶ
3632 4416 3736 4485 τῆς

2144 4517 2332 4572 αὐτόθι
2368 4514 2744 4582 ταλαιπωρίας
2806 4512 2941 4563 πολὺ
2984 4507 3365 4579 χαλεπώτερον
3399 4502 3536 4557 εἷναί
3567 4521 3730 4574 φημι·

2146 4608 2236 4660 καὶ
2263 4607 2370 4676 γὰρ
2404 4605 2533 4675 περὶ
2565 4602 2672 4654 τῶν
2696 4600 2940 4668 ἐσχάτων
2972 4600 2999 4649 6
3033 4596 3273 4657 κίνδυνος
3293 4589 3382 4664 ἦν.
3433 4591 3652 4660 Ἐπειδὴ
3681 4591 3738 4644 δὲ

2146 4697 2241 4749 καὶ
2272 4694 2460 4746 τοῦτον
2475 4691 2694 4756 διέφυγε
2710 4687 2801 4739 τὸν
2826 4686 3060 4754 πόλεμον
3083 4683 3128 4747 τ,
3146 4684 3240 4735 καὶ
3265 4681 3480 4749 ἐγένετο
3503 4679 3737 4732 ἐνταῦθα

2149 4783 2367 4852 πνεῦμα
2403 4780 2594 4851 δρόσου
2629 4773 2959 4845 διασυρίζον,
3002 4773 3109 4824 ἀπό
3132 4789 3193 4823 τε
3218 4771 3315 4839 τῆς
3337 4770 3432 4822 τοῦ
3466 4767 3603 4821 Θεοῦ
3637 4767 3736 4837 χά-

2151 4890 2294 4943 ριτος
2328 4871 2421 4923 καὶ
2471 4869 2567 4935 τῆς
2607 4863 2810 4935 ἀρετῆς
2843 4862 2939 4913 τοῦ
2988 4861 3127 4912 νέου·
3178 4856 3402 4910 τοσοῦτο
3448 4857 3555 4926 γὰρ
3587 4855 3736 4924 αὑτῷ

2147 4961 2344 5030 περιῆν
2379 4955 2678 5026 ἀταραξίας
2718 4953 2812 5004 καὶ¹
2845 4947 3220 5019 σωφροσύνης,
3262 4948 3344 4999 ὅτι
3378 4945 3471 4996 καὶ
3499 4944 3597 5012 τὴν
3637 4943 3735 5011 τῆς

2149 5049 2367 5117 ἐκείνης
2400 5045 2598 5116 μανίαν
2632 5040 2937 5094 καταλῦσαι
2995 5037 3316 5089 ἐσπούδασε
3367 5034 3505 5103 πλὴν
3547 5031 3733 5101 ἐπειδὴ

2147 5138 2310 5200 αὐτὸς
2366 5135 2589 5204 ἐξῆλθεν
2624 5131 2923 5197 ἀνέπαφος,
2977 5126 3162 5196 ὥσπερ
3207 5126 3256 5177 οί
3303 5123 3575 5176 νεανίσκοι
3633 5122 3732 5191 τὴν

2149 5224 2428 5295 Περσικὴν
2460 5219 2813 5288 διαφυγόντες
2833 5216 3006 5285 φλόγα
3036 5213 3206 5284 (Οὐδὲ
3223 5212 3331 5285 γὰρ
3355 5210 3514 5279 ὀσμὴ
3543 5207 3733 5276 πυρὸς

2224 5410 2245 5436 ⁸
2272 5410 2424 5472 {idem
2444 5405 2833 5472 rer_aptxeupév0t_
2861 5401 3045 5472 τύχωσι
3065 5399 3210 5472 ιτοῖς-
3222 5398 3407 5472 δεινοῖς3
3453 5399 3518 5452 εἷς
3557 5397 3733 5460 τρυφὴν

2149 5471 2432 5531 καλούμενοι
2455 5467 2534 5515 καὶ
2552 5463 2734 5531 λάνεσιν,
2756 5465 2836 5531 καὶ
2865 5464 2947 5531 τὸν
2972 5463 3300 5531 ὑγρὸνιτοῦτον
3323 5463 3421 5507 καί.

2212 5533 2237 5571 ἀ
2267 5522 2378 5580 Duo
2405 5542 2517 5576 mss.
2545 5528 2729 5589 θαρσῶν
2749 5527 2816 5573 ἀν..
2831 5525 2939 5589 μίαν
2959 5522 3281 5589 προσείποιμι.

2217 5597 2240 5624 θ
2270 5592 2406 5641 Unus
2430 5580 2760 5643 κατα-τόξεῦον,
2803 5580 2855 5634 εἰ
2892 5587 2963 5633 sic
2999 5580 3569 5646 'legeraL’lsiHius._Ibid
3634 5580 3730 5646 duo

2152 5654 2472 5713 manuscripli
2516 5651 2594 5698 διά
2635 5651 2753 5713 τῶν,
2777 5644 3165 5713 ἐσιιιτριμμιόιςτὶιον,⁸
3191 5646 3391 5713 διάγτῆς.
3437 5644 3591 5713 Pallio
3619 5645 3732 5703 post

2154 5720 2300 5767 iidem
2324 5707 2668 5775 περικειμένου,
2691 5712 2769 5758 διὰ
2793 5707 3222 5775 ’τῇςέρημίαςηδιά
3245 5707 3619 5775 τῆς-μονώσεως.

2219 5777 2238 5816 ί
2275 5767 2409 5825 υηιιὲ
2428 5767 2612 5837 διέφυγε
2634 5775 2716 5821 τὸν
2753 5767 3094 5829 κίνδυνον,ήκαι
3118 5770 3279 5830 διέδρα
3300 5769 3381 5816 τὸν
3412 5767 3634 5827 πόλεμον.
