4078 6430
242 437 351 493 £35

238 563 445 612 censa;
489 554 545 601 et
569 541 782 616 quidem
814 540 1035 611 duplex,
1067 537 1176 592 imo
1203 534 1416 605 triplex,
1459 545 1523 586 ac
1561 529 1841 598 multiplex

242 641 348 694 hoc.
386 637 590 693 bellum
631 642 765 690 erat.
796 632 982 702 Neque
1007 629 1152 686 enim
1181 625 1306 697 quia
1337 624 1470 679 retia
1513 621 1653 676 saltu
1679 634 1843 688 supe-

243 734 406 798 ravit,
456 746 522 787 ac
546 730 694 787 brevi
724 726 988 797 temporis
1031 731 1232 794 puncto
1275 721 1524 789 laqueum
1567 713 1842 774 dissecuit,

241 824 450 880 ideirco
497 835 620 878 eum
665 821 771 876 hoc
812 827 1087 874 certamen
1137 815 1257 868 sine
1318 810 1505 865 labore
1549 804 1846 861 confecisse

242 915 528 970 existimes
577 931 591 968 :
638 909 902 982 siquidem
956 909 1225 978 ingentem
1275 900 1530 957 sudorem
1578 898 1630 951 in
1677 909 1741 951 ea
1788 908 1847 948 re

243 1007 432 1063 subiit.

323 1098 416 1154 12.
459 1099 536 1152 Ac
560 1096 607 1152 si
644 1094 698 1150 id
739 1092 1022 1165 perspicue
1049 1089 1189 1144 scire
1213 1084 1308 1141 tibi
1335 1082 1485 1139 cordi
1513 1088 1618 1145 est,
1643 1079 1847 1148 cogites

244 1192 407 1247 velim
446 1187 746 1260 cuiusmodi
785 1200 875 1240 res
903 1185 973 1239 sit
995 1182 1269 1252 iuventus,
1296 1191 1360 1232 ac
1384 1171 1683 1245 iuventutis
1724 1169 1843 1224 llos.

242 1283 378 1341 Nam
418 1292 534 1337 tum
576 1279 630 1336 in
662 1280 778 1349 ipso
804 1273 1102 1346 iuventutis
1126 1270 1258 1326 ﬂore
1286 1277 1438 1324 erat:
1469 1279 1576 1336 quo
1607 1271 1848 1332 tempore

244 1372 424 1430 acrior
449 1381 655 1427 natura:
683 1370 898 1424 ﬂamma
923 1365 1215 1428 excitatur,
1252 1375 1360 1430 quo
1396 1358 1584 1426 ingens
1613 1353 1848 1408 libidinis

246 1457 562 1534 tempestas,
607 1475 714 1531 quo
757 1458 989 1527 denique
1035 1463 1280 1523 tempore
1331 1444 1652 1504 imbecillior
1687 1443 1845 1499 ratio.

243 1557 512 1612 Iuvenum
548 1553 688 1608 enim
718 1548 886 1604 animi
930 1561 1036 1602 non
1066 1541 1355 1599 admodum
1383 1551 1580 1608 magno
1608 1535 1846 1606 pruden-

246 1652 337 1706 ti:c
381 1647 636 1719 praesidio
675 1644 1008 1708 muniuntur,
1035 1653 1136 1696 uec
1179 1651 1431 1708 magnum
1481 1631 1690 1688 virtutis
1728 1638 1847 1686 stu-

243 1743 396 1798 dium
422 1747 616 1810 gerunt
642 1754 654 1790 :
689 1751 872 1792 verum
903 1743 957 1789 et
986 1731 1268 1787 affectuum
1303 1739 1592 1798 tempestas
1617 1723 1850 1779 atrocior

244 1842 350 1896 est,
379 1841 436 1886 et
475 1830 634 1894 ratio,
656 1842 778 1898 qua:
805 1841 897 1883 eas
925 1825 1189 1895 gubernat
1231 1835 1294 1876 ac
1335 1818 1666 1882 moderatur,
1695 1815 1846 1871 infir-

245 1927 407 1980 mior.
439 1923 522 1978 Ad
551 1933 797 1977 naturam
825 1927 1003 1973 autem
1042 1924 1100 1970 et
1139 1923 1350 1969 aetatem
1391 1912 1520 1967 illud
1562 1911 1723 1966 etiam
1755 1925 1846 1963 nc-

244 2018 494 2089 caIeba},
529 2016 672 2087 quod
719 2015 907 2082 ingens
943 2009 1186 2066 mulieris
1225 2006 1552 2076 impudicitia
1597 2014 1734 2059 erat.
1781 2003 1849 2057 Et

246 2110 387 2166 sicut
413 2107 648 2164 Persica:
681 2105 784 2159 illm
807 2117 996 2157 manus
1023 2098 1404 2170 Babylonicam
1433 2096 1702 2151 fornacem
1730 2108 1848 2148 ma-

245 2215 355 2272 gno
397 2198 580 2255 studio
615 2193 1012 2258 accendebant,
1054 2189 1324 2259 copiosam
1377 2186 1486 2259 igni
1537 2185 1845 2241 alimoniam

244 2292 573 2364 pncbentcs,
619 2305 684 2345 ac
734 2287 911 2342 varios
949 2281 1179 2339 llanimte
1210 2280 1424 2336 fomites
1463 2279 1846 2334 admoventes:

247 2385 439 2439 eodem
478 2395 694 2452 quoque
723 2378 885 2434 modo
914 2386 1043 2432 tunc
1080 2374 1270 2431 infelix
1313 2373 1400 2429 illa
1446 2381 1502 2428 et
1543 2385 1846 2428 aerumnosa

247 2475 446 2530 mulier
474 2473 742 2530 flammam
773 2471 991 2526 fornace
1014 2467 1104 2523 illa
1142 2467 1445 2538 graviorem
1470 2479 1534 2520 ac
1576 2464 1847 2535 periculo-

247 2567 445 2621 siorem
487 2561 838 2621 accendebat.
871 2566 1140 2630 unguenta
1177 2557 1429 2612 nimirum
1478 2556 1651 2621 olens,
1678 2570 1846 2626 gena-

248 2673 369 2714 rum
396 2655 703 2727 pigmentis,
732 2653 1007 2709 oculorum
1044 2650 1284 2722 picturis,
1317 2650 1482 2705 fracta
1507 2660 1564 2705 et
1590 2659 1847 2706 enervata

247 2763 402 2814 voce,
432 2747 687 2808 motibus,
727 2744 1055 2814 ingressibus
1103 2741 1405 2809 lasciviens,
1436 2740 1584 2797 molli
1629 2741 1844 2807 vestitu,

245 2855 363 2894 aurt
389 2837 618 2903 ambitu,
645 2851 708 2891 ac
749 2835 1017 2891 sexcentis
1058 2833 1177 2889 aliis
1214 2833 1456 2903 ejusdem
1485 2833 1699 2904 generis
1726 2833 1847 2890 ille-

245 2931 426 2987 cebris
453 2940 510 2985 et
539 2927 845 2998 imposturis
873 2925 1269 2982 adolescentem
1290 2940 1322 2979 a
1349 2933 1528 2980 mente
1549 2924 1843 2981 deducens.

247 3021 322 3080 Et
340 3021 792 3093 quemadmodum
821 3019 1024 3090 peritus
1049 3017 1266 3089 quidam
1282 3029 1526 3081 venator,
1547 3018 1655 3072 fera
1688 3025 1847 3086 captu

244 3114 451 3171 difticili
497 3111 655 3183 potiri
683 3110 924 3175 studens,
955 3109 1135 3165 omnia
1179 3108 1311 3163 artis
1353 3109 1706 3164 instrumenta
1745 3107 1845 3163 ad-

247 3215 467 3263 movet:
503 3205 582 3260 sic
608 3205 742 3274 Ipsa,
769 3202 984 3273 juvenis
1025 3200 1335 3272 pudicitiam
1378 3209 1711 3270 perspectam
1751 3199 1849 3254 ha-

245 3295 382 3351 bens
407 3293 426 3364 (
448 3308 550 3349 nec
573 3293 716 3349 enim
743 3307 806 3348 ea
841 3291 942 3361 ipsi
969 3299 1118 3346 tanto
1147 3300 1389 3360 tempore
1419 3290 1689 3360 incognita
1726 3306 1847 3348 esse

247 3385 533 3457 poterat),
577 3383 776 3454 ingenti
815 3383 918 3438 sibi
966 3382 1034 3438 ad
1074 3381 1329 3452 iuvenem
1380 3382 1433 3436 in
1482 3383 1844 3452 captivitatem

247 3474 598 3546 redigendum
617 3482 877 3543 apparatu
911 3487 1045 3542 opus
1070 3486 1192 3528 esse
1221 3471 1497 3542 iudicavit,
1523 3473 1594 3528 ob
1620 3488 1848 3544 eamque

245 3582 464 3624 causam
491 3565 634 3620 nulla
679 3565 914 3621 libidinis
957 3562 1206 3620 machina
1233 3571 1352 3618 erat
1387 3578 1546 3634 quam
1575 3579 1681 3619 non
1727 3581 1844 3618 mo-

246 3667 416 3713 veret.
450 3657 532 3711 Ac
572 3670 641 3710 ne
671 3655 787 3714 haec
809 3654 1026 3724 quidem
1066 3655 1198 3710 satis
1223 3669 1344 3710 esse
1380 3655 1607 3718 ducens,
1637 3666 1846 3727 tempus

247 3750 469 3817 insuper
494 3757 550 3803 et
583 3747 758 3802 locum
803 3745 870 3802 ad
915 3745 1151 3814 praedam
1188 3760 1489 3815 appositum
1518 3747 1842 3816 requirebat.

245 3839 610 3908 Quamobrem
643 3837 782 3893 haud
812 3836 992 3892 statim
1035 3846 1195 3906 atque
1236 3850 1297 3891 se
1338 3837 1504 3905 ipsius
1546 3852 1732 3892 amore
1759 3853 1848 3892 ca-

253 3939 396 4000 ptam
425 3943 546 3984 esse
583 3928 774 3994 sensit,
801 3943 923 3982 eum
950 3925 1138 3981 adorta
1167 3935 1251 3981 est
1277 3943 1291 3980 :
1322 3942 1504 3981 verum
1529 3927 1620 3981 diu
1649 3942 1844 3998 exSpe-

246 4022 431 4082 ctavit.
461 4019 758 4088 improbam
791 4019 930 4074 hanc
958 4017 1303 4087 cupiditatem
1344 4019 1665 4088 parturiens,
1689 4035 1752 4074 ac
1788 4035 1849 4077 se

246 4129 574 4185 comparans
601 4131 613 4166 :
647 4111 791 4183 quod
830 4121 1130 4178 vereretur,
1164 4126 1253 4175 ne,
1273 4112 1320 4165 si
1341 4111 1669 4167 celeritatem
1695 4112 1848 4166 adhi-

246 4206 419 4270 beret,
443 4219 507 4259 ac
535 4202 876 4258 tumultuarie
918 4201 1138 4257 insidias
1175 4201 1473 4270 moliretur,
1505 4202 1686 4274 praeda
1710 4203 1846 4258 effu-

245 4308 418 4366 geret.
448 4297 583 4350 Cum
613 4303 790 4352 autem
819 4292 1105 4362 aliquando
1134 4307 1256 4348 eum
1285 4293 1430 4349 domi
1471 4295 1642 4349 solum
1695 4295 1845 4351 inve-

246 4397 418 4442 nisset
447 4385 616 4440 solitis
661 4394 936 4439 vacantem
985 4383 1168 4449 rebus,
1198 4383 1403 4438 foveam
1445 4384 1844 4454 profundiorem

241 4479 358 4551 iam
402 4476 557 4541 fodit,
589 4492 651 4530 ac
702 4477 988 4544 voluptatis
1045 4475 1233 4544 pennis
1287 4474 1521 4544 undique
1572 4477 1844 4545 expansis,

248 4585 522 4643 tamquam
565 4572 756 4626 mediis
798 4571 999 4626 retibus
1047 4571 1402 4636 interceptum
1447 4568 1698 4635 iuvenem
1749 4570 1846 4622 lia-

247 4667 408 4730 bens.
436 4667 642 4736 irrepit,
673 4681 737 4720 ac
780 4665 891 4719 sola
937 4663 1109 4718 solum
1156 4672 1345 4725 nacta;
1396 4663 1503 4715 imo
1548 4676 1652 4716 non
1694 4661 1842 4716 sola:

249 4775 375 4815 nam
404 4765 459 4813 ct
487 4769 696 4814 atatem
737 4768 792 4812 et
829 4764 1075 4810 naturam
1121 4768 1184 4806 ac
1220 4752 1451 4822 denique
1500 4768 1651 4807 suas.
1679 4754 1850 4822 ipsius

249 4851 531 4909 machinas
575 4851 746 4905 socias
775 4847 1038 4911 habebat;
1091 4860 1414 4915 generosum
1461 4845 1608 4898 illum
1661 4845 1846 4898 adole-

249 4955 492 5000 scentem
516 4941 580 4998 ad
611 4941 873 4996 nefarium
905 4939 1109 4991 facinus
1131 4951 1226 5004 per
1248 4937 1353 4989 vim
1382 4934 1639 5003 deinceps
1661 4934 1844 4989 trahit.

247 5034 390 5102 Quid
434 5034 534 5088 bac
580 5032 872 5086 tentatione
913 5028 1168 5099 gravius?
1216 5026 1341 5095 quid
1379 5026 1480 5080 hac
1522 5026 1739 5081 fornace
1783 5041 1848 5081 ac

248 5126 466 5181 ﬂamma
511 5121 877 5177 vehementius
917 5129 975 5174 et
1019 5119 1212 5183 acrius,
1256 5119 1506 5184 juvenem
1556 5117 1844 5186 vigentem.

247 5230 496 5280 servum,
531 5215 864 5276 destitutum,
893 5210 1026 5263 urbe
1052 5219 1349 5272 carentem,
1381 5217 1717 5272 extranemn,
1751 5226 1846 5262 t-x-

251 5304 448 5369 sulem,
474 5303 543 5357 ab
571 5305 698 5357 hera
728 5314 895 5371 usque
923 5298 1059 5353 adeo
1087 5297 1371 5353 libidinosa
1390 5308 1443 5351 et
1471 5297 1700 5361 furente,
1732 5308 1848 5352 tan—

252 5396 324 5450 tis
350 5393 542 5464 opibus
582 5399 833 5461 tantaque
861 5389 1098 5459 potentia
1144 5386 1569 5454 cirettmlluente,
1603 5387 1654 5442 in
1704 5399 1846 5442 tanta

250 5487 542 5543 solitudine
589 5484 743 5556 (nam
772 5485 874 5537 hoc
903 5496 1116 5552 quoque
1149 5479 1214 5533 ad
1243 5478 1545 5549 huiusmodi
1574 5490 1847 5549 capturum

249 5577 559 5649 conducit),
591 5584 897 5644 correptum
928 5572 1101 5627 teneri
1127 5581 1286 5640 atque
1333 5570 1599 5624 illecebris
1637 5570 1845 5628 deliniri

251 5684 309 5728 et
344 5673 410 5726 ad
434 5671 660 5725 herilem
689 5668 885 5722 lectum
913 5665 1058 5726 duci,
1090 5663 1248 5732 idque
1287 5670 1405 5730 post
1433 5672 1507 5715 tot
1535 5661 1769 5731 pericula
1797 5671 1846 5717 et

253 5761 518 5817 insidias?
563 5758 678 5814 Non
718 5759 862 5814 enim
907 5766 961 5812 te
991 5755 1120 5825 fugit
1171 5756 1457 5824 plerosque
1501 5766 1848 5822 posteaquam

255 5851 646 5908 calamitatibus
675 5864 739 5904 ac
765 5862 941 5905 rerum
969 5843 1350 5900 acerbitatibus
1380 5844 1608 5900 confecti
1634 5854 1776 5912 sunt,
1803 5846 1846 5900 si

581 5949 852 6011 ΡΑτιιοι..
898 5948 1016 6011 (in.
1068 5949 1195 6012 LII.

1711 408 2090 471 EPISTOLA.

3463 407 3577 464 586

1958 525 2024 580 ad
2054 524 2236 579 luxum
2261 520 2536 591 animique
2575 519 2968 586 remissionem,
2999 529 3054 576 ct
3095 519 3257 576 molle
3291 532 3356 575 ac
3390 520 3563 575 disso-

1953 615 2122 671 lutum
2152 616 2275 670 vitae
2297 629 2467 686 genus
2503 621 2783 678 vocentur,
2828 613 3124 684 promptius
3166 627 3454 669 accurrere
3482 628 3569 667 so-

1937 699 2092 762 lere.
2127 707 2198 761 At
2225 722 2332 761 non
2366 705 2456 760 ille
2486 721 2500 759 :
2531 719 2718 760 verum
2771 704 3106 759 tolerantiam
3155 711 3467 759 constanter
3513 705 3569 759 in

1953 797 2207 852 omnibus
2233 797 2399 853 rebus
2426 811 2536 865 pne
2561 811 2621 851 se
2649 795 2786 850 tulit.
2817 795 3081 866 Equidem
3107 795 3250 851 hunc
3270 795 3566 851 thalammn

1954 899 2009 944 et
2037 888 2414 960 Babylonicam
2447 889 2739 952 fornacem,
2769 897 2824 943 et
2851 888 3084 943 Danielis
3110 889 3282 944 lacum
3325 889 3567 953 leonum,

1953 990 2010 1035 et
2035 984 2260 1036 marinae
2288 981 2486 1053 bellum
2511 992 2778 1046 ventrem,
2802 980 2857 1035 in
2880 996 3040 1051 quem
3063 982 3326 1052 praphcta
3356 983 3566 1050 incidit,

1955 1072 2228 1140 appellare
2275 1071 2418 1127 haud
2449 1071 2692 1128 dubitem
2727 1088 2742 1125 :
2790 1073 2898 1127 imo
2924 1073 3084 1127 etiam
3114 1073 3200 1128 his
3244 1074 3403 1146 longe
3445 1091 3568 1145 gra-

1956 1163 2184 1218 viorem.
2210 1163 2321 1218 Illic
2341 1162 2486 1218 enim
2505 1163 2751 1232 corporis
2778 1163 3027 1218 interitus
3054 1164 3370 1221 insidiarum
3399 1167 3568 1221 victo.

1959 1254 2034 1308 ria
2063 1262 2180 1309 erat
2213 1271 2226 1308 :
2257 1253 2344 1308 hic
2369 1264 2549 1309 autem
2577 1254 2774 1309 anima:
2803 1255 3050 1318 exitium,
3076 1265 3134 1311 et
3172 1273 3319 1312 mors
3363 1258 3570 1330 sempi-

1957 1358 2128 1406 terna.
2153 1353 2208 1400 et
2233 1345 2512 1401 calamitas
2547 1346 2726 1400 omnis
2760 1346 3149 1416 consolationis
3204 1363 3417 1418 expers.
3461 1349 3573 1406 Nec

1953 1452 2085 1493 vero
2109 1438 2388 1493 dumtaxat
2417 1437 2520 1492 hoc
2549 1438 2766 1494 nomine
2793 1440 2970 1510 gravis
3000 1454 3065 1495 ac
3106 1420 3445 1510 periculosus
3483 1441 3574 1499 llic

1956 1528 2103 1584 lacus
2130 1536 2266 1596 erat,
2297 1528 2394 1584 sed
2423 1529 2586 1584 etiam
2618 1529 2738 1599 quia
2768 1538 2967 1599 praeter
3014 1531 3116 1585 vim
3156 1546 3221 1586 ac
3269 1532 3452 1587 dolum
3484 1534 3570 1587 in-

1960 1619 2108 1688 genti
2134 1633 2348 1689 quoque
2379 1619 2602 1675 libidine
2632 1620 2825 1691 plenus
2860 1630 2994 1687 erat,
3029 1623 3309 1694 multoque
3338 1639 3405 1680 ac
3435 1626 3575 1680 mul-

1955 1709 2122 1779 tiplici
2147 1711 2288 1781 igne,
2324 1726 2429 1764 non
2459 1725 2657 1780 corpus
2686 1723 2898 1780 urente,
2933 1729 3116 1768 verum
3139 1715 3374 1771 animam
3399 1718 3572 1788 ipsam

1955 1804 2342 1863 inflammante.
2395 1804 2452 1859 Id
2497 1805 2639 1876 quod
2689 1807 2850 1862 etiam
2906 1806 3193 1873 Salomon,
3242 1811 3366 1879 qui,
3409 1827 3572 1879 quant

1957 1896 2320 1965 periculosum
2363 1898 2433 1951 sit
2462 1912 2585 1951 eum
2629 1897 2855 1953 muliere
2895 1899 3241 1955 matrimonio
3284 1916 3407 1956 cum
3455 1903 3574 1959 viro

1960 1988 2206 2057 copulata
2231 1987 2509 2058 congredi,
2545 1988 2778 2043 maxime
2805 2003 3150 2060 perspectum
3198 1991 3452 2058 habebat,
3488 1994 3575 2052 bis

1955 2079 2133 2135 verbis
2174 2089 2400 2136 testatur
2447 2099 2460 2135 ε
2509 2081 2637 2148 Quia
2667 2082 2900 2153 alligabit
2944 2084 3113 2155 ignem
3144 2085 3194 2138 in
3238 2087 3354 2139 sinu
3383 2103 3497 2155 suo,
3522 2095 3575 2144 at

1954 2171 2250 2226 vestimenta
2291 2173 2402 2244 ejus
2447 2189 2550 2228 non
2593 2173 2890 2227 ardebant?
2935 2175 3047 2245 quis
3089 2176 3372 2231 ambulabit
3417 2195 3575 2250 super

1957 2279 2172 2330 prunas,
2201 2271 2250 2317 et
2279 2263 2428 2333 pedes
2453 2265 2565 2333 ejus
2594 2279 2696 2317 non
2722 2265 3127 2321 comburantur?
3169 2269 3260 2323 Sit:
3289 2271 3456 2324 omnis
3480 2271 3572 2342 qui

1955 2352 2241 2423 ingreditur
2265 2352 2333 2406 ad
2360 2353 2626 2409 mulierem
2671 2356 2893 2424 proximi
2923 2356 3024 2423 sui,
3053 2375 3156 2412 non
3200 2361 3296 2413 erit
3326 2361 3567 2429 mundus,

1955 2459 2073 2496 cum
2102 2444 2317 2514 tetigerit
2348 2461 2459 2498 eant
2491 2445 2673 2516 (Prov.
2718 2445 2771 2501 6.
2801 2446 3019 2520 27-29).
3062 2450 3218 2517 Quod
3260 2464 3443 2509 autem
3472 2455 3566 2521 ait,

1954 2533 2093 2588 hanc
2142 2535 2466 2590 sententiam
2500 2535 2689 2592 habet:
2718 2536 3181 2606 Quemadmodum
3211 2543 3326 2599 fieri
3363 2548 3570 2616 nequit,

1956 2636 2012 2678 ut
2035 2625 2125 2696 qui
2157 2626 2210 2679 in
2243 2627 2367 2695 igne
2389 2636 2655 2692 versatur,
2690 2644 2797 2684 non
2827 2632 3146 2688 exardescat
3174 2651 3188 2687 :
3216 2637 3296 2692 sic
3325 2652 3425 2692 nec
3455 2639 3570 2696 fieri

1955 2724 2153 2785 pateat,
2181 2724 2238 2771 ut
2278 2717 2368 2787 qui
2396 2719 2843 2775 consuetudinem
2887 2737 3008 2777 cum
3041 2722 3258 2784 feminis
3287 2727 3465 2796 habet,
3489 2732 3572 2786 in-

1951 2805 2201 2860 cendium
2232 2807 2374 2877 quod
2405 2808 2530 2862 hinc
2561 2811 2736 2866 oritur
2772 2811 3012 2883 elfugiat.
3047 2814 3144 2870 llic
3196 2828 3376 2874 autem
3424 2823 3567 2893 quod

1955 2898 2123 2953 multo
2152 2899 2368 2968 gravius
2399 2909 2517 2956 erat
2561 2904 2834 2958 sustinuit.
2863 2904 2980 2959 Non
3009 2907 3151 2962 enim
3183 2924 3305 2965 eam
3337 2913 3454 2983 ipse
3482 2925 3568 2969 at-

1954 2990 2091 3060 tigit,
2120 3006 2308 3049 verum
2352 2992 2422 3046 ab
2469 3008 2533 3048 ea
2572 2993 2937 3064 detinebatur,
2983 2999 3136 3055 solus
3179 3015 3208 3054 a
3255 3004 3370 3059 sola
3413 3020 3567 3061 com-

1955 3083 2250 3151 prehensus
2275 3103 2289 3139 :
2315 3085 2497 3156 idque,
2529 3103 2652 3142 cum
2693 3088 2802 3158 iam
2833 3099 2912 3145 tot
2949 3093 3342 3152 calamitatibus
3385 3102 3571 3156 confo-

1951 3183 2089 3240 etus,
2116 3185 2193 3230 tot
2218 3177 2426 3233 insidiis
2454 3177 2688 3234 afflictus
2712 3191 2878 3248 esset,
2906 3198 2970 3240 ac
2999 3187 3259 3257 requietis
3283 3199 3337 3245 et
3362 3193 3570 3249 securi-

1954 3265 2077 3319 tatis
2102 3267 2394 3338 cupiditate
2427 3277 2726 3325 teneretur.

2027 3359 2113 3414 15.
2154 3360 2218 3413 Et
2261 3368 2464 3426 tamen,
2507 3375 2630 3415 cum
2671 3363 2813 3418 inter
2843 3372 2921 3419 tot
2964 3367 3098 3422 retia
3146 3381 3475 3440 versaretur,
3500 3390 3567 3432 ac

1952 3453 2304 3522 multiplicem
2334 3453 2505 3510 feram
2535 3455 2797 3526 impetum
2838 3459 2891 3513 in
2920 3475 2979 3515 se
3008 3460 3211 3528 facere,
3244 3476 3300 3521 et
3321 3471 3468 3522 omni
3499 3487 3567 3528 ex

1953 3555 2104 3611 parte
2133 3558 2192 3600 se
2213 3544 2416 3600 laniare
2445 3547 2808 3615 conspiceret,
2840 3564 2935 3618 per
2964 3559 3187 3620 tactum,
3222 3572 3320 3626 per
3353 3576 3564 3629 vocem,

1956 3651 2050 3704 per
2070 3636 2279 3702 oculos,
2310 3651 2404 3705 per
2431 3635 2613 3691 fucum
2653 3647 2708 3692 et
2746 3639 3041 3709 pigmenta,
3074 3658 3170 3713 per
3196 3662 3360 3702 aurea
3402 3665 3566 3705 orna-

1955 3737 2157 3792 menta,
2188 3742 2284 3796 per
2314 3738 2605 3798 unguenta,
2635 3745 2730 3800 per
2761 3731 3095 3795 indumenta.
3121 3751 3216 3805 per
3243 3755 3444 3809 mores,
3474 3760 3563 3813 per

1957 3818 2142 3884 verba,
2185 3834 2281 3888 per
2307 3821 2566 3875 mundum
2601 3825 2917 3878 muliebrem
2959 3842 3119 3897 quem
3160 3833 3425 3900 gestabat,
3473 3853 3563 3904 pcr

1955 3907 2301 3965 solitudinem
2334 3926 2453 3979 quae
2486 3912 2535 3965 id
2579 3912 2836 3968 all‘erebat
2879 3926 2940 3971 ut
2989 3933 3149 3973 nemo
3181 3921 3230 3975 id
3261 3925 3401 3980 seire
3444 3943 3567 3996 pos-

1955 4010 2056 4066 set,
2084 4015 2181 4069 per
2206 4017 2356 4072 epes,
2387 4017 2486 4073 per
2511 4005 2804 4072 potentiam
2832 4023 2847 4071 ;
2876 4023 2939 4063 ac
2989 4021 3187 4079 praeter
3230 4029 3292 4069 ea
3341 4018 3473 4087 ipsa,
3509 4031 3565 4076 ut

1954 4092 2199 4159 superius
2228 4108 2258 4145 a
2294 4107 2381 4147 me
2408 4094 2611 4148 dictum
2634 4105 2737 4161 est,
2770 4106 3007 4166 aetatem,
3041 4113 3307 4170 naturam,
3330 4111 3566 4164 servitu-

1957 4192 2084 4244 tem.
2113 4185 2348 4255 atquein
2380 4185 2553 4241 aliena
2581 4189 2801 4257 regione
2827 4195 3330 4264 commorationem,
3365 4201 3440 4255 rei
3471 4218 3566 4272 ge-

1955 4275 2135 4330 rendae
2162 4277 2338 4332 socias
2364 4277 2584 4333 haberet
2619 4297 2631 4332 :
2671 4296 2888 4336 omnem
2918 4284 3062 4339 illam
3094 4285 3363 4344 flammam
3396 4310 3563 4366 supe-

1956 4366 2110 4418 ravit.
2147 4365 2257 4436 Ego
2283 4382 2413 4421 vero
2441 4367 2580 4422 hanc
2610 4371 2963 4427 tentationem
2992 4383 3045 4427 et
3075 4376 3300 4433 fratrum
3331 4365 3559 4449 invidia,

1953 4467 2008 4511 et
2038 4459 2459 4530 propinquorum
2486 4461 2634 4526 odio,
2663 4471 2720 4516 et
2759 4464 3084 4533 venditione,
3117 4478 3169 4523 et
3210 4469 3561 4532 barbarorum

1956 4549 2258 4616 dominatu,
2286 4563 2339 4606 et
2387 4553 2544 4623 longa
2577 4555 3033 4624 peregrinatione,
3067 4570 3120 4614 et
3161 4562 3211 4615 in
3257 4564 3429 4618 aliena
3478 4585 3565 4621 re-

1953 4643 2111 4712 gione
2131 4644 2575 4710 commoratione,
2596 4656 2648 4698 et
2670 4661 2910 4716 carcere,
2930 4659 2983 4704 et
3005 4659 3212 4718 catena,
3233 4665 3284 4707 et
3306 4656 3562 4714 diuturno

1957 4745 2218 4804 tempore,
2249 4745 2306 4790 et
2341 4737 2592 4791 omnibus
2621 4741 2897 4806 aerumnis,
2927 4744 3122 4812 quibus
3152 4746 3258 4802 illic
3284 4750 3563 4806 conﬂicta-

1957 4839 2039 4882 tus
2071 4837 2174 4894 est,
2199 4829 2368 4882 multo
2397 4830 2699 4899 graviorem
2732 4846 2853 4886 esse
2873 4834 3134 4891 confirmo
3159 4854 3173 4890 :
3203 4840 3466 4910 siquidem
3493 4847 3562 4900 de

1955 4921 2210 4972 extremis
2256 4920 2551 4989 periculum
2593 4921 2693 4990 ipsi
2738 4925 3042 4980 creabatur.
3078 4929 3430 5000 Posteaquam
3462 4953 3560 4991 au-

1957 5023 2063 5066 tem
2107 5013 2208 5066 hoc
2254 5028 2466 5082 quoque
2512 5014 2710 5070 bellum
2753 5016 2995 5088 ell'ugit‘,
3040 5030 3201 5092 atque
3250 5027 3337 5082 hic
3372 5031 3560 5100 etiam,

1956 5115 2066 5160 tum
2124 5106 2218 5160 Dei
2270 5107 2460 5176 gratia,
2509 5116 2618 5161 tum
2667 5108 2883 5178 juvenis
2917 5113 3130 5179 virtute,
3174 5115 3263 5173 hic
3317 5123 3563 5180 roscidus

1955 5198 2174 5266 Spiritus
2201 5198 2430 5266 perflans
2454 5197 2589 5253 fuit:
2622 5209 2764 5254 tanta
2800 5203 2946 5257 enim
2978 5204 3029 5259 in
3058 5221 3123 5260 eo
3157 5212 3563 5281 tranquillitatis

1956 5290 2120 5343 animi
2150 5301 2203 5343 et
2224 5289 2494 5359 pudicitia:
2516 5291 2668 5363 copia
2699 5301 2838 5359 erat,
2871 5305 2925 5348 ut
2951 5297 3112 5351 etiam
3156 5300 3298 5355 illius
3322 5303 3557 5361 furorem

1956 5383 2313 5451 comprimere
2352 5390 2407 5436 et
2453 5383 2798 5454 exstinguere
2841 5387 3139 5453 studuerit;
3189 5404 3560 5466 posteaquam,

1959 5473 2197 5543 inquam,
2229 5474 2343 5541 ipse
2386 5475 2619 5530 intactus
2658 5477 2921 5546 excessit,
2953 5495 3058 5534 non
3114 5497 3270 5538 secus
3314 5488 3565 5545 videlicet

1956 5575 2118 5634 atque
2145 5564 2516 5621 adolescentes
2564 5567 2640 5621 illi
2682 5570 2771 5637 qui
2827 5570 3094 5628 Persicam
3126 5575 3396 5634 flammam
3422 5582 3560 5637 ell'u-

1957 5667 2152 5726 gerunt
2181 5656 2397 5726 (Neque
2446 5660 2619 5722 enim,
2652 5661 2841 5730 inquit,
2884 5664 3016 5734 ignis
3059 5669 3186 5721 odor
3231 5671 3280 5723 in
3312 5671 3414 5725 illis
3454 5684 3564 5726 erat

2024 5793 2038 5864 ξ
2068 5799 2211 5869 tinus
2226 5799 2336 5869 δέδι’,
2371 5799 2703 5869 Posteaquam
2731 5802 2894 5869 autem
2939 5798 3027 5849 hoc
3061 5815 3246 5866 quoque
3285 5805 3564 5869 periculum

1961 5853 2143 5918 effugit,
2168 5859 2212 5903 et
2230 5853 2340 5904 ltut'c
2367 5853 2488 5906 bello
2510 5853 2561 5905 se
2581 5854 2830 5911 subduxit.

3143 5952 3215 6008 ‘13
