4078 6432
607 426 707 482 587

604 541 761 612 [nam
783 541 834 594 3.
863 537 1192 609 28.1iwulg.
1217 537 1307 611 9i]
1337 538 1377 607 ),
1402 545 1727 608 magnusque
1750 535 2009 591 castitatis
2035 533 2176 603 pugil

600 630 840 698 emicuit,
871 640 1030 700 atque
1059 629 1394 684 adamantem
1432 628 1669 682 imitatus
1692 637 1811 692 est:
1845 626 1969 696 quid
1999 625 2177 677 statim

600 725 671 778 sit
697 733 1080 793 consequutus,
1110 731 1163 777 ct
1192 737 1435 791 quaenam
1469 721 1684 791 praemia
1728 719 1979 772 victorem
2015 729 2175 770 exce-

599 818 792 888 perint,
833 816 1128 871 videamus.
1175 813 1383 869 Insidias
1430 829 1665 879 rursum,
1706 821 1759 866 et
1797 809 2092 878 voragines.
2125 814 2178 859 et

599 928 760 974 mors,
793 922 848 967 et
876 912 1128 981 pericula,
1161 919 1216 964 et
1235 909 1535 971 calumniae,
1560 917 1610 961 et
1639 906 1819 960 odium
1848 904 2085 970 iniquum
2112 915 2175 953 ac

596 1003 868 1058 stolidum.
901 1003 1091 1058 Misera
1123 1003 1265 1056 enim
1297 1001 1385 1055 illa
1425 999 1620 1053 mulier
1642 995 1793 1066 gravi
1823 993 2000 1048 furore
2028 1005 2175 1045 amo-

597 1111 708 1150 rem
737 1095 958 1158 solatur,
994 1092 1351 1160 alfectumque
1374 1086 1581 1143 affectui
1612 1085 1846 1156 copulat,
1879 1090 2038 1152 atque
2078 1082 2175 1135 im-

596 1186 800 1254 pudicae
830 1182 1105 1254 cupiditati
1143 1180 1458 1236 sceleratam
1489 1178 1621 1231 iram
1666 1173 1922 1243 adjungit,
1957 1183 2012 1226 et
2053 1178 2174 1241 post

591 1275 911 1330 adulterium
943 1268 1459 1351 carnifepfficitur.
1494 1268 1666 1336 Atque
1695 1267 1960 1334 ingentem
1987 1261 2171 1316 ferita-

596 1377 704 1420 tem
749 1366 982 1435 spirans,
1012 1361 1368 1434 sanguinariis
1393 1357 1563 1413 oculis
1590 1355 1902 1425 respiciens,
1944 1351 2171 1436 tribunal

589 1455 888 1520 constituit,
929 1461 1348 1522 corruptumque
1389 1448 1620 1520 judicem
1661 1446 1903 1508 collocat,
1951 1443 2053 1496 hoc
2089 1450 2172 1496 est

590 1546 737 1599 illius
783 1545 990 1610 herum,
1041 1543 1212 1598 virum
1253 1555 1432 1608 suum,
1472 1540 1777 1604 barbarum,
1822 1534 2166 1607 Egyptium;

590 1635 898 1704 crimenque
921 1634 1037 1688 sine
1079 1640 1216 1688 teste
1244 1631 1464 1686 inducit.
1494 1631 1571 1684 Ac
1607 1644 1672 1682 ne
1701 1625 1934 1682 tribunal
1956 1622 2168 1695 quidem

589 1724 917 1796 ingrediendi
947 1731 1264 1800 potestatem
1289 1737 1382 1778 reo
1419 1720 1562 1784 facit,
1587 1733 1767 1773 verum
1794 1731 1987 1773 secure
2011 1729 2170 1770 accu-

588 1816 726 1881 satâ€˜,
757 1815 953 1885 judieis
977 1815 1225 1870 nimirum
1271 1812 1494 1866 stultitia
1538 1819 1592 1864 et
1633 1807 2026 1871 benevolentia,
2071 1819 2170 1860 suo

587 1909 736 1978 quasi
769 1907 870 1962 nde
898 1906 1058 1977 digno
1099 1905 1420 1968 testimonio,
1447 1919 1512 1958 ac
1553 1902 1784 1971 denique
1821 1901 1936 1970 ejus
1963 1899 2054 1969 qui
2081 1913 2166 1952 ac-

587 1999 871 2055 cusabatur
898 1999 1152 2054 servitute
1181 1997 1314 2052 freta
1344 2015 1357 2052 :
1385 2010 1448 2051 ac
1473 2011 1584 2050 rem
1613 2003 1796 2050 contra
1825 2007 1983 2064 quam
2017 2001 2165 2062 gesta

589 2088 763 2146 fuerat
799 2105 1020 2146 narrans
1045 2088 1278 2160 judicem
1322 2087 1614 2157 superavit,
1657 2099 1885 2156 eumque
1924 2083 2162 2148 adduxit,

589 2189 647 2234 ut
691 2179 982 2236 secundum
1023 2195 1083 2234 se
1123 2179 1405 2248 judicaret,
1451 2178 1821 2245 insontemque
1865 2173 2163 2237 damnaret,

591 2274 746 2343 eique
771 2272 1138 2344 gravissimam
1172 2284 1383 2341 poenam
1415 2269 1728 2338 imponeret,
1753 2281 1817 2320 ac
1845 2265 2022 2320 statim
2048 2279 2166 2319 car-

585 2380 699 2429 cer,
748 2374 804 2418 et
849 2364 1116 2430 abductio,
1159 2371 1216 2417 et
1244 2361 1473 2415 vincula.
1517 2361 1594 2414 Ac
1634 2374 1704 2413 ne
1746 2357 1925 2426 judice
1950 2355 2162 2426 quidem

585 2456 702 2510 viso
747 2454 1200 2510 condemnabatur
1227 2451 1452 2507 eximius
1482 2450 1570 2504 ille
1613 2449 1714 2503 vir.
1755 2447 1839 2513 Et,
1871 2446 2012 2517 quod
2041 2461 2162 2516 gra-

585 2550 702 2602 vius
727 2556 829 2613 est,
864 2555 923 2600 ut
964 2546 1172 2600 adulter
1208 2542 1681 2609 condemnabatur,
1722 2550 1780 2596 ut
1819 2539 2002 2595 herilis
2045 2538 2162 2594 lecti

585 2639 872 2710 appetitor,
925 2645 983 2691 ut
1001 2637 1160 2692 alieni
1187 2635 1508 2690 matrimonii
1538 2633 1782 2699 violator,
1811 2639 1868 2686 ut
1890 2631 2164 2686 convictus

585 2739 640 2784 et
669 2728 1057 2799 deprehensus.
1084 2725 1213 2781 Nam
1251 2735 1306 2781 et
1328 2724 1512 2794 judex,
1544 2732 1599 2779 et
1636 2723 1955 2789 accusatrix,
1980 2736 2043 2777 ac
2067 2720 2164 2778 de-

585 2819 745 2888 nique
773 2832 929 2888 poma
956 2833 1075 2888 qua:
1103 2816 1545 2885 subsequebatur,
1577 2814 1718 2884 apud
1758 2814 1953 2871 multos
1986 2828 2050 2867 ac
2073 2828 2166 2872 ve:

584 2910 758 2964 ritatis
796 2910 1008 2980 ignaros
1033 2908 1135 2962 hoc
1161 2907 1479 2969 efficiebant,
1512 2915 1570 2960 ut
1597 2904 1770 2969 fabula
1811 2904 1969 2961 fidem
2017 2905 2164 2959 inve-

585 3001 744 3056 niret.
773 3003 841 3054 At
863 2999 994 3054 nihil
1026 2997 1216 3052 horum
1246 2997 1480 3051 animum
1506 2995 1646 3050 illius
1680 2995 2037 3060 conturbavit,
2061 3009 2162 3049 nec

585 3090 717 3144 dixit
751 3107 764 3143 :
799 3088 1044 3143 Haecine
1067 3087 1394 3142 somniorum
1429 3083 1789 3139 remuneratio
1815 3083 1932 3138 est?
1957 3082 2164 3138 hiccine

585 3181 815 3235 visorum
841 3179 1052 3233 illorum
1071 3176 1327 3232 eventus?
1354 3176 1588 3230 hmccine
1614 3175 1881 3243 pudicitize
1905 3175 2162 3244 praemia?

585 3270 830 3340 Praeceps
852 3283 917 3324 ac
953 3266 1201 3322 stolidum
1239 3265 1521 3336 judicium,
1554 3265 1732 3334 iniqua
1772 3266 2054 3329 sententia,
2083 3274 2163 3319 at-

584 3376 691 3431 que
721 3360 958 3431 improba
995 3372 1205 3413 rursum
1234 3356 1574 3412 existimatio.
1603 3355 1891 3425 Tamquam
1931 3355 2161 3410 amasios

582 3452 743 3508 domo
782 3450 952 3519 patria
987 3463 1160 3519 nuper
1197 3447 1402 3517 ejectus
1442 3461 1598 3500 sum:
1635 3455 1905 3516 tamquam
1950 3445 2162 3500 adulter

580 3551 638 3596 et
694 3539 965 3596 muliebris
1013 3538 1279 3608 pudicitiae
1321 3537 1548 3592 violator
1593 3537 1646 3590 in
1688 3550 1960 3591 carcerem
2021 3550 2160 3590 nunc

580 3633 771 3697 ducor,
801 3640 957 3700 atque
998 3643 1187 3685 omnes
1231 3628 1300 3683 de
1340 3644 1427 3683 me
1468 3629 1787 3683 sententiam
1835 3626 2033 3686 ferunt.
2084 3628 2159 3681 Ac

579 3721 772 3777 fratr.
797 3719 1035 3790 quidem,
1057 3733 1086 3772 a
1108 3719 1301 3789 quibus
1329 3717 1631 3773 adorandus
1657 3731 1802 3772 eram
1847 3717 1989 3786 (hoc
2014 3717 2155 3772 enim

579 3812 784 3866 somnia
818 3809 1226 3878 ostendebant),
1268 3809 1320 3863 in
1366 3807 1612 3864 libertate
1651 3817 1717 3866 et
1746 3807 2053 3873 securitate,
2095 3823 2159 3863 ac

579 3901 804 3966 deliciis,
831 3885 991 3971 atque
1027 3899 1080 3954 in
1109 3900 1277 3969 patria
1309 3907 1361 3954 et
1391 3907 1611 3968 paterna
1639 3897 1801 3953 domo
1839 3907 1964 3952 sunt
1995 3916 2008 3951 :
2059 3913 2158 3969 ego

577 4002 776 4058 autem,
802 3992 853 4045 in
879 3995 1036 4059 cujus
1064 3991 1288 4060 imperio
1311 4004 1372 4044 ac
1394 3999 1655 4058 potestate
1685 3989 1760 4043 illi
1791 3988 1953 4043 futuri
1979 4000 2154 4056 erant,

577 4099 697 4138 cum
743 4083 1105 4152 sepulcrorum
1167 4079 1512 4136 effossoribus
1536 4120 1551 4146 ,
1610 4095 1728 4135 cum
1795 4081 2154 4149 prtedonibus,

577 4191 697 4228 cum
727 4172 932 4228 furibus
963 4173 1047 4227 hic
1071 4173 1280 4226 vinctus
1304 4182 1516 4237 teneor;
1546 4186 1608 4226 ac
1635 4187 1700 4225 ne
1731 4173 1918 4242 patriis
1941 4172 2154 4239 quidem

578 4265 795 4318 sedibus
831 4264 1160 4327 exturbatus,
1191 4262 1505 4316 tumultibus
1549 4263 1882 4331 negotiisque
1923 4263 2151 4317 liberor:

578 4371 759 4409 verum
789 4356 950 4410 etiam
980 4355 1033 4409 in
1059 4363 1248 4409 extera
1271 4354 1485 4423 regione
1512 4353 1759 4408 barathra
1805 4368 1904 4408 nos
1942 4370 2152 4410 rursum

575 4464 637 4502 ac
688 4449 933 4516 praaacuti
984 4462 1267 4502 mucrones
1307 4447 1596 4516 excipiunt.
1641 4446 1882 4516 Curaque
1924 4463 1984 4502 ea
2034 4464 2152 4516 qua:

578 4538 700 4590 talia
727 4536 1046 4607 designavit,
1069 4536 1496 4606 calumniamque
1526 4536 1739 4601 struxit,
1769 4546 1930 4606 atque
1959 4538 2154 4592 utrius-

577 4645 682 4698 que
711 4628 926 4683 sceleris
975 4627 1191 4682 nomine
1215 4628 1530 4696 supplicium
1555 4637 1849 4682 extremum
1899 4639 2150 4694 meretur,

577 4719 770 4773 choros
795 4733 934 4773 nunc
963 4728 1082 4787 agat
1107 4727 1162 4773 et
1186 4718 1437 4784 exsultet,
1462 4732 1524 4772 ac
1553 4718 1697 4776 velut
1724 4719 1937 4786 tropaeis
1965 4731 2149 4774 ornata

576 4811 920 4879 victoriaeque
949 4810 1112 4878 signis
1138 4828 1150 4864 :
1178 4825 1276 4879 ego
1303 4820 1512 4875 contra,
1540 4812 1627 4880 qui
1657 4811 1788 4865 nihil
1815 4813 2030 4867 sceleris
2059 4815 2152 4868 ad-

573 4903 716 4965 misi,
746 4900 1110 4969 gravissimam
1153 4915 1360 4969 paenain
1405 4899 1598 4969 pendo.
1647 4899 1789 4955 Nihil
1839 4900 2025 4956 horum
2066 4904 2151 4956 ille

573 4999 661 5044 aut
699 4992 945 5059 loquutus
975 4998 1077 5054 est,
1107 5001 1194 5042 aut
1221 5000 1396 5044 mente
1422 4991 1672 5060 agitavit:
1698 5006 1902 5056 verum,
1925 5002 1980 5046 ut
2009 4995 2149 5062 pugil

575 5095 666 5147 per
690 5093 914 5134 coronas
937 5080 1202 5146 gradiens,
1222 5081 1299 5133 sic
1329 5081 1440 5149 ipse
1465 5081 1588 5135 laeto
1614 5094 1772 5151 atque
1798 5081 1950 5137 hilari
1971 5086 2149 5138 animo

576 5180 710 5234 erat,
741 5177 900 5238 atque
928 5170 996 5222 ita
1023 5179 1350 5238 comparato,
1380 5180 1436 5224 ut
1465 5171 1795 5240 injuriarum,
1823 5189 1955 5241 quas
1984 5190 2012 5227 a
2047 5174 2149 5227 fra-

575 5262 743 5314 tribus
787 5259 932 5314 etab
958 5258 1194 5313 adultera
1243 5272 1539 5329 acceperat,
1586 5264 1896 5317 memoriam
1949 5267 2146 5319 nullam

575 5354 844 5406 retineret.
878 5349 1024 5404 Unde
1051 5361 1227 5405 autem
1249 5351 1298 5404 id
1326 5355 1577 5406 constat?
1619 5353 1694 5407 Ex
1726 5354 1790 5406 iis
1817 5371 2009 5424 nempe
2031 5372 2149 5411 ver-

575 5445 656 5497 bis
678 5459 796 5514 quze
828 5444 938 5512 ipse
963 5443 1028 5496 ad
1072 5444 1298 5512 aliquem
1329 5459 1537 5510 eorum,
1567 5446 1655 5514 qui
1692 5447 1798 5500 illic
1828 5448 1881 5500 in
1923 5449 2147 5504 vinculis

571 5540 745 5600 erant,
765 5534 963 5587 habuit.
993 5533 1217 5587 Tantum
1245 5535 1385 5588 enim
1416 5535 1483 5589 ab
1509 5552 1574 5590 eo
1606 5538 1807 5604 aberat,
1838 5549 1892 5593 ut
1917 5556 2148 5597 mterore

571 5636 872 5693 caperetur,
903 5633 960 5680 ut
1003 5627 1118 5681 aliis
1154 5627 1311 5681 etiam
1355 5629 1630 5684 mazSIitias
1680 5631 1984 5688 discuteret.
2014 5635 2143 5689 Nam

571 5731 688 5768 cum
718 5716 822 5768 illic
864 5716 1120 5784 quosdam
1159 5718 1492 5786 perturbatos
1533 5735 1593 5773 ac
1645 5735 1877 5779 marore
1926 5724 2144 5782 affectos

619 5829 630 5840 â€˜
658 5824 761 5873 Duo
786 5826 913 5886 Mss,
946 5826 1178 5878 absentem
1201 5837 1408 5879 accusat.

1313 424 1367 480 S.
1409 421 1685 480 JOANNIS
1722 418 2194 480 CHRYSOSTOMI
2233 416 2546 475 ARCHIEP.
2575 417 3111 482 ÎµÎ¿ÎÎµÏ„Î‘ÎÏ„Î¹ÎÎ¿Ï.

3764 419 3878 473 588

2287 531 2521 600 vidisset,
2553 535 2619 590 ad
2650 551 2744 592 eos
2769 539 2967 600 statim,
2991 549 3046 592 ut
3076 553 3290 594 causam
3321 541 3656 614 intelligent.
3680 559 3869 601 acces-

2281 628 2368 681 sit.
2398 627 2637 699 Cumque
2663 629 2964 700 hujusmodi
3008 633 3460 702 perturbationem
3487 652 3516 690 a
3547 636 3867 708 quibusdam

2280 720 2502 774 somniis
2533 721 2822 790 profectam
2852 737 2971 778 esse
3000 727 3352 797 cognovisset,
3384 731 3589 786 somnia
3635 733 3723 788 illa
3753 737 3868 789 sol-

2280 810 2372 861 vit.
2417 811 2495 864 Ac
2533 819 2716 879 postea
2764 825 2881 867 cum
2933 829 3039 885 uno
3083 831 3271 871 eorum
3315 832 3500 888 agens,
3530 829 3587 875 ut
3627 838 3725 892 pro
3765 839 3866 879 sua

2281 898 2592 956 liberatione
2619 902 2777 956 verba
2819 903 2884 958 ad
2913 919 3090 975 regem
3123 907 3321 963 faceret
3352 926 3368 963 :
3409 925 3532 965 nam
3568 915 3665 967 etsi
3709 913 3870 969 fortis

2278 1000 2435 1060 atque
2466 993 2806 1050 admirandus
2831 996 2911 1049 vir
2933 1007 3065 1064 erat,
3096 1009 3152 1054 at
3179 1000 3338 1057 homo
3380 1010 3558 1058 tamen
3600 1016 3739 1073 erat,
3762 1023 3867 1064 nec

2279 1084 2330 1137 in
2369 1087 2571 1141 catenis
2602 1088 2706 1142 illis
2743 1091 3122 1149 contabescere
3163 1095 3442 1166 cupiebat;
3492 1113 3615 1152 cum
3662 1113 3750 1165 eo,
3781 1102 3868 1156 in-

2277 1189 2458 1243 quam,
2483 1191 2668 1245 agens,
2693 1187 2749 1232 ut
2772 1182 2851 1233 sui
2879 1180 3018 1250 apud
3045 1197 3224 1253 regem
3256 1199 3462 1240 memor
3487 1196 3648 1250 esset,
3679 1189 3864 1259 eique,

2277 1273 2333 1317 ut
2357 1279 2416 1319 se
2461 1281 2494 1321 e
2537 1267 2760 1324 vinculis
2804 1272 3093 1339 emitteret,
3146 1274 3510 1347 persuaderet,
3539 1289 3866 1352 coactusque

2274 1369 2490 1410 causam
2523 1374 2840 1425 memorare,
2868 1361 2939 1416 ob
2974 1378 3133 1433 quam
3177 1367 3229 1420 in
3273 1383 3543 1426 carcerem
3572 1373 3855 1444 coniectus

2273 1448 2481 1516 fuerat;
2524 1467 2630 1522 quo
2681 1453 2928 1510 videlicet
2976 1457 3022 1510 is
3065 1460 3153 1528 qui
3206 1476 3304 1530 pro
3355 1476 3415 1517 se
3455 1463 3860 1534 deprecaretur,

2273 1541 2566 1612 speciosam
2613 1546 2845 1615 suscepti
2892 1547 2974 1602 sui
3023 1550 3302 1617 patrocinii
3341 1567 3556 1609 causam
3601 1555 3859 1612 haberet:

2274 1634 2469 1688 nullius
2495 1649 2699 1698 eorum,
2728 1651 2758 1691 a
2780 1638 2971 1709 quibus
2997 1641 3154 1697 laesus
3195 1642 3386 1712 fuerat,
3417 1648 3748 1705 mentionem
3776 1650 3861 1705 fe-

2271 1724 2346 1778 cit
2374 1743 2386 1778 :
2421 1741 2602 1780 verum
2629 1743 2749 1783 eum
2789 1744 2848 1784 se
2884 1732 3196 1788 criminibus
3225 1734 3524 1802 liberasset,
3548 1737 3633 1794 his
3659 1740 3862 1795 finibus

2270 1829 2330 1870 se
2373 1817 2561 1884 tenuit,
2598 1833 2697 1874 nec
2721 1833 2834 1880 eos.
2857 1835 2888 1875 a
2929 1821 3121 1892 quibus
3146 1825 3392 1895 injuriam
3423 1840 3722 1900 acceperat,
3756 1832 3860 1886 ad-

2267 1908 2459 1978 juuxit.
2489 1908 2602 1981 Ego
2627 1914 2792 1978 enim,
2824 1913 3010 1985 inquit,
3043 1919 3218 1987 furtim
3246 1920 3471 1976 sublatus
3498 1938 3612 1976 sum
3637 1923 3700 1977 de
3720 1935 3862 1978 terra

2272 1999 2626 2068 Hebrworum,
2657 2014 2704 2056 et
2734 2004 2814 2057 Iu'c
2854 2006 3008 2066 nullo,
3041 2008 3227 2063 scelere
3271 2023 3555 2081 perpetrato
3590 2017 3644 2069 in
3686 2017 3860 2069 lacum

2270 2094 2484 2165 injectus
2529 2112 2638 2149 sum
2669 2095 2822 2166 (Gen.
2849 2097 2940 2152 40.
2974 2098 3086 2169 15).
3135 2101 3336 2172 Ecquid
3380 2114 3556 2160 autem
3602 2115 3748 2163 taces
3786 2109 3864 2165 de

2270 2185 2572 2248 meretrice,
2604 2183 2672 2240 de
2700 2185 2964 2253 adultera,
2995 2188 3064 2244 de
3090 2188 3398 2258 fratricidis,
3430 2195 3499 2251 de
3534 2196 3756 2266 invidia,
3784 2200 3860 2254 de

2271 2277 2594 2343 venditione,
2625 2277 2693 2333 de
2723 2279 2866 2334 hera:
2910 2281 3112 2351 furore,
3145 2283 3213 2339 de
3262 2286 3486 2356 impetu,
3516 2290 3582 2345 de
3613 2292 3856 2360 libidine,

2266 2374 2332 2428 de
2360 2374 2584 2443 laqueis,
2607 2372 2674 2428 de
2719 2373 2998 2440 machinis,
3023 2374 3091 2430 de
3133 2378 3417 2444 calumnia,
3445 2381 3516 2437 de
3558 2383 3742 2454 iniquo
3767 2387 3862 2455 ju-

2267 2465 2429 2531 dicio,
2458 2463 2525 2520 de
2564 2474 2818 2534 corrupto
2852 2465 3054 2534 judice,
3089 2467 3159 2523 de
3202 2469 3403 2525 nefaria
3457 2477 3738 2539 sententia,
3785 2477 3858 2533 de

2267 2557 2713 2612 condemnatione
2757 2557 2826 2612 ab
2849 2558 2994 2612 omni
3026 2557 3231 2616 ratione
3256 2561 3469 2624 aliena?
3511 2567 3697 2634 ecquid
3739 2568 3856 2622 haec

2267 2650 2392 2704 siles
2419 2659 2474 2705 et
2497 2651 2776 2706 occultas?
2817 2650 3098 2719 Quoniam,
3144 2651 3334 2724 inquit,
3379 2655 3689 2724 injuriarum
3734 2675 3853 2712 me-

2269 2741 2490 2796 moriam
2518 2741 2752 2796 retinere
2778 2741 2993 2802 nescio;
3026 2742 3148 2812 quia
3179 2744 3296 2800 haec
3327 2744 3456 2800 mibi
3483 2761 3698 2803 coronae
3724 2759 3857 2803 sunt

2267 2843 2320 2888 et
2344 2836 2582 2902 praemia,
2614 2833 2936 2905 majorisque
2961 2835 3090 2890 lucri
3121 2837 3350 2893 occasio.
3423 2847 3426 2850 '

2340 2927 2426 2981 14.
2460 2925 2620 2982 Vides
2646 2926 2879 2981 animum
2907 2926 3328 2998 philosophicum
3347 2931 3372 2983 7
3399 2931 3544 2986 vides
3566 2947 3758 3002 purum
3784 2934 3857 2989 ab

2267 3018 2370 3082 ira,
2423 3032 2487 3072 ac
2509 3016 2668 3072 rebus
2715 3017 2953 3072 adversis
2995 3027 3156 3089 atque
3199 3021 3400 3077 retibus
3440 3022 3856 3080 sublimiorem?

2264 3109 2414 3164 vides
2453 3123 2636 3163 eorum
2683 3113 2884 3177 potius,
2933 3126 2962 3163 a
3009 3111 3200 3180 quibus
3248 3113 3406 3168 laesus
3445 3113 3647 3181 fuerat,
3681 3118 3853 3172 vicem

2264 3200 2534 3255 dolentem
2556 3242 2570 3266 ,
2593 3215 2751 3270 quam
2780 3200 3088 3270 injuria'um
3119 3206 3456 3259 memorem?
3481 3205 3614 3261 Nam
3644 3223 3714 3262 ne
3741 3208 3854 3263 fra-

2266 3303 2401 3360 tres,
2433 3303 2522 3348 aut
2549 3293 2851 3347 carnificem
2879 3294 3024 3349 illam
3054 3294 3108 3350 in
3134 3295 3366 3351 medium
3388 3298 3679 3368 proferret,
3706 3299 3852 3354 Fur-

2265 3386 2353 3438 tim
2381 3425 2396 3448 ,
2439 3384 2608 3454 inquit
2626 3424 2640 3448 ,
2668 3384 2894 3439 sublatus
2917 3401 3030 3439 sum
3059 3386 3123 3440 de
3146 3397 3278 3440 terra
3304 3387 3666 3457 Hebraeorum,
3689 3402 3740 3446 et
3769 3393 3855 3447 hic

2264 3476 2391 3528 nihil
2426 3476 2625 3530 sceleris
2662 3477 2962 3546 perpetrari.
2991 3475 3100 3532 Nec
3131 3492 3354 3548 usquam
3385 3495 3626 3550 personae
3655 3485 3855 3538 memi-

2264 3565 2376 3630 nit,
2423 3579 2520 3619 nec
2567 3565 2746 3627 lacus,
2792 3580 2892 3620 nec
2933 3565 3349 3636 lsmaelitarum,
3399 3585 3499 3624 nec
3531 3571 3852 3642 cujusquam

2262 3656 2478 3709 alterius
2504 3656 2598 3709 rei.
2629 3655 2697 3709 Et
2724 3666 2898 3710 tamen
2926 3667 3109 3726 postea
3137 3673 3242 3714 non
3273 3661 3503 3731 vulgaris
3526 3676 3649 3717 eum
3678 3673 3855 3720 tenta-

2265 3748 2338 3800 tio
2383 3747 2610 3816 excepit.
2656 3748 2704 3801 ls
2730 3749 2871 3802 enim
2897 3749 2985 3818 qui
3015 3757 3212 3804 tantam
3241 3750 3308 3805 ab
3336 3766 3402 3806 eo
3427 3754 3852 3810 consolationem

2262 3847 2558 3907 acceperat,
2589 3845 2746 3908 atque
2768 3840 2918 3908 juxta
2947 3841 3113 3910 ipsius
3138 3843 3444 3898 vaticinium
3469 3846 3692 3901 vinculis
3716 3848 3852 3902 libe-

2263 3937 2436 3994 ratus,
2468 3939 2521 3983 et
2553 3930 2602 3982 in
2629 3931 2908 3999 pristinum
2939 3931 3159 3988 honoris
3183 3936 3404 4003 gradum
3436 3939 3713 3993 restitutus
3733 3940 3854 3994 fue-

2262 4029 2376 4084 rat,
2406 4029 2460 4074 et
2480 4019 2725 4079 beneï¬cii
2747 4031 2798 4076 et
2819 4023 3136 4090 precationis
3157 4026 3253 4079 viri
3268 4026 3395 4094 justi
3419 4031 3731 4084 memoriam
3754 4032 3852 4085 ali--

2255 4111 2404 4179 jecit.
2449 4113 2528 4164 Ac
2571 4110 2797 4165 famulus
2833 4112 3045 4181 quidem
3092 4115 3143 4168 in
3187 4119 3327 4186 regia
3357 4118 3477 4174 aula
3505 4120 3851 4191 eratingenti

2257 4199 2511 4255 felicitate
2538 4200 2717 4256 fruens
2749 4220 2762 4254 :
2794 4202 2838 4256 is
2864 4212 3040 4258 autem
3061 4206 3151 4274 qui
3176 4207 3343 4261 solem
3370 4210 3656 4278 splendore
3683 4227 3849 4282 supe-

2259 4292 2437 4357 rabat,
2487 4301 2644 4361 atque
2682 4292 2814 4346 adeo
2855 4294 3028 4347 claros
3067 4309 3132 4348 ac
3169 4297 3398 4353 nitentes
3421 4299 3633 4355 virtutis
3670 4304 3852 4358 radios

2257 4383 2566 4448 emittebat,
2605 4398 2878 4438 carcerem
2903 4385 3077 4440 adhuc
3103 4386 3404 4452 habitabat,
3435 4406 3534 4445 nec
3559 4393 3851 4462 quisquam

2257 4483 2371 4527 erat
2397 4474 2485 4542 qui
2507 4475 2573 4528 de
2602 4488 2670 4529 eo
2693 4489 2869 4544 regem
2897 4478 3402 4535 commonefaceret.
3427 4481 3699 4551 Siquidem
3724 4488 3848 4554 plu-

2258 4580 2346 4619 res
2369 4565 2540 4619 adhuc
2571 4566 2667 4634 ipsi
2689 4581 2913 4621 coronas
2944 4569 3046 4622 texi
3069 4609 3082 4631 ,
3108 4571 3445 4640 majoresque
3472 4575 3674 4642 palmas
3693 4591 3851 4631 com-

2258 4659 2433 4727 parai-i
2487 4658 2784 4725 oportebat.
2841 4661 2917 4712 Ac
2967 4670 3248 4728 propterea
3299 4664 3535 4734 longiora
3586 4681 3847 4725 cursuum

2256 4751 2423 4819 spatia
2469 4758 2576 4802 tum
2625 4749 2916 4818 figebantur
2946 4770 2958 4804 :
2989 4752 3096 4806 Deo
3131 4754 3378 4808 nimirum
3405 4769 3693 4812 scammata
3724 4755 3846 4829 qui-

2255 4842 2375 4895 dein
2423 4857 2638 4896 manere
2687 4844 2892 4898 sinente
2916 4885 2930 4907 ,
2974 4859 3038 4898 ac
3074 4861 3195 4900 eum
3229 4857 3404 4902 tamen
3436 4848 3848 4922 haudquaquam

2256 4933 2475 4987 omnino
2519 4933 2835 5000 deserente,
2883 4951 3063 4988 verum
3111 4938 3538 5006 insidiatoribus,
3580 4958 3698 5012 qua:
3747 4961 3843 5000 sua

2257 5034 2435 5091 erant,
2463 5040 2527 5080 eo
2557 5040 2722 5096 usque
2751 5027 3032 5082 ostendere
3053 5039 3211 5100 atque
3231 5036 3450 5103 exsequi
3479 5038 3844 5104 permittentis,

2257 5126 2313 5170 ut
2342 5126 2516 5172 tamen
2554 5120 2714 5188 pugili
2743 5119 2960 5172 exitium
2989 5121 3208 5175 minime
3242 5123 3478 5191 afferret,
3507 5141 3604 5181 nec
3632 5129 3846 5182 virtutis

2255 5217 2671 5276 oppugnatorem
2701 5211 2780 5279 (Î±)
2803 5211 2866 5265 (le
2896 5213 3068 5266 medio
3099 5214 3325 5269 tolleret.
3351 5215 3561 5272 Etenim
3591 5220 3642 5272 in
3667 5220 3841 5275 lacum

2255 5300 2469 5368 quidem
2514 5317 2634 5353 eum
2674 5302 2900 5371 conjici,
2933 5319 2994 5358 ac
3021 5316 3223 5360 vestem
3253 5310 3520 5363 cruentari
3555 5313 3793 5380 permisit
3827 5333 3839 5366 :

2253 5403 2307 5445 at
2348 5407 2452 5446 non
2503 5393 2624 5448 item
2664 5394 2762 5464 ipsi
2792 5396 2989 5450 caedem
3020 5398 3202 5453 inferri
3233 5401 3358 5454 sivit
3390 5420 3402 5451 .-
3434 5418 3613 5456 verum
3642 5405 3691 5458 id
3724 5407 3844 5475 qui-

2252 5485 2373 5538 dem
2399 5501 2532 5540 unus
2560 5501 2590 5541 e
2616 5487 2865 5542 fratribus
2887 5491 3083 5554 suasit,
3112 5492 3204 5545 sed
3238 5493 3285 5546 id
3310 5501 3475 5548 totum
3498 5496 3679 5550 divino
3703 5512 3836 5552 con-

2253 5579 2374 5633 silio
2412 5595 2473 5633 ac
2500 5581 2827 5651 providentia
2861 5581 3036 5637 fiebat.
3065 5584 3215 5650 Quod
3247 5587 3406 5640 etiam
3440 5588 3489 5640 in
3522 5587 3840 5659 Egyptian

2315 5717 2389 5778 (Î±)
2421 5722 2602 5776 Graece,
2621 5729 2902 5777 á¼€Î½Ï„Î±Î³Ï‰Î½Î¹ÏƒÏ„á½µÎ½.
2929 5719 3047 5767 Male
3071 5727 3288 5770 verterat
3313 5722 3490 5781 Dillius,
3518 5734 3837 5788 prapugnuto-

2251 5791 2371 5851 rem.
2393 5791 2502 5850 cum
2521 5791 2549 5824 e
2565 5792 2798 5852 converso
2820 5789 3189 5852 oppugnatorem
3210 5788 3495 5834 vertendum
3515 5795 3666 5846 esset,
3687 5795 3838 5852 atque

2253 5843 2315 5891 ita
2332 5842 2490 5889 series
2514 5840 2737 5902 postulat,
2761 5851 2812 5892 ut
2832 5840 2967 5892 recte
2993 5847 3177 5894 monuit
3209 5852 3379 5896 I-â€˜routo
3403 5854 3619 5901 Dum-ns.
