4078 6430
232 453 336 507 5:57

230 568 314 631 ἣν
345 565 418 617 ἐν
438 560 664 626 αὐτοῖς,
690 559 864 629 φησὶ),
883 558 974 610 καὶ
1011 560 1357 628 σωφροσύνης
1383 558 1554 627 μέγας
1584 557 1821 629 ἀθλητὴς

231 658 546 728 ἀνεδείχθη,
598 658 691 709 καὶ
736 655 1019 724 ἀδάμαντα
1067 655 1400 724 ἐμιμήσατο,
1445 654 1644 722 ἴδωμεν
1697 653 1825 706 οἴων

230 757 442 818 εὐθέως
470 752 775 822 ἀπήλαυσε,
816 749 910 802 καὶ
943 750 1063 801 τίνα
1096 749 1304 802 ἔπαθλα
1329 748 1632 818 διαδέχεται
1679 747 1768 802 τὸν
1799 761 1824 787 η

235 849 590 921 στεφανίτην.
629 844 943 899 Ἐπιὸουλαὶ
965 844 1149 908 πάλιν,
1173 844 1267 897 καλ⁸
1300 845 1569 916 βάραθρα,
1600 845 1694 897 καὶ
1725 844 1818 897 θά-

231 965 418 1010 νατος.
453 945 549 998 καὶ
573 942 831 1005 κίνδυνοι,
861 942 956 993 καὶ
984 942 1362 1024 συκοφαντίαι,
1395 943 1488 994 καὶ
1518 943 1674 1010 μῖσος
1704 940 1826 994 ἀλο-

233 1060 352 1112 γον.
398 1042 463 1094 Ἦ
489 1039 600 1108 γάρ
625 1036 786 1091 ἀθλία
816 1036 938 1089 τότε
986 1037 1170 1107 ἐκείνη
1217 1035 1376 1107 θυμῷ
1422 1037 1828 1107 παραμυθεῖται

235 1140 327 1194 τὸν
357 1138 560 1209 ἔρωτα,
591 1134 685 1188 καὶ
719 1133 893 1197 πάθος
927 1135 1190 1187 συνάπτει
1223 1135 1407 1197 πάθει,
1440 1137 1535 1189 καὶ
1563 1134 1830 1206 ἐπιθυμίᾳ

233 1235 522 1303 ἀκολάστῳ
572 1231 931 1302 προστίθησιν
962 1229 1133 1302 ὀργήν
1164 1231 1366 1295 ἄδικον,
1404 1230 1498 1284 καὶ
1551 1232 1688 1302 μετὰ
1732 1233 1827 1301 τὴν

238 1331 487 1401 μοιχείαν
501 1328 709 1397 γίνεται
736 1328 830 1380 καὶ
854 1326 1195 1396 ἀνδροφόνος.
1224 1326 1334 1381 Καὶ
1361 1328 1596 1381 πνέουσα
1626 1326 1828 1398 θηριω-

231 1430 355 1492 δίας
390 1426 591 1496 πολλῆς
638 1427 732 1478 καὶ
761 1425 944 1495 φόνιον
982 1424 1279 1494 βλέπουσα,
1331 1426 1545 1490 καθίζει
1570 1427 1830 1496 δικαστή-

236 1542 357 1597 ριον
380 1522 799 1592 διεφθαρμένον,
831 1520 924 1573 τὸν
944 1521 1212 1592 δεσπότην
1236 1524 1328 1575 τὸν
1353 1524 1584 1585 ἐκείνου,
1609 1522 1698 1575 τὸν
1736 1524 1829 1577 ἇν-

192 1674 205 1686 .
228 1620 338 1690 δρα
370 1619 462 1671 τδν
515 1617 736 1686 ἑαυτῆς,
777 1617 871 1670 τὸν
903 1616 1200 1689 βάρὸαρον,
1235 1619 1324 1672 τὸν
1347 1619 1674 1687 Αίγύπτιον,
1734 1624 1828 1674 καὶ

232 1715 449 1782 εἰσάγει
498 1712 834 1783 κατηγορίαν
874 1713 1215 1783 ἀμάρτυρον.
1269 1714 1378 1766 Καὶ
1432 1714 1554 1768 ούδέ
1603 1717 1829 1789 ἀφίησιν

232 1804 504 1862 εἰσελθεῖν
550 1810 631 1871 είς
681 1807 1032 1877 δικαστήριον
1081 1808 1172 1860 τὺν
1227 1808 1664 1881 ἐγκαλούμενον,
1710 1812 1826 1864 ἀλλ’

231 1907 426 1978 ἠρέμα
458 1905 789 1975 κατηγορεῖ,
815 1906 882 1974 τῇ
909 1903 936 1942 δ
963 1920 1022 1955 τε
1057 1903 1215 1972 ἀνοίᾳ
1263 1904 1358 1957 καὶ
1400 1905 1466 1974 τῇ
1513 1903 1698 1974 εὐνοίᾳ
1734 1903 1828 1956 τοῦ

234 1995 588 2062 δικάζοντος,
620 1996 686 2065 τῇ
714 2007 773 2045 τε
806 1993 1121 2062 ἀξιοπιστία
1151 1991 1245 2046 τοῦ
1273 1994 1475 2047 οἰκείου
1508 1992 1828 2063 προσώπου,

235 2088 339 2140 καὶ
360 2087 439 2157 τῷ
465 2085 653 2138 δοῦλον
686 2081 825 2138 εἶναι
856 2084 949 2137 τὸν
979 2084 1381 2154 ἐγκαλούμενον
1409 2084 1711 2155 θαρροῦσα,
1735 2084 1830 2136 καὶ

233 2183 307 2234 τά
347 2177 567 2231 ἐναντία
587 2175 820 2231 εἰποῦσα
852 2174 962 2230 τῶν
992 2175 1303 2246 γενομένων
1332 2177 1605 2247 ἐκράτησε
1631 2175 1725 2229 τοῦ
1747 2176 1829 2229 δι-

237 2267 465 2331 καστοῦ,
502 2268 598 2322 καὶ
623 2267 723 2339 τὴν
755 2265 996 2320 νικῶσαν
1016 2265 1201 2320 ἔπεισε
1225 2265 1404 2336 ψῆφον
1434 2266 1587 2337 [568]
1619 2267 1829 2334 ἐξενεγ-

235 2364 380 2422 κεῖν,
413 2360 508 2413 καὶ
543 2359 905 2412 καταδικάσαι
953 2357 1046 2411 τὸν
1070 2357 1386 2422 ἀνεύθυνον,
1422 2360 1518 2411 καὶ
1556 2360 1829 2442 τιμωρίαν

239 2453 515 2506 ἐπιθεῖναι
561 2450 988 2522 χαλεπωτάτην,
1036 2452 1132 2503 καὶ
1175 2451 1552 2522 δεσμωτήριον
1585 2451 1824 2514 εὐθέως,

233 2545 333 2597 καὶ
361 2541 669 2610 ἀπαγωγὴ,
701 2541 796 2594 καὶ
825 2541 1037 2604 ἅλυσις.
1090 2543 1200 2594 Καὶ
1241 2542 1376 2612 μηδὲ
1412 2542 1536 2595 ἰδὼν
1566 2543 1829 2611 δικαστὴν

234 2633 547 2705 κατεκρίθη
588 2636 615 2686 ό
645 2633 963 2704 θαυμαστὸς
992 2635 1198 2694 ἐκεῖνος
1232 2634 1393 2706 ἀνήρ.
1422 2634 1532 2687 Καὶ
1556 2633 1617 2687 τὸ
1641 2635 1706 2706 δή
1738 2653 1831 2704 χα-

233 2725 584 2795 λεπώτερον,
626 2724 977 2796 κατεκρίνετο
1016 2726 1091 2787 ώς
1130 2726 1352 2795 μοιχὸς,
1397 2726 1472 2789 ώς
1498 2726 1829 2795 δεσποτικῆς

236 2816 593 2886 ἐπιθυμήσας
617 2817 798 2886 εὐνῆς,
833 2816 908 2878 ώς
932 2815 1213 2885 ἀλλότριον
1245 2815 1498 2886 διορύξας
1527 2818 1730 2887 γάμον,
1753 2817 1829 2880 ώς

235 2901 405 2964 ἀλοῦς
429 2943 444 2967 ,

236 2994 549 3063 κατήγορος
579 2993 728 3062 παρά
768 2996 879 3057 τοῖς
911 2994 1123 3058 πολλοῖς
1176 2998 1271 3048 καὶ
1298 2995 1397 3068 τὴν
1429 2997 1691 3068 ἀλήθειαν
1729 3000 1830 3053 οὐκ

235 3082 459 3147 εἰδόσιν,
498 3084 533 3153 ἦ
568 3100 628 3136 τε
664 3085 903 3156 τιμωρία
934 3087 1178 3157 ἑπομένη
1213 3088 1528 3154 ἀξιόπιστον
1564 3090 1738 3143 ἐποίει
1769 3092 1830 3144 τὸ

235 3173 422 3244 δρᾶμα
480 3175 788 3242 φαίνεσθαι.
846 3178 984 3231 Ἀλλ’
1040 3179 1192 3232 οὐδὲν
1241 3181 1447 3235 τούτων
1495 3183 1830 3254 ἐθορύϐησεν

235 3265 469 3327 ἐκεῖνον,
507 3264 631 3319 οὔτε
663 3265 816 3320 εἶπεν
841 3283 854 3298 °
883 3264 1054 3324 Δῦται
1089 3270 1196 3323 τῶν
1223 3271 1447 3342 ὀνείρων
1478 3275 1534 3326 αί
1569 3274 1828 3340 ἀμοιϐαί;

235 3355 398 3408 τοῦτο
444 3356 556 3409 τῶν
582 3356 758 3426 ῐιψεων
803 3358 1028 3414 ἐκείνων
1068 3360 1130 3415 τὸ
1161 3361 1342 3428 τέλος;
1383 3365 1557 3418 ταῦτα
1589 3369 1690 3437 τῆς
1726 3385 1832 3420 σω-

237 3445 520 3514 φροσύνης
549 3445 617 3498 τά
641 3445 884 3512 ἐπαθλα;
921 3447 1116 3518 Κρίσις
1140 3450 1360 3519 ἄλογος,
1386 3454 1481 3506 καὶ
1507 3454 1690 3525 ψῆφος
1713 3457 1830 3510 ἀδι-

239 3552 334 3598 κος
354 3575 367 3594 ,
405 3534 504 3588 καὶ
539 3536 752 3606 πονηρά
779 3537 940 3589 πάλιν
970 3538 1260 3608 ὑπόληψις.
1294 3541 1506 3609 Ὥσπερ
1537 3545 1647 3614 γὰρ
1676 3547 1831 3614 ήται-

239 3626 426 3700 ρηκὼς
475 3626 773 3698 ἐξεϐλήθην
807 3629 1032 3700 ἔναγχος
1076 3631 1175 3698 τῆς
1202 3633 1463 3702 πατρῴας
1499 3634 1711 3699 οἰκίας,
1754 3636 1830 3699 ώς

241 3718 430 3790 μοιχὸς
483 3717 581 3771 καὶ
615 3720 971 3789 σωφροσύνην
1016 3720 1269 3793 διορύξας
1316 3726 1575 3791 γυναικὸς
1623 3729 1703 3790 είς
1743 3729 1830 3781 δε-

240 3809 559 3880 σμωτήριον
587 3810 1007 3879 εἱσάγομαινῦν,
1026 3813 1308 3868 καὶταῦτα
1331 3817 1459 3886 περὶ
1476 3815 1612 3886 ἐμοῦ
1633 3817 1830 3882 πάντες

239 3899 593 3970 ψηφίξονται.
642 3901 754 3953 Καὶ
797 3902 847 3954 οἱ
885 3903 982 3973 μὲν
1026 3905 1277 3975 ἀδελφοὶ,
1324 3907 1374 3959 οἱ
1427 3908 1714 3981 μέλλοντές
1761 3928 1830 3981 με

240 3991 570 4061 προσκυνεῖν
600 3989 778 4059 (τοῦτο
804 3993 912 4063 γὰρ
941 3994 1007 4047 τὰ
1036 3993 1290 4067 ὀνείρατα
1319 3978 1555 4069 ἐδήλουδ,
1589 4001 1647 4051 ἐν
1680 3978 1833 4054 ἐλευ-

239 4078 400 4151 θερίᾳ
450 4081 544 4133 καὶ
581 4081 736 4154 ἀδείᾳ
767 4083 861 4136 καὶ
889 4089 1107 4158 τρυφῇ,
1155 4086 1249 4141 καὶ
1284 4090 1506 4162 πατρίδι
1543 4092 1640 4144 καὶ
1683 4093 1831 4164 οἰκίᾳ

239 4171 502 4244 πατρῴᾳ·
550 4171 662 4241 ἐγὼ
708 4174 765 4227 δέ
812 4176 841 4227 ό
891 4175 1101 4245 μέλλων
1160 4179 1342 4232 αὐτῶν
1388 4184 1632 4252 κρατεῖν,
1691 4184 1830 4253 μετά

238 4264 639 4334 τυμϐωρύχων,
678 4267 815 4334 μετά
844 4265 1077 4338 λῃστῶν,
1109 4271 1252 4341 μετὰ
1274 4273 1712 4347 βαλαντιοτόμων
1741 4282 1822 4332 ἐν·

237 4355 413 4409 ταῦθα
440 4357 663 4426 δέδεμαι
690 4374 702 4386 ·
741 4358 863 4413 οὔτε
903 4363 1042 4430 μετά
1068 4365 1129 4416 τὸ
1156 4365 1258 4436 τῆς
1284 4369 1542 4440 πατρίδος
1573 4373 1829 4426 ἐκπεσεῖν

239 4444 488 4516 θορύϐων
511 4447 934 4519 ἀπηλλαγμένος
967 4453 1064 4506 καὶ
1089 4457 1456 4527 πραγμάτων,
1488 4461 1624 4516 ἀλλά
1654 4464 1746 4516 καὶ
1772 4466 1830 4517 ἐν

237 4537 498 4608 ἀλλοτρίᾳ
528 4539 691 4592 πάλιν
728 4541 976 4615 βάραθρα
1016 4546 1162 4617 ἡμᾶς
1206 4552 1300 4604 καὶ
1346 4549 1474 4622 ξίφη
1514 4556 1829 4625 ἠκονημένα

236 4630 567 4700 διαδέχεται.
618 4633 790 4704 Καὶή
835 4635 934 4705 μέν
961 4641 1189 4693 τοιαῦτα
1244 4642 1490 4714 δράσασα
1532 4650 1624 4700 καὶ
1668 4666 1825 4702 συκο-

239 4724 581 4790 φαντήσασα,
615 4721 682 4775 δι’
725 4725 1001 4798 ἑκατέρων
1031 4730 1139 4782 τῶν
1177 4732 1543 4803 τολμημάτων
1576 4740 1826 4812 ἀποτμη-

237 4811 401 4881 θῆναι
423 4812 628 4874 δικαία,
655 4815 876 4886 ,χορεύει
900 4820 991 4871 καὶ
1022 4824 1221 4892 σκιρτᾷ
1242 4823 1338 4876 νῦν
1362 4825 1554 4898 ὥσπερ
1584 4831 1676 4883 ἐπὶ
1700 4850 1825 4902 τρο-

237 4904 422 4965 παίοις
445 4904 538 4956 καί
567 4903 842 4976 λαμπροῖς
869 4909 1159 4973 ἐπινικίοις
1190 4915 1612 4991 ἐστεφανωμένη
1633 4933 1654 4960 ε
1679 4939 1692 4952 ·
1717 4923 1828 4992 ἐγὼ

235 4994 292 5047 δέ
315 4996 344 5046 6
379 4995 548 5064 μηδὲν
583 4996 861 5067 ἠδικηκὼς
886 5001 983 5072 τὴν
1018 5004 1256 5076 ἐσχάτην
1287 5007 1418 5061 τίνω
1447 5011 1625 5082 δίκην.
1660 5015 1828 5070 Οὐδὲν

235 5085 445 5137 τούτων
493 5087 702 5151 ἐκεῖνος
731 5085 908 5156 εἶπεν,
955 5094 1074 5146 οὐδέ
1112 5096 1428 5168 ἐνενόησεν·
1477 5103 1593 5154 ἀλλ’
1637 5104 1826 5175 ὥσπερ

237 5177 479 5248 ἀθλητὴς
527 5177 616 5230 διὰ
663 5183 942 5248 στεφάνων
995 5185 1216 5265 ὁδεύων,
1264 5189 1439 5255 οὕτως
1483 5193 1692 5266 ἔχαιρε,
1736 5201 1826 5250 καὶ

237 5269 566 5338 ηὐφραίνετο
591 5311 605 5332 ,
645 5271 768 5325 οὒτε
797 5277 910 5339 τοῖς
949 5277 1200 5346 ἀδελφοῖς
1226 5322 1240 5344 ,
1271 5282 1394 5335 οῦτε
1439 5289 1505 5356 τῇ
1558 5292 1825 5359 μοιχαλίδι

241 5363 620 5430 μνησικακῶν.
649 5364 822 5418 Πόθεν
849 5367 1008 5420 τοῦτο
1035 5369 1224 5439 δῆλον;
1271 5374 1362 5438 Ἐξ
1384 5369 1459 5430 ὧν
1494 5380 1659 5443 αὐτὸς
1689 5384 1828 5454 πρός

237 5463 357 5504 τινα
379 5452 490 5504 τῶν
514 5454 741 5508 αὐτόθεν
767 5458 1067 5528 δεδεμένων
1097 5463 1346 5536 διελέχθη
1374 5469 1526 5523 ποτέ.
1559 5452 1828 5527 Τοσοῦτον

237 5541 342 5612 γὰρ
384 5546 612 5616 ἀπεῖχεν
660 5551 766 5603 ὑπὸ
803 5553 1042 5623 ἀθυμίας
1072 5559 1276 5612 ἁλῶναι
1307 5601 1320 5623 ,
1355 5563 1435 5614 ὅτι
1481 5566 1576 5618 καὶ
1621 5568 1827 5638 ἑτέροις

236 5632 392 5687 ἔλυσε
431 5637 629 5702 λύπας.
672 5640 889 5715 Ἐπειδὴ
917 5647 1024 5717 γάρ
1055 5644 1160 5702 εἶδέ
1185 5669 1336 5716 τινας
1370 5658 1554 5709 αὐτόθι
1590 5677 1827 5731 τεταρα-

297 5791 321 5873 ἷ
346 5791 458 5873 9μο
479 5800 773 5873 [ηεξμκαίιτί
817 5803 934 5858 μετά
970 5804 1212 5873 τονᾷθλον
1238 5808 1406 5858 τοῦτον
1432 5813 1699 5873 διαδέχεται
1726 5816 1820 5865 τόν.

294 5851 322 5929 ξ
346 5853 496 5929 {idle
525 5859 628 5904 ἀλλ’
655 5851 831 5920 ἐρήμην
851 5868 1131 5926 κατηγορίαν
1168 5874 1241 5929 τῇ.
1566 5851 1596 5876 Α

297 5917 318 5943 ⁸
347 5915 499 5965 lldcm
525 5915 892 5982 στεφαίιούμενη.

1667 432 2054 498 ΕΡΙΞΤΟΙΛῘΣ.

487 2901 563 2964 ώς
607 2902 986 2973 ἐληλεγμένος.
1022 2902 1092 2957 Ὅ
1134 2921 1192 2956 τε
1223 2904 1332 2976 γὰρ
1359 2905 1621 2976 δικαστής
1646 2946 1661 2970 ,
1701 2908 1734 2977 ἦ
1770 2924 1829 2960 τε
1872 2957 1875 2960 .

3420 427 3526 487 ὕςὸ

1934 558 2168 626 γμένους
2209 559 2301 610 καί
2331 557 2770 630 συγκεχυμένους
2795 556 2819 596 δ
2848 557 2940 611 καὶ
2967 550 3336 623 ἀθυμοῦντας,
3354 564 3526 619 προσ-

1929 647 2094 718 ῆλθεν
2126 649 2328 714 εὐθέως
2364 653 2464 721 τὴν
2498 651 2683 704 αἰτίαν
2722 650 3025 720 εἰσόμενος.
3065 646 3171 700 Καὶ
3219 640 3406 713 μαθὼν
3439 641 3526 693 ὅτι

1932 736 1991 800 ἐξ
2031 738 2206 806 ὂψεως
2235 741 2530 810 ὀνειράτων
2570 743 2598 793 6
2643 740 2874 812 θόρυϐος
2898 780 2911 803 ,
2960 738 3116 790 ἔλυσε
3148 734 3215 788 τά
3243 731 3522 801 ὀνείρατα.

1933 826 2066 884 Εἶτα
2098 832 2434 903 παρακαλῶν
2466 833 2782 903 ἀναμνῆσαι
2815 832 2906 884 τὸν
2935 825 3183 899 βασιλέα,
3217 819 3317 894 τῆς
3345 820 3524 876 ἀπαλ⁹

1931 921 2107 992 λαγῆς
2139 922 2327 976 ἕνεκεν
2370 927 2472 994 τῆς
2519 924 2720 978 αὐτοῦ’
2770 926 2819 976 εί
2861 922 2970 990 γάρ
3018 919 3117 972 καὶ
3155 917 3405 993 γενναῖος
3433 912 3529 964 καὶ

1934 1011 2246 1082 θαυμαστὸς
2279 1011 2366 1086 ἦν,
2422 1015 2536 1069 ἀλλ’
2568 1015 2856 1086 ἄνθρωπος
2885 1009 2955 1083 ἦν
2989 1011 3084 1064 καὶ
3128 1010 3227 1061 οὐκ
3275 1004 3529 1059 ἐϐούλετο

1931 1105 2053 1166 ταῖς
2101 1105 2356 1160 ἀλύσεσιν
2385 1106 2916 1178 ἐνταλαιπωρεῖσθαι
2961 1102 3202 1164 ἐκείναις
3223 1115 3238 1132 ο
3271 1114 3531 1169 παρακα-

1932 1195 2040 1249 λῶν
2073 1199 2254 1253 τοίνυν
2304 1201 2608 1270 μνησθῆναι
2640 1199 2807 1253 αὐτοῦ
2842 1190 3115 1270 πρὸς’τὸν
3148 1192 3397 1264 βασιλέα,
3431 1189 3529 1243 καὶ

1935 1293 2120 1346 πεῖσαι
2147 1294 2366 1361 ἀφεῖναι
2401 1293 2564 1348 αὐτὸν
2607 1293 2718 1347 τῶν
2747 1293 2985 1363 δεσμῶν,
3021 1290 3116 1343 καὶ
3145 1283 3528 1355 ἀναγκαζόμε-

1932 1400 2020 1444 νος
2067 1383 2160 1436 καὶ
2207 1384 2304 1455 τὴν
2348 1384 2528 1438 αἰτίαν
2566 1386 2764 1450 εἰπεῖν,
2809 1379 2879 1437 δι’
2910 1383 2976 1454 ἦν
3008 1378 3351 1447 ἐνεόέδλητος
3386 1375 3529 1429 ὥστε

1933 1472 2188 1524 κάκεῖνον
2221 1473 2311 1526 τὸν
2345 1473 2489 1546 ὑπὲρ
2517 1474 2684 1528 αὐτοῦ
2709 1474 2964 1545 δεόμενον
2991 1471 3349 1542 εὐπρόσωπον
3384 1464 3529 1536 ἔχειν

1933 1564 2209 1634 πρόφασιν
2238 1565 2338 1634 τῆς
2364 1566 2503 1635 ὑπὲρ
2531 1565 2698 1618 αὐτοῦ
2727 1563 3082 1636 συνηγορίας,
3113 1562 3326 1624 οὐδενὸς
3359 1562 3530 1630 ἐμνη-

1936 1655 2167 1722 μόνευσε
2192 1656 2302 1710 τῶν
2323 1657 2686 1728 ἠδικηκότων,
2713 1657 2828 1711 ἀλλ’
2857 1656 3177 1720 ἀπαλλάξας
3207 1653 3398 1708 ἐαυτὸν
3419 1649 3530 1704 τῶν

1935 1745 2305 1817 ἐγκλημάτων
2331 1747 2462 1816 ἔστη
2501 1748 2663 1820 μέχρι
2697 1748 2889 1802 τούτου
2927 1749 3109 1820 μόνον,
3139 1749 3233 1802 καὶ
3261 1747 3322 1800 οὐ
3355 1761 3530 1816 προσ-

1934 1836 2099 1907 έθηκε
2133 1838 2262 1902 τοὺς
2302 1842 2382 1902 είς
2423 1840 2584 1894 αὐτὸν
2627 1840 3190 1912 πεπλημμεληκότας.
3228 1838 3378 1912 [569]
3424 1837 3531 1890 Καὶ

1933 1928 2041 1998 γὰρ
2085 1929 2249 1997 Ἐγὼ,
2274 1933 2429 2000 φησὶ,
2458 1932 2661 2001 κλοπῇ
2681 1932 2960 2000 ἐκνίιὶπην
2986 1932 3056 1986 ἐκ
3085 1931 3196 2003 γῆς
3227 1931 3527 2000 Ἐϐραίων,

1934 2021 2029 2073 καὶ
2062 2015 2180 2074 ὦδε
2211 2023 2324 2076 οὐκ
2349 2023 2613 2091 ἐποίησα
2649 2025 2854 2092 οὐδὲν,
2887 2025 2985 2079 καὶ
3020 2024 3315 2079 ἐνέϐαλόν
3332 2041 3410 2093 με
3442 2025 3530 2088 είς

1931 2113 2040 2164 τὸν
2065 2111 2301 2167 λάκκον
2321 2114 2558 2173 τοῦτον.
2591 2117 2703 2171 Καὶ
2726 2116 2872 2180 τίνος
2907 2115 3095 2171 ἕνεκεν
3128 2116 3190 2169 οὐ
3221 2116 3403 2184 λέγεις
3429 2114 3531 2185 τὴν

1933 2203 2175 2274 πόρνην,
2223 2205 2323 2276 τὴν
2382 2208 2703 2278 μοιχαλίδα,
2756 2209 2881 2271 τοὺς
2937 2208 3390 2278 ἀδελφοκτόνους,
3441 2209 3531 2261 τὸν

1934 2294 2150 2362 φθόνον,
2176 2295 2276 2366 τὴν
2309 2301 2514 2368 πρᾶσιν
2534 2342 2549 2364 ,
2581 2301 2680 2370 τὴν
2711 2302 2911 2370 μανίαν
2952 2301 3050 2370 τῆς
3082 2301 3396 2371 δεσποίνης,
3429 2301 3530 2370 τὴν

1933 2384 2145 2452 ἔφοδον,
2174 2387 2274 2457 τὴν
2306 2388 2611 2443 ἀκολασίαν
2630 2432 2643 2456 ,
2666 2391 2735 2443 τὰ
2764 2392 2958 2444 δίκτυα
2979 2433 2994 2455 ,
3025 2391 3095 2445 τά
3134 2394 3528 2462 μηχανήματα,

1931 2476 2029 2547 τὴν
2060 2481 2444 2547 συκοφαντίαν,
2477 2481 2577 2552 τὴν
2604 2483 2789 2537 ἄδικον
2829 2484 3030 2554 κρίσιν,
3071 2484 3162 2537 τὸν
3195 2485 3529 2554 διεφθαρμέ-

1931 2582 2022 2617 νον
2053 2566 2346 2638 δικαστὴν,
2394 2569 2493 2641 τὴν
2524 2573 2844 2642 παράνομον
2891 2574 3188 2643 ἀπόφασιν,
3221 2575 3318 2644 τῆν
3357 2592 3530 2627 κατα-

1930 2656 2086 2726 δίκην
2117 2657 2215 2728 τήν
2240 2660 2339 2713 οὐκ
2370 2659 2602 2731 ἔχουσαν
2631 2661 2792 2731 λόγον
2817 2682 2830 2728 ς
2863 2665 2950 2718 διὰ
2972 2665 3025 2717 τί
3053 2665 3229 2719 ταῦτα
3254 2668 3411 2736 σιγᾷς
3437 2666 3532 2719 καὶ

1932 2748 2236 2818 κρύπτεις;
2283 2752 2405 2805 Ὅτι
2462 2759 2821 2824 μνησικακεῖν
2873 2758 2973 2811 οὐκ
3017 2753 3154 2821 οἶδα,
3203 2757 3393 2828 φησίν·
3448 2760 3530 2812 ὅτι

1931 2837 2054 2906 ἐμοὶ
2080 2837 2255 2893 ταῦτα
2284 2841 2538 2911 στέφανοι
2564 2847 2657 2898 καὶ
2686 2845 2936 2918 βραϐεῖα,
2969 2850 3062 2902 καὶ
3092 2847 3337 2918 μείζονος
3363 2850 3534 2918 ἐμπο-

1937 2931 2057 2999 ρίας
2092 2933 2368 2998 ὑπόθεσις.

2007 3031 2088 3086 ιδ’.
2113 3029 2268 3099 Εἶδες
2287 3036 2466 3109 ψυχήν
2485 3039 2774 3109 φιλόσοφον
2791 3060 2805 3106 ;
2820 3038 2958 3099 εἶδες
2972 3043 3069 3114 τῆς
3086 3045 3258 3116 ὀργῆς
3278 3031 3532 3114 καθαρὰν

1933 3122 2028 3174 καὶ
2058 3122 2169 3176 τῶν
2191 3125 2426 3179 δικτύων
2449 3128 2788 3202 ὑψηλοτέραν
2809 3149 2824 3197 ;
2857 3128 2995 3196 εἶδες
3029 3134 3400 3203 συναλγοῦντα
3421 3139 3534 3199 τοῖς

1932 3212 2217 3284 ἠδικηκόσι
2251 3217 2452 3287 μᾶλλον
2480 3219 2513 3290 ἢ
2549 3223 3028 3292 μνησικακοῦντας
3064 3225 3228 3279 Ὥστε
3256 3226 3365 3298 γὰρ
3396 3227 3535 3298 μήτε

1931 3306 2058 3369 τοῦς
2092 3306 2353 3375 ἀδελφοὺς
2379 3311 2462 3374 εἰς
2493 3311 2658 3380 μέσον
2708 3316 3020 3382 ἐναγαγεῖν,
3058 3317 3199 3387 μήτε
3239 3318 3340 3388 τὴν
3374 3318 3537 3386 αίμο-

1934 3397 2094 3468 θόρον
2141 3400 2378 3470 ἐκείνην,
2439 3401 2676 3470 κλοπῇ,
2730 3407 2918 3476 φησὶν,
2977 3406 3258 3477 ἐκλιίπην
3302 3409 3372 3462 ἐκ
3421 3407 3537 3477 γῆς

1947 3495 2243 3563 Ἐϐραίων,
2288 3500 2386 3552 καί
2430 3495 2546 3554 ὧδε
2580 3505 2692 3557 οὐκ
2733 3506 2996 3574 ἐποίησα
3033 3507 3237 3562 οὐδέν.
3295 3510 3406 3563 Καὶ
3442 3511 3536 3563 οὐ-

1933 3583 2106 3654 δαμοῦ
2141 3586 2438 3656 προσώπου
2484 3587 2800 3663 μέμνηται,
2853 3595 2976 3648 οὐδὲ
3009 3597 3104 3650 τοῦ
3143 3597 3372 3660 λάκκου,
3413 3601 3536 3652 οὐδὲ

1933 3676 2043 3728 τῶν
2085 3677 2473 3748 Ἰσμαηλιτῶν,
2508 3681 2632 3735 οὐδέ
2667 3683 2829 3738 ἄλλου
2869 3686 3033 3749 τινός.
3077 3686 3216 3740 Ἀλλ’
3257 3689 3409 3758 ὅμως
3442 3690 3537 3742 καὶ

1934 3767 2076 3821 κατά
2100 3768 2274 3822 ταῦτα
2301 3771 2464 3824 αὐτὸν
2491 3773 2589 3844 οὐχ
2619 3776 2648 3827 6
2678 3775 2857 3846 τυχὼν
2896 3777 3171 3842 διεδέξατο
3206 3781 3533 3852 πειρασμός.

1947 3859 2006 3911 'U
2046 3861 2156 3930 γὰρ
2186 3862 2458 3932 τοσαύτης
2502 3867 2630 3934 παρ’
2675 3867 2840 3920 αὐτοῦ
2888 3870 3291 3941 παρακλήσεως
3332 3873 3534 3944 τυχὼν,

1935 3950 2030 4002 καὶ
2063 3950 2171 4003 τῶν
2207 3952 2424 4022 δεσμῶν
2469 3957 2612 4008 κατά
2638 3957 2739 4027 τήν
2760 3957 2952 4012 τούτου
2982 3961 3290 4033 πρόρρησιν
3320 3963 3539 4016 ἐλευθε-

1936 4039 2150 4110 ρωθεὶς,
2181 4044 2275 4096 καὶ
2304 4046 2398 4098 ἐπὶ
2427 4045 2526 4117 τὴν
2555 4050 2831 4120 προτέραν
2863 4049 3194 4120 ἀνακληθεὶς
3218 4055 3406 4124 τιμὴν,
3436 4054 3538 4124 τῆς

1935 4139 2252 4210 εὐεργεσίας
2277 4143 2596 4209 ἐπελάθετο,
2619 4146 2714 4199 καὶ
2743 4151 2843 4219 τῆς
2870 4148 2967 4203 τοῦ
2989 4149 3200 4204 δικαίου
3231 4153 3534 4223 ἱκετηρίας.

1934 4231 2047 4284 Κατ⁷
2089 4235 2118 4285 6
2155 4233 2254 4303 μὲν
2296 4235 2515 4306 οἰκέτης
2556 4238 2614 4290 ἐν
2647 4237 2954 4306 βασιλικαῖς
2990 4237 3062 4312 ἦν
3097 4243 3293 4306 αὐλαῖς
3333 4244 3537 4314 πολλῆς

1934 4323 2227 4378 ἀπολαύων
2257 4326 2559 4397 εὐημερίας
2579 4346 2592 4360 ’
2634 4330 2663 4381 ὁ
2702 4331 2759 4384 δὲ
2803 4332 2944 4403 ὑπὲρ
2975 4334 3066 4385 τὸν
3091 4333 3242 4403 ήλιον
3277 4335 3532 4406 λάμπων,

1935 4417 2029 4467 καὶ
2058 4414 2201 4468 οὕτω
2234 4417 2470 4487 φαιδράς
2494 4420 2677 4487 ἀφιεὶς
2705 4421 2815 4490 τῆς
2829 4424 3029 4492 ἀρετῆς
3058 4425 3157 4486 τὰς
3184 4425 3430 4489 ἀκτῖνας,
3453 4427 3534 4480 ἔτι

1933 4507 2307 4579 δεσμωτήριον
2337 4508 2470 4579 ᾤκει
2496 4551 2511 4577 ,
2573 4513 2668 4565 καὶ
2700 4513 2875 4576 οὐδεὶς
2907 4509 2974 4584 ἦν
3016 4517 3044 4567 6
3095 4518 3533 4589 ἀναμιμνήσκων

1934 4600 2024 4652 τὸν
2072 4599 2323 4670 βασιλέα.
2378 4602 2576 4674 Ἐχρῆν
2623 4605 2734 4673 γάρ
2785 4605 2936 4675 αὐτῷ
2991 4607 3207 4671 πλείους
3258 4611 3534 4680 πλακῆναι

1936 4691 2265 4759 στεφάνους,
2304 4695 2397 4747 καὶ
2447 4695 2673 4764 μείζονα
2707 4700 3228 4771 παρασκευασθῆναι
3265 4703 3531 4772 βραδεῖα·

1933 4782 2011 4834 διὸ
2045 4785 2139 4836 καὶ
2171 4787 2500 4857 μακρότεροι
2529 4790 2636 4841 τῶν
2669 4791 2885 4861 δρόμων
2912 4795 2960 4845 οί
2989 4793 3195 4847 δίαυλοι
3226 4796 3349 4848 τότε
3391 4799 3533 4868 ἐπή-

1933 4891 2157 4942 γνυντο·
2210 4876 2406 4942 ἐῶντος
2460 4880 2554 4950 μὲν
2585 4882 2678 4934 τοῦ
2709 4883 2843 4935 Θεοῦ
2881 4885 3064 4954 μένειν
3099 4885 3167 4938 τά
3205 4889 3531 4957 σκάμματα,

1932 4967 1992 5018 οὐ
2025 4967 2131 5038 μὴν
2163 4968 2343 5022 τέλεον
2378 4971 2891 5038 ἐγκαταλείποντος,
2929 4975 3064 5029 ἀλλά
3102 4978 3357 5031 τοσοῦτον
3397 4996 3532 5047 συγ-

1934 5064 2239 5131 χωροῦντος
2277 5065 2389 5126 τοῖς
2432 5064 2873 5120 ἐπιϐουλεύουσιν
2906 5071 2974 5122 τὰ
3006 5069 3186 5123 αὐτῶν
3222 5073 3532 5126 ἐπιδείκνυ-

1935 5151 2080 5211 σθαι,
2111 5153 2236 5205 ὅσον
2269 5153 2402 5222 μηδὲ
2433 5155 2694 5222 ἀφανίσαι
2716 5157 2806 5210 τὸν
2833 5158 3094 5230 ἀθλητὴν,
3122 5162 3258 5233 μηδέ
3280 5165 3530 5219 ἐκποδὼν

1936 5245 2158 5314 ποιῆσαι
2199 5247 2298 5316 τῆς
2327 5247 2529 5317 ἀρετῆς
2573 5249 2665 5301 τὸν
2702 5252 3131 5324 ἀνταγωνιστήν.
3187 5256 3282 5320 El;
3330 5257 3534 5312 λάκκον

1937 5339 2035 5405 μὲν
2069 5337 2177 5408 γὰρ
2203 5339 2366 5392 αὐτὸν
2396 5340 2735 5411 ἐμϐληθῆναι
2774 5344 3145 5416 συνεχώρησε,
3182 5351 3276 5401 καὶ
3312 5351 3375 5403 τὸ
3404 5353 3532 5421 ίμά-

1932 5446 2045 5481 τιον
2087 5430 2459 5500 αίμαχθῆναι,
2509 5435 2588 5495 είς
2621 5435 2678 5486 δέ
2715 5437 2930 5506 σφαγὴν
2973 5439 3170 5502 αὐτοὺς
3214 5441 3387 5494 ἐλθεῖν
3431 5445 3533 5497 οὐκ

1932 5521 2143 5588 ἀφῆκεν
2167 5540 2178 5550 ·
2216 5522 2352 5576 ἀλλὰ
2387 5525 2775 5579 συνεϐούλευσε
2810 5529 2908 5598 μὲν
2941 5530 3098 5584 τοῦτο
3132 5535 3159 5584 6
3190 5533 3438 5600 ἀδελφὸς,
3470 5537 3534 5589 τὸ

1933 5610 1990 5663 δὲ
2024 5615 2131 5663 πᾶν
2155 5612 2256 5681 τῆς
2282 5614 2375 5666 τοῦ
2407 5616 2542 5668 Θεοῦ
2576 5620 2832 5686 προνοίας
2866 5621 3100 5688 ἐγένετο.
3121 5624 3292 5677 Τοῦτο
3319 5629 3413 5679 καὶ
3437 5629 3532 5682 ἐπὶ

1934 5705 2031 5772 τῆς
2066 5707 2448 5776 Αἰγυπτιακῆς
2481 5710 2678 5778 συνέϐη
2705 5713 2978 5778 γυναικός.
3007 5715 3163 5778 Τίνος
3191 5718 3298 5787 γὰρ
3322 5718 3529 5780 ἕνεκεν,

1934 5797 2054 5848 εἰπέ
2092 5814 2215 5866 μοι,
2266 5800 2293 5849 6
2328 5799 2529 5869 θερμὸς
2559 5802 2701 5856 οῦτω
2728 5845 2740 5866 ,
2791 5805 2880 5857 καὶ
2916 5806 3213 5871 ἀκόλαστος
3246 5812 3382 5874 (ἴστε
3422 5812 3527 5882 γὲρ

2001 5951 2025 5990 ἀ
2054 5955 2133 6002 Sic
2157 5970 2266 6004 mss.
2295 5970 2482 6005 omnes.
2514 5960 2561 6006 In
2589 5959 2722 6006 odim
2740 5960 2818 6006 καὶ
2842 5967 3218 6024 συγκεχυμένους
3240 5966 3400 6013 deest.
