4078 6432
636 434 743 492 880

632 550 741 600 τῶν
760 546 1069 616 Αἰγυπτίων
1088 548 1147 603 τὸ
1177 548 1372 621 γένος),
1399 551 1428 604 ό
1459 550 1713 622 θυμώδης
1734 548 1827 605 καὶ
1850 547 2065 621 ὀργίλος
2085 545 2199 617 (καὶ

632 632 740 728 γάρ
760 657 919 711 τοῦτο
946 659 1067 728 μεθ’
1085 660 1388 732 ὑπερϐολῆς
1407 661 1588 725 αὐτοῖς
1609 648 1869 731 πρόσεστι
1896 658 1957 712 τὸ
1984 655 2198 723 πάθος).

631 770 691 821 ὃν
720 769 1034 824 ἐπίστευσεν
1081 767 1220 829 εῖναι
1269 741 1454 844 μοιχὸν
1482 774 1577 827 καὶ
1604 775 1838 843 γυναῖκα
1880 769 2200 865 ἠδικηκέναι

630 880 737 953 τὴν
759 880 947 947 αὐτοῦ,
969 882 1070 936 οὐκ
1098 884 1372 955 ἀπέτεμεν
1395 885 1618 950 εὐθέως,
1653 885 1773 939 οὐδέ
1801 884 1936 955 πυρὶ
1957 883 2201 955 παρέδω-

632 1008 747 1056 κεν,
793 992 907 1045 ἀλλ’
945 991 1117 1057 οὕτως
1158 994 1439 1064 ἀλόγιστος
1482 994 1587 1060 ῶν,
1621 997 1698 1060 ὡς
1736 997 1801 1050 ἐκ
1845 997 1977 1067 μιᾶς
2011 994 2201 1065 μοίρας

632 1081 1033 1152 ἀποφήνασθαι,
1067 1085 1161 1138 καὶ
1192 1085 1327 1155 μηδὲ
1379 1085 1538 1155 λόγου
1580 1086 1899 1157 μεταδοῦναι
1926 1087 2006 1159 τῷ
2034 1090 2202 1155 ἐγκα-

630 1192 899 1267 λουμένῳ,
944 1197 1001 1250 ἐν
1030 1196 1107 1268 τῷ
1136 1198 1313 1271 καιρῷ
1342 1200 1439 1271 τῆς
1482 1200 1751 1271 τιμωρίας
1786 1198 1987 1272 πολλὴν
2030 1199 2203 1253 ἐπιεί-

632 1284 788 1363 κειαν
815 1308 1141 1375 ἐπεδείξατο,
1170 1312 1263 1365 καὶ
1293 1312 1485 1376 ταῦτα,
1513 1313 1657 1385 όρῶν
1685 1313 1784 1383 τὴν
1808 1316 2041 1382 γυναῖκα
2075 1330 2203 1384 μαι-

631 1418 865 1491 νομένην
889 1459 906 1485 ,
952 1420 1101 1494 [570]
1134 1422 1444 1488 -λυττῶσαν,
1500 1425 1621 1496 βίαν
1663 1424 2090 1498 ἀποδυρομένην,
2134 1426 2203 1479 τά

637 1530 825 1600 ιμάτια
848 1532 1174 1606 διερρωγότα
1207 1537 1605 1608 περιφέρουσαν
1624 1575 1641 1602 ,
1675 1539 1771 1592 καὶ
1815 1538 2077 1609 μειζόνως
2109 1538 2204 1591 καὶ

635 1640 885 1696 ἐντεῦθεν
929 1644 1309 1717 ἐκκαιομένην,
1342 1646 1438 1699 καὶ
1478 1646 1779 1718 θρηνοῦσαν
1822 1648 1914 1701 καί¹
1946 1648 2203 1719 ὀλοφυρο-

643 1752 847 1826 μένην;
898 1755 1036 1808 ’Δλλ⁹
1080 1756 1230 1827 ὅμως
1256 1757 1459 1812 τούτων
1489 1758 1641 1813 οὐδὲν
1681 1759 1844 1814 αὐτὸν
1873 1761 1953 1824 είς
1989 1761 2205 1832 σφαγὴν

639 1866 824 1939 ἐξῆψε.
851 1868 1040 1934 Πόθεν,
1057 1870 1176 1923 είπέ
1210 1887 1334 1941 μοις
1363 1872 1476 1926 Οὐκ
1502 1870 1720 1943 εὔδηλον
1743 1872 1824 1926 ὅτι
1849 1874 1877 1926 ό
1907 1872 2033 1936 τοὺς
2052 1871 2204 1927 λέον-

638 1992 739 2041 τας
766 1977 1061 2048 χαλινώσας
1082 2018 1098 2042 ,
1130 1981 1227 2034 καὶ
1269 1981 1368 2056 τῂν
1397 1983 1626 2055 κάμινον
1646 1985 2013 2054 ’καταψύξας,
2052 1979 2203 2050 οὗτος

639 2090 733 2146 καὶ
761 2090 950 2161 θηρίου
975 2092 1162 2147 τούτου
1187 2094 1277 2149 τὸν
1303 2095 1538 2167 ἄμετρον
1554 2097 1753 2168 ἐπέσχε
1773 2097 1966 2169 θυμὸν,
1992 2100 2086 2153 καὶ
2103 2098 2203 2171 τὴν

640 2201 845 2271 ἄφατον
887 2205 1053 2277 όργὴν
1096 2206 1335 2271 ἔσϐεσεν,
1383 2209 1459 2273 ὡς
1500 2210 1829 2281 κερασθῆναι
1880 2211 2205 2283 συμμέτρως

598 2298 603 2300 ⁷
639 2314 740 2385 τὴν
766 2315 1070 2386 τιμωρίαν;
1100 2317 1270 2370 Τοῦτο
1296 2321 1389 2372 καὶ¹
1418 2319 1476 2374 ἐν
1498 2318 1576 2391 τῷ
1594 2319 1950 2392 δεσμωτηρίῳ
1980 2321 2193 2392 συμϐάν

642 2422 741 2477 ἴδοι
766 2440 850 2488 τις
881 2425 963 2480 άν.
996 2426 1221 2498 Δεθῆναι
1257 2428 1357 2498 μὲν
1379 2429 1490 2501 γάρ
1524 2430 1686 2487 αὐτὸν
1710 2430 2072 2503 συνεχώρησε,
2111 2433 2205 2487 καὶ

644 2533 782 2604 μετά
809 2535 919 2589 τῶν
944 2536 1246 2591 καταδίκων
1270 2534 1431 2605 εἶναι,
1458 2538 1560 2610 τῆς
1586 2540 1644 2593 δὲ
1677 2539 1771 2593 τοῦ
1803 2540 2208 2610 δεσμοφύλακος

638 2654 907 2725 ἀπηνείας
943 2654 1264 2728 ἐξήρπασεν.
1300 2657 1467 2715 Οἶσθα
1506 2661 1614 2733 γὰρ
1646 2657 1757 2715 οἷόν
1789 2664 1904 2716 ἑστι
1941 2662 2208 2735 δεσμοφύ-

639 2771 770 2838 λαξ·
819 2773 933 2827 ἀλλ’
961 2776 1156 2847 ἐκείνῳ
1185 2778 1306 2833 τότε
1338 2782 1511 2852 πρᾶος
1542 2783 1635 2836 καὶ
1661 2782 1867 2855 ἥμερος
1898 2778 1987 2854 ἦν,
2016 2785 2109 2838 καὶ⁵
2141 2785 2203 2838 οὐ

643 2890 801 2960 μόνον
839 2890 939 2945 οὐκ
970 2893 1253 2949 ἀπέτεινεν
1295 2898 1457 2951 αὐτὸν
1496 2900 1678 2963 πόνοις
1719 2898 1883 2964 τισὶν,
1933 2901 2069 2955 ἀλλά
2112 2903 2212 2957 καὶ

640 3011 877 3083 ἄρχοντα
902 3015 1120 3069 πάντων
1150 3017 1371 3085 ἐποίησε
1412 3017 1520 3071 τῶν
1545 3018 1730 3071 αὐτόθι
1750 3058 1766 3082 ,
1794 3019 1890 3074 καὶ
1924 3020 2097 3076 ταῦτα
2132 3022 2209 3084 ὡς

647 3132 833 3203 μοιχὸν
862 3133 1186 3204 δεξάμενος,
1219 3135 1526 3203 κατάδικον,
1564 3137 1658 3190 καὶ
1693 3137 1879 3209 μοιχὸν
1917 3139 2204 3212 ἐπίσημον.

642 3251 719 3305 υύ
763 3253 873 3323 γάρ
918 3256 999 3317 είς
1042 3256 1217 3309 οίκίαν
1264 3257 1485 3329 εὐτελῆ,
1528 3258 1642 3313 ἀλλ’
1692 3261 1775 3322 είς
1823 3261 2066 3334 μεγάλην
2115 3264 2211 3319 καὶ

640 3346 900 3445 ’λαμπράν
920 3375 980 3428 τὸ
1000 3374 1183 3446 δρᾶμα
1197 3376 1353 3431 τοῦτο
1370 3378 1736 3451 τετολμῆσθαι
1755 3381 2053 3453 ἐνομίζετο.
2069 3384 2209 3440 Ἀλλ’

641 3493 795 3564 ὅμως
833 3476 983 3550 οὐδὲν
1014 3496 1214 3552 τούτων
1258 3500 1461 3554 ἐκεῖνον
1508 3500 1775 3573 ἐφόϐησεν
1797 3541 1813 3567 ,
1841 3501 1963 3557 οὐδέ
1997 3502 2212 3561 ἔπεισεν

649 3611 842 3683 ἐκείνῳ
870 3614 1111 3681 γίνεσθαι
1142 3616 1392 3688 χαλεπόν.
1422 3619 1585 3674 Ἀλλά
1614 3620 1707 3674 καὶ
1733 3621 1783 3674 οί
1820 3621 2072 3692 στέφανόι
2102 3624 2214 3680 ἀπὸ

651 3734 760 3789 τῶν
787 3737 1126 3807 παθημάτων
1159 3741 1448 3796 ἐπλέκοντο
1468 3760 1483 3773 ·
1521 3745 1615 3799 καὶ
1638 3747 1670 3816 ἡ
1698 3744 1793 3799 τοῦ
1819 3746 1957 3801 Θεοῦ
1995 3766 2213 3819 συμμα-

646 3856 739 3925 χία
775 3858 913 3928 μετά
948 3861 1150 3932 πολλῆς
1174 3864 1398 3936 ἐπέρρει
1432 3866 1531 3936 τῆς
1552 3867 1847 3937 δαψιλείας.
1886 3869 2215 3940 Ἐϐουλόμην

650 3977 742 4030 καὶ
761 3976 945 4047 ἕτερον
972 3980 1283 4049 προσθεῖναι
1312 3986 1376 4053 τῇ
1406 3983 1660 4055 ἐπιστολῇ
1692 3985 1866 4055 μῆκος
1887 4003 1899 4015 ·
1927 3985 2040 4039 ἀλλ’
2062 3986 2213 4039 ἐπει-

647 4096 713 4165 δὴ
756 4097 851 4150 καὶ
883 4097 1040 4151 τοῦτο
1078 4099 1215 4168 μετά
1254 4100 1455 4170 πολλῆς
1481 4102 1579 4171 τῆς
1622 4103 1937 4174 περιουσίας
1968 4098 2118 4175 οῐμαι
2156 4106 2220 4157 τὸ

653 4215 849 4285 μέτρον
887 4214 1356 4287 ὐπῗρϐεϐηκέναι,
1397 4219 1628 4274 ἐνταῦθα
1661 4220 1983 4285 καταλύσας.
2004 4222 2096 4277 τὸν
2136 4223 2217 4277 λό·

650 4351 766 4399 γον,
805 4337 979 4389 ἐκεῖνο
1023 4337 1324 4407 παρακαλῶ
1357 4355 1449 4390 σου
1482 4340 1581 4407 τὴν
1618 4338 1922 4407 εὐλάϐειαν,
1963 4341 2098 4412 ὅπερ
2128 4342 2217 4395 ἀεὶ

652 4454 924 4509 διετέλεσα
957 4456 1310 4526 παρακαλῶν,
1357 4458 1592 4528 ἀθυμίας
1622 4459 1721 4528 μὲν
1760 4459 2213 4530 ἀπαλλάττεσθαι,

652 4570 895 4636 δοξάζειν
944 4574 1001 4627 δὲ
1047 4576 1138 4626 τὸν
1189 4575 1350 4640 Θεὸν,
1400 4577 1535 4648 ὅπερ
1593 4579 1680 4631 ἀεὶ
1732 4581 2074 4651 πεποίηκας,
2124 4586 2217 4636 καὶ

655 4692 883 4747 ⁴τοιοῦσα
916 4694 1193 4759 διατελεῖς,
1228 4698 1455 4767 χάριτας
1477 4698 1810 4768 ὁμολογοῦσα
1839 4701 1977 4772 ὑπὲρ
2000 4702 2218 4758 πάντων

656 4810 805 4881 αὐτῷ
842 4812 949 4867 τῶν
978 4814 1228 4883 χαλεπῶν
1253 4817 1453 4870 τούτων
1477 4818 1571 4871 καὶ
1599 4818 1893 4891 ὀδυνηρῶν.
1929 4822 2085 4877 Οῦτω
2114 4826 2221 4895 γὰρ

596 4900 599 4903 Ι
657 4935 751 4987 καὶ
780 4934 918 5005 αὐτὴ
945 4936 1012 4988 τά
1059 4936 1290 5005 μέγιστα
1320 4938 1500 5006 ἀγαθά
1534 4918 1805 5012 ⁸καρπώσῃ
1830 4982 1845 5007 ,
1876 4945 1970 4996 καὶ
1999 4944 2075 5015 τῷ
2101 4945 2219 4998 δια-

661 5053 799 5123 ὅόλῳ
831 5055 1049 5124 καιρίαν
1074 5055 1260 5121 δώσεις
1289 5058 1521 5130 πληγὴν,
1561 5064 1654 5115 καὶ
1682 5063 1881 5135 πολλὴν
1907 5067 2038 5136 ἡμῖν
2069 5086 2213 5139 παρ-

660 5174 801 5239 έξεις
841 5176 1206 5246 παράκλησιν,
1256 5183 1349 5233 καὶ
1380 5182 1478 5251 τῆς
1511 5182 1758 5252 ἀθυμίας
1784 5186 1847 5240 τὸ
1891 5186 2051 5259 νέφος
2085 5192 2222 5259 μετά

664 5291 863 5362 πολλῆς
896 5293 1154 5361 ἀφανίσαι
1191 5296 1386 5369 δυνήσῃ
1416 5300 1510 5370 τῆς
1544 5302 1824 5368 εὐκολίας,
1861 5307 1952 5360 καὶ
1980 5308 2223 5380 καθαρᾶς

664 5411 967 5465 ἀπολαῦσαι
996 5414 1252 5486 γαλήνης.
1286 5418 1375 5488 Μὴ
1404 5419 1467 5490 δὴ
1494 5423 1959 5491 καταμαλακίζου,
1982 5427 2099 5481 ἀλλ’
2125 5430 2221 5485 άν-

666 5529 959 5595 ενεγκοῦσα
984 5531 1090 5585 ἀπὸ
1114 5533 1207 5586 τοῦ
1248 5534 1455 5589 καπνοῦ
1489 5538 1678 5591 τούτου
1722 5541 1947 5611 (καπνοῦ
1973 5546 2101 5617 γὰρ,
2130 5549 2225 5601 ἐὰν

669 5651 856 5720 θέλῃς,
895 5654 1073 5723 ρᾴδιον
1101 5656 1467 5722 διασκεδάσεις
1497 5662 1671 5715 πᾶσαν
1700 5664 1796 5733 τὴν
1826 5665 2061 5737 ἀθυμίαν
2092 5670 2222 5722 ταύ-

671 5773 812 5841 την),
846 5774 1002 5846 δῆλον
1048 5778 1200 5832 τοῦτο
1229 5782 1379 5835 πάλι»
1416 5784 1637 5851 ποίησον
1671 5786 1819 5853 ἡμῖν,
1864 5787 1945 5839 ἵνα
1974 5790 2065 5842 καὶ
2096 5793 2225 5859 πόρ-

1332 438 1388 493 S.
1429 434 1710 495 JOANNIS
1746 424 2224 492 CHRYSOSTOIII
2261 420 2579 487 ARCIIIEP.
2619 424 3167 492 CONSTANTINOP.

3770 419 3879 477 590

2304 545 2475 617 ρωθεν
2498 546 2669 613 ϐντες,
2705 547 2907 619 πολλὴν
2938 546 3049 601 ἀπὸ
3084 543 3194 598 τῶν
3240 538 3496 594 τοιούτων
3525 534 3874 607 γραμμάτων

2306 662 2726 735 καρπωσώμεθα
2745 663 2843 735 τὴν
2865 658 3223 731 εὐφροσύνην.

2596 870 2755 942 Πρὸς
2780 869 2895 938 τὴν
2920 865 3116 934 αὐτὴν
3140 859 3434 929 ἐπιστολὴ
3459 864 3537 917 Δ’.

2373 1043 2441 1096 α’.
2475 1042 2588 1111 Τῆς
2616 1039 2974 1111 σφοδρότητος
3002 1035 3187 1089 ἕνεκεν
3211 1030 3305 1086 τοῦ
3327 1027 3617 1102 χειμῶνος,
3639 1026 3745 1080 καὶ
3776 1023 3881 1096 τῆς

2301 1154 2395 1207 τοῦ
2438 1151 2706 1223 στομάχου
2751 1147 2908 1221 ἡμῶν
2945 1128 3249 1206 ἀσθενείας,
3288 1140 3384 1195 καὶ
3415 1138 3526 1192 τῶν
3547 1133 3878 1207 Ἶσαυρικῶν

2308 1263 2682 1333 καταδρομῶν,
2739 1261 2906 1332 μηδὲν
2949 1258 3137 1313 ἕνεκεν
3180 1254 3385 1326 ἡμῶνι
3426 1249 3686 1322 μερίμνα,
3742 1246 3882 1318 μηδέ

2311 1376 2591 1430 κατάτεινε
2622 1373 2826 1443 σαυτὴν
2859 1370 3155 1444 φροντίσιν.
3191 1368 3251 1420 '0
3281 1365 3381 1437 μὲν
3404 1364 3514 1435 γάρ
3555 1361 3761 1433 χειμὼν
3787 1360 3881 1429 γέο

2306 1502 2463 1555 γονεν
2502 1480 2613 1539 οἷον
2650 1484 2797 1546 είκὸς
2846 1482 2905 1535 ἐν
2938 1470 3199 1551 Ἀρμενίᾳ
3230 1471 3406 1532 εἶναι·
3442 1474 3598 1529 οὐδὲν
3638 1472 3752 1544 γὰρ
3800 1472 3883 1526 δει

2307 1601 2469 1655 πλέον
2498 1601 2672 1653 εἰπεῖν
2691 1615 2703 1628 ·
2722 1599 2871 1668 ἡμᾶς
2884 1596 2941 1650 δὲ
2955 1595 3017 1649 οὐ
3044 1594 3188 1666 μέγα
3200 1609 3254 1646 τι
3276 1588 3676 1663 παραϐλάπτει.
3693 1583 3886 1669 Ταῦτα

2304 1717 2417 1789 γὰρ
2470 1715 2834 1789 προορῶντες,
2885 1710 3057 1767 πολλὰ
3099 1708 3470 1783 μηχανώμεθα
3507 1704 3647 1777 πρὸς
3676 1704 3739 1758 τδ
3782 1703 3888 1773 τὴν

2305 1837 2554 1892 ἐντεῦθεν
2585 1831 3008 1906 διακρούσασθαι
3038 1831 3276 1903 βλάϐην,
3331 1828 3428 1883 καὶ
3459 1825 3572 1898 πῦρ
3597 1824 3889 1880 ἀνακαίον-

2303 1977 2398 2024 τες
2426 1958 2665 2029 συνεχῶς
2687 1995 2703 2022 ,
2733 1957 2829 2010 καὶ
2864 1955 2925 2009 τὸ
2969 1953 3267 2025 δωμάτιον,
3313 1948 3443 2003 ἔνθα
3479 1946 3888 2017 καταμένομεν,

2304 2076 2644 2148 πανταχόθεν
2663 2073 2817 2149 [571]
2838 2074 3318 2146 περιφράττοντες,
3334 2070 3427 2123 καὶ
3447 2066 3786 2137 ἐπιϐλήμασι
3804 2080 3893 2117 κε-

2303 2198 2567 2270 χρημένοι
2584 2197 2812 2259 πλείοσι,
2832 2194 2929 2248 καὶ
2942 2194 3029 2247 διά
3048 2191 3246 2253 παντὸς
3260 2188 3408 2243 ἔνδον
3427 2183 3892 2259 μένοντες.”οπερ

2304 2313 2424 2367 ἐστὶ¹
2442 2313 2539 2382 μὲν
2555 2312 2588 2383 ἠ
2598 2312 2688 2382 μίν
2704 2308 2961 2379 ἐπαχθὲς,
2990 2306 3129 2375 πλὴν
3144 2303 3234 2364 διὰ
3245 2302 3306 2356 τὸ
3329 2299 3578 2354 ἐντεῦθεν
3593 2295 3784 2367 κέρδος
3799 2311 3895 2362 φο-

2310 2431 2491 2504 ρητόν.
2508 2430 2656 2493 Ἕως
2688 2429 2786 2501 μὲν
2804 2427 2915 2499 γὰρ
2942 2425 3086 2480 ἐνδον
3119 2423 3390 2497 μένωμεν,
3410 2420 3472 2472 οὐ
3497 2416 3702 2487 σφόδρα
3716 2432 3891 2469 κατα-

2304 2549 2593 2620 τεινόμεθα
2617 2547 2695 2618 τῷ
2725 2545 2921 2619 κρυμῷ
2941 2562 2955 2575 ·
2994 2544 3089 2597 ἐὰν
3116 2542 3172 2596 δέ
3207 2538 3639 2609 ἀναγκασθῶμεν
3690 2533 3894 2606 μικρὸν

2308 2668 2604 2739 προελθεῖν,
2623 2666 2719 2721 καὶ
2744 2663 2823 2735 τῷ
2837 2664 2942 2731 ἔξω
2955 2662 3210 2733 ὁμιλῆσαι
3232 2658 3375 2729 ἀέρι,
3390 2656 3452 2709 οὐ
3478 2653 3684 2726 μικρὰν
3711 2668 3890 2724 προσ·

2305 2788 2602 2862 τριϐόμεθα
2624 2787 2846 2858 βλάϐην.
2881 2784 2972 2838 Διὸ
3002 2784 3095 2838 καὶ
3116 2781 3216 2853 τὴν
3248 2768 3541 2851 τιμιότήτά
3576 2793 3671 2831 σου
3705 2792 3893 2846 παρα-

2308 2909 2477 2974 καλῶ,
2519 2908 2614 2962 καὶ
2641 2910 2698 2961 ἐν
2751 2908 3013 2977 μέγιστης
3048 2903 3184 2958 αίτῶ
3219 2901 3440 2972 χάριτος
3472 2898 3651 2970 μέρει,
3684 2895 3894 2966 πολλὴν

2309 3031 2578 3085 ποιεῖσθαι
2594 3029 2930 3099 ἐπιμέλειαν,
2947 3027 3086 3080 ὥστε
3105 3024 3205 3094 τὴν
3219 3023 3314 3077 τοῦ
3341 3019 3593 3091 σώματός
3632 3034 3727 3071 σου
3741 3018 3893 3089 διορ-

2311 3150 2438 3205 θοῦν
2463 3151 2764 3205 ἀσθένειαν.
2787 3149 2938 3203 Ποιεῖ
2954 3149 3051 3220 μὲν
3069 3146 3177 3219 γάρ
3191 3145 3345 3199 νόσον
3372 3144 3467 3197 καὶ
3492 3140 3702 3212 ἀθυμία
3721 3157 3735 3173 ⁸
3755 3141 3891 3194 ὅταν

2308 3271 2368 3327 δέ
2395 3272 2491 3327 καὶ
2515 3272 2675 3342 σῶμα
2704 3268 3011 3340 πεπονηκὸς
3104 3266 3199 3321 καὶ
3223 3262 3677 3336 ἐξησθενημένον,
3712 3261 3805 3313 καὶ
3831 3261 3894 3313 ἐν

2310 3391 2539 3464 ἀμελείᾳ
2559 3390 2838 3461 διακέηται
2851 3389 2880 3430 δ
2901 3387 3093 3459 πολλῇ,
3106 3388 3203 3441 καὶ
3223 3386 3359 3457 μήτε
3393 3383 3594 3454 ἰατρῶν
3614 3378 3893 3452 ἀπολαύῃ.

2315 3512 2453 3583 μήτε
2493 3511 2673 3580 ἀέρων
2712 3508 3043 3580 εὐκρασίας,
3083 3507 3220 3578 μήτε
3266 3505 3365 3577 τῆς
3404 3502 3513 3557 τῶν
3564 3499 3897 3572 ἐπιτηδείαν

2313 3625 2593 3697 ἀφθονίας,
2623 3625 2895 3696 ἐννόησον,
2919 3626 3001 3678 ὅτι
3023 3625 3084 3677 οὐ
3112 3622 3284 3695 μικρά
3321 3620 3573 3676 ἐντεῦθεν
3603 3619 3898 3691 προσθήκη

2313 3753 2522 3819 γίνεται
2550 3747 2648 3801 τοῦ
2662 3746 2861 3800 δεινοῦ.
2888 3744 2979 3798 Διό
3008 3741 3314 3813 παρακαλῶ
3330 3758 3424 3795 σου
3453 3738 3552 3811 τὴν
3580 3738 3896 3809 τιμιότητα,

2315 3870 2411 3924 καὶ
2460 3871 2667 3941 ἰατροῖς
2716 3868 2991 3940 διαφόροις
3018 3865 3114 3921 καὶ
3144 3864 3426 3936 ἐμπείροις
3459 3862 3554 3951 καὶ
3576 3860 3897 3932 φαρμάκοις

2316 3989 2571 4061 χρῆσθαι,
2594 3992 2706 4052 τοῖς
2728 3987 2796 4042 τὰ
2820 3988 3043 4041 τοιαῦτα
3071 3985 3316 4057 διορθοῦν
3351 3984 3687 4054 δυναμένοις.
3736 3982 3895 4035 Ἐπεὶ

2316 4108 2413 4162 καὶ
2436 4109 2595 4178 ἡμεῖς
2622 4106 2727 4178 πρὸ
2756 4104 2958 4159 τούτων
2976 4105 3084 4158 τῶν
3110 4104 3305 4173 ὀλίγων
3332 4101 3576 4173 ἡμερῶν,
3600 4100 3895 4170 εὐεμπτώ-

2315 4242 2424 4289 τως
2451 4226 2583 4295 ἡμῖν
2608 4190 2822 4292 ἔχοντος
2859 4221 2949 4276 τοῦ
3006 4220 3278 4290 στομάχου
3317 4218 3456 4289 πρὸς
3480 4218 3607 4280 τοὺς
3640 4216 3895 4287 ἐμέτους,

2317 4345 2381 4397 ἐκ
2407 4342 2508 4411 τῆς
2530 4339 2624 4394 τοῦ
2652 4341 2813 4411 ἀέρος
2843 4338 3252 4404 καταστάσεως,
3276 4340 3341 4409 τῇ
3362 4354 3419 4391 τε
3439 4336 3576 4407 άλλη
3602 4334 3897 4406 ἐπιμελείᾳ

2316 4466 2672 4537 χρησάμενοι,
2695 4464 2788 4515 καὶ
2813 4462 2891 4531 τῷ
2918 4461 3195 4535 φαρμάκῳ
3221 4460 3298 4531 τῷ
3323 4457 3715 4527 ἀπεσταλμένῳ
3739 4454 3899 4527 παρά

2316 4587 2416 4657 τῆς
2457 4587 2648 4655 κυρίας
2684 4601 2785 4655 μου
2833 4584 2932 4653 τῆς
2968 4582 3347 4652 κοσμιωτάτης
3382 4578 3715 4649 Συγκλητίου
3739 4616 3758 4641 ,
3796 4578 3897 4631 καὶ

2318 4710 2378 4762 οὐ
2400 4708 2683 4777 δεηθέντες
2716 4704 2876 4758 πλέον
2909 4704 2941 4775 ἢ
2974 4703 3141 4774 τριῶν
3174 4701 3397 4773 ἡμερῶν
3442 4701 3571 4754 αὐτὸ
3597 4699 3897 4760 ἐπιθεῖναι,

2319 4827 2705 4897 διωρθώσαμεν
2735 4825 2900 4878 αὐτοῦ
2926 4824 3025 4894 τὴν
3048 4822 3352 4876 ἀσθένειαν.
3381 4818 3689 4891 Παρακαλῶ
3715 4819 3902 4873 τοίνυν

2323 4947 2417 5000 καὶ
2443 4944 2609 5013 αὐτὴν
2642 4944 2700 4996 σὲ
2730 4939 3037 5013 χρήσασθαι
3082 4938 3278 5008 τούτῳ,
3330 4939 3426 4990 καὶ
3473 4937 3897 5007 παρασκευάσαι

2326 5067 2487 5120 πάλιν
2510 5068 2637 5135 ἡμῖν
2678 5064 2735 5128 ἐξ
2762 5062 2927 5116 αὐτοῦ
2954 5061 3289 5131 πεμφθῆναι.
3319 5061 3429 5113 Καὶ
3453 5060 3563 5131 γὰρ
3606 5061 3701 5113 καὶ
3730 5061 3897 5116 πάλιν

2324 5187 2697 5257 αἰσθανόμενοι
2724 5202 2867 5248 τινος
2898 5184 3228 5253 ἀνατροπῆς,
3264 5183 3429 5236 πάλιν
3457 5182 3604 5252 αὐτῷ
3652 5182 3898 5256 ἐχρησά-

2328 5307 2489 5379 μεθα,
2519 5307 2612 5361 καὶ
2640 5304 2699 5358 τὸ
2729 5304 2835 5357 πᾶν
2865 5288 3271 5373 διωρθώσαμεν.
3316 5300 3425 5354 Καὶ
3452 5300 3560 5370 γὰρ
3582 5300 3894 5370 φλεγμονὰς

2326 5428 2675 5483 καταστέλλει
2701 5427 2799 5490 τὰς
2840 5427 2899 5479 ἐν
2927 5425 3005 5496 τῷ
3056 5424 3229 5494 βάθει,
3265 5424 3441 5478 νοτίδα
3478 5425 3761 5494 ἀνιμᾶται,
3796 5431 3894 5482 καὶ

2330 5550 2654 5621 συμμέτρως
2695 5549 2812 5601 ἐστὶ
2838 5546 3060 5619 θερμὸν,
3094 5545 3189 5599 καὶ
3226 5544 3373 5599 τόνον
3409 5543 3678 5613 ἐντίθησιν
3706 5546 3765 5598 οὐ
3798 5546 3894 5600 τδν

2390 5758 2413 5784 n
2440 5745 2520 5791 Sic
2540 5754 2710 5789 omnes
2740 5754 2851 5787 mea.
2884 5741 2933 5788 In
2963 5740 3109 5789 Pdilis
3132 5736 3249 5789 illud
3274 5737 3424 5785 ινικεν
3450 5738 3585 5797 ἡμῶν
3607 5738 3749 5787 ὀρθοί

2392 5808 2417 5845 1’
2445 5808 2565 5854 'l'res
2586 5816 2697 5853 mss.
2725 5802 2905 5862 κέηται.
