4078 6428
208 378 311 435 δ89

209 493 438 547 muliere
481 493 722 566 contigit.
751 494 885 564 Quid
915 493 1058 549 cnim
1084 505 1259 547 causa:
1287 497 1368 545 cst
1386 531 1400 555 ,
1429 487 1516 543 dic
1534 529 1550 554 ,
1582 500 1765 556 quaeso
1789 524 1806 550 ,

206 584 564 650 quamobrem
610 585 758 640 ferox
798 587 884 641 bic
921 585 1002 640 vir
1038 592 1094 639 et
1118 584 1481 652 intemperans
1504 576 1812 650 ()Egyptio—

207 686 326 725 rum
379 671 526 726 enim
571 688 748 730 mores
791 675 1027 744 nostis);
1069 673 1188 738 hic,
1216 673 1430 742 inquam
1455 711 1470 736 ,
1500 669 1733 721 furiosus
1757 672 1814 718 et

209 761 509 816 iracundus
555 763 702 830 (nam
749 763 836 819 hic
873 778 1086 834 quoque
1113 762 1335 817 morbus
1361 756 1730 815 incredibilem
1759 755 1810 808 in

216 851 436 905 IIIOdIlm
461 851 592 922 ipsis
615 853 778 924 inest)
806 869 929 909 eum
947 895 962 921 ,
985 868 1146 924 quem
1168 852 1468 908 adulterum
1489 862 1630 914 esse,
1653 853 1816 915 atquc

210 939 368 995 uxori
417 935 668 1010 iniuriam
709 942 955 998 intulisse
991 942 1272 1006 credebat,
1303 955 1408 994 non
1434 936 1614 992 statim
1638 933 1816 1005 gladio

209 1029 490 1099 concidit,
521 1040 615 1087 aut
639 1031 871 1088 ﬂammis
898 1031 1083 1098 dedit;
1103 1045 1296 1094 ,verum
1326 1043 1447 1084 cum
1475 1027 1546 1082 ita
1577 1037 1818 1095 praeceps

210 1130 378 1191 atque
422 1121 850 1178 iuconsidcratus
897 1133 1075 1191 esset,
1117 1131 1175 1177 ut
1208 1121 1275 1176 ad
1301 1121 1458 1176 unius
1481 1118 1650 1188 partis
1676 1113 1791 1172 arbi

216 1213 379 1267 trium
401 1215 725 1268 sententiam
756 1213 959 1282 ferret,
991 1228 1090 1286 nec
1111 1226 1327 1267 causam
1349 1208 1560 1265 dicendi
1583 1217 1820 1278 potesta-

216 1311 327 1362 tem
360 1319 454 1359 reo
481 1303 712 1373 faceret,
737 1313 917 1360 tamen
947 1304 1194 1375 supplicii
1222 1296 1464 1372 tempore
1490 1300 1720 1371 ingentis
1741 1297 1822 1352 fa-

214 1395 437 1452 cilitatis
478 1405 536 1452 et
573 1398 875 1475 gementia:
898 1398 1171 1467 specimen
1201 1395 1431 1451 ediderit
1465 1411 1477 1448 :
1511 1393 1673 1464 idque
1697 1405 1820 1446 cum

216 1483 489 1541 furentem
510 1527 526 1553 ,
556 1487 703 1542 rabie
731 1486 1089 1552 laborantem,
1117 1485 1224 1539 vim
1247 1484 1456 1544 illatam,
1479 1489 1819 1553 querentem,

217 1573 485 1631 lacenitas
528 1585 706 1632 vestes
743 1577 1210 1633 circumferentem
1238 1617 1252 1638 ,
1300 1583 1462 1645 atque
1503 1573 1627 1628 hinc
1654 1572 1822 1643 magis

217 1665 665 1722 exardescentem
684 1708 699 1733 ,
722 1682 786 1722 ac
813 1669 1082 1738 lugentem
1109 1676 1164 1722 et
1192 1666 1570 1721 lamentantem
1599 1678 1822 1719 uxorem

219 1757 595 1824 perspiceret?
635 1755 705 1810 Et
741 1765 919 1811 tamen
948 1757 1083 1811 nihil
1108 1755 1299 1811 horum
1326 1755 1500 1826 ipsum
1527 1752 1596 1809 ad
1619 1751 1823 1808 caedem

221 1845 484 1901 incendit.
515 1846 615 1914 Qui
644 1846 859 1902 tandem
889 1848 1058 1913 istud,
1088 1847 1204 1914 die,
1233 1847 1456 1918 quaeso?
1483 1849 1675 1902 Annon
1701 1860 1826 1915 per-

220 1936 468 2006 spicuum
508 1949 628 2004 est,
667 1953 791 1995 eum
818 1940 909 2010 qui
942 1940 1128 1996 leones
1165 1950 1414 2011 tanquam
1442 1941 1641 2011 injecto
1669 1937 1827 1995 freno

220 2031 521 2097 repressit,
563 2037 619 2085 et
654 2029 886 2086 fornacis
925 2031 1175 2088 ardorem
1203 2031 1451 2100 sustulit,
1484 2031 1825 2088 immodicam

222 2131 437 2186 quoque
465 2118 624 2188 hujus
648 2119 839 2176 bellua:
865 2120 1318 2192 indignationem,
1347 2130 1506 2193 atque
1535 2121 1826 2176 immanem

225 2208 360 2262 iram
381 2209 709 2266 exstinxisse
730 2252 748 2279 ,
777 2222 833 2266 ut
853 2213 1173 2284 supplicium
1199 2212 1436 2270 adhibita
1459 2213 1830 2269 mediocritate

225 2303 662 2370 temperantur?
709 2303 765 2358 ld
801 2305 943 2374 quod
988 2308 1150 2360 etiam
1193 2306 1246 2361 in
1294 2321 1512 2361 carcere
1539 2306 1829 2378 contigisse

226 2390 495 2461 quispiam
543 2394 848 2463 perspiciat.
894 2395 1038 2451 Deus
1080 2399 1226 2452 enim
1265 2397 1337 2452 ita
1376 2413 1499 2454 eum
1537 2399 1591 2452 in
1618 2398 1828 2453 vincula

226 2482 464 2551 conjici,
505 2498 569 2539 ac
593 2499 712 2540 cum
745 2486 1067 2543 nocentibus
1092 2498 1149 2544 et
1172 2489 1492 2546 facinorosis
1533 2506 1655 2547 esse
1698 2507 1832 2562 per-

229 2572 378 2626 misit
396 2613 413 2639 ,
442 2583 503 2628 ut
531 2582 709 2631 tamen
737 2592 861 2632 eum
882 2579 951 2634 ab
969 2579 1087 2650 ejus
1111 2580 1202 2651 qui
1221 2581 1423 2637 carceri
1448 2592 1704 2652 praeerat,
1730 2584 1832 2638 im-

229 2666 564 2732 portunitate
606 2682 670 2722 ac
713 2670 914 2725 sevitia
955 2673 1234 2740 eripuerit.
1278 2672 1411 2728 Nam
1457 2689 1609 2740 cum,
1637 2675 1833 2745 quibus

228 2754 474 2810 moribus
493 2771 616 2813 esse
643 2761 878 2815 carceris
901 2760 1188 2831 praefectus
1207 2762 1410 2832 soleat,
1435 2764 1652 2821 minime
1671 2764 1830 2838 igno-

227 2857 358 2912 res,
411 2853 591 2924 tamen
635 2849 733 2919 ipsi
770 2860 879 2905 tum
921 2853 1055 2908 lenis
1083 2867 1148 2909 ac
1175 2853 1415 2925 placidus
1443 2866 1559 2911 erat
1578 2897 1595 2924 ,
1627 2871 1693 2913 ac
1720 2873 1830 2914 non

229 2935 398 2993 modo
435 2953 559 2994 eum
598 2941 758 2996 nullis
785 2943 1054 3000 laboribus
1078 2947 1390 3017 premebat,
1421 2949 1519 3005 sed
1543 2950 1705 3006 etiam
1733 2965 1831 3008 eo-

230 3042 354 3083 rum
397 3032 672 3099 omnium,
703 3035 792 3104 qui
822 3035 931 3092 illic
960 3038 1312 3105 tenebantur,
1342 3039 1698 3111 principatum
1728 3040 1832 3113 ipsi

229 3130 610 3189 concesserat,
661 3124 820 3194 idque
857 3141 981 3181 cmn
1010 3143 1132 3183 eum
1164 3136 1223 3184 ut
1249 3128 1554 3186 adulterum
1582 3132 1830 3204 accepis-

232 3219 352 3277 set,
384 3219 443 3265 ut
469 3221 750 3268 nocentem
768 3256 783 3282 ,
814 3222 870 3271 et
897 3216 1156 3288 insignem
1185 3218 1508 3275 adulterum.
1538 3219 1656 3278 Non
1686 3223 1832 3279 enim

233 3300 290 3356 in
334 3309 587 3371 tenuem,
635 3306 730 3362 scd
775 3309 826 3363 in
873 3324 1121 3380 magnam
1159 3320 1215 3367 et
1251 3312 1587 3383 splendidam
1614 3314 1831 3371 domum

234 3391 412 3446 scelus
463 3395 568 3450 hoc
609 3411 890 3468 aggressus
934 3414 1058 3456 esse
1106 3403 1448 3458 censebatur.
1494 3401 1607 3460 Nec
1650 3414 1830 3462 tamen

235 3481 507 3552 quidpiam
535 3485 728 3542 horum
748 3502 872 3544 eum
895 3491 1117 3557 terruit,
1139 3491 1297 3564 eique
1319 3495 1583 3564 persuasit
1606 3504 1662 3550 ut
1680 3510 1834 3552 acer-

236 3571 404 3629 bitate
451 3575 508 3631 in
555 3578 730 3647 ipsum
771 3588 1030 3637 uteretur.
1066 3582 1262 3638 Verum
1293 3585 1537 3640 simulet
1566 3599 1663 3656 per
1691 3587 1834 3645 cala-

236 3665 452 3724 mitates
472 3670 590 3724 viro
605 3670 752 3740 justo
775 3687 990 3729 coronae
1016 3676 1354 3746 texebantur,
1385 3686 1439 3734 et
1467 3679 1560 3735 Dei
1578 3681 1832 3738 auxilium

236 3755 538 3830 largissime
567 3762 668 3832 ipsi
696 3761 967 3820 afﬂuebat.
998 3766 1320 3838 Longiorem
1349 3768 1525 3825 adhuc
1552 3772 1831 3842 episwlam

237 3848 416 3906 facere
435 3853 716 3922 cupiebam
742 3872 755 3907 :
779 3855 874 3911 sed
903 3857 1026 3927 quia
1057 3857 1174 3916 hmo
1199 3875 1412 3932 quoque
1429 3902 1446 3929 ,
1477 3877 1598 3932 quae
1616 3864 1830 3934 scripsi,

235 3943 480 4010 epistola:
505 3945 725 4000 modum
754 3947 913 4018 longe
941 3959 1232 4020 superant,
1263 3952 1349 4007 hic
1373 3952 1533 4008 linem
1564 3954 1833 4011 scribendi

236 4031 458 4103 faciam,
501 4035 632 4090 illud
658 4036 756 4092 abs
797 4046 849 4093 te
892 4049 1108 4109 petens,
1148 4041 1290 4112 quod
1332 4057 1623 4114 numquam
1649 4055 1835 4114 petere

235 4125 437 4192 destiti,
467 4142 662 4200 nempe
691 4138 749 4184 ut
774 4141 830 4185 et
856 4146 1145 4187 maerorem
1172 4133 1414 4204 abjicias,
1441 4143 1498 4190 et
1518 4137 1661 4206 quod
1686 4152 1834 4192 sem-

237 4231 331 4286 per
355 4217 553 4283 fecisti,
582 4235 684 4276 nec
704 4221 878 4278 facere
905 4222 1126 4290 desinis,
1159 4223 1251 4281 Dei
1271 4226 1494 4297 gloriam
1517 4228 1831 4299 przedicare,

235 4323 298 4363 ac
326 4310 396 4365 de
421 4311 675 4381 gravibus
702 4322 758 4368 et
783 4315 993 4370 acerbis
1019 4316 1268 4374 omnibus
1294 4316 1378 4374 his
1405 4317 1567 4374 rebus
1587 4319 1687 4389 ipsi
1709 4335 1834 4391 gra-

239 4402 339 4457 tias
377 4416 541 4473 agere
570 4419 642 4460 ne
665 4404 1006 4462 intermittas.
1036 4407 1147 4465 ilac
1173 4410 1317 4466 enim
1344 4411 1550 4468 ratione
1578 4421 1690 4468 tum
1721 4414 1835 4484 ipsa

237 4495 470 4550 maxima
496 4496 638 4552 bona
668 4499 929 4570 percipies
946 4540 963 4568 ,
988 4507 1100 4556 tum
1128 4503 1459 4559 mortiferum
1479 4504 1694 4562 diabolo
1712 4508 1832 4563 vul-

238 4600 338 4642 nus
375 4587 605 4658 infliges,
637 4597 750 4645 tum
779 4591 934 4648 nobis
962 4593 1228 4664 ingentem
1255 4597 1680 4652 consolatinnem
1707 4599 1837 4655 atl‘e-

238 4692 328 4733 res
346 4720 362 4743 ,
392 4689 446 4734 ct
471 4682 722 4737 maeroris
749 4682 947 4740 nubem
972 4684 1119 4738 nullo
1140 4687 1355 4757 negotio
1385 4687 1657 4746 discutere
1680 4705 1745 4746 ac
1769 4691 1837 4747 de

239 4770 417 4828 medio
461 4773 692 4840 tollere,
743 4790 979 4846 puraque
1028 4779 1412 4850 tranquillitate
1456 4780 1561 4837 frui
1608 4784 1832 4852 poteris.

237 4860 502 4930 Quocirca
525 4879 626 4919 nec
652 4865 832 4921 animo
851 4868 1228 4937 elanguescas,
1254 4885 1440 4925 verum
1465 4872 1534 4927 ab
1561 4873 1661 4929 hoc
1687 4873 1836 4929 fumo

237 4968 447 5010 emerita
484 4963 540 5010 et
577 4955 796 5012 liberata
823 4957 1061 5031 (omnem
1099 4961 1242 5016 enim
1269 4961 1409 5019 hunc
1435 4980 1721 5021 maerorem
1747 5006 1762 5031 ,
1790 4969 1834 5023 si

239 5045 500 5112 volueris,
545 5047 694 5104 fumo
719 5048 876 5104 citius
902 5050 1212 5124 dissipabis)
1233 5095 1248 5120 ,
1279 5055 1346 5110 de
1372 5055 1472 5112 hac
1502 5073 1561 5113 re
1591 5074 1688 5114 nos
1717 5075 1836 5115 rur-

240 5154 356 5194 sum
385 5141 644 5198 certiores
670 5141 832 5199 facias
865 5161 880 5198 :
917 5153 976 5199 ut
1014 5144 1142 5202 licet
1163 5148 1359 5219 alioqui
1391 5151 1574 5220 procul
1603 5167 1633 5207 a
1664 5162 1714 5208 te
1743 5170 1835 5210 re-

241 5231 406 5295 moti,
449 5246 694 5301 magnam
727 5241 906 5291 tamen
931 5249 999 5291 ex
1025 5233 1328 5307 huiusmodi
1373 5240 1544 5298 literis
1583 5244 1833 5300 consola-

239 5324 439 5377 tionem
466 5325 760 5393 capiamus.

445 5505 526 5558 Ad
548 5505 776 5560 eamdem
799 5516 948 5576 epist.
978 5498 1084 5562 IV.
1109 5508 1292 5579 (Anno
1318 5510 1456 5570 forte
1486 5515 1636 5584 407.)

317 5599 372 5652 Ι.
401 5597 477 5654 De
506 5604 701 5656 hiemis
727 5601 1020 5656 acrimonia
1041 5644 1055 5667 ,
1087 5610 1145 5659 et
1171 5607 1430 5662 stomachi
1463 5611 1630 5665 nostri
1665 5613 1834 5670 inibo.

246 5690 465 5744 cullitate
491 5730 506 5754 ,
529 5699 690 5760 atque
717 5690 966 5748 lsauricis
985 5693 1411 5762 incursionibus,
1436 5699 1570 5755 nihil
1592 5705 1836 5771 estquod

249 5781 412 5838 nostri
436 5798 596 5840 causa
662 5783 888 5841 sollicita
914 5785 1007 5854 sis,
1027 5786 1273 5861 curisque
1294 5801 1344 5847 te
1364 5793 1630 5851 coniicias.
1654 5795 1838 5856 llicms

1659 363 2040 426 EPISTOLE.

1913 478 2129 552 quidem
2165 475 2262 532 fuit
2287 516 2300 542 ,
2344 471 2515 545 qualis
2542 470 2596 524 in
2624 465 2878 523 Armenia
2902 476 3023 520 esse
3049 459 3223 524 solet;
3251 472 3349 512 nec
3377 456 3520 510 enim

3413 342 3517 400 .590

1916 547 2148 640 amplius
2185 564 2476 638 quidquam
2517 559 2803 617 dicendum
2840 564 2961 620 est;
3013 568 3112 608 nos
3157 561 3339 606 tamen
3383 547 3524 640 haud

1917 639 2242 732 niagnOpere
2269 655 2436 712 laedit.
2484 650 2830 721 llocquippe
2871 643 3294 717 prospicientes,
3337 639 3403 694 ad
3445 639 3526 694 itt-

1918 750 2260 809 commodum
2283 790 2298 815 ,
2336 747 2479 818 quod
2519 745 2646 800 hinc
2682 742 3055 806 contrahitur,
3105 732 3526 807 prepulsandum

1920 846 2086 901 multa
2113 843 2366 899 molimur
2393 858 2408 896 :
2442 838 2696 894 nimirum
2729 843 2786 891 et
2813 835 2991 904 ignem
3031 838 3290 901 perpetuo
3331 838 3528 881 accen-

1923 936 2111 992 dentes
2132 976 2147 1000 ,
2192 942 2248 990 et
2273 931 2577 989 cubiculum
2604 969 2620 994 ,
2661 928 2717 983 in
2759 940 2869 996 quo
2910 934 3345 984 commoramur,
3374 912 3531 971 undi-

1922 1042 2027 1098 que
2052 1024 2396 1096 obsepicntes
2423 1031 2477 1078 et
2499 1018 2743 1090 pluribus
2764 1015 3004 1071 vestibus
3018 1027 3083 1068 ac
3102 1008 3353 1081 stragulis
3381 1013 3529 1098 uten-

1925 1094 2038 1184 tes,
2066 1127 2122 1174 et
2144 1094 2291 1173 domi
2311 1127 2528 1184 semper
2547 1118 2850 1168 manentes.
2868 1103 3026 1173 Quod
3053 1102 3155 1158 etsi
3185 1101 3338 1156 nobis
3363 1094 3535 1154 mole-

1923 1219 2068 1265 stum
2087 1217 2202 1274 est,
2227 1216 2408 1263 tamen
2427 1202 2499 1260 ob
2517 1202 2726 1258 lucrum
2747 1197 2892 1270 quod
2917 1196 3043 1251 hinc
3061 1194 3303 1264 capimus
3334 1190 3530 1246 tolera-

1926 1301 2036 1356 bile
2059 1311 2162 1356 est.
2192 1295 2460 1365 Quamdiu
2502 1294 2648 1350 enim
2692 1291 2836 1348 domi
2875 1304 2976 1346 nos
3021 1297 3301 1352 tenenms,
3340 1283 3537 1354 frigore

1929 1393 2070 1448 haud
2089 1390 2379 1446 admodum
2400 1388 2716 1445 divexamur
2736 1400 2753 1438 :
2776 1383 2859 1438 sin
2880 1389 3060 1438 autem
3075 1379 3408 1450 aliquantum
3424 1389 3538 1446 pro-

1926 1482 2081 1553 gredi
2114 1489 2276 1551 atque
2311 1481 2369 1536 in
2416 1485 2645 1535 externo
2685 1490 2811 1531 aere
2851 1473 3055 1528 versari
3098 1484 3393 1542 cogamur,
3431 1481 3537 1521 nou

1930 1588 2097 1646 parvo
2125 1572 2250 1629 hinc
2278 1569 2608 1630 detrimento
2634 1565 2926 1622 afﬁcimur.
2954 1562 3318 1633 Quamobrem
3359 1570 3414 1616 te
3442 1558 3540 1616 ob-

1929 1681 2108 1735 secro,
2133 1675 2297 1737 atque
2324 1663 2522 1720 summi
2548 1659 2795 1718 beneﬁcii
2814 1660 3108 1730 gratiaeque
3135 1655 3257 1711 loco
3285 1653 3337 1709 id
3362 1652 3460 1709 abs
3485 1657 3540 1707 te

1933 1767 2093 1829 pcto,
2133 1765 2194 1812 ut
2224 1754 2304 1811 .ad
2342 1751 2718 1824 depellendam
2757 1748 3002 1820 corporis
3026 1747 3395 1802 infirmitatem
3422 1757 3540 1798 ma-

1930 1864 2089 1921 gnam
2113 1863 2299 1904 curam
2325 1855 2381 1902 et
2404 1844 2735 1916 diligentiam
2761 1841 3032 1899 conferas.
3055 1838 3268 1895 Etenim
3291 1836 3541 1892 morbum

1932 1940 2146 2011 quidem
2167 1953 2370 1996 mceror
2387 1938 2550 1995 etiam
2579 1936 2715 2006 parit
2733 1953 2746 1989 :
2762 1948 2885 1989 cum
2910 1941 3090 1987 autem
3109 1944 3311 2001 corpus
3329 1943 3545 2000 quoque

1934 2034 2206 2091 laboribus
2228 2033 2571 2097 confectum,
2602 2040 2657 2086 ct
2680 2028 2886 2084 morbis
2927 2026 3264 2083 debilitatum
3297 2031 3417 2090 est,
3450 2037 3542 2077 ne-

1932 2127 2165 2197 glectum
2188 2124 2353 2196 jacet,
2382 2138 2449 2179 ac
2476 2137 2575 2178 nec
2601 2121 2934 2177 medicorum
2958 2133 3083 2189 ope,
3113 2133 3213 2172 nec
3240 2115 3384 2172 aeris
3411 2126 3543 2170 tem-

1935 2216 2118 2287 peric,
2151 2230 2255 2271 nec
2279 2228 2464 2270 rerum
2490 2211 2858 2269 necessarium
2885 2209 3042 2281 copia
3069 2207 3266 2264 fruitur
3298 2224 3313 2261 :
3344 2213 3543 2277 quanta

1937 2306 2062 2362 hinc
2086 2293 2395 2362 acerbitatis
2420 2311 2474 2359 et
2499 2301 2725 2372 periculi
2749 2300 2997 2356 accessio
3022 2299 3144 2365 liat,
3174 2296 3334 2352 velim
3367 2304 3544 2351 tecum

1934 2407 2173 2471 reputes.
2203 2395 2566 2466 Quamobrem
2593 2402 2648 2450 te
2691 2409 2791 2449 oro
2811 2435 2826 2459 ,
2859 2401 2918 2447 ut
2945 2401 3001 2446 et
3028 2390 3209 2446 varios
3238 2389 3544 2460 peritosque

1935 2490 2178 2548 medicos
2192 2488 2472 2554 adhibeas,
2498 2496 2555 2544 et
2573 2486 2639 2543 iis
2659 2485 3070 2542 medicamentis
3089 2483 3278 2549 utaris,
3300 2495 3424 2551 qua:
3447 2484 3544 2535 tnt-

1931 2579 2167 2653 jusmodi
2210 2580 2432 2636 morbos
2472 2577 2679 2650 pellere
2703 2585 2906 2648 queant
2947 2573 3418 2646 :quaudoquidem
3445 2584 3547 2629 nos

1937 2675 2098 2731 etiam
2125 2675 2309 2744 paucis
2333 2682 2457 2727 ante
2476 2670 2689 2736 diebus,
2716 2686 2839 2726 cum
2866 2669 2936 2725 ob
2958 2669 3102 2724 aeris
3121 2676 3322 2723 statum
3349 2664 3545 2737 procli—

1936 2767 2019 2822 vis
2048 2765 2204 2822 nobis
2231 2765 2301 2820 ad
2333 2765 2567 2820 vomitus
2598 2761 2908 2820 stomachus
2930 2769 3104 2828 esset,
3131 2770 3295 2832 atque
3327 2770 3385 2816 et
3423 2757 3548 2815 aliis

1937 2859 2234 2916 curationis
2259 2857 2547 2929 generibus
2572 2897 2589 2924 ,
2615 2864 2673 2911 et
2695 2855 2988 2926 pharmace
3010 2868 3107 2917 eo,
3134 2852 3278 2923 quod
3310 2868 3344 2907 ι
3366 2850 3545 2908 domi-

1938 2969 2006 3010 na
2031 2967 2151 3009 mea
2177 2950 2470 3008 lectissima
2488 2959 2544 3005 et
2561 2947 2906 3005 ornatissima
2927 2945 3204 3018 Syncletio
3224 2944 3301 3018 (α)
3321 2946 3545 3002 missum

1937 3057 2042 3113 est,
2067 3046 2158 3103 usi
2173 3058 2433 3112 essemus,
2463 3058 2565 3100 nec
2587 3040 2722 3098 ultra
2747 3049 2856 3097 tres
2879 3039 2996 3096 dies
3017 3039 3148 3094 illud
3167 3037 3426 3095 adhibere
3450 3052 3544 3093 no-

1941 3139 2026 3196 bis
2051 3152 2275 3195 necesse
2297 3136 2520 3204 fuisset,
2547 3135 2715 3205 ipsius
2743 3131 3164 3190 imbecillitatem
3185 3130 3540 3189 correximus.

1941 3231 2127 3300 itaque
2163 3237 2215 3284 te
2232 3243 2448 3299 quoque
2475 3226 2665 3282 hortor
2691 3233 2853 3296 atque
2878 3239 2976 3280 oro
3002 3235 3060 3279 ut
3085 3224 3169 3278 his
3195 3223 3386 3291 utaris,
3416 3223 3543 3280 des-

1939 3335 2044 3393 que
2063 3334 2284 3391 operam
2309 3331 2368 3374 ut
2407 3317 2714 3389 hujustnodi
2751 3315 3202 3372 medicamentum
3222 3314 3292 3369 ad
3315 3329 3418 3369 nos
3436 3329 3547 3370 rur-

1938 3429 2059 3469 sum
2099 3413 2360 3468 mittatur.
2398 3409 2534 3468 Nam
2557 3423 2680 3465 cum
2710 3407 3000 3480 quamdam
3026 3405 3288 3463 stomachi
3317 3405 3546 3461 subver-

1939 3506 2146 3561 sionem
2174 3518 2390 3561 rursum
2421 3501 2779 3558 sensissemus
2807 3541 2820 3565 ,
2848 3499 3042 3556 eodem
3083 3514 3297 3554 rursum
3324 3495 3547 3554 remedii

1939 3611 2141 3670 genere
2167 3596 2284 3664 usi,
2327 3594 2531 3652 malum
2559 3592 2781 3648 omnino
2807 3591 3228 3664 profligavimus.
3260 3590 3468 3662 Quippe
3494 3600 3550 3645 et

1941 3689 2392 3745 inﬂammationes
2430 3687 2484 3742 in
2514 3685 2624 3740 imo
2652 3693 2870 3754 pectore
2897 3683 3143 3740 conditas
3167 3681 3357 3749 sedat,
3385 3691 3440 3739 et
3467 3681 3550 3752 pi-

1942 3781 2132 3838 tuitam
2158 3777 2434 3846 exhaurit,
2461 3789 2515 3833 et
2544 3775 2802 3833 mediocri
2823 3776 3006 3833 calore
3028 3774 3318 3846 pncditum
3348 3784 3463 3842 est,
3491 3783 3548 3830 ct

2004 3961 2168 4028 (0)-“!
2190 3965 2356 4028 σφεων
2378 3955 2580 4019 Mill",
2600 3965 2699 4027 ³·οέ
2719 3970 2784 4014 τῆς
2800 3967 2923 4028 99‘“
3117 3964 3368 4028 ιοσιεικτάης
3391 3963 3547 4028 κέρδη

1939 4013 2037 4076 τώ.
2060 4013 2136 4071 ὲίο
2155 4021 2344 4070 habent
2363 4013 2538 4068 om'nes
2558 4013 2755 4066 omnino
2800 4013 2907 4066 MSS.
2941 4013 3080 4075 miti,
3118 4013 3354 4076 ιυτᾲλητιιςς
3371 4052 3385 4073 ,
3418 4013 3547 4076 quod

1939 4049 2037 4076 τισι).
2061 4049 2136 4071 an;
2155 4049 2344 4070 ιιαυσυι
2363 4049 2538 4068 υιιιιιω
2558 4049 2755 4066 υιιιιιιιιν
2800 4049 2907 4066 ιιιω.
2943 4049 3080 4075 νων,
3185 4049 3354 4076 ...ναν
3371 4052 3385 4073 ,
3418 4049 3547 4076 ιιι-ν..

1939 4085 2229 4148 dignitatem
2251 4079 2464 4148 aliquam
2483 4076 2776 4148 significare
2786 4083 3083 4148 putaverunt
3118 4049 3285 4126 mlius
3303 4083 3356 4126 et
3375 4083 3549 4148 Fronto

1939 4139 2160 4210 titi'eazus,
2182 4144 2268 4208 qui
2291 4139 2590 4210 postremus
2604 4140 2727 4210 hanc
2763 4139 2916 4210 habet
2937 4145 3153 4210 potam;
3179 4151 3451 4210 mptvgy.
3474 4143 3547 4187 Ita

1941 4198 2267 4260 Perroniim'us
2287 4198 2336 4256 et
2366 4201 2591 4254 Sambuci
2619 4200 2811 4251 varians
2853 4198 2994 4252 lectio
3025 4213 3042 4250 :
3085 4206 3137 4250 at
3174 4198 3276 4259 duo
3297 4198 3386 4249 alii
3411 4209 3547 4258 ωε..

1941 4281 2155 4337 Iugarius
2177 4265 2404 4337 mendose
2433 4277 2452 4314 :
2476 4277 2597 4337 nant
2614 4266 2678 4337 'u_t
2702 4275 2936 4337 ῑιπιλητιιός
2959 4269 3163 4337 senator
3178 4269 3249 4312 est
3267 4261 3401 4337 apud
3429 4260 3546 4337 ldu-

1941 4323 2166 4382 ta'rcitum
2202 4334 2249 4379 et
2273 4326 2553 4388 Lucianwn,
2580 4331 2696 4388 teste
2733 4323 2932 4388 (iudico,
2972 4323 3041 4375 ita
3069 4336 3284 4386 ευτιληταιί
3300 4323 3549 4373 Senatorii:

1942 4406 2069 4444 uxor
2096 4405 2115 4443 ἔ
2443 4401 2509 4439 ea:
2539 4385 2700 4437 'nione
2729 4385 3019 4453 instemus,
3058 4404 3152 4447 μισῶ
3191 4412 3252 4443 σι,
3279 4401 3452 4453 Καῖσιξρ,
3491 4395 3547 4436 ὅτι

1943 4466 2175 4518 ιντιληςιιρς
2199 4447 2261 4505 ξιτ
2285 4452 2461 4518 edite,
2478 4458 2653 4518 caesar,
2667 4449 2800 4518 quod
2823 4455 3022 4518 Senator
3039 4461 3097 4518 es
3118 4462 3130 4496 :
3153 4447 3450 4518 nequeenim
3467 4459 3548 4518 αςιτ

1942 4507 2245 4568 άὶὲηᾶυϊαι
2265 4507 2566 4582 Sylburgius,
2691 4507 2897 4582 innima,
2921 4507 3468 4582 quodsenatoriuses.
3492 4507 3547 4558 id

1943 4567 2030 4638 est,
2055 4583 2252 4643 senatus
2270 4567 2572 4643 st'udiqs'ior}
2597 4567 2838 4643 Siquidem
2855 4567 3036 4643 periret
3053 4569 3190 4621 istius
3224 4569 3342 4640 dicti
3368 4567 3500 4633 lepos
3529 4583 3548 4620 .'

1944 4631 2074 4692 certe
2095 4639 2229 4702 apud
2255 4636 2508 4704 Patauium
2529 4635 2634 4699 lego
2654 4631 2708 4704 in
2728 4631 2968 4704 Cannensi
2990 4647 3153 4697 pugna
3174 4631 3377 4704 periisse
3384 4631 3545 4704 591.13.:

1944 4715 2064 4762 τιιοῦς
2085 4692 2309 4766 τφίάιογει,
2335 4698 2464 4762 quod
2490 4692 2748 4766 Eutropius
2772 4692 3000 4766 dixerat;
3034 4692 3298 4746 senatores
3325 4692 3458 4766 xx_x.
3484 4692 3547 4744 At

1945 4756 2174 4814 existimo
2205 4756 2308 4813 hoc
2332 4756 2447 4812 esse
2485 4756 2721 4810 matronae
2751 4758 3001 4819 cujusdam
3038 4771 3216 4807 nomen
3257 4756 3504 4818 proprium
3533 4769 3543 4802 :

1937 4828 2038 4889 jam
2060 4825 2267 4889 quaestio
2290 4831 2368 4874 est
2385 4836 2448 4873 ex
2472 4822 2672 4889 duabus
2683 4819 2994 4877 lectionibus,
3011 4827 3129 4889 utra
3150 4821 3215 4869 sit
3234 4820 3380 4867 ateri
3404 4826 3548 4889 ante-

1944 4881 2163 4938 ieren'da.
2187 4895 2368 4936 Otones
2391 4894 2496 4936 Mss.
2522 4884 2678 4945 nostri
2713 4895 2919 4945 numero
2942 4883 3177 4945 quinque,
3198 4893 3438 4943 aureum.
3465 4881 3549 4929 hac

1942 4951 2082 5009 bent,
2102 4957 2156 4999 et
2171 4950 2235 4998 ita
2259 4960 2457 5010 quoque
2479 4943 2699 5003 Savilius,
2727 4952 2779 5010 e_t
2800 4943 2899 4992 duo
2923 4943 2984 4993 ei:
3017 4951 3122 4992 Mss.
3150 4957 3179 4993 a
3201 4949 3439 5010 Frontone
3459 4949 3550 4991 tm-

1942 5023 2047 5062 οπο
2069 5005 2352 5060 memoratis
2365 5005 2389 5072 ,ί
2410 5010 2495 5072 qui
2529 5015 2697 5072 tamen
2738 5005 2966 5072 fortasse_
2987 5019 3050 5072 ex
3086 5018 3295 5072 numero
3329 5006 3550 5067 quinque

1941 5080 2048 5123 Uss.
2074 5080 2350 5122 nostrorum
2370 5067 2552 5121 fuerint
2576 5083 2588 5118 :
2617 5077 2669 5119 et
2685 5068 2776 5118 hoc
2797 5082 2920 5117 vere
2944 5067 3097 5117 fuisse
3122 5071 3346 5116 Matrona:
3370 5080 3551 5117 nomen

1940 5137 2167 5201 arbitror,
2187 5132 2479 5201 Syncletion,
2516 5131 2598 5201 _vel_
2630 5129 2952 5201 ςςιιςΙ-ᾳιίιιιιιἸ
2981 5138 3036 5179 ut
3073 5129 3361 5201 glycerium,
3380 5135 3552 5180 Eusto-

1941 5198 2120 5254 chium.
2149 5191 2199 5248 et
2214 5191 2312 5246 alia
2336 5195 2487 5245 multa
2520 5191 2799 5257 hujusutodi
2826 5191 3172 5257 nominarﬁlia
3194 5191 3361 5257 lectio,
3388 5204 3548 5257 ῑυττᾳη-

1941 5277 2042 5319 ταιῆς
2055 5298 2068 5319 ,
2087 5253 2118 5308 a
2135 5259 2343 5308 librariis
2364 5259 2539 5308 Graecis
2562 5253 2753 5305 inducta
2768 5254 2945 5319 fuerit,
2975 5255 3156 5319 quibus
3177 5255 3334 5316 notior
3349 5253 3548 5319 synclc-

1942 5316 2065 5382 tica,
2079 5334 2190 5384 quae
2215 5323 2264 5384 in
2286 5327 2564 5384 Sanctorum
2587 5316 2828 5384 tegendis
2842 5320 2958 5384 etin
2975 5317 3169 5365 Menaeis
3189 5316 3420 5384 occurrit.
3443 5323 3550 5384 Marc

1941 5379 2111 5433 autem
2129 5385 2179 5432 in
2200 5383 2394 5432 duobus
2432 5381 2589 5431 solum
2631 5379 2737 5428 Mss.
2779 5379 3006 5427 habetur.
3046 5385 3344 5427 Memorattzr‘
3376 5379 3425 5425 in
3450 5379 3550 5426 \ita

1939 5445 2256 5509 chrysostomi
2278 5457 2367 5506 per
2389 5443 2648 5509 Palladium
2664 5455 2774 5503 cap.
2795 5442 2853 5489 li
2875 5439 3154 5509 Sy_ncletius
3163 5443 3421 5509 cpiscopus
3436 5446 3547 5509 ἸΨ-

1935 5499 2296 5570 janépolitantts
2320 5520 2332 5555 :
2361 5507 2453 5556 viri
2477 5517 2655 5570 nomen
2681 5499 2767 5570 est
2804 5499 3090 5570 Synﬁlctitts,
3133 5499 3546 5570 ieiunia-avlide-

1942 5563 2078 5626 lium",
2107 5569 2311 5631 perinde
2335 5576 2486 5631 atque
2507 5567 2757 5630 Glycerius
2783 5563 3154 5631 etjclycerium;
3190 5563 3478 5631 Epll-litlfillls
3500 5572 3550 5631 ct

1940 5626 2270 5694 Epiphanium,
2296 5626 2441 5693 quam
2467 5626 2762 5694 posticulam
2787 5626 2922 5694 inira
2941 5634 3262 5694 memoratam
3283 5626 3476 5694 videbis
3501 5628 3547 5672 in

1941 5688 2146 5754 epistola
2167 5688 2374 5757 quadam
2391 5688 2651 5757 Constantii
2678 5690 2972 5757 presbyteri.
3018 5688 3359 5757 Tillcmoutius
3381 5688 3545 5757 ctimn,

1933 5749 2203 5871 ἑᾴηλητιῆςζ
2230 5763 2282 5806 ιιι
2308 5754 2565 5818 lugebatur
2593 5755 2643 5803 in
2679 5749 2854 5811 iiditis',
2886 5765 2971 5814 pro
3011 5753 3206 5800 nomine
3234 5763 3428 5813 prnptn-
3463 5749 3522 5797 lia

1970 5830 2059 5871 uit.

1970 5830 2059 5872 till.
