4078 6444
545 356 640 410 li'll
1241 365 1294 421 S.
1335 364 1610 424 303:4le
1645 367 2119 426 CIIRYSOSTOMI

2235 369 2471 426 lCHlEP.
2514 371 3044 430 CONSTANTINOP.

535 470 771 539 vigorem
801 472 937 529 haud
967 476 1232 547 vulgarem
1259 479 1412 535 affert
1430 523 1444 547 ,
1474 472 1528 537 et
1550 483 1791 539 ciborum
1818 486 2106 554 appetitum

539 564 737 618 excitat
783 582 799 620 :
847 575 1005 637 atque
1048 569 1234 626 barum
1274 574 1511 628 omnium
1540 591 1721 631 rerum
1753 577 1906 632 nobis
1933 577 2113 647 paucis

540 652 728 708 diebus
774 658 1194 725 experimentum
1235 663 1485 732 praebuit.
1529 665 1636 722 Fac
1678 668 1836 738 igitur
1869 667 2114 724 dominus

545 758 696 799 meus
717 759 838 801 cum
859 749 1043 817 primis
1065 755 1395 808 venerandus
1420 755 1742 826 Theophilus
1770 759 1960 814 Comes
1988 774 2115 813 exo-

543 842 692 888 retur
707 876 722 900 ,
750 846 806 890 ut
827 838 979 892 nobis
1001 856 1208 896 rursum
1229 843 1368 899 idem
1388 846 1832 901 medicamentum
1849 848 2113 912 conﬁciat,

541 936 703 994 atque
727 926 791 980 ad
829 942 925 982 nos
954 928 1148 984 mittat.
1175 931 1284 988 Nec
1312 949 1440 989 vero
1464 935 1566 990 hoc
1594 936 1807 992 nomine
1831 936 2118 992 discrucio-

543 1017 617 1070 ris
641 1055 658 1082 ,
699 1019 839 1088 quod
885 1036 984 1076 nos
1022 1021 1108 1077 hic
1151 1023 1444 1080 hiememus
1483 1043 1498 1080 :
1539 1025 1708 1082 multo
1733 1029 1871 1083 enim
1901 1030 2120 1085 meliore

545 1123 688 1164 nunc
712 1118 870 1181 atque
903 1115 1286 1183 commodiore,
1317 1132 1474 1187 quam
1501 1121 1759 1189 superiori
1782 1135 1942 1185 anno,
1975 1121 2120 1176 vale-

546 1197 730 1254 tudine
763 1216 950 1256 sumus
995 1221 1010 1258 :
1055 1220 1220 1275 quare
1242 1208 1284 1261 si
1327 1216 1382 1261 tu
1418 1224 1632 1279 quoque
1656 1251 1671 1277 ,
1701 1225 1859 1281 quam
1890 1226 1986 1282 par
2003 1221 2118 1278 est,

546 1302 729 1344 curam
773 1290 1077 1361 adhibens,
1122 1297 1288 1351 multo
1331 1297 1525 1353 melius
1551 1300 1779 1356 valeres.
1810 1301 1960 1368 Quod
1985 1303 2029 1355 si
2055 1317 2119 1356 ex

554 1380 717 1434 animi
745 1383 994 1437 maestitia
1019 1386 1234 1440 morbos
1256 1397 1372 1442 tuos
1392 1398 1564 1444 ortum
1582 1390 1794 1447 duxisse
1815 1393 1914 1457 ais,
1935 1393 2121 1462 ecquid

549 1484 735 1526 rursus
777 1487 809 1526 ι
855 1474 1007 1527 nobis
1050 1475 1305 1543 epistolas
1334 1480 1589 1549 requiris,
1621 1495 1739 1535 cum
1771 1481 1894 1537 hinc
1921 1482 1986 1535 ad
2016 1483 2124 1536 ala-

549 1560 793 1616 critalem
821 1563 985 1617 animi
1010 1566 1142 1620 nihil
1173 1568 1374 1623 fruetus
1401 1571 1640 1639 ceperis,
1672 1586 1852 1627 verum
1879 1573 2125 1628 maeroris

552 1651 710 1706 undis
736 1653 810 1707 ita
827 1654 1070 1709 demersa
1099 1657 1169 1710 sis
1195 1700 1210 1722 ,
1241 1667 1298 1712 ut
1325 1674 1465 1714 nunc
1484 1661 1643 1715 etiam
1673 1677 1738 1716 ex
1767 1661 1868 1717 bac
1887 1663 1992 1717 vita
2021 1665 2122 1716 mi-

552 1755 716 1809 grare
767 1744 1000 1811 cupias?
1051 1748 1132 1800 An
1188 1749 1397 1819 ignoras
1443 1763 1636 1822 quanta
1691 1753 1881 1809 anima:
1930 1755 2126 1824 gratias

553 1832 729 1900 agenti
753 1842 968 1901 propter
992 1835 1234 1892 morbum
1257 1855 1470 1911 quoque
1490 1856 1699 1898 merces
1717 1845 2001 1899 constituta
2022 1846 2128 1900 sit?

553 1927 748 1978 Annon
772 1924 837 1980 de
863 1925 960 1982 hac
982 1943 1040 1982 re
1059 1938 1112 1983 et
1133 1945 1310 1985 ceram
1332 1974 1348 1999 ,
1387 1943 1441 1988 et
1473 1949 1568 2004 per
1600 1935 1781 1992 literas
1806 1952 2044 2008 persmpe
2061 1938 2127 1993 ad

557 2023 609 2090 te
651 2014 920 2074 disserui?
961 2022 1030 2076 At
1074 2025 1324 2094 quoniam
1359 2036 1414 2082 te
1440 2027 1665 2085 fortasse
1688 2030 1773 2086 vel
1798 2031 2127 2102 negotiorum

556 2107 708 2160 turba
727 2149 742 2174 ,
772 2110 854 2165 vel
876 2110 984 2180 ipsa
1015 2113 1184 2169 morbi
1218 2125 1431 2181 natura,
1458 2128 1513 2173 et
1537 2119 1738 2176 crebrae
1756 2120 2126 2188 adversitates,

553 2212 738 2253 eorum
777 2216 895 2272 qua:
936 2219 964 2257 a
1002 2205 1154 2263 nobis
1178 2206 1316 2262 dicta
1343 2211 1801 2266 sunt'memoriam
1829 2212 2010 2266 animo
2038 2223 2128 2267 tuo

557 2303 813 2360 perpetuo
860 2296 1178 2353 insidentem
1219 2300 1416 2356 habere
1460 2316 1566 2357 non
1609 2302 1822 2369 sinunt,
1871 2302 1992 2358 audi
2034 2317 2131 2358 nos

557 2398 772 2438 rursum
821 2391 1068 2444 mmroris
1118 2392 1191 2445 tui
1241 2391 1499 2448 ulceribus
1543 2392 1727 2448 eadem
1773 2393 2074 2450 accinentes
2112 2411 2126 2447 :

559 2476 755 2533 Eadem
777 2481 905 2534 enim
928 2481 1158 2546 scribere,
1187 2483 1311 2537 mihi
1332 2485 1531 2554 quidem
1561 2502 1660 2540 non
1683 2486 1901 2557 pigrum,
1927 2487 2126 2558 inquit.

557 2571 695 2624 vobis
722 2581 887 2625 autem
917 2583 1075 2626 tntum
1103 2583 1174 2627 est
1196 2573 1448 2646 (Philipp.
1477 2577 1528 2632 5.
1564 2577 1636 2645 l).

628 2662 683 2716 Ξ.
743 2661 990 2716 Patientia
1051 2665 1178 2718 nihil
1227 2665 1537 2735 gloriosius;
1577 2669 1749 2722 morbo
1804 2669 1933 2724 nihil
1992 2686 2130 2724 acer-

559 2753 687 2806 bius.
708 2783 778 2794 ——
797 2752 933 2821 Quid
977 2753 1134 2824 igitur
1177 2756 1293 2822 aio,
1328 2771 1391 2810 ac
1418 2757 1583 2812 literis
1611 2759 1836 2813 mando?
1863 2757 2000 2814 Nihil
2029 2769 2130 2825 est,

563 2844 863 2916 Olympias,
918 2847 1056 2914 quod
1102 2848 1167 2901 ad
1229 2849 1432 2903 laudem
1474 2859 1528 2903 et
1565 2851 1785 2920 gloriam
1836 2852 2130 2921 adipiscen-

560 2934 681 2988 dam
707 2949 828 2989 cum
853 2937 1099 3005 patientia
1125 2939 1174 2990 in
1196 2937 1466 2993 doloribus
1485 2939 1814 3008 perferendis
1836 2942 2134 3011 comparari

562 3028 748 3095 possit.
780 3027 909 3082 Nam
936 3043 998 3082 ea
1021 3029 1311 3097 prtesertim
1333 3029 1584 3084 virtutum
1609 3031 1812 3102 regina,
1836 3039 1888 3086 et
1910 3046 2135 3086 corona-

563 3131 679 3170 rum
721 3132 852 3186 apex
898 3129 1093 3174 estzet
1121 3119 1563 3189 quemadmodum
1605 3135 1667 3175 ea
1699 3120 1980 3177 virtutibus
2014 3122 2136 3177 aliis

564 3216 813 3274 prastat,
859 3209 926 3261 ita
966 3209 1016 3262 in
1056 3224 1116 3264 ea
1154 3210 1252 3264 hoc
1289 3209 1617 3280 petissimum
1647 3225 1813 3281 genus
1841 3212 1957 3266 aliis
1984 3222 2133 3268 ante-

564 3296 728 3350 cellit.
770 3297 1056 3353 Obscurius
1100 3299 1370 3370 aliquanto
1421 3299 1643 3356 fortasse
1689 3311 1772 3356 est
1809 3303 1950 3372 quod
1990 3302 2129 3368 dico.

565 3387 761 3445 idcirco
795 3390 999 3459 planius
1032 3406 1095 3446 ae
1131 3391 1410 3447 dilucidius
1450 3393 1588 3447 istud
1628 3393 1838 3448 faciam.
1871 3394 2131 3462 Quidnam

562 3484 722 3553 igitur
763 3491 843 3537 est
889 3482 1028 3552 quod
1074 3485 1197 3538 aio?
1235 3482 1351 3539 Non
1398 3484 1587 3554 opibus
1633 3485 1880 3554 spoliari,
1925 3486 2130 3540 etiamsi

562 3576 808 3629 omnibus
843 3589 1057 3644 prorsus
1083 3575 1418 3632 facultatibus
1446 3577 1701 3646 quispiam
1733 3577 1991 3645 nudetur,
2027 3593 2131 3633 non

563 3666 768 3721 honore
790 3666 964 3734 dejici,
999 3681 1102 3721 non
1131 3668 1312 3736 patriis
1339 3665 1554 3722 sedibus
1581 3667 1872 3734 exturbari,
1898 3677 2054 3737 atque
2081 3669 2133 3722 in

563 3757 805 3811 exsilium
836 3758 1058 3824 abduci,
1088 3773 1189 3812 non
1219 3756 1488 3813 laboribus
1533 3773 1595 3814 ac
1635 3757 1917 3814 sudoribus
1940 3760 2134 3814 distor-

564 3849 712 3916 qut-ri
732 3890 745 3912 ,
779 3864 882 3902 non
913 3863 1179 3903 carcerem
1210 3849 1439 3904 incolere
1465 3863 1528 3904 ac
1557 3851 1759 3903 catenis
1781 3851 1998 3914 vinciri,
2029 3865 2134 3903 non

567 3941 779 4009 probra,
810 3951 865 3995 et
894 3942 1149 4005 convicia,
1182 3950 1236 3995 et
1262 3951 1583 4005 scommata;
1630 3957 1800 4010 neque
1844 3943 1987 3998 enim
2017 3957 2138 4013 par-

563 4047 687 4084 vum
720 4031 1012 4085 tolerantia:
1058 4046 1224 4099 genus
1266 4045 1386 4086 esse
1429 4032 1706 4086 existimes
1743 4046 1831 4086 res
1877 4032 2134 4100 ejusmodi

566 4133 784 4177 strenuo
819 4123 998 4178 animo
1040 4122 1214 4190 ferre,
1257 4124 1414 4193 idque
1457 4124 1690 4180 ostendit
1726 4123 2011 4192 Jeremias,
2057 4126 2137 4179 vir

565 4223 741 4268 tantus
772 4224 980 4283 tamque
1000 4214 1232 4268 eximius
1254 4215 1340 4283 qui
1368 4213 1466 4267 hac
1494 4215 1784 4269 tentatione
1807 4229 1912 4270 non
1937 4215 2138 4270 medio-

566 4305 727 4357 critcr
767 4313 1067 4358 commotus
1103 4317 1165 4357 ac
1209 4303 1548 4374 perturbatus
1586 4312 1669 4359 est
1708 4301 1837 4373 (Jer.
1872 4303 1997 4374 15);
2031 4320 2135 4357 non

564 4395 850 4448 liberorum
893 4394 1107 4448 amissio
1131 4434 1148 4459 ,
1186 4393 1393 4450 etiamsi
1438 4409 1624 4448 omnes
1660 4395 1935 4463 repentina
1966 4404 2139 4448 morte

566 4484 928 4552 abripiantur,
961 4499 1066 4539 non
1112 4484 1293 4539 hostes
1333 4483 1637 4553 frequenter
1666 4485 1999 4552 insultantes,
2032 4499 2136 4540 non

564 4573 709 4629 aliud
735 4573 1002 4644 quidpiam
1026 4573 1306 4644 ejusmodi,
1331 4589 1436 4629 non
1459 4575 1685 4644 denique
1706 4589 1851 4630 mors
1871 4575 2000 4644 ipsa,
2020 4590 2138 4645 quae

565 4681 746 4720 rerum
775 4667 1010 4721 omnium
1035 4708 1050 4734 ,
1079 4683 1196 4737 qua:
1222 4666 1478 4722 molestiae
1503 4676 1557 4723 et
1581 4667 1881 4722 acerbitatis
1907 4668 2137 4736 speciem

567 4756 795 4823 habent,
828 4767 984 4827 caput
1009 4769 1110 4823 est,
1140 4768 1299 4828 atque
1328 4775 1493 4828 usque
1536 4757 1671 4813 adeo
1717 4757 2060 4813 formidabilis
2087 4769 2141 4814 et

568 4847 830 4903 horrenda
859 4857 959 4912 est,
1001 4865 1150 4917 teque
1178 4851 1353 4920 gravis
1381 4859 1436 4904 et
1458 4850 1669 4916 acerba,
1699 4859 1755 4904 ut
1776 4850 1993 4905 adversa
2018 4864 2139 4905 cor-

569 4941 710 5009 poris
733 4940 1000 4996 valetudo.
1033 4941 1128 4994 Cui
1152 4942 1227 4995 rei
1249 4941 1551 4996 testimonio
1571 4949 1654 4996 est
1671 4955 1911 4996 summus
1931 4940 2020 4996 ille
2043 4957 2135 5011 pa-

568 5030 768 5084 tientia:
793 5025 936 5100 pugtl
968 5029 1134 5100 (Job),
1156 5031 1244 5101 qui
1265 5039 1542 5101 postquam
1564 5031 1615 5086 in
1639 5033 1876 5101 corporis
1895 5032 2136 5087 morbum

569 5117 781 5185 incidit,
825 5121 1172 5188 prementium
1219 5120 1480 5176 malorum
1509 5119 1874 5190 depulsionem
1915 5136 2138 5181 mortem

566 5225 687 5265 esse
706 5209 992 5279 judicavit;
1023 5220 1074 5266 et
1104 5211 1334 5281 quidem,
1363 5226 1481 5266 eum
1509 5223 1698 5267 cuncta
1717 5213 1817 5267 alia
1836 5226 2140 5284 perpetere-

567 5311 674 5365 tur,
708 5299 927 5355 minime
950 5300 1235 5368 sentiebat,
1255 5302 1493 5372 quamvis
1517 5303 1677 5358 etiam
1704 5304 1917 5360 crebras
1936 5306 2142 5376 sibique

565 5391 799 5445 invicem
824 5391 1169 5447 succedentes
1199 5394 1377 5462 plagas
1403 5394 1697 5463 accipiens.
1730 5409 1792 5449 ac
1818 5407 2138 5465 postremam

566 5484 961 5540 acerbissimam
983 5493 1038 5538 et
1060 5483 1292 5539 letalem.
1317 5483 1497 5555 Neque
1517 5486 1657 5540 enim
1689 5485 1792 5541 hoc
1815 5488 1992 5557 exigui
2021 5504 2139 5542 mo-

570 5575 732 5631 menti
771 5589 891 5632 esse
932 5576 1218 5646 putandum
1258 5588 1376 5643 est,
1418 5594 1602 5634 verum
1648 5590 1899 5635 extremae
1933 5596 2141 5652 quoque

569 5671 682 5740 ejus
703 5712 716 5734 ,
763 5667 852 5738 qui
892 5668 1087 5724 bellum
1119 5669 1214 5740 ipsi
1257 5669 1534 5735 inferebat,
1568 5671 1916 5741 improbitatis
1943 5682 1996 5727 et
2019 5687 2140 5726 ver-

573 5761 744 5823 suti-.r,
783 5758 920 5834 quod
951 5773 1055 5818 non
1098 5761 1296 5818 recenti
1341 5769 1393 5818 ct
1437 5770 1655 5834 vegeto,
1687 5777 1750 5820 ac
1775 5771 1883 5820 tum
1909 5764 2138 5836 primum

3681 371 3797 429 599

2220 486 2270 539 in
2297 495 2566 542 certamen
2608 488 2971 556 descendenti,
3004 490 3096 545 scd
3122 491 3231 560 jam
3257 489 3629 545 continuerunt
3661 489 3798 543 telo-

2219 594 2334 633 rum
2384 579 2528 634 mole
2574 581 2836 646 confecto,
2882 593 2992 636 tum
3038 582 3266 650 denique
3314 580 3644 635 mortiferum
3699 580 3795 632 hoc

2220 667 2433 731 vulnus,
2478 669 2705 724 ﬁliorum
2750 686 2940 740 nempe
2983 671 3252 725 interitum
3274 712 3297 734 ,η
3337 669 3590 735 inferret,
3641 669 3801 737 idque

2223 767 2327 812 tam
2354 759 2586 828 graviter
2621 769 2676 814 et
2713 761 2902 816 acerbe
2925 801 2941 828 ,
2989 770 3045 815 ut
3084 776 3149 815 ex
3192 771 3416 828 utroque
3454 775 3585 815 sexu
3612 774 3802 813 omnes

2221 849 2416 915 subito,
2447 859 2503 906 et
2537 850 2815 904 immatura
2855 860 3039 918 aetate,
3069 861 3124 905 et
3165 851 3390 906 violenta
3425 860 3598 905 morte
3623 850 3804 917 oppri-

2223 948 2408 1004 meret,
2432 953 2495 992 ac
2515 940 2702 993 mortis
2720 939 2936 994 modum
2963 950 3433 1009 extemporaueum
3465 941 3592 1008 ipsis
3621 947 3802 992 tuum-

2224 1029 2332 1084 lum
2375 1029 2633 1085 efﬁceret.
2679 1030 2862 1101 Neque
2909 1033 3049 1086 enim
3097 1043 3247 1102 pater
3284 1033 3524 1102 jacentes
3568 1033 3620 1086 in
3667 1031 3806 1084 lecto

2225 1119 2377 1184 vidit,
2409 1135 2506 1175 nec
2537 1135 2725 1174 manus
2752 1122 3089 1176 exosculatus
3114 1133 3216 1189 est,
3245 1135 3345 1177 nec
3372 1131 3614 1176 extrema
3640 1120 3804 1174 verba

2225 1212 2430 1280 excepit
2453 1251 2468 1275 ,
2506 1226 2603 1265 nec
2633 1211 2795 1280 pedes
2820 1223 2873 1267 et
2896 1227 3066 1283 genua
3109 1214 3300 1283 tetigit,
3327 1228 3426 1268 nec
3453 1211 3805 1268 moribundo-

2226 1317 2342 1355 rum
2381 1315 2472 1354 ora
2515 1303 2812 1366 contraxit,
2853 1302 3141 1371 oculosque
3183 1302 3400 1368 clausit;
3437 1317 3554 1372 qua:
3587 1300 3806 1371 quidem

2226 1392 2551 1461 parentibus,
2581 1406 2700 1445 cum
2727 1407 2755 1445 a
2785 1392 2908 1447 ﬁliis
2933 1393 3276 1460 divelluntur,
3301 1408 3405 1447 non
3433 1406 3649 1462 parvam
3677 1405 3810 1445 cou-

2227 1481 2537 1535 solationem
2586 1479 2844 1546 afferunt;
2896 1497 2994 1537 nec
3035 1482 3160 1536 aliis
3205 1482 3271 1536 ad
3323 1484 3621 1552 sepulcrum
3671 1495 3810 1550 pra:-

2229 1570 2406 1625 missis
2433 1571 2564 1624 alios
2590 1569 2730 1625 domi
2763 1571 2965 1626 invenit
2983 1614 2997 1637 ,
3023 1588 3087 1626 ex
3112 1586 3336 1642 quorum
3363 1582 3580 1642 aspectu
3609 1585 3808 1626 mcero-

2229 1677 2364 1727 rem,
2397 1678 2554 1732 quem
2583 1663 2617 1717 ii
2646 1664 2735 1732 qui
2762 1679 2792 1718 e
2818 1665 2922 1718 vita
2952 1674 3328 1730 excesserant,
3353 1665 3451 1734 ipsi
3481 1663 3807 1726 allerebaut,

2230 1753 2490 1807 minueret
2517 1771 2530 1807 :
2555 1768 2740 1808 verum
2785 1755 3016 1809 convivii
3049 1763 3308 1823 tempore,
3340 1765 3394 1810 et
3430 1754 3642 1825 quidem
3675 1769 3808 1808 con-

2230 1841 2374 1906 vivii,
2406 1857 2510 1896 non
2541 1842 2883 1911 temulentia,
2927 1845 3019 1898 sed
3058 1845 3278 1899 caritate
3302 1843 3562 1910 conferti,
3609 1845 3660 1897 in
3706 1843 3812 1895 fra-

2232 1934 2367 1987 terni
2413 1933 2612 1987 amoris
2648 1949 2865 2000 mensa,
2905 1948 3066 2004 super
3105 1944 3276 1989 torum
3318 1934 3577 2004 jacentes,
3619 1947 3814 1988 omnes

2229 2023 2470 2079 defossos
2498 2034 2658 2094 atque
2691 2024 2913 2080 obrutos
2942 2041 3062 2081 esse
3085 2027 3325 2091 audivit,
3357 2028 3641 2095 omniaque
3669 2026 3814 2079 inter

2231 2131 2290 2172 se
2314 2118 2476 2171 mixta
2502 2117 2668 2172 fuisse
2687 2159 2702 2183 ,
2729 2117 2979 2172 nimirum
3008 2133 3254 2173 cruorem
3275 2160 3290 2185 ,
3317 2117 3554 2183 domum,
3586 2115 3775 2186 pocula
3793 2158 3811 2182 ,

2233 2216 2428 2264 tectum
2453 2249 2470 2274 ,
2513 2223 2788 2273 mensam,
2837 2209 3146 2280 pulverem,
3190 2209 3423 2263 membra
3466 2207 3713 2262 ﬁliorum.
3747 2207 3815 2261 Et

2234 2309 2411 2355 tamen
2434 2315 2555 2355 eum
2583 2299 2696 2355 hmc
2723 2300 3010 2367 audiisset,
3037 2315 3100 2354 ac
3129 2301 3274 2369 prius
3297 2301 3454 2354 etiam
3482 2299 3582 2354 alia
3611 2314 3730 2368 qua:
3761 2308 3817 2352 et

2235 2391 2347 2460 ipsa
2373 2393 2552 2461 gravia
2579 2400 2634 2446 et
2657 2391 2847 2446 acerba
2881 2401 3064 2460 erant;
3107 2407 3228 2445 nam
3269 2400 3323 2446 et
3360 2391 3432 2444 illi
3472 2390 3574 2444 alia
3618 2392 3818 2444 misere

2236 2483 2535 2549 perierant;
2585 2481 2843 2552 pecudum
2895 2495 3116 2552 greges,
3164 2491 3217 2535 et
3257 2479 3498 2533 universa
3538 2485 3813 2540 armenta,

2237 2574 2425 2642 partim
2457 2574 2577 2642 igne
2606 2573 2812 2627 cmlitus
2845 2573 2992 2641 lapso
3016 2572 3325 2640 absumpta,
3370 2571 3559 2639 partim
3589 2584 3616 2622 a
3649 2569 3815 2622 variis

2238 2666 2476 2720 hostibus
2520 2675 2738 2733 repente
2778 2665 3033 2731 abrepta,
3075 2672 3130 2717 et
3169 2678 3288 2716 cum
3332 2662 3458 2731 ipsis
3502 2661 3806 2730 pastoribus

2237 2757 2447 2812 concisa
2472 2766 2526 2811 et
2547 2756 2854 2809 obtruncata
2883 2753 3045 2808 fuisse
3071 2754 3344 2823 improbus
3367 2752 3520 2820 hujus
3543 2750 3816 2820 tragmdite

2238 2849 2454 2902 nuntius
2500 2844 2788 2912 referebat;
2844 2859 2997 2908 cum,
3028 2845 3278 2914 inquam,
3309 2851 3507 2895 tantam
3553 2841 3604 2894 in
3642 2841 3813 2909 agris,

2237 2937 2376 2992 domi
2403 2977 2417 3001 ,
2461 2938 2511 2989 in
2559 2935 2879 3005 pecudibus,
2929 2938 2981 2987 tn
3027 2933 3208 2987 liberis
3257 2940 3622 3000 tempestatem
3668 2928 3816 2984 brevi

2240 3029 2493 3099 temporis
2537 3035 2808 3081 momento
2854 3025 3173 3088 excitatam,
3227 3021 3525 3091 fluctusque
3571 3019 3818 3074 fluctibus

2237 3117 2616 3180 succedentes,
2660 3124 2716 3171 et
2756 3115 3042 3170 continuos
3083 3112 3350 3183 scopulos,
3403 3121 3457 3166 et
3498 3108 3816 3180 profundam

2235 3209 2513 3278 caliginem
2535 3248 2550 3273 ,
2590 3214 2646 3261 et
2687 3203 3049 3260 intolerandus
3083 3202 3273 3256 ﬂuctus
3318 3201 3686 3269 conspiceret:
3717 3213 3817 3252 uec

2237 3313 2468 3356 maerore
2510 3297 2877 3370 premebatur,
2931 3310 3030 3350 nec
3073 3309 3134 3349 ea
3175 3308 3292 3363 quae
3335 3290 3637 3346 acciderant
3681 3303 3819 3341 nene

2235 3389 2519 3455 sentiebat,
2535 3388 2634 3443 hoc
2651 3396 2751 3455 est,
2769 3388 3029 3442 hactenus
3049 3385 3338 3446 dumtaxat,
3353 3390 3612 3452 quatenus
3631 3379 3815 3443 homo,

2237 3493 2290 3537 et
2320 3490 2470 3553 pater
2497 3491 2629 3536 erat.
2662 3482 2731 3534 At
2776 3489 3117 3550 posteaquam
3156 3475 3342 3531 morbo
3367 3483 3524 3544 atque
3551 3471 3820 3526 ulceribus

2238 3573 2448 3629 deditus
2489 3581 2592 3638 est,
2639 3579 2749 3624 tum
2796 3583 2926 3624 vero
2963 3579 3016 3624 et
3060 3577 3286 3622 mortem
3325 3563 3637 3634 exoptabat,
3669 3573 3722 3616 et
3765 3562 3818 3615 in

2239 3665 2384 3718 luctu
2414 3678 2476 3717 ac
2505 3662 2752 3716 lamentis
2776 3659 3104 3714 versabatur.
3139 3657 3214 3712 Ex
3242 3673 3350 3728 quo
3378 3655 3644 3724 intelligas
3671 3654 3818 3721 licet,

2241 3754 2342 3809 hoc
2362 3754 2610 3809 omnibus
2638 3752 2794 3807 rebus
2821 3752 3057 3806 adversis
3076 3751 3289 3818 gravius
3308 3763 3446 3813 esse,
3466 3763 3528 3801 ac
3549 3755 3822 3801 summ’um

2239 3845 2506 3916 patientiae
2524 3857 2712 3912 genus.
2737 3843 2910 3911 Atque
2938 3841 3040 3896 hoc
3067 3857 3134 3894 ne
3160 3853 3442 3910 pervorsus
3469 3837 3683 3907 quidem
3709 3835 3823 3890 dte-

2241 3951 2365 3991 mon
2394 3934 2700 4007 ignorabat;
2731 3949 2791 3987 ac
2818 3933 3065 4004 proinde,
3097 3948 3217 3987 eum
3248 3930 3493 3985 omnibus
3523 3930 3630 3984 illis
3659 3930 3822 3983 rebus

2243 4027 2456 4082 tentatis
2481 4025 2709 4095 pugilem
2741 4025 3079 4094 tranquillum
3119 4033 3172 4078 et
3213 4037 3242 4074 a
3282 4019 3678 4090 perturbatione
3721 4018 3824 4071 im-

2244 4132 2458 4173 munem
2491 4129 2711 4171 manere
2732 4115 3074 4184 perspiceret,
3100 4113 3166 4169 ad
3221 4112 3320 4166 hoc
3342 4121 3613 4166 certamen
3631 4151 3644 4172 ,
3679 4119 3820 4162 tam-

2241 4223 2396 4278 quam
2424 4206 2658 4261 omnium
2679 4204 2989 4271 maximum,
3019 4219 3078 4258 se
3097 4202 3341 4268 contulit,
3363 4210 3552 4256 cmtera
3575 4199 3824 4253 videlicet

2241 4300 2415 4356 omnia
2453 4296 2747 4353 tolerabilia
2774 4309 2893 4350 esse
2930 4295 3166 4360 ducens,
3208 4292 3416 4348 etiamsi
3443 4291 3560 4361 quis
3586 4291 3822 4354 liberos,

2241 4387 2448 4442 etiamsi
2480 4386 2740 4450 fortunas,
2772 4385 2980 4438 etiamsi
3009 4383 3296 4454 quidquam
3337 4381 3478 4436 aliud
3508 4381 3717 4436 amittat
3745 4376 3826 4448 (id

2243 4481 2384 4534 enim
2413 4479 2495 4532 his
2525 4477 2702 4532 verbis
2726 4475 3060 4547 designatur,
3092 4476 3285 4529 Pellem
3316 4491 3408 4544 pro
3434 4474 3566 4545 pelle
3591 4472 3712 4545 [Job
3763 4471 3822 4526 2.

2243 4570 2357 4643 4]).
2401 4578 2456 4625 at
2495 4583 2615 4623 eam
2657 4565 2872 4621 demum
2917 4566 3240 4621 mortiferam
3272 4565 3482 4635 plagam
3522 4577 3675 4626 esse,
3699 4577 3823 4616 cum

2246 4662 2508 4732 quispiam
2539 4660 2593 4714 in
2623 4673 2850 4729 corpore
2877 4658 3088 4713 dolores
3129 4658 3360 4726 excepit.
3399 4656 3661 4723 Quocirca
3703 4649 3829 4724 post

2246 4755 2347 4809 hoc
2384 4762 2657 4808 certamen
2700 4760 3012 4821 superatus,
3052 4765 3122 4805 ne
3163 4749 3370 4804 hiscere
3411 4746 3622 4818 quidem
3663 4761 3827 4802 ausus

2243 4855 2328 4902 est
2356 4866 2371 4899 :
2398 4859 2521 4901 cum
2561 4843 2757 4914 alioqui
2803 4841 2948 4912 prius
2991 4841 3447 4912 impudentissime
3493 4839 3828 4896 obniterctur

2244 4954 2306 4994 ae
2332 4947 2518 4993 contra
2547 4945 2823 5008 pugnaret.
2871 4934 2966 4989 Hic
2985 4976 2999 4998 ,
3032 4937 3245 5004 Inquam
3267 4975 3282 5000 ,
3310 4934 3418 5002 jam
3448 4948 3516 4986 ne
3544 4932 3827 5002 impudens

2244 5032 2456 5102 quidem
2485 5029 2684 5101 aliquid
2711 5029 2945 5098 reperire
2972 5029 3158 5097 potuit,
3181 5026 3322 5099 quod
3352 5026 3576 5097 ﬁngeret
3603 5041 3616 5078 :
3644 5039 3828 5078 verum

2247 5123 2449 5194 pudore
2474 5121 2706 5176 suffusus
2734 5119 2922 5190 pedem
2951 5119 3149 5174 retulit.

2315 5217 2370 5270 3.
2402 5216 2596 5269 Verum
2625 5229 2691 5268 ne
2721 5212 2821 5267 hoc
2849 5211 2941 5267 tibi
2983 5210 3049 5266 ad
3092 5209 3449 5265 excusandum
3477 5207 3662 5262 mortis
3686 5205 3827 5260 desi-

2250 5308 2455 5363 derium
2496 5306 2744 5360 idoneum
2783 5318 2903 5358 esse
2930 5302 3092 5357 ducas
3115 5343 3130 5368 ,
3167 5301 3307 5371 quod
3339 5299 3425 5354 ille
3443 5297 3683 5353 dolorum
3717 5297 3825 5349 vim

2245 5406 2300 5454 et
2319 5397 2662 5452 acerbitatem
2686 5408 2791 5448 non
2814 5393 3013 5458 ferens,
3033 5400 3258 5446 mortem
3278 5398 3575 5461 exoptaret.
3602 5387 3657 5442 ln
3679 5402 3828 5440 meu-

2247 5499 2352 5544 tem
2383 5487 2524 5542 enim
2558 5484 2651 5539 tibi
2683 5483 2894 5549 veniat,
2923 5496 3153 5552 quonam
3185 5481 3272 5535 ille
3303 5490 3545 5549 tempore
3568 5518 3586 5546 ,
3616 5489 3828 5547 quoque

2251 5595 2424 5635 rerum
2453 5587 2591 5632 statu
2615 5590 2731 5631 eam
2757 5574 3072 5645 expetebat:
3091 5572 3192 5628 hoc
3217 5582 3317 5636 est,
3335 5586 3455 5627 cum
3479 5584 3578 5624 nec
3599 5569 3683 5623 lex
3706 5567 3824 5653 data

2247 5681 2411 5734 esset.
2432 5684 2531 5725 nec
2553 5667 2828 5738 prophetae
2849 5666 3196 5726 exstitissent,
3226 5679 3324 5718 nec
3351 5662 3516 5732 gratia
3539 5661 3605 5714 ita
3637 5656 3827 5713 diffusa

2252 5770 2415 5830 esset,
2446 5777 2541 5819 nec
2573 5760 2685 5830 ipse
2713 5757 2814 5815 alia
2843 5755 3033 5814 divinae
3057 5753 3402 5827 philosophia:
3427 5765 3619 5824 genera
3645 5762 3828 5822 perco-
