4078 6434
227 375 322 430 591

221 490 483 556 τυχόντα.
515 488 608 539 καὶ
630 485 806 555 δρεξιν
831 484 1085 553 διεγείρει
1126 482 1221 550 τὴν
1258 481 1390 549 πρὸς
1424 477 1488 530 15:
1525 477 1683 536 σιτία,
1715 475 1808 528 καὶ

224 581 439 636 τούτων
501 557 752 630 ἁπάντων
805 577 938 645 ἡμῖν
973 576 1028 624 ἐν
1083 572 1291 640 ὀλίγαις
1338 569 1573 641 ἡμέραις
1615 567 1811 634 πεῖραν

229 671 535 740 παρέσχεν.
570 669 800 738 Ποίησον
825 667 1001 718 τοίνυν
1040 662 1458 733 παρακληθῆναι
1503 659 1590 711 τὸν
1622 655 1814 709 δεσπο-

229 777 330 829 την
353 777 454 829 μου
478 758 567 810 τὸν
589 755 1013 826 αἱδεσιμὼτατον
1031 754 1288 822 Θεόφιλον
1305 753 1394 805 τὸν
1418 750 1655 818 κόμητα,
1673 747 1814 800 ὥστε

231 851 395 902 πάλιν
429 849 490 912 ἐξ
515 847 680 900 αὐτοῦ
730 845 1138 899 κατασκευάσαι
1174 846 1303 913 ἡμῖν
1348 842 1443 894 καὶ
1476 837 1814 892 ἀποστεῖλαι.

233 939 345 990 Καὶ
385 940 456 1008 μή
490 955 549 990 σε
570 936 808 989 λυπείτω
840 936 899 987 16
937 934 1171 989 ἐνταῦθα
1197 935 1343 1004 ἡμᾶς
1374 931 1682 1004 χειμάζειν⁸
1724 927 1818 980 καὶ

232 1032 343 1100 γὰρ
373 1029 552 1099 πολλῷ
591 1030 718 1100 ῥᾷον
750 1027 844 1080 καὶ
890 1027 1250 1096 ὑγιεινότερον
1281 1025 1374 1078 νῦν
1477 1024 1674 1092 πέρυσι
1707 1020 1821 1072 δια-

235 1119 470 1189 κείμεθα
489 1136 502 1148 ⁸
536 1120 676 1172 ὥστε
699 1120 747 1170 εί
776 1120 870 1170 καὶ
916 1118 1055 1188 αὑτὴ
1088 1116 1185 1186 τὴν
1217 1117 1600 1185 προσήκουσαν
1628 1108 1822 1179 ἐπιμέ-

235 1212 384 1265 λειαν
410 1210 621 1272 ἐποιοῦ,
659 1207 838 1278 πολλῷ
884 1209 948 1262 ἂν
980 1208 1202 1276 ἄμεινον
1245 1204 1509 1274 διετέθης.
1567 1204 1629 1256 Εἰ
1679 1201 1733 1253 δὲ
1765 1198 1825 1264 ἐξ

233 1303 475 1373 ἀθυμίας
525 1303 629 1370 φῂς
660 1300 908 1369 τετέχθαι
956 1315 1035 1350 σοι
1065 1300 1132 1350 τά
1175 1300 1476 1367 νοσήματα,
1513 1292 1627 1355 πῶς
1661 1292 1824 1345 πάλιν

235 1394 532 1455 ἐπιστολὰς
569 1391 749 1462 ζητεῖς
784 1393 914 1460 παρ’
949 1390 1127 1459 ἡμῶν,
1161 1389 1327 1460 μηδὲν
1352 1385 1604 1440 ἐντεῦθεν
1628 1387 1706 1446 εἰς
1735 1384 1816 1434 εὑ-

238 1485 442 1555 θυμίαν
491 1482 925 1554 καρπωσαμένη,
954 1481 1068 1533 ἀλλ’
1103 1480 1245 1533 οὕτω
1290 1482 1355 1548 τῇ
1417 1477 1692 1548 τυραννίδι
1724 1475 1826 1543 τῆς

237 1575 480 1645 ἀθυμίας
501 1571 879 1643 βαπτισθεῖσα,
901 1571 975 1634 ώς
1003 1570 1097 1624 καὶ
1129 1571 1287 1622 ἐπιθυ
1298 1572 1418 1639 μεῖν
1439 1569 1533 1620 νῦν
1559 1567 1658 1636 τῆς
1680 1563 1828 1636 [δῖε]

242 1663 495 1717 ἐντεῦθεν
526 1660 862 1730 ἀποδημίας;
891 1660 1005 1712 Οὐκ
1038 1653 1194 1711 οῐσθα
1233 1659 1356 1720 ὅσος
1395 1657 1489 1709 καὶ
1517 1654 1830 1726 ἀρρωστίας

242 1760 424 1809 κεῖται
460 1754 649 1824 μισθὸς
685 1754 742 1804 ἐν
775 1751 1084 1822 εὐχαρίστῳ
1130 1750 1304 1821 ψυχῇ;
1344 1751 1417 1802 Οὐ
1456 1748 1712 1810 πολλάκις
1749 1763 1831 1798 σοι

240 1851 334 1901 καὶ
365 1847 558 1916 παρὼν
580 1845 675 1897 καὶ
700 1844 767 1896 δι’
784 1841 1085 1896 ἐπιστολῶν
1110 1842 1314 1912 ταύτης
1333 1842 1497 1894 ἓνεκα
1526 1840 1831 1908 διείλεγμαι

237 1941 340 2008 τῆς
369 1933 869 2012 ὑποθέσεωςςἋλλ⁹
906 1932 1091 2004 ἐπειδὴ
1142 1932 1270 1995 ῖσως
1299 1933 1331 2004 ἢ
1363 1935 1391 1985 6
1421 1933 1528 1985 τῶν
1581 1930 1834 2002 πραγμά-

237 2046 350 2081 των
391 2027 570 2097 δχλος,
600 2026 630 2094 ἢ
665 2025 804 2094 αὑτὴ
857 2023 955 2094 τῆς
982 2023 1297 2093 ἀρρωστίας
1332 2025 1363 2089 ἠ
1407 2023 1570 2090 φύσις
1595 2063 1608 2086 ,
1647 2023 1740 2074 καὶ
1777 2023 1833 2074 αἱ

239 2118 536 2187 ἐπάλληλοι
571 2116 921 2186 περιστάσεις
946 2127 970 2153 ιι
998 2115 1099 2166 οὐκ
1126 2112 1256 2166 ἐῶσί
1289 2129 1348 2166 σε
1378 2111 1646 2183 διηνεκῶς
1685 2111 1834 2164 ἔναυ-

243 2211 335 2263 λον
369 2209 514 2278 ἔχειν
544 2207 651 2260 τῶν
682 2206 991 2277 εἰρημένων
1026 2203 1124 2274 τὴν
1161 2205 1407 2274 μνήμην,
1455 2204 1620 2257 ἄκουε
1673 2203 1834 2257 πάλιν

239 2301 313 2355 τὰ
343 2288 494 2354 αύτά
524 2298 832 2368 ἐπᾳδόντων
865 2297 1023 2366 ἡμῶν
1063 2298 1174 2359 τοῖς
1200 2294 1383 2347 ἐλκεσί
1420 2313 1514 2348 σου
1562 2296 1661 2366 τῆς
1703 2294 1836 2348 ἀθυ-

245 2392 377 2462 μίας
398 2408 411 2421 ·
456 2390 532 2443 Τὰ
560 2387 671 2457 γὰρ
703 2386 855 2440 αὐτὰ
890 2385 1158 2455 γράφειν,
1200 2387 1385 2456 φησὶν,
1409 2387 1537 2456 ἐμοὶ
1574 2387 1691 2456 μὲν
1723 2389 1837 2440 οὐκ

241 2482 460 2548 ὀκνηρέ
472 2498 530 2540 ν.
572 2479 715 2548 ὑμῖν
743 2478 810 2530 δὲ
836 2477 1133 2546 ἀσφαλές.

319 2571 385 2639 β’.
423 2571 490 2621 Τί
513 2566 606 2622 οὖν
638 2571 733 2621 καὶ
761 2568 904 2636 λέγω
930 2569 1021 2620 καὶ
1045 2568 1276 2637 γράφω;
1303 2569 1488 2629 Οὐδὲν,
1509 2569 1834 2639 Ὀλυμπιάς,

241 2663 346 2730 τῆς
371 2663 431 2714 ἐν
463 2661 752 2730 ἀλγηδόσιν
788 2661 1065 2730 ὑπομονῆς
1115 2661 1194 2723 εἰς
1247 2661 1653 2731 εύδοκιμήσεως
1683 2661 1838 2728 λόγον

244 2756 385 2806 ἴσον.
428 2753 492 2805 Ἦ
522 2753 630 2822 γάρ
660 2752 869 2821 βασιλὶς
895 2753 1002 2804 τῶν
1037 2753 1279 2821 ἀγαθῶν,
1314 2753 1537 2806 καὶτῶν
1562 2754 1839 2820 στεφάνων

244 2848 281 2914 ἡ
311 2844 546 2915 κορωνὶς
579 2843 714 2913 αὕτη
772 2844 1011 2913 μάλιστά
1066 2847 1215 2898 ἐστι·
1250 2848 1344 2899 καὶ
1398 2846 1650 2916 καθάπερ
1699 2847 1836 2918 αὕτη

243 2937 357 2990 τῶν
404 2936 580 2987 ἄλλων
613 2938 802 3004 κρατεί
836 2936 1284 3007 κατορθωμάτων
1307 2978 1322 3002 ,
1383 2938 1555 3000 οὕτως
1609 2941 1665 2990 ἐν
1703 2941 1839 3008 αὐτῇ

247 3027 410 3079 τοῦτο
432 3027 665 3096 μάλιστα
693 3026 754 3079 τὸ
786 3022 925 3089 εἶδος
950 3027 1058 3079 τῶν
1077 3028 1256 3082 ἀλλων
1292 3030 1409 3082 ἐστὶ
1435 3030 1837 3101 λαμπρότερον.

247 3121 294 3173 Τ
300 3122 406 3189 άχα
443 3119 651 3186 ἀσαφὲς
673 3119 734 3170 16
765 3118 1085 3188 εἰρημένον·
1122 3120 1316 3173 οὐκοῦν
1342 3122 1473 3174 αύτὺ
1505 3124 1713 3193 ποιήσω
1745 3140 1844 3186 σαι·

249 3212 538 3280 φέστερον.
560 3209 624 3261 Τί
653 3205 745 3262 οὖν
780 3210 970 3262 ἐστινὸ
996 3227 1174 3280 φημι;
1209 3211 1282 3263 Ού
1310 3213 1372 3264 16
1397 3214 1656 3283 χρήματα
1683 3216 1845 3283 ἀφαι-

253 3301 503 3371 ρεθῆναι,
526 3297 628 3351 κᾶν
658 3298 874 3351 πάντων
905 3315 988 3361 τις
1020 3300 1282 3370 γυμνωθῇ
1313 3301 1421 3353 τῶν
1453 3302 1646 3367 ὄντων,
1677 3306 1738 3357 ού
1784 3307 1843 3357 16

247 3394 418 3462 τιμῆς
445 3395 719 3455 ἐκπεσεῖν,
751 3391 811 3444 ού
832 3392 892 3443 τὸ
920 3392 1177 3461 πατρίδος
1206 3393 1561 3464 ἐκϐληθῆναι,
1595 3399 1845 3468 καὶπρὸς

250 3489 352 3556 τὴν
387 3485 687 3556 ὑπερορίαν
722 3485 1118 3555 ἀπενεχθῆναι,
1162 3488 1222 3539 οὐ
1263 3489 1324 3540 16
1351 3491 1496 3559 πόνῳ
1527 3493 1620 3543 καὶ
1663 3492 1845 3562 ἰδρῶτι

254 3574 696 3639 κατατείνεσθαι,
727 3576 784 3628 ού
819 3577 878 3628 τὸ
913 3576 1286 3648 δεσμωτήριον
1316 3581 1506 3645 οἰκεῖν,
1542 3583 1636 3635 καὶ
1657 3583 1848 3636 ἅλυσιν

252 3668 624 3738 περικεῖσθαι,
657 3668 756 3720 οὐκ
789 3669 1102 3738 ὀνειδισμοὶ,
1132 3672 1226 3722 καὶ
1248 3673 1506 3744 λοιδορίαι
1533 3677 1624 3728 καὶ
1659 3678 1846 3746 σκώμ-

255 3777 443 3831 ματα·
476 3760 550 3831 μὴ
580 3761 686 3830 γὰρ
708 3760 842 3832 μηδέ
872 3760 1029 3813 τοῦτο
1059 3765 1254 3834 μικρὸν
1283 3768 1512 3838 νομίσῃς
1543 3765 1682 3821 εἶναι
1709 3787 1844 3841 καρ-

251 3853 446 3925 τερίας
501 3850 661 3926 εἶδος,
691 3852 751 3905 τὸ
781 3854 1041 3920 γενναίως
1073 3855 1140 3908 τά
1176 3857 1402 3911 τοιαῦτα
1457 3863 1722 3926 ἐνεγκεῖν,
1756 3863 1848 3913 καὶ

252 3946 532 3999 δείκνυσιν
585 3945 852 4015 Ἱερεμίας
880 3948 908 3999 6
936 3947 1187 4011 τοσοῦτος
1213 3951 1305 4002 καὶ
1338 3951 1656 4021 τηλικοῦτος
1687 3954 1847 4025 ἀνὴρ,

253 4039 356 4108 οὐχ
401 4040 477 4101 ὡς
516 4037 707 4106 ἔτυχεν
744 4038 850 4090 ὑπὸ
899 4039 1091 4091 τούτου
1133 4041 1455 4113 θορυϐηθεὶς
1512 4045 1607 4097 τοῦ
1658 4063 1853 4118 πειρας

259 4129 432 4200 σμοῦ·
496 4130 611 4184 ἀλλ’
669 4131 790 4183 ούδέ
846 4131 1023 4196 τοῦτο,
1057 4134 1117 4185 ού
1170 4134 1374 4188 παίδων
1426 4138 1687 4208 ἀποϐολὴ,
1747 4140 1848 4192 κᾶν

257 4221 456 4294 ἁθρόον
494 4223 692 4285 πάντες
744 4224 1169 4294 ἀναρπασθῶσιν
1196 4267 1210 4290 ,
1243 4229 1342 4280 οὐκ
1381 4229 1565 4300 ἐχθροὶ
1611 4234 1850 4302 συνεχῶς

257 4311 711 4383 ἐπεμϐαίνοντες,
773 4315 874 4366 οὐκ
922 4314 1051 4368 ἄλλο
1083 4317 1192 4370 τῶν
1242 4319 1501 4372 τοιούτων
1533 4322 1702 4386 οὐδὲν,
1752 4324 1852 4376 οὐκ

257 4405 423 4468 αὐτὸς
454 4408 483 4458 6
518 4405 762 4474 κολοφὼν
819 4407 929 4460 τῶν
985 4409 1285 4464 δοκούντων
1346 4409 1482 4466 εἶναι
1521 4415 1798 4486 λυπηρῶν,
1824 4420 1850 4472 6

261 4497 514 4560 θάνατος,
550 4500 578 4550 6
630 4498 856 4566 φοϐερὸς
889 4499 1033 4552 οὕτω
1069 4503 1162 4554 καὶ
1192 4503 1492 4573 φρικώδης,
1525 4505 1698 4569 οὕτως
1727 4507 1843 4560 ἐστὶ

261 4591 456 4661 βαρὺς,
481 4591 555 4653 ώς
582 4590 832 4660 σώματος
859 4593 1160 4662 ἀρρωστία.
1192 4595 1300 4648 Καὶ
1323 4595 1496 4650 ταῦτα
1527 4599 1800 4654 δείκνυσιν
1825 4605 1854 4654 6

261 4679 524 4750 μέγιστος
545 4679 644 4749 τῆς
674 4680 951 4750 ὑπομονῆς
975 4681 1231 4753 ἀθλητὴς,
1259 4685 1317 4748 ὃς
1347 4688 1535 4759 ἐπειδὴ
1565 4695 1850 4764 σωματικῇ

259 4770 561 4840 περιέπεσε
591 4770 752 4840 νόσῳ,
802 4772 1124 4844 ἀπαλλαγὴν
1158 4777 1267 4830 τῶν
1298 4781 1638 4849 κατεχόντων
1666 4783 1854 4836 δεινῶν

260 4862 360 4932 τὴν
376 4861 634 4932 τελευτὴν
661 4857 799 4914 εἶναι
831 4864 1046 4934 ἐνόμιζε
1069 4885 1080 4896 ·
1108 4869 1202 4920 καὶ
1224 4869 1312 4922 ὅτε
1342 4871 1439 4940 μὲν
1467 4872 1534 4925 τά
1563 4873 1696 4927 ἄλλα
1721 4876 1855 4929 ἐπα-

263 4969 393 5023 σχεν
420 4953 658 5018 ἅπαντα,
713 4954 832 5007 οὐδὲ
859 4956 1142 5025 ᾐσθάνετο,
1171 4961 1346 5014 καίτοι
1381 4964 1718 5035 ἐπαλλήλους
1767 4967 1853 5020 δε-

261 5043 494 5114 χόμενος
552 5042 651 5106 τὰς
691 5044 924 5113 πληγὰς,
981 5049 1074 5101 καὶ
1124 5050 1441 5106 τελευταίαν
1479 5055 1578 5125 τὴν
1612 5059 1852 5128 καιρίαν.

264 5135 402 5188 Οὐδὲ
429 5135 539 5206 γάρ
566 5137 722 5188 τοῦτο
763 5139 957 5208 μικρὸν
980 5182 994 5206 ,
1028 5140 1166 5194 ἀλλά
1201 5144 1293 5195 καὶ
1322 5144 1423 5214 τῆς
1462 5148 1856 5222 χαλεπωτάτης

263 5228 359 5282 τοῦ
399 5229 768 5298 πολεμοῦντος
796 5232 942 5300 αὐτῷ
981 5235 1336 5304 κακουργίας,
1373 5239 1432 5291 τὸ
1475 5242 1547 5310 μὴ
1589 5243 1852 5307 νεάζοντι,

270 5320 405 5391 μηδὲ
432 5319 527 5372 νῦν
553 5321 632 5382 εἰς
668 5322 793 5384 τοὺς
814 5323 1030 5389 ἀγῶνας
1065 5326 1308 5380 καθιέντι
1345 5329 1581 5400 πρῶτον,
1618 5333 1729 5384 ἀλλ’
1761 5335 1853 5406 ἤδη

265 5413 332 5481 τῇ
365 5412 663 5482 πυκνότητι
698 5412 817 5466 τῶν,
837 5414 1154 5487 ἐπαλλήλων
1185 5418 1352 5486 βελῶν
1380 5425 1852 5495 κατειργασμένῳ,

266 5505 386 5555 τότε
420 5503 522 5574 τὴν
551 5504 770 5575 καιρίαν
812 5504 994 5558 δοῦναι
1021 5507 1119 5577 τὴν
1147 5510 1238 5560 ἐπὶ
1287 5514 1398 5572 τοῖς
1426 5516 1582 5566 παισὶ
1618 5515 1852 5588 πληγὴν,

267 5595 363 5647 καὶ
392 5594 596 5665 ταύτην
622 5595 766 5648 οὕτω
805 5597 1075 5666 χαλεπῶς,
1100 5600 1195 5663 ,ώς
1239 5603 1330 5654 καὶ
1359 5603 1417 5667 ἐξ
1458 5607 1720 5678 ἑκατέρας
1759 5613 1856 5680 τῆς

270 5685 507 5753 φύσεως,
552 5687 643 5738 καὶ
679 5687 885 5751 πάντας
919 5690 1134 5759 ἀθρόον,
1171 5693 1264 5743 καὶ
1320 5695 1376 5745 ἐν
1434 5697 1597 5771 ἀώρῳ
1647 5702 1854 5774 ἡλικία,

335 5796 359 5826 ⁸
396 5799 1416 5867 (ὴηηςδιης3.νηῖττπο))αὲηηηηικοω,.

1657 360 2046 421 EPISTOL

3398 341 3505 396 592

1918 474 2012 525 καὶ
2047 472 2199 543 βιαία
2247 471 2473 540 τελευτῇ
2523 467 2850 535 διαφθεῖραι,
2915 461 3002 513 καὶ
3031 457 3123 510 του
3159 456 3387 507 θανάτου
3422 454 3514 508 τὸν

1915 581 2115 650 τρόπον
2138 577 2559 648 ἐσχεδιασμένον
2589 575 2774 636 αὐτοῖς
2807 566 3149 642 ἐργάσασθαι
3171 561 3518 632 τάφον.ούδέ

1917 689 2027 758 γάρ
2062 685 2201 741 εἶδεν
2239 688 2296 739 ἐν
2331 687 2487 756 κλίνῃ
2525 682 2845 754 κειμένους,
2888 677 3008 730 οὐδὲ
3046 673 3268 744 ἐφίλησε
3303 673 3515 741 χεῖρας,

2096 797 2340 866 ἐσχάτων
2378 795 2579 865 ῆκουσε
2627 791 2927 864 ῥημάτων,
2981 788 3102 840 οὐδὲ
3141 784 3316 839 ποδῶν
3365 778 3516 852 [573]

1921 905 2098 973 ἥψατο
2129 904 2224 957 καὶ
2263 903 2530 972 γονάτων,
2560 901 2621 952 οὐ
2655 898 2832 968 στόμα
2860 895 3138 958 συνεῖλεν,
3175 891 3237 944 ού
3269 889 3523 943 καθεῖλεν

1919 797 2039 849 οὐδὲ

1924 1015 2236 1084 ὀφθαλμοὺς
2264 1012 2566 1084 μελλόντων
2606 1008 2788 1063 αὐτῶν
2817 1006 3076 1074 τελευτᾷν
3100 1043 3114 1067 ,
3157 1002 3302 1071 ἆπερ
3332 998 3393 1052 ού
3431 1015 3491 1067 μι
3512 1027 3524 1036 -

1928 1127 2036 1198 κρά
2064 1126 2144 1187 εἰς
2176 1120 2534 1194 παραμυθίαν
2561 1121 2674 1182 τοῖς
2715 1115 2922 1170 παίδων
2968 1111 3357 1184 χωριζομένοις
3415 1124 3524 1160 παο

1928 1233 2119 1304 τράσιν
2145 1247 2158 1261 ·
2209 1229 2329 1283 οὐδὲ
2357 1230 2485 1292 τοὺς
2543 1228 2641 1298 μὲν
2672 1225 3031 1296 προέπεμψεν
3062 1223 3154 1276 ἐπὶ
3192 1221 3285 1273 τὸν
3331 1219 3526 1286 τάφον,

1929 1345 2056 1405 τοὺς
2098 1342 2153 1394 δὲ
2196 1338 2508 1394 ἐπανελθὼν
2548 1331 2677 1407 εὗρε
2724 1334 3081 1407 παραμυθίαν
3119 1331 3227 1384 τῶν
3268 1328 3525 1383 ἀπελθόν·

1932 1469 2039 1503 των
2061 1468 2072 1480 ·
2110 1449 2223 1501 ἀλλ’
2250 1451 2307 1500 ἐν
2339 1447 2515 1520 καιρῷ
2539 1445 2868 1516 συμποσίου.
2904 1440 3209 1513 συμποσίου
3246 1441 3304 1492 οὐ
3336 1437 3531 1508 μέθην,

1933 1555 2049 1608 ἀλλ’
2070 1555 2293 1626 ἀγάπην
2321 1554 2599 1626 βρύοντος,
2634 1555 2690 1605 ἐν
2726 1551 2975 1624 τραπέζῃ
3025 1549 3399 1620 φιλαδελφίας,
3440 1546 3538 1599 ἐπὶ

1937 1664 2184 1728 στιϐάδος
2241 1663 2530 1734 κειμένους
2570 1663 2771 1734 ἤκουσε
2827 1662 3036 1724 πάντας
3093 1655 3535 1728 κατακεχῶσθαι,

1937 1775 2030 1826 καὶ
2064 1775 2243 1826 πάντα
2271 1772 2408 1842 ὁμοῦ
2440 1773 2688 1843 μιγῆναι,
2713 1772 2774 1824 16
2800 1765 2963 1841 αἷμα,
2996 1770 3088 1823 16v
3114 1763 3276 1832 οἶνον,
3314 1766 3414 1830 τὰς
3441 1764 3540 1817 κύ-

1937 1884 2117 1945 λικας,
2151 1882 2242 1934 τὸν
2271 1882 2496 1953 ὄροφον,
2525 1883 2626 1952 τὴν
2659 1881 2964 1949 τράπεζαν,
2987 1880 3085 1950 τὴν
3111 1879 3282 1940 κόνιν,
3301 1875 3371 1928 τὰ
3404 1875 3542 1945 μέλη

1936 1992 2047 2043 τῶν
2079 1990 2308 2045 παίδων.
2369 1991 2509 2044 Ἀλλ’
2542 1992 2693 2061 ὅμως
2729 1991 2893 2059 ἡνίκα
2951 1990 3049 2060 μὲν
3103 1987 3279 2042 ταῦτα
3317 1987 3542 2056 ῆκουσε,

1939 2101 2032 2152 καὶ
2070 2098 2173 2169 πρὸ
2194 2098 2402 2152 τούτων
2432 2097 2508 2151 τὰ
2541 2099 2700 2162 ἄλλα,
2742 2100 2837 2153 καὶ
2869 2097 3011 2152 αὐτά
3041 2096 3255 2166 χαλεπά
3274 2112 3286 2124 ·
3313 2093 3410 2147 καὶ
3437 2091 3545 2160 γὰρ

1939 2210 2170 2262 κάκεῖνα
2201 2207 2453 2279 χαλεπῶς
2485 2207 2754 2262 ἀπολώλει
2780 2223 2792 2235 ·
2821 2208 2890 2261 τά
2925 2224 2984 2259 τε
3010 2206 3237 2274 ποίμνια
3257 2243 3270 2266 ,
3305 2202 3398 2256 καὶ
3425 2200 3546 2254 ὁλο-

1953 2317 2192 2387 κλήρους
2227 2316 2470 2385 ἀγέλας,
2517 2318 2618 2380 τάς
2661 2317 2760 2386 μὲν
2793 2315 2900 2369 ὑπὸ
2948 2314 3120 2385 πυρὸς
3165 2311 3372 2366 ἀνωθεν
3420 2324 3548 2361 κατ-

1947 2425 2259 2496 ενεχθέντος
2305 2426 2619 2496 ἀνηλῶσθαι
2665 2428 2858 2504 ἔλεγεν
2889 2426 2917 2478 6
2973 2421 3210 2493 πονηρὸς
3249 2422 3349 2490 τῆς
3379 2435 3539 2490 τραγ-

1942 2535 2108 2604 ῳδίας
2143 2535 2345 2604 ταύτης
2362 2535 2612 2602 ἄγγελος,
2630 2536 2729 2599 τὰς
2750 2535 2805 2589 δὲ
2839 2534 2947 2587 ὑπὸ
2970 2532 3244 2602 πολεμίων
3274 2529 3549 2600 διαφόρων

1944 2643 2138 2714 ἀθρόον
2193 2614 2373 2706 πάσας
2426 2644 2835 2715 ἀναρπαγῆναι,
2872 2644 2966 2696 καὶ
3007 2639 3390 2709 κατακοπῆναι
3453 2638 3549 2692 σὺν

1945 2753 2130 2814 αὐτοῖς
2159 2755 2270 2814 τοῖς
2322 2752 2572 2822 ποιμέσιν
2600 2771 2610 2782 ·
2644 2752 2758 2804 ἀλλ’
2793 2752 2944 2821 ὅμως
2991 2750 3263 2818 τοσαύτην
3295 2748 3466 2817 ζάλην
3495 2749 3552 2798 ἐν

1949 2862 2182 2932 βραχείᾳ
2241 2863 2435 2934 καιροῦ
2481 2865 2621 2934 ῥοπῇ
2681 2861 3060 2931 διεγερθεῖσαν
3109 2859 3252 2930 ὁρῶν
3305 2857 3398 2910 ἐπὶ
3444 2854 3554 2908 τῶν

1947 2966 2155 3035 ἀγρῶν,
2191 2967 2284 3019 ἐπὶ
2312 2967 2410 3035 τῆς
2433 2969 2639 3032 οἰκίας,
2666 2968 2759 3020 ἐπὶ
2790 2968 2899 3020 τῶν
2928 2965 3286 3037 θρεμμάτων,
3324 2966 3416 3018 ἐπὶ
3443 2963 3553 3018 τῶν

1949 3072 2176 3136 παίδων,
2241 3073 2522 3143 ἐπάλληλα
2575 3073 2642 3127 τὰ
2702 3073 2961 3142 κύματα,
2999 3073 3092 3125 καὶ
3142 3073 3241 3134 τὰς
3289 3070 3554 3131 σπιλάδας

1951 3180 2218 3246 συνεχεῖς,
2257 3179 2352 3231 καὶ
2386 3181 2478 3232 τὸν
2531 3177 2693 3248 ζόφον
2764 3179 2955 3249 βαθὺν,
2987 3179 3082 3232 καὶ
3137 3178 3200 3231 16
3259 3177 3556 3232 κλυδώνιον

1949 3269 2242 3354 ἀφόρητον,
2297 3284 2420 3337 οὔτε
2454 3285 2665 3356 ἀθυμίᾳ
2718 3286 3083 3348 κατετείνετο,
3133 3283 3259 3336 οὕτε
3294 3283 3559 3355 ᾐσθάνετο

1953 3391 2143 3460 σχεδὸν
2162 3391 2271 3442 τῶν
2301 3391 2713 3462 γεγενημένων,
2747 3392 2888 3461 πλὴν
2916 3390 3169 3445 τοσοῦτον
3198 3392 3322 3445 ὅσον
3354 3391 3560 3462 ἀνθρωο

1954 3512 2052 3558 πος
2081 3490 2148 3564 ῆν
2179 3497 2274 3548 καὶ
2315 3498 2520 3568 πατήρ.
2582 3497 2804 3568 Ἐπειδὴ
2835 3497 2890 3550 δὲ
2941 3497 3082 3566 νόσῳ
3139 3495 3411 3568 παρεδόθη
3465 3495 3560 3550 καὶ

1952 3599 2156 3664 ἕλκεσι,
2191 3601 2314 3652 τότε
2345 3602 2438 3654 καὶ
2469 3601 2700 3655 θάνατον
2734 3602 3012 3671 ἐπεζήτει,
3039 3601 3160 3653 τότε
3209 3601 3304 3653 καὶ
3338 3601 3559 3654 ἀπωδύ-

1955 3723 2101 3776 ρετο,
2138 3706 2232 3760 καὶ
2259 3707 2502 3778 ἐθρήνει,
2541 3708 2627 3760 ἵνα
2661 3707 2840 3780 μάθῃς
2875 3708 2990 3771 πῶς
3012 3706 3171 3760 τοῦτο
3196 3707 3415 3760 πάντων
3443 3707 3560 3758 ἐστὶ

1954 3812 2354 3882 χαλεπώτερον,
2392 3815 2488 3865 καὶ
2528 3814 2626 3883 τῆς
2651 3814 2929 3883 ὑπομονῆς
2964 3814 3026 3866 16
3060 3812 3230 3882 ἄκρον
3263 3808 3430 3876 εἶδος.
3451 3813 3562 3865 Καὶ

1953 3915 2112 3968 τοῦτο
2171 3915 2291 3968 οὐδὲ
2353 3915 2516 3978 αὑτὸς
2552 3917 2580 3967 ὀ
2615 3915 2850 3986 πονηρὸς
2906 3917 3093 3984 ἀγνοεῖ
3144 3916 3387 3987 δαίμων·
3444 3916 3562 3969 ἀλλ’

1955 4019 2142 4090 ἐπειδὴ
2168 4019 2345 4071 πάντα
2370 4021 2552 4071 ἐκεῖνα
2587 4021 2836 4090 κινήσας,
2863 4018 3010 4090 ἐώρα
3037 4020 3130 4073 τὸν
3159 4020 3402 4091 ἀθλητὴν
3426 4019 3560 4074 ἀτά-

1957 4141 2121 4193 ραχον
2153 4123 2384 4194 μένοντα
2416 4123 2510 4177 καὶ
2541 4123 2831 4194 ἀθόρυϐον,
2867 4125 2944 4187 ώς
2979 4126 3070 4178 ἐπὶ
3109 4125 3366 4196 μέγιστον
3397 4122 3560 4180 ἆθλον

1955 4225 2143 4279 τοῦτον
2174 4225 2424 4298 ὥρμησε,
2459 4229 2655 4297 λέγων,
2688 4230 2770 4283 ὅτι
2799 4230 2866 4282 τά
2916 4231 3020 4302 μὲν
3057 4231 3192 4285 ἀλλα
3236 4233 3411 4286 πάντα
3466 4250 3560 4301 φο-

1958 4331 2118 4403 ρητὰ,
2167 4331 2274 4385 κᾶν
2326 4333 2495 4386 παῖδά
2543 4351 2628 4397 τις
2663 4334 2938 4408 ἀποϐάλῃ,
2980 4336 3082 4389 κᾶν
3142 4338 3416 4407 κτήματα,
3457 4338 3560 4391 κᾶν

1957 4436 2239 4489 ἀλλοτιοῦν
2295 4435 2483 4506 (τοῦτο
2513 4439 2622 4508 γάρ
2653 4439 2792 4503 ἐστι,
2827 4439 3020 4510 Δέρμα
3045 4440 3198 4509 ὑπὲρ
3218 4440 3554 4510 δέρματος),

1959 4546 1991 4615 ἡ
2020 4544 2076 4597 δὲ
2112 4545 2301 4615 καιρία
2327 4546 2536 4618 πληγὴ,
2564 4548 2694 4600 ὅταν
2730 4547 2787 4600 ἐν
2821 4545 3036 4617 σώματί
3085 4565 3169 4608 τις
3196 4548 3416 4617 δέξηται
3462 4550 3560 4607 τὰς

1959 4647 2170 4712 ὀδύνας.
2220 4649 2321 4703 Διά
2347 4666 2431 4702 τοι
2459 4651 2620 4703 τοῦτο
2648 4651 2787 4721 μετά
2830 4651 2925 4705 τὸν
2963 4647 3125 4704 ἆθλον
3159 4651 3349 4706 τοῦτον
3388 4656 3559 4724 ἡττη-

1961 4753 2094 4819 θεὶς,
2129 4753 2252 4807 ούδέ
2286 4753 2485 4825 γρῦξαι
2518 4754 2698 4825 ἔσχεν,
2739 4756 2911 4809 εἰκαὶ
2960 4755 3029 4809 τά
3079 4757 3320 4827 μάλιστα
3365 4757 3460 4818 καὶ
3491 4756 3560 4810 τὰ

1961 4859 2202 4930 πρότερα
2247 4859 2622 4930 ἀναισχύντως
2679 4861 2989 4931 ἀντέλεγεν.
3058 4861 3324 4916 Ἐνταῦθα
3376 4863 3560 4932 μέντοι

1959 4965 2079 5018 οὐδὲ
2101 4966 2462 5035 ἀναίσχυντον
2503 4966 2710 5020 πλάσαι
2742 4983 2793 5019 τι
2818 4966 3006 5021 λοιπὸν
3030 4962 3208 5041 εὗρεν,
3246 4969 3361 5024 ἀλλ’
3395 4972 3560 5038 ἐγκα-

1959 5070 2272 5142 λυψάμενος
2302 5073 2681 5143 ἀνεχώρησεν.

2030 5187 2098 5248 γ’.
2127 5179 2290 5232 Ἀλλὰ
2312 5180 2387 5249 μὴ
2416 5179 2605 5250 νόμιζέ
2632 5198 2713 5234 σοι
2735 5181 2894 5236 τοῦτο
2921 5183 3219 5250 ἀπολογίαν
3242 5177 3379 5236 εἶναι
3397 5184 3476 5246 εἰς
3498 5182 3560 5234 τὸ

1962 5283 2057 5338 καὶ
2101 5284 2272 5355 αὐτῆς
2327 5285 2618 5355 ἐπιθυμεῖν
2647 5287 2927 5359 τελευτῆς,
2969 5291 3018 5341 εἰ
3048 5289 3254 5350 ἐκεῖνος
3293 5286 3558 5357 ἐπεθύμει

1962 5389 2215 5456 θανάτου,
2254 5390 2352 5450 τὰς
2384 5390 2576 5454 ὀδύνας
2622 5393 2684 5445 οὐ
2722 5393 2923 5464 φέρων.
2973 5392 3256 5462 Ἐννόησον
3291 5392 3397 5463 γάρ
3429 5394 3560 5445 πότε

1962 5498 2168 5558 ἐκεῖνος
2201 5497 2490 5568 ἐπεθύμει,
2515 5499 2608 5552 καὶ
2635 5500 2752 5563 πῶς
2777 5500 2887 5553 τῶν
2905 5502 3250 5572 πραγμάτων
3281 5502 3559 5572 διακειμέ-

1963 5621 2088 5669 νων,
2117 5605 2178 5656 ού
2220 5605 2387 5673 νόμου
2415 5605 2663 5669 δοθέντος
2685 5649 2698 5670 ,
2737 5609 2796 5659 οὺ
2828 5607 3126 5678 προφητῶν
3161 5609 3458 5677 φανέντων,
3497 5609 3558 5660 οὐ

1961 5712 2058 5778 τῆς
2087 5709 2308 5779 χάριτος
2337 5709 2511 5772 οὕτως
2546 5711 2868 5779 ἐκχυθείσης
2897 5752 2910 5775 ,
2971 5712 3090 5765 οὐδὲ
3140 5711 3307 5781 ἄλλης
3347 5711 3560 5781 φιλοσο-

1969 5817 2089 5878 (ίὲαις
2142 5813 2442 5885 μετασχών.
2488 5815 2604 5869 Ὅτι
2652 5815 2757 5886 γὰρ
2789 5820 2947 5887 ἡμεῖς
2977 5818 3083 5873 τῶν
3119 5819 3234 5873 τότε
3286 5818 3559 5872 πολιτευο-
