4078 6496
537 389 646 448 593

535 513 717 574 μενων
745 505 959 559 πλείονα
995 507 1388 579 ἀπαιτούμεθα,
1411 513 1502 564 καὶ
1530 506 1751 582 μείζονα
1770 514 1901 582 ἡμῖν
1924 513 2098 565 κεῖται

535 599 606 650 τά
639 598 954 667 σκάμματα,
982 600 1209 654 ἄκουσον
1241 601 1334 654 τοῦ
1370 603 1602 672 Χριστοῦ
1640 602 1914 672 λέγοντοςο
1961 602 2100 657 Ἐὰν

532 686 618 757 μὴ
664 692 1032 758 περισσεύσῃ
1079 691 1118 758 ἡ
1152 691 1501 760 δικαιοσύνη
1549 691 1716 761 ὑμῶν
1750 693 1939 746 πλέον
1966 690 2099 761 ζτῶν

534 779 915 849 ιγραμματέων
947 782 1044 835 καὶ
1065 783 1414 850 Φαρισαίων,
1449 785 1522 836 οὐ
1549 783 1636 851 μὴ
1662 782 1966 847 εἰσέλθητε
2009 784 2098 847 είς

535 872 648 940 τὴν
681 871 832 943 [574]
859 872 1188 936 ,ϐασιλείαν
1218 855 1338 927 τῶν
1392 873 1678 941 οὐρανῶν.
1709 871 1799 943 Μὴ
1827 871 2006 924 τοίνυν
2036 871 2098 924 τὸ

533 962 782 1032 εῠχεσθαι
803 961 895 1016 νῦν
909 962 1007 1032 τὴν
1021 963 1292 1030 τελευτὴν,
1313 964 1649 1034 ἀπηλλάχθαι
1663 964 2002 1033 ἐγκλήματος
2017 963 2098 1016 νό-

531 1055 680 1125 μιζε,
710 1054 823 1108 ἀλλ’
842 1056 1002 1110 ἄκουε
1026 1056 1124 1126 τῆς
1145 1057 1243 1109 τοῦ
1258 1057 1471 1110 Παύλου
1492 1056 1671 1125 φωνῆς
1684 1055 1782 1125 τῆς
1801 1053 2064 1124 λεγούσης
2077 1071 2090 1086 ⁸

536 1146 610 1199 Τὸ
633 1145 934 1201 ἀναλῦσαι
957 1147 1053 1200 καί
1074 1146 1195 1200 σὺν
1211 1144 1440 1214 Χριστῷ
1466 1142 1616 1200 εἶναι
1637 1145 1844 1210 πολλῷ
1857 1144 2096 1213 μᾶλλον

531 1237 839 1304 κρεῖσσον,
874 1239 938 1290 τὸ
971 1237 1040 1290 δὲ
1066 1237 1357 1306 ἐπιμεῖναι
1383 1236 1461 1305 τῇ
1497 1237 1675 1306 σαρκί
1711 1237 2091 1305 ἀναγκαιότεο

523 1344 640 1396 ρον
654 1327 728 1380 δι’
758 1327 929 1396 ὑμᾶς.
962 1327 1114 1399 Ὀσῳ
1145 1329 1252 1399 γάρ
1286 1329 1354 1382 ἂν
1389 1329 1718 1399 ἐπιτείνηται
1762 1327 1830 1381 τά
1855 1327 1953 1397 τῆς
1985 1325 2093 1379 θλί-

527 1418 696 1488 ψεως,
722 1419 955 1485 τοσούτῳ
985 1418 1267 1482 πλεονάζει
1292 1421 1386 1473 καὶ
1418 1419 1485 1472 τά
1512 1419 1619 1471 τῶν
1650 1419 1924 1487 στεφάνων
1946 1432 1959 1446 ·
1984 1417 2093 1486 ὅσῳ

528 1507 599 1563 ἃν
629 1509 852 1581 πυρωθῇ
880 1510 940 1562 τὸ
966 1510 1205 1581 χρυσίον,
1225 1510 1463 1581 τοσούτῳ
1486 1510 1843 1580 καθαρότερον
1861 1507 2089 1576 γίνεταυ

529 1598 640 1670 ὅσῳ
673 1601 1004 1671 μακρότερον
1025 1602 1089 1655 ἂν
1112 1601 1316 1674 πλεύσῃ
1341 1602 1572 1670 πέλαγος
1587 1600 1844 1671 ἔμπορος,
1859 1599 2092 1668 τοσούτῳ

533 1689 750 1743 πλείονα
780 1692 1000 1759 συνάγει
1020 1691 1088 1744 τὰ
1109 1694 1319 1763 φορτία.
1346 1693 1430 1764 Μὴ
1448 1690 1624 1746 τοίνυν
1645 1692 1869 1763 νομίσῃς
1900 1691 2093 1761 μικρόν

534 1796 616 1834 σοι
647 1781 962 1851 προκεῖσθαι
982 1782 1074 1834 νῦν
1094 1779 1273 1846 ἆθλον,
1302 1784 1435 1836 ἀλλά
1463 1784 1678 1836 πάντων
1708 1775 1780 1837 ὧν
1810 1780 2094 1852 ὑπομεμέ-

529 1889 701 1942 νηκας
736 1873 825 1925 τὸν
861 1873 1206 1945 ὑψηλότερον,
1240 1876 1329 1930 τὸν
1356 1876 1448 1930 ἐπὶ
1486 1877 1551 1945 τῇ
1587 1875 1680 1928 τοῦ
1722 1875 1970 1944 σώματος
1992 1875 2092 1943 ἀρ·

529 1962 735 2033 ρωστίᾳ
772 1962 931 2031 λέγω.
977 1967 1084 2018 Kal
1126 1965 1232 2037 γάρ
1261 1967 1354 2020 καὶ
1384 1965 1460 2036 τῷ
1497 1965 1731 2036 Λαζάρῳ
1759 1964 1841 2033 (εί
1871 1962 1980 2034 γάρ
2000 1965 2096 2018 καὶ

531 2053 790 2116 πολλάκις
811 2054 968 2109 τοῦτο
995 2056 1189 2128 εἴρηκα
1218 2057 1352 2128 πρὸς
1379 2057 1458 2120 σὲ,
1488 2057 1640 2110 οὐδὲν
1666 2055 1862 2109 κωλύει
1891 2055 1984 2108 καὶ
2001 2054 2095 2107 νῦν

531 2145 740 2214 εἰπεῖν)
775 2147 972 2216 ἧρκεσε
1025 2147 1180 2200 τοῦτο
1210 2147 1290 2210 είς
1327 2147 1594 2217 σωτηρίαν
1618 2164 1630 2176 ·
1663 2144 1872 2199 καὶτοῦ
1914 2143 2094 2213 κοινὴν

533 2234 630 2301 τὴν
656 2235 825 2287 οἰκίαν
854 2239 962 2299 τοῖς
990 2237 1244 2307 παριοῦσι
1271 2236 1620 2306 κεκτημένου,
1644 2236 1735 2288 καὶ
1760 2235 2094 2306 μετανάστου

536 2327 768 2395 συνεχῶς
801 2328 1081 2398 γινομένου
1114 2328 1201 2380 διὰ
1227 2328 1289 2380 τὸ
1315 2327 1408 2381 τοῦ
1439 2327 1573 2379 Θεοῦ
1603 2327 1927 2397 πρόσταγμα
1951 2365 1966 2388 ,
1999 2323 2095 2378 καὶ

533 2419 622 2469 τὸν
648 2419 760 2471 υἱὸν
790 2420 1228 2488 κατασφάξαντος
1254 2421 1344 2473 τὸν
1395 2420 1634 2488 γνήσιον,
1691 2418 1780 2471 τὸν
1811 2415 2093 2486 μονογενῆ,

532 2510 624 2561 τὸν
647 2511 702 2561 ὲν
726 2511 934 2580 ἐσχάτῳ
957 2512 1102 2581 γήρα
1114 2511 1356 2575 δοθέντα,
1389 2514 1418 2566 δ
1452 2511 1614 2581 μηδὲν
1639 2510 1842 2563 τούτων
1869 2524 2097 2576 πεποιη-

534 2599 644 2661 κὼς
673 2602 750 2664 είς
785 2601 908 2664 τοὺς
940 2602 1171 2665 κόλπους
1198 2603 1384 2673 ἀπῄει,
1414 2601 1594 2672 ἐπειδὴ
1615 2601 1842 2672 ἦνεγκεν
1865 2597 2098 2660 εὐκόλως

533 2691 741 2753 πενίαν,
791 2691 885 2744 καὶ
926 2693 1232 2762 ἀρρωστίαν
1263 2694 1357 2746 καὶ
1383 2692 1481 2762 τὴν
1507 2692 1616 2745 τῶν
1647 2688 2098 2761 προστησομένων

532 2778 784 2849 ἐρημίαν.
815 2783 1075 2836 Τοσοῦτον
1104 2783 1212 2852 γάρ
1243 2783 1391 2835 ἐστιν
1428 2781 1629 2849 ἀγαθὸν
1659 2780 1814 2834 τοῦτο
1842 2781 1954 2843 τοῖς
1977 2795 2099 2846 γεν-

536 2867 698 2929 ναίως
729 2869 952 2938 φέρουσί
994 2885 1066 2934 τι,
1104 2871 1186 2923 ὅτι
1216 2870 1317 2924 κᾶν
1361 2870 1429 2922 τά
1468 2871 1696 2940 μέγιστα
1744 2868 2098 2938 ἡμαρτηκότα

535 2956 660 3009 τινὰ
684 2957 839 3030 εὕρῃ,
876 2957 1201 3012 ἀπαλλάττει
1229 2959 1322 3013 τοῦ
1356 2960 1655 3030 βαρυτάτου
1679 2959 1786 3014 τῶν
1814 2957 2100 3028 ἁμαρτιῶν

539 3051 758 3121 φορτίου
779 3067 794 3083 ο
829 3051 933 3104 κᾶν
961 3051 1357 3123 κατωρθωκύτα
1386 3051 1480 3104 καὶ
1515 3051 1718 3105 δίκαιον
1756 3051 1902 3115 ὄντα,
1921 3051 1980 3104 οὐ
2008 3069 2099 3122 μι-

538 3148 695 3217 κρᾶς,
725 3145 859 3198 ἀλλὰ
891 3145 983 3197 καὶ
1011 3143 1212 3215 σφόδρα
1246 3142 1505 3214 μεγίστης
1537 3142 1847 3214 παρρησίας
1892 3143 2100 3211 γίνεται

537 3236 842 3305 προσθήκη.
870 3234 979 3286 Kal
1000 3233 1110 3304 γὰρ
1139 3232 1234 3285 καὶ
1264 3233 1522 3300 στέφανός
1562 3233 1677 3285 ἐστι
1712 3232 1961 3303 λαμπρὸς
2008 3234 2103 3286 ἐπὶ

537 3329 646 3382 τῶν
677 3329 937 3392 δικαίων,
987 3328 1082 3382 καὶ
1133 3327 1274 3397 ὑπὲρ
1320 3327 1412 3381 τὸν
1441 3326 1589 3396 ἥλιον
1631 3327 1749 3396 μεθ’
1799 3326 2102 3397 ὑπερϐολῆς

539 3421 790 3490 λάμπων,
814 3419 910 3473 καὶ
936 3417 1228 3488 καθάρσιον
1249 3416 1500 3486 μέγιστον
1529 3418 1622 3469 ἐπὶ
1650 3417 1758 3470 τῶν
1783 3418 2103 3489 ἡμαρτηκόκ

538 3529 667 3567 των.
708 3512 805 3564 Διά
848 3528 932 3564 τοι
973 3510 1131 3563 τοῦτο
1157 3513 1247 3563 τὸν
1277 3507 1594 3579 διορύξαντα
1622 3509 1798 3579 γάμον
1828 3508 2101 3579 πατρῷον.

541 3605 634 3658 καὶ
659 3603 759 3673 τὴν
787 3603 943 3674 εὐνὴν
963 3601 1343 3671 διαφθείραντα
1374 3601 1473 3670 τὴν
1517 3601 1750 3667 ἐκείνου,
1780 3601 1860 3663 είς
1888 3599 2106 3670 ὄλεθρον

479 3738 485 3743 .
540 3693 637 3762 τῆς
670 3692 866 3763 σαρκὸς
891 3690 1250 3761 παραδίδωσιν
1286 3692 1314 3743 ὁ
1348 3689 1577 3754 Παῦλος,
1615 3689 1787 3756 τούτῳ
1834 3689 2105 3761 καθαίρων

542 3783 702 3836 αὐτὸν
727 3781 804 3852 τῷ
825 3782 1025 3852 τρόπῳ.
1056 3782 1179 3834 Ὅτι
1206 3781 1313 3852 γάρ
1338 3781 1629 3852 καθάρσιον
1649 3781 1716 3856 ,τὸ
1739 3781 2017 3850 γινόμενον
2037 3775 2105 3850 ἦν

540 3875 641 3943 τῆς
667 3873 930 3942 τοσαύτης
957 3871 1191 3942 κηλὲδος,
1217 3872 1448 3924 ἄκουσον
1472 3870 1634 3923 αὐτοῦ
1666 3871 1935 3939 λέγοντος,
1984 3871 2109 3926 Ἵνα

544 3962 612 4014 τὸ
641 3961 874 4029 πνεῦμα
903 3958 1069 4026 σωθῇ
1114 3961 1182 4012 ἐν
1213 3958 1284 4027 τῇ
1316 3960 1504 4028 ἡμέρᾳ
1557 3960 1661 4013 τοῦ
1688 3960 1908 4026 Κυρίου
1940 3959 2110 4028 ἡμῶν

559 4053 760 4119 Ἰησοῦ
789 4051 1064 4120 Χριστοῦ.
1097 4052 1205 4104 Καὶ
1239 4051 1442 4120 ἑτέροις
1474 4049 1530 4102 δὲ
1562 4050 1808 4117 ἐγκαλῶν
1853 4050 2112 4120 φρικωδε-

549 4144 747 4214 στάτην
794 4143 984 4212 ἑτέραν
1017 4141 1310 4212 ἁμαρτίαν,
1357 4143 1469 4204 τοῖς
1498 4141 1594 4211 τῆς
1638 4141 1786 4210 ίερᾶς
1833 4138 2111 4212 τραπέζης

546 4234 775 4299 ἀναξίως
796 4233 1123 4287 ἀπολαύουσι
1158 4234 1250 4285 καὶ
1278 4232 1385 4285 τῶν
1421 4233 1748 4303 ἀπορρήτων
1798 4231 2109 4304 μυστηρίων

547 4325 769 4380 ἐκείνων
793 4364 809 4388 ,
862 4326 955 4377 καὶ
983 4323 1173 4386 εἰπὼν,
1200 4324 1279 4376 δτι
1309 4323 1337 4373 ὁ
1379 4323 1616 4386 τοιοῦτος
1645 4324 1899 4393 Ἔνοχος
1940 4325 2109 4379 ἔσται

549 4418 654 4472 τοῦ
691 4415 960 4485 σώματος
981 4414 1080 4468 καί
1125 4414 1230 4468 τοῦ
1280 4416 1528 4484 αἵματος
1571 4415 1677 4470 τοῦ
1725 4415 1976 4484 Κυρίου·
2012 4416 2113 4487 ὅρα

549 4513 668 4575 πῶς
696 4528 828 4582 φησι
859 4512 952 4564 καὶ
981 4511 1176 4573 αὐτοὺς
1215 4506 1566 4578 καθαίρεσθαι
1598 4507 1696 4576 τῆς
1718 4507 1958 4575 χαλεπῆς
1979 4505 2110 4559 ταύο

549 4623 647 4675 της
680 4605 912 4676 κηλῖδος.
953 4604 1096 4657 οῦτω
1124 4602 1299 4669 λέγων
1318 4618 1332 4631 ·
1366 4601 1468 4653 Διά
1490 4600 1663 4661 τοῦτο
1695 4601 1764 4652 ὲν
1801 4599 1939 4668 ὑμῖν
1969 4604 2114 4653 πολ-

553 4674 648 4753 λοὶ
686 4674 960 4761 ἀσθενεῖς
997 4694 1094 4748 καὶ
1152 4692 1461 4761 ἄρρωστοι.
1501 4687 1631 4743 Εἶτα
1687 4691 1898 4753 δεικνὺς
1947 4691 2026 4743 ὅτι
2052 4691 2113 4743 οὑ

557 4775 849 4859 μέχρι
892 4786 1156 4857 τιμωρίας
1211 4784 1411 4854 ταύτης
1474 4783 1826 4852 στήσεταιτά
1873 4781 2114 4845 ἐκείνων,

553 4877 666 4931 ἀλλ’
701 4876 852 4929 ἔσται
885 4892 936 4927 τι
973 4872 1159 4944 κέρδος
1182 4873 1287 4925 ἀπὸ
1309 4871 1403 4924 τοῦ
1436 4872 1779 4940 πράγματος,
1813 4870 1873 4923 τὸ
1896 4870 2002 4923 τῶν
2032 4871 2118 4924 εὐ-

556 4967 729 5020 θυνῶν
758 4966 862 5019 τῶν
890 4966 979 5018 ἐπὶ
1007 4967 1073 5035 τῇ
1104 4963 1343 5034 ἁμαρτίᾳ
1360 4962 1530 5032 ταύτῃ
1576 4961 1970 5030 ἀπαλλαγῆναι,
2021 4963 2118 5014 ἐπι

558 5064 761 5130 ήγαγεν
779 5076 791 5089 ·
823 5057 893 5111 El
922 5057 1030 5125 γὰρ
1059 5056 1306 5121 ἑαυτοὺς
1329 5055 1715 5123 διεκρίνομεν,
1740 5056 1849 5107 οὐκ
1869 5053 1944 5106 ἂν
1963 5054 2117 5121 ἐκρι-

560 5153 794 5219 νόμεθα.
826 5148 950 5202 Νῦν·
975 5147 1042 5201 δὲ
1068 5148 1421 5215 κρινόμενοι,
1447 5146 1563 5200 ὑπὸ
1591 5146 1808 5212 Κυρίου
1844 5144 2119 5199 παιδευό-

555 5218 726 5312 μεθα,
765 5239 863 5292 ἵνα
889 5238 972 5307 μὴ
999 5239 1120 5292 σὺν
1167 5236 1246 5301 τῷ
1275 5238 1479 5306 κόσμῳ
1517 5234 1972 5304 κατακριθῶμεν.
1999 5237 2121 5289 ’Ότι

560 5335 617 5387 δὲ
641 5333 732 5386 καὶ
761 5333 808 5384 οἱ
863 5331 931 5383 τὰ
965 5329 1174 5399 μεγάλα
1210 5327 1631 5398 κατωρθωκότες
1683 5326 1927 5379 ἐντεῦθεν
1955 5327 2124 5382 πολλά

563 5425 950 5496 κερδαίνουσιν,
980 5423 1087 5474 ἀπό
1109 5439 1168 5473 τε
1202 5421 1292 5473 τοῦ
1336 5420 1454 5473 Ἰὼϐ
1489 5420 1642 5489 δῆλον
1669 5417 1927 5488 μειζόνως
1947 5419 2123 5472 ἐντεῦ-

564 5518 653 5570 θεν
691 5513 1019 5584 λάμψαντος,
1047 5512 1153 5565 ἀπό
1177 5530 1234 5565 τε
1266 5511 1357 5565 τοῦ
1389 5511 1650 5580 Τιμοθέου
1669 5550 1682 5574 ,
1709 5510 1767 5572 ὃς
1797 5509 1937 5561 οὕτω
1968 5509 2124 5574 καλὸς

565 5609 660 5670 ὢν,
721 5607 813 5657 καὶ
863 5603 1113 5672 τοιαύτην
1165 5603 1436 5656 διακονίαν
1483 5603 1977 5672 ἐγκεχειρισμένος,
2037 5604 2127 5654 καὶ

573 5695 1103 5766 συμπεριιπτὰμενος
1126 5695 1319 5766 Παύλῳ
1340 5694 1436 5765 τὴν
1467 5695 1813 5763 οἰκουμένην,
1831 5695 1890 5746 οὐ
1924 5693 2014 5746 δύο
2038 5695 2126 5746 καὶ

1234 353 1290 450 ε.
1325 395 1609 453 JOANNIS
1638 393 2128 454 cnnvsosmm
2161 395 2476 455 ARCHIEP.
2515 399 3052 457 CONSTANTINOP.

2194 504 2343 580 τρεῖς
2379 505 2615 578 ἡμέρας,
2657 506 2778 560 ούδέ
2815 507 2965 571 δέκα,
3009 505 3106 557 καὶ
3158 501 3350 570 εἴκοσι,
3403 502 3498 556 καὶ
3532 501 3740 556 ἑκατὸν
3766 541 3786 567 ,

2193 599 2330 652 άλλά
2381 597 2580 663 πολλάς
2641 600 2736 652 καὶ
2793 599 3036 668 συνεχεῖς
3087 598 3145 649 ἐν
3190 594 3472 667 ἀρρωστίᾳ
3506 594 3636 663 εζη,
3673 592 3789 648 τοῦ

2193 688 2350 763 [575]
2391 689 2640 760 σώματος
2692 691 2842 762 αὐτῷ
2881 690 3019 760 μετά
3045 688 3250 759 πολλῆς
3279 689 3381 759 τῆς
3411 687 3792 759 σφοδρότητος

2194 783 2652 856 ἐξησθενημένου.
2675 784 2787 837 Καὶ
2817 782 2976 836 τοῦτο
3005 777 3183 851 δηλῶν
3213 781 3242 834 ὁ
3293 779 3505 842 Παῦλος
3545 779 3738 848 ἔλεγεν
3769 793 3786 807 ’

2201 875 2355 943 Οτνφ
2384 876 2566 945 ὀλίγῳ
2605 875 2731 945 χρῶ
2777 873 2878 929 διὰ
2906 874 3013 928 τὸν
3038 873 3348 942 στόμαχόν
3373 887 3510 937 σου,
3544 872 3643 925 καί
3669 871 3793 936 τὰς·

2194 967 2436 1033 πυκνάς
2473 984 2590 1023 σου
2639 969 2982 1032 ἀσθενείας.
3014 967 3124 1020 Kal
3151 965 3214 1018 οὐ
3253 962 3568 1034 διώρθωσεν
3608 961 3792 1017 αὐτοῦ

2192 1059 2292 1130 τὴν
2347 1059 2630 1114 ἀσθένειαν
2676 1060 2707 1113 ὁ
2765 1060 2994 1131 νεκροὺς
3051 1057 3282 1128 ἐγείρων
3315 1097 3332 1121 ,
3395 1055 3512 1110 ἀλλ’
3564 1055 3793 1125 ἀφῆκεν

2194 1147 2337 1206 εἶναι
2389 1154 2449 1206 ἐν
2485 1155 2552 1224 τῇ
2601 1151 2820 1223 καμίνῳ
2889 1156 2990 1223 τῆς
3049 1152 3227 1216 νόσου,
3297 1147 3441 1202 ὥστε
3519 1147 3794 1219 μέγιστον

2195 1242 2343 1314 αὐτῷ
2385 1244 2481 1298 καὶ
2532 1243 2782 1299 ἐντεῦθεν
2849 1243 3184 1314 συναχθῆναι
3248 1239 3562 1312 παρρησίας
3613 1240 3794 1295 πλοῦδ

2196 1352 2309 1390 τον.
2371 1331 2475 1390 Ὧν
2542 1337 2650 1409 γάρ
2705 1337 2866 1401 αὐτὸς
2922 1336 3268 1392 ἀπολέλαυκε
3338 1334 3494 1404 παρά
3539 1333 3635 1388 τοῦ
3681 1337 3790 1387 Δε-

2202 1428 2424 1495 σπότου,
2475 1431 2592 1506 καὶ.
2629 1431 2774 1504 άπερ
2832 1428 3130 1499 ἐπαιδεύθη
3167 1428 3299 1499 παρ’
3331 1429 3566 1492 ἐκείνου,
3602 1426 3791 1481 ταῦτα

2198 1519 2296 1575 καὶ
2348 1521 2442 1574 τὸν
2494 1522 2745 1596 μαθητὴν
2799 1523 3100 1578 ἐδίδασκεν.
3137 1522 3202 1574 Εί
3251 1519 3360 1592 γὰρ
3421 1521 3516 1575 καὶ
3568 1518 3647 1591 μὴ
3689 1521 3794 1593 ἀρ-

2201 1613 2406 1685 ρωπίᾳ
2457 1615 2846 1686 περιέπιπτεν,
2887 1616 3001 1670 ἀλλ’
3033 1613 3348 1687 ἀρρωστίας
3401 1613 3505 1666 οὐκ
3557 1612 3791 1666 ἔλαττον

2198 1707 2498 1776 περιασμοὶ
2550 1709 2714 1763 αὑτὸν
2768 1706 3142 1777 κολαφίζουσι,
3191 1706 3286 1759 καὶ
3325 1703 3527 1775 πολλὴν
3583 1704 3791 1775 ὀδύνην

2200 1796 2523 1870 ἐπιφέρουσι
2581 1803 2648 1872 τῇ
2721 1801 2906 1872 σαρκί.
2962 1799 3177 1867 Ἐδόθη
3235 1799 3341 1868 γάρ
3375 1816 3533 1866 μοι,
3603 1798 3787 1869 φησιν

2201 1891 2450 1960 σκόλοψ
2498 1891 2575 1961 τῇ
2617 1894 2798 1962 σαρκὶ
2853 1892 3114 1963 ἄγγελος
3155 1889 3374 1956 Σατᾶν,
3428 1891 3530 1944 ἵνα
3561 1907 3641 1960 με
3678 1907 3787 1944 κο-

2200 1981 2418 2052 λαφίζῃ
2453 1999 2466 2013 ·
2492 1983 2593 2048 τὰς
2635 1985 2855 2056 πληγὰς
2893 1984 3090 2053 λέγων,
3143 1983 3214 2037 τά
3276 1982 3471 2053 δεσμὰ,
3509 1981 3612 2046 τάς
3657 1981 3791 2037 άλύ·

2203 2089 2340 2139 σεις,
2397 2075 2466 2130 τά
2521 2077 2898 2149 δεσμωτήρια,
2927 2076 2990 2130 τὸ
3022 2075 3287 2144 ἄγεσθαι,
3323 2075 3419 2129 καὶ
3477 2075 3789 2147 σπαράττε-

2205 2165 2332 2219 σθαι
2360 2167 2475 2226 ,καὶ
2520 2169 2935 2223 κατατείνεσθαι
2990 2167 3245 2240 μάστιξιν
3309 2178 3334 2207 ι
3404 2165 3511 2219 ὑπὸ
3572 2166 3791 2237 δημίων

2196 2256 2484 2323 πολλάκις.
2517 2260 2609 2313 Διδ
2657 2263 2752 2316 καὶ
2815 2261 2891 2333 μὴ
2945 2263 3128 2332 φέρων
3177 2261 3277 2325 τὰς
3315 2261 3509 2324 ὀδύνας
3557 2261 3656 2324 τὰς
3695 2263 3788 2314 ὲν-

2202 2347 2394 2402 τεῦθεν
2438 2354 2505 2422 τῇ
2547 2354 2712 2424 σαρκὶ
2761 2355 3238 2425 προσγινομένας,
3297 2353 3482 2422 ἔλεγεν
3513 2370 3528 2384 ·
3602 2355 3790 2422 ’Υπὲρ

2203 2444 2422 2500 τούτου
2491 2448 2620 2514 τρίς
2691 2448 2802 2502 τὸν
2871 2451 3099 2517 Κύριον
3162 2447 3552 2517 παρεκάλεσα
3602 2448 3790 2519 (τρίς

2206 2536 2442 2590 ἐνταῦθα
2493 2539 2555 2592 τὸ
2608 2540 2870 2603 πολλάκις
2933 2539 3191 2611 λέγων),
3239 2534 3410 2594 ’ὥστε
3462 2541 3792 2609 ἐλευθερω-

2207 2626 2384 2696 θῆναι
2470 2631 2577 2686 τοῦ
2659 2634 2973 2699 σκόλοπος
3061 2632 3298 2687 τούτου.
3375 2627 3513 2686 Εἶτα
3598 2633 3792 2705 ἐπειδὴ

2206 2721 2309 2773 οὐκ
2350 2721 2604 2792 ἐπέτυχε,
2639 2722 2828 2793 μαθὼν
2864 2723 2958 2777 τοῦ
3013 2725 3341 2795 πράγματος
3369 2725 3430 2778 τὸ
3452 2724 3662 2794 κέρδος,
3694 2727 3793 2780 καὶ

2207 2812 2473 2884 ἡσύχασε,
2508 2814 2604 2868 καὶ
2641 2815 2785 2887 ἥσθη
2809 2816 2902 2870 ἐπὶ
2926 2819 3038 2881 τοῖς
3071 2818 3403 2888 γινομένοις.

2276 2941 2390 2994 Καὶ
2437 2945 2502 2994 σὺ
2556 2943 2740 2995 τοίνυν
2795 2941 2901 2996 κάν
2958 2942 3098 2995 οίκοι
3148 2941 3339 3011 μένῃς,
3370 2941 3467 2996 καὶ
3517 2943 3584 3013 τῇ
3627 2940 3787 3013 κλίνῃ

2205 3032 2603 3104 προσηλωμένη
2671 3030 2780 3107 ᾖς,
2836 3035 2911 3106 μὴ
2981 3031 3169 3103 νόμιζε
3223 3033 3393 3103 ἀργὸν
3462 3030 3576 3102 βίον
3639 3033 3740 3103 ζῇν
3769 3050 3785 3068 -

2209 3124 2319 3178 τῶν
2371 3125 2478 3197 γάρ
2528 3126 2633 3180 ὑπὸ
2663 3127 2876 3198 δημίων
2929 3126 3240 3197 ἑλκομένων
3300 3126 3787 3197 σπαραττομένων,

2207 3218 2533 3286 τεινομένων
2561 3259 2578 3282 ,
2641 3219 2752 3273 τῶν
2824 3219 2895 3272 τά
2969 3219 3176 3289 ἔσχατα
3245 3218 3568 3290 πασχόντων
3629 3218 3793 3290 χαλε·

2213 3308 2434 3380 πώτερα
2489 3310 2802 3381 ὑπομένεις,
2859 3311 3054 3381 δήμιον
3106 3310 3327 3381 διηνεκῆ
3384 3311 3480 3364 καὶ
3541 3310 3791 3368 σύνοικον

2207 3399 2453 3471 ἔχουσα,
2535 3403 2638 3473 τῆς
2729 3403 3044 3475 ἀρρωστίας
3131 3401 3339 3473 ταύτης
3422 3402 3524 3474 τὴν
3619 3403 3793 3476 ὑπερ-

2209 3491 2392 3563 ϐολήν.
2462 3484 2465 3488 ’

2278 3603 2359 3659 δ’.
2407 3604 2499 3672 Μὴ
2554 3605 2737 3659 τοίνυν
2801 3605 2943 3675 μήτε
3008 3603 3270 3674 τελευτῆς
3327 3603 3587 3674 ἐπιθύμει
3651 3604 3815 3673 νῦν,-

2214 3697 2353 3767 μήτε
2411 3697 2606 3766 ἀμέλει
2662 3698 2960 3768 θεραπείας
2984 3713 3000 3728 ο
3065 3696 3188 3750 οὐδὲ
3249 3695 3360 3768 γάρ
3405 3695 3563 3750 τοῦτο
3623 3697 3802 3767 ἀσφα-

2212 3787 2325 3851 λές.
2352 3789 2451 3843 Διά
2492 3805 2577 3841 τοι
2636 3788 2797 3841 τοῦτο
2848 3789 2944 3841 καὶ
2991 3787 3241 3861 Τιμοθέῳ
3293 3790 3555 3859 παραινεῖ
3587 3790 3798 3861 σφόδρα

2218 3879 2599 3949 ἐπιμελεῖσθαι
2672 3879 2862 3934 ἑαυτοῦ
2923 3881 2952 3933 ὁ
3011 3858 3238 3943 Παῦλος.
3332 3858 3446 3952 Τῆς
3522 3880 3621 3949 μὲν
3699 3858 3801 3936 οὖν

2215 3972 2532 4044 ἀρρωστίας
2588 3972 2773 4026 ἕνεκεν
2832 3971 2994 4041 ἀρκεῖ
3035 3969 3207 4025 ταῦτα
3257 3973 3456 4028 εἰπεῖν.
3508 3973 3573 4026 Εί
3627 3973 3685 4026 δὲ
3732 3974 3800 4027 τὸ

2215 4064 2550 4135 κεχωρίσθαι
2598 4064 2754 4135 ἡμῶν
2811 4066 2956 4118 ποιεῖ
3007 4081 3090 4117 σοι
3136 4063 3234 4134 τὴν
3273 4063 3550 4133 ἀθυμίαν,
3626 4083 3800 4137 προσ-

2216 4155 2348 4209 δόκα
2427 4155 2622 4211 τούτου
2687 4157 2860 4211 λύσιν.
2927 4157 3038 4209 Καὶ
3088 4155 3248 4208 τοῦτο
3291 4156 3390 4226 οὐχ
3456 4157 3543 4211 ῐνα
3612 4175 3800 4230 παρα-

2217 4249 2433 4305 καλέσω
2470 4266 2530 4302 σε
2564 4244 2714 4302 εἷπον
2762 4249 2881 4312 νῦν,
2912 4248 3029 4302 ἀλλ’
3084 4245 3202 4301 οἶδα
3252 4248 3337 4302 ὅτι
3370 4249 3590 4314 πάντως
3620 4251 3800 4308 ἔσται.

2219 4342 2282 4395 El
2341 4342 2450 4414 γάρ
2507 4343 2581 4414 μὴ
2635 4343 2857 4412 ἔμελλεν
2913 4341 3154 4405 ἔσεσθαι,
3195 4341 3365 4396 πάλαι
3426 4343 3514 4410 ἀν,
3545 4343 3622 4406 ὠς
3668 4344 3806 4413 ἐγω-

2219 4449 2285 4502 γε
2328 4431 2533 4505 οἶμαι,
2574 4433 2936 4505 ἀπεληλύθειν
2977 4432 3250 4497 ἐντεῦθεν,
3297 4433 3358 4486 τό
3412 4449 3476 4502 γε
3546 4430 3681 4507 ἧκον
3721 4437 3806 4500 είς

2223 4527 2350 4590 τοὺς
2419 4527 2814 4598 ἐπενεχθέντας
2901 4544 2990 4596 μοι
3067 4525 3432 4596 πειρασμούς.
3499 4525 3618 4580 Ἰνα
3692 4527 3808 4598 γάρ

2226 4613 2296 4666 τὰ
2348 4616 2406 4667 ἐν
2456 4613 3026 4668 Κωνσταντινουπόλει
3073 4613 3236 4684 παρῶ
3287 4612 3490 4681 πάντα,
3539 4613 3680 4684 μετά
3701 4615 3808 4684 τὴν

2224 4704 2433 4758 ἐκεῖθεν
2514 4702 2729 4770 ἔξοδον,
2780 4704 2961 4770 ἔξεστι
3029 4701 3223 4773 μαθεῖν
3295 4703 3398 4756 ὅσα
3482 4703 3625 4756 κατά
3704 4703 3810 4776 τὴν

2225 4795 2342 4849 ὁδὸν
2404 4797 2504 4867 την
2575 4796 2796 4868 μακράν
2855 4795 3062 4872 ταύτην
3115 4797 3212 4848 καὶ
3271 4795 3554 4866 χαλεπὴν,
3613 4792 3692 4851 ὧν
3736 4800 3810 4856 τὰ

2225 4888 2395 4940 πλείω
2457 4890 2614 4942 ἱκανά
2670 4885 2737 4959 ἦν
2797 4889 3025 4942 θάνατον
3081 4891 3302 4951 τεκεῖν,
3365 4889 3763 4961 ὑπομεμένηκα
3792 4933 3805 4954 ,

2226 4978 2326 5031 ὅσα
2398 4981 2538 5044 μετά
2594 4981 2692 5049 τὴν
2747 4979 2983 5032 ἐνταῦθα
3049 4979 3237 5048 ἄφιξιν
3273 5021 3288 5044 ,
3345 4980 3446 5033 ὅσα
3506 4981 3647 5051 μετά
3707 4983 3808 5050 τὴν

2232 5071 2633 5140 μετανάστασιν
2680 5074 2776 5142 τὴν
2821 5072 2928 5124 ἀπὸ
2978 5072 3319 5137 Κουκουσοῦ,
3378 5072 3480 5126 ὅσα
3537 5075 3678 5144 μετά
3706 5074 3806 5143 τὴν

2231 5161 2292 5213 ὲν
2340 5161 2647 5232 Ἀραὸισσῷ
2673 5162 2975 5234 διατριϐήν.
2997 5163 3160 5216 Ἀλλὰ.
3194 5163 3369 5218 ταῦτα
3399 5165 3580 5218 πάντα
3623 5165 3808 5233 διεφύ-

2230 5270 2330 5322 γομ
2342 5270 2418 5314 εν,
2467 5255 2560 5306 καὶ
2586 5254 2676 5306 νῦν
2702 5257 2866 5324 ἐσμεν
2885 5257 2941 5308 ἐν
2963 5257 3143 5326 ὑγιείᾳ.
3173 5257 3265 5310 καὶ
3292 5257 3567 5328 ἀσφαλείᾳ
3609 5257 3799 5325 πολλῇ,

2229 5343 2303 5405 ὡς
2328 5345 2420 5396 καὶ
2437 5345 2752 5413 Ἀρμενίους
2778 5348 2982 5409 πάντας
3006 5346 3426 5413 ἐκπλήττεσθαι,
3446 5349 3529 5402 ὅτι
3559 5349 3619 5406 ὲν
3638 5346 3809 5412 οὕτως

2295 5681 2322 5713 τ·
2351 5681 2477 5734 Tres
2497 5695 2610 5731 mss.
2643 5685 2718 5732 καί
2746 5686 3116 5748 κατατείνεσθαι,
3153 5688 3474 5750 προτείνεσθαι
3505 5696 3728 5750 μάστιξιν.
3787 5721 3790 5724 ~
