  <div class='ocr_page' id='page_1' title='image "/cluster/home/n/w/nwhite01/storage/ocr_20150623/52/ien.35556001660794/214.png"; bbox 0 0 4078 6428; ppageno 0'>
   <div class='ocr_carea' id='block_1_1' title="bbox 292 389 402 450">
    <p class='ocr_par' dir='ltr' id='par_1_1' title="bbox 292 389 402 450">
     <span class='ocr_line' id='line_1_1' title="bbox 292 389 402 450; baseline 0 -3"><span class='ocrx_word' id='word_1_1' title='bbox 292 389 402 450; x_wconf 74' lang='grc'><strong>693</strong></span> 
     </span>
    </p>
   </div>
   <div class='ocr_carea' id='block_1_2' title="bbox 291 501 1880 577">
    <p class='ocr_par' dir='ltr' id='par_1_2' title="bbox 291 501 1880 577">
     <span class='ocr_line' id='line_1_2' title="bbox 291 501 1880 577; baseline -0.001 -18"><span class='ocrx_word' id='word_1_2' title='bbox 291 505 477 574; x_wconf 57' lang='lat' dir='ltr'><strong>pisset.</strong></span> <span class='ocrx_word' id='word_1_3' title='bbox 503 505 632 561; x_wconf 79' lang='lat' dir='ltr'><strong>Nam</strong></span> <span class='ocrx_word' id='word_1_4' title='bbox 658 505 798 577; x_wconf 89' lang='lat' dir='ltr'><strong>quod</strong></span> <span class='ocrx_word' id='word_1_5' title='bbox 830 520 857 556; x_wconf 87' lang='lat' dir='ltr'><strong>a</strong></span> <span class='ocrx_word' id='word_1_6' title='bbox 884 504 1040 560; x_wconf 86' lang='lat' dir='ltr'><strong>nobis</strong></span> <span class='ocrx_word' id='word_1_7' title='bbox 1067 503 1237 574; x_wconf 89' lang='lat' dir='ltr'><strong>plura,</strong></span> <span class='ocrx_word' id='word_1_8' title='bbox 1255 517 1416 572; x_wconf 81' lang='lat' dir='ltr'><strong>quam</strong></span> <span class='ocrx_word' id='word_1_9' title='bbox 1438 501 1630 557; x_wconf 87' lang='lat' dir='ltr'><strong>abillis</strong></span> <span class='ocrx_word' id='word_1_10' title='bbox 1650 504 1739 572; x_wconf 86' lang='lat' dir='ltr'><strong>qui</strong></span> <span class='ocrx_word' id='word_1_11' title='bbox 1769 510 1880 557; x_wconf 91' lang='lat' dir='ltr'><strong>tum</strong></span> 
     </span>
    </p>
   </div>
   <div class='ocr_carea' id='block_1_3' title="bbox 289 595 1884 668">
    <p class='ocr_par' dir='ltr' id='par_1_3' title="bbox 289 595 1884 668">
     <span class='ocr_line' id='line_1_3' title="bbox 289 595 1884 668; baseline 0.001 -19"><span class='ocrx_word' id='word_1_12' title='bbox 289 597 566 666; x_wconf 74' lang='lat' dir='ltr'><strong>vivebant,</strong></span> <span class='ocrx_word' id='word_1_13' title='bbox 615 601 988 668; x_wconf 75' lang='lat' dir='ltr'><strong>requirantur,</strong></span> <span class='ocrx_word' id='word_1_14' title='bbox 1038 596 1374 666; x_wconf 75' lang='lat' dir='ltr'><strong>maioresque</strong></span> <span class='ocrx_word' id='word_1_15' title='bbox 1420 595 1573 650; x_wconf 89' lang='lat' dir='ltr'><strong>nobis</strong></span> <span class='ocrx_word' id='word_1_16' title='bbox 1619 596 1884 664; x_wconf 59' lang='lat' dir='ltr'><strong>palaestras</strong></span> 
     </span>
    </p>
   </div>
   <div class='ocr_carea' id='block_1_4' title="bbox 290 685 1878 753">
    <p class='ocr_par' dir='ltr' id='par_1_4' title="bbox 290 685 1878 753">
     <span class='ocr_line' id='line_1_4' title="bbox 290 685 1878 753; baseline -0.003 -10"><span class='ocrx_word' id='word_1_17' title='bbox 290 690 600 744; x_wconf 76' lang='lat' dir='ltr'><strong>constituta:</strong></span> <span class='ocrx_word' id='word_1_18' title='bbox 626 690 753 753; x_wconf 89' lang='lat' dir='ltr'><strong>sint,</strong></span> <span class='ocrx_word' id='word_1_19' title='bbox 781 689 903 743; x_wconf 93' lang='lat' dir='ltr'><strong>audi</strong></span> <span class='ocrx_word' id='word_1_20' title='bbox 930 687 1204 742; x_wconf 86' lang='lat' dir='ltr'><strong>Christum</strong></span> <span class='ocrx_word' id='word_1_21' title='bbox 1233 687 1500 742; x_wconf 72' lang='lat' dir='ltr'><strong>dicentem</strong></span> <span class='ocrx_word' id='word_1_22' title='bbox 1526 703 1540 740; x_wconf 92' lang='lat'><strong>:</strong></span> <span class='ocrx_word' id='word_1_23' title='bbox 1567 685 1685 739; x_wconf 83' lang='lat' dir='ltr'><strong>Nisi</strong></span> <span class='ocrx_word' id='word_1_24' title='bbox 1714 687 1878 739; x_wconf 82' lang='lat' dir='ltr'><strong>abun-</strong></span> 
     </span>
    </p>
   </div>
   <div class='ocr_carea' id='block_1_5' title="bbox 290 774 1882 849">
    <p class='ocr_par' dir='ltr' id='par_1_5' title="bbox 290 774 1882 849">
     <span class='ocr_line' id='line_1_5' title="bbox 290 774 1882 849; baseline 0.001 -20"><span class='ocrx_word' id='word_1_25' title='bbox 290 778 488 833; x_wconf 66' lang='lat' dir='ltr'><strong>daverit</strong></span> <span class='ocrx_word' id='word_1_26' title='bbox 501 780 706 848; x_wconf 78' lang='lat' dir='ltr'><strong>justitia</strong></span> <span class='ocrx_word' id='word_1_27' title='bbox 734 788 898 833; x_wconf 78' lang='lat' dir='ltr'><strong>uestra</strong></span> <span class='ocrx_word' id='word_1_28' title='bbox 927 779 1193 849; x_wconf 84' lang='lat' dir='ltr'><strong>plusquam</strong></span> <span class='ocrx_word' id='word_1_29' title='bbox 1214 776 1492 831; x_wconf 70' lang='lat' dir='ltr'><strong>scribarum</strong></span> <span class='ocrx_word' id='word_1_30' title='bbox 1512 786 1559 831; x_wconf 81' lang='lat' dir='ltr'><strong>et</strong></span> <span class='ocrx_word' id='word_1_31' title='bbox 1585 774 1882 830; x_wconf 62' lang='lat' dir='ltr'><strong>Pharisaeo-</strong></span> 
     </span>
    </p>
   </div>
   <div class='ocr_carea' id='block_1_6' title="bbox 293 857 1880 940">
    <p class='ocr_par' dir='ltr' id='par_1_6' title="bbox 293 857 1880 940">
     <span class='ocr_line' id='line_1_6' title="bbox 293 857 1880 940; baseline 0.001 -22"><span class='ocrx_word' id='word_1_32' title='bbox 293 882 427 933; x_wconf 77' lang='lat' dir='ltr'><strong>rum,</strong></span> <span class='ocrx_word' id='word_1_33' title='bbox 459 884 563 922; x_wconf 78' lang='lat' dir='ltr'><strong>non</strong></span> <span class='ocrx_word' id='word_1_34' title='bbox 591 869 840 924; x_wconf 83' lang='lat' dir='ltr'><strong>intrabitis</strong></span> <span class='ocrx_word' id='word_1_35' title='bbox 865 869 916 922; x_wconf 80' lang='lat' dir='ltr'><strong>in</strong></span> <span class='ocrx_word' id='word_1_36' title='bbox 941 885 1151 940; x_wconf 82' lang='lat' dir='ltr'><strong>regnum</strong></span> <span class='ocrx_word' id='word_1_37' title='bbox 1178 867 1416 922; x_wconf 66' lang='lat' dir='ltr'><strong>calorum</strong></span> <span class='ocrx_word' id='word_1_38' title='bbox 1441 857 1651 936; x_wconf 60' lang='lat' dir='ltr'><strong>(Matth.</strong></span> <span class='ocrx_word' id='word_1_39' title='bbox 1681 867 1735 922; x_wconf 83' lang='lat'><strong>5.</strong></span> <span class='ocrx_word' id='word_1_40' title='bbox 1765 865 1880 936; x_wconf 85' lang='grc'><strong>20).</strong></span> 
     </span>
    </p>
   </div>
   <div class='ocr_carea' id='block_1_7' title="bbox 293 955 1883 1030">
    <p class='ocr_par' dir='ltr' id='par_1_7' title="bbox 293 955 1883 1030">
     <span class='ocr_line' id='line_1_7' title="bbox 293 955 1883 1030; baseline 0.003 -21"><span class='ocrx_word' id='word_1_41' title='bbox 293 955 653 1024; x_wconf 79' lang='lat' dir='ltr'><strong>Quamobrem</strong></span> <span class='ocrx_word' id='word_1_42' title='bbox 677 974 746 1014; x_wconf 88' lang='lat' dir='ltr'><strong>ne</strong></span> <span class='ocrx_word' id='word_1_43' title='bbox 769 968 995 1014; x_wconf 90' lang='lat' dir='ltr'><strong>mortem</strong></span> <span class='ocrx_word' id='word_1_44' title='bbox 1023 975 1164 1014; x_wconf 89' lang='lat' dir='ltr'><strong>nunc</strong></span> <span class='ocrx_word' id='word_1_45' title='bbox 1193 969 1469 1030; x_wconf 78' lang='lat' dir='ltr'><strong>exoptare,</strong></span> <span class='ocrx_word' id='word_1_46' title='bbox 1499 958 1658 1029; x_wconf 87' lang='lat' dir='ltr'><strong>culpa</strong></span> <span class='ocrx_word' id='word_1_47' title='bbox 1696 973 1883 1014; x_wconf 87' lang='lat' dir='ltr'><strong>carere</strong></span> 
     </span>
    </p>
   </div>
   <div class='ocr_carea' id='block_1_8' title="bbox 290 1047 1884 1114">
    <p class='ocr_par' dir='ltr' id='par_1_8' title="bbox 290 1047 1884 1114">
     <span class='ocr_line' id='line_1_8' title="bbox 290 1047 1884 1114; baseline 0.003 -13"><span class='ocrx_word' id='word_1_48' title='bbox 290 1047 567 1104; x_wconf 77' lang='lat' dir='ltr'><strong>existimes</strong></span> <span class='ocrx_word' id='word_1_49' title='bbox 586 1089 602 1114; x_wconf 87' lang='lat'><strong>,</strong></span> <span class='ocrx_word' id='word_1_50' title='bbox 643 1065 826 1106; x_wconf 89' lang='lat' dir='ltr'><strong>verum</strong></span> <span class='ocrx_word' id='word_1_51' title='bbox 859 1051 997 1106; x_wconf 86' lang='lat' dir='ltr'><strong>hanc</strong></span> <span class='ocrx_word' id='word_1_52' title='bbox 1023 1051 1171 1106; x_wconf 84' lang='lat' dir='ltr'><strong>Pauli</strong></span> <span class='ocrx_word' id='word_1_53' title='bbox 1201 1066 1384 1107; x_wconf 87' lang='lat' dir='ltr'><strong>vocem</strong></span> <span class='ocrx_word' id='word_1_54' title='bbox 1410 1050 1633 1105; x_wconf 81' lang='lat' dir='ltr'><strong>audias:</strong></span> <span class='ocrx_word' id='word_1_55' title='bbox 1660 1049 1884 1106; x_wconf 73' lang='lat' dir='ltr'><strong>Dissolvi</strong></span> 
     </span>
    </p>
   </div>
   <div class='ocr_carea' id='block_1_9' title="bbox 289 1139 1883 1209">
    <p class='ocr_par' dir='ltr' id='par_1_9' title="bbox 289 1139 1883 1209">
     <span class='ocr_line' id='line_1_9' title="bbox 289 1139 1883 1209; baseline 0.004 -20"><span class='ocrx_word' id='word_1_56' title='bbox 289 1148 338 1199; x_wconf 62' lang='lat' dir='ltr'><strong>et</strong></span> <span class='ocrx_word' id='word_1_57' title='bbox 362 1155 473 1192; x_wconf 80' lang='lat' dir='ltr'><strong>esse</strong></span> <span class='ocrx_word' id='word_1_58' title='bbox 499 1155 615 1193; x_wconf 83' lang='lat' dir='ltr'><strong>cum</strong></span> <span class='ocrx_word' id='word_1_59' title='bbox 641 1139 838 1195; x_wconf 79' lang='lat' dir='ltr'><strong>Christo</strong></span> <span class='ocrx_word' id='word_1_60' title='bbox 869 1141 1031 1195; x_wconf 79' lang='lat' dir='ltr'><strong>multo</strong></span> <span class='ocrx_word' id='word_1_61' title='bbox 1069 1142 1246 1194; x_wconf 84' lang='lat' dir='ltr'><strong>melius</strong></span> <span class='ocrx_word' id='word_1_62' title='bbox 1269 1148 1345 1194; x_wconf 85' lang='lat' dir='ltr'><strong>est</strong></span> <span class='ocrx_word' id='word_1_63' title='bbox 1364 1155 1383 1209; x_wconf 72' lang='grc' dir='ltr'><strong><em>ς</em></strong></span> <span class='ocrx_word' id='word_1_64' title='bbox 1404 1156 1606 1195; x_wconf 81' lang='lat' dir='ltr'><strong>manere</strong></span> <span class='ocrx_word' id='word_1_65' title='bbox 1631 1151 1801 1194; x_wconf 76' lang='lat' dir='ltr'><strong>autem</strong></span> <span class='ocrx_word' id='word_1_66' title='bbox 1829 1141 1883 1196; x_wconf 81' lang='lat' dir='ltr'><strong>in</strong></span> 
     </span>
    </p>
   </div>
   <div class='ocr_carea' id='block_1_10' title="bbox 289 1231 1879 1304">
    <p class='ocr_par' dir='ltr' id='par_1_10' title="bbox 289 1231 1879 1304">
     <span class='ocr_line' id='line_1_10' title="bbox 289 1231 1879 1304; baseline 0.002 -19"><span class='ocrx_word' id='word_1_67' title='bbox 289 1243 464 1297; x_wconf 68' lang='lat' dir='ltr'><strong>mne,</strong></span> <span class='ocrx_word' id='word_1_68' title='bbox 499 1235 834 1287; x_wconf 83' lang='lat' dir='ltr'><strong>necessarium</strong></span> <span class='ocrx_word' id='word_1_69' title='bbox 872 1243 1078 1304; x_wconf 77' lang='lat' dir='ltr'><strong>propter</strong></span> <span class='ocrx_word' id='word_1_70' title='bbox 1115 1248 1201 1289; x_wconf 80' lang='lat' dir='ltr'><strong>vos</strong></span> <span class='ocrx_word' id='word_1_71' title='bbox 1241 1231 1499 1303; x_wconf 81' lang='lat' dir='ltr'><strong>(Philipp.</strong></span> <span class='ocrx_word' id='word_1_72' title='bbox 1537 1235 1590 1288; x_wconf 91' lang='grc'><strong>1.</strong></span> <span class='ocrx_word' id='word_1_73' title='bbox 1630 1232 1721 1287; x_wconf 73' lang='grc'><strong>23.</strong></span> <span class='ocrx_word' id='word_1_74' title='bbox 1765 1233 1879 1303; x_wconf 67' lang='grc'><strong>26).</strong></span> 
     </span>
    </p>
   </div>
   <div class='ocr_carea' id='block_1_11' title="bbox 288 1321 1880 1396">
    <p class='ocr_par' dir='ltr' id='par_1_11' title="bbox 288 1321 1880 1396">
     <span class='ocr_line' id='line_1_11' title="bbox 288 1321 1880 1396; baseline 0.004 -22"><span class='ocrx_word' id='word_1_75' title='bbox 288 1321 502 1388; x_wconf 84' lang='lat' dir='ltr'><strong>Quanto</strong></span> <span class='ocrx_word' id='word_1_76' title='bbox 520 1325 665 1380; x_wconf 91' lang='lat' dir='ltr'><strong>enim</strong></span> <span class='ocrx_word' id='word_1_77' title='bbox 690 1326 859 1396; x_wconf 87' lang='lat' dir='ltr'><strong>magis</strong></span> <span class='ocrx_word' id='word_1_78' title='bbox 878 1325 1196 1396; x_wconf 76' lang='lat' dir='ltr'><strong>ingravescit</strong></span> <span class='ocrx_word' id='word_1_79' title='bbox 1223 1325 1518 1392; x_wconf 79' lang='lat' dir='ltr'><strong>calamitas,</strong></span> <span class='ocrx_word' id='word_1_80' title='bbox 1547 1333 1696 1381; x_wconf 88' lang='lat' dir='ltr'><strong>tanto</strong></span> <span class='ocrx_word' id='word_1_81' title='bbox 1720 1327 1880 1381; x_wconf 90' lang='lat' dir='ltr'><strong>etiam</strong></span> 
     </span>
    </p>
   </div>
   <div class='ocr_carea' id='block_1_12' title="bbox 287 1412 1880 1485">
    <p class='ocr_par' dir='ltr' id='par_1_12' title="bbox 287 1412 1880 1485">
     <span class='ocr_line' id='line_1_12' title="bbox 287 1412 1880 1485; baseline 0.001 -19"><span class='ocrx_word' id='word_1_82' title='bbox 287 1412 459 1482; x_wconf 81' lang='lat' dir='ltr'><strong>magis</strong></span> <span class='ocrx_word' id='word_1_83' title='bbox 502 1414 796 1470; x_wconf 79' lang='lat' dir='ltr'><strong>exuberant</strong></span> <span class='ocrx_word' id='word_1_84' title='bbox 837 1423 1313 1485; x_wconf 61' lang='lat' dir='ltr'><strong>coronanquanto</strong></span> <span class='ocrx_word' id='word_1_85' title='bbox 1355 1415 1526 1485; x_wconf 88' lang='lat' dir='ltr'><strong>magis</strong></span> <span class='ocrx_word' id='word_1_86' title='bbox 1562 1430 1752 1470; x_wconf 89' lang='lat' dir='ltr'><strong>aurum</strong></span> <span class='ocrx_word' id='word_1_87' title='bbox 1795 1414 1880 1468; x_wconf 90' lang='lat' dir='ltr'><strong>in-</strong></span> 
     </span>
    </p>
   </div>
   <div class='ocr_carea' id='block_1_13' title="bbox 289 1502 1880 1576">
    <p class='ocr_par' dir='ltr' id='par_1_13' title="bbox 289 1502 1880 1576">
     <span class='ocr_line' id='line_1_13' title="bbox 289 1502 1880 1576; baseline 0.001 -20"><span class='ocrx_word' id='word_1_88' title='bbox 289 1502 629 1570; x_wconf 81' lang='lat' dir='ltr'><strong>ﬂammatur,</strong></span> <span class='ocrx_word' id='word_1_89' title='bbox 657 1511 806 1559; x_wconf 86' lang='lat' dir='ltr'><strong>tanto</strong></span> <span class='ocrx_word' id='word_1_90' title='bbox 835 1505 994 1560; x_wconf 90' lang='lat' dir='ltr'><strong>etiam</strong></span> <span class='ocrx_word' id='word_1_91' title='bbox 1022 1506 1208 1576; x_wconf 88' lang='lat' dir='ltr'><strong>purius</strong></span> <span class='ocrx_word' id='word_1_92' title='bbox 1251 1503 1520 1560; x_wconf 88' lang='lat' dir='ltr'><strong>redditur:</strong></span> <span class='ocrx_word' id='word_1_93' title='bbox 1541 1513 1740 1574; x_wconf 84' lang='lat' dir='ltr'><strong>quanto</strong></span> <span class='ocrx_word' id='word_1_94' title='bbox 1762 1505 1880 1558; x_wconf 82' lang='lat' dir='ltr'><strong>lon-</strong></span> 
     </span>
    </p>
   </div>
   <div class='ocr_carea' id='block_1_14' title="bbox 289 1589 1880 1666">
    <p class='ocr_par' dir='ltr' id='par_1_14' title="bbox 289 1589 1880 1666">
     <span class='ocr_line' id='line_1_14' title="bbox 289 1589 1880 1666; baseline 0.003 -20"><span class='ocrx_word' id='word_1_95' title='bbox 289 1595 409 1664; x_wconf 87' lang='lat' dir='ltr'><strong>gius</strong></span> <span class='ocrx_word' id='word_1_96' title='bbox 437 1589 652 1666; x_wconf 82' lang='lat' dir='ltr'><strong>navigat</strong></span> <span class='ocrx_word' id='word_1_97' title='bbox 677 1606 962 1662; x_wconf 85' lang='lat' dir='ltr'><strong>mercator,</strong></span> <span class='ocrx_word' id='word_1_98' title='bbox 992 1605 1139 1651; x_wconf 89' lang='lat' dir='ltr'><strong>tanto</strong></span> <span class='ocrx_word' id='word_1_99' title='bbox 1170 1597 1348 1666; x_wconf 87' lang='lat' dir='ltr'><strong>plures</strong></span> <span class='ocrx_word' id='word_1_100' title='bbox 1374 1611 1584 1653; x_wconf 86' lang='lat' dir='ltr'><strong>merces</strong></span> <span class='ocrx_word' id='word_1_101' title='bbox 1620 1595 1880 1652; x_wconf 91' lang='lat' dir='ltr'><strong>cumulat.</strong></span> 
     </span>
    </p>
   </div>
   <div class='ocr_carea' id='block_1_15' title="bbox 286 1683 1881 1755">
    <p class='ocr_par' dir='ltr' id='par_1_15' title="bbox 286 1683 1881 1755">
     <span class='ocr_line' id='line_1_15' title="bbox 286 1683 1881 1755; baseline 0.001 -17"><span class='ocrx_word' id='word_1_102' title='bbox 286 1683 551 1750; x_wconf 81' lang='lat' dir='ltr'><strong>Quocirca</strong></span> <span class='ocrx_word' id='word_1_103' title='bbox 574 1699 643 1740; x_wconf 88' lang='lat' dir='ltr'><strong>ne</strong></span> <span class='ocrx_word' id='word_1_104' title='bbox 665 1700 884 1755; x_wconf 88' lang='lat' dir='ltr'><strong>parvum</strong></span> <span class='ocrx_word' id='word_1_105' title='bbox 911 1700 1051 1740; x_wconf 90' lang='lat' dir='ltr'><strong>nunc</strong></span> <span class='ocrx_word' id='word_1_106' title='bbox 1078 1686 1170 1740; x_wconf 91' lang='lat' dir='ltr'><strong>tibi</strong></span> <span class='ocrx_word' id='word_1_107' title='bbox 1198 1687 1530 1755; x_wconf 88' lang='lat' dir='ltr'><strong>propositum</strong></span> <span class='ocrx_word' id='word_1_108' title='bbox 1559 1699 1682 1740; x_wconf 90' lang='lat' dir='ltr'><strong>esse</strong></span> <span class='ocrx_word' id='word_1_109' title='bbox 1703 1693 1881 1740; x_wconf 89' lang='lat' dir='ltr'><strong>certa-</strong></span> 
     </span>
    </p>
   </div>
   <div class='ocr_carea' id='block_1_16' title="bbox 286 1775 1882 1846">
    <p class='ocr_par' dir='ltr' id='par_1_16' title="bbox 286 1775 1882 1846">
     <span class='ocr_line' id='line_1_16' title="bbox 286 1775 1882 1846; baseline 0.001 -18"><span class='ocrx_word' id='word_1_110' title='bbox 286 1789 409 1829; x_wconf 86' lang='lat' dir='ltr'><strong>men</strong></span> <span class='ocrx_word' id='word_1_111' title='bbox 440 1784 628 1844; x_wconf 88' lang='lat' dir='ltr'><strong>putes,</strong></span> <span class='ocrx_word' id='word_1_112' title='bbox 679 1791 864 1831; x_wconf 88' lang='lat' dir='ltr'><strong>verum</strong></span> <span class='ocrx_word' id='word_1_113' title='bbox 907 1777 1145 1831; x_wconf 90' lang='lat' dir='ltr'><strong>omnium</strong></span> <span class='ocrx_word' id='word_1_114' title='bbox 1189 1792 1309 1846; x_wconf 69' lang='lat' dir='ltr'><strong>qure</strong></span> <span class='ocrx_word' id='word_1_115' title='bbox 1352 1777 1650 1832; x_wconf 85' lang='lat' dir='ltr'><strong>sustinuisti</strong></span> <span class='ocrx_word' id='word_1_116' title='bbox 1679 1775 1882 1831; x_wconf 85' lang='lat' dir='ltr'><strong>altissi-</strong></span> 
     </span>
    </p>
   </div>
   <div class='ocr_carea' id='block_1_17' title="bbox 287 1865 1881 1937">
    <p class='ocr_par' dir='ltr' id='par_1_17' title="bbox 287 1865 1881 1937">
     <span class='ocr_line' id='line_1_17' title="bbox 287 1865 1881 1937; baseline 0.001 -17"><span class='ocrx_word' id='word_1_117' title='bbox 287 1879 434 1920; x_wconf 88' lang='lat' dir='ltr'><strong>mum</strong></span> <span class='ocrx_word' id='word_1_118' title='bbox 481 1867 821 1936; x_wconf 79' lang='lat' dir='ltr'><strong>maximeque</strong></span> <span class='ocrx_word' id='word_1_119' title='bbox 869 1867 1130 1930; x_wconf 89' lang='lat' dir='ltr'><strong>sublime,</strong></span> <span class='ocrx_word' id='word_1_120' title='bbox 1176 1867 1244 1922; x_wconf 93' lang='lat' dir='ltr'><strong>de</strong></span> <span class='ocrx_word' id='word_1_121' title='bbox 1294 1881 1361 1922; x_wconf 85' lang='lat' dir='ltr'><strong>eo</strong></span> <span class='ocrx_word' id='word_1_122' title='bbox 1404 1867 1596 1936; x_wconf 91' lang='lat' dir='ltr'><strong>loquor</strong></span> <span class='ocrx_word' id='word_1_123' title='bbox 1641 1865 1785 1937; x_wconf 89' lang='lat' dir='ltr'><strong>quod</strong></span> <span class='ocrx_word' id='word_1_124' title='bbox 1829 1867 1881 1923; x_wconf 91' lang='lat' dir='ltr'><strong>in</strong></span> 
     </span>
    </p>
   </div>
   <div class='ocr_carea' id='block_1_18' title="bbox 285 1954 1883 2026">
    <p class='ocr_par' dir='ltr' id='par_1_18' title="bbox 285 1954 1883 2026">
     <span class='ocr_line' id='line_1_18' title="bbox 285 1954 1883 2026; baseline 0.003 -16"><span class='ocrx_word' id='word_1_125' title='bbox 285 1954 534 2026; x_wconf 85' lang='lat' dir='ltr'><strong>corporis</strong></span> <span class='ocrx_word' id='word_1_126' title='bbox 555 1955 780 2012; x_wconf 87' lang='lat' dir='ltr'><strong>adversa</strong></span> <span class='ocrx_word' id='word_1_127' title='bbox 811 1956 1115 2013; x_wconf 90' lang='lat' dir='ltr'><strong>valetudine</strong></span> <span class='ocrx_word' id='word_1_128' title='bbox 1141 1958 1302 2013; x_wconf 86' lang='lat' dir='ltr'><strong>situm</strong></span> <span class='ocrx_word' id='word_1_129' title='bbox 1325 1967 1429 2013; x_wconf 88' lang='lat' dir='ltr'><strong>est.</strong></span> <span class='ocrx_word' id='word_1_130' title='bbox 1451 1957 1584 2012; x_wconf 82' lang='lat' dir='ltr'><strong>Nam</strong></span> <span class='ocrx_word' id='word_1_131' title='bbox 1605 1966 1658 2014; x_wconf 90' lang='lat' dir='ltr'><strong>et</strong></span> <span class='ocrx_word' id='word_1_132' title='bbox 1680 1957 1883 2015; x_wconf 76' lang='lat' dir='ltr'><strong>Lazaro</strong></span> 
     </span>
    </p>
   </div>
   <div class='ocr_carea' id='block_1_19' title="bbox 286 2047 1883 2123">
    <p class='ocr_par' dir='ltr' id='par_1_19' title="bbox 286 2047 1883 2123">
     <span class='ocr_line' id='line_1_19' title="bbox 286 2047 1883 2123; baseline 0 -21"><span class='ocrx_word' id='word_1_133' title='bbox 286 2047 437 2120; x_wconf 88' lang='lat' dir='ltr'><strong>(licet</strong></span> <span class='ocrx_word' id='word_1_134' title='bbox 463 2049 608 2105; x_wconf 87' lang='lat' dir='ltr'><strong>enim</strong></span> <span class='ocrx_word' id='word_1_135' title='bbox 635 2049 737 2105; x_wconf 92' lang='lat' dir='ltr'><strong>boc</strong></span> <span class='ocrx_word' id='word_1_136' title='bbox 770 2050 1018 2121; x_wconf 89' lang='lat' dir='ltr'><strong>exemplo</strong></span> <span class='ocrx_word' id='word_1_137' title='bbox 1058 2065 1202 2121; x_wconf 61' lang='lat' dir='ltr'><strong>stupe</strong></span> <span class='ocrx_word' id='word_1_138' title='bbox 1239 2050 1306 2106; x_wconf 89' lang='lat' dir='ltr'><strong>ad</strong></span> <span class='ocrx_word' id='word_1_139' title='bbox 1347 2059 1400 2106; x_wconf 92' lang='lat' dir='ltr'><strong>te</strong></span> <span class='ocrx_word' id='word_1_140' title='bbox 1439 2065 1568 2108; x_wconf 90' lang='lat' dir='ltr'><strong>usus</strong></span> <span class='ocrx_word' id='word_1_141' title='bbox 1606 2050 1707 2105; x_wconf 90' lang='lat' dir='ltr'><strong>sim</strong></span> <span class='ocrx_word' id='word_1_142' title='bbox 1729 2091 1745 2118; x_wconf 91' lang='lat'><strong>,</strong></span> <span class='ocrx_word' id='word_1_143' title='bbox 1776 2065 1883 2123; x_wconf 86' lang='lat' dir='ltr'><strong>quo</strong></span> 
     </span>
    </p>
   </div>
   <div class='ocr_carea' id='block_1_20' title="bbox 286 2138 1882 2212">
    <p class='ocr_par' dir='ltr' id='par_1_20' title="bbox 286 2138 1882 2212">
     <span class='ocr_line' id='line_1_20' title="bbox 286 2138 1882 2212; baseline 0.003 -18"><span class='ocrx_word' id='word_1_144' title='bbox 286 2138 464 2194; x_wconf 82' lang='lat' dir='ltr'><strong>minus</strong></span> <span class='ocrx_word' id='word_1_145' title='bbox 493 2149 672 2195; x_wconf 84' lang='lat' dir='ltr'><strong>tamen</strong></span> <span class='ocrx_word' id='word_1_146' title='bbox 700 2155 844 2196; x_wconf 90' lang='lat' dir='ltr'><strong>nunc</strong></span> <span class='ocrx_word' id='word_1_147' title='bbox 867 2140 1044 2197; x_wconf 87' lang='lat' dir='ltr'><strong>adhuc</strong></span> <span class='ocrx_word' id='word_1_148' title='bbox 1079 2156 1146 2198; x_wconf 91' lang='lat' dir='ltr'><strong>eo</strong></span> <span class='ocrx_word' id='word_1_149' title='bbox 1179 2150 1300 2196; x_wconf 90' lang='lat' dir='ltr'><strong>utar</strong></span> <span class='ocrx_word' id='word_1_150' title='bbox 1337 2141 1468 2196; x_wconf 84' lang='lat' dir='ltr'><strong>nihil</strong></span> <span class='ocrx_word' id='word_1_151' title='bbox 1507 2141 1775 2212; x_wconf 86' lang='lat' dir='ltr'><strong>prohibet)</strong></span> <span class='ocrx_word' id='word_1_152' title='bbox 1814 2141 1882 2199; x_wconf 89' lang='lat' dir='ltr'><strong>ad</strong></span> 
     </span>
    </p>
   </div>
   <div class='ocr_carea' id='block_1_21' title="bbox 286 2229 1879 2304">
    <p class='ocr_par' dir='ltr' id='par_1_21' title="bbox 286 2229 1879 2304">
     <span class='ocr_line' id='line_1_21' title="bbox 286 2229 1879 2304; baseline 0.001 -19"><span class='ocrx_word' id='word_1_153' title='bbox 286 2230 514 2286; x_wconf 75' lang='lat' dir='ltr'><strong>salutem</strong></span> <span class='ocrx_word' id='word_1_154' title='bbox 544 2230 648 2285; x_wconf 84' lang='lat' dir='ltr'><strong>hoc</strong></span> <span class='ocrx_word' id='word_1_155' title='bbox 669 2233 801 2287; x_wconf 82' lang='lat' dir='ltr'><strong>satis</strong></span> <span class='ocrx_word' id='word_1_156' title='bbox 831 2229 1095 2304; x_wconf 84' lang='lat' dir='ltr'><strong>fuit(Luc.</strong></span> <span class='ocrx_word' id='word_1_157' title='bbox 1122 2233 1239 2303; x_wconf 84' lang='lat' dir='ltr'><strong>l6);</strong></span> <span class='ocrx_word' id='word_1_158' title='bbox 1270 2243 1430 2304; x_wconf 89' lang='lat' dir='ltr'><strong>atque</strong></span> <span class='ocrx_word' id='word_1_159' title='bbox 1457 2234 1508 2288; x_wconf 90' lang='lat' dir='ltr'><strong>itt</strong></span> <span class='ocrx_word' id='word_1_160' title='bbox 1537 2234 1711 2288; x_wconf 89' lang='lat' dir='ltr'><strong>sinum</strong></span> <span class='ocrx_word' id='word_1_161' title='bbox 1741 2232 1879 2302; x_wconf 87' lang='lat' dir='ltr'><strong>ejus,</strong></span> 
     </span>
    </p>
   </div>
   <div class='ocr_carea' id='block_1_22' title="bbox 285 2315 1882 2394">
    <p class='ocr_par' dir='ltr' id='par_1_22' title="bbox 285 2315 1882 2394">
     <span class='ocr_line' id='line_1_22' title="bbox 285 2315 1882 2394; baseline 0.002 -19"><span class='ocrx_word' id='word_1_162' title='bbox 285 2322 376 2390; x_wconf 91' lang='lat' dir='ltr'><strong>qui</strong></span> <span class='ocrx_word' id='word_1_163' title='bbox 402 2315 745 2378; x_wconf 75' lang='lat' dir='ltr'><strong>communem</strong></span> <span class='ocrx_word' id='word_1_164' title='bbox 775 2324 1020 2378; x_wconf 89' lang='lat' dir='ltr'><strong>omnibus</strong></span> <span class='ocrx_word' id='word_1_165' title='bbox 1065 2326 1510 2394; x_wconf 79' lang='lat' dir='ltr'><strong>pr:etereuntibtts</strong></span> <span class='ocrx_word' id='word_1_166' title='bbox 1534 2324 1752 2380; x_wconf 89' lang='lat' dir='ltr'><strong>dontum</strong></span> <span class='ocrx_word' id='word_1_167' title='bbox 1785 2323 1882 2378; x_wconf 81' lang='lat' dir='ltr'><strong>ha-</strong></span> 
     </span>
    </p>
   </div>
   <div class='ocr_carea' id='block_1_23' title="bbox 288 2411 1882 2487">
    <p class='ocr_par' dir='ltr' id='par_1_23' title="bbox 288 2411 1882 2487">
     <span class='ocr_line' id='line_1_23' title="bbox 288 2411 1882 2487; baseline 0.002 -20"><span class='ocrx_word' id='word_1_168' title='bbox 288 2411 423 2479; x_wconf 87' lang='lat' dir='ltr'><strong>buit,</strong></span> <span class='ocrx_word' id='word_1_169' title='bbox 452 2424 508 2470; x_wconf 84' lang='lat' dir='ltr'><strong>et</strong></span> <span class='ocrx_word' id='word_1_170' title='bbox 532 2425 750 2486; x_wconf 81' lang='lat' dir='ltr'><strong>propter</strong></span> <span class='ocrx_word' id='word_1_171' title='bbox 772 2415 864 2471; x_wconf 84' lang='lat' dir='ltr'><strong>Dei</strong></span> <span class='ocrx_word' id='word_1_172' title='bbox 886 2415 1095 2485; x_wconf 75' lang='lat' dir='ltr'><strong>iussum</strong></span> <span class='ocrx_word' id='word_1_173' title='bbox 1126 2426 1286 2487; x_wconf 91' lang='lat' dir='ltr'><strong>atque</strong></span> <span class='ocrx_word' id='word_1_174' title='bbox 1311 2416 1594 2486; x_wconf 86' lang='lat' dir='ltr'><strong>imperium</strong></span> <span class='ocrx_word' id='word_1_175' title='bbox 1624 2425 1882 2486; x_wconf 63' lang='lat' dir='ltr'><strong>perpetuo</strong></span> 
     </span>
    </p>
   </div>
   <div class='ocr_carea' id='block_1_24' title="bbox 285 2505 1882 2579">
    <p class='ocr_par' dir='ltr' id='par_1_24' title="bbox 285 2505 1882 2579">
     <span class='ocr_line' id='line_1_24' title="bbox 285 2505 1882 2579; baseline 0.004 -21"><span class='ocrx_word' id='word_1_176' title='bbox 285 2505 522 2560; x_wconf 69' lang='lat' dir='ltr'><strong>extimis</strong></span> <span class='ocrx_word' id='word_1_177' title='bbox 572 2506 708 2571; x_wconf 89' lang='lat' dir='ltr'><strong>fuit,</strong></span> <span class='ocrx_word' id='word_1_178' title='bbox 749 2521 814 2562; x_wconf 89' lang='lat' dir='ltr'><strong>ac</strong></span> <span class='ocrx_word' id='word_1_179' title='bbox 860 2524 1172 2579; x_wconf 87' lang='lat' dir='ltr'><strong>germanum</strong></span> <span class='ocrx_word' id='word_1_180' title='bbox 1214 2520 1268 2564; x_wconf 93' lang='lat' dir='ltr'><strong>et</strong></span> <span class='ocrx_word' id='word_1_181' title='bbox 1316 2509 1528 2564; x_wconf 90' lang='lat' dir='ltr'><strong>unicum</strong></span> <span class='ocrx_word' id='word_1_182' title='bbox 1573 2508 1780 2573; x_wconf 86' lang='lat' dir='ltr'><strong>lilium,</strong></span> <span class='ocrx_word' id='word_1_183' title='bbox 1826 2508 1882 2569; x_wconf 91' lang='lat' dir='ltr'><strong>in</strong></span> 
     </span>
    </p>
   </div>
   <div class='ocr_carea' id='block_1_25' title="bbox 286 2601 1884 2672">
    <p class='ocr_par' dir='ltr' id='par_1_25' title="bbox 286 2601 1884 2672">
     <span class='ocr_line' id='line_1_25' title="bbox 286 2601 1884 2672; baseline 0.002 -17"><span class='ocrx_word' id='word_1_184' title='bbox 286 2609 568 2656; x_wconf 82' lang='lat' dir='ltr'><strong>senectute</strong></span> <span class='ocrx_word' id='word_1_185' title='bbox 597 2609 872 2671; x_wconf 89' lang='lat' dir='ltr'><strong>acceptum</strong></span> <span class='ocrx_word' id='word_1_186' title='bbox 903 2602 1240 2671; x_wconf 60' lang='lat' dir='ltr'><strong>obtruncavit</strong></span> <span class='ocrx_word' id='word_1_187' title='bbox 1263 2644 1277 2666; x_wconf 92' lang='lat'><strong>,</strong></span> <span class='ocrx_word' id='word_1_188' title='bbox 1327 2601 1371 2656; x_wconf 86' lang='lat' dir='ltr'><strong>is</strong></span> <span class='ocrx_word' id='word_1_189' title='bbox 1411 2602 1501 2672; x_wconf 94' lang='lat' dir='ltr'><strong>qui</strong></span> <span class='ocrx_word' id='word_1_190' title='bbox 1529 2601 1660 2656; x_wconf 86' lang='lat' dir='ltr'><strong>nihil</strong></span> <span class='ocrx_word' id='word_1_191' title='bbox 1690 2601 1884 2658; x_wconf 90' lang='lat' dir='ltr'><strong>horum</strong></span> 
     </span>
    </p>
   </div>
   <div class='ocr_carea' id='block_1_26' title="bbox 287 2681 1882 2764">
    <p class='ocr_par' dir='ltr' id='par_1_26' title="bbox 287 2681 1882 2764">
     <span class='ocr_line' id='line_1_26' title="bbox 287 2681 1882 2764; baseline 0.001 -22"><span class='ocrx_word' id='word_1_192' title='bbox 287 2686 528 2756; x_wconf 57' lang='lat' dir='ltr'><strong>fecerat,</strong></span> <span class='ocrx_word' id='word_1_193' title='bbox 550 2691 750 2746; x_wconf 90' lang='lat' dir='ltr'><strong>idcirco</strong></span> <span class='ocrx_word' id='word_1_194' title='bbox 770 2693 1030 2748; x_wconf 79' lang='lat' dir='ltr'><strong>abscessit</strong></span> <span class='ocrx_word' id='word_1_195' title='bbox 1047 2733 1064 2760; x_wconf 91' lang='lat'><strong>,</strong></span> <span class='ocrx_word' id='word_1_196' title='bbox 1098 2693 1222 2764; x_wconf 84' lang='lat' dir='ltr'><strong>quia</strong></span> <span class='ocrx_word' id='word_1_197' title='bbox 1255 2699 1624 2763; x_wconf 82' lang='lat' dir='ltr'><strong>paupertatem</strong></span> <span class='ocrx_word' id='word_1_198' title='bbox 1651 2700 1706 2747; x_wconf 89' lang='lat' dir='ltr'><strong>et</strong></span> <span class='ocrx_word' id='word_1_199' title='bbox 1733 2681 1882 2745; x_wconf 76' lang='lat' dir='ltr'><strong>mor-</strong></span> 
     </span>
    </p>
   </div>
   <div class='ocr_carea' id='block_1_27' title="bbox 291 2771 1886 2856">
    <p class='ocr_par' dir='ltr' id='par_1_27' title="bbox 291 2771 1886 2856">
     <span class='ocr_line' id='line_1_27' title="bbox 291 2771 1886 2856; baseline 0.002 -20"><span class='ocrx_word' id='word_1_200' title='bbox 291 2779 449 2848; x_wconf 88' lang='lat' dir='ltr'><strong>bum,</strong></span> <span class='ocrx_word' id='word_1_201' title='bbox 477 2796 544 2837; x_wconf 90' lang='lat' dir='ltr'><strong>ac</strong></span> <span class='ocrx_word' id='word_1_202' title='bbox 581 2793 926 2852; x_wconf 90' lang='lat' dir='ltr'><strong>patronorum</strong></span> <span class='ocrx_word' id='word_1_203' title='bbox 967 2784 1201 2856; x_wconf 88' lang='lat' dir='ltr'><strong>inopiam</strong></span> <span class='ocrx_word' id='word_1_204' title='bbox 1245 2797 1400 2854; x_wconf 68' lang='lat' dir='ltr'><strong>aequo</strong></span> <span class='ocrx_word' id='word_1_205' title='bbox 1432 2793 1487 2838; x_wconf 92' lang='lat' dir='ltr'><strong>et</strong></span> <span class='ocrx_word' id='word_1_206' title='bbox 1529 2771 1669 2838; x_wconf 80' lang='lat' dir='ltr'><strong>facili</strong></span> <span class='ocrx_word' id='word_1_207' title='bbox 1704 2784 1886 2839; x_wconf 87' lang='lat' dir='ltr'><strong>animo</strong></span> 
     </span>
    </p>
   </div>
   <div class='ocr_carea' id='block_1_28' title="bbox 289 2871 1888 2945">
    <p class='ocr_par' dir='ltr' id='par_1_28' title="bbox 289 2871 1888 2945">
     <span class='ocr_line' id='line_1_28' title="bbox 289 2871 1888 2945; baseline 0.003 -19"><span class='ocrx_word' id='word_1_208' title='bbox 289 2871 427 2926; x_wconf 81' lang='lat' dir='ltr'><strong>tulit.</strong></span> <span class='ocrx_word' id='word_1_209' title='bbox 454 2871 684 2927; x_wconf 88' lang='lat' dir='ltr'><strong>Tantum</strong></span> <span class='ocrx_word' id='word_1_210' title='bbox 726 2874 867 2928; x_wconf 91' lang='lat' dir='ltr'><strong>enim</strong></span> <span class='ocrx_word' id='word_1_211' title='bbox 899 2873 1098 2930; x_wconf 90' lang='lat' dir='ltr'><strong>bonum</strong></span> <span class='ocrx_word' id='word_1_212' title='bbox 1129 2874 1270 2929; x_wconf 81' lang='lat' dir='ltr'><strong>istud</strong></span> <span class='ocrx_word' id='word_1_213' title='bbox 1299 2883 1382 2929; x_wconf 88' lang='lat' dir='ltr'><strong>est</strong></span> <span class='ocrx_word' id='word_1_214' title='bbox 1409 2874 1474 2929; x_wconf 90' lang='lat' dir='ltr'><strong>iis</strong></span> <span class='ocrx_word' id='word_1_215' title='bbox 1494 2916 1508 2940; x_wconf 95' lang='lat'><strong>,</strong></span> <span class='ocrx_word' id='word_1_216' title='bbox 1540 2875 1628 2945; x_wconf 91' lang='lat' dir='ltr'><strong>qtti</strong></span> <span class='ocrx_word' id='word_1_217' title='bbox 1674 2873 1795 2929; x_wconf 90' lang='lat' dir='ltr'><strong>forti</strong></span> <span class='ocrx_word' id='word_1_218' title='bbox 1823 2889 1888 2931; x_wconf 88' lang='lat' dir='ltr'><strong>ac</strong></span> 
     </span>
    </p>
   </div>
   <div class='ocr_carea' id='block_1_29' title="bbox 290 2953 1886 3035">
    <p class='ocr_par' dir='ltr' id='par_1_29' title="bbox 290 2953 1886 3035">
     <span class='ocr_line' id='line_1_29' title="bbox 290 2953 1886 3035; baseline 0.004 -19"><span class='ocrx_word' id='word_1_219' title='bbox 290 2971 515 3017; x_wconf 82' lang='lat' dir='ltr'><strong>strenuo</strong></span> <span class='ocrx_word' id='word_1_220' title='bbox 540 2959 720 3017; x_wconf 87' lang='lat' dir='ltr'><strong>animo</strong></span> <span class='ocrx_word' id='word_1_221' title='bbox 761 2965 962 3035; x_wconf 88' lang='lat' dir='ltr'><strong>aliquid</strong></span> <span class='ocrx_word' id='word_1_222' title='bbox 1007 2965 1220 3034; x_wconf 89' lang='lat' dir='ltr'><strong>ferunt,</strong></span> <span class='ocrx_word' id='word_1_223' title='bbox 1264 2953 1339 3020; x_wconf 44' lang='lat' dir='ltr'><strong>ut&#39;</strong></span> <span class='ocrx_word' id='word_1_224' title='bbox 1363 2965 1572 3020; x_wconf 87' lang='lat' dir='ltr'><strong>etiamsi</strong></span> <span class='ocrx_word' id='word_1_225' title='bbox 1612 2964 1886 3022; x_wconf 86' lang='lat' dir='ltr'><strong>hominem</strong></span> 
     </span>
    </p>
   </div>
   <div class='ocr_carea' id='block_1_30' title="bbox 289 3048 1889 3126">
    <p class='ocr_par' dir='ltr' id='par_1_30' title="bbox 289 3048 1889 3126">
     <span class='ocr_line' id='line_1_30' title="bbox 289 3048 1889 3126; baseline 0.004 -21"><span class='ocrx_word' id='word_1_226' title='bbox 289 3051 525 3122; x_wconf 77' lang='lat' dir='ltr'><strong>aliquem</strong></span> <span class='ocrx_word' id='word_1_227' title='bbox 543 3093 562 3120; x_wconf 96' lang='lat'><strong>,</strong></span> <span class='ocrx_word' id='word_1_228' title='bbox 587 3053 676 3123; x_wconf 93' lang='lat' dir='ltr'><strong>qui</strong></span> <span class='ocrx_word' id='word_1_229' title='bbox 711 3055 958 3110; x_wconf 78' lang='lat' dir='ltr'><strong>maximis</strong></span> <span class='ocrx_word' id='word_1_230' title='bbox 979 3057 1212 3126; x_wconf 80' lang='lat' dir='ltr'><strong>peccatis</strong></span> <span class='ocrx_word' id='word_1_231' title='bbox 1240 3048 1368 3112; x_wconf 72' lang='lat' dir='ltr'><strong>sese</strong></span> <span class='ocrx_word' id='word_1_232' title='bbox 1389 3056 1724 3123; x_wconf 90' lang='lat' dir='ltr'><strong>devinxerit,</strong></span> <span class='ocrx_word' id='word_1_233' title='bbox 1757 3073 1889 3112; x_wconf 86' lang='lat' dir='ltr'><strong>nan-</strong></span> 
     </span>
    </p>
   </div>
   <div class='ocr_carea' id='block_1_31' title="bbox 291 3142 1887 3216">
    <p class='ocr_par' dir='ltr' id='par_1_31' title="bbox 291 3142 1887 3216">
     <span class='ocr_line' id='line_1_31' title="bbox 291 3142 1887 3216; baseline 0.004 -19"><span class='ocrx_word' id='word_1_234' title='bbox 291 3142 547 3209; x_wconf 83' lang='lat' dir='ltr'><strong>ciscatur,</strong></span> <span class='ocrx_word' id='word_1_235' title='bbox 574 3145 889 3214; x_wconf 85' lang='lat' dir='ltr'><strong>gravissima</strong></span> <span class='ocrx_word' id='word_1_236' title='bbox 915 3155 1254 3216; x_wconf 84' lang='lat' dir='ltr'><strong>peccatorum</strong></span> <span class='ocrx_word' id='word_1_237' title='bbox 1281 3147 1492 3202; x_wconf 86' lang='lat' dir='ltr'><strong>sarcina</strong></span> <span class='ocrx_word' id='word_1_238' title='bbox 1516 3161 1637 3202; x_wconf 90' lang='lat' dir='ltr'><strong>eum</strong></span> <span class='ocrx_word' id='word_1_239' title='bbox 1667 3146 1887 3204; x_wconf 88' lang='lat' dir='ltr'><strong>liberet:</strong></span> 
     </span>
    </p>
   </div>
   <div class='ocr_carea' id='block_1_32' title="bbox 293 3234 1888 3308">
    <p class='ocr_par' dir='ltr' id='par_1_32' title="bbox 293 3234 1888 3308">
     <span class='ocr_line' id='line_1_32' title="bbox 293 3234 1888 3308; baseline 0.004 -20"><span class='ocrx_word' id='word_1_240' title='bbox 293 3234 375 3289; x_wconf 91' lang='lat' dir='ltr'><strong>sin</strong></span> <span class='ocrx_word' id='word_1_241' title='bbox 403 3242 584 3291; x_wconf 87' lang='lat' dir='ltr'><strong>autem</strong></span> <span class='ocrx_word' id='word_1_242' title='bbox 611 3238 838 3307; x_wconf 90' lang='lat' dir='ltr'><strong>probtuu</strong></span> <span class='ocrx_word' id='word_1_243' title='bbox 879 3237 1050 3294; x_wconf 86' lang='lat' dir='ltr'><strong>virum</strong></span> <span class='ocrx_word' id='word_1_244' title='bbox 1089 3253 1154 3295; x_wconf 89' lang='lat' dir='ltr'><strong>ac</strong></span> <span class='ocrx_word' id='word_1_245' title='bbox 1200 3238 1384 3295; x_wconf 88' lang='lat' dir='ltr'><strong>multis</strong></span> <span class='ocrx_word' id='word_1_246' title='bbox 1426 3239 1738 3294; x_wconf 88' lang='lat' dir='ltr'><strong>muneribus</strong></span> <span class='ocrx_word' id='word_1_247' title='bbox 1765 3253 1888 3308; x_wconf 89' lang='lat' dir='ltr'><strong>per-</strong></span> 
     </span>
    </p>
   </div>
   <div class='ocr_carea' id='block_1_33' title="bbox 292 3321 1889 3400">
    <p class='ocr_par' dir='ltr' id='par_1_33' title="bbox 292 3321 1889 3400">
     <span class='ocr_line' id='line_1_33' title="bbox 292 3321 1889 3400; baseline 0.005 -24"><span class='ocrx_word' id='word_1_248' title='bbox 292 3321 573 3390; x_wconf 89' lang='lat' dir='ltr'><strong>functum,</strong></span> <span class='ocrx_word' id='word_1_249' title='bbox 618 3326 667 3381; x_wconf 91' lang='lat' dir='ltr'><strong>ei</strong></span> <span class='ocrx_word' id='word_1_250' title='bbox 708 3342 814 3382; x_wconf 89' lang='lat' dir='ltr'><strong>non</strong></span> <span class='ocrx_word' id='word_1_251' title='bbox 851 3329 1134 3399; x_wconf 89' lang='lat' dir='ltr'><strong>exiguum,</strong></span> <span class='ocrx_word' id='word_1_252' title='bbox 1180 3328 1276 3385; x_wconf 88' lang='lat' dir='ltr'><strong>sed</strong></span> <span class='ocrx_word' id='word_1_253' title='bbox 1318 3343 1577 3400; x_wconf 89' lang='lat' dir='ltr'><strong>perquam</strong></span> <span class='ocrx_word' id='word_1_254' title='bbox 1621 3329 1889 3399; x_wconf 77' lang='lat' dir='ltr'><strong>ingentem</strong></span> 
     </span>
    </p>
   </div>
   <div class='ocr_carea' id='block_1_34' title="bbox 294 3412 1890 3492">
    <p class='ocr_par' dir='ltr' id='par_1_34' title="bbox 294 3412 1890 3492">
     <span class='ocr_line' id='line_1_34' title="bbox 294 3412 1890 3492; baseline 0.004 -24"><span class='ocrx_word' id='word_1_255' title='bbox 294 3412 506 3470; x_wconf 66' lang='lat' dir='ltr'><strong>fiducia:</strong></span> <span class='ocrx_word' id='word_1_256' title='bbox 529 3417 802 3472; x_wconf 90' lang='lat' dir='ltr'><strong>cumulum</strong></span> <span class='ocrx_word' id='word_1_257' title='bbox 846 3417 1056 3474; x_wconf 71' lang='lat' dir='ltr'><strong>aderat.</strong></span> <span class='ocrx_word' id='word_1_258' title='bbox 1098 3417 1376 3490; x_wconf 86' lang='lat' dir='ltr'><strong>Siquidem</strong></span> <span class='ocrx_word' id='word_1_259' title='bbox 1412 3419 1570 3489; x_wconf 86' lang='lat' dir='ltr'><strong>justis</strong></span> <span class='ocrx_word' id='word_1_260' title='bbox 1612 3419 1890 3492; x_wconf 85' lang='lat' dir='ltr'><strong>splendida</strong></span> 
     </span>
    </p>
   </div>
   <div class='ocr_carea' id='block_1_35' title="bbox 292 3507 1894 3581">
    <p class='ocr_par' dir='ltr' id='par_1_35' title="bbox 292 3507 1894 3581">
     <span class='ocr_line' id='line_1_35' title="bbox 292 3507 1894 3581; baseline 0.005 -22"><span class='ocrx_word' id='word_1_261' title='bbox 292 3517 493 3561; x_wconf 80' lang='lat' dir='ltr'><strong>corona</strong></span> <span class='ocrx_word' id='word_1_262' title='bbox 519 3515 605 3562; x_wconf 86' lang='lat' dir='ltr'><strong>est</strong></span> <span class='ocrx_word' id='word_1_263' title='bbox 626 3548 642 3573; x_wconf 94' lang='lat'><strong>,</strong></span> <span class='ocrx_word' id='word_1_264' title='bbox 672 3507 908 3578; x_wconf 81' lang='lat' dir='ltr'><strong>solisque</strong></span> <span class='ocrx_word' id='word_1_265' title='bbox 937 3509 1198 3581; x_wconf 80' lang='lat' dir='ltr'><strong>fulgorem</strong></span> <span class='ocrx_word' id='word_1_266' title='bbox 1227 3509 1525 3565; x_wconf 83' lang='lat' dir='ltr'><strong>incredibili</strong></span> <span class='ocrx_word' id='word_1_267' title='bbox 1550 3510 1778 3580; x_wconf 85' lang='lat' dir='ltr'><strong>quodam</strong></span> <span class='ocrx_word' id='word_1_268' title='bbox 1811 3511 1894 3566; x_wconf 88' lang='lat' dir='ltr'><strong>in-</strong></span> 
     </span>
    </p>
   </div>
   <div class='ocr_carea' id='block_1_36' title="bbox 293 3594 1889 3673">
    <p class='ocr_par' dir='ltr' id='par_1_36' title="bbox 293 3594 1889 3673">
     <span class='ocr_line' id='line_1_36' title="bbox 293 3594 1889 3673; baseline 0.006 -25"><span class='ocrx_word' id='word_1_269' title='bbox 293 3594 522 3651; x_wconf 85' lang='lat' dir='ltr'><strong>tervallo</strong></span> <span class='ocrx_word' id='word_1_270' title='bbox 550 3611 844 3669; x_wconf 86' lang='lat' dir='ltr'><strong>superans,</strong></span> <span class='ocrx_word' id='word_1_271' title='bbox 873 3609 928 3656; x_wconf 92' lang='lat' dir='ltr'><strong>et</strong></span> <span class='ocrx_word' id='word_1_272' title='bbox 955 3601 1019 3656; x_wconf 91' lang='lat' dir='ltr'><strong>iis</strong></span> <span class='ocrx_word' id='word_1_273' title='bbox 1057 3603 1147 3672; x_wconf 91' lang='lat' dir='ltr'><strong>qui</strong></span> <span class='ocrx_word' id='word_1_274' title='bbox 1181 3603 1233 3656; x_wconf 88' lang='lat' dir='ltr'><strong>itt</strong></span> <span class='ocrx_word' id='word_1_275' title='bbox 1265 3613 1543 3672; x_wconf 83' lang='lat' dir='ltr'><strong>peccatum</strong></span> <span class='ocrx_word' id='word_1_276' title='bbox 1567 3603 1697 3673; x_wconf 87' lang='lat' dir='ltr'><strong>lapsi</strong></span> <span class='ocrx_word' id='word_1_277' title='bbox 1723 3613 1889 3669; x_wconf 88' lang='lat' dir='ltr'><strong>sunt,</strong></span> 
     </span>
    </p>
   </div>
   <div class='ocr_carea' id='block_1_37' title="bbox 295 3689 1892 3766">
    <p class='ocr_par' dir='ltr' id='par_1_37' title="bbox 295 3689 1892 3766">
     <span class='ocr_line' id='line_1_37' title="bbox 295 3689 1892 3766; baseline 0.006 -25"><span class='ocrx_word' id='word_1_278' title='bbox 295 3689 532 3744; x_wconf 85' lang='lat' dir='ltr'><strong>maxima</strong></span> <span class='ocrx_word' id='word_1_279' title='bbox 557 3691 813 3760; x_wconf 79' lang='lat' dir='ltr'><strong>expiatio.</strong></span> <span class='ocrx_word' id='word_1_280' title='bbox 862 3692 1044 3764; x_wconf 84' lang='lat' dir='ltr'><strong>anue</strong></span> <span class='ocrx_word' id='word_1_281' title='bbox 1085 3693 1154 3749; x_wconf 91' lang='lat' dir='ltr'><strong>de</strong></span> <span class='ocrx_word' id='word_1_282' title='bbox 1201 3709 1362 3750; x_wconf 88' lang='lat' dir='ltr'><strong>causa</strong></span> <span class='ocrx_word' id='word_1_283' title='bbox 1406 3711 1529 3750; x_wconf 87' lang='lat' dir='ltr'><strong>eum</strong></span> <span class='ocrx_word' id='word_1_284' title='bbox 1564 3711 1776 3766; x_wconf 88' lang='lat' dir='ltr'><strong>quoque</strong></span> <span class='ocrx_word' id='word_1_285' title='bbox 1803 3697 1892 3766; x_wconf 91' lang='lat' dir='ltr'><strong>qui</strong></span> 
     </span>
    </p>
   </div>
   <div class='ocr_carea' id='block_1_38' title="bbox 296 3782 1892 3856">
    <p class='ocr_par' dir='ltr' id='par_1_38' title="bbox 296 3782 1892 3856">
     <span class='ocr_line' id='line_1_38' title="bbox 296 3782 1892 3856; baseline 0.006 -25"><span class='ocrx_word' id='word_1_286' title='bbox 296 3786 579 3848; x_wconf 87' lang='lat' dir='ltr'><strong>paternum</strong></span> <span class='ocrx_word' id='word_1_287' title='bbox 612 3782 1009 3837; x_wconf 89' lang='lat' dir='ltr'><strong>matrimonium</strong></span> <span class='ocrx_word' id='word_1_288' title='bbox 1039 3785 1352 3847; x_wconf 86' lang='lat' dir='ltr'><strong>violaverat.</strong></span> <span class='ocrx_word' id='word_1_289' title='bbox 1383 3785 1656 3856; x_wconf 84' lang='lat' dir='ltr'><strong>ipsiusque</strong></span> <span class='ocrx_word' id='word_1_290' title='bbox 1695 3787 1892 3842; x_wconf 89' lang='lat' dir='ltr'><strong>lectum</strong></span> 
     </span>
    </p>
   </div>
   <div class='ocr_carea' id='block_1_39' title="bbox 295 3872 1896 3938">
    <p class='ocr_par' dir='ltr' id='par_1_39' title="bbox 295 3872 1896 3938">
     <span class='ocr_line' id='line_1_39' title="bbox 295 3872 1896 3938; baseline 0.006 -12"><span class='ocrx_word' id='word_1_291' title='bbox 295 3872 689 3928; x_wconf 77' lang='lat' dir='ltr'><strong>contaminarat</strong></span> <span class='ocrx_word' id='word_1_292' title='bbox 711 3914 726 3938; x_wconf 93' lang='lat'><strong>,</strong></span> <span class='ocrx_word' id='word_1_293' title='bbox 759 3873 955 3930; x_wconf 82' lang='lat' dir='ltr'><strong>Paulus</strong></span> <span class='ocrx_word' id='word_1_294' title='bbox 979 3876 1030 3930; x_wconf 93' lang='lat' dir='ltr'><strong>in</strong></span> <span class='ocrx_word' id='word_1_295' title='bbox 1071 3876 1343 3932; x_wconf 89' lang='lat' dir='ltr'><strong>interitum</strong></span> <span class='ocrx_word' id='word_1_296' title='bbox 1373 3879 1552 3933; x_wconf 90' lang='lat' dir='ltr'><strong>carnis</strong></span> <span class='ocrx_word' id='word_1_297' title='bbox 1584 3879 1896 3935; x_wconf 88' lang='lat' dir='ltr'><strong>tradit:hac</strong></span> 
     </span>
    </p>
   </div>
   <div class='ocr_carea' id='block_1_40' title="bbox 298 3961 1896 4038">
    <p class='ocr_par' dir='ltr' id='par_1_40' title="bbox 298 3961 1896 4038">
     <span class='ocr_line' id='line_1_40' title="bbox 298 3961 1896 4038; baseline 0.008 -25"><span class='ocrx_word' id='word_1_298' title='bbox 298 3961 550 4018; x_wconf 79' lang='lat' dir='ltr'><strong>videlicet</strong></span> <span class='ocrx_word' id='word_1_299' title='bbox 577 3979 697 4018; x_wconf 90' lang='lat' dir='ltr'><strong>eum</strong></span> <span class='ocrx_word' id='word_1_300' title='bbox 727 3966 934 4021; x_wconf 90' lang='lat' dir='ltr'><strong>ratione</strong></span> <span class='ocrx_word' id='word_1_301' title='bbox 962 3982 1211 4038; x_wconf 86' lang='lat' dir='ltr'><strong>purgans.</strong></span> <span class='ocrx_word' id='word_1_302' title='bbox 1235 3967 1370 4023; x_wconf 85' lang='lat' dir='ltr'><strong>Nam</strong></span> <span class='ocrx_word' id='word_1_303' title='bbox 1397 3969 1538 4038; x_wconf 89' lang='lat' dir='ltr'><strong>quod</strong></span> <span class='ocrx_word' id='word_1_304' title='bbox 1569 3985 1630 4024; x_wconf 90' lang='lat' dir='ltr'><strong>ea</strong></span> <span class='ocrx_word' id='word_1_305' title='bbox 1663 3985 1722 4025; x_wconf 91' lang='lat' dir='ltr'><strong>re</strong></span> <span class='ocrx_word' id='word_1_306' title='bbox 1749 3982 1896 4025; x_wconf 90' lang='lat' dir='ltr'><strong>tanta</strong></span> 
     </span>
    </p>
   </div>
   <div class='ocr_carea' id='block_1_41' title="bbox 297 4054 1898 4131">
    <p class='ocr_par' dir='ltr' id='par_1_41' title="bbox 297 4054 1898 4131">
     <span class='ocr_line' id='line_1_41' title="bbox 297 4054 1898 4131; baseline 0.004 -23"><span class='ocrx_word' id='word_1_307' title='bbox 297 4054 506 4108; x_wconf 84' lang='lat' dir='ltr'><strong>macula</strong></span> <span class='ocrx_word' id='word_1_308' title='bbox 538 4065 882 4126; x_wconf 88' lang='lat' dir='ltr'><strong>purgaretur,</strong></span> <span class='ocrx_word' id='word_1_309' title='bbox 922 4056 1045 4112; x_wconf 91' lang='lat' dir='ltr'><strong>audi</strong></span> <span class='ocrx_word' id='word_1_310' title='bbox 1085 4073 1208 4114; x_wconf 90' lang='lat' dir='ltr'><strong>eum</strong></span> <span class='ocrx_word' id='word_1_311' title='bbox 1248 4058 1512 4114; x_wconf 75' lang='lat' dir='ltr'><strong>dicentem</strong></span> <span class='ocrx_word' id='word_1_312' title='bbox 1543 4077 1556 4113; x_wconf 89' lang='lat'>:</span> <span class='ocrx_word' id='word_1_313' title='bbox 1585 4059 1652 4115; x_wconf 87' lang='lat' dir='ltr'><strong>Ut</strong></span> <span class='ocrx_word' id='word_1_314' title='bbox 1687 4063 1898 4131; x_wconf 76' lang='lat' dir='ltr'><strong>spiritus</strong></span> 
     </span>
    </p>
   </div>
   <div class='ocr_carea' id='block_1_42' title="bbox 299 4141 1893 4223">
    <p class='ocr_par' dir='ltr' id='par_1_42' title="bbox 299 4141 1893 4223">
     <span class='ocr_line' id='line_1_42' title="bbox 299 4141 1893 4223; baseline 0.004 -26"><span class='ocrx_word' id='word_1_315' title='bbox 299 4141 475 4197; x_wconf 76' lang='lat' dir='ltr'><strong>salvus</strong></span> <span class='ocrx_word' id='word_1_316' title='bbox 501 4146 568 4199; x_wconf 86' lang='lat' dir='ltr'><strong>sit</strong></span> <span class='ocrx_word' id='word_1_317' title='bbox 595 4145 649 4199; x_wconf 84' lang='lat' dir='ltr'><strong>in</strong></span> <span class='ocrx_word' id='word_1_318' title='bbox 677 4145 759 4199; x_wconf 88' lang='lat' dir='ltr'><strong>die</strong></span> <span class='ocrx_word' id='word_1_319' title='bbox 785 4145 994 4201; x_wconf 83' lang='lat' dir='ltr'><strong>Domini</strong></span> <span class='ocrx_word' id='word_1_320' title='bbox 1021 4147 1184 4202; x_wconf 82' lang='lat' dir='ltr'><strong>nostri</strong></span> <span class='ocrx_word' id='word_1_321' title='bbox 1211 4147 1336 4202; x_wconf 76' lang='lat' dir='ltr'><strong>Iesu</strong></span> <span class='ocrx_word' id='word_1_322' title='bbox 1365 4148 1552 4204; x_wconf 81' lang='lat' dir='ltr'><strong>Christi</strong></span> <span class='ocrx_word' id='word_1_323' title='bbox 1584 4150 1660 4223; x_wconf 86' lang='lat' dir='ltr'><strong>(l.</strong></span> <span class='ocrx_word' id='word_1_324' title='bbox 1689 4149 1808 4206; x_wconf 86' lang='lat' dir='ltr'><strong>Cor.</strong></span> <span class='ocrx_word' id='word_1_325' title='bbox 1838 4151 1893 4207; x_wconf 91' lang='lat'><strong>5.</strong></span> 
     </span>
    </p>
   </div>
   <div class='ocr_carea' id='block_1_43' title="bbox 298 4235 1895 4305">
    <p class='ocr_par' dir='ltr' id='par_1_43' title="bbox 298 4235 1895 4305">
     <span class='ocr_line' id='line_1_43' title="bbox 298 4235 1895 4305; baseline 0.004 -13"><span class='ocrx_word' id='word_1_326' title='bbox 298 4235 378 4305; x_wconf 79' lang='lat'><strong>5).</strong></span> <span class='ocrx_word' id='word_1_327' title='bbox 407 4235 547 4305; x_wconf 85' lang='lat' dir='ltr'><strong>Quin</strong></span> <span class='ocrx_word' id='word_1_328' title='bbox 570 4239 731 4294; x_wconf 89' lang='lat' dir='ltr'><strong>etiam</strong></span> <span class='ocrx_word' id='word_1_329' title='bbox 753 4253 873 4294; x_wconf 91' lang='lat' dir='ltr'><strong>cum</strong></span> <span class='ocrx_word' id='word_1_330' title='bbox 903 4237 1023 4296; x_wconf 88' lang='lat' dir='ltr'><strong>aliis</strong></span> <span class='ocrx_word' id='word_1_331' title='bbox 1047 4242 1279 4296; x_wconf 88' lang='lat' dir='ltr'><strong>maxime</strong></span> <span class='ocrx_word' id='word_1_332' title='bbox 1323 4241 1649 4298; x_wconf 91' lang='lat' dir='ltr'><strong>horrendum</strong></span> <span class='ocrx_word' id='word_1_333' title='bbox 1692 4244 1895 4299; x_wconf 90' lang='lat' dir='ltr'><strong>crimen</strong></span> 
     </span>
    </p>
   </div>
   <div class='ocr_carea' id='block_1_44' title="bbox 299 4327 1898 4402">
    <p class='ocr_par' dir='ltr' id='par_1_44' title="bbox 299 4327 1898 4402">
     <span class='ocr_line' id='line_1_44' title="bbox 299 4327 1898 4402; baseline 0.006 -22"><span class='ocrx_word' id='word_1_334' title='bbox 299 4327 584 4397; x_wconf 86' lang='lat' dir='ltr'><strong>objiceret,</strong></span> <span class='ocrx_word' id='word_1_335' title='bbox 609 4330 710 4384; x_wconf 90' lang='lat' dir='ltr'><strong>hoc</strong></span> <span class='ocrx_word' id='word_1_336' title='bbox 731 4340 812 4384; x_wconf 88' lang='lat' dir='ltr'><strong>cst</strong></span> <span class='ocrx_word' id='word_1_337' title='bbox 834 4331 897 4384; x_wconf 90' lang='lat' dir='ltr'><strong>iis</strong></span> <span class='ocrx_word' id='word_1_338' title='bbox 919 4331 1007 4402; x_wconf 92' lang='lat' dir='ltr'><strong>qui</strong></span> <span class='ocrx_word' id='word_1_339' title='bbox 1031 4342 1367 4387; x_wconf 88' lang='lat' dir='ltr'><strong>sacrosancta</strong></span> <span class='ocrx_word' id='word_1_340' title='bbox 1394 4349 1577 4389; x_wconf 87' lang='lat' dir='ltr'><strong>mensa</strong></span> <span class='ocrx_word' id='word_1_341' title='bbox 1607 4344 1661 4390; x_wconf 92' lang='lat' dir='ltr'><strong>et</strong></span> <span class='ocrx_word' id='word_1_342' title='bbox 1687 4336 1898 4390; x_wconf 90' lang='lat' dir='ltr'><strong>arcanis</strong></span> 
     </span>
    </p>
   </div>
   <div class='ocr_carea' id='block_1_45' title="bbox 301 4416 1899 4496">
    <p class='ocr_par' dir='ltr' id='par_1_45' title="bbox 301 4416 1899 4496">
     <span class='ocr_line' id='line_1_45' title="bbox 301 4416 1899 4496; baseline 0.006 -25"><span class='ocrx_word' id='word_1_343' title='bbox 301 4416 411 4472; x_wconf 89' lang='lat' dir='ltr'><strong>illis</strong></span> <span class='ocrx_word' id='word_1_344' title='bbox 441 4420 711 4488; x_wconf 83' lang='lat' dir='ltr'><strong>mysteriis</strong></span> <span class='ocrx_word' id='word_1_345' title='bbox 739 4421 952 4490; x_wconf 84' lang='lat' dir='ltr'><strong>indigne</strong></span> <span class='ocrx_word' id='word_1_346' title='bbox 980 4421 1257 4486; x_wconf 77' lang='lat' dir='ltr'><strong>fruuntur,</strong></span> <span class='ocrx_word' id='word_1_347' title='bbox 1292 4423 1624 4494; x_wconf 79' lang='lat' dir='ltr'><strong>dixissetque</strong></span> <span class='ocrx_word' id='word_1_348' title='bbox 1655 4441 1776 4480; x_wconf 89' lang='lat' dir='ltr'><strong>cum</strong></span> <span class='ocrx_word' id='word_1_349' title='bbox 1809 4427 1899 4496; x_wconf 86' lang='lat' dir='ltr'><strong>qni</strong></span> 
     </span>
    </p>
   </div>
   <div class='ocr_carea' id='block_1_46' title="bbox 303 4509 1902 4589">
    <p class='ocr_par' dir='ltr' id='par_1_46' title="bbox 303 4509 1902 4589">
     <span class='ocr_line' id='line_1_46' title="bbox 303 4509 1902 4589; baseline 0.006 -25"><span class='ocrx_word' id='word_1_350' title='bbox 303 4509 354 4564; x_wconf 86' lang='lat' dir='ltr'><strong>id</strong></span> <span class='ocrx_word' id='word_1_351' title='bbox 384 4511 604 4567; x_wconf 85' lang='lat' dir='ltr'><strong>sceleris</strong></span> <span class='ocrx_word' id='word_1_352' title='bbox 633 4512 965 4578; x_wconf 87' lang='lat' dir='ltr'><strong>admisisset,</strong></span> <span class='ocrx_word' id='word_1_353' title='bbox 1001 4530 1151 4570; x_wconf 91' lang='lat' dir='ltr'><strong>reum</strong></span> <span class='ocrx_word' id='word_1_354' title='bbox 1196 4515 1310 4572; x_wconf 88' lang='lat' dir='ltr'><strong>fore</strong></span> <span class='ocrx_word' id='word_1_355' title='bbox 1339 4518 1580 4584; x_wconf 79' lang='lat' dir='ltr'><strong>corporis</strong></span> <span class='ocrx_word' id='word_1_356' title='bbox 1605 4527 1658 4572; x_wconf 92' lang='lat' dir='ltr'><strong>et</strong></span> <span class='ocrx_word' id='word_1_357' title='bbox 1687 4519 1902 4589; x_wconf 86' lang='lat' dir='ltr'><strong>sangui-</strong></span> 
     </span>
    </p>
   </div>
   <div class='ocr_carea' id='block_1_47' title="bbox 305 4603 1902 4678">
    <p class='ocr_par' dir='ltr' id='par_1_47' title="bbox 305 4603 1902 4678">
     <span class='ocr_line' id='line_1_47' title="bbox 305 4603 1902 4678; baseline 0.007 -23"><span class='ocrx_word' id='word_1_358' title='bbox 305 4603 387 4658; x_wconf 83' lang='lat' dir='ltr'><strong>nis</strong></span> <span class='ocrx_word' id='word_1_359' title='bbox 415 4603 624 4658; x_wconf 87' lang='lat' dir='ltr'><strong>Domini</strong></span> <span class='ocrx_word' id='word_1_360' title='bbox 657 4603 817 4676; x_wconf 87' lang='lat' dir='ltr'><strong>(lbid.</strong></span> <span class='ocrx_word' id='word_1_361' title='bbox 848 4607 934 4661; x_wconf 81' lang='grc'><strong>11.</strong></span> <span class='ocrx_word' id='word_1_362' title='bbox 956 4606 1086 4678; x_wconf 83' lang='grc'><strong>27),</strong></span> <span class='ocrx_word' id='word_1_363' title='bbox 1135 4607 1259 4662; x_wconf 89' lang='lat' dir='ltr'><strong>vide</strong></span> <span class='ocrx_word' id='word_1_364' title='bbox 1285 4623 1515 4678; x_wconf 89' lang='lat' dir='ltr'><strong>quanam</strong></span> <span class='ocrx_word' id='word_1_365' title='bbox 1555 4609 1761 4664; x_wconf 91' lang='lat' dir='ltr'><strong>ratione</strong></span> <span class='ocrx_word' id='word_1_366' title='bbox 1804 4609 1902 4666; x_wconf 85' lang='lat' dir='ltr'><strong>hos</strong></span> 
     </span>
    </p>
   </div>
   <div class='ocr_carea' id='block_1_48' title="bbox 302 4693 1904 4770">
    <p class='ocr_par' dir='ltr' id='par_1_48' title="bbox 302 4693 1904 4770">
     <span class='ocr_line' id='line_1_48' title="bbox 302 4693 1904 4770; baseline 0.004 -22"><span class='ocrx_word' id='word_1_367' title='bbox 302 4693 464 4748; x_wconf 88' lang='lat' dir='ltr'><strong>etiam</strong></span> <span class='ocrx_word' id='word_1_368' title='bbox 504 4693 574 4748; x_wconf 90' lang='lat' dir='ltr'><strong>ab</strong></span> <span class='ocrx_word' id='word_1_369' title='bbox 603 4695 704 4750; x_wconf 89' lang='lat' dir='ltr'><strong>hac</strong></span> <span class='ocrx_word' id='word_1_370' title='bbox 734 4694 872 4752; x_wconf 75' lang='lat' dir='ltr'><strong>fceda</strong></span> <span class='ocrx_word' id='word_1_371' title='bbox 923 4709 976 4752; x_wconf 93' lang='lat' dir='ltr'><strong>et</strong></span> <span class='ocrx_word' id='word_1_372' title='bbox 1010 4698 1156 4768; x_wconf 80' lang='lat' dir='ltr'><strong>gravi</strong></span> <span class='ocrx_word' id='word_1_373' title='bbox 1194 4699 1400 4754; x_wconf 88' lang='lat' dir='ltr'><strong>macula</strong></span> <span class='ocrx_word' id='word_1_374' title='bbox 1439 4700 1712 4768; x_wconf 81' lang='lat' dir='ltr'><strong>repurgari</strong></span> <span class='ocrx_word' id='word_1_375' title='bbox 1745 4709 1904 4770; x_wconf 85' lang='lat' dir='ltr'><strong>atque</strong></span> 
     </span>
    </p>
   </div>
   <div class='ocr_carea' id='block_1_49' title="bbox 303 4785 1904 4863">
    <p class='ocr_par' dir='ltr' id='par_1_49' title="bbox 303 4785 1904 4863">
     <span class='ocr_line' id='line_1_49' title="bbox 303 4785 1904 4863; baseline 0.006 -24"><span class='ocrx_word' id='word_1_376' title='bbox 303 4785 535 4858; x_wconf 79' lang='lat' dir='ltr'><strong>abstergi</strong></span> <span class='ocrx_word' id='word_1_377' title='bbox 575 4786 753 4854; x_wconf 85' lang='lat' dir='ltr'><strong>dicat,</strong></span> <span class='ocrx_word' id='word_1_378' title='bbox 787 4789 869 4843; x_wconf 86' lang='lat' dir='ltr'><strong>his</strong></span> <span class='ocrx_word' id='word_1_379' title='bbox 908 4791 1086 4846; x_wconf 75' lang='lat' dir='ltr'><strong>verbis</strong></span> <span class='ocrx_word' id='word_1_380' title='bbox 1116 4800 1272 4847; x_wconf 87' lang='lat' dir='ltr'><strong>utens</strong></span> <span class='ocrx_word' id='word_1_381' title='bbox 1294 4834 1310 4860; x_wconf 94' lang='lat'><strong>,</strong></span> <span class='ocrx_word' id='word_1_382' title='bbox 1355 4789 1637 4863; x_wconf 84' lang='lat' dir='ltr'><strong>Pr0pterea</strong></span> <span class='ocrx_word' id='word_1_383' title='bbox 1663 4795 1792 4846; x_wconf 79' lang='lat' dir='ltr'><strong>inter</strong></span> <span class='ocrx_word' id='word_1_384' title='bbox 1819 4810 1904 4848; x_wconf 81' lang='lat' dir='ltr'><strong>vos</strong></span> 
     </span>
    </p>
   </div>
   <div class='ocr_carea' id='block_1_50' title="bbox 304 4877 1904 4956">
    <p class='ocr_par' dir='ltr' id='par_1_50' title="bbox 304 4877 1904 4956">
     <span class='ocr_line' id='line_1_50' title="bbox 304 4877 1904 4956; baseline 0.007 -28"><span class='ocrx_word' id='word_1_385' title='bbox 304 4878 452 4930; x_wconf 86' lang='lat' dir='ltr'><strong>multi</strong></span> <span class='ocrx_word' id='word_1_386' title='bbox 497 4877 693 4946; x_wconf 80' lang='lat' dir='ltr'><strong>inﬁrmi</strong></span> <span class='ocrx_word' id='word_1_387' title='bbox 737 4889 784 4932; x_wconf 89' lang='lat' dir='ltr'><strong>et</strong></span> <span class='ocrx_word' id='word_1_388' title='bbox 829 4881 1102 4936; x_wconf 80' lang='lat' dir='ltr'><strong>imbecilles</strong></span> <span class='ocrx_word' id='word_1_389' title='bbox 1145 4881 1306 4954; x_wconf 84' lang='lat' dir='ltr'><strong>(Ibid.</strong></span> <span class='ocrx_word' id='word_1_390' title='bbox 1359 4899 1407 4938; x_wconf 80' lang='grc' dir='ltr'><strong>υ.</strong></span> <span class='ocrx_word' id='word_1_391' title='bbox 1610 4885 1689 4939; x_wconf 86' lang='lat' dir='ltr'><strong>Ac</strong></span> <span class='ocrx_word' id='word_1_392' title='bbox 1717 4896 1904 4955; x_wconf 88' lang='lat' dir='ltr'><strong>postea</strong></span> 
     </span>
    </p>
   </div>
   <div class='ocr_carea' id='block_1_51' title="bbox 308 4970 1906 5049">
    <p class='ocr_par' dir='ltr' id='par_1_51' title="bbox 308 4970 1906 5049">
     <span class='ocr_line' id='line_1_51' title="bbox 308 4970 1906 5049; baseline 0.005 -24"><span class='ocrx_word' id='word_1_393' title='bbox 308 4970 438 5025; x_wconf 91' lang='lat' dir='ltr'><strong>illud</strong></span> <span class='ocrx_word' id='word_1_394' title='bbox 469 4971 848 5029; x_wconf 86' lang='lat' dir='ltr'><strong>demonstrans</strong></span> <span class='ocrx_word' id='word_1_395' title='bbox 869 5015 884 5039; x_wconf 92' lang='lat'><strong>,</strong></span> <span class='ocrx_word' id='word_1_396' title='bbox 926 4991 1014 5029; x_wconf 90' lang='lat' dir='ltr'><strong>res</strong></span> <span class='ocrx_word' id='word_1_397' title='bbox 1053 4993 1237 5030; x_wconf 87' lang='lat' dir='ltr'><strong>eorum</strong></span> <span class='ocrx_word' id='word_1_398' title='bbox 1282 4993 1392 5032; x_wconf 91' lang='lat' dir='ltr'><strong>non</strong></span> <span class='ocrx_word' id='word_1_399' title='bbox 1423 4978 1474 5032; x_wconf 93' lang='lat' dir='ltr'><strong>in</strong></span> <span class='ocrx_word' id='word_1_400' title='bbox 1516 4979 1619 5033; x_wconf 93' lang='lat' dir='ltr'><strong>hoc</strong></span> <span class='ocrx_word' id='word_1_401' title='bbox 1645 4979 1906 5049; x_wconf 87' lang='lat' dir='ltr'><strong>supplicio</strong></span> 
     </span>
    </p>
   </div>
   <div class='ocr_carea' id='block_1_52' title="bbox 309 5071 1908 5142">
    <p class='ocr_par' dir='ltr' id='par_1_52' title="bbox 309 5071 1908 5142">
     <span class='ocr_line' id='line_1_52' title="bbox 309 5071 1908 5142; baseline 0.005 -22"><span class='ocrx_word' id='word_1_402' title='bbox 309 5082 590 5123; x_wconf 87' lang='lat' dir='ltr'><strong>mansuras</strong></span> <span class='ocrx_word' id='word_1_403' title='bbox 618 5083 738 5124; x_wconf 89' lang='lat' dir='ltr'><strong>esse</strong></span> <span class='ocrx_word' id='word_1_404' title='bbox 763 5109 779 5135; x_wconf 90' lang='lat'><strong>,</strong></span> <span class='ocrx_word' id='word_1_405' title='bbox 811 5085 998 5124; x_wconf 89' lang='lat' dir='ltr'><strong>verum</strong></span> <span class='ocrx_word' id='word_1_406' title='bbox 1030 5071 1269 5125; x_wconf 90' lang='lat' dir='ltr'><strong>nonnihil</strong></span> <span class='ocrx_word' id='word_1_407' title='bbox 1301 5071 1442 5126; x_wconf 88' lang='lat' dir='ltr'><strong>lucri</strong></span> <span class='ocrx_word' id='word_1_408' title='bbox 1463 5081 1622 5142; x_wconf 89' lang='lat' dir='ltr'><strong>atque</strong></span> <span class='ocrx_word' id='word_1_409' title='bbox 1664 5073 1908 5128; x_wconf 85' lang='lat' dir='ltr'><strong>utilitatis</strong></span> 
     </span>
    </p>
   </div>
   <div class='ocr_carea' id='block_1_53' title="bbox 308 5158 1908 5233">
    <p class='ocr_par' dir='ltr' id='par_1_53' title="bbox 308 5158 1908 5233">
     <span class='ocr_line' id='line_1_53' title="bbox 308 5158 1908 5233; baseline 0.007 -24"><span class='ocrx_word' id='word_1_410' title='bbox 308 5159 431 5212; x_wconf 89' lang='lat' dir='ltr'><strong>hinc</strong></span> <span class='ocrx_word' id='word_1_411' title='bbox 457 5158 776 5226; x_wconf 90' lang='lat' dir='ltr'><strong>rediturum,</strong></span> <span class='ocrx_word' id='word_1_412' title='bbox 805 5177 998 5232; x_wconf 84' lang='lat' dir='ltr'><strong>nempe</strong></span> <span class='ocrx_word' id='word_1_413' title='bbox 1040 5171 1101 5217; x_wconf 89' lang='lat' dir='ltr'><strong>ut</strong></span> <span class='ocrx_word' id='word_1_414' title='bbox 1125 5163 1342 5218; x_wconf 88' lang='lat' dir='ltr'><strong>sceleris</strong></span> <span class='ocrx_word' id='word_1_415' title='bbox 1371 5165 1543 5233; x_wconf 65' lang='lat' dir='ltr'><strong>poenis</strong></span> <span class='ocrx_word' id='word_1_416' title='bbox 1575 5163 1675 5219; x_wconf 88' lang='lat' dir='ltr'><strong>bac</strong></span> <span class='ocrx_word' id='word_1_417' title='bbox 1700 5166 1908 5220; x_wconf 84' lang='lat' dir='ltr'><strong>ratione</strong></span> 
     </span>
    </p>
   </div>
   <div class='ocr_carea' id='block_1_54' title="bbox 308 5249 1910 5326">
    <p class='ocr_par' dir='ltr' id='par_1_54' title="bbox 308 5249 1910 5326">
     <span class='ocr_line' id='line_1_54' title="bbox 308 5249 1910 5326; baseline 0.005 -22"><span class='ocrx_word' id='word_1_418' title='bbox 308 5249 620 5320; x_wconf 76' lang='lat' dir='ltr'><strong>liberemur,</strong></span> <span class='ocrx_word' id='word_1_419' title='bbox 671 5251 788 5307; x_wconf 75' lang='lat' dir='ltr'><strong>hmo</strong></span> <span class='ocrx_word' id='word_1_420' title='bbox 827 5255 990 5309; x_wconf 83' lang='lat' dir='ltr'><strong>verba</strong></span> <span class='ocrx_word' id='word_1_421' title='bbox 1036 5255 1310 5325; x_wconf 85' lang='lat' dir='ltr'><strong>snhjungit</strong></span> <span class='ocrx_word' id='word_1_422' title='bbox 1342 5274 1354 5310; x_wconf 92' lang='lat'><strong>:</strong></span> <span class='ocrx_word' id='word_1_423' title='bbox 1391 5256 1451 5311; x_wconf 84' lang='lat' dir='ltr'><strong>Si</strong></span> <span class='ocrx_word' id='word_1_424' title='bbox 1501 5257 1635 5310; x_wconf 87' lang='lat' dir='ltr'><strong>enim</strong></span> <span class='ocrx_word' id='word_1_425' title='bbox 1679 5260 1910 5326; x_wconf 84' lang='lat' dir='ltr'><strong>nosipsos</strong></span> 
     </span>
    </p>
   </div>
   <div class='ocr_carea' id='block_1_55' title="bbox 301 5342 1911 5418">
    <p class='ocr_par' dir='ltr' id='par_1_55' title="bbox 301 5342 1911 5418">
     <span class='ocr_line' id='line_1_55' title="bbox 301 5342 1911 5418; baseline 0.007 -24"><span class='ocrx_word' id='word_1_426' title='bbox 301 5342 652 5414; x_wconf 82' lang='lat' dir='ltr'><strong>judicaremus</strong></span> <span class='ocrx_word' id='word_1_427' title='bbox 672 5385 687 5409; x_wconf 93' lang='lat'><strong>,</strong></span> <span class='ocrx_word' id='word_1_428' title='bbox 717 5361 818 5399; x_wconf 84' lang='lat' dir='ltr'><strong>non</strong></span> <span class='ocrx_word' id='word_1_429' title='bbox 841 5347 1010 5417; x_wconf 83' lang='lat' dir='ltr'><strong>utique</strong></span> <span class='ocrx_word' id='word_1_430' title='bbox 1025 5349 1394 5418; x_wconf 84' lang='lat' dir='ltr'><strong>judicaremur.</strong></span> <span class='ocrx_word' id='word_1_431' title='bbox 1442 5348 1578 5402; x_wconf 88' lang='lat' dir='ltr'><strong>Dum</strong></span> <span class='ocrx_word' id='word_1_432' title='bbox 1619 5351 1911 5416; x_wconf 82' lang='lat' dir='ltr'><strong>iudicamur</strong></span> 
     </span>
    </p>
   </div>
   <div class='ocr_carea' id='block_1_56' title="bbox 308 5438 1911 5511">
    <p class='ocr_par' dir='ltr' id='par_1_56' title="bbox 308 5438 1911 5511">
     <span class='ocr_line' id='line_1_56' title="bbox 308 5438 1911 5511; baseline 0.005 -21"><span class='ocrx_word' id='word_1_433' title='bbox 308 5447 510 5505; x_wconf 85' lang='lat' dir='ltr'><strong>autem,</strong></span> <span class='ocrx_word' id='word_1_434' title='bbox 551 5455 584 5491; x_wconf 89' lang='lat' dir='ltr'><strong>a</strong></span> <span class='ocrx_word' id='word_1_435' title='bbox 618 5438 832 5493; x_wconf 86' lang='lat' dir='ltr'><strong>Domino</strong></span> <span class='ocrx_word' id='word_1_436' title='bbox 860 5443 1164 5511; x_wconf 76' lang='lat' dir='ltr'><strong>corripiatur</strong></span> <span class='ocrx_word' id='word_1_437' title='bbox 1187 5485 1202 5508; x_wconf 98' lang='lat'><strong>,</strong></span> <span class='ocrx_word' id='word_1_438' title='bbox 1231 5451 1286 5495; x_wconf 83' lang='lat' dir='ltr'><strong>ut</strong></span> <span class='ocrx_word' id='word_1_439' title='bbox 1326 5458 1426 5496; x_wconf 85' lang='lat' dir='ltr'><strong>non</strong></span> <span class='ocrx_word' id='word_1_440' title='bbox 1457 5459 1573 5496; x_wconf 88' lang='lat' dir='ltr'><strong>cum</strong></span> <span class='ocrx_word' id='word_1_441' title='bbox 1599 5443 1692 5496; x_wconf 82' lang='lat' dir='ltr'><strong>hoc</strong></span> <span class='ocrx_word' id='word_1_442' title='bbox 1719 5445 1911 5498; x_wconf 85' lang='lat' dir='ltr'><strong>mundo</strong></span> 
     </span>
    </p>
   </div>
   <div class='ocr_carea' id='block_1_57' title="bbox 309 5533 1906 5605">
    <p class='ocr_par' dir='ltr' id='par_1_57' title="bbox 309 5533 1906 5605">
     <span class='ocr_line' id='line_1_57' title="bbox 309 5533 1906 5605; baseline 0.003 -20"><span class='ocrx_word' id='word_1_443' title='bbox 309 5533 608 5588; x_wconf 79' lang='lat' dir='ltr'><strong>damnentur</strong></span> <span class='ocrx_word' id='word_1_444' title='bbox 653 5533 814 5603; x_wconf 83' lang='lat' dir='ltr'><strong>(Ibid.</strong></span> <span class='ocrx_word' id='word_1_445' title='bbox 862 5551 908 5588; x_wconf 79' lang='grc' dir='ltr'><strong>υ.</strong></span> <span class='ocrx_word' id='word_1_446' title='bbox 951 5536 1039 5590; x_wconf 79' lang='grc'><strong>51.</strong></span> <span class='ocrx_word' id='word_1_447' title='bbox 1090 5535 1206 5605; x_wconf 79' lang='grc'><strong>52).</strong></span> <span class='ocrx_word' id='word_1_448' title='bbox 1250 5536 1402 5602; x_wconf 84' lang='lat' dir='ltr'><strong>Quod</strong></span> <span class='ocrx_word' id='word_1_449' title='bbox 1433 5547 1611 5592; x_wconf 90' lang='lat' dir='ltr'><strong>autem</strong></span> <span class='ocrx_word' id='word_1_450' title='bbox 1642 5537 1800 5591; x_wconf 89' lang='lat' dir='ltr'><strong>etiam</strong></span> <span class='ocrx_word' id='word_1_451' title='bbox 1834 5537 1906 5600; x_wconf 92' lang='lat' dir='ltr'><strong>ii,</strong></span> 
     </span>
    </p>
   </div>
   <div class='ocr_carea' id='block_1_58' title="bbox 308 5619 1908 5698">
    <p class='ocr_par' dir='ltr' id='par_1_58' title="bbox 308 5619 1908 5698">
     <span class='ocr_line' id='line_1_58' title="bbox 308 5619 1908 5698; baseline 0.004 -21"><span class='ocrx_word' id='word_1_452' title='bbox 308 5627 397 5695; x_wconf 90' lang='lat' dir='ltr'><strong>qui</strong></span> <span class='ocrx_word' id='word_1_453' title='bbox 426 5626 589 5680; x_wconf 82' lang='lat' dir='ltr'><strong>multa</strong></span> <span class='ocrx_word' id='word_1_454' title='bbox 621 5637 767 5682; x_wconf 81' lang='lat' dir='ltr'><strong>recte</strong></span> <span class='ocrx_word' id='word_1_455' title='bbox 798 5639 850 5682; x_wconf 89' lang='lat' dir='ltr'><strong>et</strong></span> <span class='ocrx_word' id='word_1_456' title='bbox 873 5643 996 5682; x_wconf 89' lang='lat' dir='ltr'><strong>cum</strong></span> <span class='ocrx_word' id='word_1_457' title='bbox 1026 5629 1221 5683; x_wconf 76' lang='lat' dir='ltr'><strong>virtute</strong></span> <span class='ocrx_word' id='word_1_458' title='bbox 1256 5638 1569 5696; x_wconf 72' lang='lat' dir='ltr'><strong>gesserunt,</strong></span> <span class='ocrx_word' id='word_1_459' title='bbox 1622 5619 1908 5698; x_wconf 87' lang='lat' dir='ltr'><strong>plurimum</strong></span> 
     </span>
    </p>
   </div>
   <div class='ocr_carea' id='block_1_59' title="bbox 312 5717 1907 5791">
    <p class='ocr_par' dir='ltr' id='par_1_59' title="bbox 312 5717 1907 5791">
     <span class='ocr_line' id='line_1_59' title="bbox 312 5717 1907 5791; baseline 0.001 -17"><span class='ocrx_word' id='word_1_460' title='bbox 312 5717 435 5774; x_wconf 83' lang='lat' dir='ltr'><strong>hinc</strong></span> <span class='ocrx_word' id='word_1_461' title='bbox 487 5719 620 5773; x_wconf 85' lang='lat' dir='ltr'><strong>lucri</strong></span> <span class='ocrx_word' id='word_1_462' title='bbox 650 5721 881 5774; x_wconf 78' lang='lat' dir='ltr'><strong>referant</strong></span> <span class='ocrx_word' id='word_1_463' title='bbox 904 5763 916 5782; x_wconf 82' lang='lat'><strong>,</strong></span> <span class='ocrx_word' id='word_1_464' title='bbox 959 5731 1068 5774; x_wconf 90' lang='lat' dir='ltr'><strong>tum</strong></span> <span class='ocrx_word' id='word_1_465' title='bbox 1097 5738 1162 5777; x_wconf 91' lang='lat' dir='ltr'><strong>cx</strong></span> <span class='ocrx_word' id='word_1_466' title='bbox 1192 5722 1292 5775; x_wconf 88' lang='lat' dir='ltr'><strong>Job</strong></span> <span class='ocrx_word' id='word_1_467' title='bbox 1321 5722 1520 5791; x_wconf 83' lang='lat' dir='ltr'><strong>liquido</strong></span> <span class='ocrx_word' id='word_1_468' title='bbox 1553 5723 1907 5791; x_wconf 75' lang='lat' dir='ltr'><strong>[ICI‘SplClllll’,</strong></span> 
     </span>
    </p>
   </div>
   <div class='ocr_carea' id='block_1_60' title="bbox 311 5810 1909 5884">
    <p class='ocr_par' dir='ltr' id='par_1_60' title="bbox 311 5810 1909 5884">
     <span class='ocr_line' id='line_1_60' title="bbox 311 5810 1909 5884; baseline 0.004 -20"><span class='ocrx_word' id='word_1_469' title='bbox 311 5812 398 5879; x_wconf 84' lang='lat' dir='ltr'><strong>qui</strong></span> <span class='ocrx_word' id='word_1_470' title='bbox 430 5810 684 5882; x_wconf 80' lang='lat' dir='ltr'><strong>majorem</strong></span> <span class='ocrx_word' id='word_1_471' title='bbox 704 5810 824 5867; x_wconf 90' lang='lat' dir='ltr'><strong>hinc</strong></span> <span class='ocrx_word' id='word_1_472' title='bbox 851 5812 1188 5883; x_wconf 80' lang='lat' dir='ltr'><strong>Splcttdorcm</strong></span> <span class='ocrx_word' id='word_1_473' title='bbox 1210 5823 1567 5884; x_wconf 80' lang='lat' dir='ltr'><strong>consequutus</strong></span> <span class='ocrx_word' id='word_1_474' title='bbox 1595 5823 1694 5881; x_wconf 87' lang='lat' dir='ltr'><strong>cst,</strong></span> <span class='ocrx_word' id='word_1_475' title='bbox 1717 5823 1824 5868; x_wconf 89' lang='lat' dir='ltr'><strong>tum</strong></span> <span class='ocrx_word' id='word_1_476' title='bbox 1843 5830 1909 5870; x_wconf 87' lang='lat' dir='ltr'><strong>cx</strong></span> 
     </span>
    </p>
   </div>
   <div class='ocr_carea' id='block_1_61' title="bbox 1780 385 2159 445">
    <p class='ocr_par' dir='ltr' id='par_1_61' title="bbox 1780 385 2159 445">
     <span class='ocr_line' id='line_1_61' title="bbox 1780 385 2159 445; baseline 0.003 -2"><span class='ocrx_word' id='word_1_477' title='bbox 1780 385 2159 445; x_wconf 66' lang='lat' dir='ltr'><strong>EPISTULE.</strong></span> 
     </span>
    </p>
   </div>
   <div class='ocr_carea' id='block_1_62' title="bbox 3482 393 3586 446">
    <p class='ocr_par' dir='ltr' id='par_1_62' title="bbox 3482 393 3586 446">
     <span class='ocr_line' id='line_1_62' title="bbox 3482 393 3586 446; baseline 0 0"><span class='ocrx_word' id='word_1_478' title='bbox 3482 393 3586 446; x_wconf 76' lang='lat' dir='ltr'><strong>5m</strong></span> 
     </span>
    </p>
   </div>
   <div class='ocr_carea' id='block_1_63' title="bbox 1992 499 3620 571">
    <p class='ocr_par' dir='ltr' id='par_1_63' title="bbox 1992 499 3620 571">
     <span class='ocr_line' id='line_1_63' title="bbox 1992 499 3620 571; baseline -0.001 -16"><span class='ocrx_word' id='word_1_479' title='bbox 1992 499 2279 556; x_wconf 85' lang='lat' dir='ltr'><strong>Timotheo</strong></span> <span class='ocrx_word' id='word_1_480' title='bbox 2300 541 2315 567; x_wconf 90' lang='lat'><strong>,</strong></span> <span class='ocrx_word' id='word_1_481' title='bbox 2345 500 2435 571; x_wconf 90' lang='lat' dir='ltr'><strong>qui</strong></span> <span class='ocrx_word' id='word_1_482' title='bbox 2455 543 2470 566; x_wconf 90' lang='lat'><strong>,</strong></span> <span class='ocrx_word' id='word_1_483' title='bbox 2499 516 2620 556; x_wconf 90' lang='lat' dir='ltr'><strong>eum</strong></span> <span class='ocrx_word' id='word_1_484' title='bbox 2658 510 2714 557; x_wconf 89' lang='lat' dir='ltr'><strong>et</strong></span> <span class='ocrx_word' id='word_1_485' title='bbox 2736 516 2767 556; x_wconf 88' lang='lat' dir='ltr'><strong>a</strong></span> <span class='ocrx_word' id='word_1_486' title='bbox 2793 501 2924 557; x_wconf 89' lang='lat' dir='ltr'><strong>vitio</strong></span> <span class='ocrx_word' id='word_1_487' title='bbox 2948 501 3155 557; x_wconf 81' lang='lat' dir='ltr'><strong>alienus</strong></span> <span class='ocrx_word' id='word_1_488' title='bbox 3180 509 3355 565; x_wconf 85' lang='lat' dir='ltr'><strong>esset,</strong></span> <span class='ocrx_word' id='word_1_489' title='bbox 3389 511 3442 554; x_wconf 92' lang='lat' dir='ltr'><strong>ct</strong></span> <span class='ocrx_word' id='word_1_490' title='bbox 3472 510 3590 554; x_wconf 81' lang='lat' dir='ltr'><strong>tan-</strong></span> <span class='ocrx_word' id='word_1_491' title='bbox 3618 513 3620 516; x_wconf 73' lang='lat'><strong><em>&#39;</em></strong></span> 
     </span>
    </p>
   </div>
   <div class='ocr_carea' id='block_1_64' title="bbox 1993 589 3590 659">
    <p class='ocr_par' dir='ltr' id='par_1_64' title="bbox 1993 589 3590 659">
     <span class='ocr_line' id='line_1_64' title="bbox 1993 589 3590 659; baseline 0 -14"><span class='ocrx_word' id='word_1_492' title='bbox 1993 602 2102 645; x_wconf 92' lang='lat' dir='ltr'><strong>tum</strong></span> <span class='ocrx_word' id='word_1_493' title='bbox 2132 606 2330 647; x_wconf 84' lang='lat' dir='ltr'><strong>munus</strong></span> <span class='ocrx_word' id='word_1_494' title='bbox 2353 591 2789 659; x_wconf 80' lang='lat' dir='ltr'><strong>administraret,</strong></span> <span class='ocrx_word' id='word_1_495' title='bbox 2831 599 2890 646; x_wconf 88' lang='lat' dir='ltr'><strong>et</strong></span> <span class='ocrx_word' id='word_1_496' title='bbox 2918 606 3041 646; x_wconf 91' lang='lat' dir='ltr'><strong>cum</strong></span> <span class='ocrx_word' id='word_1_497' title='bbox 3068 589 3234 645; x_wconf 73' lang='lat' dir='ltr'><strong>Paulo</strong></span> <span class='ocrx_word' id='word_1_498' title='bbox 3260 593 3446 644; x_wconf 88' lang='lat' dir='ltr'><strong>orbem</strong></span> <span class='ocrx_word' id='word_1_499' title='bbox 3485 592 3590 645; x_wconf 91' lang='lat' dir='ltr'><strong>cir-</strong></span> 
     </span>
    </p>
   </div>
   <div class='ocr_carea' id='block_1_65' title="bbox 1988 681 3592 750">
    <p class='ocr_par' dir='ltr' id='par_1_65' title="bbox 1988 681 3592 750">
     <span class='ocr_line' id='line_1_65' title="bbox 1988 681 3592 750; baseline -0.001 -12"><span class='ocrx_word' id='word_1_500' title='bbox 1988 683 2344 750; x_wconf 83' lang='lat' dir='ltr'><strong>eumvolaret,</strong></span> <span class='ocrx_word' id='word_1_501' title='bbox 2375 699 2482 739; x_wconf 91' lang='lat' dir='ltr'><strong>non</strong></span> <span class='ocrx_word' id='word_1_502' title='bbox 2518 684 2653 741; x_wconf 87' lang='lat' dir='ltr'><strong>duos</strong></span> <span class='ocrx_word' id='word_1_503' title='bbox 2680 692 2776 740; x_wconf 83' lang='lat' dir='ltr'><strong>aut</strong></span> <span class='ocrx_word' id='word_1_504' title='bbox 2804 694 2914 739; x_wconf 88' lang='lat' dir='ltr'><strong>tres</strong></span> <span class='ocrx_word' id='word_1_505' title='bbox 2953 684 3088 748; x_wconf 87' lang='lat' dir='ltr'><strong>dies,</strong></span> <span class='ocrx_word' id='word_1_506' title='bbox 3121 699 3227 737; x_wconf 92' lang='lat' dir='ltr'><strong>non</strong></span> <span class='ocrx_word' id='word_1_507' title='bbox 3253 681 3438 738; x_wconf 85' lang='lat' dir='ltr'><strong>decem</strong></span> <span class='ocrx_word' id='word_1_508' title='bbox 3458 724 3472 743; x_wconf 85' lang='lat'><strong>,</strong></span> <span class='ocrx_word' id='word_1_509' title='bbox 3500 694 3592 736; x_wconf 88' lang='lat' dir='ltr'><strong>aut</strong></span> 
     </span>
    </p>
   </div>
   <div class='ocr_carea' id='block_1_66' title="bbox 1989 774 3591 849">
    <p class='ocr_par' dir='ltr' id='par_1_66' title="bbox 1989 774 3591 849">
     <span class='ocr_line' id='line_1_66' title="bbox 1989 774 3591 849; baseline -0.001 -19"><span class='ocrx_word' id='word_1_510' title='bbox 1989 775 2204 846; x_wconf 86' lang='lat' dir='ltr'><strong>viginti,</strong></span> <span class='ocrx_word' id='word_1_511' title='bbox 2237 784 2330 830; x_wconf 85' lang='lat' dir='ltr'><strong>aut</strong></span> <span class='ocrx_word' id='word_1_512' title='bbox 2353 783 2570 832; x_wconf 90' lang='lat' dir='ltr'><strong>centum</strong></span> <span class='ocrx_word' id='word_1_513' title='bbox 2595 816 2612 843; x_wconf 95' lang='lat'><strong>,</strong></span> <span class='ocrx_word' id='word_1_514' title='bbox 2656 776 2754 849; x_wconf 87' lang='lat' dir='ltr'><strong>sed</strong></span> <span class='ocrx_word' id='word_1_515' title='bbox 2798 775 2968 831; x_wconf 90' lang='lat' dir='ltr'><strong>multo</strong></span> <span class='ocrx_word' id='word_1_516' title='bbox 2992 775 3172 844; x_wconf 89' lang='lat' dir='ltr'><strong>plures</strong></span> <span class='ocrx_word' id='word_1_517' title='bbox 3191 816 3208 839; x_wconf 87' lang='lat'><strong>,</strong></span> <span class='ocrx_word' id='word_1_518' title='bbox 3238 775 3346 829; x_wconf 91' lang='lat' dir='ltr'><strong>imo</strong></span> <span class='ocrx_word' id='word_1_519' title='bbox 3376 774 3591 830; x_wconf 87' lang='lat' dir='ltr'><strong>assidue</strong></span> 
     </span>
    </p>
   </div>
   <div class='ocr_carea' id='block_1_67' title="bbox 1989 865 3584 936">
    <p class='ocr_par' dir='ltr' id='par_1_67' title="bbox 1989 865 3584 936">
     <span class='ocr_line' id='line_1_67' title="bbox 1989 865 3584 936; baseline -0.001 -16"><span class='ocrx_word' id='word_1_520' title='bbox 1989 867 2042 920; x_wconf 88' lang='lat' dir='ltr'><strong>itt</strong></span> <span class='ocrx_word' id='word_1_521' title='bbox 2067 865 2258 921; x_wconf 90' lang='lat' dir='ltr'><strong>morbo</strong></span> <span class='ocrx_word' id='word_1_522' title='bbox 2288 867 2618 930; x_wconf 89' lang='lat' dir='ltr'><strong>versabatur,</strong></span> <span class='ocrx_word' id='word_1_523' title='bbox 2652 876 2815 936; x_wconf 83' lang='lat' dir='ltr'><strong>atque</strong></span> <span class='ocrx_word' id='word_1_524' title='bbox 2840 867 3042 936; x_wconf 86' lang='lat' dir='ltr'><strong>ingenti</strong></span> <span class='ocrx_word' id='word_1_525' title='bbox 3073 865 3316 935; x_wconf 84' lang='lat' dir='ltr'><strong>corporis</strong></span> <span class='ocrx_word' id='word_1_526' title='bbox 3342 865 3584 920; x_wconf 55' lang='lat' dir='ltr'><strong>imbecilo</strong></span> 
     </span>
    </p>
   </div>
   <div class='ocr_carea' id='block_1_68' title="bbox 1988 956 3588 1028">
    <p class='ocr_par' dir='ltr' id='par_1_68' title="bbox 1988 956 3588 1028">
     <span class='ocr_line' id='line_1_68' title="bbox 1988 956 3588 1028; baseline -0.004 -15"><span class='ocrx_word' id='word_1_527' title='bbox 1988 956 2140 1013; x_wconf 85' lang='lat' dir='ltr'><strong>litate</strong></span> <span class='ocrx_word' id='word_1_528' title='bbox 2167 957 2464 1012; x_wconf 85' lang='lat' dir='ltr'><strong>laborabat.</strong></span> <span class='ocrx_word' id='word_1_529' title='bbox 2488 957 2648 1024; x_wconf 85' lang='lat' dir='ltr'><strong>Quod</strong></span> <span class='ocrx_word' id='word_1_530' title='bbox 2672 957 2890 1028; x_wconf 89' lang='lat' dir='ltr'><strong>quidem</strong></span> <span class='ocrx_word' id='word_1_531' title='bbox 2919 959 3080 1013; x_wconf 89' lang='lat' dir='ltr'><strong>etiam</strong></span> <span class='ocrx_word' id='word_1_532' title='bbox 3106 958 3302 1011; x_wconf 83' lang='lat' dir='ltr'><strong>Paulus</strong></span> <span class='ocrx_word' id='word_1_533' title='bbox 3324 956 3588 1020; x_wconf 78' lang='lat' dir='ltr'><strong>indicans,</strong></span> 
     </span>
    </p>
   </div>
   <div class='ocr_carea' id='block_1_69' title="bbox 1989 1047 3592 1120">
    <p class='ocr_par' dir='ltr' id='par_1_69' title="bbox 1989 1047 3592 1120">
     <span class='ocr_line' id='line_1_69' title="bbox 1989 1047 3592 1120; baseline -0.001 -17"><span class='ocrx_word' id='word_1_534' title='bbox 1989 1047 2088 1106; x_wconf 63' lang='lat' dir='ltr'><strong>his,</strong></span> <span class='ocrx_word' id='word_1_535' title='bbox 2105 1048 2287 1105; x_wconf 82' lang='lat' dir='ltr'><strong>verbis</strong></span> <span class='ocrx_word' id='word_1_536' title='bbox 2314 1049 2561 1113; x_wconf 82' lang='lat' dir='ltr'><strong>utebatur</strong></span> <span class='ocrx_word' id='word_1_537' title='bbox 2586 1067 2600 1104; x_wconf 87' lang='lat'><strong>:</strong></span> <span class='ocrx_word' id='word_1_538' title='bbox 2626 1049 2834 1105; x_wconf 73' lang='lat' dir='ltr'><strong>Modico</strong></span> <span class='ocrx_word' id='word_1_539' title='bbox 2853 1049 2971 1104; x_wconf 75' lang='lat' dir='ltr'><strong>vino</strong></span> <span class='ocrx_word' id='word_1_540' title='bbox 2996 1059 3135 1104; x_wconf 69' lang='lat' dir='ltr'><strong>utere</strong></span> <span class='ocrx_word' id='word_1_541' title='bbox 3172 1058 3380 1120; x_wconf 82' lang='lat' dir='ltr'><strong>propter</strong></span> <span class='ocrx_word' id='word_1_542' title='bbox 3401 1058 3592 1103; x_wconf 87' lang='lat' dir='ltr'><strong>stoma-</strong></span> 
     </span>
    </p>
   </div>
   <div class='ocr_carea' id='block_1_70' title="bbox 1987 1140 3587 1221">
    <p class='ocr_par' dir='ltr' id='par_1_70' title="bbox 1987 1140 3587 1221">
     <span class='ocr_line' id='line_1_70' title="bbox 1987 1140 3587 1221; baseline 0 -27"><span class='ocrx_word' id='word_1_543' title='bbox 1987 1141 2138 1194; x_wconf 80' lang='lat' dir='ltr'><strong>chum</strong></span> <span class='ocrx_word' id='word_1_544' title='bbox 2182 1150 2351 1206; x_wconf 87' lang='lat' dir='ltr'><strong>tuum,</strong></span> <span class='ocrx_word' id='word_1_545' title='bbox 2389 1152 2439 1197; x_wconf 84' lang='lat' dir='ltr'><strong>et</strong></span> <span class='ocrx_word' id='word_1_546' title='bbox 2480 1143 2762 1213; x_wconf 74' lang='lat' dir='ltr'><strong>frequentes</strong></span> <span class='ocrx_word' id='word_1_547' title='bbox 2786 1151 2900 1196; x_wconf 87' lang='lat' dir='ltr'><strong>tuas</strong></span> <span class='ocrx_word' id='word_1_548' title='bbox 2921 1142 3245 1221; x_wconf 70' lang='lat' dir='ltr'><strong>inﬁrmitates</strong></span> <span class='ocrx_word' id='word_1_549' title='bbox 3261 1140 3336 1213; x_wconf 82' lang='grc'><strong>(1.</strong></span> <span class='ocrx_word' id='word_1_550' title='bbox 3364 1140 3496 1196; x_wconf 77' lang='lat' dir='ltr'><strong>Tim.</strong></span> <span class='ocrx_word' id='word_1_551' title='bbox 3532 1141 3587 1195; x_wconf 80' lang='lat'><strong>5.</strong></span> 
     </span>
    </p>
   </div>
   <div class='ocr_carea' id='block_1_71' title="bbox 1985 1228 3588 1302">
    <p class='ocr_par' dir='ltr' id='par_1_71' title="bbox 1985 1228 3588 1302">
     <span class='ocr_line' id='line_1_71' title="bbox 1985 1228 3588 1302; baseline 0 -16"><span class='ocrx_word' id='word_1_552' title='bbox 1985 1228 2102 1300; x_wconf 78' lang='grc'><strong>25).</strong></span> <span class='ocrx_word' id='word_1_553' title='bbox 2126 1229 2236 1290; x_wconf 82' lang='lat' dir='ltr'><strong>Nec</strong></span> <span class='ocrx_word' id='word_1_554' title='bbox 2265 1231 2434 1302; x_wconf 87' lang='lat' dir='ltr'><strong>ipsius</strong></span> <span class='ocrx_word' id='word_1_555' title='bbox 2462 1233 2710 1286; x_wconf 90' lang='lat' dir='ltr'><strong>morbum</strong></span> <span class='ocrx_word' id='word_1_556' title='bbox 2741 1231 3041 1302; x_wconf 83' lang='lat' dir='ltr'><strong>proﬂigavit</strong></span> <span class='ocrx_word' id='word_1_557' title='bbox 3063 1233 3107 1288; x_wconf 86' lang='lat' dir='ltr'><strong>is</strong></span> <span class='ocrx_word' id='word_1_558' title='bbox 3135 1232 3224 1302; x_wconf 89' lang='lat' dir='ltr'><strong>qui</strong></span> <span class='ocrx_word' id='word_1_559' title='bbox 3253 1241 3496 1287; x_wconf 86' lang='lat' dir='ltr'><strong>mortuos</strong></span> <span class='ocrx_word' id='word_1_560' title='bbox 3522 1231 3588 1286; x_wconf 86' lang='lat' dir='ltr'><strong>ad</strong></span> 
     </span>
    </p>
   </div>
   <div class='ocr_carea' id='block_1_72' title="bbox 1988 1321 3588 1387">
    <p class='ocr_par' dir='ltr' id='par_1_72' title="bbox 1988 1321 3588 1387">
     <span class='ocr_line' id='line_1_72' title="bbox 1988 1321 3588 1387; baseline 0.002 -13"><span class='ocrx_word' id='word_1_561' title='bbox 1988 1323 2152 1376; x_wconf 87' lang='lat' dir='ltr'><strong>vitam</strong></span> <span class='ocrx_word' id='word_1_562' title='bbox 2178 1322 2482 1387; x_wconf 86' lang='lat' dir='ltr'><strong>revocabat,</strong></span> <span class='ocrx_word' id='word_1_563' title='bbox 2506 1337 2688 1377; x_wconf 85' lang='lat' dir='ltr'><strong>verum</strong></span> <span class='ocrx_word' id='word_1_564' title='bbox 2709 1337 2833 1377; x_wconf 90' lang='lat' dir='ltr'><strong>eum</strong></span> <span class='ocrx_word' id='word_1_565' title='bbox 2857 1323 2912 1378; x_wconf 91' lang='lat' dir='ltr'><strong>in</strong></span> <span class='ocrx_word' id='word_1_566' title='bbox 2940 1323 3112 1377; x_wconf 90' lang='lat' dir='ltr'><strong>morbi</strong></span> <span class='ocrx_word' id='word_1_567' title='bbox 3141 1321 3361 1378; x_wconf 83' lang='lat' dir='ltr'><strong>fornace</strong></span> <span class='ocrx_word' id='word_1_568' title='bbox 3387 1322 3588 1378; x_wconf 88' lang='lat' dir='ltr'><strong>versari</strong></span> 
     </span>
    </p>
   </div>
   <div class='ocr_carea' id='block_1_73' title="bbox 1987 1412 3590 1484">
    <p class='ocr_par' dir='ltr' id='par_1_73' title="bbox 1987 1412 3590 1484">
     <span class='ocr_line' id='line_1_73' title="bbox 1987 1412 3590 1484; baseline 0.001 -17"><span class='ocrx_word' id='word_1_569' title='bbox 1987 1412 2268 1482; x_wconf 83' lang='lat' dir='ltr'><strong>permisit,</strong></span> <span class='ocrx_word' id='word_1_570' title='bbox 2307 1429 2416 1484; x_wconf 90' lang='lat' dir='ltr'><strong>quo</strong></span> <span class='ocrx_word' id='word_1_571' title='bbox 2464 1414 2807 1484; x_wconf 75' lang='lat' dir='ltr'><strong>amplissima:</strong></span> <span class='ocrx_word' id='word_1_572' title='bbox 2840 1414 3104 1470; x_wconf 87' lang='lat' dir='ltr'><strong>libertatis</strong></span> <span class='ocrx_word' id='word_1_573' title='bbox 3131 1428 3196 1470; x_wconf 87' lang='lat' dir='ltr'><strong>ac</strong></span> <span class='ocrx_word' id='word_1_574' title='bbox 3226 1413 3434 1470; x_wconf 67' lang='lat' dir='ltr'><strong>ﬁducia</strong></span> <span class='ocrx_word' id='word_1_575' title='bbox 3458 1429 3590 1484; x_wconf 80' lang='lat' dir='ltr'><strong>Opes</strong></span> 
     </span>
    </p>
   </div>
   <div class='ocr_carea' id='block_1_74' title="bbox 1987 1501 3590 1576">
    <p class='ocr_par' dir='ltr' id='par_1_74' title="bbox 1987 1501 3590 1576">
     <span class='ocr_line' id='line_1_74' title="bbox 1987 1501 3590 1576; baseline 0.002 -20"><span class='ocrx_word' id='word_1_576' title='bbox 1987 1501 2113 1558; x_wconf 90' lang='lat' dir='ltr'><strong>hinc</strong></span> <span class='ocrx_word' id='word_1_577' title='bbox 2140 1505 2241 1574; x_wconf 85' lang='lat' dir='ltr'><strong>ipsi</strong></span> <span class='ocrx_word' id='word_1_578' title='bbox 2268 1515 2608 1576; x_wconf 87' lang='lat' dir='ltr'><strong>cogerentur.</strong></span> <span class='ocrx_word' id='word_1_579' title='bbox 2636 1505 2769 1561; x_wconf 83' lang='lat' dir='ltr'><strong>Nam</strong></span> <span class='ocrx_word' id='word_1_580' title='bbox 2796 1521 2917 1576; x_wconf 78' lang='lat' dir='ltr'><strong>qua:</strong></span> <span class='ocrx_word' id='word_1_581' title='bbox 2941 1521 2971 1560; x_wconf 89' lang='lat' dir='ltr'><strong>a</strong></span> <span class='ocrx_word' id='word_1_582' title='bbox 3004 1505 3233 1561; x_wconf 86' lang='lat' dir='ltr'><strong>Domino</strong></span> <span class='ocrx_word' id='word_1_583' title='bbox 3254 1505 3369 1575; x_wconf 86' lang='lat' dir='ltr'><strong>ipse</strong></span> <span class='ocrx_word' id='word_1_584' title='bbox 3401 1520 3590 1575; x_wconf 87' lang='lat' dir='ltr'><strong>perce-</strong></span> 
     </span>
    </p>
   </div>
   <div class='ocr_carea' id='block_1_75' title="bbox 1987 1595 3592 1667">
    <p class='ocr_par' dir='ltr' id='par_1_75' title="bbox 1987 1595 3592 1667">
     <span class='ocr_line' id='line_1_75' title="bbox 1987 1595 3592 1667; baseline 0.001 -18"><span class='ocrx_word' id='word_1_585' title='bbox 1987 1603 2139 1665; x_wconf 89' lang='lat' dir='ltr'><strong>perat</strong></span> <span class='ocrx_word' id='word_1_586' title='bbox 2157 1611 2383 1667; x_wconf 69' lang='lat' dir='ltr'><strong>quasque</strong></span> <span class='ocrx_word' id='word_1_587' title='bbox 2407 1597 2474 1652; x_wconf 89' lang='lat' dir='ltr'><strong>ab</strong></span> <span class='ocrx_word' id='word_1_588' title='bbox 2493 1611 2560 1653; x_wconf 89' lang='lat' dir='ltr'><strong>eo</strong></span> <span class='ocrx_word' id='word_1_589' title='bbox 2581 1596 2865 1662; x_wconf 88' lang='lat' dir='ltr'><strong>didicerat,</strong></span> <span class='ocrx_word' id='word_1_590' title='bbox 2885 1597 3074 1654; x_wconf 87' lang='lat' dir='ltr'><strong>eadem</strong></span> <span class='ocrx_word' id='word_1_591' title='bbox 3091 1612 3306 1667; x_wconf 88' lang='lat' dir='ltr'><strong>quoque</strong></span> <span class='ocrx_word' id='word_1_592' title='bbox 3325 1595 3592 1667; x_wconf 80' lang='lat' dir='ltr'><strong>discipulo</strong></span> 
     </span>
    </p>
   </div>
   <div class='ocr_carea' id='block_1_76' title="bbox 1989 1685 3580 1757">
    <p class='ocr_par' dir='ltr' id='par_1_76' title="bbox 1989 1685 3580 1757">
     <span class='ocr_line' id='line_1_76' title="bbox 1989 1685 3580 1757; baseline 0 -19"><span class='ocrx_word' id='word_1_593' title='bbox 1989 1685 2250 1740; x_wconf 88' lang='lat' dir='ltr'><strong>tradebat.</strong></span> <span class='ocrx_word' id='word_1_594' title='bbox 2277 1687 2531 1754; x_wconf 87' lang='lat' dir='ltr'><strong>Quamvis</strong></span> <span class='ocrx_word' id='word_1_595' title='bbox 2568 1687 2711 1742; x_wconf 87' lang='lat' dir='ltr'><strong>enim</strong></span> <span class='ocrx_word' id='word_1_596' title='bbox 2755 1690 2870 1757; x_wconf 87' lang='lat' dir='ltr'><strong>ipse</strong></span> <span class='ocrx_word' id='word_1_597' title='bbox 2903 1686 2955 1740; x_wconf 90' lang='lat' dir='ltr'><strong>in</strong></span> <span class='ocrx_word' id='word_1_598' title='bbox 2986 1687 3234 1743; x_wconf 89' lang='lat' dir='ltr'><strong>morbum</strong></span> <span class='ocrx_word' id='word_1_599' title='bbox 3261 1685 3481 1742; x_wconf 89' lang='lat' dir='ltr'><strong>minime</strong></span> <span class='ocrx_word' id='word_1_600' title='bbox 3508 1687 3580 1739; x_wconf 86' lang='lat' dir='ltr'><strong>la-</strong></span> 
     </span>
    </p>
   </div>
   <div class='ocr_carea' id='block_1_77' title="bbox 1987 1776 3589 1847">
    <p class='ocr_par' dir='ltr' id='par_1_77' title="bbox 1987 1776 3589 1847">
     <span class='ocr_line' id='line_1_77' title="bbox 1987 1776 3589 1847; baseline -0.001 -15"><span class='ocrx_word' id='word_1_601' title='bbox 1987 1776 2233 1843; x_wconf 83' lang='lat' dir='ltr'><strong>beretur,</strong></span> <span class='ocrx_word' id='word_1_602' title='bbox 2280 1787 2336 1833; x_wconf 90' lang='lat' dir='ltr'><strong>et</strong></span> <span class='ocrx_word' id='word_1_603' title='bbox 2375 1778 2698 1834; x_wconf 88' lang='lat' dir='ltr'><strong>tentationes</strong></span> <span class='ocrx_word' id='word_1_604' title='bbox 2727 1786 2906 1833; x_wconf 90' lang='lat' dir='ltr'><strong>tamen</strong></span> <span class='ocrx_word' id='word_1_605' title='bbox 2935 1793 3058 1831; x_wconf 90' lang='lat' dir='ltr'><strong>eum</strong></span> <span class='ocrx_word' id='word_1_606' title='bbox 3090 1793 3198 1833; x_wconf 89' lang='lat' dir='ltr'><strong>non</strong></span> <span class='ocrx_word' id='word_1_607' title='bbox 3227 1777 3408 1832; x_wconf 90' lang='lat' dir='ltr'><strong>minus</strong></span> <span class='ocrx_word' id='word_1_608' title='bbox 3429 1791 3589 1847; x_wconf 89' lang='lat' dir='ltr'><strong>quam</strong></span> 
     </span>
    </p>
   </div>
   <div class='ocr_carea' id='block_1_78' title="bbox 1985 1868 3593 1941">
    <p class='ocr_par' dir='ltr' id='par_1_78' title="bbox 1985 1868 3593 1941">
     <span class='ocr_line' id='line_1_78' title="bbox 1985 1868 3593 1941; baseline -0.002 -16"><span class='ocrx_word' id='word_1_609' title='bbox 1985 1869 2199 1937; x_wconf 89' lang='lat' dir='ltr'><strong>morbi,</strong></span> <span class='ocrx_word' id='word_1_610' title='bbox 2244 1877 2516 1940; x_wconf 86' lang='lat' dir='ltr'><strong>tamquam</strong></span> <span class='ocrx_word' id='word_1_611' title='bbox 2560 1870 2806 1941; x_wconf 90' lang='lat' dir='ltr'><strong>impactis</strong></span> <span class='ocrx_word' id='word_1_612' title='bbox 2853 1869 3094 1939; x_wconf 86' lang='lat' dir='ltr'><strong>colaphis</strong></span> <span class='ocrx_word' id='word_1_613' title='bbox 3141 1868 3496 1939; x_wconf 81' lang='lat' dir='ltr'><strong>torquebant,</strong></span> <span class='ocrx_word' id='word_1_614' title='bbox 3537 1880 3593 1922; x_wconf 90' lang='lat' dir='ltr'><strong>et</strong></span> 
     </span>
    </p>
   </div>
   <div class='ocr_carea' id='block_1_79' title="bbox 1985 1959 3590 2022">
    <p class='ocr_par' dir='ltr' id='par_1_79' title="bbox 1985 1959 3590 2022">
     <span class='ocr_line' id='line_1_79' title="bbox 1985 1959 3590 2022; baseline -0.002 -8"><span class='ocrx_word' id='word_1_615' title='bbox 1985 1960 2215 2015; x_wconf 89' lang='lat' dir='ltr'><strong>multum</strong></span> <span class='ocrx_word' id='word_1_616' title='bbox 2237 1961 2384 2017; x_wconf 86' lang='lat' dir='ltr'><strong>carni</strong></span> <span class='ocrx_word' id='word_1_617' title='bbox 2405 1959 2648 2018; x_wconf 88' lang='lat' dir='ltr'><strong>dolorem</strong></span> <span class='ocrx_word' id='word_1_618' title='bbox 2673 1961 2976 2016; x_wconf 83' lang='lat' dir='ltr'><strong>inurebant.</strong></span> <span class='ocrx_word' id='word_1_619' title='bbox 2996 1960 3154 2015; x_wconf 89' lang='lat' dir='ltr'><strong>Datus</strong></span> <span class='ocrx_word' id='word_1_620' title='bbox 3179 1969 3251 2014; x_wconf 83' lang='lat' dir='ltr'><strong>est</strong></span> <span class='ocrx_word' id='word_1_621' title='bbox 3272 1959 3415 2015; x_wconf 90' lang='lat' dir='ltr'><strong>enim</strong></span> <span class='ocrx_word' id='word_1_622' title='bbox 3445 1959 3590 2022; x_wconf 83' lang='lat' dir='ltr'><strong>mihi,</strong></span> 
     </span>
    </p>
   </div>
   <div class='ocr_carea' id='block_1_80' title="bbox 1987 2049 3590 2125">
    <p class='ocr_par' dir='ltr' id='par_1_80' title="bbox 1987 2049 3590 2125">
     <span class='ocr_line' id='line_1_80' title="bbox 1987 2049 3590 2125; baseline -0.002 -17"><span class='ocrx_word' id='word_1_623' title='bbox 1987 2051 2194 2123; x_wconf 84' lang='lat' dir='ltr'><strong>inquit,</strong></span> <span class='ocrx_word' id='word_1_624' title='bbox 2237 2054 2474 2108; x_wconf 81' lang='lat' dir='ltr'><strong>stimulus</strong></span> <span class='ocrx_word' id='word_1_625' title='bbox 2498 2054 2667 2108; x_wconf 83' lang='lat' dir='ltr'><strong>carnis</strong></span> <span class='ocrx_word' id='word_1_626' title='bbox 2686 2093 2702 2120; x_wconf 94' lang='lat'><strong>,</strong></span> <span class='ocrx_word' id='word_1_627' title='bbox 2735 2049 2946 2125; x_wconf 81' lang='lat' dir='ltr'><strong>angelus</strong></span> <span class='ocrx_word' id='word_1_628' title='bbox 2976 2053 3208 2117; x_wconf 66' lang='lat' dir='ltr'><strong>Satanae,</strong></span> <span class='ocrx_word' id='word_1_629' title='bbox 3234 2053 3321 2123; x_wconf 78' lang='lat' dir='ltr'><strong>qui</strong></span> <span class='ocrx_word' id='word_1_630' title='bbox 3349 2069 3427 2106; x_wconf 88' lang='lat' dir='ltr'><strong>me</strong></span> <span class='ocrx_word' id='word_1_631' title='bbox 3450 2053 3590 2106; x_wconf 86' lang='lat' dir='ltr'><strong>cola-</strong></span> 
     </span>
    </p>
   </div>
   <div class='ocr_carea' id='block_1_81' title="bbox 1987 2136 3593 2216">
    <p class='ocr_par' dir='ltr' id='par_1_81' title="bbox 1987 2136 3593 2216">
     <span class='ocr_line' id='line_1_81' title="bbox 1987 2136 3593 2216; baseline 0 -18"><span class='ocrx_word' id='word_1_632' title='bbox 1987 2144 2155 2214; x_wconf 75' lang='lat' dir='ltr'><strong>pltizet</strong></span> <span class='ocrx_word' id='word_1_633' title='bbox 2176 2143 2256 2216; x_wconf 88' lang='grc'><strong>(2.</strong></span> <span class='ocrx_word' id='word_1_634' title='bbox 2279 2143 2400 2199; x_wconf 82' lang='lat' dir='ltr'><strong>Cor.</strong></span> <span class='ocrx_word' id='word_1_635' title='bbox 2432 2144 2520 2200; x_wconf 88' lang='grc'><strong>12.</strong></span> <span class='ocrx_word' id='word_1_636' title='bbox 2549 2145 2630 2216; x_wconf 75' lang='lat'><strong>7)‘,</strong></span> <span class='ocrx_word' id='word_1_637' title='bbox 2659 2146 2741 2199; x_wconf 89' lang='lat' dir='ltr'><strong>bis</strong></span> <span class='ocrx_word' id='word_1_638' title='bbox 2768 2147 3020 2199; x_wconf 86' lang='lat' dir='ltr'><strong>nimirum</strong></span> <span class='ocrx_word' id='word_1_639' title='bbox 3047 2144 3226 2199; x_wconf 88' lang='lat' dir='ltr'><strong>verbis</strong></span> <span class='ocrx_word' id='word_1_640' title='bbox 3255 2136 3467 2198; x_wconf 81' lang='lat' dir='ltr'><strong>vincula</strong></span> <span class='ocrx_word' id='word_1_641' title='bbox 3485 2182 3503 2208; x_wconf 92' lang='lat'><strong>,</strong></span> <span class='ocrx_word' id='word_1_642' title='bbox 3539 2152 3593 2198; x_wconf 83' lang='lat' dir='ltr'><strong>ct</strong></span> 
     </span>
    </p>
   </div>
   <div class='ocr_carea' id='block_1_82' title="bbox 1986 2234 3591 2306">
    <p class='ocr_par' dir='ltr' id='par_1_82' title="bbox 1986 2234 3591 2306">
     <span class='ocr_line' id='line_1_82' title="bbox 1986 2234 3591 2306; baseline -0.002 -16"><span class='ocrx_word' id='word_1_643' title='bbox 1986 2245 2244 2304; x_wconf 83' lang='lat' dir='ltr'><strong>catenas,</strong></span> <span class='ocrx_word' id='word_1_644' title='bbox 2289 2245 2347 2293; x_wconf 87' lang='lat' dir='ltr'><strong>et</strong></span> <span class='ocrx_word' id='word_1_645' title='bbox 2386 2250 2659 2291; x_wconf 82' lang='lat' dir='ltr'><strong>carcerem</strong></span> <span class='ocrx_word' id='word_1_646' title='bbox 2705 2235 3049 2306; x_wconf 81' lang='lat' dir='ltr'><strong>intelligens,</strong></span> <span class='ocrx_word' id='word_1_647' title='bbox 3109 2234 3349 2305; x_wconf 89' lang='lat' dir='ltr'><strong>illudque</strong></span> <span class='ocrx_word' id='word_1_648' title='bbox 3392 2236 3591 2298; x_wconf 87' lang='lat' dir='ltr'><strong>etiam,</strong></span> 
     </span>
    </p>
   </div>
   <div class='ocr_carea' id='block_1_83' title="bbox 1988 2324 3593 2397">
    <p class='ocr_par' dir='ltr' id='par_1_83' title="bbox 1988 2324 3593 2397">
     <span class='ocr_line' id='line_1_83' title="bbox 1988 2324 3593 2397; baseline -0.004 -16"><span class='ocrx_word' id='word_1_649' title='bbox 1988 2325 2134 2396; x_wconf 90' lang='lat' dir='ltr'><strong>quod</strong></span> <span class='ocrx_word' id='word_1_650' title='bbox 2161 2336 2464 2397; x_wconf 88' lang='lat' dir='ltr'><strong>raptaretur</strong></span> <span class='ocrx_word' id='word_1_651' title='bbox 2483 2368 2499 2393; x_wconf 97' lang='lat'><strong>,</strong></span> <span class='ocrx_word' id='word_1_652' title='bbox 2531 2341 2594 2381; x_wconf 89' lang='lat' dir='ltr'><strong>ac</strong></span> <span class='ocrx_word' id='word_1_653' title='bbox 2629 2327 2985 2390; x_wconf 89' lang='lat' dir='ltr'><strong>laceraretur,</strong></span> <span class='ocrx_word' id='word_1_654' title='bbox 3020 2326 3294 2396; x_wconf 78' lang='lat' dir='ltr'><strong>virgisque</strong></span> <span class='ocrx_word' id='word_1_655' title='bbox 3322 2340 3351 2379; x_wconf 90' lang='lat' dir='ltr'><strong>a</strong></span> <span class='ocrx_word' id='word_1_656' title='bbox 3377 2324 3593 2378; x_wconf 83' lang='lat' dir='ltr'><strong>carniﬁ-</strong></span> 
     </span>
    </p>
   </div>
   <div class='ocr_carea' id='block_1_84' title="bbox 1987 2415 3592 2488">
    <p class='ocr_par' dir='ltr' id='par_1_84' title="bbox 1987 2415 3592 2488">
     <span class='ocr_line' id='line_1_84' title="bbox 1987 2415 3592 2488; baseline -0.001 -18"><span class='ocrx_word' id='word_1_657' title='bbox 1987 2416 2141 2473; x_wconf 89' lang='lat' dir='ltr'><strong>cibus</strong></span> <span class='ocrx_word' id='word_1_658' title='bbox 2159 2419 2356 2488; x_wconf 72' lang='lat' dir='ltr'><strong>smpius</strong></span> <span class='ocrx_word' id='word_1_659' title='bbox 2374 2417 2795 2473; x_wconf 85' lang='lat' dir='ltr'><strong>excruciaretttr.</strong></span> <span class='ocrx_word' id='word_1_660' title='bbox 2809 2416 3169 2486; x_wconf 85' lang='lat' dir='ltr'><strong>Quamobrem</strong></span> <span class='ocrx_word' id='word_1_661' title='bbox 3194 2417 3356 2470; x_wconf 88' lang='lat' dir='ltr'><strong>etiam</strong></span> <span class='ocrx_word' id='word_1_662' title='bbox 3377 2415 3592 2468; x_wconf 80' lang='lat' dir='ltr'><strong>dolores</strong></span> 
     </span>
    </p>
   </div>
   <div class='ocr_carea' id='block_1_85' title="bbox 1989 2506 3594 2578">
    <p class='ocr_par' dir='ltr' id='par_1_85' title="bbox 1989 2506 3594 2578">
     <span class='ocr_line' id='line_1_85' title="bbox 1989 2506 3594 2578; baseline -0.002 -14"><span class='ocrx_word' id='word_1_663' title='bbox 1989 2523 2120 2575; x_wconf 88' lang='lat' dir='ltr'><strong>eos,</strong></span> <span class='ocrx_word' id='word_1_664' title='bbox 2154 2511 2242 2578; x_wconf 88' lang='lat' dir='ltr'><strong>qui</strong></span> <span class='ocrx_word' id='word_1_665' title='bbox 2292 2509 2416 2564; x_wconf 90' lang='lat' dir='ltr'><strong>hinc</strong></span> <span class='ocrx_word' id='word_1_666' title='bbox 2459 2510 2610 2564; x_wconf 85' lang='lat' dir='ltr'><strong>carni</strong></span> <span class='ocrx_word' id='word_1_667' title='bbox 2641 2509 3005 2574; x_wconf 87' lang='lat' dir='ltr'><strong>accedebant,</strong></span> <span class='ocrx_word' id='word_1_668' title='bbox 3063 2524 3168 2560; x_wconf 83' lang='lat' dir='ltr'><strong>non</strong></span> <span class='ocrx_word' id='word_1_669' title='bbox 3202 2507 3381 2562; x_wconf 82' lang='lat' dir='ltr'><strong>ferens</strong></span> <span class='ocrx_word' id='word_1_670' title='bbox 3405 2549 3418 2568; x_wconf 87' lang='lat'><strong>,</strong></span> <span class='ocrx_word' id='word_1_671' title='bbox 3453 2506 3594 2560; x_wconf 87' lang='lat' dir='ltr'><strong>hunc</strong></span> 
     </span>
    </p>
   </div>
   <div class='ocr_carea' id='block_1_86' title="bbox 1988 2599 3593 2671">
    <p class='ocr_par' dir='ltr' id='par_1_86' title="bbox 1988 2599 3593 2671">
     <span class='ocr_line' id='line_1_86' title="bbox 1988 2599 3593 2671; baseline -0.002 -17"><span class='ocrx_word' id='word_1_672' title='bbox 1988 2616 2293 2658; x_wconf 86' lang='lat' dir='ltr'><strong>sermonem</strong></span> <span class='ocrx_word' id='word_1_673' title='bbox 2327 2601 2594 2658; x_wconf 83' lang='lat' dir='ltr'><strong>habebat:</strong></span> <span class='ocrx_word' id='word_1_674' title='bbox 2628 2601 2847 2671; x_wconf 80' lang='lat' dir='ltr'><strong>PrOpler</strong></span> <span class='ocrx_word' id='word_1_675' title='bbox 2887 2601 2981 2654; x_wconf 84' lang='lat' dir='ltr'><strong>hoc</strong></span> <span class='ocrx_word' id='word_1_676' title='bbox 3012 2611 3086 2654; x_wconf 86' lang='lat' dir='ltr'><strong>ter</strong></span> <span class='ocrx_word' id='word_1_677' title='bbox 3118 2599 3392 2653; x_wconf 85' lang='lat' dir='ltr'><strong>Dominum</strong></span> <span class='ocrx_word' id='word_1_678' title='bbox 3420 2601 3593 2669; x_wconf 65' lang='lat' dir='ltr'><strong>rogati</strong></span> 
     </span>
    </p>
   </div>
   <div class='ocr_carea' id='block_1_87' title="bbox 1992 2691 3594 2765">
    <p class='ocr_par' dir='ltr' id='par_1_87' title="bbox 1992 2691 3594 2765">
     <span class='ocr_line' id='line_1_87' title="bbox 1992 2691 3594 2765; baseline -0.001 -19"><span class='ocrx_word' id='word_1_679' title='bbox 1992 2691 2098 2765; x_wconf 72' lang='lat' dir='ltr'><strong>(ter</strong></span> <span class='ocrx_word' id='word_1_680' title='bbox 2121 2703 2300 2749; x_wconf 84' lang='lat' dir='ltr'><strong>autem</strong></span> <span class='ocrx_word' id='word_1_681' title='bbox 2327 2693 2430 2750; x_wconf 88' lang='lat' dir='ltr'><strong>hoc</strong></span> <span class='ocrx_word' id='word_1_682' title='bbox 2457 2694 2575 2749; x_wconf 91' lang='lat' dir='ltr'><strong>loco</strong></span> <span class='ocrx_word' id='word_1_683' title='bbox 2601 2709 2744 2763; x_wconf 75' lang='lat' dir='ltr'><strong>Stepc</strong></span> <span class='ocrx_word' id='word_1_684' title='bbox 2771 2693 3080 2762; x_wconf 72' lang='lat' dir='ltr'><strong>significat),</strong></span> <span class='ocrx_word' id='word_1_685' title='bbox 3107 2702 3157 2745; x_wconf 86' lang='lat' dir='ltr'><strong>ut</strong></span> <span class='ocrx_word' id='word_1_686' title='bbox 3179 2693 3240 2745; x_wconf 86' lang='lat' dir='ltr'><strong>ab</strong></span> <span class='ocrx_word' id='word_1_687' title='bbox 3269 2692 3363 2745; x_wconf 81' lang='lat' dir='ltr'><strong>hoc</strong></span> <span class='ocrx_word' id='word_1_688' title='bbox 3387 2693 3594 2744; x_wconf 82' lang='lat' dir='ltr'><strong>stimulo</strong></span> 
     </span>
    </p>
   </div>
   <div class='ocr_carea' id='block_1_88' title="bbox 1989 2781 3596 2854">
    <p class='ocr_par' dir='ltr' id='par_1_88' title="bbox 1989 2781 3596 2854">
     <span class='ocr_line' id='line_1_88' title="bbox 1989 2781 3596 2854; baseline -0.001 -16"><span class='ocrx_word' id='word_1_689' title='bbox 1989 2783 2230 2840; x_wconf 69' lang='lat' dir='ltr'><strong>liberarer</strong></span> <span class='ocrx_word' id='word_1_690' title='bbox 2275 2784 2438 2854; x_wconf 86' lang='lat' dir='ltr'><strong>(Ibid.</strong></span> <span class='ocrx_word' id='word_1_691' title='bbox 2478 2802 2528 2839; x_wconf 80' lang='grc' dir='ltr'><strong>υ.</strong></span> <span class='ocrx_word' id='word_1_692' title='bbox 2590 2785 2667 2853; x_wconf 89' lang='grc'><strong>8).</strong></span> <span class='ocrx_word' id='word_1_693' title='bbox 2728 2785 3013 2854; x_wconf 81' lang='lat' dir='ltr'><strong>Postquam</strong></span> <span class='ocrx_word' id='word_1_694' title='bbox 3064 2794 3241 2837; x_wconf 89' lang='lat' dir='ltr'><strong>autem</strong></span> <span class='ocrx_word' id='word_1_695' title='bbox 3282 2782 3332 2836; x_wconf 89' lang='lat' dir='ltr'><strong>id</strong></span> <span class='ocrx_word' id='word_1_696' title='bbox 3373 2781 3596 2836; x_wconf 87' lang='lat' dir='ltr'><strong>minimo</strong></span> 
     </span>
    </p>
   </div>
   <div class='ocr_carea' id='block_1_89' title="bbox 1991 2873 3593 2946">
    <p class='ocr_par' dir='ltr' id='par_1_89' title="bbox 1991 2873 3593 2946">
     <span class='ocr_line' id='line_1_89' title="bbox 1991 2873 3593 2946; baseline -0.004 -18"><span class='ocrx_word' id='word_1_697' title='bbox 1991 2875 2241 2940; x_wconf 88' lang='lat' dir='ltr'><strong>obtinuit,</strong></span> <span class='ocrx_word' id='word_1_698' title='bbox 2262 2885 2567 2946; x_wconf 90' lang='lat' dir='ltr'><strong>quantaque</strong></span> <span class='ocrx_word' id='word_1_699' title='bbox 2593 2874 2750 2944; x_wconf 87' lang='lat' dir='ltr'><strong>bujus</strong></span> <span class='ocrx_word' id='word_1_700' title='bbox 2780 2875 2857 2928; x_wconf 91' lang='lat' dir='ltr'><strong>rei</strong></span> <span class='ocrx_word' id='word_1_701' title='bbox 2887 2874 3092 2928; x_wconf 85' lang='lat' dir='ltr'><strong>utilitas</strong></span> <span class='ocrx_word' id='word_1_702' title='bbox 3115 2882 3278 2934; x_wconf 87' lang='lat' dir='ltr'><strong>esset,</strong></span> <span class='ocrx_word' id='word_1_703' title='bbox 3307 2873 3593 2938; x_wconf 89' lang='lat' dir='ltr'><strong>intellexit,</strong></span> 
     </span>
    </p>
   </div>
   <div class='ocr_carea' id='block_1_90' title="bbox 1993 2962 3598 3036">
    <p class='ocr_par' dir='ltr' id='par_1_90' title="bbox 1993 2962 3598 3036">
     <span class='ocr_line' id='line_1_90' title="bbox 1993 2962 3598 3036; baseline -0.002 -18"><span class='ocrx_word' id='word_1_704' title='bbox 1993 2973 2105 3019; x_wconf 92' lang='lat' dir='ltr'><strong>tum</strong></span> <span class='ocrx_word' id='word_1_705' title='bbox 2131 2979 2262 3021; x_wconf 88' lang='lat' dir='ltr'><strong>vero</strong></span> <span class='ocrx_word' id='word_1_706' title='bbox 2287 2965 2616 3036; x_wconf 86' lang='lat' dir='ltr'><strong>conquievit,</strong></span> <span class='ocrx_word' id='word_1_707' title='bbox 2643 2973 2806 3035; x_wconf 87' lang='lat' dir='ltr'><strong>atque</strong></span> <span class='ocrx_word' id='word_1_708' title='bbox 2827 2978 2890 3020; x_wconf 89' lang='lat' dir='ltr'><strong>ex</strong></span> <span class='ocrx_word' id='word_1_709' title='bbox 2917 2965 2981 3019; x_wconf 91' lang='lat' dir='ltr'><strong>iis</strong></span> <span class='ocrx_word' id='word_1_710' title='bbox 3002 2979 3119 3034; x_wconf 65' lang='lat' dir='ltr'><strong>quae</strong></span> <span class='ocrx_word' id='word_1_711' title='bbox 3138 2964 3340 3019; x_wconf 79' lang='lat' dir='ltr'><strong>ﬁebant</strong></span> <span class='ocrx_word' id='word_1_712' title='bbox 3356 2962 3598 3033; x_wconf 85' lang='lat' dir='ltr'><strong>volupta-</strong></span> 
     </span>
    </p>
   </div>
   <div class='ocr_carea' id='block_1_91' title="bbox 1993 3057 2291 3126">
    <p class='ocr_par' dir='ltr' id='par_1_91' title="bbox 1993 3057 2291 3126">
     <span class='ocr_line' id='line_1_91' title="bbox 1993 3057 2291 3126; baseline 0 -16"><span class='ocrx_word' id='word_1_713' title='bbox 1993 3061 2099 3110; x_wconf 89' lang='lat' dir='ltr'><strong>tem</strong></span> <span class='ocrx_word' id='word_1_714' title='bbox 2129 3057 2291 3126; x_wconf 88' lang='lat' dir='ltr'><strong>cepit.</strong></span> 
     </span>
    </p>
   </div>
   <div class='ocr_carea' id='block_1_92' title="bbox 2066 3145 3598 3219">
    <p class='ocr_par' dir='ltr' id='par_1_92' title="bbox 2066 3145 3598 3219">
     <span class='ocr_line' id='line_1_92' title="bbox 2066 3145 3598 3219; baseline -0.002 -17"><span class='ocrx_word' id='word_1_715' title='bbox 2066 3147 2279 3203; x_wconf 71' lang='lat' dir='ltr'><strong>Morbus</strong></span> <span class='ocrx_word' id='word_1_716' title='bbox 2307 3164 2410 3204; x_wconf 83' lang='lat' dir='ltr'><strong>non</strong></span> <span class='ocrx_word' id='word_1_717' title='bbox 2436 3160 2508 3203; x_wconf 84' lang='lat' dir='ltr'><strong>est</strong></span> <span class='ocrx_word' id='word_1_718' title='bbox 2530 3149 2712 3202; x_wconf 85' lang='lat' dir='ltr'><strong>otium.</strong></span> <span class='ocrx_word' id='word_1_719' title='bbox 2741 3147 3132 3219; x_wconf 77' lang='lat' dir='ltr'><strong>Chrysoslomus</strong></span> <span class='ocrx_word' id='word_1_720' title='bbox 3163 3155 3305 3215; x_wconf 83' lang='lat' dir='ltr'><strong>putat</strong></span> <span class='ocrx_word' id='word_1_721' title='bbox 3329 3146 3392 3201; x_wconf 89' lang='lat' dir='ltr'><strong>ab</strong></span> <span class='ocrx_word' id='word_1_722' title='bbox 3420 3145 3598 3202; x_wconf 67' lang='lat' dir='ltr'><strong>exsilio</strong></span> 
     </span>
    </p>
   </div>
   <div class='ocr_carea' id='block_1_93' title="bbox 1995 3237 3600 3308">
    <p class='ocr_par' dir='ltr' id='par_1_93' title="bbox 1995 3237 3600 3308">
     <span class='ocr_line' id='line_1_93' title="bbox 1995 3237 3600 3308; baseline -0.003 -11"><span class='ocrx_word' id='word_1_723' title='bbox 1995 3259 2048 3297; x_wconf 88' lang='lat' dir='ltr'><strong>se</strong></span> <span class='ocrx_word' id='word_1_724' title='bbox 2074 3241 2354 3297; x_wconf 79' lang='lat' dir='ltr'><strong>rediturum</strong></span> <span class='ocrx_word' id='word_1_725' title='bbox 2385 3256 2526 3304; x_wconf 75' lang='lat' dir='ltr'><strong>esse;</strong></span> <span class='ocrx_word' id='word_1_726' title='bbox 2563 3242 2616 3293; x_wconf 86' lang='lat' dir='ltr'><strong>in</strong></span> <span class='ocrx_word' id='word_1_727' title='bbox 2641 3239 2883 3294; x_wconf 80' lang='lat' dir='ltr'><strong>Armenia</strong></span> <span class='ocrx_word' id='word_1_728' title='bbox 2907 3239 3106 3292; x_wconf 71' lang='lat' dir='ltr'><strong>exsulat</strong></span> <span class='ocrx_word' id='word_1_729' title='bbox 3153 3237 3418 3308; x_wconf 82' lang='lat' dir='ltr'><strong>Chrysost.</strong></span> <span class='ocrx_word' id='word_1_730' title='bbox 3437 3267 3510 3278; x_wconf 95' lang='lat'><strong><em>—</em></strong></span> <span class='ocrx_word' id='word_1_731' title='bbox 3535 3237 3600 3292; x_wconf 84' lang='lat' dir='ltr'><strong>Et</strong></span> 
     </span>
    </p>
   </div>
   <div class='ocr_carea' id='block_1_94' title="bbox 1996 3326 3598 3403">
    <p class='ocr_par' dir='ltr' id='par_1_94' title="bbox 1996 3326 3598 3403">
     <span class='ocr_line' id='line_1_94' title="bbox 1996 3326 3598 3403; baseline -0.004 -15"><span class='ocrx_word' id='word_1_732' title='bbox 1996 3344 2053 3388; x_wconf 92' lang='lat' dir='ltr'><strong>tu</strong></span> <span class='ocrx_word' id='word_1_733' title='bbox 2093 3346 2329 3403; x_wconf 89' lang='lat' dir='ltr'><strong>quoque,</strong></span> <span class='ocrx_word' id='word_1_734' title='bbox 2361 3330 2572 3386; x_wconf 90' lang='lat' dir='ltr'><strong>etiamsi</strong></span> <span class='ocrx_word' id='word_1_735' title='bbox 2597 3329 2743 3384; x_wconf 90' lang='lat' dir='ltr'><strong>domi</strong></span> <span class='ocrx_word' id='word_1_736' title='bbox 2786 3344 3005 3384; x_wconf 79' lang='lat' dir='ltr'><strong>maneas</strong></span> <span class='ocrx_word' id='word_1_737' title='bbox 3032 3328 3275 3398; x_wconf 84' lang='lat' dir='ltr'><strong>lcetoque</strong></span> <span class='ocrx_word' id='word_1_738' title='bbox 3299 3326 3457 3382; x_wconf 71' lang='lat' dir='ltr'><strong>affixa</strong></span> <span class='ocrx_word' id='word_1_739' title='bbox 3486 3328 3561 3382; x_wconf 88' lang='lat' dir='ltr'><strong>sis</strong></span> <span class='ocrx_word' id='word_1_740' title='bbox 3582 3367 3598 3392; x_wconf 93' lang='lat'><strong>,</strong></span> 
     </span>
    </p>
   </div>
   <div class='ocr_carea' id='block_1_95' title="bbox 1995 3418 3598 3494">
    <p class='ocr_par' dir='ltr' id='par_1_95' title="bbox 1995 3418 3598 3494">
     <span class='ocr_line' id='line_1_95' title="bbox 1995 3418 3598 3494; baseline -0.004 -14"><span class='ocrx_word' id='word_1_741' title='bbox 1995 3438 2064 3480; x_wconf 90' lang='lat' dir='ltr'><strong>ne</strong></span> <span class='ocrx_word' id='word_1_742' title='bbox 2089 3431 2370 3494; x_wconf 85' lang='lat' dir='ltr'><strong>propterea</strong></span> <span class='ocrx_word' id='word_1_743' title='bbox 2400 3422 2629 3477; x_wconf 89' lang='lat' dir='ltr'><strong>inertem</strong></span> <span class='ocrx_word' id='word_1_744' title='bbox 2657 3421 2823 3476; x_wconf 88' lang='lat' dir='ltr'><strong>vitam</strong></span> <span class='ocrx_word' id='word_1_745' title='bbox 2850 3419 3049 3475; x_wconf 87' lang='lat' dir='ltr'><strong>ducere</strong></span> <span class='ocrx_word' id='word_1_746' title='bbox 3080 3430 3131 3475; x_wconf 91' lang='lat' dir='ltr'><strong>te</strong></span> <span class='ocrx_word' id='word_1_747' title='bbox 3171 3418 3467 3475; x_wconf 84' lang='lat' dir='ltr'><strong>existimes.</strong></span> <span class='ocrx_word' id='word_1_748' title='bbox 3510 3418 3598 3475; x_wconf 83' lang='lat' dir='ltr'><strong>Si-</strong></span> 
     </span>
    </p>
   </div>
   <div class='ocr_carea' id='block_1_96' title="bbox 1997 3511 3600 3586">
    <p class='ocr_par' dir='ltr' id='par_1_96' title="bbox 1997 3511 3600 3586">
     <span class='ocr_line' id='line_1_96' title="bbox 1997 3511 3600 3586; baseline -0.002 -15"><span class='ocrx_word' id='word_1_749' title='bbox 1997 3516 2212 3586; x_wconf 90' lang='lat' dir='ltr'><strong>quidem</strong></span> <span class='ocrx_word' id='word_1_750' title='bbox 2240 3514 2307 3571; x_wconf 91' lang='lat' dir='ltr'><strong>iis</strong></span> <span class='ocrx_word' id='word_1_751' title='bbox 2327 3554 2341 3579; x_wconf 90' lang='lat'><strong>,</strong></span> <span class='ocrx_word' id='word_1_752' title='bbox 2384 3513 2473 3586; x_wconf 87' lang='lat' dir='ltr'><strong>qui</strong></span> <span class='ocrx_word' id='word_1_753' title='bbox 2500 3529 2530 3568; x_wconf 91' lang='lat' dir='ltr'><strong>a</strong></span> <span class='ocrx_word' id='word_1_754' title='bbox 2557 3512 2897 3569; x_wconf 82' lang='lat' dir='ltr'><strong>carniﬁcibus</strong></span> <span class='ocrx_word' id='word_1_755' title='bbox 2927 3521 3227 3584; x_wconf 87' lang='lat' dir='ltr'><strong>raptantur,</strong></span> <span class='ocrx_word' id='word_1_756' title='bbox 3259 3511 3600 3578; x_wconf 87' lang='lat' dir='ltr'><strong>lacerantur,</strong></span> 
     </span>
    </p>
   </div>
   <div class='ocr_carea' id='block_1_97' title="bbox 1998 3605 3600 3676">
    <p class='ocr_par' dir='ltr' id='par_1_97' title="bbox 1998 3605 3600 3676">
     <span class='ocr_line' id='line_1_97' title="bbox 1998 3605 3600 3676; baseline -0.004 -12"><span class='ocrx_word' id='word_1_757' title='bbox 1998 3610 2396 3675; x_wconf 87' lang='lat' dir='ltr'><strong>excruciantur,</strong></span> <span class='ocrx_word' id='word_1_758' title='bbox 2439 3617 2600 3676; x_wconf 89' lang='lat' dir='ltr'><strong>atque</strong></span> <span class='ocrx_word' id='word_1_759' title='bbox 2643 3606 2900 3661; x_wconf 91' lang='lat' dir='ltr'><strong>extremis</strong></span> <span class='ocrx_word' id='word_1_760' title='bbox 2941 3605 3220 3676; x_wconf 88' lang='lat' dir='ltr'><strong>suppliciis</strong></span> <span class='ocrx_word' id='word_1_761' title='bbox 3272 3613 3600 3670; x_wconf 85' lang='lat' dir='ltr'><strong>mactantur,</strong></span> 
     </span>
    </p>
   </div>
   <div class='ocr_carea' id='block_1_98' title="bbox 1998 3694 3602 3769">
    <p class='ocr_par' dir='ltr' id='par_1_98' title="bbox 1998 3694 3602 3769">
     <span class='ocr_line' id='line_1_98' title="bbox 1998 3694 3602 3769; baseline -0.002 -17"><span class='ocrx_word' id='word_1_762' title='bbox 1998 3699 2244 3769; x_wconf 82' lang='lat' dir='ltr'><strong>graviora</strong></span> <span class='ocrx_word' id='word_1_763' title='bbox 2296 3706 2352 3753; x_wconf 91' lang='lat' dir='ltr'><strong>et</strong></span> <span class='ocrx_word' id='word_1_764' title='bbox 2398 3696 2663 3751; x_wconf 87' lang='lat' dir='ltr'><strong>atrociora</strong></span> <span class='ocrx_word' id='word_1_765' title='bbox 2715 3696 2984 3760; x_wconf 89' lang='lat' dir='ltr'><strong>sustines,</strong></span> <span class='ocrx_word' id='word_1_766' title='bbox 3036 3694 3286 3748; x_wconf 84' lang='lat' dir='ltr'><strong>nimirum</strong></span> <span class='ocrx_word' id='word_1_767' title='bbox 3337 3708 3602 3748; x_wconf 86' lang='lat' dir='ltr'><strong>summam</strong></span> 
     </span>
    </p>
   </div>
   <div class='ocr_carea' id='block_1_99' title="bbox 2002 3786 3607 3858">
    <p class='ocr_par' dir='ltr' id='par_1_99' title="bbox 2002 3786 3607 3858">
     <span class='ocr_line' id='line_1_99' title="bbox 2002 3786 3607 3858; baseline -0.001 -14"><span class='ocrx_word' id='word_1_768' title='bbox 2002 3789 2160 3858; x_wconf 86' lang='lat' dir='ltr'><strong>hujus</strong></span> <span class='ocrx_word' id='word_1_769' title='bbox 2188 3788 2359 3842; x_wconf 83' lang='lat' dir='ltr'><strong>morbi</strong></span> <span class='ocrx_word' id='word_1_770' title='bbox 2383 3787 2727 3842; x_wconf 83' lang='lat' dir='ltr'><strong>acerbitatem</strong></span> <span class='ocrx_word' id='word_1_771' title='bbox 2749 3786 3029 3842; x_wconf 78' lang='lat' dir='ltr'><strong>domestici</strong></span> <span class='ocrx_word' id='word_1_772' title='bbox 3050 3794 3210 3857; x_wconf 89' lang='lat' dir='ltr'><strong>atque</strong></span> <span class='ocrx_word' id='word_1_773' title='bbox 3232 3786 3472 3841; x_wconf 89' lang='lat' dir='ltr'><strong>intestini</strong></span> <span class='ocrx_word' id='word_1_774' title='bbox 3495 3795 3607 3842; x_wconf 88' lang='lat' dir='ltr'><strong>tor-</strong></span> 
     </span>
    </p>
   </div>
   <div class='ocr_carea' id='block_1_100' title="bbox 2003 3881 2526 3939">
    <p class='ocr_par' dir='ltr' id='par_1_100' title="bbox 2003 3881 2526 3939">
     <span class='ocr_line' id='line_1_100' title="bbox 2003 3881 2526 3939; baseline -0.004 0"><span class='ocrx_word' id='word_1_775' title='bbox 2003 3884 2136 3939; x_wconf 90' lang='lat' dir='ltr'><strong>toris</strong></span> <span class='ocrx_word' id='word_1_776' title='bbox 2157 3884 2274 3938; x_wconf 90' lang='lat' dir='ltr'><strong>loco</strong></span> <span class='ocrx_word' id='word_1_777' title='bbox 2303 3881 2526 3937; x_wconf 75' lang='lat' dir='ltr'><strong>habens.</strong></span> 
     </span>
    </p>
   </div>
   <div class='ocr_carea' id='block_1_101' title="bbox 2073 3972 3604 4044">
    <p class='ocr_par' dir='ltr' id='par_1_101' title="bbox 2073 3972 3604 4044">
     <span class='ocr_line' id='line_1_101' title="bbox 2073 3972 3604 4044; baseline -0.003 -13"><span class='ocrx_word' id='word_1_778' title='bbox 2073 3976 2129 4032; x_wconf 77' lang='lat' dir='ltr'><strong>s.</strong></span> <span class='ocrx_word' id='word_1_779' title='bbox 2161 3975 2292 4044; x_wconf 62' lang='lat' dir='ltr'><strong>Quae</strong></span> <span class='ocrx_word' id='word_1_780' title='bbox 2321 3989 2442 4029; x_wconf 91' lang='lat' dir='ltr'><strong>cum</strong></span> <span class='ocrx_word' id='word_1_781' title='bbox 2470 3975 2542 4028; x_wconf 91' lang='lat' dir='ltr'><strong>ita</strong></span> <span class='ocrx_word' id='word_1_782' title='bbox 2562 3972 2692 4040; x_wconf 90' lang='lat' dir='ltr'><strong>sint,</strong></span> <span class='ocrx_word' id='word_1_783' title='bbox 2723 3985 2857 4028; x_wconf 76' lang='lat' dir='ltr'><strong>cave</strong></span> <span class='ocrx_word' id='word_1_784' title='bbox 2883 3980 2975 4026; x_wconf 88' lang='lat' dir='ltr'><strong>aut</strong></span> <span class='ocrx_word' id='word_1_785' title='bbox 3003 3978 3236 4026; x_wconf 87' lang='lat' dir='ltr'><strong>mortem</strong></span> <span class='ocrx_word' id='word_1_786' title='bbox 3267 3986 3409 4027; x_wconf 89' lang='lat' dir='ltr'><strong>nunc</strong></span> <span class='ocrx_word' id='word_1_787' title='bbox 3438 3986 3604 4039; x_wconf 84' lang='lat' dir='ltr'><strong>expe-</strong></span> 
     </span>
    </p>
   </div>
   <div class='ocr_carea' id='block_1_102' title="bbox 2005 4061 3606 4135">
    <p class='ocr_par' dir='ltr' id='par_1_102' title="bbox 2005 4061 3606 4135">
     <span class='ocr_line' id='line_1_102' title="bbox 2005 4061 3606 4135; baseline -0.005 -14"><span class='ocrx_word' id='word_1_788' title='bbox 2005 4075 2108 4132; x_wconf 89' lang='lat' dir='ltr'><strong>tas,</strong></span> <span class='ocrx_word' id='word_1_789' title='bbox 2138 4074 2230 4121; x_wconf 90' lang='lat' dir='ltr'><strong>aut</strong></span> <span class='ocrx_word' id='word_1_790' title='bbox 2255 4080 2450 4135; x_wconf 89' lang='lat' dir='ltr'><strong>corpus</strong></span> <span class='ocrx_word' id='word_1_791' title='bbox 2476 4077 2670 4118; x_wconf 86' lang='lat' dir='ltr'><strong>curare</strong></span> <span class='ocrx_word' id='word_1_792' title='bbox 2697 4061 2934 4132; x_wconf 83' lang='lat' dir='ltr'><strong>negligas</strong></span> <span class='ocrx_word' id='word_1_793' title='bbox 2961 4079 2975 4117; x_wconf 90' lang='lat'><strong>:</strong></span> <span class='ocrx_word' id='word_1_794' title='bbox 3005 4075 3179 4132; x_wconf 89' lang='lat' dir='ltr'><strong>neque</strong></span> <span class='ocrx_word' id='word_1_795' title='bbox 3215 4061 3359 4116; x_wconf 88' lang='lat' dir='ltr'><strong>enim</strong></span> <span class='ocrx_word' id='word_1_796' title='bbox 3388 4061 3491 4130; x_wconf 85' lang='lat' dir='ltr'><strong>hoc</strong></span> <span class='ocrx_word' id='word_1_797' title='bbox 3521 4071 3606 4114; x_wconf 85' lang='lat' dir='ltr'><strong>tu-</strong></span> 
     </span>
    </p>
   </div>
   <div class='ocr_carea' id='block_1_103' title="bbox 2007 4153 3606 4226">
    <p class='ocr_par' dir='ltr' id='par_1_103' title="bbox 2007 4153 3606 4226">
     <span class='ocr_line' id='line_1_103' title="bbox 2007 4153 3606 4226; baseline -0.007 -10"><span class='ocrx_word' id='word_1_798' title='bbox 2007 4171 2119 4215; x_wconf 90' lang='lat' dir='ltr'><strong>tum</strong></span> <span class='ocrx_word' id='word_1_799' title='bbox 2147 4159 2323 4215; x_wconf 81' lang='lat' dir='ltr'><strong>fuerit.</strong></span> <span class='ocrx_word' id='word_1_800' title='bbox 2349 4159 2426 4212; x_wconf 82' lang='lat' dir='ltr'><strong>Ac</strong></span> <span class='ocrx_word' id='word_1_801' title='bbox 2455 4163 2737 4226; x_wconf 84' lang='lat' dir='ltr'><strong>propterea</strong></span> <span class='ocrx_word' id='word_1_802' title='bbox 2768 4154 2965 4210; x_wconf 86' lang='lat' dir='ltr'><strong>Paulus</strong></span> <span class='ocrx_word' id='word_1_803' title='bbox 2993 4169 3207 4224; x_wconf 91' lang='lat' dir='ltr'><strong>quoque</strong></span> <span class='ocrx_word' id='word_1_804' title='bbox 3235 4153 3606 4216; x_wconf 84' lang='lat' dir='ltr'><strong>Timotheum,</strong></span> 
     </span>
    </p>
   </div>
   <div class='ocr_carea' id='block_1_104' title="bbox 2006 4240 3607 4317">
    <p class='ocr_par' dir='ltr' id='par_1_104' title="bbox 2006 4240 3607 4317">
     <span class='ocr_line' id='line_1_104' title="bbox 2006 4240 3607 4317; baseline -0.006 -11"><span class='ocrx_word' id='word_1_805' title='bbox 2006 4260 2067 4306; x_wconf 90' lang='lat' dir='ltr'><strong>ut</strong></span> <span class='ocrx_word' id='word_1_806' title='bbox 2104 4247 2393 4305; x_wconf 88' lang='lat' dir='ltr'><strong>valetudini</strong></span> <span class='ocrx_word' id='word_1_807' title='bbox 2420 4262 2532 4302; x_wconf 71' lang='lat' dir='ltr'><strong>sua:</strong></span> <span class='ocrx_word' id='word_1_808' title='bbox 2559 4240 2842 4317; x_wconf 83' lang='lat' dir='ltr'><strong>diligenter</strong></span> <span class='ocrx_word' id='word_1_809' title='bbox 2885 4245 3152 4312; x_wconf 89' lang='lat' dir='ltr'><strong>consulat,</strong></span> <span class='ocrx_word' id='word_1_810' title='bbox 3186 4243 3460 4299; x_wconf 89' lang='lat' dir='ltr'><strong>admonet.</strong></span> <span class='ocrx_word' id='word_1_811' title='bbox 3502 4244 3607 4299; x_wconf 84' lang='lat' dir='ltr'><strong>Sed</strong></span> 
     </span>
    </p>
   </div>
   <div class='ocr_carea' id='block_1_105' title="bbox 2005 4336 3608 4402">
    <p class='ocr_par' dir='ltr' id='par_1_105' title="bbox 2005 4336 3608 4402">
     <span class='ocr_line' id='line_1_105' title="bbox 2005 4336 3608 4402; baseline -0.005 -5"><span class='ocrx_word' id='word_1_812' title='bbox 2005 4343 2076 4399; x_wconf 91' lang='lat' dir='ltr'><strong>de</strong></span> <span class='ocrx_word' id='word_1_813' title='bbox 2101 4341 2290 4398; x_wconf 91' lang='lat' dir='ltr'><strong>morbo</strong></span> <span class='ocrx_word' id='word_1_814' title='bbox 2319 4340 2450 4397; x_wconf 87' lang='lat' dir='ltr'><strong>satis</strong></span> <span class='ocrx_word' id='word_1_815' title='bbox 2482 4341 2648 4396; x_wconf 91' lang='lat' dir='ltr'><strong>multa</strong></span> <span class='ocrx_word' id='word_1_816' title='bbox 2679 4355 2708 4394; x_wconf 91' lang='lat' dir='ltr'><strong>a</strong></span> <span class='ocrx_word' id='word_1_817' title='bbox 2737 4339 2891 4395; x_wconf 86' lang='lat' dir='ltr'><strong>nobis</strong></span> <span class='ocrx_word' id='word_1_818' title='bbox 2921 4339 3082 4395; x_wconf 79' lang='lat' dir='ltr'><strong>verba</strong></span> <span class='ocrx_word' id='word_1_819' title='bbox 3111 4338 3252 4393; x_wconf 89' lang='lat' dir='ltr'><strong>facta</strong></span> <span class='ocrx_word' id='word_1_820' title='bbox 3282 4347 3424 4392; x_wconf 89' lang='lat' dir='ltr'><strong>sunt.</strong></span> <span class='ocrx_word' id='word_1_821' title='bbox 3455 4336 3608 4402; x_wconf 81' lang='lat' dir='ltr'><strong>Quod</strong></span> 
     </span>
    </p>
   </div>
   <div class='ocr_carea' id='block_1_106' title="bbox 2005 4429 3606 4501">
    <p class='ocr_par' dir='ltr' id='par_1_106' title="bbox 2005 4429 3606 4501">
     <span class='ocr_line' id='line_1_106' title="bbox 2005 4429 3606 4501; baseline -0.005 -11"><span class='ocrx_word' id='word_1_822' title='bbox 2005 4436 2050 4490; x_wconf 88' lang='lat' dir='ltr'><strong>si</strong></span> <span class='ocrx_word' id='word_1_823' title='bbox 2081 4435 2175 4490; x_wconf 90' lang='lat' dir='ltr'><strong>tibi</strong></span> <span class='ocrx_word' id='word_1_824' title='bbox 2221 4434 2471 4490; x_wconf 77' lang='lat' dir='ltr'><strong>mmroris</strong></span> <span class='ocrx_word' id='word_1_825' title='bbox 2511 4448 2727 4488; x_wconf 86' lang='lat' dir='ltr'><strong>causam</strong></span> <span class='ocrx_word' id='word_1_826' title='bbox 2769 4432 2821 4487; x_wconf 87' lang='lat' dir='ltr'><strong>id</strong></span> <span class='ocrx_word' id='word_1_827' title='bbox 2862 4430 3038 4497; x_wconf 80' lang='lat' dir='ltr'><strong>affert,</strong></span> <span class='ocrx_word' id='word_1_828' title='bbox 3083 4430 3226 4501; x_wconf 91' lang='lat' dir='ltr'><strong>quod</strong></span> <span class='ocrx_word' id='word_1_829' title='bbox 3271 4445 3301 4483; x_wconf 88' lang='lat' dir='ltr'><strong>a</strong></span> <span class='ocrx_word' id='word_1_830' title='bbox 3334 4429 3491 4484; x_wconf 89' lang='lat' dir='ltr'><strong>nobis</strong></span> <span class='ocrx_word' id='word_1_831' title='bbox 3518 4443 3606 4482; x_wconf 86' lang='lat' dir='ltr'><strong>se-</strong></span> 
     </span>
    </p>
   </div>
   <div class='ocr_carea' id='block_1_107' title="bbox 2003 4521 3611 4597">
    <p class='ocr_par' dir='ltr' id='par_1_107' title="bbox 2003 4521 3611 4597">
     <span class='ocr_line' id='line_1_107' title="bbox 2003 4521 3611 4597; baseline -0.004 -18"><span class='ocrx_word' id='word_1_832' title='bbox 2003 4526 2187 4597; x_wconf 83' lang='lat' dir='ltr'><strong>juncta</strong></span> <span class='ocrx_word' id='word_1_833' title='bbox 2209 4526 2305 4592; x_wconf 87' lang='lat' dir='ltr'><strong>sis,</strong></span> <span class='ocrx_word' id='word_1_834' title='bbox 2331 4524 2488 4595; x_wconf 87' lang='lat' dir='ltr'><strong>hujus</strong></span> <span class='ocrx_word' id='word_1_835' title='bbox 2509 4524 2672 4580; x_wconf 86' lang='lat' dir='ltr'><strong>etiam</strong></span> <span class='ocrx_word' id='word_1_836' title='bbox 2701 4524 2778 4579; x_wconf 91' lang='lat' dir='ltr'><strong>rei</strong></span> <span class='ocrx_word' id='word_1_837' title='bbox 2807 4523 2986 4578; x_wconf 71' lang='lat' dir='ltr'><strong>laetum</strong></span> <span class='ocrx_word' id='word_1_838' title='bbox 3021 4521 3180 4576; x_wconf 80' lang='lat' dir='ltr'><strong>tinem</strong></span> <span class='ocrx_word' id='word_1_839' title='bbox 3209 4530 3482 4590; x_wconf 87' lang='lat' dir='ltr'><strong>exspecta.</strong></span> <span class='ocrx_word' id='word_1_840' title='bbox 3517 4523 3611 4574; x_wconf 81' lang='lat' dir='ltr'><strong>At-</strong></span> 
     </span>
    </p>
   </div>
   <div class='ocr_carea' id='block_1_108' title="bbox 2007 4612 3610 4687">
    <p class='ocr_par' dir='ltr' id='par_1_108' title="bbox 2007 4612 3610 4687">
     <span class='ocr_line' id='line_1_108' title="bbox 2007 4612 3610 4687; baseline -0.005 -14"><span class='ocrx_word' id='word_1_841' title='bbox 2007 4636 2110 4687; x_wconf 88' lang='lat' dir='ltr'><strong>que</strong></span> <span class='ocrx_word' id='word_1_842' title='bbox 2151 4619 2254 4675; x_wconf 88' lang='lat' dir='ltr'><strong>hoc</strong></span> <span class='ocrx_word' id='word_1_843' title='bbox 2279 4633 2386 4673; x_wconf 89' lang='lat' dir='ltr'><strong>non</strong></span> <span class='ocrx_word' id='word_1_844' title='bbox 2414 4616 2732 4673; x_wconf 89' lang='lat' dir='ltr'><strong>consolandi</strong></span> <span class='ocrx_word' id='word_1_845' title='bbox 2761 4616 2927 4670; x_wconf 90' lang='lat' dir='ltr'><strong>animi</strong></span> <span class='ocrx_word' id='word_1_846' title='bbox 2958 4615 3032 4669; x_wconf 91' lang='lat' dir='ltr'><strong>tui</strong></span> <span class='ocrx_word' id='word_1_847' title='bbox 3063 4629 3224 4669; x_wconf 89' lang='lat' dir='ltr'><strong>causa</strong></span> <span class='ocrx_word' id='word_1_848' title='bbox 3265 4628 3410 4668; x_wconf 86' lang='lat' dir='ltr'><strong>nunc</strong></span> <span class='ocrx_word' id='word_1_849' title='bbox 3452 4612 3572 4667; x_wconf 90' lang='lat' dir='ltr'><strong>dico</strong></span> <span class='ocrx_word' id='word_1_850' title='bbox 3593 4653 3610 4677; x_wconf 94' lang='lat'><strong>,</strong></span> 
     </span>
    </p>
   </div>
   <div class='ocr_carea' id='block_1_109' title="bbox 2008 4703 3608 4781">
    <p class='ocr_par' dir='ltr' id='par_1_109' title="bbox 2008 4703 3608 4781">
     <span class='ocr_line' id='line_1_109' title="bbox 2008 4703 3608 4781; baseline -0.006 -16"><span class='ocrx_word' id='word_1_851' title='bbox 2008 4711 2104 4766; x_wconf 84' lang='lat' dir='ltr'><strong>sed</strong></span> <span class='ocrx_word' id='word_1_852' title='bbox 2135 4711 2256 4781; x_wconf 86' lang='lat' dir='ltr'><strong>quia</strong></span> <span class='ocrx_word' id='word_1_853' title='bbox 2286 4710 2628 4781; x_wconf 83' lang='lat' dir='ltr'><strong>exploratum</strong></span> <span class='ocrx_word' id='word_1_854' title='bbox 2659 4707 2788 4762; x_wconf 90' lang='lat' dir='ltr'><strong>mibi</strong></span> <span class='ocrx_word' id='word_1_855' title='bbox 2827 4715 2910 4762; x_wconf 92' lang='lat' dir='ltr'><strong>est</strong></span> <span class='ocrx_word' id='word_1_856' title='bbox 2937 4706 3009 4761; x_wconf 85' lang='lat' dir='ltr'><strong>ita</strong></span> <span class='ocrx_word' id='word_1_857' title='bbox 3052 4704 3186 4760; x_wconf 88' lang='lat' dir='ltr'><strong>fore.</strong></span> <span class='ocrx_word' id='word_1_858' title='bbox 3228 4704 3360 4759; x_wconf 86' lang='lat' dir='ltr'><strong>Nam</strong></span> <span class='ocrx_word' id='word_1_859' title='bbox 3392 4703 3494 4758; x_wconf 86' lang='lat' dir='ltr'><strong>nisi</strong></span> <span class='ocrx_word' id='word_1_860' title='bbox 3537 4703 3608 4757; x_wconf 82' lang='lat' dir='ltr'><strong>ita</strong></span> 
     </span>
    </p>
   </div>
   <div class='ocr_carea' id='block_1_110' title="bbox 2013 4795 3614 4871">
    <p class='ocr_par' dir='ltr' id='par_1_110' title="bbox 2013 4795 3614 4871">
     <span class='ocr_line' id='line_1_110' title="bbox 2013 4795 3614 4871; baseline -0.005 -13"><span class='ocrx_word' id='word_1_861' title='bbox 2013 4803 2246 4858; x_wconf 83' lang='lat' dir='ltr'><strong>futurum</strong></span> <span class='ocrx_word' id='word_1_862' title='bbox 2274 4811 2440 4868; x_wconf 87' lang='lat' dir='ltr'><strong>esset,</strong></span> <span class='ocrx_word' id='word_1_863' title='bbox 2462 4801 2805 4871; x_wconf 83' lang='lat' dir='ltr'><strong>jampridem,</strong></span> <span class='ocrx_word' id='word_1_864' title='bbox 2838 4801 2938 4853; x_wconf 88' lang='lat' dir='ltr'><strong>nisi</strong></span> <span class='ocrx_word' id='word_1_865' title='bbox 2963 4814 3046 4852; x_wconf 90' lang='lat' dir='ltr'><strong>me</strong></span> <span class='ocrx_word' id='word_1_866' title='bbox 3062 4797 3244 4867; x_wconf 90' lang='lat' dir='ltr'><strong>opinio</strong></span> <span class='ocrx_word' id='word_1_867' title='bbox 3266 4795 3418 4861; x_wconf 88' lang='lat' dir='ltr'><strong>fallit,</strong></span> <span class='ocrx_word' id='word_1_868' title='bbox 3440 4812 3614 4866; x_wconf 86' lang='lat' dir='ltr'><strong>quan-</strong></span> 
     </span>
    </p>
   </div>
   <div class='ocr_carea' id='block_1_111' title="bbox 2013 4889 3615 4966">
    <p class='ocr_par' dir='ltr' id='par_1_111' title="bbox 2013 4889 3615 4966">
     <span class='ocr_line' id='line_1_111' title="bbox 2013 4889 3615 4966; baseline -0.007 -18"><span class='ocrx_word' id='word_1_869' title='bbox 2013 4904 2122 4949; x_wconf 90' lang='lat' dir='ltr'><strong>tum</strong></span> <span class='ocrx_word' id='word_1_870' title='bbox 2150 4895 2368 4966; x_wconf 86' lang='lat' dir='ltr'><strong>quidem</strong></span> <span class='ocrx_word' id='word_1_871' title='bbox 2394 4893 2462 4947; x_wconf 88' lang='lat' dir='ltr'><strong>ad</strong></span> <span class='ocrx_word' id='word_1_872' title='bbox 2492 4893 2666 4947; x_wconf 90' lang='lat' dir='ltr'><strong>illatas</strong></span> <span class='ocrx_word' id='word_1_873' title='bbox 2695 4891 2828 4945; x_wconf 88' lang='lat' dir='ltr'><strong>mihi</strong></span> <span class='ocrx_word' id='word_1_874' title='bbox 2853 4891 3186 4944; x_wconf 88' lang='lat' dir='ltr'><strong>calamitates</strong></span> <span class='ocrx_word' id='word_1_875' title='bbox 3213 4889 3424 4952; x_wconf 83' lang='lat' dir='ltr'><strong>attinet,</strong></span> <span class='ocrx_word' id='word_1_876' title='bbox 3451 4901 3482 4940; x_wconf 93' lang='lat' dir='ltr'><strong>e</strong></span> <span class='ocrx_word' id='word_1_877' title='bbox 3511 4889 3615 4939; x_wconf 74' lang='lat' dir='ltr'><strong>vita</strong></span> 
     </span>
    </p>
   </div>
   <div class='ocr_carea' id='block_1_112' title="bbox 2013 4978 3616 5051">
    <p class='ocr_par' dir='ltr' id='par_1_112' title="bbox 2013 4978 3616 5051">
     <span class='ocr_line' id='line_1_112' title="bbox 2013 4978 3616 5051; baseline -0.006 -9"><span class='ocrx_word' id='word_1_878' title='bbox 2013 4987 2322 5042; x_wconf 87' lang='lat' dir='ltr'><strong>cessissem.</strong></span> <span class='ocrx_word' id='word_1_879' title='bbox 2349 4984 2420 5041; x_wconf 88' lang='lat' dir='ltr'><strong>Ut</strong></span> <span class='ocrx_word' id='word_1_880' title='bbox 2445 4986 2588 5040; x_wconf 90' lang='lat' dir='ltr'><strong>enim</strong></span> <span class='ocrx_word' id='word_1_881' title='bbox 2621 4983 2781 5040; x_wconf 88' lang='lat' dir='ltr'><strong>etiam</strong></span> <span class='ocrx_word' id='word_1_882' title='bbox 2807 4983 2986 5036; x_wconf 90' lang='lat' dir='ltr'><strong>omnia</strong></span> <span class='ocrx_word' id='word_1_883' title='bbox 3013 4995 3132 5051; x_wconf 73' lang='lat' dir='ltr'><strong>qua:</strong></span> <span class='ocrx_word' id='word_1_884' title='bbox 3152 4978 3616 5048; x_wconf 89' lang='lat' dir='ltr'><strong>Constantinopoli</strong></span> 
     </span>
    </p>
   </div>
   <div class='ocr_carea' id='block_1_113' title="bbox 2015 5079 3619 5149">
    <p class='ocr_par' dir='ltr' id='par_1_113' title="bbox 2015 5079 3619 5149">
     <span class='ocr_line' id='line_1_113' title="bbox 2015 5079 3619 5149; baseline -0.005 -15"><span class='ocrx_word' id='word_1_885' title='bbox 2015 5093 2301 5149; x_wconf 87' lang='lat' dir='ltr'><strong>perpessus</strong></span> <span class='ocrx_word' id='word_1_886' title='bbox 2340 5093 2483 5144; x_wconf 90' lang='lat' dir='ltr'><strong>sum,</strong></span> <span class='ocrx_word' id='word_1_887' title='bbox 2517 5087 2853 5148; x_wconf 58' lang='lat' dir='ltr'><strong>prxtcream,</strong></span> <span class='ocrx_word' id='word_1_888' title='bbox 2893 5081 3116 5143; x_wconf 90' lang='lat' dir='ltr'><strong>quanta,</strong></span> <span class='ocrx_word' id='word_1_889' title='bbox 3161 5079 3510 5140; x_wconf 87' lang='lat' dir='ltr'><strong>posteaquam</strong></span> <span class='ocrx_word' id='word_1_890' title='bbox 3551 5085 3619 5126; x_wconf 86' lang='lat' dir='ltr'><strong>ex</strong></span> 
     </span>
    </p>
   </div>
   <div class='ocr_carea' id='block_1_114' title="bbox 2014 5164 3616 5239">
    <p class='ocr_par' dir='ltr' id='par_1_114' title="bbox 2014 5164 3616 5239">
     <span class='ocr_line' id='line_1_114' title="bbox 2014 5164 3616 5239; baseline -0.009 -11"><span class='ocrx_word' id='word_1_891' title='bbox 2014 5173 2147 5228; x_wconf 89' lang='lat' dir='ltr'><strong>urbe</strong></span> <span class='ocrx_word' id='word_1_892' title='bbox 2167 5172 2398 5238; x_wconf 85' lang='lat' dir='ltr'><strong>excessi,</strong></span> <span class='ocrx_word' id='word_1_893' title='bbox 2441 5172 2496 5226; x_wconf 86' lang='lat' dir='ltr'><strong>in</strong></span> <span class='ocrx_word' id='word_1_894' title='bbox 2529 5181 2636 5224; x_wconf 89' lang='lat' dir='ltr'><strong>tam</strong></span> <span class='ocrx_word' id='word_1_895' title='bbox 2663 5169 2823 5239; x_wconf 89' lang='lat' dir='ltr'><strong>longo</strong></span> <span class='ocrx_word' id='word_1_896' title='bbox 2849 5182 2911 5221; x_wconf 90' lang='lat' dir='ltr'><strong>ac</strong></span> <span class='ocrx_word' id='word_1_897' title='bbox 2940 5165 3170 5220; x_wconf 89' lang='lat' dir='ltr'><strong>molesto</strong></span> <span class='ocrx_word' id='word_1_898' title='bbox 3210 5164 3399 5218; x_wconf 89' lang='lat' dir='ltr'><strong>itinere</strong></span> <span class='ocrx_word' id='word_1_899' title='bbox 3428 5174 3616 5232; x_wconf 88' lang='lat' dir='ltr'><strong>pertu-</strong></span> 
     </span>
    </p>
   </div>
   <div class='ocr_carea' id='block_1_115' title="bbox 2018 5255 3619 5334">
    <p class='ocr_par' dir='ltr' id='par_1_115' title="bbox 2018 5255 3619 5334">
     <span class='ocr_line' id='line_1_115' title="bbox 2018 5255 3619 5334; baseline -0.009 -15"><span class='ocrx_word' id='word_1_900' title='bbox 2018 5265 2204 5329; x_wconf 90' lang='lat' dir='ltr'><strong>lerim;</strong></span> <span class='ocrx_word' id='word_1_901' title='bbox 2259 5278 2488 5334; x_wconf 90' lang='lat' dir='ltr'><strong>quorum</strong></span> <span class='ocrx_word' id='word_1_902' title='bbox 2533 5263 2700 5316; x_wconf 87' lang='lat' dir='ltr'><strong>multa</strong></span> <span class='ocrx_word' id='word_1_903' title='bbox 2745 5269 2901 5314; x_wconf 89' lang='lat' dir='ltr'><strong>erant</strong></span> <span class='ocrx_word' id='word_1_904' title='bbox 2946 5255 3234 5328; x_wconf 84' lang='lat' dir='ltr'><strong>ejusmodi,</strong></span> <span class='ocrx_word' id='word_1_905' title='bbox 3279 5264 3339 5309; x_wconf 90' lang='lat' dir='ltr'><strong>ut</strong></span> <span class='ocrx_word' id='word_1_906' title='bbox 3389 5265 3619 5308; x_wconf 88' lang='lat' dir='ltr'><strong>mortem</strong></span> 
     </span>
    </p>
   </div>
   <div class='ocr_carea' id='block_1_116' title="bbox 2015 5345 3620 5426">
    <p class='ocr_par' dir='ltr' id='par_1_116' title="bbox 2015 5345 3620 5426">
     <span class='ocr_line' id='line_1_116' title="bbox 2015 5345 3620 5426; baseline -0.007 -16"><span class='ocrx_word' id='word_1_907' title='bbox 2015 5357 2208 5412; x_wconf 77' lang='lat' dir='ltr'><strong>afferre</strong></span> <span class='ocrx_word' id='word_1_908' title='bbox 2238 5365 2492 5426; x_wconf 84' lang='lat' dir='ltr'><strong>possent;</strong></span> <span class='ocrx_word' id='word_1_909' title='bbox 2539 5361 2736 5424; x_wconf 88' lang='lat' dir='ltr'><strong>quanta</strong></span> <span class='ocrx_word' id='word_1_910' title='bbox 2766 5360 3049 5421; x_wconf 87' lang='lat' dir='ltr'><strong>postquam</strong></span> <span class='ocrx_word' id='word_1_911' title='bbox 3098 5347 3202 5401; x_wconf 89' lang='lat' dir='ltr'><strong>huc</strong></span> <span class='ocrx_word' id='word_1_912' title='bbox 3228 5345 3372 5410; x_wconf 83' lang='lat' dir='ltr'><strong>veni,</strong></span> <span class='ocrx_word' id='word_1_913' title='bbox 3423 5355 3620 5414; x_wconf 82' lang='lat' dir='ltr'><strong>quanta</strong></span> 
     </span>
    </p>
   </div>
   <div class='ocr_carea' id='block_1_117' title="bbox 2017 5439 3615 5518">
    <p class='ocr_par' dir='ltr' id='par_1_117' title="bbox 2017 5439 3615 5518">
     <span class='ocr_line' id='line_1_117' title="bbox 2017 5439 3615 5518; baseline -0.008 -16"><span class='ocrx_word' id='word_1_914' title='bbox 2017 5459 2300 5518; x_wconf 87' lang='lat' dir='ltr'><strong>postquam</strong></span> <span class='ocrx_word' id='word_1_915' title='bbox 2329 5447 2542 5500; x_wconf 84' lang='lat' dir='ltr'><strong>Cncuso</strong></span> <span class='ocrx_word' id='word_1_916' title='bbox 2573 5443 2816 5514; x_wconf 86' lang='lat' dir='ltr'><strong>migravi,</strong></span> <span class='ocrx_word' id='word_1_917' title='bbox 2844 5449 3045 5513; x_wconf 88' lang='lat' dir='ltr'><strong>quanta</strong></span> <span class='ocrx_word' id='word_1_918' title='bbox 3072 5439 3304 5508; x_wconf 86' lang='lat' dir='ltr'><strong>denique</strong></span> <span class='ocrx_word' id='word_1_919' title='bbox 3333 5449 3615 5507; x_wconf 86' lang='lat' dir='ltr'><strong>postquam</strong></span> 
     </span>
    </p>
   </div>
   <div class='ocr_carea' id='block_1_118' title="bbox 2020 5529 3621 5602">
    <p class='ocr_par' dir='ltr' id='par_1_118' title="bbox 2020 5529 3621 5602">
     <span class='ocr_line' id='line_1_118' title="bbox 2020 5529 3621 5602; baseline -0.007 -7"><span class='ocrx_word' id='word_1_920' title='bbox 2020 5540 2258 5595; x_wconf 82' lang='lat' dir='ltr'><strong>Arabissi</strong></span> <span class='ocrx_word' id='word_1_921' title='bbox 2306 5546 2675 5593; x_wconf 80' lang='lat' dir='ltr'><strong>commoratus</strong></span> <span class='ocrx_word' id='word_1_922' title='bbox 2715 5550 2858 5601; x_wconf 90' lang='lat' dir='ltr'><strong>sum,</strong></span> <span class='ocrx_word' id='word_1_923' title='bbox 2907 5529 3206 5602; x_wconf 84' lang='lat' dir='ltr'><strong>intelligere</strong></span> <span class='ocrx_word' id='word_1_924' title='bbox 3243 5531 3335 5585; x_wconf 90' lang='lat' dir='ltr'><strong>tibi</strong></span> <span class='ocrx_word' id='word_1_925' title='bbox 3379 5531 3522 5584; x_wconf 90' lang='lat' dir='ltr'><strong>licet.</strong></span> <span class='ocrx_word' id='word_1_926' title='bbox 3554 5531 3621 5584; x_wconf 79' lang='lat' dir='ltr'><strong>At</strong></span> 
     </span>
    </p>
   </div>
   <div class='ocr_carea' id='block_1_119' title="bbox 2022 5621 3620 5697">
    <p class='ocr_par' dir='ltr' id='par_1_119' title="bbox 2022 5621 3620 5697">
     <span class='ocr_line' id='line_1_119' title="bbox 2022 5621 3620 5697; baseline -0.006 -15"><span class='ocrx_word' id='word_1_927' title='bbox 2022 5630 2137 5684; x_wconf 77' lang='lat' dir='ltr'><strong>lucc</strong></span> <span class='ocrx_word' id='word_1_928' title='bbox 2164 5631 2340 5684; x_wconf 70' lang='lat' dir='ltr'><strong>omnia</strong></span> <span class='ocrx_word' id='word_1_929' title='bbox 2381 5627 2686 5697; x_wconf 81' lang='lat' dir='ltr'><strong>ell&#39;ugimus,</strong></span> <span class='ocrx_word' id='word_1_930' title='bbox 2737 5642 2801 5681; x_wconf 90' lang='lat' dir='ltr'><strong>ac</strong></span> <span class='ocrx_word' id='word_1_931' title='bbox 2847 5641 2990 5680; x_wconf 88' lang='lat' dir='ltr'><strong>nunc</strong></span> <span class='ocrx_word' id='word_1_932' title='bbox 3021 5621 3398 5694; x_wconf 84' lang='lat' dir='ltr'><strong>percommoda</strong></span> <span class='ocrx_word' id='word_1_933' title='bbox 3422 5623 3620 5677; x_wconf 72' lang='lat' dir='ltr'><strong>valetu-</strong></span> 
     </span>
    </p>
   </div>
   <div class='ocr_carea' id='block_1_120' title="bbox 2021 5715 3626 5790">
    <p class='ocr_par' dir='ltr' id='par_1_120' title="bbox 2021 5715 3626 5790">
     <span class='ocr_line' id='line_1_120' title="bbox 2021 5715 3626 5790; baseline -0.003 -16"><span class='ocrx_word' id='word_1_934' title='bbox 2021 5723 2147 5777; x_wconf 85' lang='lat' dir='ltr'><strong>dinc</strong></span> <span class='ocrx_word' id='word_1_935' title='bbox 2175 5722 2396 5786; x_wconf 86' lang='lat' dir='ltr'><strong>utimur,</strong></span> <span class='ocrx_word' id='word_1_936' title='bbox 2422 5729 2584 5790; x_wconf 90' lang='lat' dir='ltr'><strong>atque</strong></span> <span class='ocrx_word' id='word_1_937' title='bbox 2611 5720 2662 5773; x_wconf 88' lang='lat' dir='ltr'><strong>in</strong></span> <span class='ocrx_word' id='word_1_938' title='bbox 2699 5732 2891 5789; x_wconf 83' lang='lat' dir='ltr'><strong>magna</strong></span> <span class='ocrx_word' id='word_1_939' title='bbox 2917 5717 3205 5772; x_wconf 90' lang='lat' dir='ltr'><strong>securitate</strong></span> <span class='ocrx_word' id='word_1_940' title='bbox 3233 5730 3458 5770; x_wconf 89' lang='lat' dir='ltr'><strong>sumus:</strong></span> <span class='ocrx_word' id='word_1_941' title='bbox 3491 5715 3626 5769; x_wconf 75' lang='lat' dir='ltr'><strong>atlco</strong></span> 
     </span>
    </p>
   </div>
   <div class='ocr_carea' id='block_1_121' title="bbox 2025 5810 3627 5883">
    <p class='ocr_par' dir='ltr' id='par_1_121' title="bbox 2025 5810 3627 5883">
     <span class='ocr_line' id='line_1_121' title="bbox 2025 5810 3627 5883; baseline -0.003 -15"><span class='ocrx_word' id='word_1_942' title='bbox 2025 5823 2077 5868; x_wconf 93' lang='lat' dir='ltr'><strong>ut</strong></span> <span class='ocrx_word' id='word_1_943' title='bbox 2107 5813 2343 5868; x_wconf 85' lang='lat' dir='ltr'><strong>Armenii</strong></span> <span class='ocrx_word' id='word_1_944' title='bbox 2376 5811 2440 5867; x_wconf 79' lang='lat' dir='ltr'><strong>ad</strong></span> <span class='ocrx_word' id='word_1_945' title='bbox 2481 5822 2753 5883; x_wconf 78' lang='lat' dir='ltr'><strong>stuporem</strong></span> <span class='ocrx_word' id='word_1_946' title='bbox 2793 5823 2961 5882; x_wconf 77' lang='lat' dir='ltr'><strong>usque</strong></span> <span class='ocrx_word' id='word_1_947' title='bbox 3009 5810 3290 5877; x_wconf 83' lang='lat' dir='ltr'><strong>mirentur,</strong></span> <span class='ocrx_word' id='word_1_948' title='bbox 3325 5823 3411 5866; x_wconf 90' lang='lat' dir='ltr'><strong>mc</strong></span> <span class='ocrx_word' id='word_1_949' title='bbox 3438 5810 3489 5864; x_wconf 94' lang='lat' dir='ltr'><strong>iu</strong></span> <span class='ocrx_word' id='word_1_950' title='bbox 3521 5819 3627 5863; x_wconf 84' lang='lat' dir='ltr'><strong>tam</strong></span> 
     </span>
    </p>
   </div>
  </div>
