4078 6432
482 360 583 412 505

481 471 724 526 imber-illi
755 480 806 525 et
832 471 1010 540 gracili
1039 486 1263 540 corpore
1291 481 1394 526 tam
1425 473 1806 530 intolerandam
1837 474 2051 543 frigoris

484 563 586 614 vim
628 561 880 629 perferre,
907 576 966 614 ac
993 562 1234 630 spiritum
1263 562 1454 617 ducere
1483 578 1659 632 posse,
1692 579 1810 618 cum
1837 563 1870 615 ii
1892 563 2052 616 etiam

483 655 570 722 qui
599 652 758 706 hiemi
786 656 978 706 assueti
1009 663 1151 717 sunt,
1185 654 1306 707 hinc
1327 670 1431 708 non
1461 655 1730 724 vulgarem
1760 655 1810 707 in
1838 653 2051 707 modum

483 741 796 796 afﬁciantur.
828 745 896 796 At
936 757 1033 798 nos
1063 744 1128 797 ad
1173 743 1311 799 hunc
1352 760 1515 814 usque
1544 745 1683 802 diem
1713 746 1859 800 illaesi
1897 754 2055 813 atque

477 834 776 904 incolumes
823 834 1149 888 mansimus:
1197 845 1249 890 et
1287 835 1596 906 prmdonum
1644 851 1828 891 manus
1866 837 2054 905 effugi-

485 939 621 986 mus,
649 924 736 994 qui
765 939 906 993 saepe
931 926 980 978 iu
1011 941 1107 979 nos
1129 926 1380 995 impetum
1405 926 1658 988 fecerunt,
1686 936 1740 981 et
1764 943 1940 981 rerum
1968 941 2058 979 ne—

485 1017 836 1070 cessariarum
878 1017 1052 1084 inopia
1083 1016 1402 1084 laboramus,
1431 1033 1493 1071 ac
1518 1034 1585 1071 ne
1626 1018 1814 1072 balneo
1843 1018 2055 1088 quidem

488 1107 560 1160 uti
593 1107 744 1161 nobis
767 1107 907 1162 licet.
940 1109 1118 1176 Atqui,
1149 1123 1266 1162 cum
1299 1108 1415 1162 istic
1450 1107 1781 1178 degeremus.
1814 1123 1879 1164 eo
1906 1109 2059 1162 nobis

485 1197 696 1251 assidue
723 1212 856 1266 opus
881 1207 994 1251 erat
1019 1215 1032 1250 :
1064 1215 1203 1252 nunc
1227 1210 1400 1253 autem
1425 1200 1475 1254 in
1514 1216 1635 1254 eum
1663 1209 1854 1266 statum
1903 1210 2059 1267 atque

488 1286 720 1340 habitum
761 1287 1045 1351 evasimus,
1095 1297 1154 1342 ut
1193 1305 1257 1342 ne
1297 1289 1596 1358 hujusmodi
1625 1289 1839 1360 quidem
1887 1290 2057 1344 solatii

487 1379 775 1448 cupiditate
804 1389 1099 1445 teneamur,
1131 1396 1310 1435 verum
1338 1381 1592 1448 majorem
1621 1383 1896 1435 sanitatem
1928 1396 2058 1436 cou-

487 1471 694 1540 sequuti
723 1473 916 1535 simus,
943 1486 1098 1541 quam
1125 1480 1181 1524 ut
1204 1471 1328 1526 illud
1352 1471 1604 1527 adhibere
1631 1487 1848 1527 necesse
1870 1473 2061 1527 habea-

490 1574 629 1615 mus.
660 1562 733 1614 Ac
756 1575 852 1616 nec
879 1561 994 1615 czeli
1025 1561 1362 1630 intemperies
1381 1604 1395 1626 ,
1423 1578 1520 1617 nec
1543 1563 1779 1618 locorum
1809 1563 2058 1628 solitudo,

491 1668 589 1705 nec
633 1668 810 1706 rerum
842 1653 1100 1708 venalium
1132 1654 1402 1723 angustia,
1438 1670 1534 1708 nec
1569 1671 1773 1718 eorum,
1815 1670 1844 1708 a
1873 1655 2063 1725 quibus

488 1758 756 1807 curemur,
789 1735 983 1812 inopia,
1009 1758 1104 1796 nec
1126 1743 1447 1798 medicorum
1471 1745 1699 1811 inscitia,
1725 1761 1823 1800 nec
1848 1744 2064 1799 balneo-

491 1849 606 1888 rum
630 1835 866 1903 penuria,
897 1849 996 1888 nec
1018 1832 1158 1904 quod
1186 1845 1437 1904 perpetuo
1459 1836 1509 1890 in
1534 1835 1776 1891 cubiculo
1799 1845 2062 1905 tamquam

489 1927 755 1996 ergastulo
779 1925 942 1981 clausi
970 1936 1263 1991 teneantur,
1284 1941 1380 1981 nec
1403 1927 1542 1997 quod
1567 1928 1812 1998 progredi
1835 1942 2067 1998 nequea-

491 2032 642 2082 mus;
666 2019 804 2087 quod
832 2018 1044 2089 quidem
1070 2019 1222 2074 nobis
1246 2019 1458 2075 assidue
1485 2020 1657 2076 facere
1679 2036 1898 2076 necesse
1918 2029 2064 2084 erat;

493 2123 590 2162 nec
613 2108 754 2178 quod
794 2123 1004 2178 semper
1048 2125 1167 2164 cum
1212 2109 1357 2164 fumo
1397 2119 1556 2178 atque
1597 2114 1718 2181 igne
1743 2111 1931 2179 simus,
1969 2125 2067 2166 nec

491 2198 800 2268 prtedonum
832 2208 1023 2264 metus,
1056 2214 1153 2254 nec
1177 2209 1427 2271 perpetua
1453 2200 1678 2264 obsidio,
1711 2215 1810 2254 nec
1837 2199 2067 2269 denique

491 2289 774 2358 quidquam
816 2290 954 2345 aliud
998 2290 1298 2360 huiusmodi
1339 2307 1437 2345 nos
1468 2290 1619 2360 fregit
1659 2305 1721 2346 ac
1757 2294 2063 2358 superavit:

495 2395 679 2434 verum
721 2381 910 2436 melius
938 2383 1392 2452 commodiusque,
1424 2398 1578 2453 quam
1607 2399 1726 2438 cum
1760 2384 1877 2438 istic
1917 2399 2065 2438 esse-

493 2486 643 2536 mus,
691 2472 920 2528 adhibita
968 2483 1142 2529 tamen
1195 2476 1391 2546 ingenti
1439 2491 1599 2539 cura.
1638 2477 1902 2532 valemus.
1944 2476 2070 2532 Hcce

492 2562 649 2630 igitur
685 2563 862 2617 omnia
911 2571 1082 2618 tecum
1126 2575 1394 2634 reputans,
1437 2581 1741 2628 mmrorem,
1773 2567 1862 2636 qui
1891 2567 1971 2620 his
1999 2567 2068 2622 de

491 2653 664 2705 causis
690 2668 829 2708 nunc
858 2661 910 2708 te
939 2660 1114 2719 tenet,
1147 2656 1405 2724 propelle,
1435 2671 1534 2710 nec
1562 2671 1983 2725 supervacaneas
2015 2666 2068 2711 et

491 2757 680 2811 graves
725 2759 751 2794 a
781 2752 833 2797 te
861 2743 973 2812 ipsa
1016 2759 1202 2812 pinnas
1243 2745 1412 2816 exige.
1457 2745 1604 2800 Mitto
1642 2746 1707 2799 ad
1750 2756 1799 2800 te
1835 2746 1884 2800 id
1925 2747 2067 2816 quod

493 2847 662 2902 nuper
703 2833 868 2887 literis
907 2835 1148 2888 mandavi
1187 2835 1280 2905 (a),
1325 2851 1515 2905 nempe
1556 2850 1677 2891 eum
1722 2837 1810 2904 qui
1837 2837 2066 2904 scipsum

495 2938 600 2975 non
651 2921 863 2984 laeserit,
913 2938 942 2975 a
971 2924 1181 2978 nemine
1211 2925 1314 2978 alio
1351 2925 1470 2979 laedi
1504 2940 1687 2994 posse:
1731 2926 1831 2980 hoc
1875 2928 2070 2995 quippe

494 3014 782 3079 contendit,
815 3023 974 3084 atque
997 3015 1050 3069 in
1076 3031 1142 3070 eo
1166 3017 1402 3072 elaborat
1431 3033 1492 3073 ea
1519 3019 1718 3084 oratio,
1750 3035 1906 3088 quam
1931 3034 2070 3074 nunc

493 3105 559 3160 sd
592 3115 642 3159 te
678 3106 846 3161 mitto.
875 3105 1048 3173 Quare
1089 3108 1170 3164 fac
1205 3124 1322 3164 eam
1368 3109 1579 3164 assidue
1622 3109 1923 3179 pervolvas,
1960 3111 2069 3166 imo

494 3198 674 3260 etiam,
727 3198 771 3251 si
827 3213 923 3268 per
971 3199 1322 3255 valetudinem
1363 3201 1505 3266 licet,
1560 3201 1771 3256 recites.
1822 3199 1876 3256 ld
1926 3202 2068 3258 enim

496 3286 854 3355 pltarmacum,
883 3290 927 3343 si
952 3289 1161 3358 quidem
1192 3290 1438 3356 volueris,
1478 3290 1570 3346 tibi
1600 3291 1812 3346 sufficit.
1855 3291 1948 3346 Sin
1975 3308 2071 3346 au-

496 3390 602 3433 tem
649 3380 800 3434 nobis
847 3382 1160 3450 pertinacius
1198 3383 1502 3448 oblucteris,
1536 3398 1598 3438 ac
1637 3399 1808 3453 neque
1847 3384 2067 3453 teipsam

495 3484 672 3537 cures,
712 3486 828 3537 nec,
859 3473 1097 3540 quamvis
1136 3472 1438 3528 innumeras
1477 3473 1865 3528 admonitiones
1902 3483 1955 3528 et
1980 3489 2071 3528 co-

498 3561 824 3615 hortationes
865 3570 1058 3630 prmsto
1095 3561 1309 3628 habeas,
1353 3579 1384 3618 e
1424 3563 1667 3618 mteroris
1708 3573 1882 3618 tamen
1915 3579 2070 3619 caeno

497 3667 769 3721 emergere
801 3651 1033 3707 animum
1075 3653 1329 3709 inducas:
1375 3669 1473 3710 nos
1514 3670 1721 3725 quoque
1751 3655 1887 3709 haud
1919 3654 2071 3710 facile

498 3743 589 3796 tibi
622 3758 821 3797 morem
850 3759 1118 3813 geremus,
1148 3760 1319 3814 neque
1360 3745 1684 3800 adducentur
1713 3754 1770 3800 ut
1807 3746 1989 3816 longas
2018 3758 2070 3801 et

497 3833 711 3887 crebras
735 3833 983 3902 epistolas
1013 3833 1302 3901 mittamus,
1322 3834 1366 3889 si
1392 3834 1521 3889 nihil
1543 3837 1610 3889 ad
1637 3837 1798 3889 animi
1821 3836 2070 3890 alacrita-

501 3933 605 3978 tem
635 3922 756 3977 hinc
778 3922 978 3977 fructus
1005 3932 1162 3992 atque
1187 3924 1427 3978 utilitatis
1457 3935 1769 3992 perceptura
1805 3940 1884 3978 es.
1923 3925 2070 3991 Qun-

499 4027 620 4066 nam
648 4012 807 4082 igitur
826 4023 976 4083 pacto
1001 4013 1051 4068 id
1077 4013 1343 4069 sciemus?
1367 4013 1483 4068 Non
1509 4015 1552 4067 si
1574 4013 1792 4077 dixeris,
1815 4014 1907 4069 sed
1931 4015 1972 4068 si
2005 4030 2072 4067 ex

499 4102 656 4157 rebus
693 4102 823 4171 ipsis
859 4103 1176 4169 declararis,
1215 4104 1642 4173 quandoquidem
1683 4119 1822 4158 nunc
1859 4119 2072 4173 quoque

500 4193 599 4246 hoc
618 4193 960 4257 confirmasti,
988 4191 1116 4246 nihil
1144 4192 1283 4247 aliud
1311 4208 1467 4262 quam
1497 4208 1778 4248 mmrorem
1813 4192 1951 4247 hunc
1980 4193 2069 4248 tibi

498 4284 742 4338 morbum
757 4283 1086 4341 conflavisse.
1109 4285 1368 4355 Quoniam
1397 4286 1552 4355 igitur
1569 4285 1672 4340 hoc
1690 4286 1798 4356 ipsa
1827 4285 2068 4340 confessa

497 4388 576 4438 es,
611 4375 712 4428 nisi
752 4376 937 4429 morbo
983 4376 1243 4442 libereris,
1289 4377 1506 4430 minime
1536 4375 1688 4430 nobis
1719 4376 1877 4431 fidem
1909 4377 2072 4431 facies

499 4476 551 4519 te
575 4467 733 4520 animi
779 4482 1059 4522 maerorem
1101 4468 1388 4537 depulisse.
1430 4468 1561 4522 Nam
1601 4483 1719 4522 eum
1757 4467 1841 4522 hic
1879 4471 1968 4533 sit,
2017 4480 2075 4522 ut

499 4559 723 4624 ipsemet
749 4558 1022 4626 scripsisti,
1055 4558 1142 4627 qiti
1169 4560 1409 4613 morbum
1432 4568 1688 4623 accersat,
1719 4573 1820 4612 non
1843 4567 1924 4613 est
1953 4575 2074 4628 pro-

501 4652 639 4704 fecto
677 4649 911 4713 dubium,
957 4651 1082 4718 quin
1129 4664 1194 4704 eo
1239 4651 1445 4703 sublato
1492 4650 1708 4703 morbus
1753 4665 1963 4719 quoque
2005 4649 2074 4705 de

506 4739 678 4793 medio
716 4738 948 4805 tollatur,
994 4739 1282 4809 evulsaque
1323 4740 1524 4793 radice-
1551 4754 1650 4792 una
1699 4742 1857 4794 etiam
1911 4740 2074 4808 ipsius

503 4834 632 4886 rami
670 4841 903 4901 pereant.
942 4832 1073 4888 Nam
1103 4832 1350 4902 quamdiu
1382 4832 1572 4887 florere
1609 4847 1682 4900 ac
1718 4836 1927 4904 vigere,
1958 4833 2072 4889 fru-

501 4932 767 4992 ctumque,
791 4939 946 4993 quem
974 4924 1190 4977 minime
1221 4937 1315 4992 par
1341 4923 1429 4987 sit,
1447 4923 1685 4992 proferre
1716 4925 2082 4993 perstiterint,

504 5015 554 5068 id
586 5015 738 5069 nobis
781 5014 1086 5083 persuaderi
1118 5029 1221 5067 non
1251 5015 1462 5082 poterit,
1498 5023 1548 5068 te
1576 5013 1755 5068 radice
1799 5015 2071 5069 liberatam

504 5121 642 5162 esse.
675 5105 950 5172 Quocirca,
981 5121 1047 5160 ne
1071 5105 1200 5159 mihi
1228 5105 1406 5170 verba,
1434 5104 1528 5158 sed
1556 5119 1642 5158 res
1665 5104 1918 5158 05tendc:
1945 5120 2008 5159 ac
2031 5107 2076 5160 si

504 5197 778 5250 sanitatem
810 5195 1117 5260 obtinueris,
1163 5193 1342 5248 literas
1385 5208 1618 5261 rursum,
1660 5209 1778 5263 qua:
1822 5195 2076 5250 orationis

503 5285 718 5340 modum
740 5285 1014 5349 excedant,
1043 5285 1108 5339 ad
1137 5294 1185 5339 te
1211 5285 1344 5339 mitti
1372 5285 1591 5340 videbis.
1617 5283 1726 5339 Nec
1753 5300 1880 5340 vero
1906 5286 2074 5340 levem

506 5381 638 5433 hanc
666 5379 1078 5434 consolationem
1108 5379 1409 5433 existimare
1438 5379 1621 5444 debes,
1662 5379 1800 5446 quod
1829 5382 2073 5448 vivimus,

504 5473 642 5541 quod
671 5473 927 5538 valemus,
963 5471 1125 5542 quod,
1156 5486 1274 5526 cum
1313 5472 1364 5524 in
1393 5473 1550 5527 tantis
1583 5488 1759 5526 rerum
1791 5472 2074 5528 difficulta-

505 5565 642 5619 tibus
684 5565 1027 5620 ac-molestiis
1052 5578 1349 5630 versemur,
1394 5580 1423 5618 a
1473 5564 1660 5619 morbo
1685 5573 1858 5620 tamen
1903 5576 1954 5620 et
1977 5566 2065 5619 ad-

503 5671 648 5708 \ersa
691 5653 984 5708 valetudine
1022 5653 1172 5708 liberi
1218 5667 1432 5708 sumus:
1462 5653 1602 5723 quod
1639 5654 1850 5722 quidem
1897 5655 2076 5712 hostes

568 5770 634 5816 (sit
676 5767 828 5826 Liber,
854 5767 980 5826 quod
1005 5779 1138 5816 nemo
1162 5765 1354 5819 (reditur
1384 5764 1472 5818 nisi
1495 5781 1523 5816 α
1545 5765 1696 5830 δι’ἱινδυ

1181 359 1238 414 S.
1276 359 1551 416 JOANNIS
1589 360 2060 418 CllRYSOSTOMI
2099 359 2413 414 ARCIIIEP.
2457 360 2987 416 (IONSTANIIXOP.

3631 360 3737 415 595

2162 485 2390 538 nostros,
2420 485 2476 529 ut
2515 476 2770 543 comperi,
2804 490 2907 527 non
2940 471 3192 526 mediocri
3226 471 3432 526 tristitia
3464 479 3518 526 et
3550 472 3738 529 dolore

2160 567 2341 622 afficit.
2390 567 2561 634 Quare
2599 577 3010 620 consentaneum
3051 576 3132 618 est
3162 581 3254 617 vos
3285 565 3445 618 etiam
3493 579 3736 634 magnam

2161 657 2577 712 censolationcm
2610 655 2761 718 hanc,
2788 661 2944 723 atque
2964 653 3097 708 adeo
3127 653 3548 707 consolationum
3580 663 3738 722 caput

2160 750 2479 803 existimare.
2499 748 2702 802 Caelum
2728 756 2903 813 tuum,
2933 748 3019 815 qui
3045 761 3185 799 nunc
3216 760 3311 815 per
3336 760 3426 799 eas
3455 759 3586 812 quas
3616 759 3739 812 per-

2162 841 2282 902 fert,
2305 841 2629 894 calamitates
2651 839 2817 906 magis
2834 840 2882 890 in
2910 838 3052 892 caelis
3071 837 3328 906 ascriptus
3349 845 3452 904 est,
3472 835 3739 889 desertum

2161 948 2223 986 ac
2242 933 2549 987 destitutum
2575 947 2638 986 ne
2665 945 2815 984 voca.
2837 930 2909 982 De
2931 929 3140 999 Pelagio
3161 929 3234 999 (a)
3265 925 3526 981 monacho
3550 939 3742 995 magno

2161 1024 2344 1077 dolore
2364 1022 2582 1075 affectus
2606 1035 2742 1073 sum.
2769 1017 2950 1088 Cogita
2977 1019 3132 1085 igitur
3157 1025 3286 1086 quot
3312 1016 3629 1086 quantisque
3649 1027 3742 1068 co.

2163 1114 2306 1166 ronis
2327 1112 2468 1182 digni
2511 1112 2612 1166 sint
2631 1111 2721 1178 qui
2741 1109 2860 1165 forti
2887 1110 3062 1163 animo
3093 1108 3144 1162 in
3174 1108 3288 1162 acie
3314 1113 3596 1168 steterunt,
3617 1120 3740 1159 cum

2162 1207 2305 1258 viros
2331 1204 2420 1273 qui
2452 1212 2558 1257 tam
2587 1203 2670 1271 pie
2709 1218 2772 1256 ac
2806 1209 3007 1266 sancte,
3039 1209 3284 1270 tantaque
3307 1213 3426 1252 cmn
3467 1196 3745 1251 tolerantia

2165 1294 2442 1358 vixerunt,
2473 1293 2672 1361 abripi,
2697 1303 2853 1362 atque
2882 1292 2934 1346 in
2957 1290 3192 1344 fraudem
3222 1288 3422 1356 impelli
3449 1287 3746 1340 videamus.

2309 1383 2389 1436 Ad
2412 1383 2637 1436 eamdem
2669 1383 2812 1452 epist.
2846 1379 2908 1434 V.
2937 1381 3133 1451 (Anno,
3163 1389 3221 1432 ut
3249 1387 3481 1448 putatur,
3510 1377 3661 1444 406.)

2238 1475 2289 1528 1.
2310 1473 2511 1528 Vestrae
2537 1484 2705 1527 auctze
2728 1483 2849 1527 sunt
2865 1487 3136 1536 mrumnm,
3160 1471 3344 1524 latiora
3369 1484 3578 1524 rursum
3599 1468 3751 1522 vobis

2166 1575 2473 1630 scammata,
2492 1579 2848 1633 cursuumque
2862 1563 3096 1632 longiora
3113 1561 3280 1630 spatia
3295 1561 3578 1614 constituta
3591 1568 3715 1612 sunt
3735 1576 3748 1612 :

2166 1666 2323 1726 atque
2349 1671 2532 1710 eorum
2557 1655 2646 1724 qui
2669 1655 2820 1709 vobis
2845 1653 3062 1708 insidias
3083 1652 3374 1706 moliuntur
3398 1649 3668 1705 iracundia
3698 1649 3750 1703 in

2168 1748 2424 1816 majorem
2467 1745 2734 1801 ﬂammam
2789 1744 3034 1814 assurgit.
3082 1745 3151 1797 At
3197 1743 3416 1797 minime
3470 1751 3752 1810 propterea

2168 1835 2492 1892 commoveri
2520 1851 2581 1890 ac
2603 1835 2896 1905 perturbari
2923 1833 3145 1898 debetis,
3172 1848 3355 1888 verum
3385 1832 3486 1887 hoc
3511 1832 3625 1900 ipso
3654 1847 3753 1900 po.

2171 1929 2429 1984 tissimum
2449 1928 2663 1982 nomine
2685 1927 2850 1982 ltetari
2875 1935 2930 1981 et
2949 1926 3236 1991 exsultare,
3257 1925 3578 1994 coronisque
3591 1932 3752 1992 caput

2172 2019 2452 2083 redimire,
2500 2033 2564 2072 ac
2602 2017 2795 2073 choros
2845 2017 3064 2086 agitare.
3118 2015 3249 2070 Nam
3303 2014 3402 2069 nisi
3451 2012 3752 2068 mortiferas

2173 2111 2318 2181 prius
2359 2109 2569 2164 diabolo
2596 2109 2779 2179 plagas
2817 2108 3146 2172 iutulissetis,
3178 2121 3284 2161 non
3311 2120 3481 2175 usque
3504 2105 3639 2159 adeo
3665 2103 3748 2158 fu-

2171 2212 2312 2257 reret
2341 2200 2454 2256 bazc
2478 2201 2674 2267 bellua,
2707 2210 2764 2254 ut
2797 2201 2933 2254 ultra
2986 2197 3229 2268 progredi
3274 2195 3513 2251 auderet.
3553 2193 3754 2263 Quam-

2171 2295 2355 2350 obrem
2372 2302 2481 2346 tum
2499 2300 2687 2347 vestrae
2709 2289 3032 2345 fortitudinis
3052 2297 3106 2342 et
3125 2287 3381 2350 victoriae,
3400 2297 3506 2341 tum
3527 2286 3758 2356 ingentis

2173 2386 2313 2439 illius
2356 2383 2521 2444 cladis
2565 2383 2667 2438 hoc
2713 2391 2796 2437 est
2835 2390 3223 2453 argumentum,
3271 2379 3412 2449 quod
3455 2378 3541 2434 ille
3579 2380 3758 2431 acrius

2174 2493 2313 2531 nunc
2334 2477 2385 2530 in
2413 2491 2509 2530 vos
2531 2475 2784 2544 impetum
2808 2474 2964 2527 faciat
2986 2483 3142 2543 atque
3172 2471 3410 2538 insultet,
3433 2468 3757 2537 maiorisque

2175 2568 2514 2641 impudentiae
2540 2567 2915 2621 documentum
2943 2564 3084 2628 edat,
3109 2579 3170 2618 ac
3199 2562 3467 2634 profusius
3490 2575 3756 2615 venenum

2171 2639 2425 2715 effundat.
2452 2655 2886 2725 Quandoquidem
2931 2655 3091 2709 etiam
3120 2655 3170 2706 in
3211 2654 3366 2707 beato
3395 2651 3514 2715 Joh,
3543 2639 3776 2721 postea--

2172 2767 2328 2823 quam
2368 2752 2420 2805 in
2468 2750 2728 2805 bonorum
2771 2747 3055 2803 amissione
3097 2763 3160 2801 ac
3203 2745 3432 2800 filiorum
3479 2743 3758 2812 ereptione

2173 2843 2341 2898 victus
2365 2850 2465 2907 est,
2506 2850 2616 2895 ttnn
2662 2854 2873 2909 quoque
2922 2853 2980 2893 se
3005 2837 3253 2908 gravibus
3280 2834 3589 2890 vulneribus
3624 2832 3757 2888 affe-

2173 2943 2315 2988 ctum
2358 2948 2478 2988 esse
2506 2932 2783 3003 perSpicue
2811 2931 3094 2985 ostendens
3112 2971 3126 2992 ,
3155 2929 3219 2983 ad
3248 2929 3297 2983 id
3325 2927 3466 2996 quod
3495 2927 3759 2980 malorum

2173 3032 2482 3094 caputerat,
2516 3023 2618 3077 hoc
2645 3034 2727 3076 est
2755 3021 2819 3075 ad
2843 3025 3015 3075 carnis
3054 3020 3524 3090 oppugnationem,
3551 3025 3606 3071 et
3633 3033 3756 3071 ver-

2176 3120 2338 3172 mium
2377 3115 2770 3186 scaturiginem,
2813 3125 2866 3170 ct
2896 3114 3133 3168 ulcerum
3161 3113 3383 3166 chorum
3410 3125 3470 3165 se
3495 3109 3715 3164 contulit
3739 3127 3754 3173 ;

2173 3210 2394 3263 chorum
2417 3208 2558 3262 enim
2581 3215 2634 3261 et
2651 3219 2926 3270 coronam,
2949 3213 3005 3259 et
3023 3210 3389 3258 sexcentarum
3413 3200 3754 3255 victoriarum

2173 3316 2396 3355 examen
2425 3299 2655 3368 appello.
2685 3299 2760 3352 Ac
2798 3311 2867 3351 ne
2896 3294 2982 3351 bic
3009 3293 3222 3364 quidem
3267 3292 3541 3348 constitit:
3570 3306 3759 3345 verum

2174 3391 2420 3460 quoniam
2449 3389 2587 3443 nulla
2617 3388 2718 3441 alia
2746 3386 2887 3456 paris
2911 3386 3164 3440 momenti
3204 3381 3446 3438 machina
3474 3383 3523 3436 ei
3551 3382 3756 3451 reliqua

2174 3491 2289 3538 erat
2317 3481 2533 3548 (etenim
2559 3479 2703 3534 velut.
2726 3486 3018 3532 extremam
3046 3475 3401 3530 calamitatum
3434 3474 3627 3527 lineam
3652 3474 3753 3541 Ipsi

2177 3573 2418 3627 morbum
2451 3571 2596 3624 illum
2627 3568 2946 3637 invexerat),
2975 3567 3075 3620 alia
3107 3579 3316 3620 rursum
3349 3571 3613 3618 tormenta
3639 3562 3756 3618 bel-

2179 3665 2276 3733 lit-a
2308 3662 2574 3726 movebat,
2622 3675 2842 3714 uxorem
2883 3657 3129 3712 videlicet
3173 3668 3407 3721 armans,
3453 3655 3654 3708 amicos
3703 3654 3760 3708 in

2175 3772 2297 3810 eum
2348 3753 2713 3818 exstimulans,
2768 3751 2994 3805 famulos
3041 3750 3312 3804 concitans
3359 3757 3517 3819 atque
3563 3746 3759 3802 efferes

2178 3847 2427 3911 reddens,
2469 3853 2626 3914 atque
2665 3841 2808 3896 omni
2851 3840 3056 3895 ratione
3101 3839 3265 3909 ipsius
3292 3839 3508 3893 vulnera
3536 3837 3756 3893 exulce-

2179 3955 2335 3994 rans:
2367 3938 2419 3993 id
2442 3936 2581 4007 quod
2607 3937 2765 3991 etiam
2795 3949 2936 3988 nunc
2958 3942 3160 3988 tentare
3185 3947 3289 3986 non
3318 3931 3543 3996 desinit;
3571 3946 3757 3984 verum

2183 4037 2230 4086 in
2268 4044 2420 4085 suum
2451 4029 2616 4096 ipsius
2645 4034 2830 4095 caput;
2876 4023 3300 4094 quandoquidem
3343 4021 3467 4076 hinc
3492 4021 3548 4075 fit
3588 4030 3645 4074 ut
3671 4037 3758 4076 res

2180 4131 2369 4177 vestrre
2400 4121 2566 4188 magis
2605 4117 2937 4186 splendeant,
2972 4115 3411 4182 sublimioresque
3455 4113 3505 4166 in
3551 4111 3665 4166 dies
3695 4126 3762 4165 ac

2179 4213 2550 4269 luculetttiores
2583 4211 2703 4264 fiant
2728 4228 2740 4263 :
2774 4209 3002 4278 majores
3023 4208 3162 4261 enim
3187 4217 3313 4261 tunc
3333 4206 3480 4258 vobis
3510 4219 3638 4274 opes
3663 4219 3760 4258 ex-

2176 4308 2388 4368 sistunt,
2424 4303 2637 4357 uberior
2669 4300 2890 4364 fructus,
2931 4300 3133 4354 crebra:
3159 4307 3315 4368 atque
3355 4297 3622 4350 continuae
3662 4307 3754 4348 co-

2179 4412 2356 4462 ronae;
2404 4410 2650 4466 magnum
2689 4396 2846 4448 etiam
2897 4407 2990 4460 per
3028 4391 3169 4460 ipsas
3214 4405 3389 4444 rerum
3442 4386 3763 4442 acerbitates

2180 4489 2328 4544 vobis
2357 4484 2675 4540 fortitudinis
2704 4485 3091 4537 incrementum
3114 4478 3348 4543 affertur,
3379 4491 3442 4530 ac
3474 4492 3566 4544 per
3593 4474 3764 4529 hosti-

2183 4582 2259 4636 les
2285 4579 2504 4635 insidias
2529 4576 2734 4631 acuitur
2763 4584 2942 4628 vestra
2974 4571 3268 4626 tolerantia.
3302 4570 3373 4624 Ea
3405 4569 3546 4623 enim
3575 4577 3658 4622 est
3684 4568 3764 4622 af-

2179 4671 2425 4728 flictionis
2464 4678 2672 4733 natura,
2714 4674 2772 4719 ut
2797 4679 2891 4719 eos
2916 4663 3003 4734 qui
3032 4678 3150 4716 eam
3191 4660 3398 4730 placido
3428 4674 3492 4714 ac
3542 4667 3764 4713 strenuo

2178 4763 2356 4815 animo
2403 4759 2613 4821 ferunt,
2643 4757 2799 4811 rebus
2839 4754 3044 4809 acerbis
3080 4751 3404 4819 superiores,
3454 4763 3516 4803 ac
3563 4748 3760 4802 diaboli

2182 4854 2299 4908 telis
2345 4851 2681 4906 sublimiores
2723 4846 2927 4910 reddat,
2980 4844 3301 4912 insidiasque
3348 4840 3620 4910 aspernari
3658 4838 3748 4893 do-

2179 4956 2318 5001 ceat.
2370 4942 2641 5014 Siquidem
2681 4952 2735 4994 et
2777 4940 2992 4992 arbores
3040 4951 3156 5005 qua:
3187 4935 3238 4988 iu
3286 4933 3489 4987 umbris
3524 4931 3738 4986 aluntur

2183 5040 2437 5106 majorem
2480 5033 2750 5089 mollitiem
2794 5027 3132 5092 contralmnt,
3183 5037 3341 5092 atque
3380 5024 3445 5078 ad
3497 5023 3763 5078 fructuum

2183 5126 2599 5199 procreationem
2631 5122 2804 5178 minus
2831 5119 3125 5174 commoda:
3157 5117 3479 5170 redduntur:
3513 5129 3630 5184 quae
3659 5129 3759 5167 au-

2183 5230 2286 5272 tem
2337 5216 2477 5272 aeris
2521 5211 2920 5269 inconstantiam
2972 5209 3335 5278 experiuntur,
3387 5220 3450 5259 ac
3481 5214 3760 5260 ventorum

2184 5311 2430 5378 impetus,
2457 5304 2808 5372 ardentesque
2836 5302 2961 5356 solis
2999 5300 3178 5354 radios
3208 5299 3498 5367 excipiunt,
3532 5297 3648 5366 plus
3673 5313 3734 5350 ro

2183 5402 2326 5456 boris
2355 5400 2476 5452 hinc
2503 5395 2776 5465 colligunt,
2809 5404 2861 5448 et
2900 5393 3037 5446 foliis
3080 5390 3368 5451 abundant.
3396 5404 3460 5443 ac
3498 5391 3760 5441 fructuum

2183 5494 2332 5559 cepia'
2362 5499 2666 5545 curvantur.
2718 5487 2807 5541 Sic
2848 5486 3095 5538 nintirum
3145 5483 3196 5535 in
3247 5481 3375 5534 mari
3405 5493 3617 5548 quoilue
3662 5493 3757 5530 ttsu

2184 5587 2362 5638 venire
2399 5581 2706 5636 consuevit:
2740 5593 2858 5632 nam
2887 5578 2974 5646 qui
3016 5576 3242 5645 primum
3281 5588 3469 5627 navem
3495 5586 3758 5626 consecu~

2245 5703 2316 5761 (a)
2351 5709 2480 5750 tluuc
2517 5699 2759 5762 Pelagium
2796 5695 3100 5759 suspicantur
3137 5689 3330 5744 quidam
3367 5702 3473 5738 esse
3500 5688 3749 5736 haeresiar—

2184 5767 2240 5814 t‘ll
2247 5777 2335 5814 am.
