4078 6432
286 390 394 446 593

285 502 507 556 ἀσθενεῖ
537 498 747 570 σώματι
773 499 866 554 καὶ
894 497 1190 568 ἀραχνώδει
1220 497 1392 559 οὓτως
1414 496 1686 566 ἀφόρητον
1713 493 1864 562 φέρω

285 600 519 672 κρυμὸν,
538 601 619 653 ὃτι
645 599 899 652 ἀναπνεῖν
915 597 1168 666 δύναμαι,
1189 595 1297 648 τῶν
1319 595 1522 648 ἐθάδων
1550 592 1643 645 τοῦ
1661 587 1867 660 χειμῶ-

285 718 375 764 νος
408 700 561 772 [576]
596 701 656 753 ού
685 701 753 753 τά
780 699 1008 769 τυχόντα
1045 697 1295 750 ἐντεῦθεν
1341 695 1678 765 πασχόντων.
1727 691 1870 742 Ἀλλ’

287 800 452 868 ἡμεῖς
481 797 778 868 ἐμείναμεν
802 796 1057 859 ἀϐλαϐεῖς
1086 795 1359 867 μέχριτῆς
1389 796 1650 865 σήμερον,
1672 791 1765 843 καὶ
1785 790 1874 860 λη-

292 898 434 950 στῶν
473 901 658 967 χεῖρας
702 897 1051 964 διαφυγόντες
1105 896 1361 959 πολλάκις
1390 895 1744 954 ἐπελθόντων,
1778 894 1873 944 καὶ

292 994 498 1065 ἀπορίᾳ
519 995 831 1062 ἀναγκαίων
858 995 1144 1060 συζῶντες,
1165 996 1259 1048 καὶ
1293 996 1429 1065 μηδέ
1462 993 1727 1063 βαλανείῳ
1748 991 1875 1060 χρῆ-

295 1095 418 1146 σθαι
434 1094 719 1164 δυνάμενοι
737 1112 748 1125 ·
772 1096 947 1148 καίτοι
972 1095 1133 1164 ἡνίκα
1153 1095 1338 1147 αὐτόθι
1363 1094 1726 1164 διετρίϐομεν,
1749 1107 1875 1142 συνι-

292 1193 434 1263 εχῶς
465 1193 655 1248 τούτου
687 1194 947 1264 δεόμενοι,
981 1193 1074 1246 νῦν
1106 1194 1162 1247 δέ
1214 1194 1271 1246 ἐν
1317 1194 1544 1266 τοιαύτῃ
1599 1193 1709 1255 ἐξει
1739 1207 1873 1243 κατ-

293 1295 423 1364 έστη
433 1294 641 1364 μεν,ῶς
662 1295 796 1364 μηδὲ
812 1293 1096 1362 ἐπιθυμεῖν
1117 1293 1216 1362 τῆς
1232 1291 1478 1346 ἐντεῦθεν
1499 1289 1875 1360 παραμυθίας,

294 1395 432 1448 ἀλλά
455 1397 548 1449 καὶ
568 1394 921 1463 ὑγιεινότεροι
947 1393 1119 1464 ταύτῃ
1163 1392 1436 1459 γενέσθαι.
1483 1392 1592 1443 Καὶ
1629 1390 1753 1442 οὔτε
1789 1387 1880 1440 ἀέ-

299 1511 408 1566 ρων
431 1495 711 1559 δυσκολία,
734 1493 795 1545 ού
828 1493 1007 1547 τόπων
1041 1492 1269 1563 ἐρημία,
1293 1492 1393 1543 ούκ
1419 1491 1596 1544 ὠνίων
1618 1506 1880 1558 στενοχω-

300 1595 413 1664 ρία,
441 1595 501 1646 οὐ
532 1592 639 1646 τῶν
669 1591 1112 1663 θεραπευσόντων
1141 1590 1365 1662 ἐρημία,
1388 1591 1488 1644 ούκ
1512 1588 1710 1659 ίατρῶν
1739 1590 1884 1656 ἀμα-

298 1693 411 1757 θία,
446 1694 506 1746 ού
540 1692 838 1764 βαλανείων
875 1690 1098 1762 ἀπορία,
1134 1692 1195 1743 ού
1221 1689 1282 1742 τὸ
1311 1689 1506 1753 διόλου,
1533 1689 1788 1756 καθάπερ
1824 1687 1882 1736 ἐν

295 1793 692 1864 δεσμωτηρίῳ,
728 1794 786 1844 ἐν
821 1792 900 1844 ἐνὶ
947 1793 1207 1862 οἰκήματι
1239 1791 1579 1861 καθεῖρχθαι,
1621 1789 1681 1841 ού
1713 1789 1774 1840 τὸ
1809 1788 1882 1856 μὴ

299 1893 593 1956 κινεῖσθαι,
635 1888 803 1960 οὗπερ
841 1891 928 1943 ἀεὶ
956 1891 1194 1961 συνεχῶς
1231 1890 1480 1960 ἐδεόμην,
1519 1889 1577 1942 ού
1608 1888 1668 1941 τὸ
1695 1885 1885 1955 καπνῷ

300 1998 394 2047 καὶ
424 1995 556 2063 πυρὶ
578 1992 839 2063 διηνεκῶς
866 1992 1098 2062 ὁμιλεῖν,
1128 1992 1188 2044 ού
1219 1991 1432 2063 λῃστῶν
1471 1988 1655 2058 φόϐος,
1693 1989 1754 2040 ού
1788 2004 1886 2038 πο-

300 2095 515 2164 λιορκία
548 2095 822 2164 διηνεκὴς,
850 2093 950 2146 ούκ
984 2091 1110 2146 ἄλλο
1131 2091 1236 2143 τῶν
1267 2090 1524 2142 τοιούτων
1553 2087 1706 2141 ούδέν
1729 2086 1886 2156 ἡμῶν

303 2193 679 2264 περιγέγονεν
712 2193 826 2243 ἀλλ’
855 2188 1117 2258 ύγιεινότε
1130 2205 1219 2258 ρον
1237 2200 1262 2228 ι
1282 2185 1603 2256 διακείμεθα
1633 2184 1665 2255 ἢ
1694 2184 1885 2236 αὐτόοι

306 2288 472 2362 ἦμεν,
507 2289 674 2359 πολλῇ
709 2289 890 2358 μέντοι
917 2287 1246 2358 κεχρημένοι
1274 2289 1340 2357 τῇ
1364 2284 1671 2354 ἐπιμελείᾳ.
1699 2282 1887 2336 Ταῦτα

303 2385 395 2440 οὖν
430 2387 608 2441 πάντα
649 2385 993 2455 λογιζομένη,
1018 2383 1306 2453 διακρούου
1331 2382 1428 2452 τὴν
1459 2380 1790 2450 κατέχουσάν
1828 2395 1886 2430 σε

304 2486 400 2538 νῦν
438 2487 582 2556 ὑπὲρ
619 2485 826 2536 τούτων
881 2484 1137 2551 ἀθυμίαν,
1161 2482 1254 2533 καὶ
1308 2481 1381 2550 μὴ
1423 2479 1623 2550 σαυτὴν
1669 2477 1888 2532 ἀπαίτει

304 2589 460 2649 δίκας
521 2583 784 2656 περιττὰς
824 2584 918 2636 καὶ
976 2581 1236 2651 χαλεπάς.
1289 2579 1553 2648 Ἔπεμψά
1609 2595 1692 2630 σοι
1743 2577 1887 2648 άπερ

307 2688 523 2757 ἔγραψα
545 2685 759 2757 πρώην,
783 2685 864 2737 ὅτι
893 2683 982 2735 τὸν
1022 2681 1212 2734 ἐαυτὸν
1245 2681 1344 2733 οὐκ
1391 2678 1678 2731 ἀδικοῦντα
1718 2677 1890 2739 οὐδεὶς

307 2784 492 2853 ἕτερος
514 2782 714 2851 παραΓ
750 2780 867 2832 ’ν’Σκαι
893 2779 1180 2847 δυνήσεται
1205 2794 1218 2808 °
1251 2777 1344 2829 καὶ
1367 2775 1556 2828 τοῦτον
1585 2776 1891 2845 ἠγωνίσατο

307 2883 400 2934 τὸν
427 2880 614 2948 ἀγῶνα
651 2882 678 2930 ό
923 2877 980 2929 ὃν
1007 2875 1324 2929 ἀπέσταλκά
1367 2892 1462 2927 σου
1516 2877 1580 2944 τῇ
1617 2873 1890 2944 τιμιότητι

312 2982 427 3034 νῦν.
462 2979 709 3048 Συνεχῶς
736 2978 798 3046 δὴ
831 2993 922 3029 ουν
943 2975 1105 3028 αὑτὸν
1132 2975 1363 3043 ἐπέρχου
1388 2991 1399 3003 ·
1433 2974 1480 3025 εί
1521 2973 1576 3025 δὲ
1603 2973 1887 3040 ύγιαίνοις,

313 3082 406 3135 καὶ
440 3080 534 3132 ἐπὶ
555 3076 803 3144 γλώττης
834 3075 986 3145 φέρε.
1024 3073 1228 3126 Ἱκανὸν
1254 3072 1363 3142 γάρ
1387 3071 1540 3125 ἔσται
1564 3088 1646 3123 σοι
1673 3073 1892 3142 φάρμα-

312 3199 428 3244 κον,
456 3178 550 3232 ἐὰν
583 3176 809 3238 ἐθέλοις.
846 3175 908 3227 Et
949 3173 1005 3258 δέ
1041 3171 1403 3242 φιλονεικοίης
1435 3173 1583 3242 ἡμῖν,
1621 3173 1716 3224 καὶ
1755 3173 1893 3242 μήτε

313 3276 637 3350 θεραπεύοις
667 3273 893 3343 σαυτὴν,
930 3274 1064 3344 μήτε
1093 3272 1293 3343 μυρίας
1325 3273 1674 3326 ἀπολαύουσα
1702 3289 1903 3344 παραι-

314 3383 371 3436 νέ
386 3380 515 3443 τεώς
529 3395 590 3431 τε
606 3378 700 3430 καὶ
722 3374 1134 3447 παρακλήσεως,
1157 3373 1470 3444 βουληθείης
1492 3377 1804 3442 ἀνενεγκεῖν
1833 3375 1897 3427 ἐκ

315 3482 423 3533 τῶν
457 3477 742 3548 τελμάτων
776 3475 877 3543 τῆς
928 3472 1187 3542 ἀθυμίας,
1223 3473 1284 3524 ού
1341 3471 1537 3542 ῥᾳδίως
1582 3472 1700 3526 ούδέ
1739 3475 1898 3537 ἡμεῖς

315 3575 741 3646 ὑπακουσόμεθα
776 3572 912 3644 πρὸς
936 3573 996 3624 τὸ
1027 3572 1234 3633 πδκνάς
1276 3587 1356 3622 σοι
1387 3570 1479 3622 καὶ
1509 3571 1726 3642 μακρὰς
1758 3571 1899 3642 πέμ-

316 3695 443 3733 πειν
476 3673 784 3736 ἐπιστολὰς,
811 3673 857 3724 εί
889 3669 1052 3740 μηδὲν
1083 3669 1296 3738 μέλλοις
1331 3668 1578 3723 ἐντεῦθεν
1598 3671 1899 3741 κερδαίνειν

319 3781 399 3841 είς
433 3775 716 3844 εὐθυμίαν.
742 3770 868 3834 Πῶς
897 3765 989 3823 οὖν
1025 3769 1183 3822 τοῦτο
1221 3767 1511 3838 εἰσόμεθας
1548 3771 1660 3822 Ούκ
1695 3771 1788 3824 ἐάν
1816 3771 1898 3824 λέ-

318 3897 440 3952 γῃς,
465 3877 579 3931 ἀλλ’
612 3875 703 3928 ἐάν
735 3873 823 3926 διὰ
852 3870 959 3926 τῶν
986 3871 1322 3942 πραγμάτων
1355 3870 1627 3942 δεικνύῃς,
1660 3874 1780 3926 ἐπεὶ
1809 3875 1903 3926 καὶ

318 3980 413 4036 νῦν
438 3978 575 4048 ἔφης
604 3976 768 4045 μηδὲν
798 3971 906 4025 τῶν
937 3971 1132 4035 ἀλλων,
1156 3969 1294 4023 ἀλλά
1314 3970 1413 4040 τὴν
1439 3971 1677 4041 ἀθυμίαν
1701 3990 1782 4025 σοι
1803 3973 1902 4044 τὴν

319 4079 473 4131 νόσον
501 4073 786 4146 εἰργάσθαι
811 4070 1034 4141 ταύτην.
1065 4069 1216 4122 Ἐπεὶ
1235 4065 1328 4122 οὖν
1355 4069 1492 4138 αὐτὴ
1520 4070 1677 4123 τοῦτο
1698 4072 1904 4141 ὡμολό-

319 4191 516 4246 γησας,
546 4173 610 4227 ἂν
649 4171 722 4241 μὴ
765 4169 862 4238 τῆς
903 4165 1214 4239 ἀρρωστίας
1241 4167 1582 4238 ἀπαλλαγῇς,
1619 4170 1680 4221 ού
1713 4173 1900 4223 πεισό-

325 4272 487 4345 μεθα,
521 4273 602 4325 ὃτι
644 4269 737 4322 καὶ
765 4267 865 4337 τῆς
890 4265 1130 4335 ἀθυμίας
1173 4263 1500 4334 ἀπήλλαξαι.
1531 4264 1595 4316 Εἰ
1625 4265 1733 4332 γὰρ
1763 4265 1903 4337 αὕτη

322 4374 470 4426 ἐστὶν
497 4374 530 4439 ἡ
555 4373 652 4442 τὴν
679 4371 832 4424 νόσον
868 4366 1116 4429 ποιοῦσα,
1145 4365 1324 4429 καθὼς
1358 4366 1453 4419 καὶ
1485 4366 1624 4437 αὑτὴ
1655 4367 1907 4421 ἐπέσταλ-

322 4490 448 4536 κας,
481 4470 702 4539 εύδηλον
735 4470 815 4522 ὅτι
844 4467 1098 4538 λυθείσης
1121 4467 1290 4538 αὐτῆς
1328 4467 1555 4536 κάκείνη
1587 4484 1906 4539 συναναιρε-

325 4573 569 4644 θήσεται,
592 4570 686 4624 καὶ
710 4571 808 4640 τῆς
843 4562 998 4639 ῤ’ίζης
1027 4568 1489 4638 ἁνασπασθείσης,
1519 4569 1610 4621 καὶ
1637 4571 1684 4620 οἱ
1705 4570 1908 4638 ταύτης

327 4668 749 4722 συναπόλλυνται
771 4665 973 4718 κλάδοι.
1010 4665 1095 4728 Ὠς
1129 4664 1222 4716 ἐὰν
1257 4664 1487 4732 μένωσιν
1509 4665 1798 4729 ἀνθοῦντες
1817 4667 1910 4719 καὶ

326 4765 685 4835 ἀκμάζοντες,
715 4763 810 4814 καὶ
849 4761 1057 4832 καρπὸν
1089 4760 1347 4830 φέροντες
1380 4761 1470 4812 τὸν
1508 4761 1569 4814 ού
1604 4761 1908 4832 πρέποντα,

325 4862 385 4912 ού
439 4856 713 4928 δυνάμεθα
745 4854 1052 4922 πεισθῆναι,
1085 4854 1165 4906 ὅτι
1192 4854 1293 4924 τῆς
1333 4854 1487 4925 ῥίζης
1514 4856 1906 4927 ἠλευθέρωσαι.

325 4957 419 5026 Μὴ
440 4956 620 5009 τοίνυν
653 4971 744 5025 μοι
782 4952 1024 5024 ῥήματα,
1059 4951 1192 5004 ἀλλά
1227 4951 1527 5021 πράγματα
1574 4952 1765 5019 δεῖξον,
1805 4955 1910 5007 κᾶν

327 5054 598 5125 ὑγιαίνῃς,
631 5051 751 5120 ὄψει
787 5049 948 5103 πάλιν
985 5048 1272 5111 ἐπιστολὰς
1304 5049 1662 5118 πεμπομένας
1700 5067 1781 5102 σοι
1826 5051 1913 5102 λό-

327 5168 438 5218 γων
463 5147 900 5219 ύπερϐαινούσας
935 5147 1151 5216 μέτρον.
1177 5145 1266 5214 Μὴ
1294 5145 1356 5213 δὴ
1383 5145 1586 5214 μικράν
1612 5146 1799 5215 νόμιζέ
1831 5165 1913 5202 σοι

328 5244 674 5314 παράκλησιν
703 5240 859 5306 εἶναι,
893 5243 976 5293 ὅτι
1002 5239 1206 5308 ζῶμεν.
1239 5240 1319 5291 ὅτι
1361 5241 1694 5310 ὑγιαίνομεν,
1735 5244 1815 5295 ὅτι
1856 5246 1913 5297 ὲν

329 5340 619 5402 τοσαύταις
647 5338 987 5409 πραγμάτων
1019 5337 1169 5397 ὄντες
1199 5335 1603 5405 περιστάσεσιν,
1628 5340 1786 5392 νόσου
1822 5342 1913 5393 καὶ

328 5433 638 5506 ἀρρωστίας
668 5431 1081 5502 ἀπηλλάγμεθα,
1115 5431 1142 5482 ὃ
1174 5432 1298 5492 τοὺς
1322 5430 1547 5500 ἐχθροὺς
1575 5435 1912 5508 ἡμῶν,[577]

330 5528 406 5591 ὠς
434 5529 625 5596 ἔγνων,
660 5528 867 5598 σφόδρα
895 5528 1056 5579 λυπεῖ
1108 5527 1201 5578 καὶ
1229 5527 1410 5596 ὀδυνᾷ.
1472 5529 1786 5584 Ἀκόλουθον
1819 5528 1913 5584 οὖν

333 5626 426 5679 καὶ
454 5626 598 5695 ὑμᾶς
631 5625 892 5695 μεγίστην
921 5625 1124 5695 ταύτην
1151 5625 1403 5694 ἡγεῖσθαι
1429 5629 1791 5699 παράκλησιν,
1821 5631 1914 5684 καὶ

398 5773 422 5802 ⁸
447 5772 556 5825 Duo
575 5785 688 5822 mss.
708 5774 762 5820 ἀ).
771 5775 810 5820 λ’
832 5775 1127 5836 ὑγιεινότεροι

1705 374 1893 431 El‘lS’l

2083 410 2097 426 .
3450 349 3554 404 596

1975 489 2266 558 κεφάλαιον
2322 481 2697 557 παραμυθίας.
2751 477 2843 548 Μὴ
2873 475 3024 529 κάλει
3051 466 3154 534 τὴν
3183 462 3428 518 συνοδίαν
3460 481 3555 517 σου

1975 583 2200 654 ἔρημον,
2242 583 2339 652 τὴν
2364 581 2459 634 νῦν
2492 578 2751 649 μειζόνως
2785 574 2841 625 ἐν
2889 567 3138 639 οὐρανοῖς
3169 560 3557 630 ἐγγεγραμμέ-

1973 697 2069 749 νην
2101 679 2188 733 διὰ
2204 678 2313 731 τῶν
2332 675 2696 747 παθημάτων,
2717 665 2791 724 ὧν
2807 666 3093 737 ὑπομένει.
3116 660 3328 730 Σφόδρα
3343 656 3562 726 ἤλγησα»

1975 777 2116 846 ὑπὲρ
2138 775 2403 842 Πελαγίου
2433 771 2526 824 τοῦ
2555 769 2897 841 μονάζοντος.
2930 761 3210 829 Ἐννόησον
3227 753 3403 808 τοίνυν
3419 752 3562 802 ὅσων

1975 872 2113 938 ἄξιοι
2143 870 2421 938 στεφάνων
2450 868 2587 920 εἰσὶν
2615 867 2664 918 οί
2713 862 2976 931 γενναίως
3009 855 3254 915 στάντες,
3283 852 3412 904 ὅταν
3463 846 3561 898 ἀν-

1975 965 2099 1036 δρες
2136 967 2194 1017 ἐν
2219 963 2457 1033 τοσαύτῃ
2487 963 2720 1031 ἀσκήσει
2747 955 3101 1024 διαγαγόντες
3146 949 3240 1002 καὶ⁸
3271 939 3560 1014 καρτερίᾳ,

1978 1060 2120 1114 οὕτω
2154 1060 2392 1128 φανῶσιν
2426 1056 2844 1126 ύποσυρόμενοι.

2297 1210 2454 1279 Πρὸς
2484 1209 2595 1275 τὴν
2624 1205 2821 1273 αὐτὴν
2849 1197 3145 1264 ἐπιστολὴ
3168 1200 3252 1258 ε’.

2051 1349 2120 1403 α’.
2168 1344 2434 1414 Ἐπετάθη
2473 1343 2540 1395 τά
2568 1340 2668 1410 τῆς
2693 1336 2924 1406 θλίψεως
2948 1333 3100 1402 ὑμῖν,
3129 1327 3224 1379 καὶ
3256 1319 3567 1388 πλατύτερα

1983 1447 2142 1501 πάλιν
2161 1444 2316 1513 ἐτέθη
2333 1441 2402 1496 τά
2424 1439 2572 1507 σκάμ
2581 1452 2746 1508 ματα,
2767 1433 2863 1485 καὶ
2881 1427 3206 1504 μακρότεροι
3220 1421 3330 1474 τῶν
3350 1416 3569 1488 δρόμων

1983 1546 2031 1597 οί
2059 1542 2283 1604 δίαυλοι,
2315 1538 2407 1593 καλ⁸
2439 1536 2577 1608 πρὸς
2613 1533 2834 1604 μείζονα
2856 1528 3030 1598 φλόγα
3058 1526 3166 1578 τῶν
3188 1513 3569 1608 ἐπιϐουλευόνέ

1984 1657 2091 1693 των
2126 1640 2253 1708 ὑμῖν
2287 1635 2500 1706 αἴρεται
2521 1634 2548 1686 ὁ
2573 1631 2766 1700 θυμός.
2803 1625 2942 1680 Ἀλλ’
2963 1625 3025 1676 ού
3053 1614 3420 1689 θορυϐεῖσθαι,
3449 1607 3574 1708 ούδέ

1985 1701 2368 1805 ταράττεσθαι,
2403 1729 2542 1784 ἀλλά
2571 1727 2660 1780 διά
2687 1723 2860 1778 ταῦτα
2890 1721 2988 1792 μέν
3021 1712 3114 1770 οὖν
3171 1711 3421 1805 μάλιστα
3449 1701 3570 1774 χαίο

1989 1802 2104 1899 ρειν
2136 1830 2236 1888 δεῖ,
2299 1827 2388 1879 καὶ
2433 1824 2684 1895 σκιρτᾷν,
2744 1819 2839 1872 καὶ
2890 1807 3310 1883 στεφανοῦσθαι,
3340 1802 3436 1856 καὶ
3485 1812 3576 1869 χο-

1989 1896 2189 1998 ρεύειν.
2225 1925 2288 1977 El
2315 1928 2419 1992 γάρ
2448 1920 2523 1992 μὴ
2549 1917 2770 1988 καιρίας
2793 1916 2850 1965 ἐν
2872 1915 2983 1973 τοῖς
3006 1902 3317 1979 ἔμπροσθεν
3336 1896 3576 1998 ἐδῶκατξ

1987 2023 2065 2092 τῷ
2096 2021 2326 2090 διαϐόλῳ
2359 2018 2455 2079 τὰς
2491 2014 2726 2083 πληγὰς,
2765 2011 2866 2062 οὐκ
2894 2006 2960 2059 ἂν
3017 2003 3188 2064 οὓτως
3220 1991 3472 2067 ὴγριῶθη
3516 1985 3584 2040 τὸ

1990 2089 2177 2188 θηρίον
2229 2089 2306 2180 ὡς
2335 2116 2428 2168 καὶ
2468 2109 2785 2181 περαιτέρω
2814 2102 3122 2175 προελθεῖν.
3155 2098 3367 2164 Δεῖγμα
3395 2089 3586 2142 τοίνυν

1991 2185 2083 2266 καλ.
2113 2214 2214 2282 τῆς
2246 2209 2521 2280 ὑμετέρας
2545 2203 2799 2276 ἀνδρείας
2832 2200 2924 2252 καὶ
2954 2196 3130 2266 νίκης,
3158 2190 3251 2244 καὶ
3276 2189 3382 2279 τῆς
3407 2185 3580 2282 ἣττης

1990 2307 2198 2360 ἐκείνου
2233 2306 2332 2375 τῆς
2377 2305 2599 2373 πολλῆς,
2641 2301 2702 2352 τὸ
2763 2295 3028 2368 μειζόνως
3077 2275 3428 2360 ἐφάλλεσθαι,
3484 2275 3582 2330 καὶ

1992 2401 2284 2472 ἐπιπηδᾷν,
2316 2401 2409 2452 καὶ
2443 2398 2660 2451 πλείονα
2711 2387 3120 2447 ἐπιδείκνυσθαι
3153 2383 3251 2454 τὴν
3281 2381 3580 2442 ἀναισχυν-

1991 2499 2131 2562 τίαν,
2153 2467 2264 2550 ’κὲιι
2295 2496 2678 2564 δαψιλέστερον
2705 2493 2888 2560 ἐκχεῖν
2913 2487 3004 2539 τὸν
3035 2485 3131 2538 ίόν.
3183 2477 3338 2533 Ἐπεὶ
3360 2476 3454 2526 καὶ
3482 2467 3578 2522 ἐπὶ

1992 2595 2083 2648 τοῦ
2121 2594 2390 2663 μακαρίου
2449 2589 2588 2652 Ἰὼϐ,
2649 2584 2836 2655 ἐπειδὴ
2893 2585 2949 2635 ἐν
3006 2583 3073 2650 τῇ
3130 2575 3239 2630 τῶν
3283 2568 3584 2663 χρημάτων

1992 2691 2234 2760 ἀποϐολῇ
2262 2661 2493 2759 ἡττήθη,
2522 2688 2617 2740 καὶ
2639 2688 2704 2754 τῇ
2737 2681 2845 2734 τῶν
2880 2678 3085 2752 παίδων
3120 2669 3430 2741 ἀφαιρέσει,
3474 2661 3583 2715 δεῖ-

1992 2804 2108 2855 γμα
2158 2759 2250 2838 καὶ
2281 2784 2400 2836 τότε
2431 2780 2677 2850 ἐκφέρων
2712 2777 2804 2830 τοῦ
2859 2772 3075 2845 χαλεπά
3103 2769 3391 2841 τραύματα
3429 2759 3586 2825 δέξα-

1996 2883 2140 2940 σθαι,
2179 2882 2272 2933 ἐπὶ
2290 2879 2352 2931 τὸ
2381 2877 2674 2945 κεφάλαιον
2704 2874 2934 2944 ὥρμησε
2967 2868 3077 2921 τῶν
3107 2862 3314 2924 κακῶν,
3357 2860 3456 2929 τὴν
3484 2854 3588 2922 τῆς

1999 2978 2198 3048 σαρκὸς
2228 2973 2568 3044 πολιορκίαν,
2600 2972 2698 3038 τὴν
2747 2968 2856 3021 τῶν
2914 2963 3212 3032 σκωλήκων
3260 2955 3463 3026 πηγὴν,
3495 2950 3585 3003 τὸν

1996 3045 2104 3124 τῶν
2135 3070 2465 3141 τραυμάτων
2521 3066 2715 3137 χορόν
2755 3061 2915 3133 χορὸν
2962 3057 3070 3129 γάρ
3102 3053 3262 3109 αὑτὸν
3311 3048 3442 3119 ἐγὼ,
3495 3045 3589 3098 καὶ

1999 3168 2262 3235 στέφανον
2284 3162 2455 3227 καλῶ,
2483 3161 2576 3215 καὶ
2600 3158 2812 3231 μυρίων
2840 3154 3108 3227 βραϐείων
3126 3150 3314 3222 ἐσμὸν.
3337 3146 3448 3200 Καὶ
3466 3141 3587 3194 οὐδὲ

1999 3261 2231 3315 ἐνταῦθα
2267 3259 2397 3327 ἔστη
2419 3275 2432 3287 ·
2478 3255 2592 3309 ἀλλ’
2621 3253 2811 3320 ἐπειδὴ
2842 3251 2996 3305 οὐδὲν
3047 3245 3373 3300 ὑπελείπετο
3401 3239 3589 3308 ἕτερον

1999 3358 2149 3430 αὐτῷ
2184 3357 2485 3427 μηχάνημα
2516 3335 2757 3404 τοιοῦτον
2775 3348 2874 3420 (ὼς
2891 3346 2999 3416 γάρ
3028 3345 3254 3414 ἐσχατον
3283 3340 3409 3410 ὅρον
3448 3351 3589 3403 συμ-

2000 3455 2204 3526 φορῶν,
2224 3454 2394 3517 οὕτως
2414 3451 2511 3522 τὴν
2528 3450 2681 3503 νόσον
2704 3448 2988 3517 ἐπήγαγεν
3011 3437 3272 3509 ἐκείνην),
3303 3434 3399 3488 καὶ
3423 3433 3592 3500 ἐτερα

2002 3553 2164 3608 πάλιν
2225 3551 2396 3604 ἐκίνει
2443 3547 2844 3618 μηχανήματα,
2899 3541 3135 3610 γυναῖκα
3167 3531 3424 3596 ὁπλίζων,
3465 3529 3590 3589 toi»;

2001 3651 2187 3722 φίλους
2208 3645 2545 3718 παροξύνων,
2565 3644 2691 3704 τοὺς
2716 3639 2933 3702 οἰκέτας
2957 3634 3242 3704 διεγείρων
3275 3629 3370 3683 καὶ
3391 3623 3593 3698 θηριῶ-

2002 3721 2110 3808 δεις
2141 3742 2332 3807 ποιῶν,
2364 3741 2460 3793 καὶ
2490 3739 2579 3794 διὰ
2607 3737 2825 3792 πάντων
2847 3734 2918 3787 τά
2939 3730 3230 3804 τραύματα
3263 3721 3590 3793 ἀναξαίνων.

2009 3843 2075 3894 Ὃ
2103 3841 2167 3911 δὴ
2190 3841 2283 3891 καὶ
2315 3837 2409 3891 νῦν
2440 3832 2735 3906 ἐπιχειρῶν
2766 3832 2828 3884 ού
2869 3829 3121 3883 παύεται·
3155 3824 3292 3878 ἀλλὰ
3316 3820 3455 3875 κατά
3493 3818 3596 3887 τῆς

2004 3935 2196 3990 ἐαυτοῦ
2230 3932 2525 4003 ’κεφαλῆςο
2571 3931 2644 3993 ὡς
2673 3928 2744 3982 τά
2779 3945 2841 3996 γε
2892 3926 3136 3996 ὑμέτερα
3176 3917 3428 3973 ἐντεῦθεν
3457 3915 3599 3985 λαμ-

2004 4032 2245 4103 πρότερα
2270 4030 2364 4083 κα)⁵
2408 4026 2632 4099 μείζονα
2675 4026 2769 4079 καὶ
2813 4020 3144 4093 φαιδρότερα
3191 4015 3313 4070 καθ’
3357 4013 3597 4082 ἑκάστην

2004 4131 2215 4200 γίνεται
2263 4125 2361 4196 τὴν
2395 4123 2629 4196 ἡμέραν,
2677 4120 2878 4174 πλείων
2914 4119 3043 4189 ύμῖν
3080 4118 3108 4168 ὁ
3154 4112 3406 4175 πλοῦτος,
3439 4107 3596 4178 δαψι-

2007 4225 2238 4294 λεστέρα
2275 4224 2310 4292 ἡ
2341 4221 2602 4292 ἐμπορία,
2643 4217 2935 4289 ἐπάλληλοι
2969 4214 3064 4269 καὶ
3101 4211 3347 4281 συνεχεῖς
3383 4208 3432 4259 of.
3477 4203 3598 4257 στέ-

2009 4337 2189 4391 φανοι,
2219 4318 2389 4388 πολλὴ
2411 4318 2477 4370 δι’
2504 4317 2683 4370 αὐτῶν
2707 4314 2815 4368 τῶν
2844 4311 3031 4366 δεινῶν
3061 4309 3162 4378 τῆς
3188 4307 3440 4377 ἀνδρείας
3469 4303 3597 4372 ύμῖν

2007 4421 2040 4490 ὴ
2073 4416 2378 4489 προσθήκη,
2413 4414 2508 4468 καὶ
2554 4413 2612 4468 αί
2641 4409 2929 4464 ἐπιϐουλαὶ
2955 4408 3062 4461 τῶν
3104 4402 3315 4490 ἐχθρῶν
3355 4401 3599 4469 ἄλειμμα

2009 4485 2246 4583 γίνονται
2271 4485 2374 4580 τῆς
2408 4509 2705 4581 καρτερίας
2735 4507 2835 4577 τῆς
2885 4485 3172 4574 ὑμετέρας.
3215 4496 3452 4564 Τοιαύτη
3487 4493 3598 4562 γὰρ

2009 4611 2108 4680 τῆς
2137 4610 2370 4674 θλίψεως
2397 4609 2430 4676 ἡ
2465 4604 2644 4674 φύσις·
2667 4604 2794 4666 τοὺς
2816 4601 3004 4672 πράως
3028 4597 3199 4667 αὐτὴν
3225 4597 3315 4648 καλ⁹
3337 4591 3600 4662 γενναίως

2012 4708 2273 4778 φέροντας
2299 4705 2601 4770 ἀνωτέρους
2633 4701 2776 4751 ποιεῖ
2805 4697 2913 4749 τῶν
2956 4693 3144 4748 δεινῶν
3166 4733 3180 4756 ,
3232 4687 3599 4760 ὑψηλοτέρους

2010 4804 2120 4857 τῶν
2154 4802 2248 4855 τοῦ
2282 4799 2526 4854 διαϐόλου
2565 4793 2735 4866 βελῶν
2758 4832 2772 4856 ,
2817 4793 2910 4846 καὶ
2946 4790 3193 4844 παιδεύει
3241 4785 3601 4856 καταφρονεῖν

2014 4900 2120 4952 τῶν
2149 4893 2473 4951 ἐπιϐουλῶν.
2512 4891 2666 4945 Ἐπεὶ
2689 4889 2783 4942 καὶ
2809 4887 2879 4940 τὰ
2899 4886 3092 4956 δένδρα
3121 4885 3191 4937 τά
3223 4883 3322 4954 μὲν
3348 4895 3601 4948 σκιατρο-

2016 4995 2281 5066 φούμενα,
2313 4988 2672 5061 μαλακώτερα
2697 4987 2929 5052 γίνεται,
2965 4984 3061 5036 καὶ
3088 4981 3224 5052 πρὸς
3252 4979 3350 5049 τὴν
3373 4974 3602 5048 καρπῶν

2016 5092 2228 5160 γένεσιν
2263 5085 2418 5160 [578]
2453 5084 2850 5156 ἀχρηστότερα’
2889 5080 2958 5132 τά
3002 5079 3060 5130 δέ
3107 5077 3286 5148 ἀέρων
3317 5070 3604 5143 ἀνωμαλίᾳ.

2015 5186 2344 5259 ὁμιλοῦντα,
2381 5185 2475 5238 καὶ
2504 5181 2831 5251 πνευμάτων
2879 5177 3148 5248 δεχόμενα
3203 5171 3464 5245 ἐμϐολὰς,
3509 5170 3606 5222 καὶ

2018 5286 2227 5356 θέρμην
2257 5283 2497 5343 ἀκτῖνος,
2529 5277 2668 5331 α’ύτά
2690 5293 2750 5329 τε
2786 5275 3112 5347 ἰσχυρότερα
3139 5270 3484 5330 καθίσταται,
3510 5266 3608 5320 καὶ

2015 5384 2127 5441 τοῖς
2161 5378 2379 5448 φύλλοις
2412 5377 2579 5447 κομᾷ,
2627 5375 2720 5426 καὶ
2759 5369 2835 5440 τῷ
2883 5367 3082 5441 καρπῷ
3136 5365 3401 5437 βρίθεται.
3449 5361 3608 5415 Οὕτω

2018 5479 2111 5530 καὶ
2141 5476 2233 5530 ἐπὶ
2260 5473 2356 5543 τῆς
2390 5471 2667 5541 θαλάσσης
2699 5469 3020 5540 συμϐαίνειν
3052 5464 3262 5519 εἴωθεν·
3292 5464 3340 5513 οἱ
3373 5460 3472 5530 μὲν
3498 5457 3609 5526 γὰρ

2018 5574 2233 5646 πρῶτον
2291 5571 2580 5632 ἐπιϐάντες
2629 5567 2778 5638 νηὸς,
2809 5565 2912 5620 κᾶν
2945 5563 3152 5633 σφόδρα
3181 5559 3417 5629 γενναῖοί
3461 5572 3606 5618 τινες

2019 5669 2359 5740 τυγχάνωσιν
2406 5666 2579 5730 ὄντες,
2631 5662 2735 5716 ὑπὸ
2779 5663 2877 5732 τῆς
2920 5659 3177 5730 ἀπειρίας
3211 5655 3606 5728 ταράττονται,

2023 5764 2374 5840 θορυθῦῦνται
2404 5806 2415 5830 ,
2448 5760 2770 5824 σκοτοδίνοις
2824 5759 3049 5827 ἰλίγγοις
3103 5754 3437 5823 κατέχονται·
3470 5750 3520 5803 oi
3549 5746 3605 5802 ω
