  <div class='ocr_page' id='page_1' title='image "/cluster/home/n/w/nwhite01/storage/ocr_20150623/52/ien.35556001660794/217.png"; bbox 0 0 4078 6432; ppageno 0'>
   <div class='ocr_carea' id='block_1_1' title="bbox 525 368 631 422">
    <p class='ocr_par' dir='ltr' id='par_1_1' title="bbox 525 368 631 422">
     <span class='ocr_line' id='line_1_1' title="bbox 525 368 631 422; baseline -0.019 0"><span class='ocrx_word' id='word_1_1' title='bbox 525 368 631 422; x_wconf 68' lang='grc' dir='ltr'>ίίθτ</span> 
     </span>
    </p>
   </div>
   <div class='ocr_carea' id='block_1_2' title="bbox 523 481 2084 556">
    <p class='ocr_par' dir='ltr' id='par_1_2' title="bbox 523 481 2084 556">
     <span class='ocr_line' id='line_1_2' title="bbox 523 481 2084 556; baseline 0.004 -24"><span class='ocrx_word' id='word_1_2' title='bbox 523 481 692 534; x_wconf 69' lang='grc' dir='ltr'>πολλὰ</span> <span class='ocrx_word' id='word_1_3' title='bbox 723 481 1002 545; x_wconf 76' lang='grc' dir='ltr'>διαϐάντες</span> <span class='ocrx_word' id='word_1_4' title='bbox 1036 481 1266 551; x_wconf 81' lang='grc' dir='ltr'>πελάγη,</span> <span class='ocrx_word' id='word_1_5' title='bbox 1308 483 1402 537; x_wconf 88' lang='lat' dir='ltr'><strong><em>zeal</em></strong></span> <span class='ocrx_word' id='word_1_6' title='bbox 1434 483 1658 548; x_wconf 77' lang='grc' dir='ltr'>πολλοὺς</span> <span class='ocrx_word' id='word_1_7' title='bbox 1697 485 2084 556; x_wconf 72' lang='grc' dir='ltr'>ὑπομείναντες</span> 
     </span>
    </p>
   </div>
   <div class='ocr_carea' id='block_1_3' title="bbox 521 572 2085 642">
    <p class='ocr_par' dir='ltr' id='par_1_3' title="bbox 521 572 2085 642">
     <span class='ocr_line' id='line_1_3' title="bbox 521 572 2085 642; baseline 0.006 -20"><span class='ocrx_word' id='word_1_8' title='bbox 521 573 815 642; x_wconf 84' lang='grc' dir='ltr'>χειμῶνας,</span> <span class='ocrx_word' id='word_1_9' title='bbox 843 574 933 626; x_wconf 82' lang='lat' dir='ltr'><strong><em>zeal</em></strong></span> <span class='ocrx_word' id='word_1_10' title='bbox 961 572 1198 640; x_wconf 81' lang='grc' dir='ltr'>ὑφάλους</span> <span class='ocrx_word' id='word_1_11' title='bbox 1225 573 1319 626; x_wconf 83' lang='grc' dir='ltr'>καὶ</span> <span class='ocrx_word' id='word_1_12' title='bbox 1351 574 1667 638; x_wconf 81' lang='grc' dir='ltr'>σκοπέλους,</span> <span class='ocrx_word' id='word_1_13' title='bbox 1686 577 1783 629; x_wconf 89' lang='lat' dir='ltr'><strong><em>zeal</em></strong></span> <span class='ocrx_word' id='word_1_14' title='bbox 1807 577 2085 641; x_wconf 81' lang='grc' dir='ltr'>σπιλάδας,</span> 
     </span>
    </p>
   </div>
   <div class='ocr_carea' id='block_1_4' title="bbox 526 662 2091 734">
    <p class='ocr_par' dir='ltr' id='par_1_4' title="bbox 526 662 2091 734">
     <span class='ocr_line' id='line_1_4' title="bbox 526 662 2091 734; baseline 0.004 -22"><span class='ocrx_word' id='word_1_15' title='bbox 526 662 620 714; x_wconf 75' lang='grc' dir='ltr'>καὶ</span> <span class='ocrx_word' id='word_1_16' title='bbox 642 662 845 732; x_wconf 74' lang='grc' dir='ltr'>θηρίων</span> <span class='ocrx_word' id='word_1_17' title='bbox 885 662 1127 729; x_wconf 87' lang='grc' dir='ltr'>ἐφόδους,</span> <span class='ocrx_word' id='word_1_18' title='bbox 1178 663 1272 715; x_wconf 86' lang='lat' dir='ltr'><strong><em>zeal</em></strong></span> <span class='ocrx_word' id='word_1_19' title='bbox 1317 663 1594 734; x_wconf 82' lang='grc' dir='ltr'>πειρατῶν</span> <span class='ocrx_word' id='word_1_20' title='bbox 1641 665 1949 730; x_wconf 85' lang='grc' dir='ltr'>ἐπιϐουλὰς,</span> <span class='ocrx_word' id='word_1_21' title='bbox 1996 666 2091 719; x_wconf 86' lang='lat' dir='ltr'><strong><em>zeal</em></strong></span> 
     </span>
    </p>
   </div>
   <div class='ocr_carea' id='block_1_5' title="bbox 446 749 2088 824">
    <p class='ocr_par' dir='ltr' id='par_1_5' title="bbox 446 749 2088 824">
     <span class='ocr_line' id='line_1_5' title="bbox 446 749 2088 824; baseline 0.007 -26"><span class='ocrx_word' id='word_1_22' title='bbox 446 820 448 822; x_wconf 14' lang='grc' dir='ltr'><strong><em>τ</em></strong></span> <span class='ocrx_word' id='word_1_23' title='bbox 525 749 987 812; x_wconf 70' lang='grc' dir='ltr'>καταποντιστῶν,</span> <span class='ocrx_word' id='word_1_24' title='bbox 1012 751 1105 804; x_wconf 82' lang='grc' dir='ltr'>καὶ</span> <span class='ocrx_word' id='word_1_25' title='bbox 1133 751 1371 820; x_wconf 87' lang='grc' dir='ltr'>συνεχῶν</span> <span class='ocrx_word' id='word_1_26' title='bbox 1398 753 1758 823; x_wconf 88' lang='grc' dir='ltr'>ἀνασχόμενοι</span> <span class='ocrx_word' id='word_1_27' title='bbox 1785 754 2088 824; x_wconf 77' lang='grc' dir='ltr'>χειμώνων,</span> 
     </span>
    </p>
   </div>
   <div class='ocr_carea' id='block_1_6' title="bbox 523 836 2093 914">
    <p class='ocr_par' dir='ltr' id='par_1_6' title="bbox 523 836 2093 914">
     <span class='ocr_line' id='line_1_6' title="bbox 523 836 2093 914; baseline 0.005 -25"><span class='ocrx_word' id='word_1_28' title='bbox 523 836 631 890; x_wconf 89' lang='grc' dir='ltr'>τῶν</span> <span class='ocrx_word' id='word_1_29' title='bbox 674 837 765 891; x_wconf 77' lang='grc' dir='ltr'>ἐπὶ</span> <span class='ocrx_word' id='word_1_30' title='bbox 796 838 900 907; x_wconf 79' lang='grc' dir='ltr'>γῆς</span> <span class='ocrx_word' id='word_1_31' title='bbox 937 839 1124 894; x_wconf 84' lang='grc' dir='ltr'>λοιπὸν</span> <span class='ocrx_word' id='word_1_32' title='bbox 1169 840 1489 910; x_wconf 80' lang='grc' dir='ltr'>βαδιζόντων</span> <span class='ocrx_word' id='word_1_33' title='bbox 1532 842 1971 914; x_wconf 77' lang='grc' dir='ltr'>θαρραλεώτερον</span> <span class='ocrx_word' id='word_1_34' title='bbox 2001 846 2093 897; x_wconf 79' lang='grc' dir='ltr'>ἐπὶ</span> 
     </span>
    </p>
   </div>
   <div class='ocr_carea' id='block_1_7' title="bbox 524 927 2092 1005">
    <p class='ocr_par' dir='ltr' id='par_1_7' title="bbox 524 927 2092 1005">
     <span class='ocr_line' id='line_1_7' title="bbox 524 927 2092 1005; baseline 0.008 -27"><span class='ocrx_word' id='word_1_35' title='bbox 524 927 624 996; x_wconf 81' lang='grc' dir='ltr'>τῆς</span> <span class='ocrx_word' id='word_1_36' title='bbox 655 928 782 997; x_wconf 81' lang='grc' dir='ltr'>νηὸς</span> <span class='ocrx_word' id='word_1_37' title='bbox 805 929 1089 1000; x_wconf 79' lang='grc' dir='ltr'>κάθηνται,</span> <span class='ocrx_word' id='word_1_38' title='bbox 1124 933 1224 985; x_wconf 81' lang='grc' dir='ltr'>οὐκ</span> <span class='ocrx_word' id='word_1_39' title='bbox 1252 931 1398 987; x_wconf 74' lang='grc' dir='ltr'>ἔνδον</span> <span class='ocrx_word' id='word_1_40' title='bbox 1426 934 1576 1004; x_wconf 89' lang='grc' dir='ltr'>παρά</span> <span class='ocrx_word' id='word_1_41' title='bbox 1595 935 1692 1005; x_wconf 79' lang='grc' dir='ltr'>τὴν</span> <span class='ocrx_word' id='word_1_42' title='bbox 1720 936 1930 1004; x_wconf 87' lang='grc' dir='ltr'>τρόπιν,</span> <span class='ocrx_word' id='word_1_43' title='bbox 1956 937 2092 990; x_wconf 90' lang='grc' dir='ltr'>ἀλλά</span> 
     </span>
    </p>
   </div>
   <div class='ocr_carea' id='block_1_8' title="bbox 525 1018 2093 1094">
    <p class='ocr_par' dir='ltr' id='par_1_8' title="bbox 525 1018 2093 1094">
     <span class='ocr_line' id='line_1_8' title="bbox 525 1018 2093 1094; baseline 0.006 -26"><span class='ocrx_word' id='word_1_44' title='bbox 525 1018 623 1069; x_wconf 91' lang='lat' dir='ltr'><strong><em>zeal</em></strong></span> <span class='ocrx_word' id='word_1_45' title='bbox 649 1019 830 1082; x_wconf 77' lang='grc' dir='ltr'>αὐτοῖς</span> <span class='ocrx_word' id='word_1_46' title='bbox 861 1019 1192 1085; x_wconf 77' lang='grc' dir='ltr'>ἐνιζάνοντες</span> <span class='ocrx_word' id='word_1_47' title='bbox 1232 1025 1342 1084; x_wconf 89' lang='grc' dir='ltr'>τοῖς</span> <span class='ocrx_word' id='word_1_48' title='bbox 1365 1023 1564 1093; x_wconf 82' lang='grc' dir='ltr'>τοίχοις</span> <span class='ocrx_word' id='word_1_49' title='bbox 1585 1024 1683 1093; x_wconf 86' lang='grc' dir='ltr'>τῆς</span> <span class='ocrx_word' id='word_1_50' title='bbox 1706 1024 1853 1094; x_wconf 85' lang='grc' dir='ltr'>νηὸς,</span> <span class='ocrx_word' id='word_1_51' title='bbox 1883 1027 1976 1078; x_wconf 91' lang='lat' dir='ltr'><strong><em>zeal</em></strong></span> <span class='ocrx_word' id='word_1_52' title='bbox 2002 1027 2093 1078; x_wconf 77' lang='grc' dir='ltr'>ἐπὶ</span> 
     </span>
    </p>
   </div>
   <div class='ocr_carea' id='block_1_9' title="bbox 524 1105 2093 1183">
    <p class='ocr_par' dir='ltr' id='par_1_9' title="bbox 524 1105 2093 1183">
     <span class='ocr_line' id='line_1_9' title="bbox 524 1105 2093 1183; baseline 0.004 -25"><span class='ocrx_word' id='word_1_53' title='bbox 524 1105 752 1176; x_wconf 82' lang='grc' dir='ltr'>πρώρας</span> <span class='ocrx_word' id='word_1_54' title='bbox 783 1111 874 1161; x_wconf 79' lang='grc' dir='ltr'>καὶ</span> <span class='ocrx_word' id='word_1_55' title='bbox 897 1111 989 1162; x_wconf 81' lang='grc' dir='ltr'>ἐπὶ</span> <span class='ocrx_word' id='word_1_56' title='bbox 1015 1110 1268 1180; x_wconf 88' lang='grc' dir='ltr'>πρύμνης</span> <span class='ocrx_word' id='word_1_57' title='bbox 1286 1110 1457 1173; x_wconf 83' lang='grc' dir='ltr'>ἀδεῶς</span> <span class='ocrx_word' id='word_1_58' title='bbox 1481 1112 1776 1181; x_wconf 77' lang='grc' dir='ltr'>ἱστάμενοι·</span> <span class='ocrx_word' id='word_1_59' title='bbox 1803 1114 1896 1166; x_wconf 86' lang='lat' dir='ltr'><strong><em>zeal</em></strong></span> <span class='ocrx_word' id='word_1_60' title='bbox 1915 1116 1963 1166; x_wconf 81' lang='grc' dir='ltr'>οἰ</span> <span class='ocrx_word' id='word_1_61' title='bbox 1988 1113 2093 1183; x_wconf 85' lang='grc' dir='ltr'>πρὸ</span> 
     </span>
    </p>
   </div>
   <div class='ocr_carea' id='block_1_10' title="bbox 522 1196 2088 1274">
    <p class='ocr_par' dir='ltr' id='par_1_10' title="bbox 522 1196 2088 1274">
     <span class='ocr_line' id='line_1_10' title="bbox 522 1196 2088 1274; baseline 0.005 -26"><span class='ocrx_word' id='word_1_62' title='bbox 522 1196 711 1250; x_wconf 86' lang='grc' dir='ltr'>τούτου</span> <span class='ocrx_word' id='word_1_63' title='bbox 761 1200 847 1251; x_wconf 85' lang='grc' dir='ltr'>ἐπ’</span> <span class='ocrx_word' id='word_1_64' title='bbox 878 1200 1000 1269; x_wconf 72' lang='grc' dir='ltr'>ὄψιν</span> <span class='ocrx_word' id='word_1_65' title='bbox 1045 1202 1183 1272; x_wconf 88' lang='grc' dir='ltr'>μετά</span> <span class='ocrx_word' id='word_1_66' title='bbox 1227 1202 1429 1272; x_wconf 84' lang='grc' dir='ltr'>τρόμου</span> <span class='ocrx_word' id='word_1_67' title='bbox 1474 1204 1568 1255; x_wconf 89' lang='lat' dir='ltr'><strong><em>zeal</em></strong></span> <span class='ocrx_word' id='word_1_68' title='bbox 1612 1203 1778 1271; x_wconf 90' lang='grc' dir='ltr'>φόϐου</span> <span class='ocrx_word' id='word_1_69' title='bbox 1813 1205 2088 1274; x_wconf 86' lang='grc' dir='ltr'>κείμενοι,</span> 
     </span>
    </p>
   </div>
   <div class='ocr_carea' id='block_1_11' title="bbox 527 1286 2093 1364">
    <p class='ocr_par' dir='ltr' id='par_1_11' title="bbox 527 1286 2093 1364">
     <span class='ocr_line' id='line_1_11' title="bbox 527 1286 2093 1364; baseline 0.006 -27"><span class='ocrx_word' id='word_1_70' title='bbox 527 1286 666 1355; x_wconf 84' lang='grc' dir='ltr'>μετά</span> <span class='ocrx_word' id='word_1_71' title='bbox 695 1287 794 1358; x_wconf 80' lang='grc' dir='ltr'>τὴν</span> <span class='ocrx_word' id='word_1_72' title='bbox 824 1289 1023 1360; x_wconf 80' lang='grc' dir='ltr'>πολλὴν</span> <span class='ocrx_word' id='word_1_73' title='bbox 1059 1290 1151 1344; x_wconf 89' lang='grc' dir='ltr'>τοῦ</span> <span class='ocrx_word' id='word_1_74' title='bbox 1206 1291 1472 1362; x_wconf 89' lang='grc' dir='ltr'>χειμῶνος</span> <span class='ocrx_word' id='word_1_75' title='bbox 1516 1293 1735 1362; x_wconf 88' lang='grc' dir='ltr'>πεῖραν,</span> <span class='ocrx_word' id='word_1_76' title='bbox 1766 1294 1860 1346; x_wconf 81' lang='grc' dir='ltr'>καὶ</span> <span class='ocrx_word' id='word_1_77' title='bbox 1886 1296 2093 1364; x_wconf 89' lang='grc' dir='ltr'>σχοῖνον</span> 
     </span>
    </p>
   </div>
   <div class='ocr_carea' id='block_1_12' title="bbox 523 1375 2090 1451">
    <p class='ocr_par' dir='ltr' id='par_1_12' title="bbox 523 1375 2090 1451">
     <span class='ocr_line' id='line_1_12' title="bbox 523 1375 2090 1451; baseline 0.007 -23"><span class='ocrx_word' id='word_1_78' title='bbox 523 1375 761 1442; x_wconf 71' lang='grc' dir='ltr'>ἕλκουσι,</span> <span class='ocrx_word' id='word_1_79' title='bbox 793 1381 885 1432; x_wconf 89' lang='lat' dir='ltr'><strong><em>zeal</em></strong></span> <span class='ocrx_word' id='word_1_80' title='bbox 921 1381 1062 1434; x_wconf 87' lang='grc' dir='ltr'>ἰστία</span> <span class='ocrx_word' id='word_1_81' title='bbox 1093 1382 1372 1450; x_wconf 82' lang='grc' dir='ltr'>ἀνάγουσι,</span> <span class='ocrx_word' id='word_1_82' title='bbox 1420 1383 1516 1436; x_wconf 88' lang='lat' dir='ltr'><strong><em>zeal</em></strong></span> <span class='ocrx_word' id='word_1_83' title='bbox 1565 1382 1766 1436; x_wconf 80' lang='grc' dir='ltr'>κωπῶν</span> <span class='ocrx_word' id='word_1_84' title='bbox 1801 1385 2090 1451; x_wconf 80' lang='grc' dir='ltr'>ἀπτονται,</span> 
     </span>
    </p>
   </div>
   <div class='ocr_carea' id='block_1_13' title="bbox 528 1466 2090 1547">
    <p class='ocr_par' dir='ltr' id='par_1_13' title="bbox 528 1466 2090 1547">
     <span class='ocr_line' id='line_1_13' title="bbox 528 1466 2090 1547; baseline 0.008 -27"><span class='ocrx_word' id='word_1_85' title='bbox 528 1466 620 1520; x_wconf 80' lang='grc' dir='ltr'>καὶ</span> <span class='ocrx_word' id='word_1_86' title='bbox 650 1472 923 1542; x_wconf 84' lang='grc' dir='ltr'>πανταχοῦ</span> <span class='ocrx_word' id='word_1_87' title='bbox 955 1472 1056 1542; x_wconf 84' lang='grc' dir='ltr'>τῆς</span> <span class='ocrx_word' id='word_1_88' title='bbox 1084 1473 1212 1543; x_wconf 81' lang='grc' dir='ltr'>νηὸς</span> <span class='ocrx_word' id='word_1_89' title='bbox 1241 1473 1380 1544; x_wconf 87' lang='grc' dir='ltr'>μετά</span> <span class='ocrx_word' id='word_1_90' title='bbox 1405 1474 1654 1540; x_wconf 73' lang='grc' dir='ltr'>εὐκολίας</span> <span class='ocrx_word' id='word_1_91' title='bbox 1689 1477 2090 1547; x_wconf 87' lang='grc' dir='ltr'>περιτρέχουσι.</span> 
     </span>
    </p>
   </div>
   <div class='ocr_carea' id='block_1_14' title="bbox 526 1559 2090 1637">
    <p class='ocr_par' dir='ltr' id='par_1_14' title="bbox 526 1559 2090 1637">
     <span class='ocr_line' id='line_1_14' title="bbox 526 1559 2090 1637; baseline 0.006 -25"><span class='ocrx_word' id='word_1_92' title='bbox 526 1559 707 1628; x_wconf 70' lang='grc' dir='ltr'>Μηδὲν</span> <span class='ocrx_word' id='word_1_93' title='bbox 754 1563 931 1616; x_wconf 88' lang='grc' dir='ltr'>τοίνυν</span> <span class='ocrx_word' id='word_1_94' title='bbox 971 1565 1115 1634; x_wconf 79' lang='grc' dir='ltr'>ὑμᾶς</span> <span class='ocrx_word' id='word_1_95' title='bbox 1159 1564 1455 1636; x_wconf 85' lang='grc' dir='ltr'>θορυϐείτω</span> <span class='ocrx_word' id='word_1_96' title='bbox 1499 1567 1612 1620; x_wconf 89' lang='grc' dir='ltr'>τῶν</span> <span class='ocrx_word' id='word_1_97' title='bbox 1653 1569 2090 1637; x_wconf 73' lang='grc' dir='ltr'>συμπιπτόντων.</span> 
     </span>
    </p>
   </div>
   <div class='ocr_carea' id='block_1_15' title="bbox 525 1647 2092 1724">
    <p class='ocr_par' dir='ltr' id='par_1_15' title="bbox 525 1647 2092 1724">
     <span class='ocr_line' id='line_1_15' title="bbox 525 1647 2092 1724; baseline 0.008 -25"><span class='ocrx_word' id='word_1_98' title='bbox 525 1647 622 1711; x_wconf 77' lang='grc' dir='ltr'>Εἰς</span> <span class='ocrx_word' id='word_1_99' title='bbox 649 1648 806 1702; x_wconf 84' lang='grc' dir='ltr'>τοῦτο</span> <span class='ocrx_word' id='word_1_100' title='bbox 841 1650 949 1722; x_wconf 88' lang='grc' dir='ltr'>γάρ</span> <span class='ocrx_word' id='word_1_101' title='bbox 978 1653 1124 1722; x_wconf 68' lang='grc' dir='ltr'>ἡμᾶς</span> <span class='ocrx_word' id='word_1_102' title='bbox 1164 1653 1504 1724; x_wconf 82' lang='grc' dir='ltr'>κατέστησαν</span> <span class='ocrx_word' id='word_1_103' title='bbox 1531 1655 1581 1708; x_wconf 83' lang='grc' dir='ltr'>οἰ</span> <span class='ocrx_word' id='word_1_104' title='bbox 1622 1654 1808 1724; x_wconf 73' lang='grc' dir='ltr'>ἐχθροὶ</span> <span class='ocrx_word' id='word_1_105' title='bbox 1846 1656 2092 1722; x_wconf 79' lang='grc' dir='ltr'>ἄκοντες,</span> 
     </span>
    </p>
   </div>
   <div class='ocr_carea' id='block_1_16' title="bbox 526 1739 2096 1816">
    <p class='ocr_par' dir='ltr' id='par_1_16' title="bbox 526 1739 2096 1816">
     <span class='ocr_line' id='line_1_16' title="bbox 526 1739 2096 1816; baseline 0.008 -27"><span class='ocrx_word' id='word_1_106' title='bbox 526 1740 607 1801; x_wconf 86' lang='grc' dir='ltr'>εἰς</span> <span class='ocrx_word' id='word_1_107' title='bbox 621 1739 683 1792; x_wconf 81' lang='grc' dir='ltr'>τὸ</span> <span class='ocrx_word' id='word_1_108' title='bbox 700 1739 1056 1810; x_wconf 74' lang='grc' dir='ltr'>μὴδύνασθαι</span> <span class='ocrx_word' id='word_1_109' title='bbox 1083 1743 1266 1806; x_wconf 89' lang='grc' dir='ltr'>κακῶς</span> <span class='ocrx_word' id='word_1_110' title='bbox 1285 1743 1481 1796; x_wconf 89' lang='grc' dir='ltr'>παθεῖν</span> <span class='ocrx_word' id='word_1_111' title='bbox 1499 1745 1673 1799; x_wconf 90' lang='grc' dir='ltr'>πάντα</span> <span class='ocrx_word' id='word_1_112' title='bbox 1697 1746 1796 1816; x_wconf 83' lang='grc' dir='ltr'>μὲν</span> <span class='ocrx_word' id='word_1_113' title='bbox 1811 1747 1991 1802; x_wconf 80' lang='grc' dir='ltr'>αὐτῶν</span> <span class='ocrx_word' id='word_1_114' title='bbox 2013 1766 2096 1802; x_wconf 77' lang='grc' dir='ltr'>κεο</span> 
     </span>
    </p>
   </div>
   <div class='ocr_carea' id='block_1_17' title="bbox 527 1827 2094 1901">
    <p class='ocr_par' dir='ltr' id='par_1_17' title="bbox 527 1827 2094 1901">
     <span class='ocr_line' id='line_1_17' title="bbox 527 1827 2094 1901; baseline 0.009 -24"><span class='ocrx_word' id='word_1_115' title='bbox 527 1827 798 1891; x_wconf 81' lang='grc' dir='ltr'>νώσαντες</span> <span class='ocrx_word' id='word_1_116' title='bbox 815 1828 884 1881; x_wconf 89' lang='grc' dir='ltr'>τά</span> <span class='ocrx_word' id='word_1_117' title='bbox 901 1829 1052 1900; x_wconf 83' lang='grc' dir='ltr'>βέλη,</span> <span class='ocrx_word' id='word_1_118' title='bbox 1076 1829 1229 1884; x_wconf 79' lang='grc' dir='ltr'>οὐδὲν</span> <span class='ocrx_word' id='word_1_119' title='bbox 1252 1829 1308 1884; x_wconf 81' lang='grc' dir='ltr'>δέ</span> <span class='ocrx_word' id='word_1_120' title='bbox 1325 1831 1486 1885; x_wconf 82' lang='grc' dir='ltr'>πλέον</span> <span class='ocrx_word' id='word_1_121' title='bbox 1508 1833 1756 1887; x_wconf 82' lang='grc' dir='ltr'>ἐντεῦθεν</span> <span class='ocrx_word' id='word_1_122' title='bbox 1776 1836 2094 1901; x_wconf 89' lang='grc' dir='ltr'>ἀνύσαντες,</span> 
     </span>
    </p>
   </div>
   <div class='ocr_carea' id='block_1_18' title="bbox 527 1915 2096 1996">
    <p class='ocr_par' dir='ltr' id='par_1_18' title="bbox 527 1915 2096 1996">
     <span class='ocr_line' id='line_1_18' title="bbox 527 1915 2096 1996; baseline 0.008 -28"><span class='ocrx_word' id='word_1_123' title='bbox 527 1915 561 1985; x_wconf 71' lang='grc' dir='ltr'>ἦ</span> <span class='ocrx_word' id='word_1_124' title='bbox 581 1916 641 1970; x_wconf 85' lang='grc' dir='ltr'>τδ</span> <span class='ocrx_word' id='word_1_125' title='bbox 664 1921 1138 1989; x_wconf 88' lang='grc' dir='ltr'>καταισχύνεσθαι,</span> <span class='ocrx_word' id='word_1_126' title='bbox 1156 1921 1250 1974; x_wconf 86' lang='lat' dir='ltr'><strong><em>zeal</em></strong></span> <span class='ocrx_word' id='word_1_127' title='bbox 1265 1921 1548 1988; x_wconf 76' lang='grc' dir='ltr'>γελᾶσθαι,</span> <span class='ocrx_word' id='word_1_128' title='bbox 1571 1924 1666 1979; x_wconf 87' lang='lat' dir='ltr'><strong><em>zeal</em></strong></span> <span class='ocrx_word' id='word_1_129' title='bbox 1680 1924 1868 1996; x_wconf 89' lang='grc' dir='ltr'>ῶσπερ</span> <span class='ocrx_word' id='word_1_130' title='bbox 1884 1928 2096 1990; x_wconf 81' lang='grc' dir='ltr'>κοινοὺς</span> 
     </span>
    </p>
   </div>
   <div class='ocr_carea' id='block_1_19' title="bbox 523 2007 2093 2086">
    <p class='ocr_par' dir='ltr' id='par_1_19' title="bbox 523 2007 2093 2086">
     <span class='ocr_line' id='line_1_19' title="bbox 523 2007 2093 2086; baseline 0.006 -26"><span class='ocrx_word' id='word_1_131' title='bbox 523 2007 626 2076; x_wconf 87' lang='grc' dir='ltr'>τῆς</span> <span class='ocrx_word' id='word_1_132' title='bbox 652 2009 976 2082; x_wconf 75' lang='grc' dir='ltr'>οἰκουμένης</span> <span class='ocrx_word' id='word_1_133' title='bbox 999 2013 1250 2084; x_wconf 81' lang='grc' dir='ltr'>ἐχθροὺς,</span> <span class='ocrx_word' id='word_1_134' title='bbox 1263 2013 1406 2068; x_wconf 81' lang='grc' dir='ltr'>οὑτω</span> <span class='ocrx_word' id='word_1_135' title='bbox 1431 2014 1708 2085; x_wconf 81' lang='grc' dir='ltr'>πανταχοῦ</span> <span class='ocrx_word' id='word_1_136' title='bbox 1733 2017 2020 2086; x_wconf 89' lang='grc' dir='ltr'>φαίνεσθαι</span> <span class='ocrx_word' id='word_1_137' title='bbox 2043 2029 2093 2070; x_wconf 75' lang='grc' dir='ltr'>ι.</span> 
     </span>
    </p>
   </div>
   <div class='ocr_carea' id='block_1_20' title="bbox 526 2096 2096 2176">
    <p class='ocr_par' dir='ltr' id='par_1_20' title="bbox 526 2096 2096 2176">
     <span class='ocr_line' id='line_1_20' title="bbox 526 2096 2096 2176; baseline 0.007 -26"><span class='ocrx_word' id='word_1_138' title='bbox 526 2096 711 2152; x_wconf 82' lang='grc' dir='ltr'>Ταῦτα</span> <span class='ocrx_word' id='word_1_139' title='bbox 740 2102 847 2154; x_wconf 89' lang='grc' dir='ltr'>τῶν</span> <span class='ocrx_word' id='word_1_140' title='bbox 872 2101 1325 2158; x_wconf 88' lang='grc' dir='ltr'>ἐπιϐουλευόντων</span> <span class='ocrx_word' id='word_1_141' title='bbox 1373 2105 1440 2158; x_wconf 92' lang='grc' dir='ltr'>τά</span> <span class='ocrx_word' id='word_1_142' title='bbox 1470 2105 1755 2176; x_wconf 76' lang='grc' dir='ltr'>ἐπίχειρα,</span> <span class='ocrx_word' id='word_1_143' title='bbox 1791 2106 1956 2161; x_wconf 75' lang='grc' dir='ltr'>τοῦτο</span> <span class='ocrx_word' id='word_1_144' title='bbox 1986 2107 2096 2161; x_wconf 90' lang='grc' dir='ltr'>τῶν</span> 
     </span>
    </p>
   </div>
   <div class='ocr_carea' id='block_1_21' title="bbox 526 2187 2096 2268">
    <p class='ocr_par' dir='ltr' id='par_1_21' title="bbox 526 2187 2096 2268">
     <span class='ocr_line' id='line_1_21' title="bbox 526 2187 2096 2268; baseline 0.006 -28"><span class='ocrx_word' id='word_1_145' title='bbox 526 2187 778 2260; x_wconf 80' lang='grc' dir='ltr'>πολέμων</span> <span class='ocrx_word' id='word_1_146' title='bbox 806 2190 868 2244; x_wconf 83' lang='grc' dir='ltr'>τὸ</span> <span class='ocrx_word' id='word_1_147' title='bbox 911 2192 1082 2255; x_wconf 80' lang='grc' dir='ltr'>τέλος.</span> <span class='ocrx_word' id='word_1_148' title='bbox 1119 2194 1314 2258; x_wconf 85' lang='lat' dir='ltr'><strong><em>Ba6al,</em></strong></span> <span class='ocrx_word' id='word_1_149' title='bbox 1365 2194 1596 2264; x_wconf 85' lang='grc' dir='ltr'>πηλίκον</span> <span class='ocrx_word' id='word_1_150' title='bbox 1638 2195 1785 2250; x_wconf 74' lang='grc' dir='ltr'>ἐστὶν</span> <span class='ocrx_word' id='word_1_151' title='bbox 1830 2197 1864 2266; x_wconf 83' lang='grc' dir='ltr'>ή</span> <span class='ocrx_word' id='word_1_152' title='bbox 1895 2196 2096 2268; x_wconf 77' lang='grc' dir='ltr'>ἀρετὴ,</span> 
     </span>
    </p>
   </div>
   <div class='ocr_carea' id='block_1_22' title="bbox 527 2278 2097 2355">
    <p class='ocr_par' dir='ltr' id='par_1_22' title="bbox 527 2278 2097 2355">
     <span class='ocr_line' id='line_1_22' title="bbox 527 2278 2097 2355; baseline 0.007 -24"><span class='ocrx_word' id='word_1_153' title='bbox 527 2279 624 2355; x_wconf 86' lang='lat' dir='ltr'><strong><em>zeal</em></strong></span> <span class='ocrx_word' id='word_1_154' title='bbox 650 2278 758 2333; x_wconf 88' lang='grc' dir='ltr'>τῶν</span> <span class='ocrx_word' id='word_1_155' title='bbox 792 2282 1074 2351; x_wconf 86' lang='grc' dir='ltr'>παρόντων</span> <span class='ocrx_word' id='word_1_156' title='bbox 1098 2283 1367 2354; x_wconf 78' lang='grc' dir='ltr'>ὑπεροψία</span> <span class='ocrx_word' id='word_1_157' title='bbox 1395 2285 1754 2355; x_wconf 85' lang='grc' dir='ltr'>πραγμάτων·</span> <span class='ocrx_word' id='word_1_158' title='bbox 1776 2285 1842 2339; x_wconf 85' lang='grc' dir='ltr'>δι’</span> <span class='ocrx_word' id='word_1_159' title='bbox 1872 2288 2097 2342; x_wconf 78' lang='grc' dir='ltr'>ἐπιϐουο</span> 
     </span>
    </p>
   </div>
   <div class='ocr_carea' id='block_1_23' title="bbox 529 2354 2096 2444">
    <p class='ocr_par' dir='ltr' id='par_1_23' title="bbox 529 2354 2096 2444">
     <span class='ocr_line' id='line_1_23' title="bbox 529 2354 2096 2444; baseline 0.006 -24"><span class='ocrx_word' id='word_1_160' title='bbox 529 2354 640 2421; x_wconf 88' lang='grc' dir='ltr'>λῶν</span> <span class='ocrx_word' id='word_1_161' title='bbox 659 2370 950 2439; x_wconf 83' lang='grc' dir='ltr'>κερδαίνει,</span> <span class='ocrx_word' id='word_1_162' title='bbox 981 2372 1069 2425; x_wconf 77' lang='grc' dir='ltr'>διὰ</span> <span class='ocrx_word' id='word_1_163' title='bbox 1095 2373 1203 2428; x_wconf 88' lang='grc' dir='ltr'>τῶν</span> <span class='ocrx_word' id='word_1_164' title='bbox 1231 2354 1686 2434; x_wconf 81' lang='grc' dir='ltr'>ἐπιϐουλευόντων</span> <span class='ocrx_word' id='word_1_165' title='bbox 1721 2375 2096 2444; x_wconf 84' lang='grc' dir='ltr'>στεφανοῦται,</span> 
     </span>
    </p>
   </div>
   <div class='ocr_carea' id='block_1_24' title="bbox 524 2456 2100 2535">
    <p class='ocr_par' dir='ltr' id='par_1_24' title="bbox 524 2456 2100 2535">
     <span class='ocr_line' id='line_1_24' title="bbox 524 2456 2100 2535; baseline 0.006 -23"><span class='ocrx_word' id='word_1_166' title='bbox 524 2456 614 2512; x_wconf 77' lang='grc' dir='ltr'>διὰ</span> <span class='ocrx_word' id='word_1_167' title='bbox 635 2459 745 2513; x_wconf 91' lang='grc' dir='ltr'>τῶν</span> <span class='ocrx_word' id='word_1_168' title='bbox 791 2461 975 2525; x_wconf 89' lang='grc' dir='ltr'>κακῶς</span> <span class='ocrx_word' id='word_1_169' title='bbox 1001 2463 1297 2518; x_wconf 82' lang='grc' dir='ltr'>ποιούντων</span> <span class='ocrx_word' id='word_1_170' title='bbox 1346 2464 1638 2535; x_wconf 87' lang='grc' dir='ltr'>διαλάμπει</span> <span class='ocrx_word' id='word_1_171' title='bbox 1684 2465 1944 2535; x_wconf 80' lang='grc' dir='ltr'>μειζόνως</span> <span class='ocrx_word' id='word_1_172' title='bbox 1968 2506 1984 2531; x_wconf 95' lang='grc'>,</span> <span class='ocrx_word' id='word_1_173' title='bbox 2012 2468 2100 2521; x_wconf 89' lang='grc' dir='ltr'>διά</span> 
     </span>
    </p>
   </div>
   <div class='ocr_carea' id='block_1_25' title="bbox 525 2545 2100 2625">
    <p class='ocr_par' dir='ltr' id='par_1_25' title="bbox 525 2545 2100 2625">
     <span class='ocr_line' id='line_1_25' title="bbox 525 2545 2100 2625; baseline 0.007 -27"><span class='ocrx_word' id='word_1_174' title='bbox 525 2545 636 2600; x_wconf 91' lang='grc' dir='ltr'>τῶν</span> <span class='ocrx_word' id='word_1_175' title='bbox 663 2547 942 2620; x_wconf 77' lang='grc' dir='ltr'>ἐπισύρειν</span> <span class='ocrx_word' id='word_1_176' title='bbox 960 2551 1378 2623; x_wconf 67' lang='grc' dir='ltr'>ἐπιχειρούντων</span> <span class='ocrx_word' id='word_1_177' title='bbox 1401 2554 1782 2625; x_wconf 74' lang='grc' dir='ltr'>ἰσχυροτέρους</span> <span class='ocrx_word' id='word_1_178' title='bbox 1811 2557 1954 2608; x_wconf 89' lang='grc' dir='ltr'>ποιεῖ</span> <span class='ocrx_word' id='word_1_179' title='bbox 1973 2557 2100 2620; x_wconf 88' lang='grc' dir='ltr'>τοὺς</span> 
     </span>
    </p>
   </div>
   <div class='ocr_carea' id='block_1_26' title="bbox 530 2634 2098 2712">
    <p class='ocr_par' dir='ltr' id='par_1_26' title="bbox 530 2634 2098 2712">
     <span class='ocr_line' id='line_1_26' title="bbox 530 2634 2098 2712; baseline 0.006 -25"><span class='ocrx_word' id='word_1_180' title='bbox 530 2634 807 2703; x_wconf 84' lang='grc' dir='ltr'>μετιόντας</span> <span class='ocrx_word' id='word_1_181' title='bbox 836 2637 1025 2707; x_wconf 78' lang='grc' dir='ltr'>αὑτὴν,</span> <span class='ocrx_word' id='word_1_182' title='bbox 1064 2638 1448 2711; x_wconf 77' lang='grc' dir='ltr'>ὑψηλοτέρους,</span> <span class='ocrx_word' id='word_1_183' title='bbox 1482 2641 1836 2712; x_wconf 85' lang='grc' dir='ltr'>ἀχειρώτους,</span> <span class='ocrx_word' id='word_1_184' title='bbox 1886 2643 2098 2696; x_wconf 85' lang='grc' dir='ltr'>ἀναλώ-</span> 
     </span>
    </p>
   </div>
   <div class='ocr_carea' id='block_1_27' title="bbox 525 2729 2097 2805">
    <p class='ocr_par' dir='ltr' id='par_1_27' title="bbox 525 2729 2097 2805">
     <span class='ocr_line' id='line_1_27' title="bbox 525 2729 2097 2805; baseline 0.007 -28"><span class='ocrx_word' id='word_1_185' title='bbox 525 2741 672 2792; x_wconf 83' lang='grc' dir='ltr'>τους,</span> <span class='ocrx_word' id='word_1_186' title='bbox 709 2729 806 2797; x_wconf 84' lang='grc' dir='ltr'>οὐχ</span> <span class='ocrx_word' id='word_1_187' title='bbox 837 2729 1037 2795; x_wconf 77' lang='grc' dir='ltr'>ὅπλων,</span> <span class='ocrx_word' id='word_1_188' title='bbox 1070 2730 1131 2783; x_wconf 89' lang='grc' dir='ltr'>οὑ</span> <span class='ocrx_word' id='word_1_189' title='bbox 1163 2731 1406 2803; x_wconf 87' lang='grc' dir='ltr'>δοράτων</span> <span class='ocrx_word' id='word_1_190' title='bbox 1433 2732 1755 2803; x_wconf 84' lang='grc' dir='ltr'>δεομένους’,</span> <span class='ocrx_word' id='word_1_191' title='bbox 1785 2736 1846 2787; x_wconf 88' lang='grc' dir='ltr'>οὐ</span> <span class='ocrx_word' id='word_1_192' title='bbox 1879 2737 2097 2805; x_wconf 81' lang='grc' dir='ltr'>τειχῶν,</span> 
     </span>
    </p>
   </div>
   <div class='ocr_carea' id='block_1_28' title="bbox 527 2817 2098 2897">
    <p class='ocr_par' dir='ltr' id='par_1_28' title="bbox 527 2817 2098 2897">
     <span class='ocr_line' id='line_1_28' title="bbox 527 2817 2098 2897; baseline 0.006 -27"><span class='ocrx_word' id='word_1_193' title='bbox 527 2817 588 2870; x_wconf 86' lang='grc' dir='ltr'>οὑ</span> <span class='ocrx_word' id='word_1_194' title='bbox 616 2817 859 2890; x_wconf 81' lang='grc' dir='ltr'>τάφρων,</span> <span class='ocrx_word' id='word_1_195' title='bbox 879 2821 940 2874; x_wconf 83' lang='grc' dir='ltr'>οὑ</span> <span class='ocrx_word' id='word_1_196' title='bbox 971 2822 1215 2892; x_wconf 87' lang='grc' dir='ltr'>πύργων,</span> <span class='ocrx_word' id='word_1_197' title='bbox 1247 2823 1308 2878; x_wconf 85' lang='grc' dir='ltr'>οὑ</span> <span class='ocrx_word' id='word_1_198' title='bbox 1347 2823 1666 2894; x_wconf 90' lang='grc' dir='ltr'>χρημάτων,</span> <span class='ocrx_word' id='word_1_199' title='bbox 1699 2825 1761 2877; x_wconf 84' lang='grc' dir='ltr'>ού</span> <span class='ocrx_word' id='word_1_200' title='bbox 1796 2827 2098 2897; x_wconf 89' lang='grc' dir='ltr'>στρατοπέ-</span> 
     </span>
    </p>
   </div>
   <div class='ocr_carea' id='block_1_29' title="bbox 527 2904 2100 2986">
    <p class='ocr_par' dir='ltr' id='par_1_29' title="bbox 527 2904 2100 2986">
     <span class='ocr_line' id='line_1_29' title="bbox 527 2904 2100 2986; baseline 0.008 -29"><span class='ocrx_word' id='word_1_201' title='bbox 527 2904 654 2969; x_wconf 80' lang='grc' dir='ltr'>δων,</span> <span class='ocrx_word' id='word_1_202' title='bbox 689 2907 824 2961; x_wconf 90' lang='grc' dir='ltr'>ἀλλά</span> <span class='ocrx_word' id='word_1_203' title='bbox 850 2908 1080 2978; x_wconf 84' lang='grc' dir='ltr'>γνώμης</span> <span class='ocrx_word' id='word_1_204' title='bbox 1107 2911 1342 2982; x_wconf 78' lang='grc' dir='ltr'>στερρᾶς</span> <span class='ocrx_word' id='word_1_205' title='bbox 1362 2911 1544 2980; x_wconf 86' lang='grc' dir='ltr'>μόνον,</span> <span class='ocrx_word' id='word_1_206' title='bbox 1577 2913 1674 2965; x_wconf 86' lang='lat' dir='ltr'><strong><em>zeal</em></strong></span> <span class='ocrx_word' id='word_1_207' title='bbox 1697 2913 2100 2986; x_wconf 87' lang='grc' dir='ltr'>ἀπεριτρέπτου</span> 
     </span>
    </p>
   </div>
   <div class='ocr_carea' id='block_1_30' title="bbox 527 2994 1994 3076">
    <p class='ocr_par' dir='ltr' id='par_1_30' title="bbox 527 2994 1994 3076">
     <span class='ocr_line' id='line_1_30' title="bbox 527 2994 1994 3076; baseline 0.006 -25"><span class='ocrx_word' id='word_1_208' title='bbox 527 2994 724 3066; x_wconf 82' lang='grc' dir='ltr'>ψυχῆς,</span> <span class='ocrx_word' id='word_1_209' title='bbox 751 2999 842 3050; x_wconf 80' lang='grc' dir='ltr'>καὶ</span> <span class='ocrx_word' id='word_1_210' title='bbox 869 3001 1049 3052; x_wconf 80' lang='grc' dir='ltr'>πᾶσαν</span> <span class='ocrx_word' id='word_1_211' title='bbox 1079 2999 1426 3072; x_wconf 80' lang='grc' dir='ltr'>ἀνθρωπίνην</span> <span class='ocrx_word' id='word_1_212' title='bbox 1447 3001 1737 3074; x_wconf 79' lang='grc' dir='ltr'>ἐπιϐουλὴν</span> <span class='ocrx_word' id='word_1_213' title='bbox 1760 3004 1994 3076; x_wconf 84' lang='grc' dir='ltr'>ἐλέγχει.</span> 
     </span>
    </p>
   </div>
   <div class='ocr_carea' id='block_1_31' title="bbox 595 3086 2099 3170">
    <p class='ocr_par' dir='ltr' id='par_1_31' title="bbox 595 3086 2099 3170">
     <span class='ocr_line' id='line_1_31' title="bbox 595 3086 2099 3170; baseline 0.004 -25"><span class='ocrx_word' id='word_1_214' title='bbox 595 3088 661 3157; x_wconf 83' lang='grc' dir='ltr'>β’.</span> <span class='ocrx_word' id='word_1_215' title='bbox 678 3088 861 3154; x_wconf 84' lang='grc' dir='ltr'>Ταῦτα</span> <span class='ocrx_word' id='word_1_216' title='bbox 875 3086 987 3154; x_wconf 80' lang='grc' dir='ltr'>οὖν,</span> <span class='ocrx_word' id='word_1_217' title='bbox 999 3091 1255 3147; x_wconf 82' lang='grc' dir='ltr'>δέσποινά</span> <span class='ocrx_word' id='word_1_218' title='bbox 1276 3108 1375 3163; x_wconf 87' lang='grc' dir='ltr'>μου</span> <span class='ocrx_word' id='word_1_219' title='bbox 1396 3092 1802 3166; x_wconf 84' lang='grc' dir='ltr'>θεοφιλεστάτη,</span> <span class='ocrx_word' id='word_1_220' title='bbox 1820 3097 1914 3150; x_wconf 86' lang='lat' dir='ltr'><strong><em>zeal</em></strong></span> <span class='ocrx_word' id='word_1_221' title='bbox 1931 3100 2099 3170; x_wconf 81' lang='grc' dir='ltr'>σαυτῇ</span> 
     </span>
    </p>
   </div>
   <div class='ocr_carea' id='block_1_32' title="bbox 530 3180 2103 3258">
    <p class='ocr_par' dir='ltr' id='par_1_32' title="bbox 530 3180 2103 3258">
     <span class='ocr_line' id='line_1_32' title="bbox 530 3180 2103 3258; baseline 0.006 -25"><span class='ocrx_word' id='word_1_222' title='bbox 530 3180 625 3234; x_wconf 89' lang='lat' dir='ltr'><strong><em>zeal</em></strong></span> <span class='ocrx_word' id='word_1_223' title='bbox 655 3183 776 3244; x_wconf 87' lang='grc' dir='ltr'>ταῖς</span> <span class='ocrx_word' id='word_1_224' title='bbox 811 3181 949 3252; x_wconf 84' lang='grc' dir='ltr'>μετά</span> <span class='ocrx_word' id='word_1_225' title='bbox 969 3204 976 3210; x_wconf 92' lang='grc'>·</span> <span class='ocrx_word' id='word_1_226' title='bbox 995 3181 1089 3236; x_wconf 92' lang='grc' dir='ltr'>σοῦ</span> <span class='ocrx_word' id='word_1_227' title='bbox 1134 3183 1226 3236; x_wconf 82' lang='grc' dir='ltr'>τὸν</span> <span class='ocrx_word' id='word_1_228' title='bbox 1262 3183 1422 3238; x_wconf 73' lang='grc' dir='ltr'>καλὸν</span> <span class='ocrx_word' id='word_1_229' title='bbox 1452 3183 1641 3238; x_wconf 90' lang='grc' dir='ltr'>τοῦτον</span> <span class='ocrx_word' id='word_1_230' title='bbox 1673 3187 1864 3255; x_wconf 88' lang='grc' dir='ltr'>ἀγῶνα</span> <span class='ocrx_word' id='word_1_231' title='bbox 1900 3188 2103 3258; x_wconf 89' lang='grc' dir='ltr'>ἀγωνι-</span> 
     </span>
    </p>
   </div>
   <div class='ocr_carea' id='block_1_33' title="bbox 529 3266 2100 3352">
    <p class='ocr_par' dir='ltr' id='par_1_33' title="bbox 529 3266 2100 3352">
     <span class='ocr_line' id='line_1_33' title="bbox 529 3266 2100 3352; baseline 0.004 -28"><span class='ocrx_word' id='word_1_232' title='bbox 529 3270 782 3345; x_wconf 82' lang='grc' dir='ltr'>ζομέναις</span> <span class='ocrx_word' id='word_1_233' title='bbox 813 3274 1109 3343; x_wconf 76' lang='grc' dir='ltr'>ἐπᾴδουσα,</span> <span class='ocrx_word' id='word_1_234' title='bbox 1144 3275 1335 3345; x_wconf 82' lang='grc' dir='ltr'>ἀνίστη</span> <span class='ocrx_word' id='word_1_235' title='bbox 1373 3275 1402 3315; x_wconf 73' lang='grc' dir='ltr'>ι)</span> <span class='ocrx_word' id='word_1_236' title='bbox 1434 3266 1503 3328; x_wconf 88' lang='grc' dir='ltr'>τά</span> <span class='ocrx_word' id='word_1_237' title='bbox 1537 3279 1860 3352; x_wconf 83' lang='grc' dir='ltr'>φρονήματα</span> <span class='ocrx_word' id='word_1_238' title='bbox 1890 3281 2100 3345; x_wconf 87' lang='grc' dir='ltr'>πασῶν,</span> 
     </span>
    </p>
   </div>
   <div class='ocr_carea' id='block_1_34' title="bbox 536 3359 2104 3440">
    <p class='ocr_par' dir='ltr' id='par_1_34' title="bbox 536 3359 2104 3440">
     <span class='ocr_line' id='line_1_34' title="bbox 536 3359 2104 3440; baseline 0.006 -25"><span class='ocrx_word' id='word_1_239' title='bbox 536 3359 911 3440; x_wconf 75' lang='grc' dir='ltr'>συγκροτοῦσά</span> <span class='ocrx_word' id='word_1_240' title='bbox 954 3381 1047 3418; x_wconf 90' lang='grc' dir='ltr'>σου</span> <span class='ocrx_word' id='word_1_241' title='bbox 1091 3365 1187 3437; x_wconf 80' lang='grc' dir='ltr'>τὴν</span> <span class='ocrx_word' id='word_1_242' title='bbox 1235 3365 1559 3440; x_wconf 81' lang='grc' dir='ltr'>παράταξιν,</span> <span class='ocrx_word' id='word_1_243' title='bbox 1592 3368 1732 3422; x_wconf 85' lang='grc' dir='ltr'>ὥστε</span> <span class='ocrx_word' id='word_1_244' title='bbox 1763 3370 1983 3424; x_wconf 82' lang='grc' dir='ltr'>διπλοῦν</span> <span class='ocrx_word' id='word_1_245' title='bbox 2011 3373 2104 3425; x_wconf 86' lang='lat' dir='ltr'><strong><em>zeal</em></strong></span> 
     </span>
    </p>
   </div>
   <div class='ocr_carea' id='block_1_35' title="bbox 535 3451 2103 3525">
    <p class='ocr_par' dir='ltr' id='par_1_35' title="bbox 535 3451 2103 3525">
     <span class='ocr_line' id='line_1_35' title="bbox 535 3451 2103 3525; baseline 0.004 -19"><span class='ocrx_word' id='word_1_246' title='bbox 535 3451 795 3525; x_wconf 86' lang='grc' dir='ltr'>τριπλοῦν</span> <span class='ocrx_word' id='word_1_247' title='bbox 828 3452 922 3506; x_wconf 84' lang='lat' dir='ltr'><strong><em>zeal</em></strong></span> <span class='ocrx_word' id='word_1_248' title='bbox 952 3453 1384 3508; x_wconf 88' lang='grc' dir='ltr'>πολλαπλασίονα</span> <span class='ocrx_word' id='word_1_249' title='bbox 1433 3457 1685 3524; x_wconf 85' lang='grc' dir='ltr'>γενέσθαι</span> <span class='ocrx_word' id='word_1_250' title='bbox 1738 3474 1820 3510; x_wconf 89' lang='grc' dir='ltr'>σοι</span> <span class='ocrx_word' id='word_1_251' title='bbox 1854 3459 1943 3512; x_wconf 89' lang='grc' dir='ltr'>τὸν</span> <span class='ocrx_word' id='word_1_252' title='bbox 1976 3462 2103 3512; x_wconf 87' lang='grc' dir='ltr'>στέ-</span> 
     </span>
    </p>
   </div>
   <div class='ocr_carea' id='block_1_36' title="bbox 531 3535 2104 3616">
    <p class='ocr_par' dir='ltr' id='par_1_36' title="bbox 531 3535 2104 3616">
     <span class='ocr_line' id='line_1_36' title="bbox 531 3535 2104 3616; baseline 0.005 -20"><span class='ocrx_word' id='word_1_253' title='bbox 531 3557 699 3612; x_wconf 78' lang='grc' dir='ltr'>φανον</span> <span class='ocrx_word' id='word_1_254' title='bbox 735 3541 833 3613; x_wconf 81' lang='grc' dir='ltr'>τῆς</span> <span class='ocrx_word' id='word_1_255' title='bbox 866 3541 1088 3613; x_wconf 82' lang='grc' dir='ltr'>ἀρετῆς,</span> <span class='ocrx_word' id='word_1_256' title='bbox 1131 3543 1199 3596; x_wconf 82' lang='grc' dir='ltr'>δι’</span> <span class='ocrx_word' id='word_1_257' title='bbox 1237 3535 1312 3597; x_wconf 83' lang='grc' dir='ltr'>ὧν</span> <span class='ocrx_word' id='word_1_258' title='bbox 1352 3561 1412 3597; x_wconf 89' lang='grc' dir='ltr'>τε</span> <span class='ocrx_word' id='word_1_259' title='bbox 1453 3545 1591 3616; x_wconf 78' lang='grc' dir='ltr'>αὑτὴ</span> <span class='ocrx_word' id='word_1_260' title='bbox 1629 3546 1892 3616; x_wconf 77' lang='grc' dir='ltr'>πάσχεις,</span> <span class='ocrx_word' id='word_1_261' title='bbox 1931 3547 1998 3601; x_wconf 80' lang='grc' dir='ltr'>δι’</span> <span class='ocrx_word' id='word_1_262' title='bbox 2026 3542 2104 3604; x_wconf 81' lang='grc' dir='ltr'>ὧν</span> 
     </span>
    </p>
   </div>
   <div class='ocr_carea' id='block_1_37' title="bbox 529 3631 2106 3703">
    <p class='ocr_par' dir='ltr' id='par_1_37' title="bbox 529 3631 2106 3703">
     <span class='ocr_line' id='line_1_37' title="bbox 529 3631 2106 3703; baseline 0.007 -19"><span class='ocrx_word' id='word_1_263' title='bbox 529 3647 591 3684; x_wconf 89' lang='grc' dir='ltr'>τε</span> <span class='ocrx_word' id='word_1_264' title='bbox 628 3631 820 3703; x_wconf 78' lang='grc' dir='ltr'>ἐτέρας</span> <span class='ocrx_word' id='word_1_265' title='bbox 839 3643 868 3685; x_wconf 77' lang='grc' dir='ltr'>ο.</span> <span class='ocrx_word' id='word_1_266' title='bbox 901 3635 982 3699; x_wconf 84' lang='grc' dir='ltr'>εἰς</span> <span class='ocrx_word' id='word_1_267' title='bbox 1019 3633 1191 3688; x_wconf 89' lang='grc' dir='ltr'>ταῦτα</span> <span class='ocrx_word' id='word_1_268' title='bbox 1225 3633 1460 3701; x_wconf 75' lang='grc' dir='ltr'>ἐνάγεις·</span> <span class='ocrx_word' id='word_1_269' title='bbox 1493 3637 1589 3690; x_wconf 90' lang='lat' dir='ltr'><strong><em>zeal</em></strong></span> <span class='ocrx_word' id='word_1_270' title='bbox 1615 3637 1876 3692; x_wconf 84' lang='grc' dir='ltr'>πείθουσα</span> <span class='ocrx_word' id='word_1_271' title='bbox 1920 3640 2106 3697; x_wconf 87' lang='grc' dir='ltr'>πάντα</span> 
     </span>
    </p>
   </div>
   <div class='ocr_carea' id='block_1_38' title="bbox 533 3722 2104 3796">
    <p class='ocr_par' dir='ltr' id='par_1_38' title="bbox 533 3722 2104 3796">
     <span class='ocr_line' id='line_1_38' title="bbox 533 3722 2104 3796; baseline 0.008 -24"><span class='ocrx_word' id='word_1_272' title='bbox 533 3722 724 3791; x_wconf 82' lang='grc' dir='ltr'>πράως</span> <span class='ocrx_word' id='word_1_273' title='bbox 748 3722 956 3792; x_wconf 85' lang='grc' dir='ltr'>φέρειν,</span> <span class='ocrx_word' id='word_1_274' title='bbox 988 3724 1083 3777; x_wconf 79' lang='grc' dir='ltr'>καὶ</span> <span class='ocrx_word' id='word_1_275' title='bbox 1118 3725 1395 3796; x_wconf 75' lang='grc' dir='ltr'>ὑπερορᾷν</span> <span class='ocrx_word' id='word_1_276' title='bbox 1425 3727 1533 3780; x_wconf 91' lang='grc' dir='ltr'>τῶν</span> <span class='ocrx_word' id='word_1_277' title='bbox 1561 3724 1759 3792; x_wconf 76' lang='grc' dir='ltr'>σκιῶν,</span> <span class='ocrx_word' id='word_1_278' title='bbox 1795 3730 1890 3784; x_wconf 88' lang='lat' dir='ltr'><strong><em>zeal</em></strong></span> <span class='ocrx_word' id='word_1_279' title='bbox 1939 3747 2104 3784; x_wconf 86' lang='grc' dir='ltr'>κατα-</span> 
     </span>
    </p>
   </div>
   <div class='ocr_carea' id='block_1_39' title="bbox 513 3811 2099 3887">
    <p class='ocr_par' dir='ltr' id='par_1_39' title="bbox 513 3811 2099 3887">
     <span class='ocr_line' id='line_1_39' title="bbox 513 3811 2099 3887; baseline 0.009 -29"><span class='ocrx_word' id='word_1_280' title='bbox 513 3813 750 3880; x_wconf 75' lang='grc' dir='ltr'>,φρονεῖν</span> <span class='ocrx_word' id='word_1_281' title='bbox 791 3811 889 3881; x_wconf 82' lang='grc' dir='ltr'>τῆς</span> <span class='ocrx_word' id='word_1_282' title='bbox 914 3812 1022 3865; x_wconf 87' lang='grc' dir='ltr'>τῶν</span> <span class='ocrx_word' id='word_1_283' title='bbox 1046 3813 1334 3883; x_wconf 86' lang='grc' dir='ltr'>ὀνειράτων</span> <span class='ocrx_word' id='word_1_284' title='bbox 1362 3815 1599 3887; x_wconf 83' lang='grc' dir='ltr'>ἀπάτης,</span> <span class='ocrx_word' id='word_1_285' title='bbox 1637 3819 1732 3870; x_wconf 81' lang='grc' dir='ltr'>καὶ</span> <span class='ocrx_word' id='word_1_286' title='bbox 1763 3823 2099 3873; x_wconf 78' lang='grc' dir='ltr'>καταπατεῖν</span> 
     </span>
    </p>
   </div>
   <div class='ocr_carea' id='block_1_40' title="bbox 533 3899 2108 3976">
    <p class='ocr_par' dir='ltr' id='par_1_40' title="bbox 533 3899 2108 3976">
     <span class='ocr_line' id='line_1_40' title="bbox 533 3899 2108 3976; baseline 0.007 -25"><span class='ocrx_word' id='word_1_287' title='bbox 533 3899 624 3952; x_wconf 82' lang='grc' dir='ltr'>τὸν</span> <span class='ocrx_word' id='word_1_288' title='bbox 655 3901 846 3970; x_wconf 81' lang='grc' dir='ltr'>πηλὸν,</span> <span class='ocrx_word' id='word_1_289' title='bbox 879 3901 972 3955; x_wconf 88' lang='lat' dir='ltr'><strong><em>zeal</em></strong></span> <span class='ocrx_word' id='word_1_290' title='bbox 996 3901 1089 3955; x_wconf 87' lang='grc' dir='ltr'>τοῦ</span> <span class='ocrx_word' id='word_1_291' title='bbox 1117 3903 1326 3957; x_wconf 88' lang='grc' dir='ltr'>καπνοῦ</span> <span class='ocrx_word' id='word_1_292' title='bbox 1371 3905 1574 3976; x_wconf 84' lang='grc' dir='ltr'>μηδένα</span> <span class='ocrx_word' id='word_1_293' title='bbox 1621 3908 1894 3959; x_wconf 90' lang='grc' dir='ltr'>ποιεῖσθαι</span> <span class='ocrx_word' id='word_1_294' title='bbox 1926 3907 2108 3976; x_wconf 91' lang='grc' dir='ltr'>λόγον,</span> 
     </span>
    </p>
   </div>
   <div class='ocr_carea' id='block_1_41' title="bbox 534 3992 2110 4066">
    <p class='ocr_par' dir='ltr' id='par_1_41' title="bbox 534 3992 2110 4066">
     <span class='ocr_line' id='line_1_41' title="bbox 534 3992 2110 4066; baseline 0.005 -22"><span class='ocrx_word' id='word_1_295' title='bbox 534 3992 631 4046; x_wconf 77' lang='grc' dir='ltr'>καὶ</span> <span class='ocrx_word' id='word_1_296' title='bbox 667 3993 767 4066; x_wconf 23' lang='grc' dir='ltr'>τΔάς</span> <span class='ocrx_word' id='word_1_297' title='bbox 808 3994 1048 4065; x_wconf 85' lang='grc' dir='ltr'>ἀράχνας</span> <span class='ocrx_word' id='word_1_298' title='bbox 1097 3995 1172 4065; x_wconf 76' lang='grc' dir='ltr'>μὴ</span> <span class='ocrx_word' id='word_1_299' title='bbox 1206 3995 1446 4065; x_wconf 78' lang='grc' dir='ltr'>νομίζειν</span> <span class='ocrx_word' id='word_1_300' title='bbox 1499 3997 1627 4066; x_wconf 84' lang='grc' dir='ltr'>ὑμῖν</span> <span class='ocrx_word' id='word_1_301' title='bbox 1662 3996 1970 4066; x_wconf 88' lang='grc' dir='ltr'>διενοχλεῖν,</span> <span class='ocrx_word' id='word_1_302' title='bbox 2016 3999 2110 4052; x_wconf 84' lang='lat' dir='ltr'><strong><em>zeal</em></strong></span> 
     </span>
    </p>
   </div>
   <div class='ocr_carea' id='block_1_42' title="bbox 533 4063 2108 4158">
    <p class='ocr_par' dir='ltr' id='par_1_42' title="bbox 533 4063 2108 4158">
     <span class='ocr_line' id='line_1_42' title="bbox 533 4063 2108 4158; baseline 0.004 -22"><span class='ocrx_word' id='word_1_303' title='bbox 533 4063 900 4156; x_wconf 77' lang='grc' dir='ltr'>παρατρέχειν</span> <span class='ocrx_word' id='word_1_304' title='bbox 918 4063 1007 4139; x_wconf 83' lang='grc' dir='ltr'>τὸν</span> <span class='ocrx_word' id='word_1_305' title='bbox 1026 4063 1328 4157; x_wconf 81' lang='grc' dir='ltr'>σηπόμενον</span> <span class='ocrx_word' id='word_1_306' title='bbox 1346 4063 1556 4158; x_wconf 79' lang='grc' dir='ltr'>χόρτον.</span> <span class='ocrx_word' id='word_1_307' title='bbox 1569 4086 1756 4142; x_wconf 89' lang='grc' dir='ltr'>Ταῦτα</span> <span class='ocrx_word' id='word_1_308' title='bbox 1771 4063 1878 4158; x_wconf 72' lang='grc' dir='ltr'>γάρ</span> <span class='ocrx_word' id='word_1_309' title='bbox 1893 4087 2108 4142; x_wconf 75' lang='grc' dir='ltr'>ἅπαντα</span> 
     </span>
    </p>
   </div>
   <div class='ocr_carea' id='block_1_43' title="bbox 532 4177 2108 4250">
    <p class='ocr_par' dir='ltr' id='par_1_43' title="bbox 532 4177 2108 4250">
     <span class='ocr_line' id='line_1_43' title="bbox 532 4177 2108 4250; baseline 0.004 -23"><span class='ocrx_word' id='word_1_310' title='bbox 532 4179 633 4246; x_wconf 77' lang='grc' dir='ltr'>τῆς</span> <span class='ocrx_word' id='word_1_311' title='bbox 662 4177 1009 4249; x_wconf 85' lang='grc' dir='ltr'>ἀνθρωπίνης</span> <span class='ocrx_word' id='word_1_312' title='bbox 1044 4177 1402 4250; x_wconf 78' lang='grc' dir='ltr'>εύημερίαςή</span> <span class='ocrx_word' id='word_1_313' title='bbox 1434 4179 1752 4248; x_wconf 86' lang='grc' dir='ltr'>ματαιότης,</span> <span class='ocrx_word' id='word_1_314' title='bbox 1785 4180 1878 4233; x_wconf 87' lang='lat' dir='ltr'><strong><em>zeal</em></strong></span> <span class='ocrx_word' id='word_1_315' title='bbox 1901 4178 2108 4234; x_wconf 89' lang='grc' dir='ltr'>τούτων</span> 
     </span>
    </p>
   </div>
   <div class='ocr_carea' id='block_1_44' title="bbox 534 4268 2106 4343">
    <p class='ocr_par' dir='ltr' id='par_1_44' title="bbox 534 4268 2106 4343">
     <span class='ocr_line' id='line_1_44' title="bbox 534 4268 2106 4343; baseline 0.003 -22"><span class='ocrx_word' id='word_1_316' title='bbox 534 4268 590 4322; x_wconf 81' lang='grc' dir='ltr'>δέ</span> <span class='ocrx_word' id='word_1_317' title='bbox 624 4269 996 4339; x_wconf 84' lang='grc' dir='ltr'>εὐτελέστερα.</span> <span class='ocrx_word' id='word_1_318' title='bbox 1033 4270 1144 4323; x_wconf 87' lang='lat' dir='ltr'>Kal</span> <span class='ocrx_word' id='word_1_319' title='bbox 1183 4270 1283 4322; x_wconf 84' lang='grc' dir='ltr'>οὑκ</span> <span class='ocrx_word' id='word_1_320' title='bbox 1319 4269 1385 4324; x_wconf 81' lang='grc' dir='ltr'>ἀν</span> <span class='ocrx_word' id='word_1_321' title='bbox 1413 4288 1497 4334; x_wconf 90' lang='grc' dir='ltr'>τις</span> <span class='ocrx_word' id='word_1_322' title='bbox 1528 4270 1725 4340; x_wconf 73' lang='grc' dir='ltr'>ῥᾳδίως</span> <span class='ocrx_word' id='word_1_323' title='bbox 1747 4271 1930 4326; x_wconf 87' lang='grc' dir='ltr'>εἰκόνα</span> <span class='ocrx_word' id='word_1_324' title='bbox 1956 4271 2106 4343; x_wconf 81' lang='grc' dir='ltr'>εὖροι</span> 
     </span>
    </p>
   </div>
   <div class='ocr_carea' id='block_1_45' title="bbox 534 4359 2109 4434">
    <p class='ocr_par' dir='ltr' id='par_1_45' title="bbox 534 4359 2109 4434">
     <span class='ocr_line' id='line_1_45' title="bbox 534 4359 2109 4434; baseline 0.004 -22"><span class='ocrx_word' id='word_1_325' title='bbox 534 4359 774 4430; x_wconf 90' lang='grc' dir='ltr'>ἀκριϐῶς</span> <span class='ocrx_word' id='word_1_326' title='bbox 804 4361 970 4431; x_wconf 79' lang='grc' dir='ltr'>αὐτῆς</span> <span class='ocrx_word' id='word_1_327' title='bbox 1011 4361 1109 4432; x_wconf 81' lang='grc' dir='ltr'>τήν</span> <span class='ocrx_word' id='word_1_328' title='bbox 1147 4363 1485 4434; x_wconf 83' lang='grc' dir='ltr'>ματαιότητα</span> <span class='ocrx_word' id='word_1_329' title='bbox 1528 4362 1899 4434; x_wconf 88' lang='grc' dir='ltr'>παριστῶσαν.</span> <span class='ocrx_word' id='word_1_330' title='bbox 1952 4365 2109 4418; x_wconf 82' lang='grc' dir='ltr'>Μετὰ</span> 
     </span>
    </p>
   </div>
   <div class='ocr_carea' id='block_1_46' title="bbox 537 4449 2105 4526">
    <p class='ocr_par' dir='ltr' id='par_1_46' title="bbox 537 4449 2105 4526">
     <span class='ocr_line' id='line_1_46' title="bbox 537 4449 2105 4526; baseline 0.005 -26"><span class='ocrx_word' id='word_1_331' title='bbox 537 4449 647 4519; x_wconf 78' lang='grc' dir='ltr'>γὰρ</span> <span class='ocrx_word' id='word_1_332' title='bbox 679 4449 776 4519; x_wconf 83' lang='grc' dir='ltr'>τῆς</span> <span class='ocrx_word' id='word_1_333' title='bbox 803 4451 1074 4514; x_wconf 83' lang='grc' dir='ltr'>οὑδενεὶας</span> <span class='ocrx_word' id='word_1_334' title='bbox 1102 4450 1306 4522; x_wconf 88' lang='grc' dir='ltr'>ταύτης</span> <span class='ocrx_word' id='word_1_335' title='bbox 1334 4451 1393 4504; x_wconf 81' lang='grc' dir='ltr'>οὐ</span> <span class='ocrx_word' id='word_1_336' title='bbox 1423 4451 1624 4520; x_wconf 73' lang='grc' dir='ltr'>μικρὰν</span> <span class='ocrx_word' id='word_1_337' title='bbox 1648 4451 1804 4521; x_wconf 84' lang='grc' dir='ltr'>φέρει</span> <span class='ocrx_word' id='word_1_338' title='bbox 1837 4452 1931 4505; x_wconf 88' lang='lat' dir='ltr'><strong><em>zeal</em></strong></span> <span class='ocrx_word' id='word_1_339' title='bbox 1954 4452 2105 4526; x_wconf 86' lang='lat'>[579]</span> 
     </span>
    </p>
   </div>
   <div class='ocr_carea' id='block_1_47' title="bbox 541 4539 2112 4612">
    <p class='ocr_par' dir='ltr' id='par_1_47' title="bbox 541 4539 2112 4612">
     <span class='ocr_line' id='line_1_47' title="bbox 541 4539 2112 4612; baseline 0.003 -20"><span class='ocrx_word' id='word_1_340' title='bbox 541 4539 744 4612; x_wconf 87' lang='grc' dir='ltr'>βλάϐην</span> <span class='ocrx_word' id='word_1_341' title='bbox 759 4544 871 4602; x_wconf 86' lang='grc' dir='ltr'>τοῖς</span> <span class='ocrx_word' id='word_1_342' title='bbox 887 4542 1022 4611; x_wconf 80' lang='grc' dir='ltr'>πρὸς</span> <span class='ocrx_word' id='word_1_343' title='bbox 1048 4539 1226 4594; x_wconf 65' lang='grc' dir='ltr'>αὑτάἀ</span> <span class='ocrx_word' id='word_1_344' title='bbox 1254 4541 1560 4611; x_wconf 82' lang='grc' dir='ltr'>κεχηνόσιν,</span> <span class='ocrx_word' id='word_1_345' title='bbox 1577 4541 1676 4593; x_wconf 83' lang='grc' dir='ltr'>οὐκ</span> <span class='ocrx_word' id='word_1_346' title='bbox 1693 4543 1750 4594; x_wconf 85' lang='grc' dir='ltr'>ἐν</span> <span class='ocrx_word' id='word_1_347' title='bbox 1764 4541 1843 4611; x_wconf 81' lang='grc' dir='ltr'>τῷ</span> <span class='ocrx_word' id='word_1_348' title='bbox 1866 4542 2112 4612; x_wconf 86' lang='grc' dir='ltr'>μέλλοντι</span> 
     </span>
    </p>
   </div>
   <div class='ocr_carea' id='block_1_48' title="bbox 542 4629 2112 4702">
    <p class='ocr_par' dir='ltr' id='par_1_48' title="bbox 542 4629 2112 4702">
     <span class='ocr_line' id='line_1_48' title="bbox 542 4629 2112 4702; baseline 0.004 -20"><span class='ocrx_word' id='word_1_349' title='bbox 542 4629 701 4699; x_wconf 89' lang='grc' dir='ltr'>μόνον</span> <span class='ocrx_word' id='word_1_350' title='bbox 728 4631 905 4696; x_wconf 83' lang='grc' dir='ltr'>αἰῶνι,</span> <span class='ocrx_word' id='word_1_351' title='bbox 940 4630 1074 4686; x_wconf 88' lang='grc' dir='ltr'>ἀλλά</span> <span class='ocrx_word' id='word_1_352' title='bbox 1103 4632 1196 4686; x_wconf 92' lang='lat' dir='ltr'><strong><em>zeal</em></strong></span> <span class='ocrx_word' id='word_1_353' title='bbox 1227 4633 1284 4685; x_wconf 84' lang='grc' dir='ltr'>ἐν</span> <span class='ocrx_word' id='word_1_354' title='bbox 1322 4631 1402 4701; x_wconf 87' lang='grc' dir='ltr'>τῷ</span> <span class='ocrx_word' id='word_1_355' title='bbox 1430 4632 1655 4702; x_wconf 90' lang='grc' dir='ltr'>παρόντι</span> <span class='ocrx_word' id='word_1_356' title='bbox 1685 4631 1806 4701; x_wconf 87' lang='grc' dir='ltr'>βίῳ,</span> <span class='ocrx_word' id='word_1_357' title='bbox 1842 4633 1938 4685; x_wconf 73' lang='grc' dir='ltr'>καὶ</span> <span class='ocrx_word' id='word_1_358' title='bbox 1972 4637 2112 4689; x_wconf 88' lang='grc' dir='ltr'>κατά</span> 
     </span>
    </p>
   </div>
   <div class='ocr_carea' id='block_1_49' title="bbox 541 4718 2107 4796">
    <p class='ocr_par' dir='ltr' id='par_1_49' title="bbox 541 4718 2107 4796">
     <span class='ocr_line' id='line_1_49' title="bbox 541 4718 2107 4796; baseline 0.002 -21"><span class='ocrx_word' id='word_1_359' title='bbox 541 4720 741 4783; x_wconf 88' lang='grc' dir='ltr'>ταύτας</span> <span class='ocrx_word' id='word_1_360' title='bbox 769 4721 866 4785; x_wconf 84' lang='grc' dir='ltr'>τάς</span> <span class='ocrx_word' id='word_1_361' title='bbox 887 4721 1122 4793; x_wconf 86' lang='grc' dir='ltr'>ὴμέρας,</span> <span class='ocrx_word' id='word_1_362' title='bbox 1149 4724 1205 4776; x_wconf 87' lang='grc' dir='ltr'>ἐν</span> <span class='ocrx_word' id='word_1_363' title='bbox 1233 4718 1320 4786; x_wconf 79' lang='grc' dir='ltr'>αἷς</span> <span class='ocrx_word' id='word_1_364' title='bbox 1331 4721 1579 4775; x_wconf 89' lang='grc' dir='ltr'>δοκοῦσιν</span> <span class='ocrx_word' id='word_1_365' title='bbox 1602 4722 1793 4786; x_wconf 86' lang='grc' dir='ltr'>αὑταῖς</span> <span class='ocrx_word' id='word_1_366' title='bbox 1816 4725 2107 4796; x_wconf 83' lang='grc' dir='ltr'>ἐντρυφᾷν.</span> 
     </span>
    </p>
   </div>
   <div class='ocr_carea' id='block_1_50' title="bbox 540 4813 2112 4886">
    <p class='ocr_par' dir='ltr' id='par_1_50' title="bbox 540 4813 2112 4886">
     <span class='ocr_line' id='line_1_50' title="bbox 540 4813 2112 4886; baseline 0.002 -19"><span class='ocrx_word' id='word_1_367' title='bbox 540 4813 806 4884; x_wconf 83' lang='grc' dir='ltr'>Καθάπερ</span> <span class='ocrx_word' id='word_1_368' title='bbox 826 4814 935 4884; x_wconf 76' lang='grc' dir='ltr'>γὰρ</span> <span class='ocrx_word' id='word_1_369' title='bbox 962 4815 993 4884; x_wconf 84' lang='grc' dir='ltr'>ή</span> <span class='ocrx_word' id='word_1_370' title='bbox 1019 4814 1209 4885; x_wconf 78' lang='grc' dir='ltr'>ἀρετὴ,</span> <span class='ocrx_word' id='word_1_371' title='bbox 1232 4814 1324 4867; x_wconf 87' lang='lat' dir='ltr'><strong><em>zeal</em></strong></span> <span class='ocrx_word' id='word_1_372' title='bbox 1343 4813 1462 4866; x_wconf 84' lang='grc' dir='ltr'>κατ’</span> <span class='ocrx_word' id='word_1_373' title='bbox 1479 4814 1642 4866; x_wconf 79' lang='grc' dir='ltr'>αὑτὸν</span> <span class='ocrx_word' id='word_1_374' title='bbox 1662 4814 1752 4867; x_wconf 81' lang='grc' dir='ltr'>τὸν</span> <span class='ocrx_word' id='word_1_375' title='bbox 1775 4815 1967 4886; x_wconf 82' lang='grc' dir='ltr'>καιρὸν</span> <span class='ocrx_word' id='word_1_376' title='bbox 1989 4817 2112 4872; x_wconf 86' lang='grc' dir='ltr'>καθ’</span> 
     </span>
    </p>
   </div>
   <div class='ocr_carea' id='block_1_51' title="bbox 539 4905 2112 4980">
    <p class='ocr_par' dir='ltr' id='par_1_51' title="bbox 539 4905 2112 4980">
     <span class='ocr_line' id='line_1_51' title="bbox 539 4905 2112 4980; baseline 0.005 -23"><span class='ocrx_word' id='word_1_377' title='bbox 539 4905 599 4957; x_wconf 81' lang='grc' dir='ltr'>ὃν</span> <span class='ocrx_word' id='word_1_378' title='bbox 632 4906 969 4975; x_wconf 80' lang='grc' dir='ltr'>πολεμεῖται,</span> <span class='ocrx_word' id='word_1_379' title='bbox 999 4908 1193 4976; x_wconf 82' lang='grc' dir='ltr'>σκιρτᾷ</span> <span class='ocrx_word' id='word_1_380' title='bbox 1213 4907 1306 4960; x_wconf 74' lang='grc' dir='ltr'>καὶ</span> <span class='ocrx_word' id='word_1_381' title='bbox 1331 4905 1532 4967; x_wconf 86' lang='grc' dir='ltr'>θάλλει,</span> <span class='ocrx_word' id='word_1_382' title='bbox 1551 4907 1645 4959; x_wconf 86' lang='lat' dir='ltr'><strong><em>zeal</em></strong></span> <span class='ocrx_word' id='word_1_383' title='bbox 1661 4908 1987 4980; x_wconf 85' lang='grc' dir='ltr'>φαιδροτέρσ.</span> <span class='ocrx_word' id='word_1_384' title='bbox 2002 4911 2056 4964; x_wconf 84' lang='grc' dir='ltr'>δε</span> <span class='ocrx_word' id='word_1_385' title='bbox 2067 4913 2112 4965; x_wconf 87' lang='grc' dir='ltr'>ί-</span> 
     </span>
    </p>
   </div>
   <div class='ocr_carea' id='block_1_52' title="bbox 543 4996 2112 5074">
    <p class='ocr_par' dir='ltr' id='par_1_52' title="bbox 543 4996 2112 5074">
     <span class='ocr_line' id='line_1_52' title="bbox 543 4996 2112 5074; baseline 0.007 -26"><span class='ocrx_word' id='word_1_386' title='bbox 543 5013 753 5050; x_wconf 74' lang='grc' dir='ltr'>κνυται·</span> <span class='ocrx_word' id='word_1_387' title='bbox 780 4996 922 5050; x_wconf 77' lang='grc' dir='ltr'>οὕτω</span> <span class='ocrx_word' id='word_1_388' title='bbox 950 4998 1091 5068; x_wconf 63' lang='grc' dir='ltr'>καλή</span> <span class='ocrx_word' id='word_1_389' title='bbox 1119 4998 1305 5062; x_wconf 89' lang='grc' dir='ltr'>κακία,</span> <span class='ocrx_word' id='word_1_390' title='bbox 1339 5000 1431 5050; x_wconf 75' lang='grc' dir='ltr'>καὶ</span> <span class='ocrx_word' id='word_1_391' title='bbox 1458 5000 1577 5052; x_wconf 85' lang='grc' dir='ltr'>κατ’</span> <span class='ocrx_word' id='word_1_392' title='bbox 1607 5002 1772 5054; x_wconf 84' lang='grc' dir='ltr'>αὑτὸν</span> <span class='ocrx_word' id='word_1_393' title='bbox 1798 5002 1890 5055; x_wconf 76' lang='grc' dir='ltr'>τὸν</span> <span class='ocrx_word' id='word_1_394' title='bbox 1920 5004 2112 5074; x_wconf 86' lang='grc' dir='ltr'>καιρὸν</span> 
     </span>
    </p>
   </div>
   <div class='ocr_carea' id='block_1_53' title="bbox 546 5089 2114 5159">
    <p class='ocr_par' dir='ltr' id='par_1_53' title="bbox 546 5089 2114 5159">
     <span class='ocr_line' id='line_1_53' title="bbox 546 5089 2114 5159; baseline 0.005 -17"><span class='ocrx_word' id='word_1_395' title='bbox 546 5089 668 5142; x_wconf 81' lang='grc' dir='ltr'>καθ’</span> <span class='ocrx_word' id='word_1_396' title='bbox 697 5089 755 5142; x_wconf 84' lang='grc' dir='ltr'>ὃν</span> <span class='ocrx_word' id='word_1_397' title='bbox 786 5090 1143 5159; x_wconf 84' lang='grc' dir='ltr'>θεραπεύεται</span> <span class='ocrx_word' id='word_1_398' title='bbox 1171 5090 1264 5144; x_wconf 86' lang='lat' dir='ltr'><strong><em>zeal</em></strong></span> <span class='ocrx_word' id='word_1_399' title='bbox 1301 5091 1677 5156; x_wconf 86' lang='grc' dir='ltr'>κολακεύεται,</span> <span class='ocrx_word' id='word_1_400' title='bbox 1705 5094 1974 5148; x_wconf 89' lang='grc' dir='ltr'>δείκνυσιν</span> <span class='ocrx_word' id='word_1_401' title='bbox 2017 5097 2114 5149; x_wconf 90' lang='grc' dir='ltr'>αὑ-</span> 
     </span>
    </p>
   </div>
   <div class='ocr_carea' id='block_1_54' title="bbox 541 5183 2114 5258">
    <p class='ocr_par' dir='ltr' id='par_1_54' title="bbox 541 5183 2114 5258">
     <span class='ocr_line' id='line_1_54' title="bbox 541 5183 2114 5258; baseline 0.001 -20"><span class='ocrx_word' id='word_1_402' title='bbox 541 5186 641 5256; x_wconf 83' lang='grc' dir='ltr'>τῆς</span> <span class='ocrx_word' id='word_1_403' title='bbox 670 5184 768 5254; x_wconf 86' lang='grc' dir='ltr'>τὴν</span> <span class='ocrx_word' id='word_1_404' title='bbox 798 5183 1101 5247; x_wconf 87' lang='grc' dir='ltr'>ἀσθένειαν,</span> <span class='ocrx_word' id='word_1_405' title='bbox 1139 5183 1234 5236; x_wconf 81' lang='grc' dir='ltr'>καὶ</span> <span class='ocrx_word' id='word_1_406' title='bbox 1265 5183 1354 5236; x_wconf 84' lang='grc' dir='ltr'>τὸν</span> <span class='ocrx_word' id='word_1_407' title='bbox 1399 5183 1565 5236; x_wconf 79' lang='grc' dir='ltr'>πολὺν</span> <span class='ocrx_word' id='word_1_408' title='bbox 1600 5183 1843 5249; x_wconf 89' lang='grc' dir='ltr'>γέλωτα,</span> <span class='ocrx_word' id='word_1_409' title='bbox 1887 5188 1982 5241; x_wconf 81' lang='lat' dir='ltr'><strong><em>zeal</em></strong></span> <span class='ocrx_word' id='word_1_410' title='bbox 2015 5187 2114 5258; x_wconf 81' lang='grc' dir='ltr'>τήν</span> 
     </span>
    </p>
   </div>
   <div class='ocr_carea' id='block_1_55' title="bbox 541 5271 2114 5344">
    <p class='ocr_par' dir='ltr' id='par_1_55' title="bbox 541 5271 2114 5344">
     <span class='ocr_line' id='line_1_55' title="bbox 541 5271 2114 5344; baseline -0.001 -15"><span class='ocrx_word' id='word_1_411' title='bbox 541 5277 748 5344; x_wconf 76' lang='grc' dir='ltr'>ἄφατον</span> <span class='ocrx_word' id='word_1_412' title='bbox 805 5273 1118 5342; x_wconf 81' lang='grc' dir='ltr'>κωμῳδίαν.</span> <span class='ocrx_word' id='word_1_413' title='bbox 1169 5271 1235 5324; x_wconf 82' lang='grc' dir='ltr'>Τί</span> <span class='ocrx_word' id='word_1_414' title='bbox 1292 5271 1437 5343; x_wconf 85' lang='grc' dir='ltr'>γὰρ,</span> <span class='ocrx_word' id='word_1_415' title='bbox 1498 5272 1620 5324; x_wconf 79' lang='grc' dir='ltr'>εἰπέ</span> <span class='ocrx_word' id='word_1_416' title='bbox 1669 5289 1784 5342; x_wconf 89' lang='grc' dir='ltr'>μοι,</span> <span class='ocrx_word' id='word_1_417' title='bbox 1832 5272 1924 5326; x_wconf 90' lang='grc' dir='ltr'>τοῦ</span> <span class='ocrx_word' id='word_1_418' title='bbox 1974 5274 2114 5328; x_wconf 80' lang='grc' dir='ltr'>Κάῖν</span> 
     </span>
    </p>
   </div>
   <div class='ocr_carea' id='block_1_56' title="bbox 543 5365 2113 5438">
    <p class='ocr_par' dir='ltr' id='par_1_56' title="bbox 543 5365 2113 5438">
     <span class='ocr_line' id='line_1_56' title="bbox 543 5365 2113 5438; baseline -0.001 -18"><span class='ocrx_word' id='word_1_419' title='bbox 543 5367 895 5438; x_wconf 83' lang='grc' dir='ltr'>ἐλεεινότερον</span> <span class='ocrx_word' id='word_1_420' title='bbox 925 5366 1136 5436; x_wconf 88' lang='grc' dir='ltr'>γέγονε,</span> <span class='ocrx_word' id='word_1_421' title='bbox 1165 5365 1261 5418; x_wconf 86' lang='lat' dir='ltr'><strong><em>zeal</em></strong></span> <span class='ocrx_word' id='word_1_422' title='bbox 1294 5365 1415 5417; x_wconf 84' lang='grc' dir='ltr'>κατ’</span> <span class='ocrx_word' id='word_1_423' title='bbox 1448 5365 1608 5418; x_wconf 83' lang='grc' dir='ltr'>αὐτὸν</span> <span class='ocrx_word' id='word_1_424' title='bbox 1635 5365 1727 5418; x_wconf 83' lang='grc' dir='ltr'>τὸν</span> <span class='ocrx_word' id='word_1_425' title='bbox 1755 5365 1968 5435; x_wconf 85' lang='grc' dir='ltr'>καιρὸν,</span> <span class='ocrx_word' id='word_1_426' title='bbox 1994 5365 2113 5419; x_wconf 88' lang='grc' dir='ltr'>καθ’</span> 
     </span>
    </p>
   </div>
   <div class='ocr_carea' id='block_1_57' title="bbox 606 5524 1477 5604">
    <p class='ocr_par' dir='ltr' id='par_1_57' title="bbox 606 5524 1477 5604">
     <span class='ocr_line' id='line_1_57' title="bbox 606 5524 1477 5604; baseline -0.001 -27"><span class='ocrx_word' id='word_1_427' title='bbox 606 5529 634 5604; x_wconf 59' lang='grc' dir='ltr'>ξ</span> <span class='ocrx_word' id='word_1_428' title='bbox 655 5527 902 5604; x_wconf 56' lang='lat' dir='ltr'>Quonmss.</span> <span class='ocrx_word' id='word_1_429' title='bbox 929 5524 1168 5604; x_wconf 69' lang='grc' dir='ltr'>πανταχοῦ</span> <span class='ocrx_word' id='word_1_430' title='bbox 1191 5527 1477 5588; x_wconf 84' lang='grc' dir='ltr'>φονεύεσθαι.</span> 
     </span>
    </p>
   </div>
   <div class='ocr_carea' id='block_1_58' title="bbox 609 5588 1155 5648">
    <p class='ocr_par' dir='ltr' id='par_1_58' title="bbox 609 5588 1155 5648">
     <span class='ocr_line' id='line_1_58' title="bbox 609 5588 1155 5648; baseline -0.005 -10"><span class='ocrx_word' id='word_1_431' title='bbox 609 5588 638 5629; x_wconf 70' lang='grc' dir='ltr'>δ</span> <span class='ocrx_word' id='word_1_432' title='bbox 666 5591 812 5638; x_wconf 80' lang='lat' dir='ltr'>Savll.</span> <span class='ocrx_word' id='word_1_433' title='bbox 833 5589 956 5648; x_wconf 83' lang='lat' dir='ltr'><strong>conj.</strong></span> <span class='ocrx_word' id='word_1_434' title='bbox 971 5588 1155 5636; x_wconf 62' lang='grc' dir='ltr'>ἀνίσῖα.</span> 
     </span>
    </p>
   </div>
   <div class='ocr_carea' id='block_1_59' title="bbox 611 5651 1858 5717">
    <p class='ocr_par' dir='ltr' id='par_1_59' title="bbox 611 5651 1858 5717">
     <span class='ocr_line' id='line_1_59' title="bbox 611 5651 1858 5717; baseline -0.003 -20"><span class='ocrx_word' id='word_1_435' title='bbox 611 5652 809 5717; x_wconf 46' lang='lat' dir='ltr'>{Daem</span> <span class='ocrx_word' id='word_1_436' title='bbox 837 5651 1034 5717; x_wconf 69' lang='grc' dir='ltr'>ἐτέρους.</span> <span class='ocrx_word' id='word_1_437' title='bbox 1070 5711 1079 5717; x_wconf 39' lang='grc'>.</span> <span class='ocrx_word' id='word_1_438' title='bbox 1155 5710 1187 5717; x_wconf 69' lang='lat'><strong>_</strong></span> <span class='ocrx_word' id='word_1_439' title='bbox 1258 5709 1269 5717; x_wconf 78' lang='lat'><em>_</em></span> <span class='ocrx_word' id='word_1_440' title='bbox 1475 5710 1486 5717; x_wconf 80' lang='lat'>_</span> <span class='ocrx_word' id='word_1_441' title='bbox 1727 5710 1744 5717; x_wconf 34' lang='grc' dir='ltr'>ι</span> <span class='ocrx_word' id='word_1_442' title='bbox 1841 5708 1858 5717; x_wconf 31' lang='grc' dir='ltr'><strong>τ</strong></span> 
     </span>
    </p>
   </div>
   <div class='ocr_carea' id='block_1_60' title="bbox 614 5709 2120 5772">
    <p class='ocr_par' dir='ltr' id='par_1_60' title="bbox 614 5709 2120 5772">
     <span class='ocr_line' id='line_1_60' title="bbox 614 5709 2120 5772; baseline -0.002 -13"><span class='ocrx_word' id='word_1_443' title='bbox 614 5710 640 5748; x_wconf 73' lang='grc' dir='ltr'><em>δ</em></span> <span class='ocrx_word' id='word_1_444' title='bbox 668 5711 812 5759; x_wconf 73' lang='lat' dir='ltr'><strong>Iidem</strong></span> <span class='ocrx_word' id='word_1_445' title='bbox 832 5709 946 5772; x_wconf 72' lang='grc' dir='ltr'>πρὸς</span> <span class='ocrx_word' id='word_1_446' title='bbox 968 5711 1128 5765; x_wconf 82' lang='grc' dir='ltr'>αὐτήν.</span> <span class='ocrx_word' id='word_1_447' title='bbox 1154 5709 1304 5772; x_wconf 53' lang='lat' dir='ltr'><strong><em>Pallio</em></strong></span> <span class='ocrx_word' id='word_1_448' title='bbox 1328 5717 1427 5772; x_wconf 74' lang='lat' dir='ltr'>posl</span> <span class='ocrx_word' id='word_1_449' title='bbox 1458 5710 1552 5756; x_wconf 71' lang='lat' dir='ltr'>dun</span> <span class='ocrx_word' id='word_1_450' title='bbox 1575 5723 1686 5759; x_wconf 73' lang='lat' dir='ltr'>mss.</span> <span class='ocrx_word' id='word_1_451' title='bbox 1723 5709 1941 5758; x_wconf 77' lang='grc' dir='ltr'>δοκοῦοιν</span> <span class='ocrx_word' id='word_1_452' title='bbox 1969 5709 2120 5767; x_wconf 65' lang='grc' dir='ltr'>αὐτῆς</span> 
     </span>
    </p>
   </div>
   <div class='ocr_carea' id='block_1_61' title="bbox 555 5770 1700 5836">
    <p class='ocr_par' dir='ltr' id='par_1_61' title="bbox 555 5770 1700 5836">
     <span class='ocr_line' id='line_1_61' title="bbox 555 5770 1700 5836; baseline -0.003 -13"><span class='ocrx_word' id='word_1_453' title='bbox 555 5777 792 5836; x_wconf 68' lang='grc' dir='ltr'>ἐντρυφᾷν,</span> <span class='ocrx_word' id='word_1_454' title='bbox 817 5770 942 5820; x_wconf 72' lang='lat' dir='ltr'>unus</span> <span class='ocrx_word' id='word_1_455' title='bbox 966 5771 1122 5827; x_wconf 71' lang='grc' dir='ltr'>αὐτοῖς</span> <span class='ocrx_word' id='word_1_456' title='bbox 1168 5770 1291 5820; x_wconf 70' lang='grc' dir='ltr'>Ειῆι.</span> <span class='ocrx_word' id='word_1_457' title='bbox 1318 5771 1491 5826; x_wconf 78' lang='grc' dir='ltr'>αὑταῖς.</span> <span class='ocrx_word' id='word_1_458' title='bbox 1697 5798 1700 5804; x_wconf 64' lang='grc' dir='ltr'><strong><em>π</em></strong></span> 
     </span>
    </p>
   </div>
   <div class='ocr_carea' id='block_1_62' title="bbox 1189 367 3759 433">
    <p class='ocr_par' dir='ltr' id='par_1_62' title="bbox 1189 367 3759 433">
     <span class='ocr_line' id='line_1_62' title="bbox 1189 367 3759 433; baseline 0.004 -10"><span class='ocrx_word' id='word_1_459' title='bbox 1189 369 1249 424; x_wconf 88' lang='lat' dir='ltr'>S.</span> <span class='ocrx_word' id='word_1_460' title='bbox 1286 367 1565 425; x_wconf 75' lang='lat' dir='ltr'>JOANNIS</span> <span class='ocrx_word' id='word_1_461' title='bbox 1600 369 2087 428; x_wconf 71' lang='lat' dir='ltr'>CHRYSOSTOMI</span> <span class='ocrx_word' id='word_1_462' title='bbox 2124 371 2440 431; x_wconf 76' lang='lat' dir='ltr'>ARCIIIEP.</span> <span class='ocrx_word' id='word_1_463' title='bbox 2476 367 3016 430; x_wconf 71' lang='lat' dir='ltr'>CONSTANTINOP.</span> <span class='ocrx_word' id='word_1_464' title='bbox 3652 377 3759 433; x_wconf 68' lang='lat'>2398</span> 
     </span>
    </p>
   </div>
   <div class='ocr_carea' id='block_1_63' title="bbox 2195 485 3757 558">
    <p class='ocr_par' dir='ltr' id='par_1_63' title="bbox 2195 485 3757 558">
     <span class='ocr_line' id='line_1_63' title="bbox 2195 485 3757 558; baseline -0.003 -15"><span class='ocrx_word' id='word_1_465' title='bbox 2195 489 2254 543; x_wconf 82' lang='grc' dir='ltr'>δν</span> <span class='ocrx_word' id='word_1_466' title='bbox 2286 488 2459 542; x_wconf 87' lang='grc' dir='ltr'>ἐδόκει</span> <span class='ocrx_word' id='word_1_467' title='bbox 2485 489 2708 558; x_wconf 87' lang='grc' dir='ltr'>κρατεῖν</span> <span class='ocrx_word' id='word_1_468' title='bbox 2734 486 2828 541; x_wconf 91' lang='grc' dir='ltr'>τοῦ</span> <span class='ocrx_word' id='word_1_469' title='bbox 2854 487 3106 553; x_wconf 84' lang='grc' dir='ltr'>ἀδελφοῦ,</span> <span class='ocrx_word' id='word_1_470' title='bbox 3139 486 3233 539; x_wconf 75' lang='lat' dir='ltr'><strong><em>zeal</em></strong></span> <span class='ocrx_word' id='word_1_471' title='bbox 3264 485 3719 556; x_wconf 83' lang='grc' dir='ltr'>περιγεγενῆσθαι</span> <span class='ocrx_word' id='word_1_472' title='bbox 3741 525 3757 547; x_wconf 97' lang='grc'>,</span> 
     </span>
    </p>
   </div>
   <div class='ocr_carea' id='block_1_64' title="bbox 2194 579 3761 653">
    <p class='ocr_par' dir='ltr' id='par_1_64' title="bbox 2194 579 3761 653">
     <span class='ocr_line' id='line_1_64' title="bbox 2194 579 3761 653; baseline -0.004 -16"><span class='ocrx_word' id='word_1_473' title='bbox 2194 584 2288 637; x_wconf 86' lang='lat' dir='ltr'><strong><em>zeal</em></strong></span> <span class='ocrx_word' id='word_1_474' title='bbox 2313 583 2407 636; x_wconf 91' lang='grc' dir='ltr'>τοῦ</span> <span class='ocrx_word' id='word_1_475' title='bbox 2441 583 2613 652; x_wconf 90' lang='grc' dir='ltr'>θυμοῦ</span> <span class='ocrx_word' id='word_1_476' title='bbox 2643 585 2738 637; x_wconf 81' lang='grc' dir='ltr'>καὶ</span> <span class='ocrx_word' id='word_1_477' title='bbox 2765 587 2864 653; x_wconf 80' lang='grc' dir='ltr'>τῆς</span> <span class='ocrx_word' id='word_1_478' title='bbox 2888 582 3055 652; x_wconf 83' lang='grc' dir='ltr'>ὀργῆς</span> <span class='ocrx_word' id='word_1_479' title='bbox 3077 579 3511 652; x_wconf 82' lang='grc' dir='ltr'>ἐμπεφορῆσθαι,</span> <span class='ocrx_word' id='word_1_480' title='bbox 3543 580 3761 649; x_wconf 74' lang='grc' dir='ltr'>ἐκείνης</span> 
     </span>
    </p>
   </div>
   <div class='ocr_carea' id='block_1_65' title="bbox 2192 674 3761 748">
    <p class='ocr_par' dir='ltr' id='par_1_65' title="bbox 2192 674 3761 748">
     <span class='ocr_line' id='line_1_65' title="bbox 2192 674 3761 748; baseline -0.003 -17"><span class='ocrx_word' id='word_1_481' title='bbox 2192 679 2294 748; x_wconf 80' lang='grc' dir='ltr'>τῆς</span> <span class='ocrx_word' id='word_1_482' title='bbox 2331 678 2518 732; x_wconf 85' lang='grc' dir='ltr'>ἀδίκου</span> <span class='ocrx_word' id='word_1_483' title='bbox 2552 680 2646 731; x_wconf 88' lang='lat' dir='ltr'><strong><em>zeal</em></strong></span> <span class='ocrx_word' id='word_1_484' title='bbox 2678 680 2954 748; x_wconf 82' lang='grc' dir='ltr'>μυσαρᾶςς</span> <span class='ocrx_word' id='word_1_485' title='bbox 3009 677 3061 729; x_wconf 88' lang='grc' dir='ltr'>τί</span> <span class='ocrx_word' id='word_1_486' title='bbox 3107 677 3162 729; x_wconf 83' lang='grc' dir='ltr'>δὲ</span> <span class='ocrx_word' id='word_1_487' title='bbox 3202 677 3300 745; x_wconf 82' lang='grc' dir='ltr'>τῆς</span> <span class='ocrx_word' id='word_1_488' title='bbox 3332 674 3509 740; x_wconf 78' lang='grc' dir='ltr'>δεξιᾶς</span> <span class='ocrx_word' id='word_1_489' title='bbox 3544 676 3761 742; x_wconf 86' lang='grc' dir='ltr'>ἐκείνης</span> 
     </span>
    </p>
   </div>
   <div class='ocr_carea' id='block_1_66' title="bbox 2193 769 3759 846">
    <p class='ocr_par' dir='ltr' id='par_1_66' title="bbox 2193 769 3759 846">
     <span class='ocr_line' id='line_1_66' title="bbox 2193 769 3759 846; baseline -0.004 -18"><span class='ocrx_word' id='word_1_490' title='bbox 2193 774 2648 846; x_wconf 88' lang='grc' dir='ltr'>ἀκαθαρτότερον,</span> <span class='ocrx_word' id='word_1_491' title='bbox 2672 778 2770 845; x_wconf 81' lang='grc' dir='ltr'>τῆς</span> <span class='ocrx_word' id='word_1_492' title='bbox 2785 774 3045 844; x_wconf 85' lang='grc' dir='ltr'>δοκούσης</span> <span class='ocrx_word' id='word_1_493' title='bbox 3065 772 3424 842; x_wconf 79' lang='grc' dir='ltr'>νενικηκέναι,</span> <span class='ocrx_word' id='word_1_494' title='bbox 3445 772 3542 840; x_wconf 85' lang='grc' dir='ltr'>τῆς</span> <span class='ocrx_word' id='word_1_495' title='bbox 3556 769 3759 833; x_wconf 82' lang='grc' dir='ltr'>δεξιᾶς,</span> 
     </span>
    </p>
   </div>
   <div class='ocr_carea' id='block_1_67' title="bbox 2193 864 3762 941">
    <p class='ocr_par' dir='ltr' id='par_1_67' title="bbox 2193 864 3762 941">
     <span class='ocr_line' id='line_1_67' title="bbox 2193 864 3762 941; baseline -0.005 -18"><span class='ocrx_word' id='word_1_496' title='bbox 2193 869 2227 939; x_wconf 77' lang='grc' dir='ltr'>ἢ</span> <span class='ocrx_word' id='word_1_497' title='bbox 2256 869 2353 941; x_wconf 80' lang='grc' dir='ltr'>τὴν</span> <span class='ocrx_word' id='word_1_498' title='bbox 2387 869 2597 941; x_wconf 77' lang='grc' dir='ltr'>πληγὴν</span> <span class='ocrx_word' id='word_1_499' title='bbox 2622 871 2922 940; x_wconf 84' lang='grc' dir='ltr'>ἐπήγαγεν,</span> <span class='ocrx_word' id='word_1_500' title='bbox 2973 868 3064 921; x_wconf 79' lang='lat' dir='ltr'><strong><em>zeal</em></strong></span> <span class='ocrx_word' id='word_1_501' title='bbox 3101 866 3193 919; x_wconf 79' lang='grc' dir='ltr'>τὸν</span> <span class='ocrx_word' id='word_1_502' title='bbox 3227 868 3384 934; x_wconf 87' lang='grc' dir='ltr'>φόνον</span> <span class='ocrx_word' id='word_1_503' title='bbox 3429 864 3762 934; x_wconf 85' lang='grc' dir='ltr'>εἰργάσατο,</span> 
     </span>
    </p>
   </div>
   <div class='ocr_carea' id='block_1_68' title="bbox 2195 959 3765 1036">
    <p class='ocr_par' dir='ltr' id='par_1_68' title="bbox 2195 959 3765 1036">
     <span class='ocr_line' id='line_1_68' title="bbox 2195 959 3765 1036; baseline -0.006 -17"><span class='ocrx_word' id='word_1_504' title='bbox 2195 967 2286 1020; x_wconf 82' lang='lat' dir='ltr'><strong><em>zeal</em></strong></span> <span class='ocrx_word' id='word_1_505' title='bbox 2316 967 2416 1036; x_wconf 85' lang='grc' dir='ltr'>τῆς</span> <span class='ocrx_word' id='word_1_506' title='bbox 2441 966 2722 1036; x_wconf 73' lang='grc' dir='ltr'>αἰσχίστης</span> <span class='ocrx_word' id='word_1_507' title='bbox 2746 965 3012 1034; x_wconf 85' lang='grc' dir='ltr'>γλώττης,</span> <span class='ocrx_word' id='word_1_508' title='bbox 3045 963 3079 1034; x_wconf 78' lang='grc' dir='ltr'>ἢ</span> <span class='ocrx_word' id='word_1_509' title='bbox 3107 962 3196 1015; x_wconf 77' lang='grc' dir='ltr'>τὸν</span> <span class='ocrx_word' id='word_1_510' title='bbox 3218 962 3367 1016; x_wconf 90' lang='grc' dir='ltr'>δόλον</span> <span class='ocrx_word' id='word_1_511' title='bbox 3408 961 3634 1032; x_wconf 79' lang='grc' dir='ltr'>ἐῤῥαψε,</span> <span class='ocrx_word' id='word_1_512' title='bbox 3666 959 3765 1012; x_wconf 88' lang='lat' dir='ltr'><strong><em>zeal</em></strong></span> 
     </span>
    </p>
   </div>
   <div class='ocr_carea' id='block_1_69' title="bbox 2193 1056 3766 1132">
    <p class='ocr_par' dir='ltr' id='par_1_69' title="bbox 2193 1056 3766 1132">
     <span class='ocr_line' id='line_1_69' title="bbox 2193 1056 3766 1132; baseline -0.003 -19"><span class='ocrx_word' id='word_1_513' title='bbox 2193 1061 2261 1114; x_wconf 89' lang='grc' dir='ltr'>τά</span> <span class='ocrx_word' id='word_1_514' title='bbox 2287 1061 2476 1116; x_wconf 89' lang='grc' dir='ltr'>δίκτυα</span> <span class='ocrx_word' id='word_1_515' title='bbox 2489 1061 2740 1132; x_wconf 77' lang='grc' dir='ltr'>ἥπλωσεν</span> <span class='ocrx_word' id='word_1_516' title='bbox 2759 1078 2775 1127; x_wconf 92' lang='lat'><strong>;</strong></span> <span class='ocrx_word' id='word_1_517' title='bbox 2804 1061 2913 1115; x_wconf 86' lang='lat' dir='ltr'>Kal</span> <span class='ocrx_word' id='word_1_518' title='bbox 2927 1060 2980 1114; x_wconf 90' lang='grc' dir='ltr'>τί</span> <span class='ocrx_word' id='word_1_519' title='bbox 3001 1060 3141 1126; x_wconf 89' lang='grc' dir='ltr'>λέγω</span> <span class='ocrx_word' id='word_1_520' title='bbox 3161 1056 3230 1110; x_wconf 88' lang='grc' dir='ltr'>τά</span> <span class='ocrx_word' id='word_1_521' title='bbox 3250 1057 3383 1128; x_wconf 82' lang='grc' dir='ltr'>μέλη</span> <span class='ocrx_word' id='word_1_522' title='bbox 3399 1059 3467 1110; x_wconf 89' lang='grc' dir='ltr'>τά</span> <span class='ocrx_word' id='word_1_523' title='bbox 3489 1056 3581 1109; x_wconf 84' lang='grc' dir='ltr'>τὸν</span> <span class='ocrx_word' id='word_1_524' title='bbox 3601 1056 3766 1125; x_wconf 85' lang='grc' dir='ltr'>φόνον</span> 
     </span>
    </p>
   </div>
   <div class='ocr_carea' id='block_1_70' title="bbox 2196 1148 3765 1227">
    <p class='ocr_par' dir='ltr' id='par_1_70' title="bbox 2196 1148 3765 1227">
     <span class='ocr_line' id='line_1_70' title="bbox 2196 1148 3765 1227; baseline -0.003 -19"><span class='ocrx_word' id='word_1_525' title='bbox 2196 1156 2576 1227; x_wconf 86' lang='grc' dir='ltr'>ἐργασάμενα;</span> <span class='ocrx_word' id='word_1_526' title='bbox 2621 1157 2728 1210; x_wconf 97' lang='lat' dir='ltr'>Kal</span> <span class='ocrx_word' id='word_1_527' title='bbox 2766 1155 2874 1226; x_wconf 84' lang='grc' dir='ltr'>γὰρ</span> <span class='ocrx_word' id='word_1_528' title='bbox 2901 1154 3020 1207; x_wconf 82' lang='grc' dir='ltr'>ὅλον</span> <span class='ocrx_word' id='word_1_529' title='bbox 3048 1155 3302 1225; x_wconf 74' lang='grc' dir='ltr'>τδ·’σῶμα</span> <span class='ocrx_word' id='word_1_530' title='bbox 3342 1151 3648 1216; x_wconf 78' lang='grc' dir='ltr'>ἐκολάζετο,</span> <span class='ocrx_word' id='word_1_531' title='bbox 3683 1148 3765 1222; x_wconf 83' lang='grc' dir='ltr'>τῷ</span> 
     </span>
    </p>
   </div>
   <div class='ocr_carea' id='block_1_71' title="bbox 2198 1246 3765 1323">
    <p class='ocr_par' dir='ltr' id='par_1_71' title="bbox 2198 1246 3765 1323">
     <span class='ocr_line' id='line_1_71' title="bbox 2198 1246 3765 1323; baseline -0.002 -21"><span class='ocrx_word' id='word_1_532' title='bbox 2198 1251 2505 1322; x_wconf 84' lang='grc' dir='ltr'>στεναγμῷ,</span> <span class='ocrx_word' id='word_1_533' title='bbox 2522 1250 2600 1321; x_wconf 85' lang='grc' dir='ltr'>τῷ</span> <span class='ocrx_word' id='word_1_534' title='bbox 2630 1251 2819 1323; x_wconf 88' lang='grc' dir='ltr'>τρόμῳ</span> <span class='ocrx_word' id='word_1_535' title='bbox 2847 1250 3108 1320; x_wconf 88' lang='grc' dir='ltr'>διηνεκῶς</span> <span class='ocrx_word' id='word_1_536' title='bbox 3129 1249 3452 1318; x_wconf 89' lang='grc' dir='ltr'>παραδοθέν.</span> <span class='ocrx_word' id='word_1_537' title='bbox 3474 1249 3540 1301; x_wconf 83' lang='grc' dir='ltr'><strong><em>Ὦ</em></strong></span> <span class='ocrx_word' id='word_1_538' title='bbox 3561 1246 3765 1302; x_wconf 91' lang='grc' dir='ltr'>καινῶν</span> 
     </span>
    </p>
   </div>
   <div class='ocr_carea' id='block_1_72' title="bbox 2187 1341 3765 1416">
    <p class='ocr_par' dir='ltr' id='par_1_72' title="bbox 2187 1341 3765 1416">
     <span class='ocr_line' id='line_1_72' title="bbox 2187 1341 3765 1416; baseline -0.002 -19"><span class='ocrx_word' id='word_1_539' title='bbox 2187 1346 2567 1415; x_wconf 80' lang='grc' dir='ltr'>’πραγμάτωνί</span> <span class='ocrx_word' id='word_1_540' title='bbox 2600 1345 2645 1399; x_wconf 86' lang='grc' dir='ltr'><strong>ὣ</strong></span> <span class='ocrx_word' id='word_1_541' title='bbox 2669 1344 2971 1416; x_wconf 81' lang='grc' dir='ltr'>παραδόξου</span> <span class='ocrx_word' id='word_1_542' title='bbox 3014 1345 3197 1416; x_wconf 81' lang='grc' dir='ltr'>νίκηςί</span> <span class='ocrx_word' id='word_1_543' title='bbox 3220 1344 3265 1397; x_wconf 80' lang='grc' dir='ltr'>ὼ</span> <span class='ocrx_word' id='word_1_544' title='bbox 3286 1343 3438 1410; x_wconf 85' lang='grc' dir='ltr'>ξένου</span> <span class='ocrx_word' id='word_1_545' title='bbox 3477 1341 3765 1412; x_wconf 78' lang='grc' dir='ltr'>τροπαίουῐ</span> 
     </span>
    </p>
   </div>
   <div class='ocr_carea' id='block_1_73' title="bbox 2207 1438 3767 1513">
    <p class='ocr_par' dir='ltr' id='par_1_73' title="bbox 2207 1438 3767 1513">
     <span class='ocr_line' id='line_1_73' title="bbox 2207 1438 3767 1513; baseline -0.002 -19"><span class='ocrx_word' id='word_1_546' title='bbox 2207 1440 2264 1494; x_wconf 87' lang='lat'><strong>&#39;0</strong></span> <span class='ocrx_word' id='word_1_547' title='bbox 2299 1443 2396 1512; x_wconf 82' lang='grc' dir='ltr'>μὲν</span> <span class='ocrx_word' id='word_1_548' title='bbox 2417 1444 2646 1510; x_wconf 72' lang='grc' dir='ltr'>σφαγεὶς</span> <span class='ocrx_word' id='word_1_549' title='bbox 2677 1442 2771 1495; x_wconf 90' lang='lat' dir='ltr'><strong><em>zeal</em></strong></span> <span class='ocrx_word' id='word_1_550' title='bbox 2796 1441 2989 1513; x_wconf 77' lang='grc' dir='ltr'>νεκρὸς</span> <span class='ocrx_word' id='word_1_551' title='bbox 3009 1441 3259 1512; x_wconf 88' lang='grc' dir='ltr'>κείμενος</span> <span class='ocrx_word' id='word_1_552' title='bbox 3291 1438 3650 1510; x_wconf 86' lang='grc' dir='ltr'>ἐστεφανοῦτο</span> <span class='ocrx_word' id='word_1_553' title='bbox 3670 1438 3767 1492; x_wconf 82' lang='grc' dir='ltr'>καὶ</span> 
     </span>
    </p>
   </div>
   <div class='ocr_carea' id='block_1_74' title="bbox 2195 1527 3766 1610">
    <p class='ocr_par' dir='ltr' id='par_1_74' title="bbox 2195 1527 3766 1610">
     <span class='ocr_line' id='line_1_74' title="bbox 2195 1527 3766 1610; baseline -0.003 -20"><span class='ocrx_word' id='word_1_554' title='bbox 2195 1527 2610 1608; x_wconf 86' lang='grc' dir='ltr'>ἀνεκηρύττετο·</span> <span class='ocrx_word' id='word_1_555' title='bbox 2632 1540 2662 1592; x_wconf 88' lang='grc' dir='ltr'>ό</span> <span class='ocrx_word' id='word_1_556' title='bbox 2680 1538 2736 1591; x_wconf 87' lang='grc' dir='ltr'>δέ</span> <span class='ocrx_word' id='word_1_557' title='bbox 2765 1540 2992 1610; x_wconf 79' lang='grc' dir='ltr'>νικήσας</span> <span class='ocrx_word' id='word_1_558' title='bbox 3017 1538 3110 1591; x_wconf 88' lang='lat' dir='ltr'><strong><em>zeal</em></strong></span> <span class='ocrx_word' id='word_1_559' title='bbox 3143 1535 3531 1608; x_wconf 81' lang='grc' dir='ltr'>περιγεγονὼς,</span> <span class='ocrx_word' id='word_1_560' title='bbox 3565 1535 3626 1587; x_wconf 87' lang='grc' dir='ltr'>οὑ</span> <span class='ocrx_word' id='word_1_561' title='bbox 3669 1532 3766 1603; x_wconf 86' lang='grc' dir='ltr'>μό-</span> 
     </span>
    </p>
   </div>
   <div class='ocr_carea' id='block_1_75' title="bbox 2194 1621 3768 1704">
    <p class='ocr_par' dir='ltr' id='par_1_75' title="bbox 2194 1621 3768 1704">
     <span class='ocr_line' id='line_1_75' title="bbox 2194 1621 3768 1704; baseline -0.004 -17"><span class='ocrx_word' id='word_1_562' title='bbox 2194 1649 2284 1686; x_wconf 91' lang='grc' dir='ltr'>νον</span> <span class='ocrx_word' id='word_1_563' title='bbox 2324 1634 2700 1704; x_wconf 86' lang='grc' dir='ltr'>ἀστεφάνωτος</span> <span class='ocrx_word' id='word_1_564' title='bbox 2745 1633 2935 1704; x_wconf 72' lang='grc' dir='ltr'>εμενεν</span> <span class='ocrx_word' id='word_1_565' title='bbox 2976 1644 3023 1699; x_wconf 76' lang='grc' dir='ltr'>ο,</span> <span class='ocrx_word' id='word_1_566' title='bbox 3072 1632 3207 1686; x_wconf 89' lang='grc' dir='ltr'>ἀλλά</span> <span class='ocrx_word' id='word_1_567' title='bbox 3261 1632 3328 1685; x_wconf 86' lang='grc' dir='ltr'>δι’</span> <span class='ocrx_word' id='word_1_568' title='bbox 3363 1631 3492 1684; x_wconf 73' lang='grc' dir='ltr'>αὐτὸ</span> <span class='ocrx_word' id='word_1_569' title='bbox 3535 1629 3632 1700; x_wconf 77' lang='grc' dir='ltr'>μὲν</span> <span class='ocrx_word' id='word_1_570' title='bbox 3671 1621 3768 1681; x_wconf 83' lang='grc' dir='ltr'>οῦν</span> 
     </span>
    </p>
   </div>
   <div class='ocr_carea' id='block_1_76' title="bbox 2194 1725 3764 1801">
    <p class='ocr_par' dir='ltr' id='par_1_76' title="bbox 2194 1725 3764 1801">
     <span class='ocr_line' id='line_1_76' title="bbox 2194 1725 3764 1801; baseline -0.001 -19"><span class='ocrx_word' id='word_1_571' title='bbox 2194 1728 2350 1801; x_wconf 76' lang='grc' dir='ltr'>τοῦτο</span> <span class='ocrx_word' id='word_1_572' title='bbox 2368 1729 2678 1794; x_wconf 75' lang='grc' dir='ltr'>ἐκολάζετο,</span> <span class='ocrx_word' id='word_1_573' title='bbox 2701 1729 2796 1783; x_wconf 89' lang='lat' dir='ltr'><strong><em>zeal</em></strong></span> <span class='ocrx_word' id='word_1_574' title='bbox 2811 1728 3109 1801; x_wconf 87' lang='grc' dir='ltr'>ἀφορήτοις</span> <span class='ocrx_word' id='word_1_575' title='bbox 3124 1728 3440 1800; x_wconf 86' lang='grc' dir='ltr'>παρεδίδοτο</span> <span class='ocrx_word' id='word_1_576' title='bbox 3450 1725 3764 1798; x_wconf 82' lang='grc' dir='ltr'>τιμωρίαις,</span> 
     </span>
    </p>
   </div>
   <div class='ocr_carea' id='block_1_77' title="bbox 2195 1821 3769 1899">
    <p class='ocr_par' dir='ltr' id='par_1_77' title="bbox 2195 1821 3769 1899">
     <span class='ocr_line' id='line_1_77' title="bbox 2195 1821 3769 1899; baseline -0.004 -20"><span class='ocrx_word' id='word_1_577' title='bbox 2195 1827 2289 1899; x_wconf 84' lang='lat' dir='ltr'><strong><em>zeal</em></strong></span> <span class='ocrx_word' id='word_1_578' title='bbox 2309 1825 2545 1896; x_wconf 87' lang='grc' dir='ltr'>διηνεκεῖ</span> <span class='ocrx_word' id='word_1_579' title='bbox 2572 1824 2807 1896; x_wconf 81' lang='grc' dir='ltr'>βασάνῳ·</span> <span class='ocrx_word' id='word_1_580' title='bbox 2841 1827 2933 1883; x_wconf 86' lang='lat' dir='ltr'><strong><em>zeal</em></strong></span> <span class='ocrx_word' id='word_1_581' title='bbox 2960 1823 3056 1878; x_wconf 85' lang='grc' dir='ltr'>τοῦ</span> <span class='ocrx_word' id='word_1_582' title='bbox 3089 1823 3409 1894; x_wconf 88' lang='grc' dir='ltr'>κινουμένου</span> <span class='ocrx_word' id='word_1_583' title='bbox 3441 1823 3532 1875; x_wconf 89' lang='lat' dir='ltr'><strong><em>zeal</em></strong></span> <span class='ocrx_word' id='word_1_584' title='bbox 3564 1821 3769 1886; x_wconf 78' lang='grc' dir='ltr'>ζῶντος</span> 
     </span>
    </p>
   </div>
   <div class='ocr_carea' id='block_1_78' title="bbox 2195 1911 3768 1993">
    <p class='ocr_par' dir='ltr' id='par_1_78' title="bbox 2195 1911 3768 1993">
     <span class='ocr_line' id='line_1_78' title="bbox 2195 1911 3768 1993; baseline -0.004 -17"><span class='ocrx_word' id='word_1_585' title='bbox 2195 1923 2291 1976; x_wconf 87' lang='lat' dir='ltr'><strong><em>zeal</em></strong></span> <span class='ocrx_word' id='word_1_586' title='bbox 2315 1922 2683 1993; x_wconf 78' lang='grc' dir='ltr'>φθεγγομένου</span> <span class='ocrx_word' id='word_1_587' title='bbox 2719 1924 2748 1976; x_wconf 85' lang='grc' dir='ltr'>ό</span> <span class='ocrx_word' id='word_1_588' title='bbox 2776 1911 3072 1991; x_wconf 87' lang='grc' dir='ltr'>πεπληγὼς</span> <span class='ocrx_word' id='word_1_589' title='bbox 3105 1921 3199 1975; x_wconf 91' lang='lat' dir='ltr'><strong><em>zeal</em></strong></span> <span class='ocrx_word' id='word_1_590' title='bbox 3244 1919 3498 1984; x_wconf 86' lang='grc' dir='ltr'>τεθνεὼς,</span> <span class='ocrx_word' id='word_1_591' title='bbox 3548 1918 3642 1972; x_wconf 84' lang='lat' dir='ltr'><strong><em>zeal</em></strong></span> <span class='ocrx_word' id='word_1_592' title='bbox 3672 1913 3768 1970; x_wconf 80' lang='grc' dir='ltr'>τοῦ</span> 
     </span>
    </p>
   </div>
   <div class='ocr_carea' id='block_1_79' title="bbox 2198 2011 3770 2091">
    <p class='ocr_par' dir='ltr' id='par_1_79' title="bbox 2198 2011 3770 2091">
     <span class='ocr_line' id='line_1_79' title="bbox 2198 2011 3770 2091; baseline -0.008 -13"><span class='ocrx_word' id='word_1_593' title='bbox 2198 2019 2569 2091; x_wconf 81' lang='grc' dir='ltr'>φθεγγομένου</span> <span class='ocrx_word' id='word_1_594' title='bbox 2605 2023 2634 2074; x_wconf 87' lang='grc' dir='ltr'>ὀ</span> <span class='ocrx_word' id='word_1_595' title='bbox 2674 2019 2888 2089; x_wconf 73' lang='grc' dir='ltr'>ἄφωνος</span> <span class='ocrx_word' id='word_1_596' title='bbox 2921 2019 3238 2090; x_wconf 80' lang='grc' dir='ltr'>κατηγόρει·</span> <span class='ocrx_word' id='word_1_597' title='bbox 3276 2017 3479 2088; x_wconf 81' lang='grc' dir='ltr'>μᾶλλον</span> <span class='ocrx_word' id='word_1_598' title='bbox 3505 2015 3561 2068; x_wconf 87' lang='grc' dir='ltr'>δέ</span> <span class='ocrx_word' id='word_1_599' title='bbox 3590 2011 3714 2067; x_wconf 76' lang='grc' dir='ltr'>οὑδέ</span> <span class='ocrx_word' id='word_1_600' title='bbox 3740 2013 3770 2066; x_wconf 87' lang='grc' dir='ltr'>δ</span> 
     </span>
    </p>
   </div>
   <div class='ocr_carea' id='block_1_80' title="bbox 2195 2093 3773 2186">
    <p class='ocr_par' dir='ltr' id='par_1_80' title="bbox 2195 2093 3773 2186">
     <span class='ocr_line' id='line_1_80' title="bbox 2195 2093 3773 2186; baseline -0.004 -18"><span class='ocrx_word' id='word_1_601' title='bbox 2195 2093 2458 2183; x_wconf 83' lang='grc' dir='ltr'>τεθνεὼς,</span> <span class='ocrx_word' id='word_1_602' title='bbox 2488 2115 2624 2170; x_wconf 89' lang='grc' dir='ltr'>ἀλλά</span> <span class='ocrx_word' id='word_1_603' title='bbox 2647 2114 2711 2168; x_wconf 78' lang='grc' dir='ltr'>τὸ</span> <span class='ocrx_word' id='word_1_604' title='bbox 2744 2115 2841 2186; x_wconf 82' lang='grc' dir='ltr'>μὲν</span> <span class='ocrx_word' id='word_1_605' title='bbox 2873 2107 3013 2183; x_wconf 70' lang='grc' dir='ltr'>αἷμα</span> <span class='ocrx_word' id='word_1_606' title='bbox 3041 2112 3219 2183; x_wconf 81' lang='grc' dir='ltr'>ψιλὸν,</span> <span class='ocrx_word' id='word_1_607' title='bbox 3253 2113 3349 2166; x_wconf 89' lang='lat' dir='ltr'><strong><em>zeal</em></strong></span> <span class='ocrx_word' id='word_1_608' title='bbox 3383 2109 3477 2164; x_wconf 86' lang='grc' dir='ltr'>τοῦ</span> <span class='ocrx_word' id='word_1_609' title='bbox 3513 2108 3773 2179; x_wconf 83' lang='grc' dir='ltr'>σώματος</span> 
     </span>
    </p>
   </div>
   <div class='ocr_carea' id='block_1_81' title="bbox 2197 2201 3767 2282">
    <p class='ocr_par' dir='ltr' id='par_1_81' title="bbox 2197 2201 3767 2282">
     <span class='ocr_line' id='line_1_81' title="bbox 2197 2201 3767 2282; baseline -0.006 -17"><span class='ocrx_word' id='word_1_610' title='bbox 2197 2210 2485 2282; x_wconf 78' lang='grc' dir='ltr'>χωρισθὲν,</span> <span class='ocrx_word' id='word_1_611' title='bbox 2505 2212 2738 2282; x_wconf 75' lang='grc' dir='ltr'>ἤρκεσεν</span> <span class='ocrx_word' id='word_1_612' title='bbox 2770 2211 2849 2272; x_wconf 89' lang='grc' dir='ltr'>εἰς</span> <span class='ocrx_word' id='word_1_613' title='bbox 2875 2207 3033 2262; x_wconf 90' lang='grc' dir='ltr'>τοῦτο</span> <span class='ocrx_word' id='word_1_614' title='bbox 3051 2207 3234 2280; x_wconf 89' lang='grc' dir='ltr'>μόνον.</span> <span class='ocrx_word' id='word_1_615' title='bbox 3254 2204 3503 2276; x_wconf 87' lang='grc' dir='ltr'>Τοσαύτη</span> <span class='ocrx_word' id='word_1_616' title='bbox 3531 2204 3639 2257; x_wconf 90' lang='grc' dir='ltr'>τῶν</span> <span class='ocrx_word' id='word_1_617' title='bbox 3685 2201 3767 2255; x_wconf 81' lang='grc' dir='ltr'>ἐνο</span> 
     </span>
    </p>
   </div>
   <div class='ocr_carea' id='block_1_82' title="bbox 2196 2295 3774 2378">
    <p class='ocr_par' dir='ltr' id='par_1_82' title="bbox 2196 2295 3774 2378">
     <span class='ocr_line' id='line_1_82' title="bbox 2196 2295 3774 2378; baseline -0.005 -19"><span class='ocrx_word' id='word_1_618' title='bbox 2196 2305 2409 2378; x_wconf 85' lang='grc' dir='ltr'>αρέτων</span> <span class='ocrx_word' id='word_1_619' title='bbox 2434 2307 2467 2376; x_wconf 86' lang='grc' dir='ltr'>ή</span> <span class='ocrx_word' id='word_1_620' title='bbox 2493 2305 2805 2376; x_wconf 88' lang='grc' dir='ltr'>περιουσία,</span> <span class='ocrx_word' id='word_1_621' title='bbox 2823 2305 2917 2359; x_wconf 83' lang='grc' dir='ltr'>καὶ</span> <span class='ocrx_word' id='word_1_622' title='bbox 2938 2303 3396 2373; x_wconf 88' lang='grc' dir='ltr'>τελευτησάντων·</span> <span class='ocrx_word' id='word_1_623' title='bbox 3413 2295 3774 2368; x_wconf 76' lang='grc' dir='ltr'>τοσαύτητῶν</span> 
     </span>
    </p>
   </div>
   <div class='ocr_carea' id='block_1_83' title="bbox 2197 2392 3772 2471">
    <p class='ocr_par' dir='ltr' id='par_1_83' title="bbox 2197 2392 3772 2471">
     <span class='ocr_line' id='line_1_83' title="bbox 2197 2392 3772 2471; baseline -0.004 -19"><span class='ocrx_word' id='word_1_624' title='bbox 2197 2400 2449 2471; x_wconf 84' lang='grc' dir='ltr'>πονηρῶν</span> <span class='ocrx_word' id='word_1_625' title='bbox 2486 2401 2520 2470; x_wconf 79' lang='grc' dir='ltr'>ἡ</span> <span class='ocrx_word' id='word_1_626' title='bbox 2556 2399 2828 2470; x_wconf 89' lang='grc' dir='ltr'>ἀθλιότης,</span> <span class='ocrx_word' id='word_1_627' title='bbox 2859 2399 2954 2452; x_wconf 87' lang='lat' dir='ltr'><strong><em>zeal</em></strong></span> <span class='ocrx_word' id='word_1_628' title='bbox 2976 2397 3214 2462; x_wconf 79' lang='grc' dir='ltr'>ζώντων.</span> <span class='ocrx_word' id='word_1_629' title='bbox 3241 2397 3305 2450; x_wconf 88' lang='grc' dir='ltr'>Εἰ</span> <span class='ocrx_word' id='word_1_630' title='bbox 3325 2395 3382 2449; x_wconf 89' lang='grc' dir='ltr'>δέ</span> <span class='ocrx_word' id='word_1_631' title='bbox 3401 2395 3460 2448; x_wconf 87' lang='grc' dir='ltr'>ἐν</span> <span class='ocrx_word' id='word_1_632' title='bbox 3483 2393 3562 2462; x_wconf 84' lang='grc' dir='ltr'>τῷ</span> <span class='ocrx_word' id='word_1_633' title='bbox 3591 2392 3772 2462; x_wconf 71' lang='grc' dir='ltr'>σιιάμ⁴</span> 
     </span>
    </p>
   </div>
   <div class='ocr_carea' id='block_1_84' title="bbox 2201 2487 3775 2568">
    <p class='ocr_par' dir='ltr' id='par_1_84' title="bbox 2201 2487 3775 2568">
     <span class='ocr_line' id='line_1_84' title="bbox 2201 2487 3775 2568; baseline -0.004 -20"><span class='ocrx_word' id='word_1_634' title='bbox 2201 2513 2328 2568; x_wconf 88' lang='grc' dir='ltr'>ματι</span> <span class='ocrx_word' id='word_1_635' title='bbox 2359 2494 2584 2549; x_wconf 86' lang='grc' dir='ltr'>τοιαῦτα</span> <span class='ocrx_word' id='word_1_636' title='bbox 2609 2494 2679 2549; x_wconf 90' lang='grc' dir='ltr'>τά</span> <span class='ocrx_word' id='word_1_637' title='bbox 2706 2493 2953 2565; x_wconf 82' lang='grc' dir='ltr'>βραδεῖα,</span> <span class='ocrx_word' id='word_1_638' title='bbox 2971 2492 3224 2562; x_wconf 87' lang='grc' dir='ltr'>ἐννόησον</span> <span class='ocrx_word' id='word_1_639' title='bbox 3244 2491 3382 2561; x_wconf 88' lang='grc' dir='ltr'>μετά</span> <span class='ocrx_word' id='word_1_640' title='bbox 3403 2491 3529 2553; x_wconf 78' lang='grc' dir='ltr'>τοὺς</span> <span class='ocrx_word' id='word_1_641' title='bbox 3554 2487 3775 2558; x_wconf 86' lang='grc' dir='ltr'>ἀγῶνας</span> 
     </span>
    </p>
   </div>
   <div class='ocr_carea' id='block_1_85' title="bbox 2199 2582 3775 2660">
    <p class='ocr_par' dir='ltr' id='par_1_85' title="bbox 2199 2582 3775 2660">
     <span class='ocr_line' id='line_1_85' title="bbox 2199 2582 3775 2660; baseline -0.006 -15"><span class='ocrx_word' id='word_1_642' title='bbox 2199 2591 2380 2660; x_wconf 80' lang='grc' dir='ltr'>ἡλίκαι</span> <span class='ocrx_word' id='word_1_643' title='bbox 2412 2592 2467 2644; x_wconf 86' lang='grc' dir='ltr'>αἰ</span> <span class='ocrx_word' id='word_1_644' title='bbox 2498 2590 2745 2660; x_wconf 77' lang='grc' dir='ltr'>ἀμοιϐαὶ,</span> <span class='ocrx_word' id='word_1_645' title='bbox 2780 2591 2838 2643; x_wconf 90' lang='grc' dir='ltr'>ἐν</span> <span class='ocrx_word' id='word_1_646' title='bbox 2870 2588 2950 2658; x_wconf 87' lang='grc' dir='ltr'>τῷ</span> <span class='ocrx_word' id='word_1_647' title='bbox 2984 2585 3163 2657; x_wconf 82' lang='grc' dir='ltr'>καιρῷ</span> <span class='ocrx_word' id='word_1_648' title='bbox 3193 2587 3294 2657; x_wconf 82' lang='grc' dir='ltr'>τῆς</span> <span class='ocrx_word' id='word_1_649' title='bbox 3336 2583 3682 2646; x_wconf 86' lang='grc' dir='ltr'>ἀντιδόσεως,</span> <span class='ocrx_word' id='word_1_650' title='bbox 3714 2582 3775 2636; x_wconf 83' lang='grc' dir='ltr'>ἐν</span> 
     </span>
    </p>
   </div>
   <div class='ocr_carea' id='block_1_86' title="bbox 2197 2671 3774 2756">
    <p class='ocr_par' dir='ltr' id='par_1_86' title="bbox 2197 2671 3774 2756">
     <span class='ocr_line' id='line_1_86' title="bbox 2197 2671 3774 2756; baseline -0.006 -18"><span class='ocrx_word' id='word_1_651' title='bbox 2197 2671 2262 2755; x_wconf 71' lang='grc' dir='ltr'>τῇ</span> <span class='ocrx_word' id='word_1_652' title='bbox 2299 2685 2532 2756; x_wconf 80' lang='grc' dir='ltr'>χορηγία</span> <span class='ocrx_word' id='word_1_653' title='bbox 2552 2684 2661 2738; x_wconf 90' lang='grc' dir='ltr'>τῶν</span> <span class='ocrx_word' id='word_1_654' title='bbox 2684 2683 2905 2754; x_wconf 78' lang='grc' dir='ltr'>ἀγαθῶν</span> <span class='ocrx_word' id='word_1_655' title='bbox 2921 2683 3167 2744; x_wconf 83' lang='grc' dir='ltr'>ἐκείνων,</span> <span class='ocrx_word' id='word_1_656' title='bbox 3181 2680 3288 2735; x_wconf 90' lang='grc' dir='ltr'>τῶν</span> <span class='ocrx_word' id='word_1_657' title='bbox 3307 2679 3487 2733; x_wconf 85' lang='grc' dir='ltr'>πάντα</span> <span class='ocrx_word' id='word_1_658' title='bbox 3507 2675 3774 2749; x_wconf 85' lang='grc' dir='ltr'>ὑπερϐαι-</span> 
     </span>
    </p>
   </div>
   <div class='ocr_carea' id='block_1_87' title="bbox 2196 2769 3775 2850">
    <p class='ocr_par' dir='ltr' id='par_1_87' title="bbox 2196 2769 3775 2850">
     <span class='ocr_line' id='line_1_87' title="bbox 2196 2769 3775 2850; baseline -0.005 -16"><span class='ocrx_word' id='word_1_659' title='bbox 2196 2781 2395 2834; x_wconf 89' lang='grc' dir='ltr'>νόντων</span> <span class='ocrx_word' id='word_1_660' title='bbox 2427 2780 2606 2849; x_wconf 88' lang='grc' dir='ltr'>λόγον.</span> <span class='ocrx_word' id='word_1_661' title='bbox 2635 2779 2717 2834; x_wconf 87' lang='grc' dir='ltr'>Τά</span> <span class='ocrx_word' id='word_1_662' title='bbox 2744 2780 2844 2850; x_wconf 76' lang='grc' dir='ltr'>μὲν</span> <span class='ocrx_word' id='word_1_663' title='bbox 2873 2778 2982 2849; x_wconf 87' lang='grc' dir='ltr'>γάρ</span> <span class='ocrx_word' id='word_1_664' title='bbox 3016 2775 3266 2848; x_wconf 91' lang='grc' dir='ltr'>λυπηρά,</span> <span class='ocrx_word' id='word_1_665' title='bbox 3299 2770 3390 2830; x_wconf 73' lang='grc' dir='ltr'>οἷα</span> <span class='ocrx_word' id='word_1_666' title='bbox 3420 2774 3488 2829; x_wconf 80' lang='grc' dir='ltr'>ἀν</span> <span class='ocrx_word' id='word_1_667' title='bbox 3519 2769 3593 2846; x_wconf 78' lang='grc' dir='ltr'>ᾖ,</span> <span class='ocrx_word' id='word_1_668' title='bbox 3625 2771 3775 2845; x_wconf 83' lang='grc' dir='ltr'>παρά</span> 
     </span>
    </p>
   </div>
   <div class='ocr_carea' id='block_1_88' title="bbox 2199 2868 3777 2950">
    <p class='ocr_par' dir='ltr' id='par_1_88' title="bbox 2199 2868 3777 2950">
     <span class='ocr_line' id='line_1_88' title="bbox 2199 2868 3777 2950; baseline -0.007 -19"><span class='ocrx_word' id='word_1_669' title='bbox 2199 2877 2504 2950; x_wconf 86' lang='grc' dir='ltr'>ἀνθρώπων</span> <span class='ocrx_word' id='word_1_670' title='bbox 2538 2876 2825 2942; x_wconf 85' lang='grc' dir='ltr'>ἐπάγεται,</span> <span class='ocrx_word' id='word_1_671' title='bbox 2854 2875 2950 2928; x_wconf 80' lang='grc' dir='ltr'>καὶ</span> <span class='ocrx_word' id='word_1_672' title='bbox 2991 2875 3235 2944; x_wconf 83' lang='grc' dir='ltr'>μιμεῖται</span> <span class='ocrx_word' id='word_1_673' title='bbox 3271 2871 3379 2924; x_wconf 92' lang='grc' dir='ltr'>τῶν</span> <span class='ocrx_word' id='word_1_674' title='bbox 3407 2868 3777 2940; x_wconf 82' lang='grc' dir='ltr'>ἐπιφερόντων</span> 
     </span>
    </p>
   </div>
   <div class='ocr_carea' id='block_1_89' title="bbox 2198 2963 3776 3044">
    <p class='ocr_par' dir='ltr' id='par_1_89' title="bbox 2198 2963 3776 3044">
     <span class='ocr_line' id='line_1_89' title="bbox 2198 2963 3776 3044; baseline -0.007 -16"><span class='ocrx_word' id='word_1_675' title='bbox 2198 2972 2297 3044; x_wconf 81' lang='grc' dir='ltr'>τήν</span> <span class='ocrx_word' id='word_1_676' title='bbox 2321 2972 2618 3027; x_wconf 84' lang='grc' dir='ltr'>εὐτέλειαν·</span> <span class='ocrx_word' id='word_1_677' title='bbox 2657 2971 2726 3024; x_wconf 87' lang='grc' dir='ltr'>τά</span> <span class='ocrx_word' id='word_1_678' title='bbox 2756 2970 2812 3023; x_wconf 79' lang='grc' dir='ltr'>δὲ</span> <span class='ocrx_word' id='word_1_679' title='bbox 2837 2968 2987 3040; x_wconf 91' lang='grc' dir='ltr'>δῶρα</span> <span class='ocrx_word' id='word_1_680' title='bbox 3019 2966 3114 3021; x_wconf 88' lang='lat' dir='ltr'><strong><em>zeal</em></strong></span> <span class='ocrx_word' id='word_1_681' title='bbox 3140 2968 3196 3020; x_wconf 86' lang='grc' dir='ltr'>αῖ</span> <span class='ocrx_word' id='word_1_682' title='bbox 3234 2965 3463 3036; x_wconf 81' lang='grc' dir='ltr'>ἀμοιϐαὶ</span> <span class='ocrx_word' id='word_1_683' title='bbox 3494 2963 3646 3034; x_wconf 85' lang='grc' dir='ltr'>παρά</span> <span class='ocrx_word' id='word_1_684' title='bbox 3678 2963 3776 3017; x_wconf 88' lang='grc' dir='ltr'>τοῦ</span> 
     </span>
    </p>
   </div>
   <div class='ocr_carea' id='block_1_90' title="bbox 2199 3056 3864 3138">
    <p class='ocr_par' dir='ltr' id='par_1_90' title="bbox 2199 3056 3864 3138">
     <span class='ocr_line' id='line_1_90' title="bbox 2199 3056 3864 3138; baseline -0.006 -17"><span class='ocrx_word' id='word_1_685' title='bbox 2199 3070 2335 3138; x_wconf 72' lang='grc' dir='ltr'>θεοῦ</span> <span class='ocrx_word' id='word_1_686' title='bbox 2368 3070 2624 3125; x_wconf 80' lang='grc' dir='ltr'>δίδονται·</span> <span class='ocrx_word' id='word_1_687' title='bbox 2649 3067 2730 3121; x_wconf 81' lang='grc' dir='ltr'>διὸ</span> <span class='ocrx_word' id='word_1_688' title='bbox 2759 3065 2856 3120; x_wconf 87' lang='lat' dir='ltr'><strong><em>zeal</em></strong></span> <span class='ocrx_word' id='word_1_689' title='bbox 2883 3062 3109 3118; x_wconf 88' lang='grc' dir='ltr'>τοιαῦτά</span> <span class='ocrx_word' id='word_1_690' title='bbox 3141 3063 3312 3127; x_wconf 87' lang='grc' dir='ltr'>ἐστιν,</span> <span class='ocrx_word' id='word_1_691' title='bbox 3342 3056 3430 3115; x_wconf 73' lang='grc' dir='ltr'>οἷα</span> <span class='ocrx_word' id='word_1_692' title='bbox 3448 3060 3596 3123; x_wconf 79' lang='grc' dir='ltr'>εἰκὸς</span> <span class='ocrx_word' id='word_1_693' title='bbox 3624 3058 3778 3130; x_wconf 82' lang='grc' dir='ltr'>παρά</span> <span class='ocrx_word' id='word_1_694' title='bbox 3858 3133 3864 3138; x_wconf 30' lang='grc'><em>.</em></span> 
     </span>
    </p>
   </div>
   <div class='ocr_carea' id='block_1_91' title="bbox 2199 3137 3779 3236">
    <p class='ocr_par' dir='ltr' id='par_1_91' title="bbox 2199 3137 3779 3236">
     <span class='ocr_line' id='line_1_91' title="bbox 2199 3137 3779 3236; baseline -0.009 -14"><span class='ocrx_word' id='word_1_695' title='bbox 2199 3137 2537 3236; x_wconf 33' lang='grc' dir='ltr'>τῆς-ἀφάτου</span> <span class='ocrx_word' id='word_1_696' title='bbox 2562 3163 2773 3236; x_wconf 75' lang='grc' dir='ltr'>δωρεᾶς</span> <span class='ocrx_word' id='word_1_697' title='bbox 2813 3161 3026 3229; x_wconf 83' lang='grc' dir='ltr'>ἐκείνης</span> <span class='ocrx_word' id='word_1_698' title='bbox 3059 3158 3334 3229; x_wconf 87' lang='grc' dir='ltr'>διδόμενα.</span> <span class='ocrx_word' id='word_1_699' title='bbox 3388 3155 3562 3227; x_wconf 74' lang='grc' dir='ltr'>Χαῖρε</span> <span class='ocrx_word' id='word_1_700' title='bbox 3597 3153 3779 3209; x_wconf 83' lang='grc' dir='ltr'>τοίνυν</span> 
     </span>
    </p>
   </div>
   <div class='ocr_carea' id='block_1_92' title="bbox 2200 3249 3780 3331">
    <p class='ocr_par' dir='ltr' id='par_1_92' title="bbox 2200 3249 3780 3331">
     <span class='ocr_line' id='line_1_92' title="bbox 2200 3249 3780 3331; baseline -0.008 -14"><span class='ocrx_word' id='word_1_701' title='bbox 2200 3263 2297 3318; x_wconf 80' lang='grc' dir='ltr'>καὶ</span> <span class='ocrx_word' id='word_1_702' title='bbox 2348 3262 2640 3331; x_wconf 81' lang='grc' dir='ltr'>εὐφραίνου</span> <span class='ocrx_word' id='word_1_703' title='bbox 2668 3299 2686 3324; x_wconf 92' lang='grc'>,</span> <span class='ocrx_word' id='word_1_704' title='bbox 2722 3256 3225 3327; x_wconf 74' lang='grc' dir='ltr'>στεφανηφοροῦσα,</span> <span class='ocrx_word' id='word_1_705' title='bbox 3263 3251 3623 3324; x_wconf 87' lang='grc' dir='ltr'>πομπεύουσα</span> <span class='ocrx_word' id='word_1_706' title='bbox 3645 3290 3658 3312; x_wconf 86' lang='grc'>,</span> <span class='ocrx_word' id='word_1_707' title='bbox 3708 3249 3780 3306; x_wconf 87' lang='grc' dir='ltr'>τά</span> 
     </span>
    </p>
   </div>
   <div class='ocr_carea' id='block_1_93' title="bbox 2201 3346 3780 3431">
    <p class='ocr_par' dir='ltr' id='par_1_93' title="bbox 2201 3346 3780 3431">
     <span class='ocr_line' id='line_1_93' title="bbox 2201 3346 3780 3431; baseline -0.009 -18"><span class='ocrx_word' id='word_1_708' title='bbox 2201 3359 2402 3431; x_wconf 89' lang='grc' dir='ltr'>κέντρα</span> <span class='ocrx_word' id='word_1_709' title='bbox 2432 3359 2542 3412; x_wconf 90' lang='grc' dir='ltr'>τῶν</span> <span class='ocrx_word' id='word_1_710' title='bbox 2587 3355 2797 3427; x_wconf 80' lang='grc' dir='ltr'>ἐχθρῶν</span> <span class='ocrx_word' id='word_1_711' title='bbox 2827 3351 3220 3408; x_wconf 87' lang='grc' dir='ltr'>καταπατοῦσα</span> <span class='ocrx_word' id='word_1_712' title='bbox 3257 3347 3477 3421; x_wconf 76' lang='grc' dir='ltr'>μᾶλλον,</span> <span class='ocrx_word' id='word_1_713' title='bbox 3527 3348 3562 3419; x_wconf 72' lang='grc' dir='ltr'>ἢ</span> <span class='ocrx_word' id='word_1_714' title='bbox 3611 3346 3780 3418; x_wconf 77' lang='grc' dir='ltr'>πηλὸν</span> 
     </span>
    </p>
   </div>
   <div class='ocr_carea' id='block_1_94' title="bbox 2199 3443 3780 3526">
    <p class='ocr_par' dir='ltr' id='par_1_94' title="bbox 2199 3443 3780 3526">
     <span class='ocr_line' id='line_1_94' title="bbox 2199 3443 3780 3526; baseline -0.007 -19"><span class='ocrx_word' id='word_1_715' title='bbox 2199 3454 2399 3526; x_wconf 62' lang='grc' dir='ltr'>ἕτεροι.</span> <span class='ocrx_word' id='word_1_716' title='bbox 2423 3455 2536 3508; x_wconf 89' lang='lat' dir='ltr'>Kal</span> <span class='ocrx_word' id='word_1_717' title='bbox 2559 3452 2719 3523; x_wconf 86' lang='grc' dir='ltr'>δήλου</span> <span class='ocrx_word' id='word_1_718' title='bbox 2745 3447 2983 3520; x_wconf 88' lang='grc' dir='ltr'>συνεχῶς</span> <span class='ocrx_word' id='word_1_719' title='bbox 3016 3450 3151 3519; x_wconf 79' lang='grc' dir='ltr'>ἡμῖν</span> <span class='ocrx_word' id='word_1_720' title='bbox 3179 3445 3249 3500; x_wconf 89' lang='grc' dir='ltr'>τά</span> <span class='ocrx_word' id='word_1_721' title='bbox 3280 3445 3410 3515; x_wconf 77' lang='grc' dir='ltr'>περὶ</span> <span class='ocrx_word' id='word_1_722' title='bbox 3434 3445 3534 3515; x_wconf 86' lang='grc' dir='ltr'>τῆς</span> <span class='ocrx_word' id='word_1_723' title='bbox 3567 3443 3780 3510; x_wconf 80' lang='grc' dir='ltr'>ὑγιείας</span> 
     </span>
    </p>
   </div>
   <div class='ocr_carea' id='block_1_95' title="bbox 2203 3537 3780 3616">
    <p class='ocr_par' dir='ltr' id='par_1_95' title="bbox 2203 3537 3780 3616">
     <span class='ocr_line' id='line_1_95' title="bbox 2203 3537 3780 3616; baseline -0.006 -11"><span class='ocrx_word' id='word_1_724' title='bbox 2203 3568 2320 3616; x_wconf 91' lang='grc' dir='ltr'>σου,</span> <span class='ocrx_word' id='word_1_725' title='bbox 2354 3551 2442 3604; x_wconf 84' lang='grc' dir='ltr'>ῖνα</span> <span class='ocrx_word' id='word_1_726' title='bbox 2469 3549 2563 3604; x_wconf 86' lang='lat' dir='ltr'><strong><em>zeal</em></strong></span> <span class='ocrx_word' id='word_1_727' title='bbox 2589 3547 2839 3601; x_wconf 87' lang='grc' dir='ltr'>ἐντεῦθεν</span> <span class='ocrx_word' id='word_1_728' title='bbox 2870 3542 3069 3614; x_wconf 80' lang='grc' dir='ltr'>πολλὴν</span> <span class='ocrx_word' id='word_1_729' title='bbox 3097 3537 3523 3613; x_wconf 84' lang='grc' dir='ltr'>καρπωσώμεθα</span> <span class='ocrx_word' id='word_1_730' title='bbox 3554 3541 3655 3611; x_wconf 76' lang='grc' dir='ltr'>τὴν</span> <span class='ocrx_word' id='word_1_731' title='bbox 3689 3540 3780 3595; x_wconf 80' lang='grc' dir='ltr'>εὑ-</span> 
     </span>
    </p>
   </div>
   <div class='ocr_carea' id='block_1_96' title="bbox 2204 3635 3780 3718">
    <p class='ocr_par' dir='ltr' id='par_1_96' title="bbox 2204 3635 3780 3718">
     <span class='ocr_line' id='line_1_96' title="bbox 2204 3635 3780 3718; baseline -0.006 -19"><span class='ocrx_word' id='word_1_732' title='bbox 2204 3645 2501 3718; x_wconf 82' lang='grc' dir='ltr'>φροσύνην.</span> <span class='ocrx_word' id='word_1_733' title='bbox 2536 3639 2710 3697; x_wconf 77' lang='grc' dir='ltr'>Οἶσθα</span> <span class='ocrx_word' id='word_1_734' title='bbox 2732 3641 2843 3711; x_wconf 84' lang='grc' dir='ltr'>γὰρ</span> <span class='ocrx_word' id='word_1_735' title='bbox 2873 3638 3029 3702; x_wconf 82' lang='grc' dir='ltr'>ὼς·οὑ</span> <span class='ocrx_word' id='word_1_736' title='bbox 3061 3636 3230 3708; x_wconf 77' lang='grc' dir='ltr'>μικρά</span> <span class='ocrx_word' id='word_1_737' title='bbox 3257 3638 3392 3707; x_wconf 77' lang='grc' dir='ltr'>ἡμῖν</span> <span class='ocrx_word' id='word_1_738' title='bbox 3420 3635 3575 3690; x_wconf 76' lang='grc' dir='ltr'>ἔσται</span> <span class='ocrx_word' id='word_1_739' title='bbox 3599 3651 3780 3707; x_wconf 80' lang='grc' dir='ltr'>παρα-</span> 
     </span>
    </p>
   </div>
   <div class='ocr_carea' id='block_1_97' title="bbox 2207 3729 3784 3813">
    <p class='ocr_par' dir='ltr' id='par_1_97' title="bbox 2207 3729 3784 3813">
     <span class='ocr_line' id='line_1_97' title="bbox 2207 3729 3784 3813; baseline -0.009 -17"><span class='ocrx_word' id='word_1_740' title='bbox 2207 3741 2395 3813; x_wconf 84' lang='grc' dir='ltr'>μυθία,</span> <span class='ocrx_word' id='word_1_741' title='bbox 2428 3740 2521 3793; x_wconf 87' lang='lat' dir='ltr'><strong><em>zeal</em></strong></span> <span class='ocrx_word' id='word_1_742' title='bbox 2542 3739 2601 3791; x_wconf 89' lang='grc' dir='ltr'>ἐν</span> <span class='ocrx_word' id='word_1_743' title='bbox 2635 3735 2837 3806; x_wconf 85' lang='grc' dir='ltr'>ἐρημίᾳ</span> <span class='ocrx_word' id='word_1_744' title='bbox 2861 3732 3214 3803; x_wconf 82' lang='grc' dir='ltr'>καθημένοις,</span> <span class='ocrx_word' id='word_1_745' title='bbox 3240 3731 3371 3784; x_wconf 79' lang='grc' dir='ltr'>ὅταν</span> <span class='ocrx_word' id='word_1_746' title='bbox 3393 3729 3633 3800; x_wconf 85' lang='grc' dir='ltr'>συνεχῶς</span> <span class='ocrx_word' id='word_1_747' title='bbox 3655 3745 3784 3800; x_wconf 86' lang='grc' dir='ltr'>μαν-</span> 
     </span>
    </p>
   </div>
   <div class='ocr_carea' id='block_1_98' title="bbox 2205 3825 3580 3906">
    <p class='ocr_par' dir='ltr' id='par_1_98' title="bbox 2205 3825 3580 3906">
     <span class='ocr_line' id='line_1_98' title="bbox 2205 3825 3580 3906; baseline -0.008 -15"><span class='ocrx_word' id='word_1_748' title='bbox 2205 3837 2454 3906; x_wconf 90' lang='grc' dir='ltr'>θάνωμεν</span> <span class='ocrx_word' id='word_1_749' title='bbox 2479 3833 2608 3903; x_wconf 69' lang='grc' dir='ltr'>περὶ</span> <span class='ocrx_word' id='word_1_750' title='bbox 2633 3832 2733 3902; x_wconf 76' lang='grc' dir='ltr'>τῆς</span> <span class='ocrx_word' id='word_1_751' title='bbox 2788 3827 3007 3900; x_wconf 83' lang='grc' dir='ltr'>ῥώσεως</span> <span class='ocrx_word' id='word_1_752' title='bbox 3024 3828 3124 3899; x_wconf 84' lang='grc' dir='ltr'>τῆς</span> <span class='ocrx_word' id='word_1_753' title='bbox 3155 3826 3274 3897; x_wconf 78' lang='grc' dir='ltr'>σῆς.</span> <span class='ocrx_word' id='word_1_754' title='bbox 3306 3825 3580 3896; x_wconf 77' lang='grc' dir='ltr'>Ἐῥρωσο.</span> 
     </span>
    </p>
   </div>
   <div class='ocr_carea' id='block_1_99' title="bbox 2514 3950 3470 4028">
    <p class='ocr_par' dir='ltr' id='par_1_99' title="bbox 2514 3950 3470 4028">
     <span class='ocr_line' id='line_1_99' title="bbox 2514 3950 3470 4028; baseline -0.005 -14"><span class='ocrx_word' id='word_1_755' title='bbox 2514 3961 2669 4028; x_wconf 85' lang='grc' dir='ltr'>Πρὸς</span> <span class='ocrx_word' id='word_1_756' title='bbox 2695 3958 2810 4027; x_wconf 79' lang='grc' dir='ltr'>τὴν</span> <span class='ocrx_word' id='word_1_757' title='bbox 2826 3955 3022 4024; x_wconf 78' lang='grc' dir='ltr'>αὐτὴν</span> <span class='ocrx_word' id='word_1_758' title='bbox 3046 3953 3342 4024; x_wconf 72' lang='grc' dir='ltr'>ἐπιστολὴ</span> <span class='ocrx_word' id='word_1_759' title='bbox 3375 3950 3470 4018; x_wconf 75' lang='grc' dir='ltr'>εἷ’.</span> 
     </span>
    </p>
   </div>
   <div class='ocr_carea' id='block_1_100' title="bbox 2276 4087 3789 4154">
    <p class='ocr_par' dir='ltr' id='par_1_100' title="bbox 2276 4087 3789 4154">
     <span class='ocr_line' id='line_1_100' title="bbox 2276 4087 3789 4154; baseline -0.005 -5"><span class='ocrx_word' id='word_1_760' title='bbox 2276 4103 2346 4151; x_wconf 91' lang='lat' dir='ltr'>a&#39;.</span> <span class='ocrx_word' id='word_1_761' title='bbox 2375 4095 2493 4148; x_wconf 79' lang='grc' dir='ltr'>Ἀπ’</span> <span class='ocrx_word' id='word_1_762' title='bbox 2515 4093 2695 4148; x_wconf 85' lang='grc' dir='ltr'>αὑτῶν</span> <span class='ocrx_word' id='word_1_763' title='bbox 2715 4090 2918 4154; x_wconf 81' lang='grc' dir='ltr'>ἀναϐάς</span> <span class='ocrx_word' id='word_1_764' title='bbox 2934 4091 3042 4144; x_wconf 90' lang='grc' dir='ltr'>τῶν</span> <span class='ocrx_word' id='word_1_765' title='bbox 3066 4089 3161 4145; x_wconf 86' lang='grc' dir='ltr'>τοῦ</span> <span class='ocrx_word' id='word_1_766' title='bbox 3182 4090 3414 4145; x_wconf 91' lang='grc' dir='ltr'>θανάτου</span> <span class='ocrx_word' id='word_1_767' title='bbox 3437 4087 3641 4154; x_wconf 89' lang='grc' dir='ltr'>πυλῶν,</span> <span class='ocrx_word' id='word_1_768' title='bbox 3663 4088 3789 4144; x_wconf 86' lang='grc' dir='ltr'>ταῦ-</span> 
     </span>
    </p>
   </div>
   <div class='ocr_carea' id='block_1_101' title="bbox 2203 4189 3788 4265">
    <p class='ocr_par' dir='ltr' id='par_1_101' title="bbox 2203 4189 3788 4265">
     <span class='ocr_line' id='line_1_101' title="bbox 2203 4189 3788 4265; baseline -0.005 -14"><span class='ocrx_word' id='word_1_769' title='bbox 2203 4215 2275 4251; x_wconf 90' lang='grc' dir='ltr'>τα</span> <span class='ocrx_word' id='word_1_770' title='bbox 2289 4195 2586 4251; x_wconf 85' lang='grc' dir='ltr'>ἐπιστέλλω</span> <span class='ocrx_word' id='word_1_771' title='bbox 2609 4195 2743 4265; x_wconf 81' lang='grc' dir='ltr'>πρὸς</span> <span class='ocrx_word' id='word_1_772' title='bbox 2758 4192 2855 4263; x_wconf 80' lang='grc' dir='ltr'>τὴν</span> <span class='ocrx_word' id='word_1_773' title='bbox 2876 4192 2974 4261; x_wconf 81' lang='grc' dir='ltr'>σὴν</span> <span class='ocrx_word' id='word_1_774' title='bbox 2992 4192 3327 4262; x_wconf 86' lang='grc' dir='ltr'>κοσμιότητα</span> <span class='ocrx_word' id='word_1_775' title='bbox 3341 4206 3355 4220; x_wconf 91' lang='grc'>·</span> <span class='ocrx_word' id='word_1_776' title='bbox 3373 4191 3452 4244; x_wconf 86' lang='grc' dir='ltr'>διὸ</span> <span class='ocrx_word' id='word_1_777' title='bbox 3471 4189 3565 4244; x_wconf 88' lang='lat' dir='ltr'><strong><em>zeal</em></strong></span> <span class='ocrx_word' id='word_1_778' title='bbox 3579 4189 3788 4261; x_wconf 88' lang='grc' dir='ltr'>σφόδρα</span> 
     </span>
    </p>
   </div>
   <div class='ocr_carea' id='block_1_102' title="bbox 2203 4287 3788 4370">
    <p class='ocr_par' dir='ltr' id='par_1_102' title="bbox 2203 4287 3788 4370">
     <span class='ocr_line' id='line_1_102' title="bbox 2203 4287 3788 4370; baseline -0.004 -18"><span class='ocrx_word' id='word_1_779' title='bbox 2203 4298 2402 4370; x_wconf 71' lang='grc' dir='ltr'>ἣσθην,</span> <span class='ocrx_word' id='word_1_780' title='bbox 2420 4296 2502 4350; x_wconf 84' lang='grc' dir='ltr'>ὅτι</span> <span class='ocrx_word' id='word_1_781' title='bbox 2526 4291 2622 4347; x_wconf 92' lang='grc' dir='ltr'>νῦν</span> <span class='ocrx_word' id='word_1_782' title='bbox 2647 4293 3026 4362; x_wconf 87' lang='grc' dir='ltr'>ἀπηντήκασιν</span> <span class='ocrx_word' id='word_1_783' title='bbox 3046 4292 3094 4343; x_wconf 88' lang='grc' dir='ltr'>οί</span> <span class='ocrx_word' id='word_1_784' title='bbox 3117 4291 3305 4354; x_wconf 89' lang='grc' dir='ltr'>παῖδες</span> <span class='ocrx_word' id='word_1_785' title='bbox 3322 4291 3402 4352; x_wconf 88' lang='grc' dir='ltr'>εἰς</span> <span class='ocrx_word' id='word_1_786' title='bbox 3420 4289 3615 4361; x_wconf 84' lang='grc' dir='ltr'>λιμένα</span> <span class='ocrx_word' id='word_1_787' title='bbox 3633 4287 3788 4363; x_wconf 78' lang='lat'>[580]</span> 
     </span>
    </p>
   </div>
   <div class='ocr_carea' id='block_1_103' title="bbox 2205 4389 3792 4468">
    <p class='ocr_par' dir='ltr' id='par_1_103' title="bbox 2205 4389 3792 4468">
     <span class='ocr_line' id='line_1_103' title="bbox 2205 4389 3792 4468; baseline -0.006 -15"><span class='ocrx_word' id='word_1_788' title='bbox 2205 4399 2396 4453; x_wconf 74' lang='grc' dir='ltr'>λοιπὸν</span> <span class='ocrx_word' id='word_1_789' title='bbox 2410 4394 2728 4468; x_wconf 76' lang='grc' dir='ltr'>όρμίζουσιν</span> <span class='ocrx_word' id='word_1_790' title='bbox 2749 4395 2900 4464; x_wconf 79' lang='grc' dir='ltr'>ἡμῖν.</span> <span class='ocrx_word' id='word_1_791' title='bbox 2918 4392 2979 4445; x_wconf 88' lang='grc' dir='ltr'>Εἰ</span> <span class='ocrx_word' id='word_1_792' title='bbox 2999 4391 3109 4462; x_wconf 86' lang='grc' dir='ltr'>γὰρ</span> <span class='ocrx_word' id='word_1_793' title='bbox 3129 4391 3373 4461; x_wconf 87' lang='grc' dir='ltr'>πελαγίῳ</span> <span class='ocrx_word' id='word_1_794' title='bbox 3396 4408 3487 4462; x_wconf 90' lang='grc' dir='ltr'>μοι</span> <span class='ocrx_word' id='word_1_795' title='bbox 3511 4389 3792 4444; x_wconf 84' lang='grc' dir='ltr'>σαλεύοντι</span> 
     </span>
    </p>
   </div>
   <div class='ocr_carea' id='block_1_104' title="bbox 2209 4487 3792 4564">
    <p class='ocr_par' dir='ltr' id='par_1_104' title="bbox 2209 4487 3792 4564">
     <span class='ocr_line' id='line_1_104' title="bbox 2209 4487 3792 4564; baseline -0.006 -13"><span class='ocrx_word' id='word_1_796' title='bbox 2209 4498 2311 4564; x_wconf 77' lang='grc' dir='ltr'>ἐτι,</span> <span class='ocrx_word' id='word_1_797' title='bbox 2342 4498 2434 4550; x_wconf 82' lang='lat' dir='ltr'><strong><em>zeal</em></strong></span> <span class='ocrx_word' id='word_1_798' title='bbox 2466 4487 2534 4548; x_wconf 77' lang='grc' dir='ltr'>τά</span> <span class='ocrx_word' id='word_1_799' title='bbox 2584 4492 2797 4564; x_wconf 88' lang='grc' dir='ltr'>χαλεπά</span> <span class='ocrx_word' id='word_1_800' title='bbox 2833 4494 2932 4563; x_wconf 81' lang='grc' dir='ltr'>τῆς</span> <span class='ocrx_word' id='word_1_801' title='bbox 2969 4490 3277 4563; x_wconf 73' lang='grc' dir='ltr'>ἀρρωστίας</span> <span class='ocrx_word' id='word_1_802' title='bbox 3314 4490 3657 4561; x_wconf 82' lang='grc' dir='ltr'>ἐκδεχομένῳ</span> <span class='ocrx_word' id='word_1_803' title='bbox 3691 4487 3792 4543; x_wconf 88' lang='grc' dir='ltr'>κύ-</span> 
     </span>
    </p>
   </div>
   <div class='ocr_carea' id='block_1_105' title="bbox 2211 4587 3791 4670">
    <p class='ocr_par' dir='ltr' id='par_1_105' title="bbox 2211 4587 3791 4670">
     <span class='ocr_line' id='line_1_105' title="bbox 2211 4587 3791 4670; baseline -0.004 -17"><span class='ocrx_word' id='word_1_804' title='bbox 2211 4615 2358 4670; x_wconf 88' lang='grc' dir='ltr'>ματα</span> <span class='ocrx_word' id='word_1_805' title='bbox 2390 4598 2751 4666; x_wconf 82' lang='grc' dir='ltr'>συνήντησαν,</span> <span class='ocrx_word' id='word_1_806' title='bbox 2788 4593 2907 4646; x_wconf 86' lang='grc' dir='ltr'>οὑδέ</span> <span class='ocrx_word' id='word_1_807' title='bbox 2947 4592 3226 4665; x_wconf 84' lang='grc' dir='ltr'>ἀπατῆσαί</span> <span class='ocrx_word' id='word_1_808' title='bbox 3263 4610 3353 4664; x_wconf 93' lang='grc' dir='ltr'>μοι</span> <span class='ocrx_word' id='word_1_809' title='bbox 3385 4591 3565 4663; x_wconf 78' lang='grc' dir='ltr'>ῥᾴδιον</span> <span class='ocrx_word' id='word_1_810' title='bbox 3591 4587 3660 4662; x_wconf 78' lang='grc' dir='ltr'>ἦν</span> <span class='ocrx_word' id='word_1_811' title='bbox 3692 4591 3791 4663; x_wconf 79' lang='grc' dir='ltr'>τὴν</span> 
     </span>
    </p>
   </div>
   <div class='ocr_carea' id='block_1_106' title="bbox 2212 4691 3790 4770">
    <p class='ocr_par' dir='ltr' id='par_1_106' title="bbox 2212 4691 3790 4770">
     <span class='ocr_line' id='line_1_106' title="bbox 2212 4691 3790 4770; baseline -0.003 -19"><span class='ocrx_word' id='word_1_812' title='bbox 2212 4699 2314 4770; x_wconf 81' lang='grc' dir='ltr'>σὴν</span> <span class='ocrx_word' id='word_1_813' title='bbox 2346 4695 2652 4760; x_wconf 86' lang='grc' dir='ltr'>εὐλάϐειαν,</span> <span class='ocrx_word' id='word_1_814' title='bbox 2679 4691 2891 4765; x_wconf 91' lang='grc' dir='ltr'>χρηστά</span> <span class='ocrx_word' id='word_1_815' title='bbox 2918 4692 3040 4745; x_wconf 70' lang='grc' dir='ltr'>ἀντὶ</span> <span class='ocrx_word' id='word_1_816' title='bbox 3064 4691 3339 4762; x_wconf 88' lang='grc' dir='ltr'>δυσχερῶν</span> <span class='ocrx_word' id='word_1_817' title='bbox 3371 4691 3790 4760; x_wconf 78' lang='grc' dir='ltr'>ἀπαγγέλλοντι.</span> 
     </span>
    </p>
   </div>
   <div class='ocr_carea' id='block_1_107' title="bbox 2210 4790 3794 4869">
    <p class='ocr_par' dir='ltr' id='par_1_107' title="bbox 2210 4790 3794 4869">
     <span class='ocr_line' id='line_1_107' title="bbox 2210 4790 3794 4869; baseline -0.007 -16"><span class='ocrx_word' id='word_1_818' title='bbox 2210 4799 2326 4854; x_wconf 85' lang='lat' dir='ltr'>Kal</span> <span class='ocrx_word' id='word_1_819' title='bbox 2357 4797 2465 4869; x_wconf 88' lang='grc' dir='ltr'>γάρ</span> <span class='ocrx_word' id='word_1_820' title='bbox 2499 4797 2528 4850; x_wconf 88' lang='grc' dir='ltr'>ὑ</span> <span class='ocrx_word' id='word_1_821' title='bbox 2575 4794 2781 4865; x_wconf 84' lang='grc' dir='ltr'>χειμὼν</span> <span class='ocrx_word' id='word_1_822' title='bbox 2820 4794 2913 4846; x_wconf 86' lang='grc' dir='ltr'>τοῦ</span> <span class='ocrx_word' id='word_1_823' title='bbox 2949 4793 3210 4862; x_wconf 83' lang='grc' dir='ltr'>συνήθους</span> <span class='ocrx_word' id='word_1_824' title='bbox 3237 4792 3529 4862; x_wconf 88' lang='grc' dir='ltr'>γενόμενος</span> <span class='ocrx_word' id='word_1_825' title='bbox 3565 4790 3794 4863; x_wconf 81' lang='grc' dir='ltr'>σφοδρό-</span> 
     </span>
    </p>
   </div>
   <div class='ocr_carea' id='block_1_108' title="bbox 2210 4892 3795 4971">
    <p class='ocr_par' dir='ltr' id='par_1_108' title="bbox 2210 4892 3795 4971">
     <span class='ocr_line' id='line_1_108' title="bbox 2210 4892 3795 4971; baseline -0.006 -17"><span class='ocrx_word' id='word_1_826' title='bbox 2210 4917 2392 4971; x_wconf 92' lang='grc' dir='ltr'>τερος,</span> <span class='ocrx_word' id='word_1_827' title='bbox 2427 4895 2803 4969; x_wconf 83' lang='grc' dir='ltr'>χαλεπώτερον</span> <span class='ocrx_word' id='word_1_828' title='bbox 2838 4896 2968 4965; x_wconf 83' lang='grc' dir='ltr'>ἡμῖν</span> <span class='ocrx_word' id='word_1_829' title='bbox 3002 4894 3095 4946; x_wconf 89' lang='lat' dir='ltr'><strong><em>zeal</em></strong></span> <span class='ocrx_word' id='word_1_830' title='bbox 3128 4893 3217 4946; x_wconf 83' lang='grc' dir='ltr'>τοῦ</span> <span class='ocrx_word' id='word_1_831' title='bbox 3256 4893 3525 4963; x_wconf 89' lang='grc' dir='ltr'>στομάχου</span> <span class='ocrx_word' id='word_1_832' title='bbox 3559 4892 3649 4945; x_wconf 83' lang='grc' dir='ltr'>τὸν</span> <span class='ocrx_word' id='word_1_833' title='bbox 3678 4910 3795 4964; x_wconf 79' lang='grc' dir='ltr'>χειο</span> 
     </span>
    </p>
   </div>
   <div class='ocr_carea' id='block_1_109' title="bbox 2216 4992 3796 5071">
    <p class='ocr_par' dir='ltr' id='par_1_109' title="bbox 2216 4992 3796 5071">
     <span class='ocr_line' id='line_1_109' title="bbox 2216 4992 3796 5071; baseline -0.004 -16"><span class='ocrx_word' id='word_1_834' title='bbox 2216 4999 2376 5071; x_wconf 86' lang='grc' dir='ltr'>μῶνα</span> <span class='ocrx_word' id='word_1_835' title='bbox 2401 4999 2675 5068; x_wconf 83' lang='grc' dir='ltr'>ἐπήγαγε·</span> <span class='ocrx_word' id='word_1_836' title='bbox 2704 4998 2797 5049; x_wconf 88' lang='lat' dir='ltr'><strong><em>zeal</em></strong></span> <span class='ocrx_word' id='word_1_837' title='bbox 2844 4994 3055 5065; x_wconf 89' lang='grc' dir='ltr'>νεκρῶν</span> <span class='ocrx_word' id='word_1_838' title='bbox 3097 4992 3249 5046; x_wconf 75' lang='grc' dir='ltr'>οὐδὲν</span> <span class='ocrx_word' id='word_1_839' title='bbox 3286 4993 3507 5063; x_wconf 78' lang='grc' dir='ltr'>ἄμεινον</span> <span class='ocrx_word' id='word_1_840' title='bbox 3538 4993 3664 5056; x_wconf 81' lang='grc' dir='ltr'>τοὺς</span> <span class='ocrx_word' id='word_1_841' title='bbox 3698 4992 3796 5048; x_wconf 76' lang='grc' dir='ltr'>δύο</span> 
     </span>
    </p>
   </div>
   <div class='ocr_carea' id='block_1_110' title="bbox 2211 5092 3795 5167">
    <p class='ocr_par' dir='ltr' id='par_1_110' title="bbox 2211 5092 3795 5167">
     <span class='ocr_line' id='line_1_110' title="bbox 2211 5092 3795 5167; baseline -0.006 -12"><span class='ocrx_word' id='word_1_842' title='bbox 2211 5100 2498 5155; x_wconf 85' lang='grc' dir='ltr'>διετέλεσα</span> <span class='ocrx_word' id='word_1_843' title='bbox 2531 5097 2703 5167; x_wconf 82' lang='grc' dir='ltr'>μῆνας</span> <span class='ocrx_word' id='word_1_844' title='bbox 2722 5094 2966 5161; x_wconf 89' lang='grc' dir='ltr'>τούτους,</span> <span class='ocrx_word' id='word_1_845' title='bbox 2987 5093 3123 5146; x_wconf 88' lang='grc' dir='ltr'>ἀλλά</span> <span class='ocrx_word' id='word_1_846' title='bbox 3147 5095 3242 5147; x_wconf 89' lang='lat' dir='ltr'><strong><em>zeal</em></strong></span> <span class='ocrx_word' id='word_1_847' title='bbox 3266 5092 3668 5163; x_wconf 88' lang='grc' dir='ltr'>χαλεπώτερον.</span> <span class='ocrx_word' id='word_1_848' title='bbox 3692 5095 3795 5147; x_wconf 84' lang='grc' dir='ltr'>Το-</span> 
     </span>
    </p>
   </div>
   <div class='ocr_carea' id='block_1_111' title="bbox 2212 5196 3794 5270">
    <p class='ocr_par' dir='ltr' id='par_1_111' title="bbox 2212 5196 3794 5270">
     <span class='ocr_line' id='line_1_111' title="bbox 2212 5196 3794 5270; baseline -0.006 -11"><span class='ocrx_word' id='word_1_849' title='bbox 2212 5205 2407 5259; x_wconf 87' lang='grc' dir='ltr'>σοῦτον</span> <span class='ocrx_word' id='word_1_850' title='bbox 2438 5201 2545 5270; x_wconf 90' lang='grc' dir='ltr'>γάρ</span> <span class='ocrx_word' id='word_1_851' title='bbox 2579 5197 2740 5262; x_wconf 75' lang='grc' dir='ltr'>ἔζων,</span> <span class='ocrx_word' id='word_1_852' title='bbox 2778 5197 2900 5266; x_wconf 86' lang='grc' dir='ltr'>ὅσον</span> <span class='ocrx_word' id='word_1_853' title='bbox 2933 5196 3357 5251; x_wconf 83' lang='grc' dir='ltr'>ἐπαισθάνεσθαι</span> <span class='ocrx_word' id='word_1_854' title='bbox 3385 5196 3491 5249; x_wconf 91' lang='grc' dir='ltr'>τῶν</span> <span class='ocrx_word' id='word_1_855' title='bbox 3528 5197 3794 5251; x_wconf 87' lang='grc' dir='ltr'>πάντοθεν</span> 
     </span>
    </p>
   </div>
   <div class='ocr_carea' id='block_1_112' title="bbox 2213 5295 3794 5370">
    <p class='ocr_par' dir='ltr' id='par_1_112' title="bbox 2213 5295 3794 5370">
     <span class='ocr_line' id='line_1_112' title="bbox 2213 5295 3794 5370; baseline -0.005 -11"><span class='ocrx_word' id='word_1_856' title='bbox 2213 5304 2562 5363; x_wconf 66' lang='grc' dir='ltr'>κυκλούντων</span> <span class='ocrx_word' id='word_1_857' title='bbox 2595 5318 2663 5370; x_wconf 89' lang='grc' dir='ltr'>με</span> <span class='ocrx_word' id='word_1_858' title='bbox 2699 5299 2916 5364; x_wconf 87' lang='grc' dir='ltr'>δεινῶν,</span> <span class='ocrx_word' id='word_1_859' title='bbox 2947 5299 3040 5351; x_wconf 87' lang='lat' dir='ltr'><strong><em>zeal</em></strong></span> <span class='ocrx_word' id='word_1_860' title='bbox 3091 5299 3267 5352; x_wconf 91' lang='grc' dir='ltr'>πάντα</span> <span class='ocrx_word' id='word_1_861' title='bbox 3299 5315 3389 5370; x_wconf 90' lang='grc' dir='ltr'>μοι</span> <span class='ocrx_word' id='word_1_862' title='bbox 3418 5300 3513 5366; x_wconf 80' lang='grc' dir='ltr'>νὺξ</span> <span class='ocrx_word' id='word_1_863' title='bbox 3557 5295 3654 5370; x_wconf 80' lang='grc' dir='ltr'>ἦν,</span> <span class='ocrx_word' id='word_1_864' title='bbox 3697 5304 3794 5353; x_wconf 77' lang='lat' dir='ltr'><strong><em>zeal</em></strong></span> 
     </span>
    </p>
   </div>
   <div class='ocr_carea' id='block_1_113' title="bbox 2213 5397 3790 5476">
    <p class='ocr_par' dir='ltr' id='par_1_113' title="bbox 2213 5397 3790 5476">
     <span class='ocr_line' id='line_1_113' title="bbox 2213 5397 3790 5476; baseline -0.015 -15"><span class='ocrx_word' id='word_1_865' title='bbox 2213 5407 2422 5476; x_wconf 81' lang='grc' dir='ltr'>ἡμέρα,</span> <span class='ocrx_word' id='word_1_866' title='bbox 2446 5402 2539 5456; x_wconf 87' lang='lat' dir='ltr'><strong><em>zeal</em></strong></span> <span class='ocrx_word' id='word_1_867' title='bbox 2566 5400 2779 5472; x_wconf 76' lang='grc' dir='ltr'>ὄρθρος,</span> <span class='ocrx_word' id='word_1_868' title='bbox 2804 5399 2899 5452; x_wconf 87' lang='lat' dir='ltr'><strong><em>zeal</em></strong></span> <span class='ocrx_word' id='word_1_869' title='bbox 2932 5397 3248 5470; x_wconf 85' lang='grc' dir='ltr'>μεσημϐρία</span> <span class='ocrx_word' id='word_1_870' title='bbox 3284 5399 3445 5471; x_wconf 76' lang='grc' dir='ltr'>μέση,</span> <span class='ocrx_word' id='word_1_871' title='bbox 3479 5399 3573 5452; x_wconf 88' lang='lat' dir='ltr'><strong><em>zeal</em></strong></span> <span class='ocrx_word' id='word_1_872' title='bbox 3598 5398 3790 5469; x_wconf 79' lang='grc' dir='ltr'>διημέ-</span> 
     </span>
    </p>
   </div>
   <div class='ocr_carea' id='block_1_114' title="bbox 2224 5499 3792 5580">
    <p class='ocr_par' dir='ltr' id='par_1_114' title="bbox 2224 5499 3792 5580">
     <span class='ocr_line' id='line_1_114' title="bbox 2224 5499 3792 5580; baseline -0.005 -20"><span class='ocrx_word' id='word_1_873' title='bbox 2224 5525 2376 5580; x_wconf 86' lang='grc' dir='ltr'>ρευον</span> <span class='ocrx_word' id='word_1_874' title='bbox 2409 5506 2476 5574; x_wconf 79' lang='grc' dir='ltr'>τῇ</span> <span class='ocrx_word' id='word_1_875' title='bbox 2522 5502 2676 5572; x_wconf 85' lang='grc' dir='ltr'>κλίνῃ</span> <span class='ocrx_word' id='word_1_876' title='bbox 2719 5499 3167 5572; x_wconf 84' lang='grc' dir='ltr'>προσηλωμένος·</span> <span class='ocrx_word' id='word_1_877' title='bbox 3206 5501 3300 5553; x_wconf 85' lang='lat' dir='ltr'><strong><em>zeal</em></strong></span> <span class='ocrx_word' id='word_1_878' title='bbox 3336 5499 3503 5570; x_wconf 90' lang='grc' dir='ltr'>μυρία</span> <span class='ocrx_word' id='word_1_879' title='bbox 3537 5499 3792 5570; x_wconf 77' lang='grc' dir='ltr'>μηχανώ-</span> 
     </span>
    </p>
   </div>
   <div class='ocr_carea' id='block_1_115' title="bbox 2227 5598 3794 5679">
    <p class='ocr_par' dir='ltr' id='par_1_115' title="bbox 2227 5598 3794 5679">
     <span class='ocr_line' id='line_1_115' title="bbox 2227 5598 3794 5679; baseline -0.006 -20"><span class='ocrx_word' id='word_1_880' title='bbox 2227 5625 2405 5679; x_wconf 79' lang='grc' dir='ltr'>μενος,</span> <span class='ocrx_word' id='word_1_881' title='bbox 2439 5605 2539 5657; x_wconf 86' lang='grc' dir='ltr'>οὐκ</span> <span class='ocrx_word' id='word_1_882' title='bbox 2571 5604 2749 5672; x_wconf 81' lang='grc' dir='ltr'>ἴσχυον</span> <span class='ocrx_word' id='word_1_883' title='bbox 2779 5602 2874 5670; x_wconf 72' lang='grc' dir='ltr'>τὴν</span> <span class='ocrx_word' id='word_1_884' title='bbox 2907 5603 2968 5653; x_wconf 81' lang='grc' dir='ltr'>ἐκ</span> <span class='ocrx_word' id='word_1_885' title='bbox 2999 5600 3092 5652; x_wconf 81' lang='grc' dir='ltr'>τοῦ</span> <span class='ocrx_word' id='word_1_886' title='bbox 3124 5599 3332 5670; x_wconf 73' lang='grc' dir='ltr'>κρνμοῦ</span> <span class='ocrx_word' id='word_1_887' title='bbox 3372 5598 3572 5667; x_wconf 81' lang='grc' dir='ltr'>βλάϐην</span> <span class='ocrx_word' id='word_1_888' title='bbox 3604 5599 3794 5651; x_wconf 67' lang='grc' dir='ltr'>ἀποτι-</span> 
     </span>
    </p>
   </div>
   <div class='ocr_carea' id='block_1_116' title="bbox 2290 5753 3104 5816">
    <p class='ocr_par' dir='ltr' id='par_1_116' title="bbox 2290 5753 3104 5816">
     <span class='ocr_line' id='line_1_116' title="bbox 2290 5753 3104 5816; baseline -0.015 -8"><span class='ocrx_word' id='word_1_889' title='bbox 2290 5760 2310 5788; x_wconf 68' lang='grc' dir='ltr'><strong>ε</strong></span> <span class='ocrx_word' id='word_1_890' title='bbox 2341 5757 2444 5807; x_wconf 82' lang='grc' dir='ltr'>Ι)υο</span> <span class='ocrx_word' id='word_1_891' title='bbox 2468 5769 2564 5803; x_wconf 74' lang='lat' dir='ltr'>mss</span> <span class='ocrx_word' id='word_1_892' title='bbox 2609 5753 3104 5816; x_wconf 55' lang='grc' dir='ltr'>ἀσιεφάνωτοςὰπῄολ.</span> 
     </span>
    </p>
   </div>
  </div>
