4078 6466
370 448 476 506 59⁸1

368 561 528 624 dunt,
572 553 782 611 tametsi
823 553 1111 610 admodum
1151 552 1352 610 strenui
1399 552 1540 619 sint,
1573 551 1643 605 ob
1684 546 1964 617 navigandi

369 649 712 706 insolentiam
743 647 1121 718 perturbantur
1146 689 1163 715 ,
1194 646 1603 711 tumultuantur,
1633 643 1966 699 tenebricosa

370 740 632 810 vertigine
661 739 1058 808 etirripiuntur:
1101 747 1156 792 at
1180 738 1270 808 qui
1299 737 1463 791 multa
1511 736 1674 788 maria
1713 747 1965 803 peragra-

369 839 515 891 runt,
539 843 603 883 ac
632 829 822 883 multas
853 836 1216 896 tempestates,
1241 837 1296 882 et
1331 841 1458 881 saxa
1488 826 1700 880 latentia
1733 824 1831 878 sub
1861 839 1964 876 nn-

369 919 476 985 dis,
502 928 557 973 et
586 917 851 987 scopulos,
888 927 942 972 et
971 918 1272 972 belluarum
1295 916 1547 984 impetus,
1576 925 1630 969 et
1657 914 1966 982 pra-donum

369 1024 434 1065 ac
475 1010 767 1079 piratarum
814 1008 1033 1062 insidias
1059 1007 1411 1076 pertulerunt,
1441 1013 1497 1060 ct
1525 1004 1809 1061 ‘continuas
1842 1018 1964 1070 pro-

367 1102 539 1156 cellas
567 1100 954 1166 sustinuerunt,
983 1099 1259 1153 ﬁdentiore
1286 1098 1538 1167 deinceps
1563 1097 1764 1160 animo,
1803 1111 1966 1164 quam

368 1191 460 1260 qui
485 1189 541 1244 in
564 1198 704 1243 terra
725 1187 1021 1251 ambulant,
1050 1188 1104 1241 in
1133 1190 1250 1241 navi
1273 1186 1482 1252 sedent,
1515 1201 1620 1241 non
1643 1186 1788 1241 intus
1814 1187 1968 1237 dum-

373 1290 518 1335 laxat
554 1280 622 1334 ad
650 1280 909 1344 carinam,
949 1278 1044 1333 sed
1070 1279 1230 1332 etiam
1264 1279 1316 1333 in
1345 1280 1474 1348 ipsis
1515 1279 1665 1332 navis
1714 1277 1968 1331 lateribus

373 1371 691 1433 insidentes,
717 1377 877 1438 atque
922 1377 1032 1422 tum
1076 1370 1126 1421 in
1173 1384 1350 1436 prora,
1407 1379 1515 1422 tum
1564 1368 1616 1421 in
1651 1367 1810 1435 puppi
1850 1368 1968 1420 sine

373 1462 488 1516 ullo
529 1469 675 1515 metu
701 1470 945 1516 stantes:
976 1469 1030 1513 et
1068 1462 1156 1529 qui
1190 1461 1336 1529 prius
1361 1471 1484 1515 ante
1507 1461 1744 1515 omnium
1784 1460 1968 1512 oculos

370 1567 496 1606 cum
527 1560 678 1607 metu
716 1565 781 1606 ac
811 1561 1044 1606 tremore
1068 1551 1339 1620 jacebant,
1385 1563 1728 1620 posteaquam
1761 1550 1968 1602 diutur-

373 1659 503 1698 num
543 1643 874 1713 tempestatis
917 1643 1210 1711 periculum
1252 1641 1522 1705 fecerunt,
1548 1640 1658 1710 jam
1689 1651 1746 1694 et
1786 1639 1966 1693 fum-m

373 1732 593 1786 trahunt
618 1739 673 1787 et
714 1731 830 1786 vela
874 1731 1340 1801 pandunt,‘remos
1374 1738 1680 1801 capessunt,
1709 1739 1872 1798 atque
1913 1734 1967 1782 in

373 1835 565 1878 omnes
603 1821 752 1876 navis
794 1829 974 1891 partes
1019 1819 1173 1876 facile
1214 1827 1556 1875 concursant.
1597 1820 1855 1885 Quocirca
1899 1833 1969 1873 ne

373 1912 503 1982 quid
529 1925 715 1968 eorum
759 1926 878 1981 qua:
915 1911 1182 1976 accidunt,
1211 1924 1308 1964 vos
1347 1910 1641 1980 perturbet.
1675 1907 1788 1964 Huc
1822 1909 1966 1973 enim

375 2021 476 2061 nos
504 2005 686 2059 hostes
711 2004 791 2059 vel
837 2004 983 2058 inviti
1029 2003 1372 2073 redegerunt,
1414 2011 1471 2057 ut
1498 2002 1642 2056 nullo
1683 2000 1793 2070 jam
1827 1998 1969 2053 malo

375 2095 516 2151 allici
545 2109 826 2165 queamus.
856 2094 1050 2164 quippe
1077 2095 1166 2162 qui
1193 2093 1377 2149 effusis
1406 2093 1655 2148 omnibus
1684 2092 1793 2146 suis
1825 2093 1965 2156 telis,

377 2189 581 2244 nullum
611 2189 736 2242 hinc
777 2187 918 2242 aliud
953 2187 1370 2242 emolumentum
1407 2184 1764 2254 perceperint,
1807 2196 1965 2250 quam

377 2289 436 2336 ut
464 2279 750 2349 ignominia
780 2277 1182 2349 perfundantur,
1233 2287 1287 2331 et
1313 2275 1652 2338 irrideantur,
1700 2277 1861 2342 atque
1913 2279 1970 2325 ut

375 2385 692 2428 cenimnnes
705 2369 850 2425 orbis
871 2368 1102 2424 universi
1127 2367 1309 2422 hostes
1331 2366 1526 2435 ubique
1547 2364 1964 2435 conspiciantur.

377 2463 504 2519 Haec
548 2462 913 2527 insidiatorum
942 2461 1156 2530 prmmia
1195 2468 1357 2514 sunt:
1404 2459 1491 2513 hic
1521 2458 1781 2513 bellorum
1825 2456 1970 2511 finis.

371 2555 557 2624 Papar,
600 2562 794 2622 quanta
838 2566 926 2606 res
973 2560 1058 2607 est
1103 2551 1291 2612 virtus,
1320 2535 1374 2606 ei
1417 2549 1756 2619 przrsentium
1787 2563 1968 2602 rerum

375 2643 730 2712 contemptio!
760 2657 852 2711 per
875 2641 1094 2696 insidias
1121 2640 1265 2694 lucra
1297 2648 1593 2709 comparat,
1629 2655 1722 2707 per
1744 2636 1968 2692 insidia-

377 2748 521 2792 tores
572 2750 824 2791 coronam
871 2732 1234 2804 consequitur;
1270 2748 1363 2802 per
1407 2747 1500 2787 eos
1530 2747 1560 2786 a
1592 2731 1782 2800 quibus
1831 2728 1971 2783 male

375 2828 677 2891 mulctatnr,
708 2826 968 2880 illustrius
1013 2824 1291 2893 splendet;
1325 2838 1419 2892 per
1446 2836 1540 2876 eos
1563 2821 1653 2892 qui
1677 2821 1777 2875 hoc
1810 2827 1972 2889 agunt

375 2931 438 2972 ac
480 2915 792 2981 moliuntur,
836 2925 893 2967 ut
931 2914 1098 2983 ipsam
1129 2913 1400 2982 dejiciant,
1447 2912 1696 2966 homines
1738 2911 1820 2965 sui
1849 2920 1966 2964 stu-

374 3008 557 3061 diosos
589 3006 871 3070 firmiores,
917 3005 1275 3066 sublimiores.
1307 3003 1530 3058 invictos
1557 3013 1609 3058 et
1635 3004 1969 3073 inexpugna-

376 3101 509 3155 biles
538 3099 730 3164 reddit,
785 3113 893 3153 non
936 3099 1154 3160 lanceis,
1196 3113 1301 3151 non
1341 3096 1633 3164 moenibus,
1665 3113 1768 3150 non
1809 3096 1967 3164 vallo,

375 3206 481 3248 non
535 3190 791 3257 turribus,
818 3205 925 3245 non
973 3190 1232 3259 pecuniis,
1275 3204 1379 3242 non
1411 3187 1730 3242 militaribus
1773 3187 1966 3256 copiis,

374 3283 471 3338 sed
497 3282 650 3337 ﬁrma
679 3289 883 3336 tantum
908 3281 1180 3335 voluntate
1207 3281 1478 3347 animique
1502 3281 1806 3333 constantia
1835 3293 1970 3346 Opus

378 3373 633 3429 habentes
655 3388 674 3426 :
704 3387 766 3426 ac
787 3371 1018 3442 denique
1041 3370 1302 3425 humanas
1327 3384 1512 3425 omnes
1541 3369 1761 3423 insidias
1782 3369 1964 3422 vineit.

443 3464 498 3518 3.
529 3464 687 3520 Illam
711 3466 795 3517 cui
813 3465 1011 3529 scribit,
1039 3473 1094 3516 ut
1128 3465 1248 3534 forti
1284 3463 1453 3514 animo
1480 3463 1544 3514 ait
1569 3464 1818 3514 hortatur.
1857 3459 1968 3512 llu-

377 3572 543 3610 manu!
574 3557 831 3627 felicitatis
855 3555 1070 3608 vanitas.
1101 3583 1172 3593 —
1202 3553 1326 3607 Haec
1356 3553 1535 3618 igitur,
1569 3551 1967 3620 religiosissima

375 3648 593 3701 domina
621 3661 738 3702 mea
759 3689 772 3712 ,
807 3655 917 3698 tum
950 3646 1040 3699 tibi
1069 3645 1196 3713 ipsi,
1227 3652 1337 3697 tum
1363 3644 1428 3696 iis
1467 3659 1584 3712 qum
1626 3653 1798 3697 tecum
1829 3657 1969 3711 pia-

374 3741 578 3794 clarum
606 3738 706 3793 hoc
738 3749 1007 3791 certamen
1037 3738 1257 3801 obeunt,
1285 3736 1556 3798 accinens,
1581 3737 1646 3788 da
1674 3749 1892 3804 Operam
1912 3742 1971 3788 ut

374 3830 611 3883 omnium
640 3831 846 3882 animos
876 3829 1081 3898 erigas,
1109 3837 1358 3894 tuamque
1378 3828 1546 3880 aciem
1574 3828 1803 3878 instruas
1825 3866 1840 3888 ,
1860 3841 1968 3895 quo

378 3922 473 3975 tibi
515 3921 712 3989 duplex
745 3930 796 3974 et
829 3920 1018 3988 triplex
1039 3961 1053 3983 ,
1084 3935 1146 3973 ac
1174 3920 1341 3973 multo
1368 3919 1528 3973 etiam
1561 3919 1830 3986 cepiosior
1856 3918 1965 3971 vir-

376 4013 504 4066 tutis
527 4025 722 4064 corOna
750 4020 1107 4078 comparetur,
1140 4021 1245 4062 tam
1277 4023 1372 4078 per
1394 4023 1456 4064 ea
1481 4025 1601 4078 qua:
1634 4011 1745 4078 ipsa
1773 4024 1964 4097 perpel-

377 4103 505 4156 teris
528 4143 542 4164 ,
570 4115 728 4170 quam
752 4100 872 4169 quia
904 4100 1038 4154 alios
1075 4100 1140 4154 ad
1172 4100 1358 4154 eadem
1390 4099 1664 4154 subeunda
1696 4099 1927 4169 impellis
1949 4140 1963 4162 ,

373 4207 573 4262 eosque
597 4191 816 4244 adducis
848 4201 901 4242 nt
935 4191 1119 4244 leviter
1149 4207 1206 4242 ac
1238 4191 1439 4258 placide
1464 4191 1642 4243 omnia
1673 4190 1846 4243 ferant
1866 4233 1880 4253 ,
1912 4199 1966 4244 et

375 4286 590 4338 umbras
615 4291 991 4342 contemnant,
1016 4293 1172 4352 atque
1204 4283 1589 4336 insomniorum
1615 4283 1964 4350 imposturam

370 4382 745 4446 aspernentur,
794 4389 855 4427 ac
898 4376 1064 4430 lutum
1125 4374 1464 4442 proculccnt,
1499 4375 1806 4442 nullamque
1837 4373 1964 4426 fumi

372 4469 633 4521 rationem
682 4465 944 4526 habeant,
993 4479 1091 4518 nec
1143 4479 1459 4517 aranearum
1512 4465 1645 4518 telas
1703 4464 1964 4517 molesti-.13

370 4559 660 4629 quidquam
683 4557 835 4609 vobis
854 4557 1046 4610 all'crre
1068 4557 1406 4622 existiment,
1439 4557 1746 4626 fwnumque
1779 4566 1962 4626 putre-

368 4651 477 4703 dini
509 4648 797 4703 obnoxium
848 4656 1187 4714 prmtereant.
1237 4647 1367 4700 Nam
1411 4648 1655 4701 humana:
1699 4648 1965 4703 filicitatis

373 4741 580 4794 vanitas
609 4739 660 4793 id
687 4753 845 4793 omne
874 4747 956 4793 est
976 4780 989 4802 ,
1040 4749 1200 4808 atque
1228 4740 1363 4792 adeo
1407 4740 1488 4794 his
1513 4742 1762 4794 omnibus
1805 4742 1964 4796 rebus

368 4835 544 4886 vilior.
580 4834 688 4886 Nec
718 4832 869 4886 facile
899 4834 1178 4902 quisquam
1229 4833 1571 4888 simulacrum
1605 4836 1770 4889 ullum
1806 4853 1962 4906 repe-

367 4925 474 4976 rire
494 4933 688 4991 queat,
711 4924 850 4991 quod
871 4924 1034 4990 ipsius
1063 4925 1348 4978 vanitatem
1377 4936 1562 4979 exacte
1590 4937 1955 4994 repncsentet.

364 5013 639 5082 Siquidem
689 5024 883 5082 pneter
914 5015 1048 5068 bane
1081 5016 1367 5068 vanitatem
1401 5015 1539 5070 haud
1569 5033 1785 5085 parvum
1819 5021 1960 5072 insu-

363 5123 460 5178 per
506 5108 571 5161 iis
612 5110 703 5176 qui
748 5109 845 5178 ipsi
889 5109 1092 5164 inhiant
1119 5109 1497 5164 detrimentum
1529 5110 1721 5178 affert,
1775 5129 1877 5167 non
1909 5115 1959 5166 in

366 5201 546 5251 t'utnro
587 5199 863 5253 dumtaxat
909 5217 1054 5265 aevo,
1088 5202 1180 5255 sed
1227 5202 1386 5256 etiam
1418 5203 1472 5256 in
1524 5206 1770 5272 prmsenti
1818 5206 1954 5268 vita,

365 5301 527 5358 atque
557 5292 797 5360 ipsismet
826 5292 986 5346 etiam
1015 5292 1221 5356 diebus,
1251 5295 1442 5362 quibus
1467 5310 1654 5360 magna
1687 5296 1785 5348 sibi
1809 5313 1870 5349 ex
1899 5298 1960 5351 iis

367 5382 639 5449 voluptate
660 5384 796 5436 aflici
821 5385 1086 5438 videntur.
1112 5385 1572 5449 Quemadmodum
1597 5389 1736 5439 enim
1769 5389 1958 5451 virtus,

367 5481 477 5525 tum
500 5473 660 5526 etiam
686 5489 804 5528 cum
838 5476 1029 5529 bellum
1061 5478 1318 5530 adversus
1341 5491 1457 5530 eam
1487 5478 1963 5545 geritur,exsultat

359 5570 414 5613 et
447 5565 635 5631 tloret,
666 5581 727 5620 ac
757 5569 1086 5637 splendidius
1114 5569 1255 5624 lueet
1289 5589 1301 5624 :
1347 5571 1535 5625 eodem
1567 5572 1727 5625 modo
1756 5573 1956 5641 impro-

362 5656 501 5712 bitas
523 5697 537 5719 ,
568 5667 679 5710 tum
701 5660 862 5713 etiam
893 5676 1011 5713 cum
1039 5663 1229 5717 colitur
1250 5671 1408 5732 atque
1428 5663 1762 5727 observatur,
1794 5664 1962 5717 imbe-

368 5745 640 5800 cillitatem
691 5765 840 5804 suam
877 5753 1081 5819 prodit,
1116 5762 1274 5822 atque
1305 5755 1570 5824 ingentem
1612 5757 1812 5818 risum,
1870 5773 1956 5810 co-

372 5845 732 5911 mudiamque
777 5846 919 5898 omni
972 5848 1236 5903 sermonis
1304 5846 1554 5904 facultate
1619 5853 1949 5919 superiorem

1848 433 2226 490 EPISTOLE.

3575 437 3690 510 sas,

2077 547 2334 602 ostendit.
2364 548 2500 614 Quid
2532 547 2674 604 enim
2695 589 2711 615 ,
2738 563 2952 619 quaeso,
2985 546 3154 602 Caino
3180 545 3536 603 miserabilius
3557 547 3678 614 fuit,

2073 654 2140 693 eo
2164 641 2326 694 etiam
2355 649 2597 711 tempore
2623 657 2730 711 quo
2774 641 3000 695 fratrem"
3040 639 3235 694 vicisse
3278 653 3344 693 ac
3390 654 3678 708 superasse

2074 740 2238 802 atque
2301 733 2538 802 iniquam
2590 734 2735 788 illam
2797 741 2853 787 et
2905 731 3300 787 exsecrandam
3350 730 3680 786 iracundiam

2074 824 2346 894 animique
2393 826 2809 880 concitationem
2854 824 3159 894 explevisse
3195 822 3522 878 videbatur?
3549 823 3680 894 quid

2076 913 2334 984 impurius
2360 915 2545 970 dextra
2571 915 2656 969 illa
2679 955 2693 978 ,
2738 931 2857 985 qua:
2882 915 3078 968 vicisse
3115 914 3226 968 visa
3267 913 3364 967 fuit
3391 912 3417 966 ‘l
3457 913 3678 978 dextra,

2078 1006 2291 1074 inquam
2317 1047 2334 1071 ,
2367 1022 2489 1075 qua:
2530 990 2736 1076 plagam
2769 1004 3037 1059 inﬂixerat
3073 1013 3129 1058 et
3173 1004 3375 1060 czedem
3407 1015 3681 1075 perpetrato

2077 1107 2158 1150 rat
2189 1096 2358 1166 iquid
2390 1097 2679 1152 foedissima
2714 1097 2805 1150 illa
2837 1097 3015 1165 lingua
3035 1136 3051 1160 ,
3081 1111 3199 1165 qua:
3229 1095 3468 1150 fraudem
3498 1105 3686 1150 texue-

2076 1195 2190 1250 rat,
2214 1197 2269 1242 et
2302 1188 2525 1257 laqueos
2562 1186 2898 1256 expanderat
2923 1186 2946 1239 ?
2971 1185 3108 1251 Quid
3135 1196 3315 1239 autem
3343 1186 3587 1240 membra
3615 1200 3680 1240 ea

2073 1293 2473 1341 commemoro,
2505 1295 2626 1348 qua:
2655 1279 2856 1333 cmdem
2884 1278 3212 1332 admiserant
3247 1278 3272 1331 τ
3309 1277 3442 1332 Nam
3482 1293 3682 1347 corpus

2076 1371 2386 1424 universum
2443 1370 2874 1436 excruciabatnr,
2928 1377 3186 1438 perpetuo
3233 1369 3542 1437 gemituiae
3573 1377 3684 1423 tre-

2075 1461 2211 1514 niori
2242 1461 2630 1529 mancipatum.
2656 1459 2701 1515 Ο
2729 1459 3055 1529 singuiarem
3089 1473 3266 1513 rerum
3293 1459 3589 1514 novitatem
3609 1458 3624 1511 !
3648 1474 3683 1509 o

2064 1551 2446 1607 admirandam
2478 1552 2758 1606 victoriam
2795 1552 2809 1605 !
2848 1567 2882 1605 ο
2922 1565 3118 1604 novum
3165 1550 3353 1618 tropaei
3393 1549 3602 1619 genusl
3631 1548 3684 1603 is

2075 1645 2167 1714 qui
2195 1644 2544 1698 obtruncatus
2585 1643 2758 1697 fuerat
2779 1682 2795 1704 ,
2826 1652 2990 1711 atque
3025 1641 3291 1695 exanimis
3309 1639 3564 1710 jacebat,
3590 1653 3684 1694 co-

2076 1751 2207 1790 rona
2230 1735 2531 1790 donabatur
2544 1750 2608 1789 ac
2633 1732 3045 1789 celebrabatur:
3077 1733 3166 1802 qui
3195 1741 3374 1785 autem
3404 1730 3606 1784 vicerat
3627 1739 3684 1783 et

2075 1826 2322 1895 superior
2341 1825 2684 1889 discesserat,
2709 1837 2814 1876 non
2842 1821 3003 1876 modo
3029 1835 3245 1876 coronae
3275 1833 3470 1889 expers
3497 1833 3682 1873 mane-

2078 1918 2168 1971 bat
2187 1958 2200 1980 ,
2233 1933 2416 1972 verum
2449 1917 2552 1970 hoc
2579 1915 2740 1970 etiam
2769 1913 2988 1968 nomine
3018 1912 3070 1966 in
3103 1912 3342 1967 cruciatu
3367 1908 3683 1965 versabatur

2075 2016 2130 2065 et
2153 2006 2488 2062 intolerando
2508 2005 2771 2076 supplicio
2794 2013 3162 2075 perpetuoque
3179 2009 3447 2056 tormento
3467 1998 3683 2054 addice.

2077 2103 2266 2166 batur;
2293 2110 2453 2171 atque
2477 2115 2600 2154 cum
2641 2098 2731 2169 qui
2776 2107 2925 2151 motu
2951 2104 3007 2151 et
3033 2095 3138 2149 vita
3166 2091 3427 2163 prteditus
3450 2098 3568 2146 erat
3586 2130 3602 2155 ,
3635 2089 3684 2143 is

2075 2194 2164 2263 qui
2196 2205 2482 2262 percussus
2510 2189 2774 2260 fneratpae
2813 2198 3044 2242 mortem
3072 2183 3406 2254 oppetierat,
3436 2197 3558 2236 eum
3588 2178 3684 2250 qui

2078 2283 2418 2354 loquebatur,
2453 2282 2499 2337 is
2517 2281 2608 2350 qui
2633 2281 2782 2335 vocis
2807 2291 3002 2348 expers
3025 2284 3175 2342 erat,
3213 2273 3499 2328 accusabat
3531 2288 3544 2324 :
3570 2272 3685 2324 imo

2078 2389 2210 2429 vero
2239 2388 2309 2427 ne
2352 2384 2596 2425 mortuus
2638 2370 2856 2440 quidem
2911 2355 3065 2437 ipse,
3098 2380 3285 2419 verum
3327 2371 3384 2419 et
3423 2359 3679 2432 sanguis.

2076 2465 2241 2520 etiam
2260 2478 2288 2515 a
2318 2477 2546 2530 corpore
2572 2461 2849 2530 sejunctas
2868 2497 2885 2522 ,
2919 2457 2983 2511 ad
3011 2471 3132 2512 eam
3163 2470 3276 2510 rem
3299 2453 3382 2508 vel
3412 2451 3562 2506 solus
3580 2451 3683 2504 suf-

2079 2556 2314 2611 ﬁciebat.
2346 2555 2516 2609 Tanta
2547 2553 2821 2608 hominum
2849 2553 3051 2605 virtute
3105 2548 3452 2619 praeditorum
3473 2586 3493 2612 ,
3517 2546 3684 2602 etiam

2078 2657 2448 2713 mortuorum,
2503 2648 2583 2701 vis
2633 2653 2720 2701 est
2759 2648 2774 2700 ι
2809 2654 2954 2700 tanta
3000 2658 3219 2698 rursum
3274 2641 3680 2710 improborum,

2076 2739 2239 2794 etiam
2269 2741 2562 2795 viventium
2584 2779 2598 2800 .
2629 2738 2844 2792 miseria
2875 2738 2886 2791 ε
2921 2737 3091 2791 Porro
3117 2750 3240 2789 cum
3273 2735 3324 2788 in
3369 2733 3487 2803 ipso
3507 2739 3682 2785 εει-ωε

2077 2829 2225 2885 mine
2255 2839 2400 2884 tanta
2445 2829 2662 2900 pueritia
2710 2829 2856 2895 sint,
2896 2827 3104 2896 cogites
3143 2825 3302 2879 velim
3335 2831 3529 2891 quanta
3559 2827 3683 2890 post

2077 2921 2370 2976 certamina
2419 2934 2631 2974 merces
2675 2919 2848 2973 futura
2881 2918 2982 2984 sit,
3012 2931 3134 2970 cmn
3168 2915 3269 2985 piis
3301 2914 3428 2967 viris
3457 2910 3680 2981 prmmia

2078 3009 2403 3076 referentur,
2436 3025 2498 3063 ac
2525 3010 2662 3063 bona
2692 3008 2780 3062 illa
2801 3022 2922 3077 qua:
2947 3020 3162 3061 onmem
3185 3017 3493 3058 sermonem
3518 3014 3679 3070 supe-

2075 3112 2234 3168 rant,
2266 3103 2396 3172 ipsis
2425 3100 2927 3172 suppeditabuntnr.
2961 3097 3216 3152 Molestia?
3232 3109 3469 3162 namque
3489 3135 3505 3159 ,
3526 3106 3681 3163 (ιαπ-

2083 3210 2314 3264 cumque
2343 3194 2558 3248 tandem
2601 3193 2707 3246 illa:
2739 3191 2969 3254 fuerint,
2997 3189 3065 3243 ab
3094 3187 3399 3243 hominibus
3445 3184 3685 3240 inferun-

2079 3298 2166 3342 tur
2203 3305 2218 3342 :
2263 3301 2325 3340 ac
2369 3285 2592 3355 proinde
2618 3282 3240 3339 inferentiunn'ilitatem
3288 3278 3595 3338 imitantur;
3628 3283 3682 3328 at

2077 3377 2218 3431 dona
2262 3385 2316 3430 et
2346 3373 2563 3445 praemia
2591 3388 2623 3428 a
2671 3373 2781 3437 Deo
2810 3371 3120 3426 tribuuntur
3148 3387 3161 3424 :
3194 3369 3263 3422 ob
3316 3366 3474 3436 idque
3517 3365 3680 3420 etiam
3732 3396 3741 3403 -

2076 3467 2339 3538 ejusmodi
2378 3475 2535 3530 sunt,
2566 3465 2743 3535 qualia
2772 3479 2837 3519 ea
2865 3478 2989 3519 esse
3036 3476 3131 3532 par
3154 3468 3270 3524 est,
3309 3475 3429 3528 qua:
3473 3457 3540 3510 ab
3590 3454 3680 3508 illa

2079 3559 2332 3615 ineffabili
2380 3555 2746 3612 munificentia
2774 3554 3164 3610 conceduntur.
3195 3549 3378 3607 Gaude
3431 3548 3589 3619 igitur
3626 3554 3683 3600 et

2075 3650 2261 3705 laetare
2279 3690 2294 3714 ,
2327 3648 2546 3704 corollis
2573 3634 2730 3717 caput
2751 3645 3069 3708 redimiens,
3099 3658 3161 3697 ac
3182 3639 3552 3710 triumphans,
3575 3636 3678 3690 ho-

2075 3742 2346 3810 stiumque
2375 3739 2592 3794 aculeos
2613 3738 2785 3807 magis
2814 3736 3129 3805 proculcans
3148 3773 3165 3799 ,
3188 3747 3350 3803 quam
3378 3730 3544 3785 lutum
3563 3725 3677 3782 alii.

2076 3833 2154 3887 Ac
2174 3832 2242 3885 de
2274 3840 2361 3884 tua
2390 3827 2700 3884 valetudine
2720 3843 2878 3897 quam
2923 3824 3250 3880 creberrime
3301 3821 3384 3876 fac
3435 3831 3533 3873 nos
3569 3832 3680 3872 cere

2077 3926 2277 3990 tiores,
2325 3933 2383 3978 ut
2430 3923 2555 3976 hinc
2603 3937 2817 3991 quoque
2871 3906 3143 3989 ingentem
3205 3916 3533 3986 voluptatem
3589 3925 3680 3966 ea-

2077 4020 2312 4090 piamus.
2351 4017 2469 4072 Non
2523 4016 2666 4071 enim
2700 4025 2751 4069 te
2780 4013 2910 4084 fugit
2939 4025 3148 4082 magna:
3179 4009 3373 4073 nobis,
3423 4007 3584 4061 etiam
3625 4005 3677 4058 in

2073 4109 2362 4164 solitudine
2386 4149 2402 4172 ,
2442 4122 2563 4164 eam
2603 4121 2720 4161 rem
2756 4103 3113 4160 consolationi
3153 4102 3268 4155 fore
3292 4140 3313 4166 ,
3335 4115 3457 4153 cum
3485 4097 3553 4152 de
3586 4106 3676 4149 tua

2073 4203 2303 4258 sanitate
2348 4215 2508 4272 quam
2552 4198 2850 4269 smpissime
2900 4196 2970 4250 ad
3012 4209 3110 4249 nos
3145 4193 3315 4248 litera:
3363 4190 3676 4246 afferentur.

2078 4295 2226 4348 Vale.

2218 4383 2298 4435 Ad
2325 4381 2551 4436 eamdem
2577 4379 2792 4448 epistola
2828 4377 2924 4432 Vl.
2953 4375 3191 4446 (Cucnso
3220 4387 3361 4427 anno
3381 4370 3535 4440 403.)

2150 4478 2200 4529 1.
2223 4477 2304 4530 ΑΙι
2327 4475 2457 4544 ipsis
2476 4473 2665 4528 mortis
2679 4472 2858 4541 jannis
2880 4479 3162 4525 revocatus
3175 4467 3292 4522 haec
3313 4466 3379 4520 ad
3400 4476 3448 4519 te
3466 4462 3678 4520 scribo:

2075 4585 2246 4639 coque
2269 4570 2429 4622 etiam
2454 4567 2668 4621 nomine
2695 4577 2888 4633 [meros
2916 4573 3035 4617 tuos
3067 4575 3211 4615 nunc
3233 4559 3465 4628 denique
3491 4557 3679 4610 aii-nos

2073 4659 2402 4722 accessisse,
2433 4657 2784 4712 vehementer
2822 4655 3035 4724 gavisus
3078 4666 3232 4716 sum,
3285 4665 3404 4704 cum
3446 4647 3555 4717 jam
3607 4646 3675 4699 ad

2075 4761 2285 4818 portum
2315 4749 2731 4817 appelleremus.
2775 4745 2911 4800 Nam
2955 4744 2998 4797 si
3043 4743 3200 4806 mihi,
3236 4757 3359 4795 cum
3407 4741 3586 4794 adhuc
3623 4741 3675 4794 in

2073 4841 2487 4908 marijactarer,
2511 4852 2804 4908 gravesque
2834 4838 3003 4890 morbi
3033 4835 3226 4890 [luctus
3269 4844 3636 4901 exspectarem
3658 4872 3676 4898 ,

2070 4934 2455 4994 occurrissent,
2488 4931 2738 4997 pietatem
2785 4938 2925 4982 tuam
2970 4927 3151 4982 fallere
3194 4927 3324 4980 mihi
3367 4943 3470 4979 non
3521 4924 3678 4980 facile

2073 5023 2289 5090 tuisset,
2320 5023 2437 5076 laeta
2464 5037 2557 5090 pro
2585 5022 2823 5076 tristibus
2847 5021 3131 5074 nuntianti.
3165 5021 3347 5074 lliems
3376 5019 3518 5074 enim
3548 5033 3677 5088 gra-

2071 5117 2186 5170 vior
2212 5130 2374 5184 quam
2404 5114 2612 5167 Solebat
2656 5122 2875 5176 exorta,
2917 5114 3216 5182 graviorem
3254 5127 3468 5182 quoque
3520 5111 3679 5166 nobis

2071 5209 2332 5262 Stomaclii
2368 5209 2596 5259 hiemem
2621 5207 2821 5260 invexit
2856 5225 2868 5259 :
2913 5205 3182 5274 nihiloque
3212 5205 3403 5259 melius
3430 5218 3496 5257 ac
3519 5217 3673 5257 com-

2071 5299 2282 5351 modius
2303 5341 2316 5360 ,
2345 5313 2501 5366 quam
2527 5297 2616 5366 qui
2656 5307 2882 5350 mortem
2925 5295 3174 5349 obierunt
3193 5335 3208 5356 .
3235 5297 3342 5348 imo
3371 5296 3530 5349 etiam
3553 5309 3674 5362 gra-

2075 5391 2220 5455 vius,
2253 5390 2350 5442 hos
2378 5390 2512 5441 duos
2553 5404 2764 5443 nienses
2790 5389 3018 5442 Confeci.
3050 5387 3318 5441 Hactenus
3347 5386 3492 5439 enim
3538 5387 3674 5440 lucis

2071 5481 2228 5550 hujus
2273 5497 2430 5534 usura
2480 5480 2720 5544 fruebar,
2771 5490 2828 5535 ut
2876 5481 3167 5544 malorum,
3197 5478 3391 5548 quibus
3435 5478 3674 5548 undique

2071 5574 2341 5641 eingebar,
2376 5587 2534 5625 sensu
2551 5571 2794 5626 afticerer
2814 5590 2829 5638 ;
2852 5570 3136 5650 omniaque
3159 5571 3288 5624 mihi
3315 5569 3671 5624 noctisinstar

2070 5678 2220 5722 erant
2243 5710 2256 5730 ,
2283 5668 2383 5720 hoc
2411 5675 2617 5719 esttam
2644 5666 2760 5720 dies
2780 5708 2793 5728 ,
2824 5681 2982 5735 quam
3013 5663 3338 5726 diluculum,
3366 5672 3526 5732 atque
3557 5662 3673 5730 ipsa

2071 5760 2325 5813 meridies
2349 5775 2359 5808 :
2394 5768 2640 5826 totosque
2668 5758 2783 5811 dies
2805 5756 3150 5811 lcetoaﬂixus
3176 5755 3454 5824 exigebant
3478 5770 3490 5813 ;
3515 5767 3667 5806 cum-

2077 5867 2179 5921 quc
2204 5853 2512 5905 innumeras
2557 5851 2794 5903 rationes
2838 5849 3296 5911 comminiscercr,
3340 5853 3672 5899 contractum
