4078 6434
558 399 658 457 uti!)

551 517 727 565 tamen
779 527 842 568 ex
888 516 1147 570 acerrimo
1198 516 1393 589 frigore
1436 520 1809 577 detrimentum
1851 523 2119 594 haudqua-

551 614 705 666 quam
730 611 984 657 .excutere
1014 615 1248 672 poteram
1278 624 1293 661 :
1326 611 1565 678 quamvis
1593 613 1733 666 enim
1758 613 1928 681 ignem
1955 615 2113 669 etiam

548 690 930 759 accenderem,
959 703 1012 749 et
1036 697 1400 765 gravissimum
1447 700 1646 756 fumum
1692 704 2014 772 perferrem,
2059 715 2113 761 et

549 780 794 838 cubiculo
813 784 1046 840 inclusus
1067 795 1294 854 tenerer,
1319 794 1690 863 sexcentisque
1715 795 1899 863 pannis
1918 806 2113 851 memet

545 871 885 929 obvolverem
905 916 921 941 ,
952 891 1014 930 ac
1034 893 1099 932 ne
1126 878 1284 934 limen
1305 881 1515 950 quidem
1546 885 1801 938 excedere
1829 885 2110 951 auderem,

547 962 888 1019 nihilominus
933 975 1200 1024 extremos
1251 971 1515 1026 cruciatus
1570 973 1805 1041 patiebar
1853 990 1868 1025 :
1918 975 2112 1042 quippe

545 1065 665 1106 cum
696 1055 924 1108 vomitus
958 1057 1184 1113 subinde
1208 1060 1497 1123 orirentur,
1527 1062 1715 1129 capitis
1737 1063 1946 1118 dolores
1964 1105 1978 1128 ,
2007 1065 2107 1118 cibi

545 1136 784 1204 fastidia,
832 1154 1203 1214 perpetuaeque
1257 1149 1462 1216 vigilim.
1517 1149 1696 1206 Noctis
1739 1167 1865 1221 ergo
1895 1154 2109 1223 pelagus

547 1245 716 1300 usque
763 1233 895 1289 adeo
925 1235 1132 1302 longum
1178 1238 1431 1294 insomnis
1473 1242 1766 1309 cxigebam.
1807 1243 2000 1299 Verum
2041 1261 2109 1301 ne

539 1325 1020 1379 commemorandis
1057 1328 1214 1382 rebus
1258 1331 1496 1385 molestis
1543 1332 1740 1388 diutius
1783 1335 2102 1403 immorans,

539 1410 773 1465 animum
798 1421 944 1466 tuum
974 1430 1156 1470 vexcm
1175 1459 1191 1481 ,
1223 1417 1304 1472 his
1331 1421 1577 1474 omnibus
1615 1438 1752 1477 nunc
1776 1423 1980 1478 liberati
2009 1441 2103 1480 su-

543 1503 680 1553 rnus.
710 1498 840 1554 Nam
866 1501 1180 1574 simulatque
1204 1522 1297 1561 ver
1320 1509 1516 1573 adfuit,
1547 1522 1703 1580 atque
1727 1515 1916 1582 exigua
1955 1530 2103 1584 quaa-

538 1588 658 1642 dam
680 1591 823 1645 aeris
853 1595 1071 1648 mutatio
1091 1597 1340 1666 contigit.
1363 1601 1536 1654 omnia
1564 1611 1754 1671 sponte
1781 1618 1875 1658 sua
1900 1603 2100 1674 dilapsa

537 1688 681 1735 sunt.
718 1683 964 1738 Attamen
997 1701 1183 1756 magna
1226 1689 1350 1742 mihi
1395 1691 1567 1745 adhuc
1595 1694 1643 1745 in
1687 1693 1855 1748 victus
1897 1695 2101 1751 ratione

535 1784 660 1824 cura
678 1785 813 1841 opus
838 1782 954 1840 est;
979 1791 1041 1832 ac
1063 1780 1280 1846 proinde
1309 1797 1524 1850 operam
1552 1783 1621 1838 do
1652 1794 1709 1838 ut
1734 1786 1900 1842 levem
1929 1789 2098 1842 sarci-

540 1875 663 1915 nam
688 1865 960 1919 stomacho
1007 1867 1302 1937 imponam,
1354 1888 1458 1942 quo
1504 1889 1619 1928 eam
1665 1876 1816 1932 facile
1856 1877 2098 1948 digerere

533 1961 708 2018 queat.
738 1951 869 2008 Illud
895 1971 1021 2012 vero
1039 1973 1143 2013 non
1167 1959 1364 2031 vulgari
1389 1963 1745 2022 sollicitudine
1767 1982 1864 2022 nos
1887 1969 2092 2036 affecit,

530 2041 670 2109 quod
693 2051 746 2098 te
771 2054 1008 2102 extremo
1031 2049 1152 2104 vita:
1177 2053 1362 2119 spiritu
1404 2055 1693 2112 conflictari
1723 2059 2093 2118 intelleximus.

530 2128 858 2203 Quamquam
882 2150 976 2206 pro
998 2138 1194 2209 ingenti
1222 2156 1340 2194 meo
1366 2159 1490 2214 erga
1520 2155 1570 2200 te
1596 2163 1777 2203 amore
1816 2164 1879 2204 ac
1914 2167 2090 2208 rerum

530 2227 734 2275 tuarum
755 2237 879 2278 cura
908 2235 960 2278 et
1005 2227 1389 2298 sollicitudine,
1418 2242 1696 2304 antequam
1723 2239 1881 2293 etiam
1910 2241 2090 2299 literas

529 2319 646 2365 tuas
665 2314 951 2383 reciperem
971 2355 989 2384 ,
1012 2316 1109 2373 hac
1123 2334 1249 2374 cura
1271 2322 1474 2378 solutus
1495 2339 1611 2380 sum
1637 2345 1650 2380 :
1674 2331 1916 2397 permulti
1944 2333 2086 2387 enim

527 2401 683 2457 istinc
710 2405 774 2459 ad
807 2420 902 2460 nos
929 2420 1215 2480 venerunt,
1265 2422 1419 2484 Mque
1469 2420 1743 2475 commoda
1787 2423 2088 2482 valetudine

522 2505 641 2546 csse
665 2496 989 2552 nuntiarunt.

592 2577 864 2637 Prmentis
885 2587 996 2640 vita
1021 2588 1330 2646 calamitates
1355 2610 1493 2649 mera
1521 2597 1696 2665 fabula
1733 2611 1866 2656 sunt.
1910 2632 1982 2644 â€”
2007 2605 2084 2660 Ac

521 2683 659 2723 nunc
684 2672 935 2740 majorem
965 2677 1018 2731 in
1043 2678 1253 2734 modum
1294 2681 1447 2738 laetor
1474 2694 1528 2740 et
1552 2689 1788 2757 gaudeo,
1818 2706 1923 2746 non
1964 2702 2081 2748 tan-

518 2768 628 2812 tum
655 2762 792 2828 quod
834 2766 1019 2820 morbo
1061 2769 1277 2826 liberata
1308 2774 1381 2828 sis
1400 2817 1414 2840 ,
1443 2777 1535 2831 sed
1566 2781 1896 2848 potissimum
1938 2786 2078 2854 quod

516 2864 605 2912 ea,
641 2866 760 2920 quae
802 2855 1076 2922 accidunt,
1106 2860 1240 2915 adeo
1271 2862 1476 2920 fortiter
1511 2882 1574 2922 ac
1621 2886 1874 2939 generose
1904 2874 2071 2940 feras,

516 2939 742 2995 fabulam
793 2945 1037 3002 nimirum
1082 2949 1194 3006 lttec
1241 2956 1419 3010 omnia
1451 2973 1680 3026 vocans;
1731 2973 1836 3018 tum
1879 2967 2071 3032 etiam,

511 3030 651 3096 quod
671 3032 838 3102 majus
853 3040 1172 3096 censendum
1196 3053 1298 3111 est,
1316 3047 1435 3115 quia
1456 3050 1612 3106 etiam
1634 3059 1871 3124 corporis
1890 3062 2073 3115 morbo

514 3118 813 3186 hujusmodi
851 3140 1041 3183 nomen
1082 3130 1410 3206 imposuisti,
1440 3142 1578 3208 quod
1607 3118 1816 3210 quidem
1844 3157 2072 3205 strenua:

508 3209 697 3263 animae
723 3221 835 3279 est,
856 3229 921 3270 ac
945 3215 1266 3278 fortitudinis
1291 3224 1460 3282 fructu
1475 3209 1810 3290 abundantis.
1839 3236 1969 3291 Nam
1992 3241 2072 3293 in-

510 3301 815 3356 Commodas
865 3314 918 3359 et
945 3307 1195 3366 adversas
1243 3327 1330 3371 res
1368 3332 1472 3372 non
1517 3322 1675 3376 modo
1721 3324 1837 3379 frrti
1891 3329 2066 3384 animo

505 3387 670 3454 ferre,
702 3391 794 3445 sed
825 3409 892 3450 ne
917 3398 1125 3466 quidem
1155 3417 1274 3458 cum
1302 3407 1495 3464 adsunt
1532 3418 1851 3481 persentire,
1881 3435 2061 3475 verum

503 3492 596 3533 eas
620 3495 714 3548 pro
734 3483 896 3540 nihilo
915 3497 1115 3556 putare,
1148 3507 1211 3547 ac
1254 3497 1488 3565 perfacili
1543 3507 1753 3573 negotio
1799 3512 2062 3577 patientia:

500 3581 749 3625 coronam
795 3575 1048 3645 adipisci,
1095 3597 1198 3639 non
1230 3585 1585 3659 laborantem,
1614 3610 1718 3650 non
1748 3575 2020 3657 sudantem
2042 3645 2056 3669 ,

499 3673 605 3713 non
638 3665 841 3752 negotia
862 3667 1141 3728 habentem
1161 3715 1177 3739 ,
1207 3693 1305 3734 nec
1328 3681 1447 3736 aliis
1465 3683 1811 3744 facessentem
1827 3733 1842 3757 ,
1876 3708 2057 3750 verum

501 3759 767 3820 tamquam
810 3743 1140 3818 exsilientem
1171 3783 1234 3822 ac
1279 3771 1647 3840 tripudiantem
1669 3821 1684 3845 ,
1719 3743 2055 3841 hocvdemum

493 3840 891 3906 perfectissima:
916 3866 979 3906 ac
997 3858 1229 3912 numeris
1255 3863 1499 3919 omnibus
1535 3840 1792 3926 absoluta:
1820 3873 2054 3942 philoso-

496 3931 633 3998 phize
649 3950 1015 4008 argumentum
1035 3956 1135 4002 est.
1159 3947 1282 4005 Ideo
1307 3956 1511 4022 gaudeo
1530 3967 1582 4012 et
1610 3931 1838 4028 exsulto,
1863 3981 1927 4020 ac
1948 3983 2055 4036 prze

494 4023 761 4092 voluptate
785 4030 962 4096 volito,
987 4049 1084 4089 nec
1110 4041 1383 4105 presentis
1403 4045 1701 4103 solitudinis
1716 4023 2055 4111 czeterarum-

491 4127 593 4178 que
619 4129 972 4177 arrumnarum
989 4138 1148 4181 sensu
1172 4131 1394 4198 afficior,
1411 4137 1504 4191 sed
1527 4139 1676 4196 laetor
1699 4159 1761 4198 ac
1786 4147 2052 4218 voluptate

490 4203 1005 4310 perfundor,-deque
1047 4225 1131 4270 tua
1161 4223 1322 4278 animi
1366 4230 1721 4298 magnitudine
1748 4203 2050 4310 crebrisque

487 4291 722 4350 victoriis
744 4299 1082 4360 vehementer
1099 4309 1296 4376 glorior
1314 4355 1328 4378 ,
1363 4331 1464 4369 non
1509 4327 1592 4372 tua
1622 4321 1920 4392 dumtaxat,
1949 4291 2046 4386 sed

483 4380 640 4436 etiam
671 4399 873 4456 magna:
893 4391 1029 4450 illius
1049 4410 1112 4451 ac
1139 4404 1580 4464 numerosissima:
1609 4412 1834 4470 civitatis
1861 4432 2040 4486 causa,

483 4469 565 4520 cui
596 4471 752 4527 etiam
779 4480 939 4534 turris
966 4491 1020 4536 et
1043 4496 1225 4552 portus
1253 4505 1315 4545 ac
1342 4496 1475 4549 muri
1505 4497 1622 4554 loco
1652 4505 1932 4572 exstitisti,
1961 4469 2041 4563 lu:

481 4559 746 4663 culentam
779 4582 876 4635 per
899 4585 983 4626 res
1003 4573 1143 4642 ipsas
1173 4593 1353 4636 vocem
1383 4587 1628 4644 emittens
1647 4602 1837 4663 ,atque
1862 4559 2039 4654 inâ€™tuis

480 4648 866 4710 calamitatibus
887 4670 1166 4734 utrumque
1187 4667 1458 4728 hominum
1479 4648 1917 4746 genus'erudiens
1936 4729 1952 4754 ,
1981 4700 2038 4744 ut

477 4740 543 4792 ad
575 4741 873 4810 hujusmodi
900 4759 1185 4812 certamina
1206 4774 1450 4832 prompte
1479 4740 1634 4838 atque
1670 4773 1893 4846 impigre

475 4833 782 4902 accingant,
811 4853 874 4894 ac
902 4856 1020 4898 cum
1045 4851 1190 4904 omni
1216 4855 1377 4909 animi
1407 4856 1711 4920 fortitudine
1739 4866 1791 4922 in
1820 4884 2036 4927 arenam

475 4922 829 4995 descendant,
861 4933 1215 5010 collectosque
1239 4959 1307 4997 ex
1337 4945 1632 5016 hujusmodi
1662 4961 2036 5018 certaminibus

472 5011 691 5114 sudores
733 5017 887 5076 facile
931 5025 1122 5082 ferant.
1153 5011 1419 5104 Quodque.
1435 5040 1674 5098 mirabile
1703 5056 1819 5114 est,
1846 5065 1950 5105 non
1981 5053 2032 5107 in

471 5098 641 5156 forum
671 5115 718 5160 te
740 5109 998 5180 injiciens,
1019 5133 1117 5174 nec
1137 5121 1186 5174 in
1207 5125 1430 5180 mediam
1443 5131 1706 5190 civitatem
1728 5153 2026 5211 progressa,

469 5192 561 5242 sed
590 5194 641 5246 in
672 5199 861 5268 exiguo
885 5206 1126 5264 cubiculo
1146 5228 1208 5267 ac
1235 5215 1466 5274 thalamo
1496 5224 1685 5282 sedens
1704 5272 1716 5292 ,
1746 5231 1810 5286 iis
1827 5192 1918 5302 qui
1939 5238 2028 5290 ad-

467 5292 590 5334 sunt
609 5288 849 5343 animum
880 5294 1060 5364 addis,
1084 5315 1281 5372 eosque
1305 5309 1369 5362 ad
1399 5321 1666 5371 certamen
1698 5288 1879 5388 acuisl,
1913 5342 2026 5380 ma-

456 5640 707 5700 altissima
739 5662 892 5706 nocte
929 5669 1113 5714 cuncta
1161 5679 1484 5737 occupante,
1533 5683 1619 5739 tu,
1671 5680 1811 5734 velut
1859 5640 2021 5741 Î¹Î·á½³Î¹á½·-

459 5735 612 5792 diano
654 5751 705 5796 et
755 5749 1029 5816 tranquillo
1078 5735 1348 5826 tempore,
1402 5735 1660 5838 ventoque
1706 5775 1768 5827 ad
1801 5783 2013 5848 puppim

1288 408 1345 463 S.
1382 407 2146 467 JOANNISÂ£HRYSOSTOMI
2183 413 2496 470 ARCIIIEIâ€™.
2538 419 3067 481 CONSTANTIXUP.
3115 448 3118 450 '

3069 167 3086 224 Î™

3689 438 3794 495 600

2226 543 2425 608 ï¬‚ante,
2481 548 2558 628 sic
2611 555 2858 621 expansis
2910 559 3175 625 patientia:
3231 564 3364 618 velis
3410 579 3615 621 summa
3669 584 3791 624 cum

2218 632 2469 691 facilitate
2508 642 2758 710 navigas,
2803 655 3112 716 tantumque
3149 651 3216 704 ab
3253 668 3318 705 eo
3366 655 3494 709 abes
3542 667 3598 711 ut
3645 664 3792 730 gravi

2219 723 2316 779 bac
2335 735 2646 797 tempestate
2666 735 2923 800 obruaris,
2953 749 3008 792 ut
3026 757 3090 794 ne
3108 741 3293 797 leviter
3312 745 3522 813 quidem
3542 723 3790 820 asperga-

2219 815 2292 868 ris
2323 833 2336 869 :
2369 817 2526 888 idque
2549 836 2678 877 sane
2699 827 2922 880 merito:
2951 828 3252 897 ltnjusntodi
3273 835 3412 887 enim
3434 843 3556 890 Sunt
3582 815 3793 894 virtutis

2215 905 2591 975 gubernacula.
2635 912 2703 966 Et
2726 915 2937 982 quidem
2963 929 3284 975 mercatores
3303 931 3356 977 et
3378 924 3787 993 gubernatores,

2213 1010 2276 1050 ac
2303 1007 2499 1062 nautae.-
2519 1013 2578 1054 et
2608 1015 2867 1069 vectores,
2899 1024 3018 1062 cum
3064 1012 3281 1067 nubium
3328 1029 3669 1082 concursum,
3697 1029 3791 1074 aut

2213 1101 2471 1141 saevorum
2488 1099 2541 1143 et
2556 1091 2863 1148 immanium
2891 1109 3164 1153 ventorum
3179 1101 3454 1170 impetum,
3473 1107 3790 1180 rapidosque

2212 1175 2402 1232 fluctus
2447 1182 2701 1250 majorem
2743 1184 2795 1238 in
2825 1188 3037 1243 modum
3081 1204 3388 1259 spumantes
3430 1200 3783 1266 conspiciunt,

2211 1279 2372 1320 naves
2401 1267 2534 1323 intra
2566 1282 2773 1340 portum
2803 1278 3095 1332 continent.
3118 1281 3268 1346 Quod
3297 1283 3339 1336 si
3371 1285 3529 1338 etiam
3556 1287 3787 1346 fortasse

2210 1354 2260 1407 in
2287 1357 2418 1410 mari
2435 1351 2724 1429 jactentur,
2751 1366 2961 1433 quidvis
2981 1368 3174 1422 faciunt
3193 1386 3256 1425 ac
3286 1373 3608 1440 moliuntur,
3637 1387 3693 1432 ut
3716 1381 3784 1433 ad

2207 1443 2375 1512 littus,
2415 1458 2505 1501 aut
2533 1450 2788 1519 insulam,
2814 1459 3086 1525 antripam
3117 1461 3344 1529 aliquam
3379 1466 3555 1519 navim
3594 1470 3782 1536 appel-

2121 1592 2126 1598 ,
2205 1533 2332 1588 lant.
2363 1537 2523 1604 Atttt,
2552 1554 2673 1595 cum
2699 1546 2934 1599 sexcenti
2968 1551 3127 1613 venti,
3151 1564 3271 1604 cum
3298 1559 3373 1605 tot
3397 1533 3654 1611 immanes
3675 1558 3778 1612 ï¬‚u-

2203 1638 2320 1681 ctus
2342 1629 2484 1683 omni
2510 1647 2577 1685 ex
2617 1643 2763 1701 parte
2784 1635 2923 1690 inter
2945 1652 3002 1691 se
3033 1639 3368 1706 collidantur,
3395 1659 3514 1698 cum
3537 1662 3683 1702 mare
3712 1651 3781 1703 ab

2202 1716 2321 1772 imis
2351 1733 2514 1788 usque
2532 1724 2822 1793 gurgitibus
2841 1727 2910 1780 ob
2949 1731 3272 1798 tempestatis
3293 1735 3631 1792 acerbitatem
3653 1754 3778 1793 sur-

2200 1821 2317 1862 sum
2347 1822 2609 1880 erumpat,
2641 1825 2802 1886 atque
2819 1818 2908 1872 alii
2951 1835 3157 1888 pessum
3186 1824 3372 1893 ierint,
3413 1827 3500 1883 alii
3529 1833 3775 1889 exstincti

2198 1910 2355 1967 supra
2383 1901 2549 1956 undas
2577 1905 2864 1971 emineant,
2897 1912 3075 1965 caeteri
3121 1912 3172 1966 in
3217 1914 3392 1971 tabula
3425 1919 3548 1974 nudi
3595 1923 3774 1978 feran-

2199 1995 2316 2052 tur;
2353 1988 2463 2058 ipsa
2490 1991 2543 2046 in
2575 1994 2806 2050 medium
2837 2000 3093 2055 malorum
3120 2003 3336 2074 pelagus
3363 2008 3620 2074 insiliens,
3650 2030 3772 2067 om-

2194 2077 2281 2132 nia
2309 2079 2424 2136 ltzec
2459 2081 2688 2140 fabulam
2713 2090 2968 2158 appellas.
2993 2107 3250 2163 prospero
3274 2113 3431 2154 cursu
3471 2102 3521 2154 in
3565 2112 3770 2173 tempe-

2193 2178 2329 2224 State
2347 2173 2596 2244 navigans
2613 2192 2628 2229 :
2647 2192 2819 2247 neque
2834 2180 2886 2234 id
2908 2182 3121 2238 mirum.
3142 2184 3402 2244 Navarcbi
3422 2191 3581 2257 enim,
3602 2209 3770 2264 quan-

2193 2260 2385 2314 tumvis
2431 2264 2704 2320 scientiam
2736 2268 2876 2323 illam
2909 2281 3144 2338 teneant,
3187 2285 3356 2331 artem
3389 2289 3597 2348 tamen,
3619 2260 3634 2264 â€
3663 2300 3766 2352 qua

2190 2351 2335 2402 omni
2387 2356 2687 2422 tempestati
2746 2358 3099 2429 reluctentur,
3147 2379 3252 2420 non
3294 2366 3489 2422 habent
3531 2387 3546 2426 :
3595 2351 3769 2443 eoque

2188 2440 2346 2495 etiam
2371 2443 2446 2508 fit,
2469 2452 2525 2498 ut
2545 2458 2813 2516 certamen
2859 2466 2980 2506 cum
3002 2453 3245 2512 fluctibus
3260 2472 3402 2528 saepe
3431 2461 3648 2532 fugiant.
3679 2440 3767 2521 -Î‘Î¹

2190 2528 2279 2582 tibi
2308 2532 2528 2587 scientia
2559 2545 2642 2590 est
2662 2540 2806 2592 omni
2837 2551 3149 2610 tempestate
3179 2550 3457 2618 superior,
3490 2528 3762 2612 vnimirum

2186 2618 2533 2691 philosophici
2563 2627 2723 2682 animi
2747 2631 2928 2698 robur,
2977 2636 3116 2703 quod
3161 2647 3214 2692 et
3238 2638 3531 2696 innumeris
3560 2649 3764 2702 exerci-

2185 2710 2324 2764 tibus
2351 2713 2608 2770 valentius
2634 2729 2737 2783 est,
2768 2731 2824 2775 et
2871 2723 3149 2792 quibusvis
3176 2732 3340 2784 armis
3389 2734 3672 2801 potentius,
3705 2748 3761 2792 ct

2183 2800 2416 2856 turribus
2457 2814 2616 2874 atque
2630 2811 2800 2863 muris
2828 2813 3007 2866 tutius.
3035 2814 3286 2872 Militibus
3310 2819 3505 2889 quippe
3530 2800 3673 2879 arma
3704 2836 3761 2882 ct

2180 2891 2338 2953 muri,
2369 2903 2420 2945 et
2441 2902 2634 2960 turres,
2663 2899 2729 2952 ad
2749 2905 2991 2970 corporis
3022 2905 3294 2962 dumtaxat
3315 2912 3617 2979 praesidium
3655 2917 3755 2970 ad-

2172 2980 2414 3045 jumeuto
2432 2997 2573 3050 sunt,
2606 2989 2761 3059 idque
2786 2994 2944 3046 etiam
2970 3011 3072 3050 non
3099 3014 3328 3068 semper,
3353 3018 3452 3058 nec
3470 3009 3750 3074 perpetuo:

2177 3085 2572 3144 nonnumquam
2598 3080 2739 3135 enim
2775 3086 2952 3139 omnia
2982 3087 3077 3142 ista
3108 3090 3414 3160 vincuntur,
3444 3111 3640 3166 eosque
3660 3101 3750 3167 qui

2171 3161 2322 3230 sise
2347 3167 2674 3237 confugiunt,
2706 3175 2955 3242 prmsidio
2997 3193 3094 3232 suo
3120 3180 3400 3239 destitutos
3426 3161 3747 3257 relinquunt.

2169 3245 2239 3296 At
2265 3261 2394 3300 vero
2415 3263 2561 3304 arma
2592 3261 2700 3319 tua,
2736 3272 2837 3310 non
2879 3259 3152 3316 barbarica
3183 3266 3282 3319 tela
3302 3308 3317 3331 ,
3367 3285 3472 3322 non
3517 3245 3748 3327 hostium

2169 3334 2462 3404 machinas,
2488 3354 2593 3395 non
2619 3341 2917 3412 hujusmodi
2945 3351 3170 3421 impetus
3196 3365 3249 3409 et
3277 3366 3424 3412 astus
3451 3359 3744 3429 fregerunt,

2165 3425 2258 3478 sed
2287 3427 2427 3496 ipsas
2457 3442 2657 3488 natura:
2689 3442 3029 3497 necessitates
3074 3447 3454 3514 protriverunt,
3482 3465 3544 3506 ac
3569 3463 3745 3522 tyran-

2165 3514 2340 3570 nidem
2364 3523 2712 3591 sustulerunt,
2745 3543 3036 3600 earumque
3065 3547 3242 3590 arcem
3265 3537 3409 3592 humi
3442 3551 3743 3608 prostrave-

2169 3615 2312 3660 runt.
2346 3609 2421 3662 Ac
2447 3625 2567 3665 cum
2596 3613 2926 3673 daemonibus
2973 3634 3231 3692 perpetuo
3256 3627 3533 3694 dimicans,
3580 3635 3742 3686 innu-

2165 3708 2344 3750 meras
2358 3699 2560 3766 palmas
2576 3703 2786 3774 adt-pta,
2807 3708 3000 3764 nullam
3025 3715 3229 3782 plagam
3254 3719 3502 3785 accepisti
3523 3737 3536 3783 ;
3558 3736 3738 3776 verum

2162 3782 2300 3839 inter
2322 3787 2668 3847 densissimas
2694 3797 2912 3864 sagittas
2941 3799 3220 3857 incolumis
3248 3806 3544 3875 perstitisti,
3572 3825 3633 3863 ac
3656 3821 3737 3864 te.-

2161 3874 2209 3928 la
2235 3891 2297 3931 ea
2325 3894 2442 3948 qua:
2467 3882 2519 3936 in
2543 3893 2593 3938 te
2613 3886 2985 3955 conjiciuntur,
3019 3891 3070 3946 in
3097 3908 3192 3948 eos
3221 3874 3451 3964 rursum,
3482 3914 3512 3952 a
3545 3903 3738 3970 quibus

2157 3965 2318 4020 missa
2343 3979 2485 4036 sunt,
2514 3973 2773 4032 resiliunt.
2795 3977 2917 4032 Hmc
2947 3981 3194 4036 nimirum
3217 3987 3345 4053 artis
3362 3992 3732 4058 tuwsapientia

2156 4065 2256 4121 est,
2272 4066 2431 4127 utper
2442 4075 2501 4114 ea
2516 4064 2650 4117 mala
2667 4081 2784 4134 quae
2803 4068 2894 4123 tibi
2913 4070 3228 4138 inferuntur,
3245 4091 3391 4144 eos,a
3409 4080 3598 4147 quibus
3611 4083 3734 4136 infe-

2155 4157 2361 4214 runtttr,
2383 4151 2671 4220 ulciscaris,
2687 4166 2740 4211 et
2751 4172 2847 4227 per
2862 4161 3078 4216 insidias
3095 4181 3210 4233 qua:
3223 4167 3314 4220 tibi
3335 4182 3726 4239 comparantur,

2151 4251 2245 4294 cos
2262 4241 2350 4309 qui
2365 4241 2558 4298 bellum
2584 4247 2674 4300 tibi
2695 4249 2952 4317 indicunt,
2977 4268 3206 4309 maerore
3226 4256 3446 4322 afficias,
3468 4263 3720 4330 amplissi-

2151 4346 2289 4386 mam
2307 4335 2510 4390 scilicet
2538 4339 2893 4408 adipiscenda:
2921 4347 3135 4411 majoris
3162 4348 3342 4416 gloriae
3369 4359 3600 4421 segetem
3632 4353 3728 4407 ha-

2149 4420 2278 4476 beus
2293 4423 2499 4478 illorum
2520 4427 2934 4497 improbitatem.
2948 4436 3078 4500 Qua:
3105 4452 3221 4491 cum
3251 4449 3307 4492 et
3337 4420 3602 4510 comperta
3633 4444 3728 4498 ha-

2147 4508 2292 4574 beas,
2313 4521 2364 4566 et
2380 4514 2550 4583 reipsa
2575 4521 2886 4587 persentias,
2906 4538 3008 4576 non
3026 4524 3119 4579 abs
3139 4541 3196 4580 re
3218 4508 3587 4586 fabulamihzec
3606 4548 3724 4588 Ottl-

2148 4600 2230 4652 nia
2249 4616 2540 4672 nuncupas.
2570 4607 2762 4674 Quidni
2783 4612 2947 4679 enim,
2976 4630 3178 4684 quaeso,
3208 4619 3434 4674 fabulam
3463 4625 3718 4693 appelles.

2146 4704 2265 4743 cum
2282 4707 2473 4763 corpus
2489 4699 2710 4754 mortale
2725 4714 2874 4756 nacta
2895 4704 2989 4770 sis,
3004 4717 3057 4758 et
3070 4716 3242 4763 tamen
3257 4719 3482 4766 mortem
3501 4715 3720 4781 perinde

2144 4790 2472 4852 contemnas,
2503 4795 2559 4840 ut
2585 4790 2673 4858 qui
2695 4802 2932 4847 exteram
2976 4795 3244 4864 deserere,
3275 4808 3434 4870 atque
3465 4803 3532 4857 ad
3564 4820 3715 4859 suam

2141 4873 2362 4939 patriam
2392 4875 2567 4932 redire
2593 4877 2883 4936 festinant?
2912 4899 3036 4939 cum
3066 4887 3118 4941 in
3149 4890 3496 4947 acerbissimo
3525 4895 3716 4950 morbo

2146 4962 2392 5028 verscris,
2422 4973 2476 5018 et
2515 4975 2687 5024 tamen
2715 4975 2928 5027 suavius
2955 4990 3110 5043 quam
3141 4979 3229 5047 qui
3263 4983 3460 5049 optima
3507 4985 3710 5038 valetu-

2138 5051 2261 5106 dine
2289 5068 2352 5107 ac
2396 5068 2584 5126 vegeto
2625 5076 2848 5129 corpore
2892 5074 3033 5128 sunt.
3082 5067 3278 5137 degas,
3337 5081 3394 5125 ut
3443 5088 3560 5142 quae
3612 5091 3712 5131 nec

2137 5147 2470 5201 contumeliis
2495 5151 2775 5218 dejiciaris,
2799 5170 2897 5209 nec
2919 5157 3206 5214 honoribus
3233 5173 3321 5217 aut
3346 5165 3512 5234 gloria
3543 5169 3706 5222 attol-

2137 5233 2278 5298 laris,
2333 5237 2383 5289 id
2427 5242 2565 5307 quod
2607 5245 2782 5299 multis
2821 5247 3219 5306 innumerorum
3250 5255 3509 5310 malorum
3545 5273 3706 5313 causa

2132 5324 2249 5391 fuit,
2282 5328 2392 5396 qui,
2422 5345 2537 5383 cum
2569 5335 2727 5388 etiam
2760 5338 2810 5391 in
2838 5341 3118 5398 sacerdotii
3146 5360 3367 5402 munere
3406 5346 3702 5418 fulsisscnt,

2130 5426 2288 5486 atque
2313 5421 2378 5472 ad
2406 5433 2696 5480 extremam
2725 5441 3051 5488 senectutem
3082 5444 3134 5489 et
3164 5439 3410 5492 canitiem
3435 5444 3705 5508 pervenis-

2129 5519 2265 5570 sent,
2300 5511 2421 5567 ltinc
2471 5517 2682 5570 tandem
2733 5535 3070 5591 corruerunt,
3124 5543 3186 5582 ac
3223 5529 3390 5583 cuivis
3436 5541 3700 5602 tamquam

2126 5612 2407 5657 commune
2446 5606 2708 5673 quoddam
2735 5612 3001 5669 theatrum
3043 5622 3444 5687 proponuntur?
3473 5626 3539 5676 At
3582 5625 3696 5689 tibi,

2125 5704 2246 5758 qnze
2270 5701 2323 5746 et
2352 5693 2543 5751 femina
2573 5714 2652 5766 es,
2676 5709 2725 5756 et
2746 5706 2926 5772 gracili
2950 5709 3234 5764 admodum
3264 5727 3504 5779 corpore,
3543 5725 3595 5767 et
3626 5726 3700 5770 tot

2125 5799 2186 5838 ac
2210 5793 2382 5840 tantos
2427 5795 2651 5859 Impetus
2680 5797 3000 5870 sustinuisti,
3045 5816 3148 5860 non
3198 5804 3354 5860 modo
3387 5807 3454 5860 nil
3483 5809 3581 5863 tale
3610 5825 3695 5863 ac-
