4078 6430
313 420 420 476 αντ

311 532 618 600 νάξασθαι·
673 533 809 587 ἀλλά
844 534 936 587 καὶ
985 531 1097 604 πῦρ
1141 532 1416 586 ἀνακαίων
1444 545 1504 598 ι,
1542 532 1637 585 καὶ
1691 533 1901 586 καπνοῦ

311 621 702 692 χαλεπωτάτου
742 622 1103 692 ἀνεχόμενος,
1154 620 1248 672 καὶ
1285 622 1340 672 ἐν
1371 620 1452 672 ένῖ
1493 617 1750 689 δωματίῳ
1773 618 1908 671 καθ-

308 714 626 784 ειργμένος,
688 716 778 766 καὶ
838 713 1008 784 μυρία
1054 711 1404 783 ἐπιϐλήματα
1436 710 1596 780 έχων,
1635 712 1730 764 καὶ
1771 711 1907 781 μηδὲ

307 805 402 857 τὸν
456 803 608 856 οὐδὸν
659 804 964 875 ὑπερϐῆναι
1003 802 1252 875 τολμῶν,
1282 802 1351 855 τὰ
1399 801 1601 873 ἔσχατα
1643 801 1903 871 ἔπασχον,

308 895 530 964 ἐμέτων
569 912 627 948 τε
658 895 900 965 συνεχῶς
931 895 1329 965 ἐπιγινομένων
1359 893 1753 963 κεφαλαλγίας,
1806 894 1902 946 ἀν-

313 986 559 1058 ορεξίας,
605 986 912 1057 ἀγρυπνίας
946 985 1249 1055 διηνεκοῦς.
1295 987 1377 1040 Τά
1410 985 1540 1054 γοῦν
1567 984 1776 1053 πελάγη
1807 985 1907 1054 τῆς

310 1075 512 1138 νυκτὸς
537 1073 609 1127 τά
628 1074 772 1127 οὕτω
797 1073 988 1144 μακρά
1011 1074 1310 1145 ἀγρυπνῶν
1334 1073 1624 1128 διετέλουν.
1657 1072 1795 1125 Ἀλλ’
1820 1073 1908 1126 ἵνα

313 1165 393 1234 μὴ
422 1164 586 1217 πλέον
615 1166 729 1226 τοῖς
756 1163 1076 1238 δυσχερέσιν
1100 1162 1450 1232 ἐνδιατρίϐων
1479 1164 1781 1218 κατατείνω
1813 1179 1906 1214 σου

308 1257 409 1326 τὴν
431 1255 697 1318 διάνοιαν,
719 1256 935 1309 πάντων
960 1255 1358 1326 ἀπηλλάγμεθα
1379 1255 1584 1308 τούτων
1607 1254 1721 1308 νῦν.
1740 1253 1905 1324 Ὁμοῦ

309 1365 370 1400 τε
393 1349 506 1418 γάρ
526 1347 730 1417 ἐπέστη
757 1347 818 1400 τὸ
838 1347 958 1418 ἔαρ,
980 1349 1069 1401 καὶ
1096 1349 1269 1418 μικρά
1295 1365 1380 1411 τις
1404 1346 1499 1400 τοῦ
1528 1347 1690 1416 ἀέρος
1717 1346 1907 1414 γέγονε

314 1437 614 1508 μεταϐολὴ,
661 1437 944 1507 αὐτόματα
979 1440 1158 1492 πάντα
1207 1437 1391 1509 ἐλύθη.
1441 1436 1582 1490 Ἀλλ’
1620 1438 1772 1507 ὅμως
1815 1437 1909 1489 καὶ

310 1528 408 1581 νῦν
433 1528 640 1599 πολλῆς
677 1528 867 1598 δέομαι
897 1529 998 1598 τῆς
1036 1527 1320 1598 ἀκριϐείας
1351 1527 1495 1582 κατὰ
1533 1527 1632 1598 τὴν
1660 1526 1870 1580 δίαιταν
1891 1544 1904 1557 ·

309 1619 401 1672 διὰ
429 1619 494 1690 δὴ
532 1618 691 1672 τοῦτο
735 1618 936 1688 κοῦφον
972 1620 1112 1672 ποιῶ
1145 1617 1222 1688 τῷ
1267 1619 1525 1689 στομάχῳ
1561 1619 1624 1673 τὺ
1664 1617 1903 1688 φορτίον,

311 1711 458 1765 ὥστε
490 1711 623 1764 αὑτὸ
663 1709 922 1765 δύνασθαι
967 1712 1062 1764 καὶ
1107 1711 1307 1782 ῥαδίως
1341 1711 1656 1764 διατιθέναι.
1687 1712 1799 1781 Οὑχ
1832 1711 1908 1774 ὠς

305 1803 475 1880 ξτυχε
503 1801 560 1854 δὲ
590 1801 740 1872 ἡμᾶς
768 1801 1107 1871 κατέστησεν
1140 1803 1198 1853 ἐν
1229 1800 1474 1873 φροντίδι
1501 1801 1595 1854 καὶ
1625 1801 1685 1854 τὸ
1717 1800 1909 1872 μαθεῖν

313 1893 458 1964 πρδς
499 1893 737 1964 ἐσχάτας
783 1891 1062 1954 ἀναπνοὰς
1092 1887 1234 1945 εἷναί
1273 1908 1367 1945 σου
1402 1892 1502 1963 τὴν
1549 1892 1908 1964 κοσμιότητα.

326 1984 472 2037 Ἀλλ’
506 1975 656 2055 ὅμως
687 1983 776 2036 διά
818 1982 878 2034 τὸ
913 1982 1164 2053 στέργειν
1195 1982 1400 2053 σφόδρα
1441 1983 1536 2036 καὶ
1568 1984 1840 2055 μεριμνᾷν
1859 1983 1908 2047 ι’,

313 2075 410 2128 καὶ
448 2072 755 2144 φροντίζειν
781 2070 848 2125 τά
876 2072 964 2137 σά,
1001 2071 1095 2125 καὶ
1138 2071 1245 2142 πρὸ
1277 2071 1387 2124 τῶν
1431 2073 1782 2144 γραμμάτων
1809 2071 1913 2142 τῆς

312 2164 631 2236 τιμιότητός
664 2181 782 2225 σου,
809 2161 1018 2233 ταύτης
1050 2163 1450 2235 ἀπηλλάγημεν
1478 2165 1579 2236 τῆς
1617 2165 1908 2236 μερίμνης,

315 2254 531 2308 πολλῶν
565 2255 777 2309 ἐκεῖθεν
801 2254 1066 2308 ἐλθόντων
1094 2256 1188 2309 καὶ
1209 2256 1663 2325 ἀπαγγειλάντων
1687 2257 1757 2310 τά
1783 2274 1848 2310 πε
1860 2257 1911 2329 9l

315 2349 418 2418 τῆς
449 2347 662 2416 ὑγιείας
691 2347 791 2418 τῆς
827 2347 947 2417 σῆς.

389 2437 504 2492 Kal
545 2437 642 2490 νῦν
680 2437 858 2508 χαίρω
889 2437 1092 2510 σφόδρα
1134 2437 1230 2491 καὶ
1276 2438 1668 2511 εὑφραίνομαι,
1693 2441 1794 2511 οὑχ
1829 2440 1912 2494 ὃτι

313 2529 417 2601 τῆς
447 2527 763 2600 ἀρῥωστίας
786 2529 1111 2600 ἀπηλλάγης
1144 2530 1326 2600 μόνον,
1358 2530 1496 2584 ἀλλά
1531 2533 1638 2603 πρὸ
1670 2533 1910 2597 πάντων,

315 2623 400 2674 ὅτι
440 2621 584 2674 οὑτω
629 2621 897 2687 γενναίως
944 2621 1131 2690 φέρεις
1171 2620 1238 2674 τά
1287 2623 1669 2690 συμπίπτοντα
1694 2662 1709 2685 ,
1745 2623 1915 2694 μῦθον

318 2713 538 2782 ᾇπαντα
564 2711 736 2764 ταῦτα
767 2710 1006 2766 καλοῦσα
1024 2728 1039 2742 ·
1071 2712 1169 2764 κα)⁵
1197 2711 1258 2764 τὸ
1286 2711 1352 2782 δὴ
1384 2712 1587 2782 μεῖζον,
1622 2714 1703 2767 ὅτι
1725 2714 1820 2766 καὶ
1847 2717 1913 2786 τῇ

318 2803 416 2859 τοῦ
442 2791 696 2873 σώματος
721 2804 1005 2874 ἀρῥωστία
1033 2802 1236 2872 ταύτην
1259 2802 1595 2874 περιέθηκας
1623 2805 1724 2876 τὴν
1749 2823 1916 2878 προσ-

321 2897 575 2968 ηγορίαν,
601 2896 631 2949 ὃ
658 2895 837 2965 ψυχῆς
867 2897 984 2948 ἐστι
1035 2894 1288 2964 νεανικῆς
1327 2894 1424 2948 καὶ
1472 2895 1656 2967 πολλῴ
1700 2897 1779 2968 τῷ
1816 2899 1918 2968 τῆς

315 2989 546 3062 ἀνδρίας
577 2987 852 3058 βρυούσης
893 2987 1113 3058 καρπῷ.
1150 2986 1226 3040 Τὸ
1251 2986 1361 3058 γάρ
1408 2987 1484 3060 μὴ
1535 2988 1694 3060 μόνον
1730 2989 1919 3060 φέρειν

322 3080 590 3149 γενναίως
621 3079 690 3134 τά
740 3077 1012 3150 δυσχερῆ.
1042 3077 1184 3130 ἀλλά
1225 3078 1362 3149 μηδὲ
1404 3079 1688 3150 παρόντοιν
1735 3081 1917 3135 αὑτῶν

323 3166 704 3230 αἰσθάνεσθαι,
751 3167 868 3220 ἀλλ’
904 3168 1184 3238 ὑπερορᾷν
1232 3168 1324 3220 καὶ
1376 3168 1515 3239 μετὰ
1565 3170 1767 3240 πολλῆς
1820 3157 1918 3242 τῆς

322 3259 763 3332 ἀπραγμοσύνης
791 3260 883 3312 τὸν
910 3263 1010 3330 τῆς
1056 3258 1335 3329 ὑπομονῆς
1381 3259 1753 3331 ἀναδήσασθαι
1797 3261 1920 3314 στέ-

324 3369 515 3421 φανον,
540 3351 603 3404 οὐ
642 3351 980 3422 κάμνουσαν,
1011 3349 1134 3403 οὐδὲ
1161 3348 1434 3419 ίδροῦσαν,
1465 3349 1585 3404 οὑδὲ
1617 3351 1920 3422 πράγματα

323 3447 572 3512 ἔχουσαν,
603 3442 725 3496 οὑδὲ
749 3441 958 3513 ἑτέροις
1004 3440 1374 3513 παρέχουσαν,
1407 3439 1524 3495 ἀλλ’
1550 3441 1741 3515 ὥσπερ
1774 3460 1923 3513 σκιρ-

322 3531 512 3585 τῶσιν
571 3530 666 3588 καὶ
720 3529 1054 3602 χορεύουσαν
1079 3569 1094 3594 ,
1145 3528 1308 3583 τοῦτο
1358 3533 1460 3601 τῆς
1515 3531 1922 3603 ἀκριϐεστάτης

325 3623 650 3693 φιλοσοφίας
699 3625 848 3677 ἐστὶν
894 3620 1192 3686 ἀπόδειξις.
1241 3621 1341 3675 Διά
1387 3621 1560 3676 ταῦτα
1597 3623 1774 3694 χαίρω
1827 3624 1922 3678 καὶ

326 3713 566 3785 σκιρτῶ,
617 3713 856 3783 πέτομαι
905 3711 1012 3765 ὑπὸ
1039 3712 1141 3783 τῆς
1183 3712 1410 3784 ἡδονῆς,
1441 3713 1544 3766 οὑκ
1590 3714 1922 3785 αἰσθάνομαι

323 3804 429 3876 τῆς
461 3803 746 3875 παρούσης
786 3801 1044 3874 ἐρημίας,
1087 3802 1210 3855 οὑδὲ
1257 3801 1369 3855 τῶν
1416 3801 1623 3856 λοιπῶν
1657 3806 1922 3874 περιστά-

327 3912 491 3958 σεων,
547 3893 977 3965 εὐφραινόμενος
1025 3893 1120 3946 καὶ
1155 3892 1528 3963 γαννύμενος,
1563 3895 1656 3948 καὶ
1717 3896 1928 3967 σφόδρα

327 3983 485 4060 [581]
517 3985 998 4056 καλλωπιζόμενος
1019 3985 1113 4038 ἐπὶ
1150 3987 1215 4056 τῇ
1249 3988 1316 4057 σῇ
1353 3983 1804 4060 μεγαλοφροσύνῃ
1832 3988 1925 4040 καὶ

327 4079 451 4141 ταῖς
481 4077 806 4148 ἐπαλλήλοις
834 4077 1040 4143 νίκαις,
1068 4076 1128 4130 οὑ
1153 4077 1242 4130 διὰ
1260 4077 1319 4130 σὲ
1353 4077 1534 4148 μόνον,
1552 4077 1688 4130 ἀλλά
1714 4079 1809 4132 καὶ
1834 4079 1926 4133 διὰ

325 4170 427 4240 τὴν
449 4168 696 4241 μεγάλην
724 4170 819 4223 καὶ
847 4169 1274 4240 πολυάνθρωπον
1305 4169 1460 4222 πόλιν
1492 4169 1728 4240 ἐκείνην,
1829 4170 1925 4223 καὶ

330 4263 456 4316 ἀντὶ
487 4261 700 4332 πύργου
733 4262 830 4316 καὶ
863 4262 1084 4333 λιμένος
1114 4263 1346 4330 γέγονας
1395 4262 1490 4316 καὶ
1517 4263 1754 4332 τείχους,
1781 4262 1925 4333 λαμ-

333 4352 481 4423 πράν
519 4353 620 4423 τὴν
650 4352 739 4406 διὰ
767 4353 876 4406 τῶν
922 4352 1271 4423 πραγμάτων
1319 4354 1546 4422 ἀφιεῖσα
1583 4354 1787 4425 φωνὴν,
1833 4357 1928 4409 καὶ

330 4446 593 4515 ἑκάτερον
620 4445 866 4514 τὸγένος
891 4446 949 4498 ἐν
969 4448 1082 4508 τοῖς
1123 4444 1408 4515 παθήμασί
1444 4463 1537 4498 σου
1569 4445 1924 4512 παιδεύουσα,

330 4536 428 4590 καὶ
461 4535 791 4590 ἀποδύεσθαι
825 4537 1024 4608 ῥᾳδίως
1071 4537 1206 4606 πρὸς
1237 4535 1514 4600 τοιούτους
1555 4536 1795 4606 ἀγῶνας,
1831 4539 1928 4592 καὶ

329 4628 686 4683 καταϐαίνειν
714 4631 795 4693 είς
815 4628 885 4681 τά
911 4629 1212 4699 σκάμματα
1243 4628 1380 4699 μετά
1407 4629 1660 4699 ἀνδρείας
1683 4631 1924 4702 ἀπάσης,

331 4721 428 4774 καὶ
462 4721 655 4791 φέρειν
697 4719 936 4784 εὐκόλως
961 4720 1090 4782 τοὺς
1129 4721 1193 4771 ἐκ
1237 4719 1346 4773 τῶν
1392 4720 1653 4774 τοιούτων
1699 4721 1926 4790 ἀγώνων

331 4811 587 4882 ἱδρῶτας.
637 4813 748 4874 Καὶ
784 4813 845 4866 τὸ
876 4811 941 4882 δὴ
983 4811 1318 4881 θαυμαστὸν,
1351 4813 1438 4866 δτι
1463 4813 1564 4866 οὑκ
1611 4815 1690 4876 είς
1720 4813 1926 4884 ἀγοράν

332 4900 700 4969 ἐμϐάλλουσα,
733 4901 854 4954 οὑδὲ
896 4899 966 4953 τά
1009 4900 1150 4971 μέσα
1186 4900 1287 4968 τῆς
1327 4901 1534 4964 πόλεως
1569 4901 1927 4972 καταλαμϐά-

332 5011 521 5059 νουσα,
539 4994 655 5048 ἀλλ’
678 4995 737 5046 ἐν
761 4994 992 5064 οἰκίσκῳ
1024 4992 1218 5064 βραχεῖ
1239 4994 1330 5046 καὶ
1362 4993 1591 5064 θαλάμῳ
1615 4995 1922 5066 καθημένη,

331 5087 565 5155 νευροῖς,
600 5083 845 5154 ἀλείφεις
891 5084 1018 5146 τοὺς
1067 5082 1331 5147 ἑστῶτας,
1365 5084 1459 5137 καὶ
1507 5084 1605 5154 τῆς
1655 5084 1927 5158 θαλάττης

333 5177 478 5230 οὑτω
515 5180 870 5248 μαινομένης,
913 5177 1007 5231 καὶ
1045 5175 1155 5228 τῶν
1183 5176 1448 5246 κυμάτων
1474 5177 1618 5230 οὑτω
1651 5195 1925 5249 κορυφου-

338 5269 535 5336 μένων,
569 5267 850 5321 σκοπέλων
882 5283 941 5320 τε
970 5268 1064 5319 καὶ
1093 5267 1333 5335 ὑφάλων,
1370 5269 1463 5320 καὶ
1503 5266 1796 5334 σπιλάδων,
1834 5269 1929 5322 καὶ

335 5358 542 5429 θηρίων
577 5357 841 5411 πάντοθεν
872 5357 1082 5428 ἀγρίων
1106 5357 1580 5426 ἀναφαινομένων,
1613 5359 1707 5410 καὶ
1737 5359 1929 5422 νυκτὸς

337 5449 647 5520 βαθυτάτης
671 5450 851 5502 πάντα
884 5438 1246 5518 κατεχούσης,
1282 5447 1471 5520 ῶσπερ
1509 5451 1566 5501 ἐν
1608 5449 1928 5522 μεσημϐρίᾳ

336 5541 432 5594 καὶ
454 5540 663 5612 γαλήνῃ
691 5541 783 5594 καὶ
812 5540 955 5594 κατά
992 5540 1248 5609 πρύμναν
1280 5540 1376 5594 τοῦ
1431 5540 1740 5611 πνεύματος
1773 5544 1924 5596 ίστα-

402 5720 428 5790 ξ
451 5716 562 5767 Duo
588 5731 704 5766 mss.
749 5719 831 5765 καὶ
851 5716 944 5780 πῦρ
966 5717 1202 5775 ἀνάπτων,
1231 5717 1314 5768 alii
1342 5724 1396 5768 et
1418 5719 1538 5770 editi
1579 5722 1660 5768 καὶ
1697 5721 1790 5785 πῦρ
1811 5723 1930 5771 ἀνα-

579 5840 657 5889 δια
679 5839 734 5887 τὸ
759 5840 942 5903 σφόδρα
966 5844 1205 5905 μεριμνᾷν.
1232 5845 1329 5890 clc.

1739 415 2124 474 EPISTOLE.

3493 404 3597 456 600

2015 534 2200 604 μένου,
2231 533 2403 598 οὑτως
2447 533 2834 590 ἀναπετάσασα
2874 535 2973 604 τῆς
3020 532 3298 605 ὑπομονῆς
3336 535 3406 587 τά
3436 533 3604 602 ίστία,

2013 625 2151 694 μετά
2196 625 2397 695 πολλῆς
2436 625 2620 688 πλέεις
2648 627 2746 696 τῆς
2790 626 3062 690 εὐκολίας,
3093 626 3154 678 οὑ
3188 625 3348 695 μόνον
3381 625 3442 678 οὑ
3472 625 3604 679 κλυ-

2009 714 2346 784 δωνιξομένη
2379 713 2483 766 ὑπὸ
2509 712 2604 766 τοῦ
2649 712 2887 782 χαλεποῦ
2930 712 3122 765 τούτου
3149 710 3442 781 χειμῶνος,
3485 709 3604 762 ἀλλ’

2008 805 2129 857 οὑδὲ
2154 823 2218 857 πε
2229 804 2682 876 ριρῥαντιζομένη
2699 821 2714 836 ο
2737 805 2830 857 καὶ
2854 804 2998 874 μάλα
3012 821 3075 871 γε
3098 803 3326 864 εἰκότως
3345 819 3358 832 ·
3380 799 3606 854 τοιαῦτα

2009 894 2118 964 γάρ
2143 895 2242 964 τῆς
2259 895 2461 966 ἀρετῆς
2483 893 2550 946 τὰ
2573 893 2828 965 πηδάλια.
2861 892 2967 946 Καὶ
2983 893 3216 964 ἔμποροι
3243 892 3362 961 μέν,
3399 891 3494 943 καὶ
3508 907 3580 942 κυ
3597 919 3609 928 -

2009 986 2290 1056 ϐερνῆται,
2317 987 2412 1038 καὶ
2439 986 2754 1053 ναῦται,κα“ι
2782 985 3088 1053 πλωτῆρες,
3107 981 3328 1035 ἐπειδὰν
3353 981 3504 1034 ῐδωσι
3522 998 3608 1033 νε-

2010 1077 2127 1146 φῶν
2144 1077 2506 1148 συνδρομὴν,ῆ
2526 1076 2735 1147 ἀγρίων
2758 1075 2975 1145 ἀνέμων
2995 1071 3253 1144 ἐμϐολὴν,
3273 1072 3308 1142 ἢ
3336 1070 3398 1122 τὸ
3429 1069 3609 1140 ῥόθιον

2009 1169 2103 1223 τοῦ
2121 1169 2364 1239 κύματος
2389 1169 2736 1239 σφοδροτάτῳ
2751 1167 2873 1232 ζέον
2885 1165 3044 1237 ἀφρῷ
3068 1203 3083 1226 ,
3111 1165 3243 1217 εῐσω
3275 1162 3494 1234 λιμένος
3539 1168 3608 1213 τά

2010 1258 2169 1311 πλοῖα
2198 1258 2522 1329 κατέχουσιν
2542 1275 2556 1288 ·
2585 1260 2632 1311 εί
2671 1257 2727 1310 δέ
2759 1274 2861 1310 που
2897 1259 2993 1309 καὶ
3031 1254 3248 1324 τύχοιεν
3285 1255 3343 1306 ἐν
3377 1251 3607 1318 πελάγει

2011 1350 2366 1413 σαλεύοντες,
2423 1351 2602 1404 πάντα
2646 1349 2858 1403 ποιοῦσι
2909 1349 3005 1401 καὶ
3041 1345 3421 1418 μηχανῶνται,
3463 1342 3607 1396 ὥστε

2013 1445 2148 1515 πρὸς
2163 1442 2402 1514 δρμον,ἢ
2429 1442 2612 1512 νῆσον,
2636 1441 2668 1513 ἢ
2695 1441 2867 1511 ἀκτὴν
2884 1440 3255 1511 προσορμίσαι
3283 1436 3345 1490 τὸ
3375 1436 3604 1505 σκάφος.

2011 1537 2084 1590 Σὺ
2108 1535 2166 1589 δὲ
2196 1535 2407 1605 μυρίων
2441 1534 2791 1603 πνευμάτων,
2814 1530 3086 1584 τοσούτων
3113 1529 3321 1600 ἀγρίων
3346 1526 3609 1596 κυμάτων

2011 1627 2279 1682 πάντοθεν
2325 1625 2812 1697 συρῤηγνυμένων,
2861 1623 2956 1676 τοῦ
2998 1621 3164 1692 βυθοῦ
3195 1623 3295 1694 τῆς
3338 1619 3608 1688 θαλάττης

2010 1717 2452 1789 άναστραφέντος
2475 1715 2564 1770 διὰ
2585 1717 2684 1788 τὴν
2711 1715 3057 1787 χαλεπότητα
3079 1713 3174 1767 τοῦ
3201 1711 3490 1783 χειμῶνος,
3515 1709 3611 1764 καὶ

2009 1811 2120 1864 τῶν
2151 1811 2249 1880 μὲν
2278 1807 2626 1879 ὑποϐρυχίων
2647 1807 2980 1878 γενομένων,
3011 1807 3120 1859 τῶν
3143 1805 3200 1858 δέ
3240 1804 3610 1858 ἐπιπλεόντων

2013 1900 2222 1973 νεκρῶν
2243 1903 2354 1964 τοῖς
2379 1899 2587 1962 ὕδασιν,
2612 1898 2817 1969 ἐτέρων
2841 1896 3067 1968 γυμνῶν
3095 1895 3187 1950 ἐπὶ
3211 1895 3424 1957 σανίδος
3445 1909 3614 1964 φερο-

2018 1994 2217 2064 μένων,
2251 1993 2330 2057 είς
2364 1991 2528 2062 μέσον
2569 1991 2840 2062 ἁλλομένη
2878 1989 2940 2043 τὸ
2988 1987 3228 2058 πέλαγος
3258 1986 3369 2040 τῶν
3400 1985 3608 2046 κακῶν.

2017 2083 2188 2155 μῦθον
2224 2083 2441 2137 ἅπαντα
2497 2081 2673 2136 ταῦτα
2719 2079 2941 2146 καλεῖς,
2983 2079 3236 2150 ἐξουρίας
3282 2081 3341 2132 ἐν
3379 2078 3613 2150 χειμῶνι

2014 2176 2252 2229 πλέουσα
2271 2193 2283 2206 ’
2320 2176 2415 2228 καὶ
2444 2173 2590 2245 μάλα
2618 2175 2864 2237 είκότως.
2891 2173 2954 2227 Οί
2989 2174 3088 2245 μὲν
3114 2171 3224 2244 γάρ
3252 2171 3611 2244 κυϐερνῆται,

2015 2268 2121 2322 κᾶν
2140 2267 2402 2338 μυριάκις
2423 2260 2526 2319 ὦσι
2554 2267 2708 2335 σοφοὶ
2744 2265 2843 2336 την
2874 2265 3194 2335 ἐπιστήμην
3217 2263 3455 2334 ἐκείνην,
3495 2261 3614 2314 ἀλλ’

2015 2359 2115 2412 οὑκ
2153 2358 2336 2429 έχουσι
2368 2357 2886 2430 τέχνηνάρκοῦσαν
2922 2356 3244 2425 ἀντιστῆναι
3296 2356 3458 2410 παντὶ
3499 2369 3615 2424 χειά

2019 2450 2157 2519 μῶνι
2177 2467 2187 2480 ·
2211 2449 2292 2504 διδ
2324 2451 2419 2504 καὶ
2440 2450 2702 2518 φεύγουσι
2727 2449 2988 2513 πολλάκις
3011 2448 3110 2520 τὴν
3141 2448 3278 2520 πρὸς
3302 2446 3370 2499 τά
3392 2447 3458 2499 κύ
3468 2462 3617 2516 ματα

2021 2541 2224 2612 μάχην.
2254 2542 2346 2594 Σοὶ
2389 2541 2446 2594 δέ
2480 2541 2628 2595 ἐστιν
2674 2542 2955 2611 ἐπιστήμη
2986 2541 3188 2604 παντὸς
3216 2539 3467 2609 ἀνωτέρα
3505 2556 3618 2609 χει-ο

2023 2633 2220 2702 μῶνος,
2256 2633 2354 2703 τῆς
2387 2632 2684 2701 φιλοσόφου
2711 2632 2892 2702 ψυχῆς
2923 2633 2957 2703 ἡ
2979 2632 3230 2702 δύναμις,
3261 2631 3295 2701 ἢ
3331 2633 3424 2684 καὶ
3455 2646 3618 2700 στραο

2018 2724 2265 2777 τοπέδων
2299 2725 2512 2795 μυρίων
2558 2724 2706 2777 ἐστὶν
2746 2724 3091 2794 ἰσχυροτέρα,
3123 2723 3218 2778 καὶ
3245 2723 3427 2776 ὃπλων
3458 2723 3619 2776 δυνα-

2021 2818 2254 2888 τωτέρα,
2284 2817 2379 2871 καὶ
2405 2819 2630 2887 πύργων
2661 2819 2756 2871 καὶ
2783 2818 2983 2888 τειχῶν
3009 2817 3412 2888 ἀσφαλεστέρα.
3442 2817 3618 2888 Στρα·

2017 2907 2240 2971 τιῶταις
2270 2910 2368 2979 μὲν
2390 2910 2500 2982 γάρ
2527 2911 2621 2962 καὶ
2641 2909 2802 2973 ὅπλα,
2821 2910 2917 2962 καὶ
2932 2909 3109 2980 τείχη,
3133 2911 3226 2962 καὶ
3245 2909 3315 2962 πύ
3325 2908 3619 2981 ργυι,πρὸς

2023 2998 2277 3069 σώματος
2297 2999 2602 3067 ἀσφάλειαν
2619 2999 2866 3070 χρήσιμα
2893 2998 3074 3070 μόνον,
3090 2995 3360 3051 καὶτοῦτο
3380 2998 3480 3050 οὑκ
3509 2999 3619 3063 ἀεὶ,

2021 3092 2143 3145 οὑδὲ
2174 3091 2262 3145 διά
2294 3093 2493 3154 παντός
2514 3109 2528 3122 ·
2565 3091 2680 3144 ἀλλ’
2707 3091 2854 3144 ἔστιν
2889 3091 2980 3144 ὅτε
3013 3091 3107 3144 καὶ
3133 3090 3358 3160 ἡττᾶται
3405 3089 3621 3143 ἅπαντα

2020 3183 2217 3247 ταῦτα,
2264 3184 2359 3237 καὶ
2398 3184 2642 3254 ἐρήμους
2679 3181 2860 3238 αὑτῶν
2901 3181 3240 3254 προστασίας
3279 3181 3407 3245 τοὺς
3449 3197 3622 3234 κατα⁴

2021 3274 2325 3343 φεύγοντας
2373 3274 2625 3344 ἀφίησιν.
2663 3273 2746 3327 Τά
2779 3272 2835 3326 δὲ
2866 3273 2936 3326 σά
2982 3272 3044 3325 οὑ
3096 3271 3228 3344 βέλη
3261 3271 3577 3344 βαρϐαρικά
3602 3312 3619 3336 ,

2021 3365 2143 3418 οὑδὲ
2173 3365 2548 3436 μηχανήματα
2580 3362 2857 3435 πολεμίων
2888 3363 3216 3436 ἀνθρώπων,
3243 3363 3366 3418 οὑδέ
3396 3363 3623 3432 ἐφόδους

2023 3457 2118 3510 καὶ
2143 3455 2350 3519 κλοπὰς
2381 3454 2641 3520 τοιαύτας
2667 3455 2955 3527 διελέγχει,
2985 3455 3122 3509 ἀλλά
3150 3454 3250 3519 τάς
3277 3457 3378 3525 τῆς
3405 3454 3624 3523 φύσεως

2023 3548 2406 3619 κατεπάτησεν
2435 3548 2704 3617 ἀνάγκας,
2737 3549 2832 3602 καὶ
2867 3548 2967 3619 τὴν
3000 3547 3294 3618 τυραννίδα
3333 3547 3623 3612 κατέλυσε,

2025 3644 2118 3697 καὶ
2147 3641 2247 3713 τὴν
2287 3639 2589 3713 ἀκρόπολιν
2619 3639 2801 3694 αὑτῶν
2839 3639 3082 3694 καθεῖλε.
3119 3639 3230 3694 Καὶ
3261 3638 3482 3709 δαίμοσι
3521 3655 3627 3691 πυ-

2025 3731 2295 3786 κτεύουσα
2319 3730 2608 3802 διηνεκῶς,
2643 3731 2847 3801 μυρίας
2885 3731 2986 3801 μὲν
3015 3730 3134 3802 ἥρω
3165 3730 3343 3794 νίκας,
3368 3729 3626 3800 οὐδεμίαν

2025 3825 2083 3877 δὲ
2102 3823 2288 3890 ,ἐδέξω
2337 3823 2585 3895 πληγὴν,
2618 3823 2734 3875 ἀλλ’
2761 3821 3005 3891 έστηκας
3034 3823 3280 3893 ἄτρωτος
3300 3823 3358 3874 ἐν
3386 3821 3628 3896 τοσαύτῃ

2030 3914 2201 3986 βελῶν
2250 3915 2460 3984 νιφάδι,
2501 3914 2600 3968 καὶ
2637 3914 2710 3968 τά
2748 3915 2977 3969 ἀκόντια
3020 3913 3090 3967 τά
3131 3913 3274 3968 κατά
3311 3913 3462 3986 [582]
3529 3915 3626 3968 σοῦ

2031 4006 2335 4077 ῥιπτόμενα
2379 4005 2518 4078 πρὸς
2562 4007 2690 4069 τοὺς
2739 4007 3000 4076 ἀφιέντας
3057 4006 3391 4076 ὑποστρέφει
3441 4006 3622 4060 πάλιν.

2029 4096 2269 4168 Τοιαύτη
2317 4113 2411 4151 σου
2461 4098 2561 4168 τῆς
2606 4097 2805 4168 τέχνης
2847 4099 2880 4168 ὴ
2917 4097 3113 4165 σοφίαν
3161 4096 3230 4150 δι’
3269 4089 3347 4151 ὧν
3395 4101 3628 4168 πάσχεις

2028 4189 2238 4253 κακῶς,
2266 4191 2395 4254 τοὺς
2445 4189 2739 4253 ποιοῦντας
2775 4189 2992 4261 ἀμύνῃο
3041 4187 3109 4240 δι’
3137 4181 3213 4241 ὧν
3264 4189 3625 4262 ἐπιϐουλεύῃ,

2027 4283 2153 4345 τοὺς
2186 4279 2561 4351 πολεμοῦντας
2591 4279 2805 4342 λυπεῖς,
2834 4278 3095 4332 ὑπόθεσιν
3134 4280 3399 4349 μεγίστην
3429 4279 3628 4350 ἔχουσα

2030 4373 2168 4443 πρὸς
2210 4371 2616 4442 εύδοκιμήσεως
2665 4371 2922 4442 ἀφορμὴν
2964 4370 3212 4441 μείζονος
3257 4371 3357 4442 τὴν
3401 4371 3629 4425 ἐκείνων

2029 4465 2250 4518 κακίαν.
2281 4465 2468 4517 Ταῦτα
2497 4464 2591 4518 καὶ
2617 4465 2757 4536 αὑτὴ
2786 4465 2956 4518 εἰδυῖα
2994 4464 3198 4527 καλῶς,
3237 4465 3332 4517 καὶ⁵
3365 4467 3431 4536 τῇ
3459 4466 3630 4535 πείρᾳ.

2028 4555 2128 4624 τὴν
2158 4552 2415 4624 αἴσθησιν
2447 4553 2676 4625 ἔχουσα,
2721 4555 2950 4617 είκότως
2995 4553 3166 4624 μῦθον
3201 4556 3417 4607 ᾶπαντα
3454 4554 3630 4608 ταῦτα

2029 4645 2234 4707 καλεῖς.
2288 4645 2412 4707 Πῶς
2447 4647 2556 4716 γάρ
2587 4645 2688 4697 οὑκ
2727 4645 2794 4699 ἀν
2833 4645 3091 4718 καλέσῃς,
3131 4646 3252 4698 είπέ
3288 4645 3626 4716 μοιξμῦθον,

2030 4736 2223 4807 θνητὸν
2274 4736 2435 4806 σῶμα
2477 4736 2737 4806 λαχοῦσα,
2782 4737 2875 4790 καὶ
2917 4736 3152 4790 θανάτου
3183 4737 3326 4790 οὑτω
3356 4755 3630 4808 καταφρο-

2029 4827 2216 4891 νοῦσα,
2243 4827 2318 4892 ὡς
2342 4831 2391 4881 οί
2435 4829 2534 4899 τὴν
2564 4828 2854 4900 ἀλλοτρίαν
2889 4829 3240 4900 ἐπειγόμενοι
3279 4830 3627 4896 καταλιπεῖν,

2032 4923 2125 4976 καὶ
2157 4922 2293 4992 πρὸς
2321 4921 2420 4992 τὴν
2452 4920 2660 4974 οἰκείαν
2697 4921 3013 4975 ἐπανελθεῖν
3049 4922 3316 4991 πατρίδα;
3346 4922 3632 4994 ἀρῥωστίᾳ

2033 5013 2253 5075 συξῶσα
2310 5011 2704 5082 χαλεπωτάτῃ,
2752 5011 2847 5064 καὶ
2901 5010 3013 5063 τῶν
3060 5010 3478 5082 εύσαρκούντων
3536 5015 3626 5067 καὶ

2033 5103 2391 5174 σφριγώντων
2420 5103 2568 5172 ἥδιον
2604 5103 2946 5173 διακειμένη,
2978 5103 3076 5172 οὑχ
3117 5102 3306 5174 ῦϐρεσι
3342 5121 3633 5157 ταπεινου-

2036 5196 2197 5266 μένη,
2224 5197 2284 5249 οὑ
2319 5198 2507 5266 τιμαῖς
2550 5195 2642 5248 καὶ
2679 5195 2861 5260 δόξαις
2895 5196 3257 5266 ἐπαιρομένη,
3289 5194 3449 5248 τοῦτο
3479 5196 3542 5266 δὴ
3572 5196 3633 5250 τὸ

2036 5287 2246 5358 μυρίων
2280 5287 2492 5350 πολλοῖς
2544 5289 2718 5340 αἴτιον
2758 5287 3054 5356 γενόμενον
3087 5286 3294 5352 κακῶν,
3343 5289 3392 5340 οἳ
3441 5288 3535 5340 καὶ
3574 5289 3634 5341 ἐν

2037 5381 2308 5454 ἱερωσύνῃ
2351 5381 2792 5450 διαλάμψαντες,
2849 5381 2944 5434 καὶ
2997 5382 3134 5453 πρὸς
3175 5382 3402 5452 ἔσχατον
3455 5385 3633 5456 γῆρας

2035 5475 2330 5538 ἐλάσαντες
2363 5473 2456 5527 καὶ
2497 5473 2806 5543 βαθυτάτην
2835 5472 3048 5536 πολιάν,
3087 5473 3338 5528 ἐντεῦθεν
3378 5474 3629 5538 ὤλισθον,

2035 5567 2132 5619 καὶ
2183 5567 2365 5619 κοινὸν
2415 5565 2736 5636 πρόκεινται
2783 5569 2895 5629 τοῖς
2946 5565 3294 5636 βουλομένοις
3345 5567 3634 5637 κωμῳδεῖν

2037 5658 2300 5728 θέατρον;
2347 5659 2486 5711 Ἀλλ’
2524 5661 2556 5728 ἡ
2601 5660 2761 5730 γυνὴ,
2799 5662 2892 5712 καὶ
2924 5661 3237 5730 ἀραχνῶδες
3267 5664 3634 5733 περικειμένη

2038 5749 2220 5818 σῶμα,
2245 5751 2338 5802 καὶ
2373 5751 2644 5814 τοσαύτας
2677 5752 2980 5819 ἐνεγκοῦσα
3012 5753 3342 5822 προσϐολὰς,
3372 5756 3431 5807 οὑ
3473 5756 3633 5823 μόνον

2037 5842 2190 5896 οὐδὲν
2237 5842 2439 5904 ἔπαθες
2487 5844 2767 5911 τοιοῦτον,
2805 5846 2939 5900 ἀλλά
2994 5848 3088 5901 καὶ
3135 5848 3354 5920 ἐτέρους
3402 5845 3634 5910 πολλοὺς
