  <div class='ocr_page' id='page_1' title='image "/cluster/home/n/w/nwhite01/storage/ocr_20150623/52/ien.35556001660794/221.png"; bbox 0 0 4078 6440; ppageno 0'>
   <div class='ocr_carea' id='block_1_1' title="bbox 501 402 602 459">
    <p class='ocr_par' dir='ltr' id='par_1_1' title="bbox 501 402 602 459">
     <span class='ocr_line' id='line_1_1' title="bbox 501 402 602 459; baseline -0.03 0"><span class='ocrx_word' id='word_1_1' title='bbox 501 402 602 459; x_wconf 78' lang='grc' dir='ltr'><strong>ωί</strong></span> 
     </span>
    </p>
   </div>
   <div class='ocr_carea' id='block_1_2' title="bbox 505 498 2079 576">
    <p class='ocr_par' dir='ltr' id='par_1_2' title="bbox 505 498 2079 576">
     <span class='ocr_line' id='line_1_2' title="bbox 505 498 2079 576; baseline -0.01 -7"><span class='ocrx_word' id='word_1_2' title='bbox 505 515 699 570; x_wconf 90' lang='grc' dir='ltr'><strong>παθεῖν</strong></span> <span class='ocrx_word' id='word_1_3' title='bbox 727 511 1024 573; x_wconf 83' lang='grc' dir='ltr'><strong>ἐκώλυσας.</strong></span> <span class='ocrx_word' id='word_1_4' title='bbox 1074 509 1333 562; x_wconf 81' lang='grc' dir='ltr'><strong>Κάκεῖνοι</strong></span> <span class='ocrx_word' id='word_1_5' title='bbox 1381 505 1478 576; x_wconf 78' lang='grc' dir='ltr'><strong>μὲν</strong></span> <span class='ocrx_word' id='word_1_6' title='bbox 1518 502 1641 557; x_wconf 82' lang='grc' dir='ltr'><strong>οὑδέ</strong></span> <span class='ocrx_word' id='word_1_7' title='bbox 1689 501 1851 573; x_wconf 89' lang='grc' dir='ltr'><strong>μέχρι</strong></span> <span class='ocrx_word' id='word_1_8' title='bbox 1884 498 2079 555; x_wconf 84' lang='grc' dir='ltr'>πολλοῦ</span> 
     </span>
    </p>
   </div>
   <div class='ocr_carea' id='block_1_3' title="bbox 503 592 2078 674">
    <p class='ocr_par' dir='ltr' id='par_1_3' title="bbox 503 592 2078 674">
     <span class='ocr_line' id='line_1_3' title="bbox 503 592 2078 674; baseline -0.01 -14"><span class='ocrx_word' id='word_1_9' title='bbox 503 606 613 660; x_wconf 83' lang='grc' dir='ltr'><strong>τῶν</strong></span> <span class='ocrx_word' id='word_1_10' title='bbox 639 602 864 673; x_wconf 85' lang='grc' dir='ltr'><strong>ἀγώνων</strong></span> <span class='ocrx_word' id='word_1_11' title='bbox 879 600 1234 671; x_wconf 82' lang='grc' dir='ltr'><strong>προελθόντες</strong></span> <span class='ocrx_word' id='word_1_12' title='bbox 1251 610 1300 662; x_wconf 73' lang='grc' dir='ltr'><strong>α,</strong></span> <span class='ocrx_word' id='word_1_13' title='bbox 1315 597 1453 674; x_wconf 83' lang='grc' dir='ltr'><strong>ἀλλά</strong></span> <span class='ocrx_word' id='word_1_14' title='bbox 1474 595 1534 661; x_wconf 82' lang='grc' dir='ltr'><strong>ἐξ</strong></span> <span class='ocrx_word' id='word_1_15' title='bbox 1554 593 1735 648; x_wconf 80' lang='grc' dir='ltr'><strong>αὐτῶν</strong></span> <span class='ocrx_word' id='word_1_16' title='bbox 1759 592 1869 646; x_wconf 85' lang='grc' dir='ltr'>τῶν</span> <span class='ocrx_word' id='word_1_17' title='bbox 1891 608 2078 662; x_wconf 87' lang='grc' dir='ltr'><strong>προοι-</strong></span> 
     </span>
    </p>
   </div>
   <div class='ocr_carea' id='block_1_4' title="bbox 509 684 2081 774">
    <p class='ocr_par' dir='ltr' id='par_1_4' title="bbox 509 684 2081 774">
     <span class='ocr_line' id='line_1_4' title="bbox 509 684 2081 774; baseline -0.008 -26"><span class='ocrx_word' id='word_1_18' title='bbox 509 698 668 774; x_wconf 64' lang='grc' dir='ltr'><strong>μίων,</strong></span> <span class='ocrx_word' id='word_1_19' title='bbox 692 694 788 747; x_wconf 79' lang='grc' dir='ltr'><strong>καὶ</strong></span> <span class='ocrx_word' id='word_1_20' title='bbox 814 691 1058 762; x_wconf 86' lang='grc' dir='ltr'><strong>βαλϐῖδος</strong></span> <span class='ocrx_word' id='word_1_21' title='bbox 1083 692 1272 760; x_wconf 82' lang='grc' dir='ltr'><strong>αὐτῆς,</strong></span> <span class='ocrx_word' id='word_1_22' title='bbox 1313 689 1388 752; x_wconf 85' lang='grc' dir='ltr'><strong>ὡς</strong></span> <span class='ocrx_word' id='word_1_23' title='bbox 1417 687 1613 748; x_wconf 87' lang='grc' dir='ltr'><strong>εἰπεῖν,</strong></span> <span class='ocrx_word' id='word_1_24' title='bbox 1637 684 1922 753; x_wconf 79' lang='grc' dir='ltr'><strong>ἁλλόμενοι</strong></span> <span class='ocrx_word' id='word_1_25' title='bbox 1950 698 2081 736; x_wconf 87' lang='grc' dir='ltr'><strong>κατ-</strong></span> 
     </span>
    </p>
   </div>
   <div class='ocr_carea' id='block_1_5' title="bbox 505 774 2082 858">
    <p class='ocr_par' dir='ltr' id='par_1_5' title="bbox 505 774 2082 858">
     <span class='ocr_line' id='line_1_5' title="bbox 505 774 2082 858; baseline -0.01 -18"><span class='ocrx_word' id='word_1_26' title='bbox 505 784 807 858; x_wconf 86' lang='grc' dir='ltr'><strong>ηνέχθησαν</strong></span> <span class='ocrx_word' id='word_1_27' title='bbox 828 801 842 814; x_wconf 80' lang='grc' dir='ltr'><strong><em>ο</em></strong></span> <span class='ocrx_word' id='word_1_28' title='bbox 867 784 931 835; x_wconf 78' lang='grc' dir='ltr'><strong>σὺ</strong></span> <span class='ocrx_word' id='word_1_29' title='bbox 954 783 1009 834; x_wconf 84' lang='grc' dir='ltr'><strong>δὲ</strong></span> <span class='ocrx_word' id='word_1_30' title='bbox 1042 782 1301 853; x_wconf 74' lang='grc' dir='ltr'><strong>μυριάκις</strong></span> <span class='ocrx_word' id='word_1_31' title='bbox 1327 779 1425 850; x_wconf 80' lang='grc' dir='ltr'><strong>τὴν</strong></span> <span class='ocrx_word' id='word_1_32' title='bbox 1449 776 1685 848; x_wconf 90' lang='grc' dir='ltr'><strong>ἐσχάτην</strong></span> <span class='ocrx_word' id='word_1_33' title='bbox 1711 774 1913 828; x_wconf 79' lang='grc' dir='ltr'><strong>νύσσαν</strong></span> <span class='ocrx_word' id='word_1_34' title='bbox 1934 789 2082 843; x_wconf 90' lang='grc' dir='ltr'><strong>περι-</strong></span> 
     </span>
    </p>
   </div>
   <div class='ocr_carea' id='block_1_6' title="bbox 502 866 2077 942">
    <p class='ocr_par' dir='ltr' id='par_1_6' title="bbox 502 866 2077 942">
     <span class='ocr_line' id='line_1_6' title="bbox 502 866 2077 942; baseline -0.008 -12"><span class='ocrx_word' id='word_1_35' title='bbox 502 877 753 937; x_wconf 82' lang='grc' dir='ltr'><strong>ελθοῦσα,</strong></span> <span class='ocrx_word' id='word_1_36' title='bbox 783 874 904 927; x_wconf 83' lang='grc' dir='ltr'><strong>καθ’</strong></span> <span class='ocrx_word' id='word_1_37' title='bbox 936 873 1163 926; x_wconf 74' lang='grc' dir='ltr'><strong>ἕκαστον</strong></span> <span class='ocrx_word' id='word_1_38' title='bbox 1192 871 1391 942; x_wconf 83' lang='grc' dir='ltr'><strong>δρόμον</strong></span> <span class='ocrx_word' id='word_1_39' title='bbox 1428 869 1492 921; x_wconf 85' lang='grc' dir='ltr'><strong>τὸ</strong></span> <span class='ocrx_word' id='word_1_40' title='bbox 1528 866 1778 939; x_wconf 89' lang='grc' dir='ltr'><strong>βραϐεῖον</strong></span> <span class='ocrx_word' id='word_1_41' title='bbox 1804 867 2077 938; x_wconf 73' lang='grc' dir='ltr'><strong>ἥρπασας,</strong></span> 
     </span>
    </p>
   </div>
   <div class='ocr_carea' id='block_1_7' title="bbox 502 958 2077 1036">
    <p class='ocr_par' dir='ltr' id='par_1_7' title="bbox 502 958 2077 1036">
     <span class='ocr_line' id='line_1_7' title="bbox 502 958 2077 1036; baseline -0.008 -14"><span class='ocrx_word' id='word_1_42' title='bbox 502 970 720 1023; x_wconf 84' lang='grc' dir='ltr'><strong>ποικίλα</strong></span> <span class='ocrx_word' id='word_1_43' title='bbox 749 967 1141 1036; x_wconf 80' lang='grc' dir='ltr'><strong>παλαισμάτων</strong></span> <span class='ocrx_word' id='word_1_44' title='bbox 1158 960 1541 1032; x_wconf 79' lang='grc' dir='ltr'><strong>ἐπιδειξαμένη</strong></span> <span class='ocrx_word' id='word_1_45' title='bbox 1568 960 1660 1013; x_wconf 81' lang='grc' dir='ltr'><strong>καὶ</strong></span> <span class='ocrx_word' id='word_1_46' title='bbox 1684 958 1910 1026; x_wconf 82' lang='grc' dir='ltr'><strong>ἀγώνων</strong></span> <span class='ocrx_word' id='word_1_47' title='bbox 1929 959 2045 1028; x_wconf 84' lang='grc' dir='ltr'><strong>εῐδη</strong></span> <span class='ocrx_word' id='word_1_48' title='bbox 2060 972 2077 989; x_wconf 84' lang='grc'>⁶</span> 
     </span>
    </p>
   </div>
   <div class='ocr_carea' id='block_1_8' title="bbox 502 1046 2077 1129">
    <p class='ocr_par' dir='ltr' id='par_1_8' title="bbox 502 1046 2077 1129">
     <span class='ocr_line' id='line_1_8' title="bbox 502 1046 2077 1129; baseline -0.01 -15"><span class='ocrx_word' id='word_1_49' title='bbox 502 1060 598 1114; x_wconf 79' lang='grc' dir='ltr'><strong>καὶ</strong></span> <span class='ocrx_word' id='word_1_50' title='bbox 627 1059 770 1129; x_wconf 86' lang='grc' dir='ltr'><strong>μάλα</strong></span> <span class='ocrx_word' id='word_1_51' title='bbox 797 1059 1042 1120; x_wconf 85' lang='grc' dir='ltr'><strong>εἰκότως.</strong></span> <span class='ocrx_word' id='word_1_52' title='bbox 1059 1055 1192 1109; x_wconf 74' lang='grc' dir='ltr'><strong>Ούδέ</strong></span> <span class='ocrx_word' id='word_1_53' title='bbox 1236 1053 1344 1124; x_wconf 90' lang='grc' dir='ltr'><strong>γάρ</strong></span> <span class='ocrx_word' id='word_1_54' title='bbox 1365 1056 1422 1105; x_wconf 86' lang='grc' dir='ltr'><strong>ἐν</strong></span> <span class='ocrx_word' id='word_1_55' title='bbox 1438 1048 1764 1120; x_wconf 77' lang='grc' dir='ltr'><strong>ἡλικίᾳ,οὑτε</strong></span> <span class='ocrx_word' id='word_1_56' title='bbox 1790 1049 1848 1100; x_wconf 86' lang='grc' dir='ltr'><strong>ἐν</strong></span> <span class='ocrx_word' id='word_1_57' title='bbox 1866 1046 2077 1118; x_wconf 86' lang='grc' dir='ltr'><strong>σώματι</strong></span> 
     </span>
    </p>
   </div>
   <div class='ocr_carea' id='block_1_9' title="bbox 499 1139 2079 1219">
    <p class='ocr_par' dir='ltr' id='par_1_9' title="bbox 499 1139 2079 1219">
     <span class='ocr_line' id='line_1_9' title="bbox 499 1139 2079 1219; baseline -0.008 -15"><span class='ocrx_word' id='word_1_58' title='bbox 499 1151 572 1204; x_wconf 88' lang='grc' dir='ltr'><strong>τά</strong></span> <span class='ocrx_word' id='word_1_59' title='bbox 601 1140 960 1219; x_wconf 82' lang='grc' dir='ltr'><strong>παλαίσματα</strong></span> <span class='ocrx_word' id='word_1_60' title='bbox 987 1146 1086 1214; x_wconf 88' lang='grc' dir='ltr'><strong>τῆς</strong></span> <span class='ocrx_word' id='word_1_61' title='bbox 1126 1144 1348 1216; x_wconf 84' lang='grc' dir='ltr'><strong>ἀρετῆς,</strong></span> <span class='ocrx_word' id='word_1_62' title='bbox 1395 1141 1509 1194; x_wconf 77' lang='grc' dir='ltr'><strong>ἀλλ’</strong></span> <span class='ocrx_word' id='word_1_63' title='bbox 1544 1143 1601 1195; x_wconf 88' lang='grc' dir='ltr'>ἐν</span> <span class='ocrx_word' id='word_1_64' title='bbox 1636 1139 1782 1210; x_wconf 78' lang='grc' dir='ltr'><strong>ψυχῇ</strong></span> <span class='ocrx_word' id='word_1_65' title='bbox 1817 1140 1952 1210; x_wconf 79' lang='grc' dir='ltr'><strong>μόνῃ</strong></span> <span class='ocrx_word' id='word_1_66' title='bbox 1987 1139 2079 1192; x_wconf 78' lang='grc' dir='ltr'><strong>καὶ</strong></span> 
     </span>
    </p>
   </div>
   <div class='ocr_carea' id='block_1_10' title="bbox 501 1227 2076 1311">
    <p class='ocr_par' dir='ltr' id='par_1_10' title="bbox 501 1227 2076 1311">
     <span class='ocr_line' id='line_1_10' title="bbox 501 1227 2076 1311; baseline -0.009 -17"><span class='ocrx_word' id='word_1_67' title='bbox 501 1239 719 1311; x_wconf 77' lang='grc' dir='ltr'><strong>γνώμῃ.</strong></span> <span class='ocrx_word' id='word_1_68' title='bbox 751 1235 908 1291; x_wconf 77' lang='grc' dir='ltr'><strong>Οὕτω</strong></span> <span class='ocrx_word' id='word_1_69' title='bbox 943 1237 1038 1289; x_wconf 79' lang='grc' dir='ltr'><strong>καὶ</strong></span> <span class='ocrx_word' id='word_1_70' title='bbox 1069 1236 1329 1303; x_wconf 83' lang='grc' dir='ltr'><strong>γυναῖκες</strong></span> <span class='ocrx_word' id='word_1_71' title='bbox 1359 1229 1833 1299; x_wconf 81' lang='grc' dir='ltr'><strong>ἐστεφανώθησαν,</strong></span> <span class='ocrx_word' id='word_1_72' title='bbox 1861 1230 1954 1282; x_wconf 77' lang='grc' dir='ltr'><strong>καὶ</strong></span> <span class='ocrx_word' id='word_1_73' title='bbox 1983 1227 2076 1282; x_wconf 81' lang='grc' dir='ltr'><strong>άν-</strong></span> 
     </span>
    </p>
   </div>
   <div class='ocr_carea' id='block_1_11' title="bbox 498 1321 2076 1401">
    <p class='ocr_par' dir='ltr' id='par_1_11' title="bbox 498 1321 2076 1401">
     <span class='ocr_line' id='line_1_11' title="bbox 498 1321 2076 1401; baseline -0.006 -19"><span class='ocrx_word' id='word_1_74' title='bbox 498 1329 626 1401; x_wconf 88' lang='grc' dir='ltr'><strong>δρες</strong></span> <span class='ocrx_word' id='word_1_75' title='bbox 659 1326 1123 1396; x_wconf 83' lang='grc' dir='ltr'><strong>ὑπεσκελίσθησαν</strong></span> <span class='ocrx_word' id='word_1_76' title='bbox 1144 1341 1156 1356; x_wconf 84' lang='grc'><strong>·</strong></span> <span class='ocrx_word' id='word_1_77' title='bbox 1189 1321 1332 1377; x_wconf 77' lang='grc' dir='ltr'><strong>οὕτω</strong></span> <span class='ocrx_word' id='word_1_78' title='bbox 1371 1323 1464 1375; x_wconf 72' lang='grc' dir='ltr'><strong>καὶ</strong></span> <span class='ocrx_word' id='word_1_79' title='bbox 1497 1321 1683 1384; x_wconf 87' lang='grc' dir='ltr'><strong>παῖδες</strong></span> <span class='ocrx_word' id='word_1_80' title='bbox 1701 1321 2076 1392; x_wconf 82' lang='grc' dir='ltr'><strong>ἀνεκηρύχθη-</strong></span> 
     </span>
    </p>
   </div>
   <div class='ocr_carea' id='block_1_12' title="bbox 502 1407 2075 1488">
    <p class='ocr_par' dir='ltr' id='par_1_12' title="bbox 502 1407 2075 1488">
     <span class='ocr_line' id='line_1_12' title="bbox 502 1407 2075 1488; baseline -0.006 -16"><span class='ocrx_word' id='word_1_81' title='bbox 502 1436 624 1482; x_wconf 89' lang='grc' dir='ltr'><strong>σαν,</strong></span> <span class='ocrx_word' id='word_1_82' title='bbox 660 1418 759 1471; x_wconf 82' lang='grc' dir='ltr'><strong>καὶ</strong></span> <span class='ocrx_word' id='word_1_83' title='bbox 785 1417 1156 1488; x_wconf 78' lang='grc' dir='ltr'><strong>γεγηρακότες</strong></span> <span class='ocrx_word' id='word_1_84' title='bbox 1192 1412 1664 1487; x_wconf 80' lang='grc' dir='ltr'><strong>κατῃσχύνθησαν.</strong></span> <span class='ocrx_word' id='word_1_85' title='bbox 1705 1411 1817 1464; x_wconf 76' lang='grc' dir='ltr'><strong>Ἀεὶ</strong></span> <span class='ocrx_word' id='word_1_86' title='bbox 1851 1411 1947 1482; x_wconf 60' lang='grc' dir='ltr'><strong>μὲν</strong></span> <span class='ocrx_word' id='word_1_87' title='bbox 1981 1407 2075 1464; x_wconf 75' lang='grc' dir='ltr'><strong>οὖν</strong></span> 
     </span>
    </p>
   </div>
   <div class='ocr_carea' id='block_1_13' title="bbox 500 1502 2074 1580">
    <p class='ocr_par' dir='ltr' id='par_1_13' title="bbox 500 1502 2074 1580">
     <span class='ocr_line' id='line_1_13' title="bbox 500 1502 2074 1580; baseline -0.012 -17"><span class='ocrx_word' id='word_1_88' title='bbox 500 1509 608 1580; x_wconf 79' lang='grc' dir='ltr'><strong>χρὴ</strong></span> <span class='ocrx_word' id='word_1_89' title='bbox 637 1505 936 1577; x_wconf 74' lang='grc' dir='ltr'><strong>θαυμάζειν</strong></span> <span class='ocrx_word' id='word_1_90' title='bbox 971 1507 1098 1569; x_wconf 84' lang='grc' dir='ltr'><strong>τοὺς</strong></span> <span class='ocrx_word' id='word_1_91' title='bbox 1134 1505 1415 1576; x_wconf 78' lang='grc' dir='ltr'><strong>μετιόντας</strong></span> <span class='ocrx_word' id='word_1_92' title='bbox 1444 1503 1645 1575; x_wconf 73' lang='grc' dir='ltr'><strong>ἀρετὴν</strong></span> <span class='ocrx_word' id='word_1_93' title='bbox 1670 1503 1719 1566; x_wconf 73' lang='grc' dir='ltr'><strong>δ,</strong></span> <span class='ocrx_word' id='word_1_94' title='bbox 1750 1503 1983 1572; x_wconf 79' lang='grc' dir='ltr'><strong>μάλιστα</strong></span> <span class='ocrx_word' id='word_1_95' title='bbox 2018 1502 2074 1555; x_wconf 70' lang='grc' dir='ltr'><strong>δὲ</strong></span> 
     </span>
    </p>
   </div>
   <div class='ocr_carea' id='block_1_14' title="bbox 498 1593 2075 1668">
    <p class='ocr_par' dir='ltr' id='par_1_14' title="bbox 498 1593 2075 1668">
     <span class='ocr_line' id='line_1_14' title="bbox 498 1593 2075 1668; baseline -0.005 -15"><span class='ocrx_word' id='word_1_96' title='bbox 498 1602 629 1654; x_wconf 82' lang='grc' dir='ltr'><strong>ὃταν</strong></span> <span class='ocrx_word' id='word_1_97' title='bbox 657 1597 866 1652; x_wconf 79' lang='grc' dir='ltr'>πολλῶν</span> <span class='ocrx_word' id='word_1_98' title='bbox 911 1596 1081 1668; x_wconf 78' lang='grc' dir='ltr'><strong>αὐτὴν</strong></span> <span class='ocrx_word' id='word_1_99' title='bbox 1128 1595 1570 1658; x_wconf 74' lang='grc' dir='ltr'><strong>ἀπολειπόντων,</strong></span> <span class='ocrx_word' id='word_1_100' title='bbox 1620 1593 1884 1664; x_wconf 84' lang='grc' dir='ltr'><strong>εὑρεθῶσί</strong></span> <span class='ocrx_word' id='word_1_101' title='bbox 1929 1609 2075 1655; x_wconf 85' lang='grc' dir='ltr'><strong>τινες</strong></span> 
     </span>
    </p>
   </div>
   <div class='ocr_carea' id='block_1_15' title="bbox 499 1683 2074 1759">
    <p class='ocr_par' dir='ltr' id='par_1_15' title="bbox 499 1683 2074 1759">
     <span class='ocr_line' id='line_1_15' title="bbox 499 1683 2074 1759; baseline -0.004 -16"><span class='ocrx_word' id='word_1_102' title='bbox 499 1689 670 1759; x_wconf 81' lang='grc' dir='ltr'><strong>αὐτῆς</strong></span> <span class='ocrx_word' id='word_1_103' title='bbox 699 1688 1067 1758; x_wconf 81' lang='grc' dir='ltr'><strong>ἀντεχόμενοι.</strong></span> <span class='ocrx_word' id='word_1_104' title='bbox 1100 1687 1198 1740; x_wconf 89' lang='grc' dir='ltr'><strong>Διά</strong></span> <span class='ocrx_word' id='word_1_105' title='bbox 1231 1686 1295 1756; x_wconf 80' lang='grc' dir='ltr'><strong>δὴ</strong></span> <span class='ocrx_word' id='word_1_106' title='bbox 1323 1685 1482 1740; x_wconf 87' lang='grc' dir='ltr'><strong>τοῦτο</strong></span> <span class='ocrx_word' id='word_1_107' title='bbox 1511 1686 1603 1739; x_wconf 88' lang='grc' dir='ltr'><strong>καὶ</strong></span> <span class='ocrx_word' id='word_1_108' title='bbox 1637 1686 1736 1756; x_wconf 80' lang='grc' dir='ltr'><strong>τὴν</strong></span> <span class='ocrx_word' id='word_1_109' title='bbox 1764 1683 1863 1755; x_wconf 78' lang='grc' dir='ltr'><strong>σὴν</strong></span> <span class='ocrx_word' id='word_1_110' title='bbox 1899 1684 2074 1755; x_wconf 73' lang='grc' dir='ltr'><strong>ἐμμέ-</strong></span> 
     </span>
    </p>
   </div>
   <div class='ocr_carea' id='block_1_16' title="bbox 498 1774 2073 1850">
    <p class='ocr_par' dir='ltr' id='par_1_16' title="bbox 498 1774 2073 1850">
     <span class='ocr_line' id='line_1_16' title="bbox 498 1774 2073 1850; baseline -0.004 -15"><span class='ocrx_word' id='word_1_111' title='bbox 498 1780 651 1835; x_wconf 77' lang='grc' dir='ltr'><strong>λειαν</strong></span> <span class='ocrx_word' id='word_1_112' title='bbox 681 1779 982 1850; x_wconf 70' lang='grc' dir='ltr'><strong>θαυμάζειν</strong></span> <span class='ocrx_word' id='word_1_113' title='bbox 1004 1776 1154 1842; x_wconf 78' lang='grc' dir='ltr'><strong>ἀξιον</strong></span> <span class='ocrx_word' id='word_1_114' title='bbox 1182 1776 1301 1847; x_wconf 79' lang='grc' dir='ltr'><strong>μεθ’</strong></span> <span class='ocrx_word' id='word_1_115' title='bbox 1335 1776 1659 1848; x_wconf 81' lang='grc' dir='ltr'><strong>ὑπερϐολῆς,</strong></span> <span class='ocrx_word' id='word_1_116' title='bbox 1693 1776 1775 1828; x_wconf 88' lang='grc' dir='ltr'><strong>ὃτι</strong></span> <span class='ocrx_word' id='word_1_117' title='bbox 1803 1774 2073 1829; x_wconf 80' lang='grc' dir='ltr'><strong>τοσούτων</strong></span> 
     </span>
    </p>
   </div>
   <div class='ocr_carea' id='block_1_17' title="bbox 497 1865 2075 1943">
    <p class='ocr_par' dir='ltr' id='par_1_17' title="bbox 497 1865 2075 1943">
     <span class='ocr_line' id='line_1_17' title="bbox 497 1865 2075 1943; baseline -0.004 -18"><span class='ocrx_word' id='word_1_118' title='bbox 497 1871 819 1943; x_wconf 82' lang='grc' dir='ltr'><strong>τραπέντων</strong></span> <span class='ocrx_word' id='word_1_119' title='bbox 848 1868 1077 1941; x_wconf 62' lang='grc' dir='ltr'><strong>ἀκδρῶν,</strong></span> <span class='ocrx_word' id='word_1_120' title='bbox 1099 1868 1394 1936; x_wconf 84' lang='grc' dir='ltr'><strong>γυναικῶν,</strong></span> <span class='ocrx_word' id='word_1_121' title='bbox 1420 1867 1832 1938; x_wconf 81' lang='grc' dir='ltr'><strong>γεγηρακότων,</strong></span> <span class='ocrx_word' id='word_1_122' title='bbox 1861 1865 1968 1920; x_wconf 85' lang='grc' dir='ltr'><strong>τῶν</strong></span> <span class='ocrx_word' id='word_1_123' title='bbox 1997 1866 2075 1919; x_wconf 89' lang='grc' dir='ltr'><strong>δο-</strong></span> 
     </span>
    </p>
   </div>
   <div class='ocr_carea' id='block_1_18' title="bbox 498 1957 2072 2034">
    <p class='ocr_par' dir='ltr' id='par_1_18' title="bbox 498 1957 2072 2034">
     <span class='ocr_line' id='line_1_18' title="bbox 498 1957 2072 2034; baseline -0.006 -16"><span class='ocrx_word' id='word_1_124' title='bbox 498 1963 738 2018; x_wconf 89' lang='grc' dir='ltr'><strong>κούντων</strong></span> <span class='ocrx_word' id='word_1_125' title='bbox 779 1961 1041 2034; x_wconf 81' lang='grc' dir='ltr'><strong>μεγίστην</strong></span> <span class='ocrx_word' id='word_1_126' title='bbox 1069 1960 1339 2030; x_wconf 74' lang='grc' dir='ltr'><strong>ὑπόληψιν</strong></span> <span class='ocrx_word' id='word_1_127' title='bbox 1381 1958 1549 2030; x_wconf 73' lang='grc' dir='ltr'><strong>ἐχειν,</strong></span> <span class='ocrx_word' id='word_1_128' title='bbox 1589 1958 1806 2013; x_wconf 85' lang='grc' dir='ltr'><strong>πάντων</strong></span> <span class='ocrx_word' id='word_1_129' title='bbox 1837 1957 1924 2010; x_wconf 82' lang='grc' dir='ltr'><strong>ἐπ’</strong></span> <span class='ocrx_word' id='word_1_130' title='bbox 1949 1957 2072 2028; x_wconf 76' lang='grc' dir='ltr'><strong>δψιν</strong></span> 
     </span>
    </p>
   </div>
   <div class='ocr_carea' id='block_1_19' title="bbox 497 2049 2075 2125">
    <p class='ocr_par' dir='ltr' id='par_1_19' title="bbox 497 2049 2075 2125">
     <span class='ocr_line' id='line_1_19' title="bbox 497 2049 2075 2125; baseline -0.004 -16"><span class='ocrx_word' id='word_1_131' title='bbox 497 2056 788 2125; x_wconf 89' lang='grc' dir='ltr'><strong>κειμένων,</strong></span> <span class='ocrx_word' id='word_1_132' title='bbox 820 2053 942 2108; x_wconf 79' lang='grc' dir='ltr'><strong>οὑδὲ</strong></span> <span class='ocrx_word' id='word_1_133' title='bbox 975 2054 1040 2106; x_wconf 85' lang='grc' dir='ltr'><strong>ἐκ</strong></span> <span class='ocrx_word' id='word_1_134' title='bbox 1071 2051 1270 2122; x_wconf 82' lang='grc' dir='ltr'><strong>πολλῆς</strong></span> <span class='ocrx_word' id='word_1_135' title='bbox 1302 2050 1541 2121; x_wconf 87' lang='grc' dir='ltr'><strong>πολέμου</strong></span> <span class='ocrx_word' id='word_1_136' title='bbox 1574 2050 1778 2122; x_wconf 76' lang='grc' dir='ltr'><strong>ῥύμης,</strong></span> <span class='ocrx_word' id='word_1_137' title='bbox 1816 2049 1938 2103; x_wconf 76' lang='grc' dir='ltr'><strong>οὐδὲ</strong></span> <span class='ocrx_word' id='word_1_138' title='bbox 1961 2049 2075 2103; x_wconf 79' lang='grc' dir='ltr'><strong>ἀπὸ</strong></span> 
     </span>
    </p>
   </div>
   <div class='ocr_carea' id='block_1_20' title="bbox 495 2138 2060 2216">
    <p class='ocr_par' dir='ltr' id='par_1_20' title="bbox 495 2138 2060 2216">
     <span class='ocr_line' id='line_1_20' title="bbox 495 2138 2060 2216; baseline -0.005 -17"><span class='ocrx_word' id='word_1_139' title='bbox 495 2147 732 2216; x_wconf 75' lang='grc' dir='ltr'><strong>σφοδρᾶς</strong></span> <span class='ocrx_word' id='word_1_140' title='bbox 760 2145 867 2198; x_wconf 76' lang='grc' dir='ltr'><strong>τῶν</strong></span> <span class='ocrx_word' id='word_1_141' title='bbox 899 2143 1110 2214; x_wconf 82' lang='grc' dir='ltr'><strong>ἐχθρῶν</strong></span> <span class='ocrx_word' id='word_1_142' title='bbox 1147 2141 1526 2213; x_wconf 79' lang='grc' dir='ltr'><strong>παρατάξεως,</strong></span> <span class='ocrx_word' id='word_1_143' title='bbox 1557 2139 1693 2194; x_wconf 83' lang='grc' dir='ltr'><strong>άλλά</strong></span> <span class='ocrx_word' id='word_1_144' title='bbox 1731 2138 1836 2211; x_wconf 85' lang='grc' dir='ltr'><strong>πρὸ</strong></span> <span class='ocrx_word' id='word_1_145' title='bbox 1871 2139 2060 2209; x_wconf 84' lang='grc' dir='ltr'><strong>συμϐο-</strong></span> 
     </span>
    </p>
   </div>
   <div class='ocr_carea' id='block_1_21' title="bbox 495 2229 2069 2308">
    <p class='ocr_par' dir='ltr' id='par_1_21' title="bbox 495 2229 2069 2308">
     <span class='ocr_line' id='line_1_21' title="bbox 495 2229 2069 2308; baseline -0.006 -18"><span class='ocrx_word' id='word_1_146' title='bbox 495 2237 594 2308; x_wconf 92' lang='grc' dir='ltr'><strong>λῆς</strong></span> <span class='ocrx_word' id='word_1_147' title='bbox 644 2238 940 2298; x_wconf 82' lang='grc' dir='ltr'><strong>πεσόντων,</strong></span> <span class='ocrx_word' id='word_1_148' title='bbox 993 2234 1100 2304; x_wconf 83' lang='grc' dir='ltr'><strong>πρὸ</strong></span> <span class='ocrx_word' id='word_1_149' title='bbox 1153 2231 1473 2302; x_wconf 76' lang='grc' dir='ltr'><strong>συμπλοκῆς</strong></span> <span class='ocrx_word' id='word_1_150' title='bbox 1518 2229 1882 2302; x_wconf 62' lang='grc' dir='ltr'><strong>ἡττηθέντων,</strong></span> <span class='ocrx_word' id='word_1_151' title='bbox 1933 2230 2069 2301; x_wconf 83' lang='grc' dir='ltr'><strong>αὑτὴ</strong></span> 
     </span>
    </p>
   </div>
   <div class='ocr_carea' id='block_1_22' title="bbox 499 2321 2068 2401">
    <p class='ocr_par' dir='ltr' id='par_1_22' title="bbox 499 2321 2068 2401">
     <span class='ocr_line' id='line_1_22' title="bbox 499 2321 2068 2401; baseline -0.004 -20"><span class='ocrx_word' id='word_1_152' title='bbox 499 2328 637 2401; x_wconf 84' lang='grc' dir='ltr'><strong>μετά</strong></span> <span class='ocrx_word' id='word_1_153' title='bbox 669 2328 936 2391; x_wconf 84' lang='grc' dir='ltr'><strong>τοσαύτας</strong></span> <span class='ocrx_word' id='word_1_154' title='bbox 963 2327 1142 2396; x_wconf 84' lang='grc' dir='ltr'><strong>μάχας</strong></span> <span class='ocrx_word' id='word_1_155' title='bbox 1184 2326 1278 2379; x_wconf 75' lang='grc' dir='ltr'><strong>καὶ</strong></span> <span class='ocrx_word' id='word_1_156' title='bbox 1327 2321 1663 2393; x_wconf 82' lang='grc' dir='ltr'><strong>παρατάξεις</strong></span> <span class='ocrx_word' id='word_1_157' title='bbox 1698 2323 1758 2376; x_wconf 74' lang='grc' dir='ltr'><strong>ού</strong></span> <span class='ocrx_word' id='word_1_158' title='bbox 1808 2323 1967 2393; x_wconf 91' lang='grc' dir='ltr'><strong>μόνον</strong></span> <span class='ocrx_word' id='word_1_159' title='bbox 2007 2323 2068 2375; x_wconf 84' lang='grc' dir='ltr'><strong>ού</strong></span> 
     </span>
    </p>
   </div>
   <div class='ocr_carea' id='block_1_23' title="bbox 493 2413 2070 2490">
    <p class='ocr_par' dir='ltr' id='par_1_23' title="bbox 493 2413 2070 2490">
     <span class='ocr_line' id='line_1_23' title="bbox 493 2413 2070 2490; baseline -0.005 -16"><span class='ocrx_word' id='word_1_160' title='bbox 493 2418 999 2490; x_wconf 86' lang='grc' dir='ltr'><strong>κατεμαλακίσθης,</strong></span> <span class='ocrx_word' id='word_1_161' title='bbox 1043 2417 1168 2469; x_wconf 80' lang='grc' dir='ltr'><strong>οὑδέ</strong></span> <span class='ocrx_word' id='word_1_162' title='bbox 1207 2413 1562 2485; x_wconf 83' lang='grc' dir='ltr'><strong>ἐταριχεύθης</strong></span> <span class='ocrx_word' id='word_1_163' title='bbox 1592 2413 1670 2483; x_wconf 88' lang='grc' dir='ltr'><strong>τῷ</strong></span> <span class='ocrx_word' id='word_1_164' title='bbox 1723 2413 1916 2484; x_wconf 82' lang='grc' dir='ltr'><strong>πλήθει</strong></span> <span class='ocrx_word' id='word_1_165' title='bbox 1962 2415 2070 2467; x_wconf 81' lang='grc' dir='ltr'><strong>τῶν</strong></span> 
     </span>
    </p>
   </div>
   <div class='ocr_carea' id='block_1_24' title="bbox 494 2505 2070 2578">
    <p class='ocr_par' dir='ltr' id='par_1_24' title="bbox 494 2505 2070 2578">
     <span class='ocr_line' id='line_1_24' title="bbox 494 2505 2070 2578; baseline -0.004 -14"><span class='ocrx_word' id='word_1_166' title='bbox 494 2511 703 2572; x_wconf 77' lang='grc' dir='ltr'><strong>κακῶν,</strong></span> <span class='ocrx_word' id='word_1_167' title='bbox 723 2509 860 2564; x_wconf 85' lang='grc' dir='ltr'><strong>άλλά</strong></span> <span class='ocrx_word' id='word_1_168' title='bbox 879 2509 973 2563; x_wconf 78' lang='grc' dir='ltr'><strong>καὶ</strong></span> <span class='ocrx_word' id='word_1_169' title='bbox 996 2505 1248 2578; x_wconf 74' lang='grc' dir='ltr'><strong>νεανιεύῃ</strong></span> <span class='ocrx_word' id='word_1_170' title='bbox 1285 2505 1567 2576; x_wconf 73' lang='grc' dir='ltr'><strong>μειζόνως,</strong></span> <span class='ocrx_word' id='word_1_171' title='bbox 1593 2505 1687 2558; x_wconf 78' lang='grc' dir='ltr'><strong>καὶ</strong></span> <span class='ocrx_word' id='word_1_172' title='bbox 1714 2505 1822 2558; x_wconf 84' lang='grc' dir='ltr'><strong>τῶν</strong></span> <span class='ocrx_word' id='word_1_173' title='bbox 1846 2505 2070 2573; x_wconf 83' lang='grc' dir='ltr'><strong>ἀγώνων</strong></span> 
     </span>
    </p>
   </div>
   <div class='ocr_carea' id='block_1_25' title="bbox 494 2595 2071 2674">
    <p class='ocr_par' dir='ltr' id='par_1_25' title="bbox 494 2595 2071 2674">
     <span class='ocr_line' id='line_1_25' title="bbox 494 2595 2071 2674; baseline -0.004 -19"><span class='ocrx_word' id='word_1_174' title='bbox 494 2604 529 2674; x_wconf 76' lang='grc' dir='ltr'><strong>η</strong></span> <span class='ocrx_word' id='word_1_175' title='bbox 566 2601 850 2673; x_wconf 78' lang='grc' dir='ltr'><strong>προσθήκη</strong></span> <span class='ocrx_word' id='word_1_176' title='bbox 882 2600 1201 2671; x_wconf 80' lang='grc' dir='ltr'><strong>προσθήκην</strong></span> <span class='ocrx_word' id='word_1_177' title='bbox 1237 2615 1318 2653; x_wconf 88' lang='grc' dir='ltr'><strong>σοι</strong></span> <span class='ocrx_word' id='word_1_178' title='bbox 1353 2597 1568 2650; x_wconf 84' lang='grc' dir='ltr'><strong>δίδωσιν</strong></span> <span class='ocrx_word' id='word_1_179' title='bbox 1616 2595 1818 2666; x_wconf 83' lang='grc' dir='ltr'><strong>ἰσχύος.</strong></span> <span class='ocrx_word' id='word_1_180' title='bbox 1858 2597 1920 2650; x_wconf 83' lang='grc' dir='ltr'><strong>Ἦ</strong></span> <span class='ocrx_word' id='word_1_181' title='bbox 1963 2597 2071 2668; x_wconf 84' lang='grc' dir='ltr'><strong>γὰρ</strong></span> 
     </span>
    </p>
   </div>
   <div class='ocr_carea' id='block_1_26' title="bbox 493 2688 2071 2765">
    <p class='ocr_par' dir='ltr' id='par_1_26' title="bbox 493 2688 2071 2765">
     <span class='ocr_line' id='line_1_26' title="bbox 493 2688 2071 2765; baseline -0.003 -18"><span class='ocrx_word' id='word_1_182' title='bbox 493 2694 602 2748; x_wconf 86' lang='grc' dir='ltr'><strong>τῶν</strong></span> <span class='ocrx_word' id='word_1_183' title='bbox 629 2694 732 2765; x_wconf 68' lang='grc' dir='ltr'><strong>ἤδη</strong></span> <span class='ocrx_word' id='word_1_184' title='bbox 760 2690 1212 2762; x_wconf 75' lang='grc' dir='ltr'><strong>κατορθωθέντων</strong></span> <span class='ocrx_word' id='word_1_185' title='bbox 1244 2689 1452 2759; x_wconf 81' lang='grc' dir='ltr'><strong>μνήμη,</strong></span> <span class='ocrx_word' id='word_1_186' title='bbox 1472 2689 1568 2741; x_wconf 80' lang='grc' dir='ltr'><strong>καί</strong></span> <span class='ocrx_word' id='word_1_187' title='bbox 1596 2688 1952 2758; x_wconf 78' lang='grc' dir='ltr'><strong>εὐφροσύνης,</strong></span> <span class='ocrx_word' id='word_1_188' title='bbox 1977 2690 2071 2742; x_wconf 80' lang='grc' dir='ltr'><strong>καὶ</strong></span> 
     </span>
    </p>
   </div>
   <div class='ocr_carea' id='block_1_27' title="bbox 494 2777 2065 2854">
    <p class='ocr_par' dir='ltr' id='par_1_27' title="bbox 494 2777 2065 2854">
     <span class='ocr_line' id='line_1_27' title="bbox 494 2777 2065 2854; baseline -0.002 -18"><span class='ocrx_word' id='word_1_189' title='bbox 494 2784 687 2854; x_wconf 65' lang='grc' dir='ltr'><strong>χαρᾶς,</strong></span> <span class='ocrx_word' id='word_1_190' title='bbox 713 2782 812 2836; x_wconf 72' lang='grc' dir='ltr'><strong>καὶ</strong></span> <span class='ocrx_word' id='word_1_191' title='bbox 835 2779 1083 2852; x_wconf 81' lang='grc' dir='ltr'><strong>μείζονός</strong></span> <span class='ocrx_word' id='word_1_192' title='bbox 1111 2796 1197 2832; x_wconf 88' lang='grc' dir='ltr'><strong>σοι</strong></span> <span class='ocrx_word' id='word_1_193' title='bbox 1213 2779 1423 2847; x_wconf 82' lang='grc' dir='ltr'><strong>γίνεται</strong></span> <span class='ocrx_word' id='word_1_194' title='bbox 1449 2777 1759 2849; x_wconf 81' lang='grc' dir='ltr'><strong>προθυμίας</strong></span> <span class='ocrx_word' id='word_1_195' title='bbox 1791 2777 2065 2843; x_wconf 87' lang='grc' dir='ltr'><strong>ὑπόθεσις.</strong></span> 
     </span>
    </p>
   </div>
   <div class='ocr_carea' id='block_1_28' title="bbox 491 2869 2067 2943">
    <p class='ocr_par' dir='ltr' id='par_1_28' title="bbox 491 2869 2067 2943">
     <span class='ocr_line' id='line_1_28' title="bbox 491 2869 2067 2943; baseline -0.003 -15"><span class='ocrx_word' id='word_1_196' title='bbox 491 2874 592 2928; x_wconf 87' lang='grc' dir='ltr'><strong>Διά</strong></span> <span class='ocrx_word' id='word_1_197' title='bbox 620 2873 1120 2943; x_wconf 77' lang='grc' dir='ltr'><strong>ταῦτα,χαίρομεν,</strong></span> <span class='ocrx_word' id='word_1_198' title='bbox 1155 2870 1469 2941; x_wconf 81' lang='grc' dir='ltr'><strong>σκιρτῶμεν</strong></span> <span class='ocrx_word' id='word_1_199' title='bbox 1489 2909 1506 2934; x_wconf 95' lang='grc'><strong>,</strong></span> <span class='ocrx_word' id='word_1_200' title='bbox 1538 2869 1976 2941; x_wconf 77' lang='grc' dir='ltr'><strong>εὐφραινόμεθα·</strong></span> <span class='ocrx_word' id='word_1_201' title='bbox 2007 2873 2067 2924; x_wconf 87' lang='grc' dir='ltr'><strong>ού</strong></span> 
     </span>
    </p>
   </div>
   <div class='ocr_carea' id='block_1_29' title="bbox 489 2960 2070 3034">
    <p class='ocr_par' dir='ltr' id='par_1_29' title="bbox 489 2960 2070 3034">
     <span class='ocr_line' id='line_1_29' title="bbox 489 2960 2070 3034; baseline -0.001 -17"><span class='ocrx_word' id='word_1_202' title='bbox 489 2960 600 3034; x_wconf 71' lang='grc' dir='ltr'><strong>γάρ</strong></span> <span class='ocrx_word' id='word_1_203' title='bbox 626 2963 906 3033; x_wconf 84' lang='grc' dir='ltr'><strong>παύσομαι</strong></span> <span class='ocrx_word' id='word_1_204' title='bbox 936 2960 1179 3032; x_wconf 65' lang='grc' dir='ltr'><strong>συνεχῶς</strong></span> <span class='ocrx_word' id='word_1_205' title='bbox 1202 2961 1362 3016; x_wconf 78' lang='grc' dir='ltr'><strong>τοῦτο</strong></span> <span class='ocrx_word' id='word_1_206' title='bbox 1399 2960 1598 3030; x_wconf 89' lang='grc' dir='ltr'><strong>λέγων,</strong></span> <span class='ocrx_word' id='word_1_207' title='bbox 1634 2962 1727 3015; x_wconf 76' lang='grc' dir='ltr'><strong>καὶ</strong></span> <span class='ocrx_word' id='word_1_208' title='bbox 1757 2963 2070 3034; x_wconf 86' lang='grc' dir='ltr'><strong>περιφέρων</strong></span> 
     </span>
    </p>
   </div>
   <div class='ocr_carea' id='block_1_30' title="bbox 493 3052 2070 3126">
    <p class='ocr_par' dir='ltr' id='par_1_30' title="bbox 493 3052 2070 3126">
     <span class='ocr_line' id='line_1_30' title="bbox 493 3052 2070 3126; baseline 0 -20"><span class='ocrx_word' id='word_1_209' title='bbox 493 3071 612 3126; x_wconf 89' lang='grc' dir='ltr'><strong>μου.</strong></span> <span class='ocrx_word' id='word_1_210' title='bbox 627 3054 904 3124; x_wconf 85' lang='grc' dir='ltr'><strong>πανταχοῦ</strong></span> <span class='ocrx_word' id='word_1_211' title='bbox 930 3053 1030 3123; x_wconf 83' lang='grc' dir='ltr'><strong>τῆς</strong></span> <span class='ocrx_word' id='word_1_212' title='bbox 1062 3054 1238 3124; x_wconf 71' lang='grc' dir='ltr'><strong>χαρᾶς</strong></span> <span class='ocrx_word' id='word_1_213' title='bbox 1265 3053 1366 3123; x_wconf 71' lang='grc' dir='ltr'><strong>τὴν</strong></span> <span class='ocrx_word' id='word_1_214' title='bbox 1399 3052 1675 3106; x_wconf 87' lang='grc' dir='ltr'><strong>ὑπόθεσιν.</strong></span> <span class='ocrx_word' id='word_1_215' title='bbox 1703 3054 1863 3105; x_wconf 84' lang='grc' dir='ltr'><strong>Ὥστε</strong></span> <span class='ocrx_word' id='word_1_216' title='bbox 1888 3055 1937 3106; x_wconf 89' lang='grc' dir='ltr'><strong>εἰ</strong></span> <span class='ocrx_word' id='word_1_217' title='bbox 1974 3054 2070 3108; x_wconf 71' lang='grc' dir='ltr'><strong>καὶ</strong></span> 
     </span>
    </p>
   </div>
   <div class='ocr_carea' id='block_1_31' title="bbox 488 3143 2068 3215">
    <p class='ocr_par' dir='ltr' id='par_1_31' title="bbox 488 3143 2068 3215">
     <span class='ocr_line' id='line_1_31' title="bbox 488 3143 2068 3215; baseline 0.001 -18"><span class='ocrx_word' id='word_1_218' title='bbox 488 3145 519 3196; x_wconf 91' lang='lat'><em>6</em></span> <span class='ocrx_word' id='word_1_219' title='bbox 561 3145 824 3215; x_wconf 74' lang='grc' dir='ltr'><strong>ἡμέτερός</strong></span> <span class='ocrx_word' id='word_1_220' title='bbox 867 3161 928 3197; x_wconf 83' lang='grc' dir='ltr'><strong>σε</strong></span> <span class='ocrx_word' id='word_1_221' title='bbox 983 3144 1146 3197; x_wconf 80' lang='grc' dir='ltr'><strong>λυπεῖ</strong></span> <span class='ocrx_word' id='word_1_222' title='bbox 1190 3143 1505 3214; x_wconf 83' lang='grc' dir='ltr'><strong>χωρισμὸς,</strong></span> <span class='ocrx_word' id='word_1_223' title='bbox 1539 3143 1675 3197; x_wconf 87' lang='grc' dir='ltr'><strong>άλλά</strong></span> <span class='ocrx_word' id='word_1_224' title='bbox 1715 3144 1945 3214; x_wconf 85' lang='grc' dir='ltr'><strong>μεγίστη</strong></span> <span class='ocrx_word' id='word_1_225' title='bbox 1986 3162 2068 3199; x_wconf 89' lang='grc' dir='ltr'><strong>σοι</strong></span> 
     </span>
    </p>
   </div>
   <div class='ocr_carea' id='block_1_32' title="bbox 482 3232 2069 3305">
    <p class='ocr_par' dir='ltr' id='par_1_32' title="bbox 482 3232 2069 3305">
     <span class='ocr_line' id='line_1_32' title="bbox 482 3232 2069 3305; baseline -0.001 -17"><span class='ocrx_word' id='word_1_226' title='bbox 482 3233 630 3304; x_wconf 81' lang='grc' dir='ltr'><strong>αὕτη</strong></span> <span class='ocrx_word' id='word_1_227' title='bbox 655 3235 766 3288; x_wconf 78' lang='grc' dir='ltr'><strong>τῶν</strong></span> <span class='ocrx_word' id='word_1_228' title='bbox 808 3234 1251 3305; x_wconf 64' lang='grc' dir='ltr'><strong>κατορθωμάτων</strong></span> <span class='ocrx_word' id='word_1_229' title='bbox 1279 3232 1432 3304; x_wconf 73' lang='grc'><strong>[585]</strong></span> <span class='ocrx_word' id='word_1_230' title='bbox 1455 3235 1489 3305; x_wconf 78' lang='grc' dir='ltr'>ἡ</span> <span class='ocrx_word' id='word_1_231' title='bbox 1527 3234 1871 3305; x_wconf 82' lang='grc' dir='ltr'><strong>παράκλησις</strong></span> <span class='ocrx_word' id='word_1_232' title='bbox 1896 3251 1908 3264; x_wconf 78' lang='grc' dir='ltr'><strong>ο</strong></span> <span class='ocrx_word' id='word_1_233' title='bbox 1946 3235 2069 3288; x_wconf 60' lang='grc' dir='ltr'><strong>ἐπεὶ⁵</strong></span> 
     </span>
    </p>
   </div>
   <div class='ocr_carea' id='block_1_33' title="bbox 490 3323 2066 3395">
    <p class='ocr_par' dir='ltr' id='par_1_33' title="bbox 490 3323 2066 3395">
     <span class='ocr_line' id='line_1_33' title="bbox 490 3323 2066 3395; baseline 0.001 -19"><span class='ocrx_word' id='word_1_234' title='bbox 490 3323 587 3376; x_wconf 62' lang='grc' dir='ltr'><strong>καὶ</strong></span> <span class='ocrx_word' id='word_1_235' title='bbox 621 3323 781 3392; x_wconf 71' lang='grc' dir='ltr'><strong>ἡμεῖς</strong></span> <span class='ocrx_word' id='word_1_236' title='bbox 808 3323 1060 3377; x_wconf 79' lang='grc' dir='ltr'><strong>τοσοῦτον</strong></span> <span class='ocrx_word' id='word_1_237' title='bbox 1101 3323 1476 3394; x_wconf 77' lang='grc' dir='ltr'><strong>ἀπῳκισμένοι</strong></span> <span class='ocrx_word' id='word_1_238' title='bbox 1505 3323 1677 3394; x_wconf 87' lang='grc' dir='ltr'><strong>μῆκος</strong></span> <span class='ocrx_word' id='word_1_239' title='bbox 1701 3323 1844 3388; x_wconf 85' lang='grc' dir='ltr'><strong>όδοῦ,</strong></span> <span class='ocrx_word' id='word_1_240' title='bbox 1880 3325 1941 3378; x_wconf 84' lang='grc' dir='ltr'><strong>οὐ</strong></span> <span class='ocrx_word' id='word_1_241' title='bbox 1973 3342 2066 3395; x_wconf 86' lang='grc' dir='ltr'><strong>μι-</strong></span> 
     </span>
    </p>
   </div>
   <div class='ocr_carea' id='block_1_34' title="bbox 487 3415 2068 3488">
    <p class='ocr_par' dir='ltr' id='par_1_34' title="bbox 487 3415 2068 3488">
     <span class='ocr_line' id='line_1_34' title="bbox 487 3415 2068 3488; baseline 0 -19"><span class='ocrx_word' id='word_1_242' title='bbox 487 3415 628 3486; x_wconf 89' lang='grc' dir='ltr'><strong>κράν</strong></span> <span class='ocrx_word' id='word_1_243' title='bbox 657 3415 924 3480; x_wconf 76' lang='grc' dir='ltr'><strong>ἐντεῦθεν,</strong></span> <span class='ocrx_word' id='word_1_244' title='bbox 953 3415 1061 3469; x_wconf 81' lang='grc' dir='ltr'><strong>ἀπὸ</strong></span> <span class='ocrx_word' id='word_1_245' title='bbox 1086 3415 1186 3485; x_wconf 88' lang='grc' dir='ltr'><strong>τῆς</strong></span> <span class='ocrx_word' id='word_1_246' title='bbox 1217 3415 1317 3485; x_wconf 89' lang='grc' dir='ltr'><strong>σῆς</strong></span> <span class='ocrx_word' id='word_1_247' title='bbox 1349 3415 1601 3488; x_wconf 74' lang='grc' dir='ltr'><strong>ἀνδρείας</strong></span> <span class='ocrx_word' id='word_1_248' title='bbox 1626 3415 1786 3485; x_wconf 86' lang='grc' dir='ltr'><strong>λέγω,</strong></span> <span class='ocrx_word' id='word_1_249' title='bbox 1823 3415 2068 3486; x_wconf 87' lang='grc' dir='ltr'><strong>καρπού-</strong></span> 
     </span>
    </p>
   </div>
   <div class='ocr_carea' id='block_1_35' title="bbox 493 3507 1024 3580">
    <p class='ocr_par' dir='ltr' id='par_1_35' title="bbox 493 3507 1024 3580">
     <span class='ocr_line' id='line_1_35' title="bbox 493 3507 1024 3580; baseline 0.002 -18"><span class='ocrx_word' id='word_1_250' title='bbox 493 3507 635 3580; x_wconf 83' lang='grc' dir='ltr'><strong>μεθα</strong></span> <span class='ocrx_word' id='word_1_251' title='bbox 661 3508 1024 3580; x_wconf 82' lang='grc' dir='ltr'><strong>εὐφροσύνην..</strong></span> 
     </span>
    </p>
   </div>
   <div class='ocr_carea' id='block_1_36' title="bbox 806 3593 1742 3665">
    <p class='ocr_par' dir='ltr' id='par_1_36' title="bbox 806 3593 1742 3665">
     <span class='ocr_line' id='line_1_36' title="bbox 806 3593 1742 3665; baseline -0.002 -15"><span class='ocrx_word' id='word_1_252' title='bbox 806 3597 961 3665; x_wconf 80' lang='grc' dir='ltr'><strong>Πρὸς</strong></span> <span class='ocrx_word' id='word_1_253' title='bbox 989 3595 1104 3664; x_wconf 74' lang='grc' dir='ltr'><strong>τὴν</strong></span> <span class='ocrx_word' id='word_1_254' title='bbox 1120 3593 1315 3662; x_wconf 69' lang='grc' dir='ltr'><strong>αὐτὴν·</strong></span> <span class='ocrx_word' id='word_1_255' title='bbox 1342 3595 1638 3664; x_wconf 65' lang='grc' dir='ltr'><strong>ἐπιστολὴ</strong></span> <span class='ocrx_word' id='word_1_256' title='bbox 1672 3601 1742 3662; x_wconf 78' lang='lat'><strong>2&#39;.</strong></span> 
     </span>
    </p>
   </div>
   <div class='ocr_carea' id='block_1_37' title="bbox 560 3686 2066 3759">
    <p class='ocr_par' dir='ltr' id='par_1_37' title="bbox 560 3686 2066 3759">
     <span class='ocr_line' id='line_1_37' title="bbox 560 3686 2066 3759; baseline 0 -18"><span class='ocrx_word' id='word_1_257' title='bbox 560 3694 631 3742; x_wconf 85' lang='grc' dir='ltr'><strong>α’.</strong></span> <span class='ocrx_word' id='word_1_258' title='bbox 666 3688 732 3740; x_wconf 85' lang='grc' dir='ltr'><strong>Τί</strong></span> <span class='ocrx_word' id='word_1_259' title='bbox 764 3687 900 3758; x_wconf 56' lang='lat' dir='ltr'><strong>qam;</strong></span> <span class='ocrx_word' id='word_1_260' title='bbox 925 3689 1039 3741; x_wconf 87' lang='grc' dir='ltr'><strong>Οὑκ</strong></span> <span class='ocrx_word' id='word_1_261' title='bbox 1064 3687 1296 3758; x_wconf 80' lang='grc' dir='ltr'><strong>ἐστησας</strong></span> <span class='ocrx_word' id='word_1_262' title='bbox 1317 3693 1593 3757; x_wconf 82' lang='grc' dir='ltr'><strong>τρόπαιον,</strong></span> <span class='ocrx_word' id='word_1_263' title='bbox 1618 3686 1739 3739; x_wconf 76' lang='grc' dir='ltr'><strong>οὐδὲ</strong></span> <span class='ocrx_word' id='word_1_264' title='bbox 1765 3687 1881 3759; x_wconf 69' lang='grc' dir='ltr'><strong>ἥρω</strong></span> <span class='ocrx_word' id='word_1_265' title='bbox 1910 3688 2066 3759; x_wconf 86' lang='grc' dir='ltr'><strong>νίκην</strong></span> 
     </span>
    </p>
   </div>
   <div class='ocr_carea' id='block_1_38' title="bbox 487 3776 2061 3848">
    <p class='ocr_par' dir='ltr' id='par_1_38' title="bbox 487 3776 2061 3848">
     <span class='ocr_line' id='line_1_38' title="bbox 487 3776 2061 3848; baseline 0.002 -19"><span class='ocrx_word' id='word_1_266' title='bbox 487 3778 745 3848; x_wconf 84' lang='grc' dir='ltr'><strong>λαμπράν</strong></span> <span class='ocrx_word' id='word_1_267' title='bbox 762 3794 776 3843; x_wconf 90' lang='grc'>;</span> <span class='ocrx_word' id='word_1_268' title='bbox 793 3778 912 3830; x_wconf 70' lang='grc' dir='ltr'><strong>οὐδὲ</strong></span> <span class='ocrx_word' id='word_1_269' title='bbox 935 3777 1178 3847; x_wconf 84' lang='grc' dir='ltr'><strong>ἀνεδήσω</strong></span> <span class='ocrx_word' id='word_1_270' title='bbox 1201 3777 1464 3845; x_wconf 87' lang='grc' dir='ltr'><strong>στέφανον</strong></span> <span class='ocrx_word' id='word_1_271' title='bbox 1485 3776 1750 3830; x_wconf 77' lang='grc' dir='ltr'><strong>ἀνθοῦντα</strong></span> <span class='ocrx_word' id='word_1_272' title='bbox 1770 3777 2061 3847; x_wconf 73' lang='grc' dir='ltr'><strong>διηνεκῶςς</strong></span> 
     </span>
    </p>
   </div>
   <div class='ocr_carea' id='block_1_39' title="bbox 499 3867 2064 3939">
    <p class='ocr_par' dir='ltr' id='par_1_39' title="bbox 499 3867 2064 3939">
     <span class='ocr_line' id='line_1_39' title="bbox 499 3867 2064 3939; baseline 0 -17"><span class='ocrx_word' id='word_1_273' title='bbox 499 3869 638 3922; x_wconf 80' lang='grc' dir='ltr'><strong>⁹Δλλ’</strong></span> <span class='ocrx_word' id='word_1_274' title='bbox 660 3868 721 3921; x_wconf 83' lang='lat'><strong>06</strong></span> <span class='ocrx_word' id='word_1_275' title='bbox 749 3867 922 3922; x_wconf 80' lang='grc' dir='ltr'><strong>ταῦτά</strong></span> <span class='ocrx_word' id='word_1_276' title='bbox 943 3884 1110 3938; x_wconf 83' lang='grc' dir='ltr'><strong>φησιν</strong></span> <span class='ocrx_word' id='word_1_277' title='bbox 1139 3868 1172 3937; x_wconf 81' lang='grc' dir='ltr'>ἡ</span> <span class='ocrx_word' id='word_1_278' title='bbox 1205 3867 1498 3936; x_wconf 85' lang='grc' dir='ltr'><strong>οἰκουμένη</strong></span> <span class='ocrx_word' id='word_1_279' title='bbox 1531 3869 1701 3930; x_wconf 77' lang='grc' dir='ltr'><strong>πᾶσα,</strong></span> <span class='ocrx_word' id='word_1_280' title='bbox 1725 3870 1757 3937; x_wconf 76' lang='grc' dir='ltr'>ἡ</span> <span class='ocrx_word' id='word_1_281' title='bbox 1787 3871 2064 3939; x_wconf 86' lang='grc' dir='ltr'><strong>πανταχοῦ</strong></span> 
     </span>
    </p>
   </div>
   <div class='ocr_carea' id='block_1_40' title="bbox 486 3957 2067 4031">
    <p class='ocr_par' dir='ltr' id='par_1_40' title="bbox 486 3957 2067 4031">
     <span class='ocr_line' id='line_1_40' title="bbox 486 3957 2067 4031; baseline 0.001 -19"><span class='ocrx_word' id='word_1_282' title='bbox 486 3961 588 4030; x_wconf 80' lang='grc' dir='ltr'><strong>τῆς</strong></span> <span class='ocrx_word' id='word_1_283' title='bbox 620 3960 721 4030; x_wconf 85' lang='grc' dir='ltr'><strong>γῆς</strong></span> <span class='ocrx_word' id='word_1_284' title='bbox 754 3958 956 4031; x_wconf 68' lang='grc' dir='ltr'><strong>ᾅδουσά</strong></span> <span class='ocrx_word' id='word_1_285' title='bbox 985 3975 1078 4011; x_wconf 87' lang='grc' dir='ltr'><strong>σου</strong></span> <span class='ocrx_word' id='word_1_286' title='bbox 1101 3959 1170 4012; x_wconf 83' lang='grc' dir='ltr'><strong>τὰ</strong></span> <span class='ocrx_word' id='word_1_287' title='bbox 1191 3957 1626 4029; x_wconf 82' lang='grc' dir='ltr'><strong>κατορθώματας</strong></span> <span class='ocrx_word' id='word_1_288' title='bbox 1652 3960 1712 4011; x_wconf 86' lang='grc' dir='ltr'><strong>Εἰ</strong></span> <span class='ocrx_word' id='word_1_289' title='bbox 1739 3958 1848 4031; x_wconf 78' lang='grc' dir='ltr'><strong>γὰρ</strong></span> <span class='ocrx_word' id='word_1_290' title='bbox 1876 3960 1970 4014; x_wconf 73' lang='grc' dir='ltr'><strong>καὶ</strong></span> <span class='ocrx_word' id='word_1_291' title='bbox 1997 3960 2067 4014; x_wconf 87' lang='grc' dir='ltr'><strong>τά</strong></span> 
     </span>
    </p>
   </div>
   <div class='ocr_carea' id='block_1_41' title="bbox 489 4048 2066 4122">
    <p class='ocr_par' dir='ltr' id='par_1_41' title="bbox 489 4048 2066 4122">
     <span class='ocr_line' id='line_1_41' title="bbox 489 4048 2066 4122; baseline 0 -17"><span class='ocrx_word' id='word_1_292' title='bbox 489 4052 812 4119; x_wconf 86' lang='grc' dir='ltr'><strong>σκάμματα,</strong></span> <span class='ocrx_word' id='word_1_293' title='bbox 835 4050 931 4102; x_wconf 74' lang='grc' dir='ltr'><strong>καὶ</strong></span> <span class='ocrx_word' id='word_1_294' title='bbox 957 4050 1006 4101; x_wconf 93' lang='grc' dir='ltr'><strong>οἰ</strong></span> <span class='ocrx_word' id='word_1_295' title='bbox 1033 4048 1242 4117; x_wconf 83' lang='grc' dir='ltr'><strong>ἀγῶνες</strong></span> <span class='ocrx_word' id='word_1_296' title='bbox 1278 4049 1335 4101; x_wconf 81' lang='grc' dir='ltr'><strong>ἐν</strong></span> <span class='ocrx_word' id='word_1_297' title='bbox 1367 4049 1447 4101; x_wconf 67' lang='grc' dir='ltr'><strong>ἐνὶ</strong></span> <span class='ocrx_word' id='word_1_298' title='bbox 1469 4050 1711 4120; x_wconf 80' lang='grc' dir='ltr'><strong>ἵδρυνται</strong></span> <span class='ocrx_word' id='word_1_299' title='bbox 1736 4052 1942 4122; x_wconf 83' lang='grc' dir='ltr'><strong>χωρίῳ,</strong></span> <span class='ocrx_word' id='word_1_300' title='bbox 1972 4055 2066 4106; x_wconf 73' lang='grc' dir='ltr'><strong>καὶ</strong></span> 
     </span>
    </p>
   </div>
   <div class='ocr_carea' id='block_1_42' title="bbox 486 4137 2064 4211">
    <p class='ocr_par' dir='ltr' id='par_1_42' title="bbox 486 4137 2064 4211">
     <span class='ocr_line' id='line_1_42' title="bbox 486 4137 2064 4211; baseline 0.001 -17"><span class='ocrx_word' id='word_1_301' title='bbox 486 4142 536 4194; x_wconf 92' lang='grc' dir='ltr'><strong>οἰ</strong></span> <span class='ocrx_word' id='word_1_302' title='bbox 569 4139 769 4191; x_wconf 74' lang='grc' dir='ltr'><strong>δίαυλοι</strong></span> <span class='ocrx_word' id='word_1_303' title='bbox 799 4156 894 4192; x_wconf 89' lang='grc' dir='ltr'><strong>σου</strong></span> <span class='ocrx_word' id='word_1_304' title='bbox 926 4138 1034 4191; x_wconf 80' lang='grc' dir='ltr'><strong>τῶν</strong></span> <span class='ocrx_word' id='word_1_305' title='bbox 1073 4137 1311 4208; x_wconf 77' lang='grc' dir='ltr'><strong>δρόμων,</strong></span> <span class='ocrx_word' id='word_1_306' title='bbox 1337 4139 1432 4190; x_wconf 85' lang='grc' dir='ltr'><strong>καί</strong></span> <span class='ocrx_word' id='word_1_307' title='bbox 1468 4139 1538 4192; x_wconf 84' lang='grc' dir='ltr'><strong>τά</strong></span> <span class='ocrx_word' id='word_1_308' title='bbox 1575 4141 1696 4193; x_wconf 76' lang='grc' dir='ltr'><strong>ἀντῖ⁵</strong></span> <span class='ocrx_word' id='word_1_309' title='bbox 1726 4141 1946 4211; x_wconf 79' lang='grc' dir='ltr'><strong>ἱδρῶτος</strong></span> <span class='ocrx_word' id='word_1_310' title='bbox 1981 4143 2064 4196; x_wconf 72' lang='grc' dir='ltr'><strong>αἱ·</strong></span> 
     </span>
    </p>
   </div>
   <div class='ocr_carea' id='block_1_43' title="bbox 492 4229 2059 4302">
    <p class='ocr_par' dir='ltr' id='par_1_43' title="bbox 492 4229 2059 4302">
     <span class='ocr_line' id='line_1_43' title="bbox 492 4229 2059 4302; baseline 0.004 -19"><span class='ocrx_word' id='word_1_311' title='bbox 492 4247 659 4300; x_wconf 83' lang='grc' dir='ltr'><strong>ματος</strong></span> <span class='ocrx_word' id='word_1_312' title='bbox 682 4229 1110 4301; x_wconf 81' lang='grc' dir='ltr'><strong>ἐμπεπλησμένα</strong></span> <span class='ocrx_word' id='word_1_313' title='bbox 1132 4247 1224 4282; x_wconf 83' lang='grc' dir='ltr'><strong>σου</strong></span> <span class='ocrx_word' id='word_1_314' title='bbox 1245 4230 1597 4301; x_wconf 87' lang='grc' dir='ltr'><strong>παλαίσματα</strong></span> <span class='ocrx_word' id='word_1_315' title='bbox 1616 4233 1802 4286; x_wconf 85' lang='grc' dir='ltr'><strong>αὑτόοι</strong></span> <span class='ocrx_word' id='word_1_316' title='bbox 1820 4236 2059 4302; x_wconf 89' lang='grc' dir='ltr'><strong>γέγονεν,</strong></span> 
     </span>
    </p>
   </div>
   <div class='ocr_carea' id='block_1_44' title="bbox 487 4321 2060 4395">
    <p class='ocr_par' dir='ltr' id='par_1_44' title="bbox 487 4321 2060 4395">
     <span class='ocr_line' id='line_1_44' title="bbox 487 4321 2060 4395; baseline 0.004 -20"><span class='ocrx_word' id='word_1_317' title='bbox 487 4322 603 4376; x_wconf 82' lang='grc' dir='ltr'><strong>ἀλλ’</strong></span> <span class='ocrx_word' id='word_1_318' title='bbox 637 4323 672 4392; x_wconf 82' lang='grc' dir='ltr'><strong>ἡ</strong></span> <span class='ocrx_word' id='word_1_319' title='bbox 697 4321 820 4388; x_wconf 79' lang='grc' dir='ltr'><strong>δόξα</strong></span> <span class='ocrx_word' id='word_1_320' title='bbox 843 4322 1046 4374; x_wconf 87' lang='grc' dir='ltr'><strong>τούτων</strong></span> <span class='ocrx_word' id='word_1_321' title='bbox 1085 4323 1178 4376; x_wconf 72' lang='grc' dir='ltr'><strong>καὶ</strong></span> <span class='ocrx_word' id='word_1_322' title='bbox 1203 4323 1236 4391; x_wconf 82' lang='grc' dir='ltr'><strong>η</strong></span> <span class='ocrx_word' id='word_1_323' title='bbox 1264 4321 1509 4392; x_wconf 77' lang='grc' dir='ltr'><strong>εὐφημία</strong></span> <span class='ocrx_word' id='word_1_324' title='bbox 1546 4323 1615 4375; x_wconf 83' lang='grc' dir='ltr'><strong>τὰ</strong></span> <span class='ocrx_word' id='word_1_325' title='bbox 1649 4325 1895 4395; x_wconf 87' lang='grc' dir='ltr'><strong>τέρματα</strong></span> <span class='ocrx_word' id='word_1_326' title='bbox 1929 4345 2060 4381; x_wconf 91' lang='grc' dir='ltr'><strong>κατ-</strong></span> 
     </span>
    </p>
   </div>
   <div class='ocr_carea' id='block_1_45' title="bbox 485 4411 2062 4488">
    <p class='ocr_par' dir='ltr' id='par_1_45' title="bbox 485 4411 2062 4488">
     <span class='ocr_line' id='line_1_45' title="bbox 485 4411 2062 4488; baseline 0.002 -21"><span class='ocrx_word' id='word_1_327' title='bbox 485 4413 673 4484; x_wconf 84' lang='grc' dir='ltr'><strong>είληφε</strong></span> <span class='ocrx_word' id='word_1_328' title='bbox 701 4413 800 4482; x_wconf 78' lang='grc' dir='ltr'><strong>τῆς</strong></span> <span class='ocrx_word' id='word_1_329' title='bbox 819 4423 840 4451; x_wconf 71' lang='grc'><strong><em>⁸</em></strong></span> <span class='ocrx_word' id='word_1_330' title='bbox 867 4411 1205 4482; x_wconf 80' lang='grc' dir='ltr'><strong>οἰκουμένης.</strong></span> <span class='ocrx_word' id='word_1_331' title='bbox 1227 4413 1300 4464; x_wconf 82' lang='grc' dir='ltr'><strong>Σὺ</strong></span> <span class='ocrx_word' id='word_1_332' title='bbox 1322 4413 1378 4465; x_wconf 80' lang='grc' dir='ltr'><strong>δέ</strong></span> <span class='ocrx_word' id='word_1_333' title='bbox 1404 4413 1544 4466; x_wconf 89' lang='grc' dir='ltr'><strong>αύτά</strong></span> <span class='ocrx_word' id='word_1_334' title='bbox 1572 4414 1742 4483; x_wconf 79' lang='grc' dir='ltr'><strong>μείζω</strong></span> <span class='ocrx_word' id='word_1_335' title='bbox 1764 4416 2062 4488; x_wconf 83' lang='grc' dir='ltr'><strong>βουλομένη</strong></span> 
     </span>
    </p>
   </div>
   <div class='ocr_carea' id='block_1_46' title="bbox 487 4501 2061 4575">
    <p class='ocr_par' dir='ltr' id='par_1_46' title="bbox 487 4501 2061 4575">
     <span class='ocr_line' id='line_1_46' title="bbox 487 4501 2061 4575; baseline 0.004 -20"><span class='ocrx_word' id='word_1_336' title='bbox 487 4503 731 4572; x_wconf 85' lang='grc' dir='ltr'><strong>ποιῆσαι,</strong></span> <span class='ocrx_word' id='word_1_337' title='bbox 776 4502 871 4554; x_wconf 69' lang='grc' dir='ltr'><strong>καὶ</strong></span> <span class='ocrx_word' id='word_1_338' title='bbox 913 4502 1132 4554; x_wconf 86' lang='grc' dir='ltr'><strong>πλείονα</strong></span> <span class='ocrx_word' id='word_1_339' title='bbox 1172 4502 1241 4554; x_wconf 88' lang='grc' dir='ltr'><strong>τά</strong></span> <span class='ocrx_word' id='word_1_340' title='bbox 1295 4501 1521 4572; x_wconf 83' lang='grc' dir='ltr'><strong>βραϐεῖα</strong></span> <span class='ocrx_word' id='word_1_341' title='bbox 1564 4505 1924 4575; x_wconf 86' lang='grc' dir='ltr'><strong>ἐργάσασθαι,</strong></span> <span class='ocrx_word' id='word_1_342' title='bbox 1969 4510 2061 4562; x_wconf 74' lang='grc' dir='ltr'><strong>καὶ</strong></span> 
     </span>
    </p>
   </div>
   <div class='ocr_carea' id='block_1_47' title="bbox 484 4591 2061 4667">
    <p class='ocr_par' dir='ltr' id='par_1_47' title="bbox 484 4591 2061 4667">
     <span class='ocr_line' id='line_1_47' title="bbox 484 4591 2061 4667; baseline 0.01 -28"><span class='ocrx_word' id='word_1_343' title='bbox 484 4593 610 4653; x_wconf 73' lang='grc' dir='ltr'><strong>τοὺς</strong></span> <span class='ocrx_word' id='word_1_344' title='bbox 657 4591 762 4643; x_wconf 76' lang='grc' dir='ltr'><strong>ἀπὸ</strong></span> <span class='ocrx_word' id='word_1_345' title='bbox 803 4592 901 4660; x_wconf 86' lang='grc' dir='ltr'><strong>τῆς</strong></span> <span class='ocrx_word' id='word_1_346' title='bbox 944 4592 1447 4664; x_wconf 74' lang='grc' dir='ltr'><strong>ταπεινοφροσύνης</strong></span> <span class='ocrx_word' id='word_1_347' title='bbox 1488 4594 1667 4657; x_wconf 84' lang='grc' dir='ltr'><strong>αὐτοῖς</strong></span> <span class='ocrx_word' id='word_1_348' title='bbox 1718 4598 2061 4667; x_wconf 81' lang='grc' dir='ltr'><strong>προσέθηκας</strong></span> 
     </span>
    </p>
   </div>
   <div class='ocr_carea' id='block_1_48' title="bbox 489 4681 2061 4758">
    <p class='ocr_par' dir='ltr' id='par_1_48' title="bbox 489 4681 2061 4758">
     <span class='ocr_line' id='line_1_48' title="bbox 489 4681 2061 4758; baseline 0.005 -22"><span class='ocrx_word' id='word_1_349' title='bbox 489 4682 802 4749; x_wconf 74' lang='grc' dir='ltr'><strong>στεφάνως,</strong></span> <span class='ocrx_word' id='word_1_350' title='bbox 838 4682 1071 4748; x_wconf 81' lang='grc' dir='ltr'><strong>λέγουσα</strong></span> <span class='ocrx_word' id='word_1_351' title='bbox 1095 4681 1344 4735; x_wconf 82' lang='grc' dir='ltr'><strong>τοσοῦτον</strong></span> <span class='ocrx_word' id='word_1_352' title='bbox 1385 4683 1610 4754; x_wconf 73' lang='grc' dir='ltr'><strong>ἀπέχειν</strong></span> <span class='ocrx_word' id='word_1_353' title='bbox 1649 4685 1754 4740; x_wconf 83' lang='grc' dir='ltr'><strong>τῶν</strong></span> <span class='ocrx_word' id='word_1_354' title='bbox 1785 4690 2061 4758; x_wconf 82' lang='grc' dir='ltr'><strong>τροπαίων</strong></span> 
     </span>
    </p>
   </div>
   <div class='ocr_carea' id='block_1_49' title="bbox 405 4772 2061 4849">
    <p class='ocr_par' dir='ltr' id='par_1_49' title="bbox 405 4772 2061 4849">
     <span class='ocr_line' id='line_1_49' title="bbox 405 4772 2061 4849; baseline 0.005 -23"><span class='ocrx_word' id='word_1_355' title='bbox 405 4804 414 4808; x_wconf 91' lang='grc'><strong><em>-</em></strong></span> <span class='ocrx_word' id='word_1_356' title='bbox 484 4773 710 4836; x_wconf 83' lang='grc' dir='ltr'><strong>τούτων,</strong></span> <span class='ocrx_word' id='word_1_357' title='bbox 738 4774 865 4825; x_wconf 77' lang='grc' dir='ltr'><strong>ὅσον</strong></span> <span class='ocrx_word' id='word_1_358' title='bbox 890 4774 938 4824; x_wconf 84' lang='grc' dir='ltr'><strong>οί</strong></span> <span class='ocrx_word' id='word_1_359' title='bbox 967 4773 1151 4841; x_wconf 66' lang='grc' dir='ltr'><strong>νεκροὶ</strong></span> <span class='ocrx_word' id='word_1_360' title='bbox 1182 4772 1288 4824; x_wconf 85' lang='grc' dir='ltr'><strong>τῶν</strong></span> <span class='ocrx_word' id='word_1_361' title='bbox 1311 4772 1546 4834; x_wconf 86' lang='grc' dir='ltr'><strong>ζώντων.</strong></span> <span class='ocrx_word' id='word_1_362' title='bbox 1580 4775 1703 4828; x_wconf 84' lang='grc' dir='ltr'><strong>’Ότι</strong></span> <span class='ocrx_word' id='word_1_363' title='bbox 1727 4777 1834 4849; x_wconf 78' lang='grc' dir='ltr'><strong>γὰρ</strong></span> <span class='ocrx_word' id='word_1_364' title='bbox 1872 4796 2061 4834; x_wconf 88' lang='grc' dir='ltr'><strong>ταπει-</strong></span> 
     </span>
    </p>
   </div>
   <div class='ocr_carea' id='block_1_50' title="bbox 487 4861 2058 4934">
    <p class='ocr_par' dir='ltr' id='par_1_50' title="bbox 487 4861 2058 4934">
     <span class='ocr_line' id='line_1_50' title="bbox 487 4861 2058 4934; baseline 0.011 -30"><span class='ocrx_word' id='word_1_365' title='bbox 487 4863 820 4934; x_wconf 70' lang='grc' dir='ltr'><strong>νοφροσύνης</strong></span> <span class='ocrx_word' id='word_1_366' title='bbox 850 4863 917 4915; x_wconf 79' lang='grc' dir='ltr'><strong>τὰ</strong></span> <span class='ocrx_word' id='word_1_367' title='bbox 947 4864 1188 4933; x_wconf 78' lang='grc' dir='ltr'><strong>ῥήματα,</strong></span> <span class='ocrx_word' id='word_1_368' title='bbox 1222 4861 1420 4930; x_wconf 81' lang='grc' dir='ltr'><strong>μᾶλλον</strong></span> <span class='ocrx_word' id='word_1_369' title='bbox 1447 4862 1508 4927; x_wconf 81' lang='grc' dir='ltr'><strong>ἐξ</strong></span> <span class='ocrx_word' id='word_1_370' title='bbox 1539 4865 1717 4916; x_wconf 84' lang='grc' dir='ltr'><strong>αὐτῶν</strong></span> <span class='ocrx_word' id='word_1_371' title='bbox 1748 4883 1805 4918; x_wconf 89' lang='grc' dir='ltr'><strong>σε</strong></span> <span class='ocrx_word' id='word_1_372' title='bbox 1845 4868 2058 4934; x_wconf 81' lang='grc' dir='ltr'><strong>ἐλέγξαι</strong></span> 
     </span>
    </p>
   </div>
   <div class='ocr_carea' id='block_1_51' title="bbox 485 4954 2056 5029">
    <p class='ocr_par' dir='ltr' id='par_1_51' title="bbox 485 4954 2056 5029">
     <span class='ocr_line' id='line_1_51' title="bbox 485 4954 2056 5029; baseline 0.008 -27"><span class='ocrx_word' id='word_1_373' title='bbox 485 4957 818 5025; x_wconf 78' lang='grc' dir='ltr'><strong>πειράσομαι</strong></span> <span class='ocrx_word' id='word_1_374' title='bbox 853 4954 962 5008; x_wconf 75' lang='grc' dir='ltr'><strong>τῶν</strong></span> <span class='ocrx_word' id='word_1_375' title='bbox 1003 4954 1405 5024; x_wconf 82' lang='grc' dir='ltr'><strong>γεγενημένων.</strong></span> <span class='ocrx_word' id='word_1_376' title='bbox 1445 4954 1727 5020; x_wconf 74' lang='grc' dir='ltr'><strong>Ἐξέπεσεζ</strong></span> <span class='ocrx_word' id='word_1_377' title='bbox 1769 4961 2056 5029; x_wconf 77' lang='grc' dir='ltr'><strong>πατρίδος,</strong></span> 
     </span>
    </p>
   </div>
   <div class='ocr_carea' id='block_1_52' title="bbox 483 5044 2058 5121">
    <p class='ocr_par' dir='ltr' id='par_1_52' title="bbox 483 5044 2058 5121">
     <span class='ocr_line' id='line_1_52' title="bbox 483 5044 2058 5121; baseline -0.003 -23"><span class='ocrx_word' id='word_1_378' title='bbox 483 5047 681 5110; x_wconf 88' lang='grc' dir='ltr'><strong>οἰκίας,</strong></span> <span class='ocrx_word' id='word_1_379' title='bbox 716 5045 905 5114; x_wconf 84' lang='grc' dir='ltr'><strong>φίλων,</strong></span> <span class='ocrx_word' id='word_1_380' title='bbox 939 5044 1248 5111; x_wconf 84' lang='grc' dir='ltr'><strong>συγγενῶν’</strong></span> <span class='ocrx_word' id='word_1_381' title='bbox 1278 5045 1415 5114; x_wconf 85' lang='grc' dir='ltr'><strong>πρὸς</strong></span> <span class='ocrx_word' id='word_1_382' title='bbox 1451 5046 1548 5115; x_wconf 81' lang='grc' dir='ltr'><strong>τὴν</strong></span> <span class='ocrx_word' id='word_1_383' title='bbox 1595 5049 1889 5121; x_wconf 84' lang='grc' dir='ltr'><strong>ὑπερορίαν</strong></span> <span class='ocrx_word' id='word_1_384' title='bbox 1930 5070 2058 5121; x_wconf 86' lang='grc' dir='ltr'><strong>μετ-</strong></span> 
     </span>
    </p>
   </div>
   <div class='ocr_carea' id='block_1_53' title="bbox 486 5135 2055 5216">
    <p class='ocr_par' dir='ltr' id='par_1_53' title="bbox 486 5135 2055 5216">
     <span class='ocr_line' id='line_1_53' title="bbox 486 5135 2055 5216; baseline 0.006 -28"><span class='ocrx_word' id='word_1_385' title='bbox 486 5136 644 5204; x_wconf 84' lang='grc' dir='ltr'><strong>έστης</strong></span> <span class='ocrx_word' id='word_1_386' title='bbox 668 5154 681 5167; x_wconf 79' lang='grc' dir='ltr'><strong><em>ο</em></strong></span> <span class='ocrx_word' id='word_1_387' title='bbox 714 5136 774 5187; x_wconf 86' lang='grc' dir='ltr'><strong>ού</strong></span> <span class='ocrx_word' id='word_1_388' title='bbox 823 5135 1059 5198; x_wconf 84' lang='grc' dir='ltr'><strong>διέλιπες</strong></span> <span class='ocrx_word' id='word_1_389' title='bbox 1087 5136 1204 5188; x_wconf 79' lang='grc' dir='ltr'><strong>καθ’</strong></span> <span class='ocrx_word' id='word_1_390' title='bbox 1242 5137 1479 5205; x_wconf 77' lang='grc' dir='ltr'><strong>ἑκάστην</strong></span> <span class='ocrx_word' id='word_1_391' title='bbox 1502 5141 1916 5210; x_wconf 74' lang='grc' dir='ltr'><strong>ἀποθνῄσκουσα</strong></span> <span class='ocrx_word' id='word_1_392' title='bbox 1959 5147 2055 5216; x_wconf 82' lang='grc' dir='ltr'><strong>τὴν</strong></span> 
     </span>
    </p>
   </div>
   <div class='ocr_carea' id='block_1_54' title="bbox 485 5226 2056 5305">
    <p class='ocr_par' dir='ltr' id='par_1_54' title="bbox 485 5226 2056 5305">
     <span class='ocr_line' id='line_1_54' title="bbox 485 5226 2056 5305; baseline 0.008 -29"><span class='ocrx_word' id='word_1_393' title='bbox 485 5227 718 5296; x_wconf 79' lang='grc' dir='ltr'><strong>ἡμέραν,</strong></span> <span class='ocrx_word' id='word_1_394' title='bbox 770 5227 862 5278; x_wconf 74' lang='grc' dir='ltr'><strong>καὶ</strong></span> <span class='ocrx_word' id='word_1_395' title='bbox 903 5227 962 5277; x_wconf 74' lang='grc' dir='ltr'><strong>τὸ</strong></span> <span class='ocrx_word' id='word_1_396' title='bbox 993 5228 1057 5294; x_wconf 80' lang='grc' dir='ltr'><strong>τῇ</strong></span> <span class='ocrx_word' id='word_1_397' title='bbox 1106 5226 1261 5294; x_wconf 80' lang='grc' dir='ltr'><strong>φύσει</strong></span> <span class='ocrx_word' id='word_1_398' title='bbox 1293 5228 1477 5280; x_wconf 83' lang='grc' dir='ltr'><strong>λεῖπον</strong></span> <span class='ocrx_word' id='word_1_399' title='bbox 1524 5233 1588 5298; x_wconf 76' lang='grc' dir='ltr'><strong>τῇ</strong></span> <span class='ocrx_word' id='word_1_400' title='bbox 1631 5235 1916 5305; x_wconf 76' lang='grc' dir='ltr'><strong>περιουσία</strong></span> <span class='ocrx_word' id='word_1_401' title='bbox 1957 5238 2056 5305; x_wconf 83' lang='grc' dir='ltr'><strong>τῆς</strong></span> 
     </span>
    </p>
   </div>
   <div class='ocr_carea' id='block_1_55' title="bbox 485 5318 2056 5390">
    <p class='ocr_par' dir='ltr' id='par_1_55' title="bbox 485 5318 2056 5390">
     <span class='ocr_line' id='line_1_55' title="bbox 485 5318 2056 5390; baseline 0.006 -21"><span class='ocrx_word' id='word_1_402' title='bbox 485 5318 853 5388; x_wconf 84' lang='grc' dir='ltr'><strong>προαιρέσεως</strong></span> <span class='ocrx_word' id='word_1_403' title='bbox 890 5318 1296 5386; x_wconf 79' lang='grc' dir='ltr'><strong>ἀναπληροῦσα.</strong></span> <span class='ocrx_word' id='word_1_404' title='bbox 1332 5319 1547 5388; x_wconf 77' lang='grc' dir='ltr'><strong>Ἐπειδὴ</strong></span> <span class='ocrx_word' id='word_1_405' title='bbox 1583 5321 1688 5390; x_wconf 78' lang='grc' dir='ltr'><strong>γάρ</strong></span> <span class='ocrx_word' id='word_1_406' title='bbox 1724 5323 1821 5374; x_wconf 81' lang='grc' dir='ltr'><strong>οὑκ</strong></span> <span class='ocrx_word' id='word_1_407' title='bbox 1853 5324 1929 5375; x_wconf 82' lang='grc' dir='ltr'><strong>ένι</strong></span> <span class='ocrx_word' id='word_1_408' title='bbox 1964 5327 2056 5378; x_wconf 80' lang='grc' dir='ltr'><strong>ἄν·</strong></span> 
     </span>
    </p>
   </div>
   <div class='ocr_carea' id='block_1_56' title="bbox 485 5407 2052 5480">
    <p class='ocr_par' dir='ltr' id='par_1_56' title="bbox 485 5407 2052 5480">
     <span class='ocr_line' id='line_1_56' title="bbox 485 5407 2052 5480; baseline 0.006 -21"><span class='ocrx_word' id='word_1_409' title='bbox 485 5407 700 5476; x_wconf 86' lang='grc' dir='ltr'><strong>θρωπον</strong></span> <span class='ocrx_word' id='word_1_410' title='bbox 731 5408 859 5458; x_wconf 81' lang='grc' dir='ltr'><strong>δντα</strong></span> <span class='ocrx_word' id='word_1_411' title='bbox 884 5410 948 5476; x_wconf 78' lang='grc' dir='ltr'><strong>τῇ</strong></span> <span class='ocrx_word' id='word_1_412' title='bbox 980 5408 1141 5477; x_wconf 79' lang='grc' dir='ltr'><strong>πείρᾳ</strong></span> <span class='ocrx_word' id='word_1_413' title='bbox 1175 5408 1398 5471; x_wconf 77' lang='grc' dir='ltr'><strong>πολλοὺς</strong></span> <span class='ocrx_word' id='word_1_414' title='bbox 1438 5409 1700 5473; x_wconf 84' lang='grc' dir='ltr'><strong>θανάτους</strong></span> <span class='ocrx_word' id='word_1_415' title='bbox 1743 5413 2052 5480; x_wconf 81' lang='grc' dir='ltr'><strong>ἀποθανεῖν,</strong></span> 
     </span>
    </p>
   </div>
   <div class='ocr_carea' id='block_1_57' title="bbox 484 5498 2055 5572">
    <p class='ocr_par' dir='ltr' id='par_1_57' title="bbox 484 5498 2055 5572">
     <span class='ocr_line' id='line_1_57' title="bbox 484 5498 2055 5572; baseline 0.008 -22"><span class='ocrx_word' id='word_1_416' title='bbox 484 5501 550 5569; x_wconf 79' lang='grc' dir='ltr'><strong>τῇ</strong></span> <span class='ocrx_word' id='word_1_417' title='bbox 575 5498 767 5571; x_wconf 80' lang='grc' dir='ltr'><strong>γνώμῃ</strong></span> <span class='ocrx_word' id='word_1_418' title='bbox 791 5499 947 5551; x_wconf 82' lang='grc' dir='ltr'><strong>τοῦτο</strong></span> <span class='ocrx_word' id='word_1_419' title='bbox 973 5499 1295 5568; x_wconf 81' lang='grc' dir='ltr'><strong>πεποίηκας.</strong></span> <span class='ocrx_word' id='word_1_420' title='bbox 1336 5500 1444 5555; x_wconf 76' lang='grc' dir='ltr'><strong>Καὶ</strong></span> <span class='ocrx_word' id='word_1_421' title='bbox 1482 5502 1541 5552; x_wconf 82' lang='grc' dir='ltr'><strong>τὸ</strong></span> <span class='ocrx_word' id='word_1_422' title='bbox 1573 5501 1636 5571; x_wconf 78' lang='grc' dir='ltr'><strong>δὴ</strong></span> <span class='ocrx_word' id='word_1_423' title='bbox 1674 5503 1949 5572; x_wconf 77' lang='grc' dir='ltr'><strong>μέγιστον,</strong></span> <span class='ocrx_word' id='word_1_424' title='bbox 1988 5510 2055 5562; x_wconf 83' lang='grc' dir='ltr'><strong>τὰ</strong></span> 
     </span>
    </p>
   </div>
   <div class='ocr_carea' id='block_1_58' title="bbox 543 5610 1450 5669">
    <p class='ocr_par' dir='ltr' id='par_1_58' title="bbox 543 5610 1450 5669">
     <span class='ocr_line' id='line_1_58' title="bbox 543 5610 1450 5669; baseline 0.008 -16"><span class='ocrx_word' id='word_1_425' title='bbox 543 5613 567 5638; x_wconf 81' lang='grc'><strong>⁴³</strong></span> <span class='ocrx_word' id='word_1_426' title='bbox 597 5610 701 5658; x_wconf 82' lang='lat' dir='ltr'><strong>Duo</strong></span> <span class='ocrx_word' id='word_1_427' title='bbox 717 5624 830 5657; x_wconf 68' lang='lat' dir='ltr'><strong>mss.</strong></span> <span class='ocrx_word' id='word_1_428' title='bbox 854 5612 947 5656; x_wconf 81' lang='grc' dir='ltr'><strong>τῶν</strong></span> <span class='ocrx_word' id='word_1_429' title='bbox 969 5611 1161 5669; x_wconf 83' lang='grc' dir='ltr'><strong>ἀγώνων</strong></span> <span class='ocrx_word' id='word_1_430' title='bbox 1185 5613 1450 5666; x_wconf 70' lang='grc' dir='ltr'><strong>διελθόντες.</strong></span> 
     </span>
    </p>
   </div>
   <div class='ocr_carea' id='block_1_59' title="bbox 543 5669 1958 5741">
    <p class='ocr_par' dir='ltr' id='par_1_59' title="bbox 543 5669 1958 5741">
     <span class='ocr_line' id='line_1_59' title="bbox 543 5669 1958 5741; baseline 0.006 -26"><span class='ocrx_word' id='word_1_431' title='bbox 543 5670 570 5741; x_wconf 56' lang='grc' dir='ltr'><strong>ξ</strong></span> <span class='ocrx_word' id='word_1_432' title='bbox 595 5669 722 5741; x_wconf 54' lang='lat' dir='ltr'><strong>[dem</strong></span> <span class='ocrx_word' id='word_1_433' title='bbox 746 5673 990 5741; x_wconf 71' lang='grc' dir='ltr'><strong>θαυμάζειν</strong></span> <span class='ocrx_word' id='word_1_434' title='bbox 1014 5674 1095 5726; x_wconf 84' lang='grc' dir='ltr'><strong>τήν</strong></span> <span class='ocrx_word' id='word_1_435' title='bbox 1117 5673 1249 5741; x_wconf 57' lang='grc' dir='ltr'><strong>ἰσχύν</strong></span> <span class='ocrx_word' id='word_1_436' title='bbox 1271 5676 1364 5741; x_wconf 74' lang='grc' dir='ltr'><strong>τῷν</strong></span> <span class='ocrx_word' id='word_1_437' title='bbox 1393 5675 1640 5741; x_wconf 58' lang='grc' dir='ltr'><strong>μετιόντων</strong></span> <span class='ocrx_word' id='word_1_438' title='bbox 1774 5679 1958 5741; x_wconf 75' lang='grc' dir='ltr'><strong>ἀρετήν,</strong></span> 
     </span>
    </p>
   </div>
   <div class='ocr_carea' id='block_1_60' title="bbox 548 5733 2054 5800">
    <p class='ocr_par' dir='ltr' id='par_1_60' title="bbox 548 5733 2054 5800">
     <span class='ocr_line' id='line_1_60' title="bbox 548 5733 2054 5800; baseline 0.012 -25"><span class='ocrx_word' id='word_1_439' title='bbox 548 5733 571 5800; x_wconf 61' lang='grc' dir='ltr'>ξ</span> <span class='ocrx_word' id='word_1_440' title='bbox 610 5733 712 5800; x_wconf 14' lang='grc' dir='ltr'><strong>υὲιιο</strong></span> <span class='ocrx_word' id='word_1_441' title='bbox 732 5746 844 5779; x_wconf 72' lang='lat' dir='ltr'><strong>mss.</strong></span> <span class='ocrx_word' id='word_1_442' title='bbox 871 5734 1079 5800; x_wconf 75' lang='grc' dir='ltr'><strong>τέρματα</strong></span> <span class='ocrx_word' id='word_1_443' title='bbox 1115 5736 1348 5793; x_wconf 75' lang='grc' dir='ltr'><strong>κατέμαθε</strong></span> <span class='ocrx_word' id='word_1_444' title='bbox 1389 5733 1488 5800; x_wconf 78' lang='grc' dir='ltr'><strong>τῆς.</strong></span> <span class='ocrx_word' id='word_1_445' title='bbox 1518 5735 1642 5785; x_wconf 73' lang='lat' dir='ltr'><strong>Infra</strong></span> <span class='ocrx_word' id='word_1_446' title='bbox 1669 5733 1818 5786; x_wconf 70' lang='lat' dir='ltr'><strong>iideni</strong></span> <span class='ocrx_word' id='word_1_447' title='bbox 1837 5733 1914 5788; x_wconf 73' lang='grc' dir='ltr'><strong>καί</strong></span> <span class='ocrx_word' id='word_1_448' title='bbox 1947 5746 2054 5800; x_wconf 84' lang='grc' dir='ltr'><strong>τοὺς</strong></span> 
     </span>
    </p>
   </div>
   <div class='ocr_carea' id='block_1_61' title="bbox 479 5791 1896 5863">
    <p class='ocr_par' dir='ltr' id='par_1_61' title="bbox 479 5791 1896 5863">
     <span class='ocr_line' id='line_1_61' title="bbox 479 5791 1896 5863; baseline 0.006 -22"><span class='ocrx_word' id='word_1_449' title='bbox 479 5791 576 5844; x_wconf 59' lang='grc' dir='ltr'><strong>ἀπὸ</strong></span> <span class='ocrx_word' id='word_1_450' title='bbox 611 5798 690 5848; x_wconf 76' lang='grc' dir='ltr'><strong>τῆς</strong></span> <span class='ocrx_word' id='word_1_451' title='bbox 712 5791 1131 5854; x_wconf 67' lang='grc' dir='ltr'><strong>ταπεινοφροσύνης</strong></span> <span class='ocrx_word' id='word_1_452' title='bbox 1157 5791 1304 5860; x_wconf 77' lang='grc' dir='ltr'><strong>σαυτῇ</strong></span> <span class='ocrx_word' id='word_1_453' title='bbox 1335 5791 1607 5860; x_wconf 74' lang='grc' dir='ltr'><strong>περιέθηκας</strong></span> <span class='ocrx_word' id='word_1_454' title='bbox 1629 5801 1896 5863; x_wconf 75' lang='grc' dir='ltr'><strong>στεφάνους.</strong></span> 
     </span>
    </p>
   </div>
   <div class='ocr_carea' id='block_1_62' title="bbox 1183 380 3049 453">
    <p class='ocr_par' dir='ltr' id='par_1_62' title="bbox 1183 380 3049 453">
     <span class='ocr_line' id='line_1_62' title="bbox 1183 380 3049 453; baseline -0.008 0"><span class='ocrx_word' id='word_1_455' title='bbox 1183 395 1242 453; x_wconf 86' lang='lat' dir='ltr'><strong>S.</strong></span> <span class='ocrx_word' id='word_1_456' title='bbox 1283 388 1565 452; x_wconf 71' lang='lat' dir='ltr'><strong>JOANNIS</strong></span> <span class='ocrx_word' id='word_1_457' title='bbox 1601 385 2101 447; x_wconf 75' lang='lat' dir='ltr'><strong>CHRYSOSTOIII</strong></span> <span class='ocrx_word' id='word_1_458' title='bbox 2140 383 2458 441; x_wconf 78' lang='lat' dir='ltr'><strong>ARCHIEP.</strong></span> <span class='ocrx_word' id='word_1_459' title='bbox 2498 380 3049 440; x_wconf 78' lang='lat' dir='ltr'><strong>CONSTANTINOP.</strong></span> 
     </span>
    </p>
   </div>
   <div class='ocr_carea' id='block_1_63' title="bbox 3656 385 3775 444">
    <p class='ocr_par' dir='ltr' id='par_1_63' title="bbox 3656 385 3775 444">
     <span class='ocr_line' id='line_1_63' title="bbox 3656 385 3775 444; baseline 0.017 -1"><span class='ocrx_word' id='word_1_460' title='bbox 3656 385 3775 444; x_wconf 77' lang='grc'><strong>603</strong></span> 
     </span>
    </p>
   </div>
   <div class='ocr_carea' id='block_1_64' title="bbox 2192 496 3772 569">
    <p class='ocr_par' dir='ltr' id='par_1_64' title="bbox 2192 496 3772 569">
     <span class='ocr_line' id='line_1_64' title="bbox 2192 496 3772 569; baseline 0.003 -17"><span class='ocrx_word' id='word_1_461' title='bbox 2192 499 2293 569; x_wconf 88' lang='grc' dir='ltr'><strong>μέν</strong></span> <span class='ocrx_word' id='word_1_462' title='bbox 2326 497 2639 568; x_wconf 81' lang='grc' dir='ltr'><strong>πάσχουσα,</strong></span> <span class='ocrx_word' id='word_1_463' title='bbox 2679 498 2748 552; x_wconf 87' lang='grc' dir='ltr'><strong>τά</strong></span> <span class='ocrx_word' id='word_1_464' title='bbox 2793 498 2848 552; x_wconf 76' lang='grc' dir='ltr'><strong>δέ</strong></span> <span class='ocrx_word' id='word_1_465' title='bbox 2901 497 3192 552; x_wconf 87' lang='grc' dir='ltr'><strong>πείσεσθαι</strong></span> <span class='ocrx_word' id='word_1_466' title='bbox 3228 496 3619 568; x_wconf 78' lang='grc' dir='ltr'><strong>προσδοκῶσα,</strong></span> <span class='ocrx_word' id='word_1_467' title='bbox 3663 501 3772 556; x_wconf 75' lang='grc' dir='ltr'><strong>οὐκ</strong></span> 
     </span>
    </p>
   </div>
   <div class='ocr_carea' id='block_1_65' title="bbox 2183 586 3772 664">
    <p class='ocr_par' dir='ltr' id='par_1_65' title="bbox 2183 586 3772 664">
     <span class='ocr_line' id='line_1_65' title="bbox 2183 586 3772 664; baseline 0.003 -23"><span class='ocrx_word' id='word_1_468' title='bbox 2183 603 2406 642; x_wconf 89' lang='grc' dir='ltr'><strong>επαυσω</strong></span> <span class='ocrx_word' id='word_1_469' title='bbox 2449 589 2528 659; x_wconf 83' lang='grc' dir='ltr'><strong>τῷ</strong></span> <span class='ocrx_word' id='word_1_470' title='bbox 2579 588 2948 660; x_wconf 85' lang='grc' dir='ltr'><strong>συγχωροῦντι</strong></span> <span class='ocrx_word' id='word_1_471' title='bbox 2995 587 3116 658; x_wconf 87' lang='grc' dir='ltr'><strong>Θεῷ</strong></span> <span class='ocrx_word' id='word_1_472' title='bbox 3165 586 3341 641; x_wconf 81' lang='grc' dir='ltr'><strong>ταῦτα</strong></span> <span class='ocrx_word' id='word_1_473' title='bbox 3380 587 3625 656; x_wconf 88' lang='grc' dir='ltr'><strong>γίνεσθαι</strong></span> <span class='ocrx_word' id='word_1_474' title='bbox 3664 590 3772 664; x_wconf 80' lang='grc' dir='ltr'><strong>τὴν</strong></span> 
     </span>
    </p>
   </div>
   <div class='ocr_carea' id='block_1_66' title="bbox 2183 681 3770 755">
    <p class='ocr_par' dir='ltr' id='par_1_66' title="bbox 2183 681 3770 755">
     <span class='ocr_line' id='line_1_66' title="bbox 2183 681 3770 755; baseline 0.001 -21"><span class='ocrx_word' id='word_1_475' title='bbox 2183 681 2324 753; x_wconf 78' lang='grc' dir='ltr'><strong>ὑπὲρ</strong></span> <span class='ocrx_word' id='word_1_476' title='bbox 2344 681 2526 734; x_wconf 70' lang='grc' dir='ltr'><strong>αὐτῶν</strong></span> <span class='ocrx_word' id='word_1_477' title='bbox 2558 682 2907 754; x_wconf 82' lang='grc' dir='ltr'><strong>ἀναφέρουσα</strong></span> <span class='ocrx_word' id='word_1_478' title='bbox 2941 681 3268 748; x_wconf 81' lang='grc' dir='ltr'><strong>δοξολογίαν,</strong></span> <span class='ocrx_word' id='word_1_479' title='bbox 3299 682 3392 735; x_wconf 77' lang='grc' dir='ltr'><strong>καὶ</strong></span> <span class='ocrx_word' id='word_1_480' title='bbox 3424 683 3647 753; x_wconf 88' lang='grc' dir='ltr'><strong>καιρίαν</strong></span> <span class='ocrx_word' id='word_1_481' title='bbox 3684 683 3770 755; x_wconf 79' lang='grc' dir='ltr'><strong>τῷ</strong></span> 
     </span>
    </p>
   </div>
   <div class='ocr_carea' id='block_1_67' title="bbox 2179 771 3768 845">
    <p class='ocr_par' dir='ltr' id='par_1_67' title="bbox 2179 771 3768 845">
     <span class='ocr_line' id='line_1_67' title="bbox 2179 771 3768 845; baseline 0.001 -20"><span class='ocrx_word' id='word_1_482' title='bbox 2179 771 2410 844; x_wconf 82' lang='grc' dir='ltr'><strong>διαϐόλῳ</strong></span> <span class='ocrx_word' id='word_1_483' title='bbox 2449 772 2668 828; x_wconf 82' lang='grc' dir='ltr'><strong>διδοῦσα</strong></span> <span class='ocrx_word' id='word_1_484' title='bbox 2703 773 2937 845; x_wconf 83' lang='grc' dir='ltr'><strong>πληγήν.</strong></span> <span class='ocrx_word' id='word_1_485' title='bbox 2966 773 3091 828; x_wconf 79' lang='grc' dir='ltr'><strong>Ὀτι</strong></span> <span class='ocrx_word' id='word_1_486' title='bbox 3123 772 3231 843; x_wconf 85' lang='grc' dir='ltr'><strong>γάρ</strong></span> <span class='ocrx_word' id='word_1_487' title='bbox 3260 773 3354 825; x_wconf 80' lang='grc' dir='ltr'><strong>καὶ</strong></span> <span class='ocrx_word' id='word_1_488' title='bbox 3395 774 3617 845; x_wconf 88' lang='grc' dir='ltr'><strong>καιρίαν</strong></span> <span class='ocrx_word' id='word_1_489' title='bbox 3646 774 3768 827; x_wconf 86' lang='grc' dir='ltr'><strong>ἐδέ-</strong></span> 
     </span>
    </p>
   </div>
   <div class='ocr_carea' id='block_1_68' title="bbox 2177 857 3767 935">
    <p class='ocr_par' dir='ltr' id='par_1_68' title="bbox 2177 857 3767 935">
     <span class='ocr_line' id='line_1_68' title="bbox 2177 857 3767 935; baseline 0.001 -18"><span class='ocrx_word' id='word_1_490' title='bbox 2177 862 2329 931; x_wconf 75' lang='grc' dir='ltr'><strong>ξατο,</strong></span> <span class='ocrx_word' id='word_1_491' title='bbox 2362 863 2530 930; x_wconf 62' lang='grc' dir='ltr'><strong>ἔδειξε</strong></span> <span class='ocrx_word' id='word_1_492' title='bbox 2563 864 2630 918; x_wconf 86' lang='grc' dir='ltr'><strong>δι’</strong></span> <span class='ocrx_word' id='word_1_493' title='bbox 2657 857 2733 919; x_wconf 78' lang='grc' dir='ltr'><strong>ὧν</strong></span> <span class='ocrx_word' id='word_1_494' title='bbox 2769 864 3030 935; x_wconf 76' lang='grc' dir='ltr'><strong>μειζόνως</strong></span> <span class='ocrx_word' id='word_1_495' title='bbox 3063 863 3304 935; x_wconf 88' lang='grc' dir='ltr'><strong>προσιὼν</strong></span> <span class='ocrx_word' id='word_1_496' title='bbox 3341 863 3645 928; x_wconf 74' lang='grc' dir='ltr'><strong>ὠπλίζετο’</strong></span> <span class='ocrx_word' id='word_1_497' title='bbox 3682 864 3767 918; x_wconf 81' lang='grc' dir='ltr'><strong>δ.δ</strong></span> 
     </span>
    </p>
   </div>
   <div class='ocr_carea' id='block_1_69' title="bbox 2180 951 3762 1024">
    <p class='ocr_par' dir='ltr' id='par_1_69' title="bbox 2180 951 3762 1024">
     <span class='ocr_line' id='line_1_69' title="bbox 2180 951 3762 1024; baseline 0.001 -19"><span class='ocrx_word' id='word_1_498' title='bbox 2180 953 2277 1006; x_wconf 72' lang='grc' dir='ltr'><strong>καὶ</strong></span> <span class='ocrx_word' id='word_1_499' title='bbox 2322 951 2680 1024; x_wconf 80' lang='grc' dir='ltr'><strong>χαλεπώτερα</strong></span> <span class='ocrx_word' id='word_1_500' title='bbox 2737 952 2807 1006; x_wconf 89' lang='grc' dir='ltr'><strong>τά</strong></span> <span class='ocrx_word' id='word_1_501' title='bbox 2850 952 3052 1024; x_wconf 75' lang='grc' dir='ltr'><strong>ὕστερα</strong></span> <span class='ocrx_word' id='word_1_502' title='bbox 3096 952 3207 1005; x_wconf 83' lang='grc' dir='ltr'><strong>τῶν</strong></span> <span class='ocrx_word' id='word_1_503' title='bbox 3265 953 3500 1023; x_wconf 85' lang='grc' dir='ltr'><strong>πρώτων</strong></span> <span class='ocrx_word' id='word_1_504' title='bbox 3545 953 3762 1022; x_wconf 88' lang='grc' dir='ltr'><strong>γέγονε.</strong></span> 
     </span>
    </p>
   </div>
   <div class='ocr_carea' id='block_1_70' title="bbox 2179 1042 3767 1128">
    <p class='ocr_par' dir='ltr' id='par_1_70' title="bbox 2179 1042 3767 1128">
     <span class='ocr_line' id='line_1_70' title="bbox 2179 1042 3767 1128; baseline -0.002 -32"><span class='ocrx_word' id='word_1_505' title='bbox 2179 1042 2449 1128; x_wconf 70' lang='grc' dir='ltr'><strong>Καθάπερ</strong></span> <span class='ocrx_word' id='word_1_506' title='bbox 2474 1043 2583 1115; x_wconf 88' lang='grc' dir='ltr'><strong>γάρ</strong></span> <span class='ocrx_word' id='word_1_507' title='bbox 2611 1043 2871 1114; x_wconf 85' lang='grc' dir='ltr'><strong>σκορπίος</strong></span> <span class='ocrx_word' id='word_1_508' title='bbox 2900 1043 2933 1114; x_wconf 77' lang='grc' dir='ltr'>ἢ</span> <span class='ocrx_word' id='word_1_509' title='bbox 2961 1043 3105 1113; x_wconf 70' lang='grc' dir='ltr'><strong>ὄφις,</strong></span> <span class='ocrx_word' id='word_1_510' title='bbox 3127 1043 3258 1097; x_wconf 84' lang='grc' dir='ltr'><strong>ὅταν</strong></span> <span class='ocrx_word' id='word_1_511' title='bbox 3289 1043 3596 1114; x_wconf 76' lang='grc' dir='ltr'><strong>βαθυτέραν</strong></span> <span class='ocrx_word' id='word_1_512' title='bbox 3621 1043 3767 1116; x_wconf 72' lang='grc' dir='ltr'><strong>λάϐῃ</strong></span> 
     </span>
    </p>
   </div>
   <div class='ocr_carea' id='block_1_71' title="bbox 2180 1133 3764 1207">
    <p class='ocr_par' dir='ltr' id='par_1_71' title="bbox 2180 1133 3764 1207">
     <span class='ocr_line' id='line_1_71' title="bbox 2180 1133 3764 1207; baseline 0 -20"><span class='ocrx_word' id='word_1_513' title='bbox 2180 1135 2416 1207; x_wconf 81' lang='grc' dir='ltr'><strong>πληγὴν,</strong></span> <span class='ocrx_word' id='word_1_514' title='bbox 2457 1135 2716 1207; x_wconf 81' lang='grc' dir='ltr'><strong>μειζόνως</strong></span> <span class='ocrx_word' id='word_1_515' title='bbox 2762 1136 2824 1189; x_wconf 84' lang='grc' dir='ltr'><strong>τὸ</strong></span> <span class='ocrx_word' id='word_1_516' title='bbox 2869 1137 3094 1204; x_wconf 87' lang='grc' dir='ltr'><strong>κέντρον</strong></span> <span class='ocrx_word' id='word_1_517' title='bbox 3129 1137 3270 1206; x_wconf 82' lang='grc' dir='ltr'><strong>άρας</strong></span> <span class='ocrx_word' id='word_1_518' title='bbox 3315 1137 3459 1188; x_wconf 84' lang='grc' dir='ltr'><strong>κατά</strong></span> <span class='ocrx_word' id='word_1_519' title='bbox 3488 1133 3584 1188; x_wconf 80' lang='grc' dir='ltr'><strong>τοῦ</strong></span> <span class='ocrx_word' id='word_1_520' title='bbox 3618 1135 3764 1206; x_wconf 76' lang='grc' dir='ltr'><strong>πλή-</strong></span> 
     </span>
    </p>
   </div>
   <div class='ocr_carea' id='block_1_72' title="bbox 2180 1225 3766 1299">
    <p class='ocr_par' dir='ltr' id='par_1_72' title="bbox 2180 1225 3766 1299">
     <span class='ocr_line' id='line_1_72' title="bbox 2180 1225 3766 1299; baseline 0.002 -20"><span class='ocrx_word' id='word_1_521' title='bbox 2180 1225 2366 1292; x_wconf 82' lang='grc' dir='ltr'><strong>ξαντος</strong></span> <span class='ocrx_word' id='word_1_522' title='bbox 2386 1226 2748 1292; x_wconf 72' lang='grc' dir='ltr'><strong>ἐξανίσταται,</strong></span> <span class='ocrx_word' id='word_1_523' title='bbox 2784 1229 2882 1299; x_wconf 89' lang='grc' dir='ltr'><strong>τῆς</strong></span> <span class='ocrx_word' id='word_1_524' title='bbox 2923 1227 3122 1299; x_wconf 81' lang='grc' dir='ltr'><strong>πολλῆς</strong></span> <span class='ocrx_word' id='word_1_525' title='bbox 3161 1229 3452 1299; x_wconf 87' lang='grc' dir='ltr'><strong>ἀλγηδόνος</strong></span> <span class='ocrx_word' id='word_1_526' title='bbox 3484 1227 3766 1293; x_wconf 78' lang='grc' dir='ltr'><strong>ἀπόδειξιν</strong></span> 
     </span>
    </p>
   </div>
   <div class='ocr_carea' id='block_1_73' title="bbox 2180 1321 3760 1395">
    <p class='ocr_par' dir='ltr' id='par_1_73' title="bbox 2180 1321 3760 1395">
     <span class='ocr_line' id='line_1_73' title="bbox 2180 1321 3760 1395; baseline 0.001 -23"><span class='ocrx_word' id='word_1_527' title='bbox 2180 1321 2438 1390; x_wconf 86' lang='grc' dir='ltr'><strong>παρέχων</strong></span> <span class='ocrx_word' id='word_1_528' title='bbox 2490 1323 2591 1393; x_wconf 70' lang='grc' dir='ltr'><strong>τὴν</strong></span> <span class='ocrx_word' id='word_1_529' title='bbox 2639 1321 2904 1395; x_wconf 78' lang='grc' dir='ltr'><strong>ραγδαίαν</strong></span> <span class='ocrx_word' id='word_1_530' title='bbox 2945 1322 3084 1375; x_wconf 88' lang='grc' dir='ltr'><strong>κατά</strong></span> <span class='ocrx_word' id='word_1_531' title='bbox 3119 1321 3213 1374; x_wconf 83' lang='grc' dir='ltr'><strong>τοῦ</strong></span> <span class='ocrx_word' id='word_1_532' title='bbox 3252 1323 3505 1384; x_wconf 88' lang='grc' dir='ltr'><strong>παίοντος</strong></span> <span class='ocrx_word' id='word_1_533' title='bbox 3540 1321 3760 1393; x_wconf 78' lang='grc' dir='ltr'><strong>ῥύμην·</strong></span> 
     </span>
    </p>
   </div>
   <div class='ocr_carea' id='block_1_74' title="bbox 2177 1412 3766 1487">
    <p class='ocr_par' dir='ltr' id='par_1_74' title="bbox 2177 1412 3766 1487">
     <span class='ocr_line' id='line_1_74' title="bbox 2177 1412 3766 1487; baseline 0.003 -22"><span class='ocrx_word' id='word_1_534' title='bbox 2177 1412 2320 1466; x_wconf 83' lang='grc' dir='ltr'><strong>οὑτω</strong></span> <span class='ocrx_word' id='word_1_535' title='bbox 2365 1413 2430 1486; x_wconf 79' lang='grc' dir='ltr'><strong>δὴ</strong></span> <span class='ocrx_word' id='word_1_536' title='bbox 2463 1417 2557 1470; x_wconf 84' lang='grc' dir='ltr'><strong>καὶ</strong></span> <span class='ocrx_word' id='word_1_537' title='bbox 2600 1415 2662 1468; x_wconf 80' lang='grc' dir='ltr'><strong>τὸ</strong></span> <span class='ocrx_word' id='word_1_538' title='bbox 2703 1416 3059 1486; x_wconf 84' lang='grc' dir='ltr'><strong>ἀναίσχυντον</strong></span> <span class='ocrx_word' id='word_1_539' title='bbox 3089 1415 3276 1486; x_wconf 83' lang='grc' dir='ltr'><strong>θηρίον</strong></span> <span class='ocrx_word' id='word_1_540' title='bbox 3328 1415 3524 1480; x_wconf 79' lang='grc' dir='ltr'><strong>ἐκεῖνο,</strong></span> <span class='ocrx_word' id='word_1_541' title='bbox 3567 1415 3766 1487; x_wconf 75' lang='grc' dir='ltr'><strong>ἐπειδὴ</strong></span> 
     </span>
    </p>
   </div>
   <div class='ocr_carea' id='block_1_75' title="bbox 2176 1503 3763 1577">
    <p class='ocr_par' dir='ltr' id='par_1_75' title="bbox 2176 1503 3763 1577">
     <span class='ocr_line' id='line_1_75' title="bbox 2176 1503 3763 1577; baseline 0.002 -21"><span class='ocrx_word' id='word_1_542' title='bbox 2176 1503 2247 1557; x_wconf 77' lang='grc' dir='ltr'><strong>τά</strong></span> <span class='ocrx_word' id='word_1_543' title='bbox 2270 1505 2563 1577; x_wconf 88' lang='grc' dir='ltr'><strong>τραύματα</strong></span> <span class='ocrx_word' id='word_1_544' title='bbox 2588 1507 2671 1570; x_wconf 87' lang='grc' dir='ltr'><strong>εἰς</strong></span> <span class='ocrx_word' id='word_1_545' title='bbox 2703 1506 2864 1577; x_wconf 87' lang='grc' dir='ltr'><strong>βάθος</strong></span> <span class='ocrx_word' id='word_1_546' title='bbox 2889 1506 3106 1573; x_wconf 75' lang='grc' dir='ltr'><strong>ἐδέξατο</strong></span> <span class='ocrx_word' id='word_1_547' title='bbox 3133 1507 3283 1577; x_wconf 79' lang='grc' dir='ltr'><strong>παρά</strong></span> <span class='ocrx_word' id='word_1_548' title='bbox 3316 1505 3416 1576; x_wconf 91' lang='grc' dir='ltr'><strong>τῆς</strong></span> <span class='ocrx_word' id='word_1_549' title='bbox 3447 1505 3763 1577; x_wconf 83' lang='grc' dir='ltr'><strong>θαυμασίας</strong></span> 
     </span>
    </p>
   </div>
   <div class='ocr_carea' id='block_1_76' title="bbox 2178 1597 3764 1669">
    <p class='ocr_par' dir='ltr' id='par_1_76' title="bbox 2178 1597 3764 1669">
     <span class='ocr_line' id='line_1_76' title="bbox 2178 1597 3764 1669; baseline 0.003 -21"><span class='ocrx_word' id='word_1_550' title='bbox 2178 1613 2272 1649; x_wconf 89' lang='grc' dir='ltr'><strong>σου</strong></span> <span class='ocrx_word' id='word_1_551' title='bbox 2321 1597 2416 1652; x_wconf 75' lang='grc' dir='ltr'><strong>καὶ</strong></span> <span class='ocrx_word' id='word_1_552' title='bbox 2464 1597 2676 1669; x_wconf 68' lang='grc' dir='ltr'><strong>ὑψηλῆς</strong></span> <span class='ocrx_word' id='word_1_553' title='bbox 2727 1597 2940 1668; x_wconf 79' lang='grc' dir='ltr'><strong>ψυχῆς,</strong></span> <span class='ocrx_word' id='word_1_554' title='bbox 2977 1597 3239 1668; x_wconf 79' lang='grc' dir='ltr'><strong>μειζόνως</strong></span> <span class='ocrx_word' id='word_1_555' title='bbox 3291 1598 3623 1669; x_wconf 74' lang='grc' dir='ltr'><strong>ἐπεπήδησε,</strong></span> <span class='ocrx_word' id='word_1_556' title='bbox 3662 1600 3764 1655; x_wconf 79' lang='grc' dir='ltr'><strong>καὶ</strong></span> 
     </span>
    </p>
   </div>
   <div class='ocr_carea' id='block_1_77' title="bbox 2176 1683 3763 1760">
    <p class='ocr_par' dir='ltr' id='par_1_77' title="bbox 2176 1683 3763 1760">
     <span class='ocr_line' id='line_1_77' title="bbox 2176 1683 3763 1760; baseline 0.003 -23"><span class='ocrx_word' id='word_1_557' title='bbox 2176 1683 2395 1746; x_wconf 90' lang='grc' dir='ltr'><strong>πλείους</strong></span> <span class='ocrx_word' id='word_1_558' title='bbox 2440 1685 2689 1757; x_wconf 75' lang='grc' dir='ltr'><strong>ἐπήγαγε</strong></span> <span class='ocrx_word' id='word_1_559' title='bbox 2740 1685 3102 1756; x_wconf 89' lang='grc' dir='ltr'><strong>πειρασμούς.</strong></span> <span class='ocrx_word' id='word_1_560' title='bbox 3165 1687 3440 1756; x_wconf 79' lang='grc' dir='ltr'><strong>Ἐπήγαγε</strong></span> <span class='ocrx_word' id='word_1_561' title='bbox 3508 1687 3610 1757; x_wconf 86' lang='grc' dir='ltr'><strong>μέν</strong></span> <span class='ocrx_word' id='word_1_562' title='bbox 3647 1688 3763 1760; x_wconf 84' lang='grc' dir='ltr'><strong>γάρ</strong></span> 
     </span>
    </p>
   </div>
   <div class='ocr_carea' id='block_1_78' title="bbox 2175 1775 3762 1848">
    <p class='ocr_par' dir='ltr' id='par_1_78' title="bbox 2175 1775 3762 1848">
     <span class='ocr_line' id='line_1_78' title="bbox 2175 1775 3762 1848; baseline 0.003 -20"><span class='ocrx_word' id='word_1_563' title='bbox 2175 1777 2402 1839; x_wconf 81' lang='grc' dir='ltr'><strong>ἐκεῖνος.</strong></span> <span class='ocrx_word' id='word_1_564' title='bbox 2434 1777 2533 1847; x_wconf 87' lang='grc' dir='ltr'><strong>οὑχ</strong></span> <span class='ocrx_word' id='word_1_565' title='bbox 2562 1777 2591 1829; x_wconf 97' lang='lat'><em>6</em></span> <span class='ocrx_word' id='word_1_566' title='bbox 2623 1775 2782 1840; x_wconf 76' lang='grc' dir='ltr'><strong>θεός·</strong></span> <span class='ocrx_word' id='word_1_567' title='bbox 2829 1777 3176 1848; x_wconf 83' lang='grc' dir='ltr'><strong>συνεχώρησε</strong></span> <span class='ocrx_word' id='word_1_568' title='bbox 3209 1778 3265 1830; x_wconf 88' lang='grc' dir='ltr'><strong>δὲ</strong></span> <span class='ocrx_word' id='word_1_569' title='bbox 3309 1780 3338 1831; x_wconf 90' lang='lat'><em>6</em></span> <span class='ocrx_word' id='word_1_570' title='bbox 3375 1779 3530 1843; x_wconf 84' lang='grc' dir='ltr'><strong>Θεὸς,</strong></span> <span class='ocrx_word' id='word_1_571' title='bbox 3577 1779 3762 1846; x_wconf 79' lang='grc' dir='ltr'>αὔξων</span> 
     </span>
    </p>
   </div>
   <div class='ocr_carea' id='block_1_79' title="bbox 2176 1866 3761 1941">
    <p class='ocr_par' dir='ltr' id='par_1_79' title="bbox 2176 1866 3761 1941">
     <span class='ocr_line' id='line_1_79' title="bbox 2176 1866 3761 1941; baseline 0.004 -22"><span class='ocrx_word' id='word_1_572' title='bbox 2176 1881 2272 1920; x_wconf 89' lang='grc' dir='ltr'><strong>σου</strong></span> <span class='ocrx_word' id='word_1_573' title='bbox 2291 1866 2382 1920; x_wconf 84' lang='grc' dir='ltr'><strong>τὸν</strong></span> <span class='ocrx_word' id='word_1_574' title='bbox 2405 1867 2652 1931; x_wconf 86' lang='grc' dir='ltr'><strong>πλοῦτον,</strong></span> <span class='ocrx_word' id='word_1_575' title='bbox 2679 1868 2899 1938; x_wconf 83' lang='grc' dir='ltr'><strong>μείζονα</strong></span> <span class='ocrx_word' id='word_1_576' title='bbox 2922 1867 3090 1922; x_wconf 82' lang='grc' dir='ltr'><strong>ποιῶν</strong></span> <span class='ocrx_word' id='word_1_577' title='bbox 3105 1869 3204 1941; x_wconf 84' lang='grc' dir='ltr'><strong>τὴν</strong></span> <span class='ocrx_word' id='word_1_578' title='bbox 3220 1869 3509 1939; x_wconf 88' lang='grc' dir='ltr'><strong>ἐμπορίαν,</strong></span> <span class='ocrx_word' id='word_1_579' title='bbox 3535 1870 3761 1927; x_wconf 84' lang='grc' dir='ltr'><strong>πλείονα</strong></span> 
     </span>
    </p>
   </div>
   <div class='ocr_carea' id='block_1_80' title="bbox 2173 1957 3754 2034">
    <p class='ocr_par' dir='ltr' id='par_1_80' title="bbox 2173 1957 3754 2034">
     <span class='ocr_line' id='line_1_80' title="bbox 2173 1957 3754 2034; baseline 0.005 -22"><span class='ocrx_word' id='word_1_580' title='bbox 2173 1957 2232 2012; x_wconf 86' lang='grc' dir='ltr'><strong>δέ</strong></span> <span class='ocrx_word' id='word_1_581' title='bbox 2255 1959 2532 2031; x_wconf 79' lang='grc' dir='ltr'><strong>προξενῶν</strong></span> <span class='ocrx_word' id='word_1_582' title='bbox 2550 1960 2643 2014; x_wconf 80' lang='grc' dir='ltr'><strong>τὸν</strong></span> <span class='ocrx_word' id='word_1_583' title='bbox 2671 1960 2883 2032; x_wconf 87' lang='grc' dir='ltr'><strong>μισθὸν,</strong></span> <span class='ocrx_word' id='word_1_584' title='bbox 2912 1961 3302 2031; x_wconf 72' lang='grc' dir='ltr'><strong>δαψιλεστέραν</strong></span> <span class='ocrx_word' id='word_1_585' title='bbox 3333 1964 3432 2034; x_wconf 74' lang='grc' dir='ltr'><strong>τὴν</strong></span> <span class='ocrx_word' id='word_1_586' title='bbox 3459 1965 3754 2020; x_wconf 88' lang='grc' dir='ltr'><strong>ἀντίδοσιν.</strong></span> 
     </span>
    </p>
   </div>
   <div class='ocr_carea' id='block_1_81' title="bbox 2173 2052 3759 2130">
    <p class='ocr_par' dir='ltr' id='par_1_81' title="bbox 2173 2052 3759 2130">
     <span class='ocr_line' id='line_1_81' title="bbox 2173 2052 3759 2130; baseline 0.003 -24"><span class='ocrx_word' id='word_1_587' title='bbox 2173 2052 2266 2121; x_wconf 77' lang='grc' dir='ltr'><strong>Μὴ</strong></span> <span class='ocrx_word' id='word_1_588' title='bbox 2292 2052 2476 2106; x_wconf 83' lang='grc' dir='ltr'><strong>τοίνυν</strong></span> <span class='ocrx_word' id='word_1_589' title='bbox 2524 2052 2828 2124; x_wconf 76' lang='grc' dir='ltr'><strong>ταράττον,</strong></span> <span class='ocrx_word' id='word_1_590' title='bbox 2864 2054 3000 2123; x_wconf 84' lang='grc' dir='ltr'><strong>μηδὲ</strong></span> <span class='ocrx_word' id='word_1_591' title='bbox 3041 2054 3294 2125; x_wconf 82' lang='grc' dir='ltr'><strong>θορυϐοὖ.</strong></span> <span class='ocrx_word' id='word_1_592' title='bbox 3339 2055 3435 2119; x_wconf 88' lang='grc' dir='ltr'><strong>Τίς</strong></span> <span class='ocrx_word' id='word_1_593' title='bbox 3467 2057 3577 2130; x_wconf 88' lang='grc' dir='ltr'><strong>γάρ</strong></span> <span class='ocrx_word' id='word_1_594' title='bbox 3621 2073 3759 2111; x_wconf 83' lang='grc' dir='ltr'><strong>ποτε</strong></span> 
     </span>
    </p>
   </div>
   <div class='ocr_carea' id='block_1_82' title="bbox 2173 2139 3758 2214">
    <p class='ocr_par' dir='ltr' id='par_1_82' title="bbox 2173 2139 3758 2214">
     <span class='ocr_line' id='line_1_82' title="bbox 2173 2139 3758 2214; baseline 0.005 -22"><span class='ocrx_word' id='word_1_595' title='bbox 2173 2139 2348 2209; x_wconf 76' lang='grc' dir='ltr'><strong>ἔκαμε</strong></span> <span class='ocrx_word' id='word_1_596' title='bbox 2378 2141 2659 2206; x_wconf 84' lang='grc' dir='ltr'><strong>πλουτῶν;</strong></span> <span class='ocrx_word' id='word_1_597' title='bbox 2693 2141 2776 2204; x_wconf 91' lang='grc' dir='ltr'><strong>τίς</strong></span> <span class='ocrx_word' id='word_1_598' title='bbox 2813 2140 3080 2212; x_wconf 86' lang='grc' dir='ltr'><strong>συνεχύθη</strong></span> <span class='ocrx_word' id='word_1_599' title='bbox 3117 2143 3213 2195; x_wconf 79' lang='grc' dir='ltr'><strong>ἐπὶ</strong></span> <span class='ocrx_word' id='word_1_600' title='bbox 3238 2143 3337 2207; x_wconf 84' lang='grc' dir='ltr'><strong>τάς</strong></span> <span class='ocrx_word' id='word_1_601' title='bbox 3367 2144 3758 2214; x_wconf 66' lang='grc' dir='ltr'><strong>ύψηλοτάταςᾶ</strong></span> 
     </span>
    </p>
   </div>
   <div class='ocr_carea' id='block_1_83' title="bbox 2173 2226 3756 2304">
    <p class='ocr_par' dir='ltr' id='par_1_83' title="bbox 2173 2226 3756 2304">
     <span class='ocr_line' id='line_1_83' title="bbox 2173 2226 3756 2304; baseline 0.006 -22"><span class='ocrx_word' id='word_1_602' title='bbox 2173 2230 2470 2300; x_wconf 76' lang='grc' dir='ltr'><strong>ἐρχόμενος</strong></span> <span class='ocrx_word' id='word_1_603' title='bbox 2503 2226 2712 2302; x_wconf 84' lang='grc' dir='ltr'><strong>ἀρχάς;</strong></span> <span class='ocrx_word' id='word_1_604' title='bbox 2747 2232 2891 2285; x_wconf 84' lang='grc' dir='ltr'><strong>Εἰδέ</strong></span> <span class='ocrx_word' id='word_1_605' title='bbox 2912 2234 2962 2284; x_wconf 88' lang='grc' dir='ltr'><strong>οἰ</strong></span> <span class='ocrx_word' id='word_1_606' title='bbox 2993 2231 3062 2284; x_wconf 84' lang='grc' dir='ltr'><strong>τὰ</strong></span> <span class='ocrx_word' id='word_1_607' title='bbox 3085 2233 3400 2304; x_wconf 84' lang='grc' dir='ltr'><strong>ἀνθρώπινα</strong></span> <span class='ocrx_word' id='word_1_608' title='bbox 3426 2235 3600 2289; x_wconf 87' lang='grc' dir='ltr'><strong>ταῦτα</strong></span> <span class='ocrx_word' id='word_1_609' title='bbox 3629 2253 3756 2290; x_wconf 75' lang='grc' dir='ltr'><strong>συνο</strong></span> 
     </span>
    </p>
   </div>
   <div class='ocr_carea' id='block_1_84' title="bbox 2173 2321 3760 2397">
    <p class='ocr_par' dir='ltr' id='par_1_84' title="bbox 2173 2321 3760 2397">
     <span class='ocr_line' id='line_1_84' title="bbox 2173 2321 3760 2397; baseline 0.004 -23"><span class='ocrx_word' id='word_1_610' title='bbox 2173 2321 2426 2388; x_wconf 84' lang='grc' dir='ltr'><strong>άγοντες,</strong></span> <span class='ocrx_word' id='word_1_611' title='bbox 2466 2321 2535 2374; x_wconf 85' lang='grc' dir='ltr'><strong>τὰ</strong></span> <span class='ocrx_word' id='word_1_612' title='bbox 2565 2322 2806 2394; x_wconf 88' lang='grc' dir='ltr'><strong>ἐπίκηρα</strong></span> <span class='ocrx_word' id='word_1_613' title='bbox 2855 2323 2949 2375; x_wconf 82' lang='grc' dir='ltr'><strong>καὶ</strong></span> <span class='ocrx_word' id='word_1_614' title='bbox 3007 2324 3163 2385; x_wconf 81' lang='grc' dir='ltr'><strong>σκιᾶς</strong></span> <span class='ocrx_word' id='word_1_615' title='bbox 3215 2323 3619 2397; x_wconf 84' lang='grc' dir='ltr'><strong>ἁδρανέστερα,</strong></span> <span class='ocrx_word' id='word_1_616' title='bbox 3659 2327 3760 2380; x_wconf 71' lang='grc' dir='ltr'><strong>καὶ</strong></span> 
     </span>
    </p>
   </div>
   <div class='ocr_carea' id='block_1_85' title="bbox 2171 2410 3758 2490">
    <p class='ocr_par' dir='ltr' id='par_1_85' title="bbox 2171 2410 3758 2490">
     <span class='ocr_line' id='line_1_85' title="bbox 2171 2410 3758 2490; baseline 0.004 -25"><span class='ocrx_word' id='word_1_617' title='bbox 2171 2411 2351 2465; x_wconf 87' lang='grc' dir='ltr'><strong>άνθῶν</strong></span> <span class='ocrx_word' id='word_1_618' title='bbox 2375 2410 2531 2483; x_wconf 69' lang='grc'><strong>[584]</strong></span> <span class='ocrx_word' id='word_1_619' title='bbox 2558 2412 2889 2482; x_wconf 76' lang='grc' dir='ltr'><strong>σηπομένων</strong></span> <span class='ocrx_word' id='word_1_620' title='bbox 2930 2413 3130 2482; x_wconf 81' lang='grc' dir='ltr'><strong>μᾶλλον</strong></span> <span class='ocrx_word' id='word_1_621' title='bbox 3167 2413 3564 2485; x_wconf 86' lang='grc' dir='ltr'><strong>μαραινόμενα,</strong></span> <span class='ocrx_word' id='word_1_622' title='bbox 3596 2433 3758 2490; x_wconf 73' lang='grc' dir='ltr'><strong>σκιρ-</strong></span> 
     </span>
    </p>
   </div>
   <div class='ocr_carea' id='block_1_86' title="bbox 2170 2502 3754 2577">
    <p class='ocr_par' dir='ltr' id='par_1_86' title="bbox 2170 2502 3754 2577">
     <span class='ocr_line' id='line_1_86' title="bbox 2170 2502 3754 2577; baseline 0.003 -22"><span class='ocrx_word' id='word_1_623' title='bbox 2170 2502 2330 2566; x_wconf 87' lang='grc' dir='ltr'><strong>τῶσι,</strong></span> <span class='ocrx_word' id='word_1_624' title='bbox 2355 2503 2662 2574; x_wconf 90' lang='grc' dir='ltr'><strong>χορεύουσι,</strong></span> <span class='ocrx_word' id='word_1_625' title='bbox 2698 2502 2951 2556; x_wconf 88' lang='grc' dir='ltr'><strong>πέτονται</strong></span> <span class='ocrx_word' id='word_1_626' title='bbox 2985 2502 3087 2555; x_wconf 88' lang='grc' dir='ltr'><strong>ὑπὸ</strong></span> <span class='ocrx_word' id='word_1_627' title='bbox 3118 2503 3218 2573; x_wconf 90' lang='grc' dir='ltr'><strong>τῆς</strong></span> <span class='ocrx_word' id='word_1_628' title='bbox 3251 2504 3467 2574; x_wconf 79' lang='grc' dir='ltr'><strong>ἡδονῆς,</strong></span> <span class='ocrx_word' id='word_1_629' title='bbox 3491 2506 3588 2576; x_wconf 85' lang='grc' dir='ltr'><strong>τῆς</strong></span> <span class='ocrx_word' id='word_1_630' title='bbox 3615 2506 3754 2577; x_wconf 84' lang='grc' dir='ltr'><strong>όμοῦ</strong></span> 
     </span>
    </p>
   </div>
   <div class='ocr_carea' id='block_1_87' title="bbox 2171 2594 3756 2670">
    <p class='ocr_par' dir='ltr' id='par_1_87' title="bbox 2171 2594 3756 2670">
     <span class='ocr_line' id='line_1_87' title="bbox 2171 2594 3756 2670; baseline 0.003 -24"><span class='ocrx_word' id='word_1_631' title='bbox 2171 2610 2226 2646; x_wconf 90' lang='grc' dir='ltr'><strong>τε</strong></span> <span class='ocrx_word' id='word_1_632' title='bbox 2248 2595 2584 2665; x_wconf 75' lang='grc' dir='ltr'><strong>φαινομένης</strong></span> <span class='ocrx_word' id='word_1_633' title='bbox 2613 2594 2708 2647; x_wconf 79' lang='grc' dir='ltr'><strong>καὶ</strong></span> <span class='ocrx_word' id='word_1_634' title='bbox 2739 2594 3144 2666; x_wconf 86' lang='grc' dir='ltr'><strong>ἀφιπταμένης,</strong></span> <span class='ocrx_word' id='word_1_635' title='bbox 3185 2597 3280 2648; x_wconf 85' lang='grc' dir='ltr'><strong>καὶ</strong></span> <span class='ocrx_word' id='word_1_636' title='bbox 3313 2596 3594 2668; x_wconf 86' lang='grc' dir='ltr'><strong>ποταμίων</strong></span> <span class='ocrx_word' id='word_1_637' title='bbox 3625 2601 3756 2670; x_wconf 79' lang='grc' dir='ltr'><strong>ρευ-</strong></span> 
     </span>
    </p>
   </div>
   <div class='ocr_carea' id='block_1_88' title="bbox 2171 2685 3755 2759">
    <p class='ocr_par' dir='ltr' id='par_1_88' title="bbox 2171 2685 3755 2759">
     <span class='ocr_line' id='line_1_88' title="bbox 2171 2685 3755 2759; baseline 0.003 -21"><span class='ocrx_word' id='word_1_638' title='bbox 2171 2686 2360 2756; x_wconf 86' lang='grc' dir='ltr'><strong>μάτων</strong></span> <span class='ocrx_word' id='word_1_639' title='bbox 2423 2685 2767 2757; x_wconf 85' lang='grc' dir='ltr'><strong>μιμουμένης</strong></span> <span class='ocrx_word' id='word_1_640' title='bbox 2816 2685 3015 2759; x_wconf 87' lang='grc' dir='ltr'><strong>δρόμον</strong></span> <span class='ocrx_word' id='word_1_641' title='bbox 3040 2702 3053 2717; x_wconf 81' lang='grc'><em>’</em></span> <span class='ocrx_word' id='word_1_642' title='bbox 3091 2685 3270 2756; x_wconf 88' lang='grc' dir='ltr'><strong>πολλῷ</strong></span> <span class='ocrx_word' id='word_1_643' title='bbox 3313 2687 3516 2757; x_wconf 76' lang='grc' dir='ltr'><strong>μᾶλλον</strong></span> <span class='ocrx_word' id='word_1_644' title='bbox 3563 2688 3624 2741; x_wconf 78' lang='grc' dir='ltr'><strong>σέ</strong></span> <span class='ocrx_word' id='word_1_645' title='bbox 3671 2689 3755 2744; x_wconf 80' lang='grc' dir='ltr'><strong>δί-</strong></span> 
     </span>
    </p>
   </div>
   <div class='ocr_carea' id='block_1_89' title="bbox 2171 2771 3755 2851">
    <p class='ocr_par' dir='ltr' id='par_1_89' title="bbox 2171 2771 3755 2851">
     <span class='ocr_line' id='line_1_89' title="bbox 2171 2771 3755 2851; baseline 0.004 -22"><span class='ocrx_word' id='word_1_646' title='bbox 2171 2794 2348 2841; x_wconf 88' lang='grc' dir='ltr'><strong>καιον,</strong></span> <span class='ocrx_word' id='word_1_647' title='bbox 2375 2779 2470 2829; x_wconf 72' lang='grc' dir='ltr'><strong>καὶ</strong></span> <span class='ocrx_word' id='word_1_648' title='bbox 2504 2778 2552 2829; x_wconf 85' lang='grc' dir='ltr'><strong>εἰ</strong></span> <span class='ocrx_word' id='word_1_649' title='bbox 2581 2775 2844 2847; x_wconf 84' lang='grc' dir='ltr'><strong>πρότερον</strong></span> <span class='ocrx_word' id='word_1_650' title='bbox 2867 2771 2935 2846; x_wconf 80' lang='grc' dir='ltr'><strong>ῆς</strong></span> <span class='ocrx_word' id='word_1_651' title='bbox 2975 2776 3033 2830; x_wconf 91' lang='grc' dir='ltr'><strong>ἐν</strong></span> <span class='ocrx_word' id='word_1_652' title='bbox 3065 2775 3346 2847; x_wconf 82' lang='grc' dir='ltr'><strong>ἀθυμίαις,</strong></span> <span class='ocrx_word' id='word_1_653' title='bbox 3381 2777 3472 2831; x_wconf 85' lang='grc' dir='ltr'>τὸν</span> <span class='ocrx_word' id='word_1_654' title='bbox 3511 2779 3755 2851; x_wconf 80' lang='grc' dir='ltr'><strong>παρόντα</strong></span> 
     </span>
    </p>
   </div>
   <div class='ocr_carea' id='block_1_90' title="bbox 2172 2865 3754 2941">
    <p class='ocr_par' dir='ltr' id='par_1_90' title="bbox 2172 2865 3754 2941">
     <span class='ocr_line' id='line_1_90' title="bbox 2172 2865 3754 2941; baseline 0.004 -21"><span class='ocrx_word' id='word_1_655' title='bbox 2172 2866 2362 2938; x_wconf 82' lang='grc' dir='ltr'><strong>καιρὸν</strong></span> <span class='ocrx_word' id='word_1_656' title='bbox 2386 2865 2648 2937; x_wconf 79' lang='grc' dir='ltr'><strong>εὐθυμίας</strong></span> <span class='ocrx_word' id='word_1_657' title='bbox 2678 2866 2942 2937; x_wconf 86' lang='grc' dir='ltr'><strong>μεγίστης</strong></span> <span class='ocrx_word' id='word_1_658' title='bbox 2971 2868 3300 2939; x_wconf 77' lang='grc' dir='ltr'><strong>ποιήσασθαι</strong></span> <span class='ocrx_word' id='word_1_659' title='bbox 3327 2870 3622 2941; x_wconf 73' lang='grc' dir='ltr'><strong>πρόφασιν.</strong></span> <span class='ocrx_word' id='word_1_660' title='bbox 3642 2871 3754 2926; x_wconf 78' lang='grc' dir='ltr'><strong>Καὶ</strong></span> 
     </span>
    </p>
   </div>
   <div class='ocr_carea' id='block_1_91' title="bbox 2171 2955 3750 3027">
    <p class='ocr_par' dir='ltr' id='par_1_91' title="bbox 2171 2955 3750 3027">
     <span class='ocr_line' id='line_1_91' title="bbox 2171 2955 3750 3027; baseline 0.005 -19"><span class='ocrx_word' id='word_1_661' title='bbox 2171 2957 2279 3027; x_wconf 73' lang='grc' dir='ltr'><strong>γὰρ</strong></span> <span class='ocrx_word' id='word_1_662' title='bbox 2321 2958 2350 3008; x_wconf 88' lang='grc' dir='ltr'><strong>ό</strong></span> <span class='ocrx_word' id='word_1_663' title='bbox 2391 2956 2662 3027; x_wconf 80' lang='grc' dir='ltr'><strong>θησαυρός</strong></span> <span class='ocrx_word' id='word_1_664' title='bbox 2702 2972 2797 3010; x_wconf 89' lang='grc' dir='ltr'><strong>σου</strong></span> <span class='ocrx_word' id='word_1_665' title='bbox 2854 2955 2914 3008; x_wconf 89' lang='grc' dir='ltr'><strong>ὃν</strong></span> <span class='ocrx_word' id='word_1_666' title='bbox 2943 2958 3272 3026; x_wconf 84' lang='grc' dir='ltr'><strong>συνήγαγες,</strong></span> <span class='ocrx_word' id='word_1_667' title='bbox 3299 2958 3530 3022; x_wconf 75' lang='grc' dir='ltr'><strong>ἄσυλος·</strong></span> <span class='ocrx_word' id='word_1_668' title='bbox 3567 2961 3664 3014; x_wconf 76' lang='grc' dir='ltr'><strong>καὶ</strong></span> <span class='ocrx_word' id='word_1_669' title='bbox 3688 2961 3750 3016; x_wconf 72' lang='grc' dir='ltr'><strong>τὸ</strong></span> 
     </span>
    </p>
   </div>
   <div class='ocr_carea' id='block_1_92' title="bbox 2169 3046 3754 3122">
    <p class='ocr_par' dir='ltr' id='par_1_92' title="bbox 2169 3046 3754 3122">
     <span class='ocr_line' id='line_1_92' title="bbox 2169 3046 3754 3122; baseline 0.003 -21"><span class='ocrx_word' id='word_1_670' title='bbox 2169 3048 2408 3117; x_wconf 77' lang='grc' dir='ltr'><strong>ἀξίωμα,</strong></span> <span class='ocrx_word' id='word_1_671' title='bbox 2428 3047 2492 3101; x_wconf 84' lang='grc' dir='ltr'><strong>τό</strong></span> <span class='ocrx_word' id='word_1_672' title='bbox 2517 3047 2610 3101; x_wconf 89' lang='grc' dir='ltr'><strong>διά</strong></span> <span class='ocrx_word' id='word_1_673' title='bbox 2641 3047 2749 3100; x_wconf 79' lang='grc' dir='ltr'><strong>τῶν</strong></span> <span class='ocrx_word' id='word_1_674' title='bbox 2795 3046 3138 3117; x_wconf 81' lang='grc' dir='ltr'><strong>παθημάτων</strong></span> <span class='ocrx_word' id='word_1_675' title='bbox 3169 3065 3252 3103; x_wconf 91' lang='grc' dir='ltr'><strong>σοι</strong></span> <span class='ocrx_word' id='word_1_676' title='bbox 3283 3049 3487 3104; x_wconf 90' lang='grc' dir='ltr'><strong>τούτων</strong></span> <span class='ocrx_word' id='word_1_677' title='bbox 3518 3068 3754 3122; x_wconf 88' lang='grc' dir='ltr'><strong>συγκρο-</strong></span> 
     </span>
    </p>
   </div>
   <div class='ocr_carea' id='block_1_93' title="bbox 2169 3131 3750 3208">
    <p class='ocr_par' dir='ltr' id='par_1_93' title="bbox 2169 3131 3750 3208">
     <span class='ocr_line' id='line_1_93' title="bbox 2169 3131 3750 3208; baseline 0.004 -20"><span class='ocrx_word' id='word_1_678' title='bbox 2169 3136 2352 3206; x_wconf 86' lang='grc' dir='ltr'><strong>τηθέν,</strong></span> <span class='ocrx_word' id='word_1_679' title='bbox 2379 3135 2630 3206; x_wconf 76' lang='grc' dir='ltr'><strong>διαδοχὴν</strong></span> <span class='ocrx_word' id='word_1_680' title='bbox 2661 3137 2762 3190; x_wconf 83' lang='grc' dir='ltr'><strong>οὐκ</strong></span> <span class='ocrx_word' id='word_1_681' title='bbox 2792 3131 2952 3200; x_wconf 84' lang='grc' dir='ltr'><strong>οἰδεν,</strong></span> <span class='ocrx_word' id='word_1_682' title='bbox 2986 3137 3108 3190; x_wconf 83' lang='grc' dir='ltr'><strong>ούδέ</strong></span> <span class='ocrx_word' id='word_1_683' title='bbox 3145 3138 3403 3208; x_wconf 88' lang='grc' dir='ltr'><strong>ἀναμένει</strong></span> <span class='ocrx_word' id='word_1_684' title='bbox 3430 3139 3602 3207; x_wconf 83' lang='grc' dir='ltr'><strong>τέλος,</strong></span> <span class='ocrx_word' id='word_1_685' title='bbox 3633 3143 3750 3195; x_wconf 86' lang='grc' dir='ltr'><strong>ἀλλ’</strong></span> 
     </span>
    </p>
   </div>
   <div class='ocr_carea' id='block_1_94' title="bbox 2169 3228 3752 3302">
    <p class='ocr_par' dir='ltr' id='par_1_94' title="bbox 2169 3228 3752 3302">
     <span class='ocr_line' id='line_1_94' title="bbox 2169 3228 3752 3302; baseline 0.004 -22"><span class='ocrx_word' id='word_1_686' title='bbox 2169 3228 2318 3280; x_wconf 80' lang='grc' dir='ltr'><strong>ἐστιν</strong></span> <span class='ocrx_word' id='word_1_687' title='bbox 2345 3229 2676 3299; x_wconf 81' lang='grc' dir='ltr'><strong>ἀπέραντον,</strong></span> <span class='ocrx_word' id='word_1_688' title='bbox 2696 3230 2756 3281; x_wconf 82' lang='grc' dir='ltr'><strong>οὐ</strong></span> <span class='ocrx_word' id='word_1_689' title='bbox 2785 3228 3040 3300; x_wconf 79' lang='grc' dir='ltr'><strong>δυσκολίᾳ</strong></span> <span class='ocrx_word' id='word_1_690' title='bbox 3067 3228 3298 3297; x_wconf 83' lang='grc' dir='ltr'><strong>καιρῶν,</strong></span> <span class='ocrx_word' id='word_1_691' title='bbox 3319 3230 3419 3283; x_wconf 87' lang='grc' dir='ltr'><strong>οὑκ</strong></span> <span class='ocrx_word' id='word_1_692' title='bbox 3447 3231 3752 3302; x_wconf 80' lang='grc' dir='ltr'><strong>ἀνθρώπων</strong></span> 
     </span>
    </p>
   </div>
   <div class='ocr_carea' id='block_1_95' title="bbox 2168 3321 3753 3395">
    <p class='ocr_par' dir='ltr' id='par_1_95' title="bbox 2168 3321 3753 3395">
     <span class='ocr_line' id='line_1_95' title="bbox 2168 3321 3753 3395; baseline 0.003 -21"><span class='ocrx_word' id='word_1_693' title='bbox 2168 3321 2502 3387; x_wconf 79' lang='grc' dir='ltr'><strong>ἐπιϐουλαῖς,</strong></span> <span class='ocrx_word' id='word_1_694' title='bbox 2532 3321 2594 3374; x_wconf 86' lang='grc' dir='ltr'><strong>οὑ</strong></span> <span class='ocrx_word' id='word_1_695' title='bbox 2615 3321 2884 3392; x_wconf 82' lang='grc' dir='ltr'><strong>δαιμόνων</strong></span> <span class='ocrx_word' id='word_1_696' title='bbox 2916 3321 3146 3390; x_wconf 76' lang='grc' dir='ltr'><strong>ἐφόδοις,</strong></span> <span class='ocrx_word' id='word_1_697' title='bbox 3171 3323 3274 3377; x_wconf 84' lang='grc' dir='ltr'><strong>οὐκ</strong></span> <span class='ocrx_word' id='word_1_698' title='bbox 3300 3323 3435 3395; x_wconf 78' lang='grc' dir='ltr'><strong>αὐτῇ</strong></span> <span class='ocrx_word' id='word_1_699' title='bbox 3469 3323 3753 3380; x_wconf 85' lang='grc' dir='ltr'><strong>διακοπτό-</strong></span> 
     </span>
    </p>
   </div>
   <div class='ocr_carea' id='block_1_96' title="bbox 2170 3412 3750 3486">
    <p class='ocr_par' dir='ltr' id='par_1_96' title="bbox 2170 3412 3750 3486">
     <span class='ocr_line' id='line_1_96' title="bbox 2170 3412 3750 3486; baseline 0.003 -19"><span class='ocrx_word' id='word_1_700' title='bbox 2170 3431 2328 3486; x_wconf 88' lang='grc' dir='ltr'><strong>μενον</strong></span> <span class='ocrx_word' id='word_1_701' title='bbox 2355 3417 2422 3485; x_wconf 77' lang='grc' dir='ltr'><strong>τῇ</strong></span> <span class='ocrx_word' id='word_1_702' title='bbox 2463 3413 2710 3484; x_wconf 82' lang='grc' dir='ltr'><strong>τελευτῇ.</strong></span> <span class='ocrx_word' id='word_1_703' title='bbox 2739 3412 2876 3467; x_wconf 82' lang='grc' dir='ltr'><strong>Εἰδέ</strong></span> <span class='ocrx_word' id='word_1_704' title='bbox 2911 3413 3092 3483; x_wconf 89' lang='grc' dir='ltr'><strong>βούλει</strong></span> <span class='ocrx_word' id='word_1_705' title='bbox 3119 3415 3216 3467; x_wconf 73' lang='grc' dir='ltr'><strong>καὶ</strong></span> <span class='ocrx_word' id='word_1_706' title='bbox 3254 3414 3493 3486; x_wconf 81' lang='grc' dir='ltr'><strong>θρηνεῖν,</strong></span> <span class='ocrx_word' id='word_1_707' title='bbox 3518 3418 3645 3481; x_wconf 79' lang='grc' dir='ltr'><strong>τοὺς</strong></span> <span class='ocrx_word' id='word_1_708' title='bbox 3680 3420 3750 3473; x_wconf 90' lang='grc' dir='ltr'><strong>τά</strong></span> 
     </span>
    </p>
   </div>
   <div class='ocr_carea' id='block_1_97' title="bbox 2164 3504 3749 3576">
    <p class='ocr_par' dir='ltr' id='par_1_97' title="bbox 2164 3504 3749 3576">
     <span class='ocr_line' id='line_1_97' title="bbox 2164 3504 3749 3576; baseline 0.002 -17"><span class='ocrx_word' id='word_1_709' title='bbox 2164 3506 2390 3560; x_wconf 78' lang='grc' dir='ltr'><strong>τοιαῦτα</strong></span> <span class='ocrx_word' id='word_1_710' title='bbox 2409 3504 2808 3576; x_wconf 84' lang='grc' dir='ltr'><strong>ἐργαζομένους</strong></span> <span class='ocrx_word' id='word_1_711' title='bbox 2831 3504 3039 3575; x_wconf 82' lang='grc' dir='ltr'><strong>θρήνει,</strong></span> <span class='ocrx_word' id='word_1_712' title='bbox 3057 3505 3184 3568; x_wconf 80' lang='grc' dir='ltr'><strong>τοὺς</strong></span> <span class='ocrx_word' id='word_1_713' title='bbox 3203 3506 3313 3562; x_wconf 84' lang='grc' dir='ltr'><strong>τῶν</strong></span> <span class='ocrx_word' id='word_1_714' title='bbox 3339 3507 3524 3560; x_wconf 85' lang='grc' dir='ltr'><strong>κακῶν</strong></span> <span class='ocrx_word' id='word_1_715' title='bbox 3543 3509 3749 3562; x_wconf 87' lang='grc' dir='ltr'><strong>τούτων</strong></span> 
     </span>
    </p>
   </div>
   <div class='ocr_carea' id='block_1_98' title="bbox 2166 3595 3750 3671">
    <p class='ocr_par' dir='ltr' id='par_1_98' title="bbox 2166 3595 3750 3671">
     <span class='ocr_line' id='line_1_98' title="bbox 2166 3595 3750 3671; baseline 0.003 -21"><span class='ocrx_word' id='word_1_716' title='bbox 2166 3599 2452 3661; x_wconf 77' lang='grc' dir='ltr'><strong>αὐθέντας,</strong></span> <span class='ocrx_word' id='word_1_717' title='bbox 2482 3599 2609 3661; x_wconf 77' lang='grc' dir='ltr'><strong>τοὺς</strong></span> <span class='ocrx_word' id='word_1_718' title='bbox 2640 3597 2943 3667; x_wconf 83' lang='grc' dir='ltr'><strong>ὑπηρέτας,</strong></span> <span class='ocrx_word' id='word_1_719' title='bbox 2972 3595 3022 3650; x_wconf 87' lang='grc' dir='ltr'><strong>οἲ</strong></span> <span class='ocrx_word' id='word_1_720' title='bbox 3069 3597 3163 3651; x_wconf 75' lang='grc' dir='ltr'><strong>καὶ</strong></span> <span class='ocrx_word' id='word_1_721' title='bbox 3196 3600 3276 3662; x_wconf 91' lang='grc' dir='ltr'><strong>εἰς</strong></span> <span class='ocrx_word' id='word_1_722' title='bbox 3317 3600 3378 3652; x_wconf 85' lang='grc' dir='ltr'><strong>τὸ</strong></span> <span class='ocrx_word' id='word_1_723' title='bbox 3420 3599 3615 3670; x_wconf 87' lang='grc' dir='ltr'><strong>μέλλον</strong></span> <span class='ocrx_word' id='word_1_724' title='bbox 3647 3619 3750 3671; x_wconf 82' lang='grc' dir='ltr'><strong>με·-</strong></span> 
     </span>
    </p>
   </div>
   <div class='ocr_carea' id='block_1_99' title="bbox 2164 3687 3752 3760">
    <p class='ocr_par' dir='ltr' id='par_1_99' title="bbox 2164 3687 3752 3760">
     <span class='ocr_line' id='line_1_99' title="bbox 2164 3687 3752 3760; baseline 0.006 -20"><span class='ocrx_word' id='word_1_725' title='bbox 2164 3690 2357 3760; x_wconf 87' lang='grc' dir='ltr'><strong>γίστην</strong></span> <span class='ocrx_word' id='word_1_726' title='bbox 2391 3687 2760 3758; x_wconf 86' lang='grc' dir='ltr'><strong>ἐθησαύρισαν</strong></span> <span class='ocrx_word' id='word_1_727' title='bbox 2805 3690 3018 3752; x_wconf 78' lang='grc' dir='ltr'><strong>ἑαυτοῖς</strong></span> <span class='ocrx_word' id='word_1_728' title='bbox 3055 3691 3343 3759; x_wconf 83' lang='grc' dir='ltr'><strong>τιμωρίαν,</strong></span> <span class='ocrx_word' id='word_1_729' title='bbox 3383 3693 3478 3745; x_wconf 75' lang='grc' dir='ltr'><strong>καὶ</strong></span> <span class='ocrx_word' id='word_1_730' title='bbox 3513 3695 3752 3750; x_wconf 82' lang='grc' dir='ltr'><strong>ἐνταῦθα</strong></span> 
     </span>
    </p>
   </div>
   <div class='ocr_carea' id='block_1_100' title="bbox 2163 3779 3749 3854">
    <p class='ocr_par' dir='ltr' id='par_1_100' title="bbox 2163 3779 3749 3854">
     <span class='ocr_line' id='line_1_100' title="bbox 2163 3779 3749 3854; baseline 0.003 -20"><span class='ocrx_word' id='word_1_731' title='bbox 2163 3783 2318 3850; x_wconf 88' lang='grc' dir='ltr'><strong>δίκην</strong></span> <span class='ocrx_word' id='word_1_732' title='bbox 2346 3781 2534 3833; x_wconf 81' lang='grc' dir='ltr'><strong>ἔδοσαν</strong></span> <span class='ocrx_word' id='word_1_733' title='bbox 2559 3781 2659 3850; x_wconf 81' lang='grc' dir='ltr'><strong>ῆδη</strong></span> <span class='ocrx_word' id='word_1_734' title='bbox 2689 3779 2788 3850; x_wconf 77' lang='grc' dir='ltr'><strong>τὴν</strong></span> <span class='ocrx_word' id='word_1_735' title='bbox 2819 3780 3078 3849; x_wconf 83' lang='grc' dir='ltr'><strong>ἐσχάτην,</strong></span> <span class='ocrx_word' id='word_1_736' title='bbox 3105 3782 3373 3835; x_wconf 79' lang='grc' dir='ltr'><strong>τοσούτων</strong></span> <span class='ocrx_word' id='word_1_737' title='bbox 3403 3785 3749 3854; x_wconf 80' lang='grc' dir='ltr'><strong>ἀποστρεφο-</strong></span> 
     </span>
    </p>
   </div>
   <div class='ocr_carea' id='block_1_101' title="bbox 2167 3859 3748 3944">
    <p class='ocr_par' dir='ltr' id='par_1_101' title="bbox 2167 3859 3748 3944">
     <span class='ocr_line' id='line_1_101' title="bbox 2167 3859 3748 3944; baseline -0.003 -23"><span class='ocrx_word' id='word_1_738' title='bbox 2167 3859 2344 3939; x_wconf 81' lang='grc' dir='ltr'><strong>μένων</strong></span> <span class='ocrx_word' id='word_1_739' title='bbox 2366 3867 2587 3930; x_wconf 75' lang='grc' dir='ltr'><strong>αὐτοὺς,</strong></span> <span class='ocrx_word' id='word_1_740' title='bbox 2623 3867 2718 3919; x_wconf 81' lang='grc' dir='ltr'><strong>καὶ</strong></span> <span class='ocrx_word' id='word_1_741' title='bbox 2751 3866 3044 3936; x_wconf 86' lang='grc' dir='ltr'><strong>πολεμίους</strong></span> <span class='ocrx_word' id='word_1_742' title='bbox 3059 3869 3416 3940; x_wconf 57' lang='grc' dir='ltr'><strong>θήγουμένων,</strong></span> <span class='ocrx_word' id='word_1_743' title='bbox 3449 3873 3748 3944; x_wconf 68' lang='grc' dir='ltr'><strong>ἐπαρωμι.</strong></span> 
     </span>
    </p>
   </div>
   <div class='ocr_carea' id='block_1_102' title="bbox 2165 3959 3746 4032">
    <p class='ocr_par' dir='ltr' id='par_1_102' title="bbox 2165 3959 3746 4032">
     <span class='ocr_line' id='line_1_102' title="bbox 2165 3959 3746 4032; baseline 0.006 -21"><span class='ocrx_word' id='word_1_744' title='bbox 2165 3979 2289 4025; x_wconf 90' lang='grc' dir='ltr'><strong>νων,</strong></span> <span class='ocrx_word' id='word_1_745' title='bbox 2317 3959 2806 4024; x_wconf 85' lang='grc' dir='ltr'><strong>καταδικαζόντων.</strong></span> <span class='ocrx_word' id='word_1_746' title='bbox 2835 3961 2896 4013; x_wconf 84' lang='grc' dir='ltr'><strong>Εἰ</strong></span> <span class='ocrx_word' id='word_1_747' title='bbox 2929 3960 2986 4013; x_wconf 88' lang='grc' dir='ltr'><strong>δέ</strong></span> <span class='ocrx_word' id='word_1_748' title='bbox 3014 3961 3116 4014; x_wconf 78' lang='grc' dir='ltr'><strong>οὐκ</strong></span> <span class='ocrx_word' id='word_1_749' title='bbox 3141 3962 3484 4017; x_wconf 86' lang='grc' dir='ltr'><strong>αἰσθάνονται</strong></span> <span class='ocrx_word' id='word_1_750' title='bbox 3516 3964 3746 4032; x_wconf 85' lang='grc' dir='ltr'><strong>τούτων,</strong></span> 
     </span>
    </p>
   </div>
   <div class='ocr_carea' id='block_1_103' title="bbox 2166 4053 3748 4128">
    <p class='ocr_par' dir='ltr' id='par_1_103' title="bbox 2166 4053 3748 4128">
     <span class='ocr_line' id='line_1_103' title="bbox 2166 4053 3748 4128; baseline 0.006 -22"><span class='ocrx_word' id='word_1_751' title='bbox 2166 4055 2260 4106; x_wconf 73' lang='grc' dir='ltr'><strong>καὶ</strong></span> <span class='ocrx_word' id='word_1_752' title='bbox 2282 4053 2368 4106; x_wconf 80' lang='grc' dir='ltr'><strong>διὰ</strong></span> <span class='ocrx_word' id='word_1_753' title='bbox 2395 4053 2554 4106; x_wconf 77' lang='grc' dir='ltr'><strong>τοῦτο</strong></span> <span class='ocrx_word' id='word_1_754' title='bbox 2601 4053 2836 4123; x_wconf 88' lang='grc' dir='ltr'><strong>μάλιστά</strong></span> <span class='ocrx_word' id='word_1_755' title='bbox 2882 4056 3018 4107; x_wconf 90' lang='grc' dir='ltr'><strong>εἰσιν</strong></span> <span class='ocrx_word' id='word_1_756' title='bbox 3057 4055 3314 4120; x_wconf 74' lang='grc' dir='ltr'><strong>ἐλεεινοί,</strong></span> <span class='ocrx_word' id='word_1_757' title='bbox 3355 4057 3450 4108; x_wconf 77' lang='grc' dir='ltr'><strong>καί</strong></span> <span class='ocrx_word' id='word_1_758' title='bbox 3492 4057 3748 4128; x_wconf 85' lang='grc' dir='ltr'><strong>δακρύων</strong></span> 
     </span>
    </p>
   </div>
   <div class='ocr_carea' id='block_1_104' title="bbox 2163 4144 3750 4219">
    <p class='ocr_par' dir='ltr' id='par_1_104' title="bbox 2163 4144 3750 4219">
     <span class='ocr_line' id='line_1_104' title="bbox 2163 4144 3750 4219; baseline 0.003 -21"><span class='ocrx_word' id='word_1_759' title='bbox 2163 4144 2326 4208; x_wconf 79' lang='grc' dir='ltr'><strong>ἄξιοι,</strong></span> <span class='ocrx_word' id='word_1_760' title='bbox 2356 4146 2608 4216; x_wconf 87' lang='grc' dir='ltr'><strong>καθάπερ</strong></span> <span class='ocrx_word' id='word_1_761' title='bbox 2631 4147 2680 4198; x_wconf 78' lang='grc' dir='ltr'><strong>οἱ</strong></span> <span class='ocrx_word' id='word_1_762' title='bbox 2713 4146 2976 4216; x_wconf 82' lang='grc' dir='ltr'><strong>φρενίτιδι</strong></span> <span class='ocrx_word' id='word_1_763' title='bbox 3007 4149 3360 4218; x_wconf 87' lang='grc' dir='ltr'><strong>κατεχόμενοι</strong></span> <span class='ocrx_word' id='word_1_764' title='bbox 3379 4151 3540 4219; x_wconf 83' lang='grc' dir='ltr'><strong>νόσῳ,</strong></span> <span class='ocrx_word' id='word_1_765' title='bbox 3560 4150 3750 4205; x_wconf 84' lang='grc' dir='ltr'><strong>λακτί-</strong></span> 
     </span>
    </p>
   </div>
   <div class='ocr_carea' id='block_1_105' title="bbox 2167 4235 3747 4311">
    <p class='ocr_par' dir='ltr' id='par_1_105' title="bbox 2167 4235 3747 4311">
     <span class='ocr_line' id='line_1_105' title="bbox 2167 4235 3747 4311; baseline 0.005 -23"><span class='ocrx_word' id='word_1_766' title='bbox 2167 4235 2349 4300; x_wconf 78' lang='grc' dir='ltr'><strong>ζοντες</strong></span> <span class='ocrx_word' id='word_1_767' title='bbox 2380 4237 2479 4308; x_wconf 77' lang='grc' dir='ltr'><strong>μὲν</strong></span> <span class='ocrx_word' id='word_1_768' title='bbox 2513 4237 2608 4289; x_wconf 78' lang='grc' dir='ltr'><strong>καὶ</strong></span> <span class='ocrx_word' id='word_1_769' title='bbox 2649 4236 2901 4300; x_wconf 86' lang='grc' dir='ltr'><strong>παίοντες</strong></span> <span class='ocrx_word' id='word_1_770' title='bbox 2937 4238 3062 4300; x_wconf 82' lang='grc' dir='ltr'><strong>τοὺς</strong></span> <span class='ocrx_word' id='word_1_771' title='bbox 3107 4236 3466 4303; x_wconf 84' lang='grc' dir='ltr'><strong>ἀπαντῶντας</strong></span> <span class='ocrx_word' id='word_1_772' title='bbox 3493 4241 3617 4311; x_wconf 83' lang='grc' dir='ltr'><strong>εἰκῆ</strong></span> <span class='ocrx_word' id='word_1_773' title='bbox 3647 4245 3747 4297; x_wconf 79' lang='grc' dir='ltr'><strong>καὶ</strong></span> 
     </span>
    </p>
   </div>
   <div class='ocr_carea' id='block_1_106' title="bbox 2166 4327 3736 4401">
    <p class='ocr_par' dir='ltr' id='par_1_106' title="bbox 2166 4327 3736 4401">
     <span class='ocr_line' id='line_1_106' title="bbox 2166 4327 3736 4401; baseline 0.004 -21"><span class='ocrx_word' id='word_1_774' title='bbox 2166 4329 2362 4398; x_wconf 84' lang='grc' dir='ltr'><strong>μάτην,</strong></span> <span class='ocrx_word' id='word_1_775' title='bbox 2397 4327 2654 4390; x_wconf 83' lang='grc' dir='ltr'><strong>πολλάκις</strong></span> <span class='ocrx_word' id='word_1_776' title='bbox 2686 4327 2741 4380; x_wconf 85' lang='grc' dir='ltr'><strong>δέ</strong></span> <span class='ocrx_word' id='word_1_777' title='bbox 2784 4327 2880 4381; x_wconf 80' lang='grc' dir='ltr'><strong>καί</strong></span> <span class='ocrx_word' id='word_1_778' title='bbox 2909 4329 3037 4391; x_wconf 77' lang='grc' dir='ltr'><strong>τοὺς</strong></span> <span class='ocrx_word' id='word_1_779' title='bbox 3063 4330 3500 4400; x_wconf 87' lang='grc' dir='ltr'><strong>εύηργετηκότας</strong></span> <span class='ocrx_word' id='word_1_780' title='bbox 3530 4333 3624 4386; x_wconf 77' lang='grc' dir='ltr'><strong>καὶ</strong></span> <span class='ocrx_word' id='word_1_781' title='bbox 3652 4334 3736 4401; x_wconf 82' lang='grc' dir='ltr'><strong>φί-</strong></span> 
     </span>
    </p>
   </div>
   <div class='ocr_carea' id='block_1_107' title="bbox 2163 4414 3740 4491">
    <p class='ocr_par' dir='ltr' id='par_1_107' title="bbox 2163 4414 3740 4491">
     <span class='ocr_line' id='line_1_107' title="bbox 2163 4414 3740 4491; baseline 0.007 -24"><span class='ocrx_word' id='word_1_782' title='bbox 2163 4416 2308 4479; x_wconf 84' lang='grc' dir='ltr'><strong>λους,</strong></span> <span class='ocrx_word' id='word_1_783' title='bbox 2344 4417 2444 4468; x_wconf 87' lang='grc' dir='ltr'><strong>οὑκ</strong></span> <span class='ocrx_word' id='word_1_784' title='bbox 2479 4414 2858 4485; x_wconf 87' lang='grc' dir='ltr'><strong>αἰσθανόμενοι</strong></span> <span class='ocrx_word' id='word_1_785' title='bbox 2881 4416 2935 4468; x_wconf 84' lang='grc' dir='ltr'><strong>δὲ</strong></span> <span class='ocrx_word' id='word_1_786' title='bbox 2963 4418 3063 4486; x_wconf 88' lang='grc' dir='ltr'><strong>τῆς</strong></span> <span class='ocrx_word' id='word_1_787' title='bbox 3095 4419 3315 4488; x_wconf 88' lang='grc' dir='ltr'><strong>μανίας,</strong></span> <span class='ocrx_word' id='word_1_788' title='bbox 3343 4415 3411 4491; x_wconf 79' lang='grc' dir='ltr'><strong>ἦς</strong></span> <span class='ocrx_word' id='word_1_789' title='bbox 3437 4423 3740 4490; x_wconf 84' lang='grc' dir='ltr'><strong>μαίνονται.</strong></span> 
     </span>
    </p>
   </div>
   <div class='ocr_carea' id='block_1_108' title="bbox 2164 4502 3741 4578">
    <p class='ocr_par' dir='ltr' id='par_1_108' title="bbox 2164 4502 3741 4578">
     <span class='ocr_line' id='line_1_108' title="bbox 2164 4502 3741 4578; baseline 0.005 -25"><span class='ocrx_word' id='word_1_790' title='bbox 2164 4503 2252 4555; x_wconf 71' lang='grc' dir='ltr'><strong>Διὸ</strong></span> <span class='ocrx_word' id='word_1_791' title='bbox 2273 4504 2366 4558; x_wconf 75' lang='grc' dir='ltr'><strong>καὶ</strong></span> <span class='ocrx_word' id='word_1_792' title='bbox 2403 4503 2596 4557; x_wconf 74' lang='grc' dir='ltr'><strong>ἀνίατα</strong></span> <span class='ocrx_word' id='word_1_793' title='bbox 2625 4502 2908 4566; x_wconf 80' lang='grc' dir='ltr'><strong>νοσοῦσιν,</strong></span> <span class='ocrx_word' id='word_1_794' title='bbox 2941 4504 3066 4556; x_wconf 85' lang='grc' dir='ltr'><strong>οὑτε</strong></span> <span class='ocrx_word' id='word_1_795' title='bbox 3121 4506 3338 4576; x_wconf 71' lang='grc' dir='ltr'><strong>ἰατροὺς</strong></span> <span class='ocrx_word' id='word_1_796' title='bbox 3371 4507 3741 4578; x_wconf 88' lang='grc' dir='ltr'><strong>προσιέμενοι,</strong></span> 
     </span>
    </p>
   </div>
   <div class='ocr_carea' id='block_1_109' title="bbox 2162 4592 3741 4670">
    <p class='ocr_par' dir='ltr' id='par_1_109' title="bbox 2162 4592 3741 4670">
     <span class='ocr_line' id='line_1_109' title="bbox 2162 4592 3741 4670; baseline 0.006 -26"><span class='ocrx_word' id='word_1_797' title='bbox 2162 4592 2284 4644; x_wconf 72' lang='grc' dir='ltr'><strong>οὔτε</strong></span> <span class='ocrx_word' id='word_1_798' title='bbox 2324 4592 2632 4662; x_wconf 80' lang='grc' dir='ltr'><strong>φαρμάκων</strong></span> <span class='ocrx_word' id='word_1_799' title='bbox 2663 4592 3014 4662; x_wconf 80' lang='grc' dir='ltr'><strong>ἀνεχόμενοι,</strong></span> <span class='ocrx_word' id='word_1_800' title='bbox 3065 4595 3200 4648; x_wconf 86' lang='grc' dir='ltr'><strong>ἀλλά</strong></span> <span class='ocrx_word' id='word_1_801' title='bbox 3251 4597 3344 4648; x_wconf 81' lang='grc' dir='ltr'><strong>καὶ</strong></span> <span class='ocrx_word' id='word_1_802' title='bbox 3393 4599 3519 4660; x_wconf 79' lang='grc' dir='ltr'><strong>τοὺς</strong></span> <span class='ocrx_word' id='word_1_803' title='bbox 3573 4599 3741 4670; x_wconf 81' lang='grc' dir='ltr'><strong>θερα-</strong></span> 
     </span>
    </p>
   </div>
   <div class='ocr_carea' id='block_1_110' title="bbox 2163 4683 3742 4757">
    <p class='ocr_par' dir='ltr' id='par_1_110' title="bbox 2163 4683 3742 4757">
     <span class='ocr_line' id='line_1_110' title="bbox 2163 4683 3742 4757; baseline 0.008 -25"><span class='ocrx_word' id='word_1_804' title='bbox 2163 4684 2350 4737; x_wconf 65' lang='grc' dir='ltr'><strong>πεύειιθ</strong></span> <span class='ocrx_word' id='word_1_805' title='bbox 2403 4685 2499 4736; x_wconf 80' lang='grc' dir='ltr'><strong>καὶ</strong></span> <span class='ocrx_word' id='word_1_806' title='bbox 2544 4683 2856 4752; x_wconf 79' lang='grc' dir='ltr'><strong>εὐεργετεῖν</strong></span> <span class='ocrx_word' id='word_1_807' title='bbox 2901 4685 3258 4757; x_wconf 85' lang='grc' dir='ltr'><strong>βουλομένους</strong></span> <span class='ocrx_word' id='word_1_808' title='bbox 3310 4691 3422 4752; x_wconf 88' lang='grc' dir='ltr'><strong>τοῖς</strong></span> <span class='ocrx_word' id='word_1_809' title='bbox 3477 4691 3742 4754; x_wconf 82' lang='grc' dir='ltr'><strong>ἐναντίοις</strong></span> 
     </span>
    </p>
   </div>
   <div class='ocr_carea' id='block_1_111' title="bbox 2161 4775 3739 4854">
    <p class='ocr_par' dir='ltr' id='par_1_111' title="bbox 2161 4775 3739 4854">
     <span class='ocr_line' id='line_1_111' title="bbox 2161 4775 3739 4854; baseline 0.005 -27"><span class='ocrx_word' id='word_1_810' title='bbox 2161 4776 2536 4846; x_wconf 87' lang='grc' dir='ltr'><strong>ἀμειϐόμενοι.</strong></span> <span class='ocrx_word' id='word_1_811' title='bbox 2566 4775 2729 4828; x_wconf 83' lang='grc' dir='ltr'><strong>Ὥστε</strong></span> <span class='ocrx_word' id='word_1_812' title='bbox 2772 4778 2866 4830; x_wconf 83' lang='grc' dir='ltr'><strong>καὶ</strong></span> <span class='ocrx_word' id='word_1_813' title='bbox 2907 4779 2994 4830; x_wconf 91' lang='grc' dir='ltr'><strong>διά</strong></span> <span class='ocrx_word' id='word_1_814' title='bbox 3025 4779 3182 4832; x_wconf 83' lang='grc' dir='ltr'><strong>τοῦτο</strong></span> <span class='ocrx_word' id='word_1_815' title='bbox 3210 4779 3450 4844; x_wconf 71' lang='grc' dir='ltr'><strong>ἐλεεινοὶ,</strong></span> <span class='ocrx_word' id='word_1_816' title='bbox 3479 4782 3532 4833; x_wconf 81' lang='grc' dir='ltr'><strong>εἴ</strong></span> <span class='ocrx_word' id='word_1_817' title='bbox 3559 4800 3622 4850; x_wconf 89' lang='grc' dir='ltr'><strong>γε</strong></span> <span class='ocrx_word' id='word_1_818' title='bbox 3663 4783 3739 4854; x_wconf 78' lang='grc' dir='ltr'><strong>μὴ</strong></span> 
     </span>
    </p>
   </div>
   <div class='ocr_carea' id='block_1_112' title="bbox 2161 4867 3739 4944">
    <p class='ocr_par' dir='ltr' id='par_1_112' title="bbox 2161 4867 3739 4944">
     <span class='ocr_line' id='line_1_112' title="bbox 2161 4867 3739 4944; baseline 0.005 -25"><span class='ocrx_word' id='word_1_819' title='bbox 2161 4867 2503 4920; x_wconf 86' lang='grc' dir='ltr'><strong>αἰσθάνονται</strong></span> <span class='ocrx_word' id='word_1_820' title='bbox 2537 4868 2633 4938; x_wconf 72' lang='grc' dir='ltr'><strong>τῆς</strong></span> <span class='ocrx_word' id='word_1_821' title='bbox 2675 4868 2936 4938; x_wconf 85' lang='grc' dir='ltr'><strong>τοσαύτης</strong></span> <span class='ocrx_word' id='word_1_822' title='bbox 2966 4871 3245 4941; x_wconf 86' lang='grc' dir='ltr'><strong>πονηρίας.</strong></span> <span class='ocrx_word' id='word_1_823' title='bbox 3269 4873 3332 4924; x_wconf 81' lang='grc' dir='ltr'><strong>Εἰ</strong></span> <span class='ocrx_word' id='word_1_824' title='bbox 3375 4872 3431 4926; x_wconf 82' lang='grc' dir='ltr'><strong>δέ</strong></span> <span class='ocrx_word' id='word_1_825' title='bbox 3466 4874 3558 4926; x_wconf 75' lang='grc' dir='ltr'><strong>καὶ</strong></span> <span class='ocrx_word' id='word_1_826' title='bbox 3602 4875 3739 4944; x_wconf 80' lang='grc' dir='ltr'><strong>πρὸς</strong></span> 
     </span>
    </p>
   </div>
   <div class='ocr_carea' id='block_1_113' title="bbox 2159 4960 3739 5035">
    <p class='ocr_par' dir='ltr' id='par_1_113' title="bbox 2159 4960 3739 5035">
     <span class='ocr_line' id='line_1_113' title="bbox 2159 4960 3739 5035; baseline 0.006 -26"><span class='ocrx_word' id='word_1_827' title='bbox 2159 4961 2256 5030; x_wconf 74' lang='grc' dir='ltr'><strong>τὴν</strong></span> <span class='ocrx_word' id='word_1_828' title='bbox 2283 4961 2483 5030; x_wconf 84' lang='grc' dir='ltr'><strong>ἐτέρων</strong></span> <span class='ocrx_word' id='word_1_829' title='bbox 2525 4960 2867 5028; x_wconf 84' lang='grc' dir='ltr'><strong>κατάγνωσιν</strong></span> <span class='ocrx_word' id='word_1_830' title='bbox 2914 4961 3014 5014; x_wconf 89' lang='grc' dir='ltr'><strong>οὑκ</strong></span> <span class='ocrx_word' id='word_1_831' title='bbox 3046 4963 3494 5035; x_wconf 60' lang='grc' dir='ltr'><strong>ἐπιστρέφονται,</strong></span> <span class='ocrx_word' id='word_1_832' title='bbox 3525 4964 3620 5017; x_wconf 79' lang='grc' dir='ltr'><strong>τοῦ</strong></span> <span class='ocrx_word' id='word_1_833' title='bbox 3660 4967 3739 5018; x_wconf 91' lang='grc' dir='ltr'><strong>οἰ-</strong></span> 
     </span>
    </p>
   </div>
   <div class='ocr_carea' id='block_1_114' title="bbox 2162 5051 3739 5124">
    <p class='ocr_par' dir='ltr' id='par_1_114' title="bbox 2162 5051 3739 5124">
     <span class='ocr_line' id='line_1_114' title="bbox 2162 5051 3739 5124; baseline 0.004 -21"><span class='ocrx_word' id='word_1_834' title='bbox 2162 5051 2307 5103; x_wconf 84' lang='grc' dir='ltr'><strong>κείου</strong></span> <span class='ocrx_word' id='word_1_835' title='bbox 2335 5052 2635 5114; x_wconf 84' lang='grc' dir='ltr'><strong>συνειδότος</strong></span> <span class='ocrx_word' id='word_1_836' title='bbox 2659 5051 2748 5103; x_wconf 73' lang='grc' dir='ltr'><strong>τὸν</strong></span> <span class='ocrx_word' id='word_1_837' title='bbox 2770 5052 2989 5120; x_wconf 82' lang='grc' dir='ltr'><strong>ἔλεγχον</strong></span> <span class='ocrx_word' id='word_1_838' title='bbox 3018 5053 3300 5122; x_wconf 83' lang='grc' dir='ltr'><strong>ἀμήχανον</strong></span> <span class='ocrx_word' id='word_1_839' title='bbox 3324 5056 3523 5118; x_wconf 77' lang='grc' dir='ltr'><strong>αὐτοὺς</strong></span> <span class='ocrx_word' id='word_1_840' title='bbox 3549 5056 3739 5124; x_wconf 79' lang='grc' dir='ltr'><strong>διαφυ-</strong></span> 
     </span>
    </p>
   </div>
   <div class='ocr_carea' id='block_1_115' title="bbox 2159 5142 3738 5210">
    <p class='ocr_par' dir='ltr' id='par_1_115' title="bbox 2159 5142 3738 5210">
     <span class='ocr_line' id='line_1_115' title="bbox 2159 5142 3738 5210; baseline 0.006 -17"><span class='ocrx_word' id='word_1_841' title='bbox 2159 5147 2294 5208; x_wconf 86' lang='grc' dir='ltr'><strong>γεῖν,</strong></span> <span class='ocrx_word' id='word_1_842' title='bbox 2317 5143 2405 5195; x_wconf 78' lang='grc' dir='ltr'><strong>τὸν</strong></span> <span class='ocrx_word' id='word_1_843' title='bbox 2433 5142 2691 5210; x_wconf 80' lang='grc' dir='ltr'><strong>ἄφυκτον,</strong></span> <span class='ocrx_word' id='word_1_844' title='bbox 2718 5143 2808 5195; x_wconf 72' lang='grc' dir='ltr'><strong>τὸν</strong></span> <span class='ocrx_word' id='word_1_845' title='bbox 2836 5144 3150 5209; x_wconf 79' lang='grc' dir='ltr'><strong>ἀδέκαστον,</strong></span> <span class='ocrx_word' id='word_1_846' title='bbox 3170 5145 3259 5198; x_wconf 81' lang='grc' dir='ltr'><strong>τὸν</strong></span> <span class='ocrx_word' id='word_1_847' title='bbox 3284 5146 3458 5199; x_wconf 72' lang='grc' dir='ltr'><strong>οὐδενὶ</strong></span> <span class='ocrx_word' id='word_1_848' title='bbox 3479 5158 3500 5186; x_wconf 75' lang='grc' dir='ltr'><strong>ε</strong></span> <span class='ocrx_word' id='word_1_849' title='bbox 3523 5151 3738 5202; x_wconf 79' lang='grc' dir='ltr'><strong>εἴκοντα</strong></span> 
     </span>
    </p>
   </div>
   <div class='ocr_carea' id='block_1_116' title="bbox 2160 5233 3736 5308">
    <p class='ocr_par' dir='ltr' id='par_1_116' title="bbox 2160 5233 3736 5308">
     <span class='ocr_line' id='line_1_116' title="bbox 2160 5233 3736 5308; baseline 0.006 -24"><span class='ocrx_word' id='word_1_850' title='bbox 2160 5233 2327 5302; x_wconf 83' lang='grc' dir='ltr'><strong>φόϐῳ,</strong></span> <span class='ocrx_word' id='word_1_851' title='bbox 2361 5234 2449 5286; x_wconf 85' lang='grc' dir='ltr'><strong>τὸν</strong></span> <span class='ocrx_word' id='word_1_852' title='bbox 2492 5235 2552 5286; x_wconf 86' lang='grc' dir='ltr'><strong>οὑ</strong></span> <span class='ocrx_word' id='word_1_853' title='bbox 2593 5233 2863 5305; x_wconf 78' lang='grc' dir='ltr'><strong>κολακεία,</strong></span> <span class='ocrx_word' id='word_1_854' title='bbox 2893 5237 2953 5288; x_wconf 87' lang='grc' dir='ltr'><strong>οὑ</strong></span> <span class='ocrx_word' id='word_1_855' title='bbox 2993 5238 3285 5306; x_wconf 88' lang='grc' dir='ltr'><strong>χρημάτων</strong></span> <span class='ocrx_word' id='word_1_856' title='bbox 3319 5239 3460 5291; x_wconf 86' lang='grc' dir='ltr'><strong>δόσει</strong></span> <span class='ocrx_word' id='word_1_857' title='bbox 3494 5241 3736 5308; x_wconf 84' lang='grc' dir='ltr'><strong>διαφθει-</strong></span> 
     </span>
    </p>
   </div>
   <div class='ocr_carea' id='block_1_117' title="bbox 2161 5324 3373 5397">
    <p class='ocr_par' dir='ltr' id='par_1_117' title="bbox 2161 5324 3373 5397">
     <span class='ocr_line' id='line_1_117' title="bbox 2161 5324 3373 5397; baseline 0.003 -22"><span class='ocrx_word' id='word_1_858' title='bbox 2161 5324 2405 5396; x_wconf 83' lang='grc' dir='ltr'><strong>ρόμενον,</strong></span> <span class='ocrx_word' id='word_1_859' title='bbox 2440 5326 2499 5377; x_wconf 83' lang='grc' dir='ltr'><strong>οὑ</strong></span> <span class='ocrx_word' id='word_1_860' title='bbox 2531 5325 2705 5395; x_wconf 83' lang='grc' dir='ltr'><strong>χρόνῳ</strong></span> <span class='ocrx_word' id='word_1_861' title='bbox 2739 5326 2934 5396; x_wconf 79' lang='grc' dir='ltr'><strong>μακρῷ</strong></span> <span class='ocrx_word' id='word_1_862' title='bbox 2961 5330 3373 5397; x_wconf 86' lang='grc' dir='ltr'><strong>μαραινόμενον.</strong></span> 
     </span>
    </p>
   </div>
   <div class='ocr_carea' id='block_1_118' title="bbox 2230 5413 3731 5487">
    <p class='ocr_par' dir='ltr' id='par_1_118' title="bbox 2230 5413 3731 5487">
     <span class='ocr_line' id='line_1_118' title="bbox 2230 5413 3731 5487; baseline 0.002 -19"><span class='ocrx_word' id='word_1_863' title='bbox 2230 5414 2293 5482; x_wconf 85' lang='grc' dir='ltr'><strong>β’.</strong></span> <span class='ocrx_word' id='word_1_864' title='bbox 2314 5415 2370 5464; x_wconf 85' lang='lat' dir='ltr'><strong>&#39;U</strong></span> <span class='ocrx_word' id='word_1_865' title='bbox 2397 5415 2504 5482; x_wconf 82' lang='grc' dir='ltr'><strong>γὰρ</strong></span> <span class='ocrx_word' id='word_1_866' title='bbox 2524 5413 2615 5466; x_wconf 80' lang='grc' dir='ltr'><strong>τοῦ</strong></span> <span class='ocrx_word' id='word_1_867' title='bbox 2646 5413 2833 5467; x_wconf 81' lang='grc' dir='ltr'><strong>Ἰακὼϐ</strong></span> <span class='ocrx_word' id='word_1_868' title='bbox 2856 5416 2989 5478; x_wconf 76' lang='grc' dir='ltr'><strong>υίὸς,</strong></span> <span class='ocrx_word' id='word_1_869' title='bbox 3005 5418 3033 5466; x_wconf 88' lang='lat'><em>6</em></span> <span class='ocrx_word' id='word_1_870' title='bbox 3051 5417 3183 5486; x_wconf 81' lang='grc' dir='ltr'><strong>πρὸς</strong></span> <span class='ocrx_word' id='word_1_871' title='bbox 3199 5417 3289 5468; x_wconf 76' lang='grc' dir='ltr'><strong>τὸν</strong></span> <span class='ocrx_word' id='word_1_872' title='bbox 3311 5418 3520 5487; x_wconf 85' lang='grc' dir='ltr'><strong>πατέρα</strong></span> <span class='ocrx_word' id='word_1_873' title='bbox 3542 5418 3731 5484; x_wconf 84' lang='grc' dir='ltr'><strong>εἰπὼν,</strong></span> 
     </span>
    </p>
   </div>
   <div class='ocr_carea' id='block_1_119' title="bbox 2156 5505 3732 5579">
    <p class='ocr_par' dir='ltr' id='par_1_119' title="bbox 2156 5505 3732 5579">
     <span class='ocr_line' id='line_1_119' title="bbox 2156 5505 3732 5579; baseline 0.006 -22"><span class='ocrx_word' id='word_1_874' title='bbox 2156 5505 2235 5558; x_wconf 83' lang='grc' dir='ltr'><strong>ὅτι</strong></span> <span class='ocrx_word' id='word_1_875' title='bbox 2259 5505 2445 5576; x_wconf 80' lang='grc' dir='ltr'><strong>θηρίον</strong></span> <span class='ocrx_word' id='word_1_876' title='bbox 2473 5507 2705 5576; x_wconf 84' lang='grc' dir='ltr'><strong>πονηρὸν</strong></span> <span class='ocrx_word' id='word_1_877' title='bbox 2733 5507 3006 5575; x_wconf 78' lang='grc' dir='ltr'><strong>κατέφαγε</strong></span> <span class='ocrx_word' id='word_1_878' title='bbox 3038 5508 3127 5560; x_wconf 80' lang='grc' dir='ltr'><strong>τὸν</strong></span> <span class='ocrx_word' id='word_1_879' title='bbox 3160 5511 3378 5579; x_wconf 76' lang='grc' dir='ltr'><strong>Ἰωσὴφ,</strong></span> <span class='ocrx_word' id='word_1_880' title='bbox 3415 5511 3510 5564; x_wconf 72' lang='grc' dir='ltr'><strong>καὶ</strong></span> <span class='ocrx_word' id='word_1_881' title='bbox 3539 5512 3600 5564; x_wconf 81' lang='grc' dir='ltr'><strong>τὸ</strong></span> <span class='ocrx_word' id='word_1_882' title='bbox 3635 5529 3732 5566; x_wconf 82' lang='grc' dir='ltr'><strong>πο-</strong></span> 
     </span>
    </p>
   </div>
   <div class='ocr_carea' id='block_1_120' title="bbox 2155 5597 3733 5672">
    <p class='ocr_par' dir='ltr' id='par_1_120' title="bbox 2155 5597 3733 5672">
     <span class='ocr_line' id='line_1_120' title="bbox 2155 5597 3733 5672; baseline 0.003 -21"><span class='ocrx_word' id='word_1_883' title='bbox 2155 5597 2321 5666; x_wconf 84' lang='grc' dir='ltr'><strong>νηρὸν</strong></span> <span class='ocrx_word' id='word_1_884' title='bbox 2363 5597 2538 5647; x_wconf 84' lang='grc' dir='ltr'><strong>ἐκεῖνο</strong></span> <span class='ocrx_word' id='word_1_885' title='bbox 2578 5597 3012 5667; x_wconf 86' lang='grc' dir='ltr'><strong>ὑποκρινάμενος</strong></span> <span class='ocrx_word' id='word_1_886' title='bbox 3050 5598 3261 5668; x_wconf 76' lang='grc' dir='ltr'><strong>δρᾶμα,</strong></span> <span class='ocrx_word' id='word_1_887' title='bbox 3312 5602 3403 5654; x_wconf 79' lang='grc' dir='ltr'><strong>καὶ</strong></span> <span class='ocrx_word' id='word_1_888' title='bbox 3448 5600 3524 5670; x_wconf 84' lang='grc' dir='ltr'><strong>τῷ</strong></span> <span class='ocrx_word' id='word_1_889' title='bbox 3564 5619 3733 5672; x_wconf 78' lang='grc' dir='ltr'><strong>προσο-</strong></span> 
     </span>
    </p>
   </div>
   <div class='ocr_carea' id='block_1_121' title="bbox 2218 5687 2746 5751">
    <p class='ocr_par' dir='ltr' id='par_1_121' title="bbox 2218 5687 2746 5751">
     <span class='ocr_line' id='line_1_121' title="bbox 2218 5687 2746 5751; baseline 0.006 -17"><span class='ocrx_word' id='word_1_890' title='bbox 2218 5688 2242 5724; x_wconf 78' lang='lat' dir='ltr'><strong>d</strong></span> <span class='ocrx_word' id='word_1_891' title='bbox 2271 5687 2422 5751; x_wconf 63' lang='lat' dir='ltr'><strong>[idem</strong></span> <span class='ocrx_word' id='word_1_892' title='bbox 2441 5688 2746 5751; x_wconf 77' lang='grc' dir='ltr'><strong>ὑψηλοτέρας.</strong></span> 
     </span>
    </p>
   </div>
   <div class='ocr_carea' id='block_1_122' title="bbox 2223 5748 3731 5815">
    <p class='ocr_par' dir='ltr' id='par_1_122' title="bbox 2223 5748 3731 5815">
     <span class='ocr_line' id='line_1_122' title="bbox 2223 5748 3731 5815; baseline 0.005 -20"><span class='ocrx_word' id='word_1_893' title='bbox 2223 5762 2244 5815; x_wconf 60' lang='grc' dir='ltr'><strong>(ξ</strong></span> <span class='ocrx_word' id='word_1_894' title='bbox 2271 5748 2394 5815; x_wconf 69' lang='grc' dir='ltr'><strong>Τι’βε</strong></span> <span class='ocrx_word' id='word_1_895' title='bbox 2421 5762 2548 5815; x_wconf 35' lang='lat' dir='ltr'>lnge.</span> <span class='ocrx_word' id='word_1_896' title='bbox 2576 5748 2661 5796; x_wconf 81' lang='grc' dir='ltr'><strong>τὸν</strong></span> <span class='ocrx_word' id='word_1_897' title='bbox 2698 5751 2922 5815; x_wconf 76' lang='grc' dir='ltr'><strong>ᾇφυκτον,</strong></span> <span class='ocrx_word' id='word_1_898' title='bbox 2945 5753 3023 5799; x_wconf 84' lang='grc' dir='ltr'><strong>τὸν</strong></span> <span class='ocrx_word' id='word_1_899' title='bbox 3060 5751 3344 5814; x_wconf 79' lang='grc' dir='ltr'><strong>ἀδέκαστον,</strong></span> <span class='ocrx_word' id='word_1_900' title='bbox 3363 5753 3443 5801; x_wconf 87' lang='grc' dir='ltr'><strong>τὸν</strong></span> <span class='ocrx_word' id='word_1_901' title='bbox 3472 5751 3639 5802; x_wconf 78' lang='grc' dir='ltr'><strong>οὐθενί.</strong></span> <span class='ocrx_word' id='word_1_902' title='bbox 3665 5749 3731 5803; x_wconf 62' lang='lat' dir='ltr'><strong>in</strong></span> 
     </span>
    </p>
   </div>
   <div class='ocr_carea' id='block_1_123' title="bbox 2163 5810 2849 5860">
    <p class='ocr_par' dir='ltr' id='par_1_123' title="bbox 2163 5810 2849 5860">
     <span class='ocr_line' id='line_1_123' title="bbox 2163 5810 2849 5860; baseline 0.004 -2"><span class='ocrx_word' id='word_1_903' title='bbox 2163 5810 2282 5858; x_wconf 78' lang='lat' dir='ltr'><strong>edit.</strong></span> <span class='ocrx_word' id='word_1_904' title='bbox 2305 5811 2384 5857; x_wconf 87' lang='grc' dir='ltr'><strong>τὸν</strong></span> <span class='ocrx_word' id='word_1_905' title='bbox 2407 5811 2668 5858; x_wconf 76' lang='grc' dir='ltr'><strong>ἀδέκαστον</strong></span> <span class='ocrx_word' id='word_1_906' title='bbox 2690 5810 2849 5860; x_wconf 63' lang='grc' dir='ltr'><strong>ἀύτει.</strong></span> 
     </span>
    </p>
   </div>
  </div>
