  <div class='ocr_page' id='page_1' title='image "/cluster/home/n/w/nwhite01/storage/ocr_20150623/52/ien.35556001660794/222.png"; bbox 0 0 4078 6430; ppageno 0'>
   <div class='ocr_carea' id='block_1_1' title="bbox 265 351 358 410">
    <p class='ocr_par' dir='ltr' id='par_1_1' title="bbox 265 351 358 410">
     <span class='ocr_line' id='line_1_1' title="bbox 265 351 358 410; baseline -0.065 1"><span class='ocrx_word' id='word_1_1' title='bbox 265 351 358 410; x_wconf 78' lang='grc'><strong>601</strong></span> 
     </span>
    </p>
   </div>
   <div class='ocr_carea' id='block_1_2' title="bbox 261 473 1858 551">
    <p class='ocr_par' dir='ltr' id='par_1_2' title="bbox 261 473 1858 551">
     <span class='ocr_line' id='line_1_2' title="bbox 261 473 1858 551; baseline -0.004 -17"><span class='ocrx_word' id='word_1_2' title='bbox 261 474 432 542; x_wconf 77' lang='lat' dir='ltr'><strong>cidit,</strong></span> <span class='ocrx_word' id='word_1_3' title='bbox 477 475 576 533; x_wconf 82' lang='lat' dir='ltr'><strong>setl</strong></span> <span class='ocrx_word' id='word_1_4' title='bbox 599 478 760 535; x_wconf 86' lang='lat' dir='ltr'><strong>etiam</strong></span> <span class='ocrx_word' id='word_1_5' title='bbox 807 479 942 551; x_wconf 88' lang='lat' dir='ltr'><strong>ipsa,</strong></span> <span class='ocrx_word' id='word_1_6' title='bbox 975 493 1045 534; x_wconf 89' lang='lat' dir='ltr'><strong>ne</strong></span> <span class='ocrx_word' id='word_1_7' title='bbox 1091 478 1143 534; x_wconf 99' lang='lat' dir='ltr'><strong>id</strong></span> <span class='ocrx_word' id='word_1_8' title='bbox 1191 478 1308 533; x_wconf 87' lang='lat' dir='ltr'><strong>aliis</strong></span> <span class='ocrx_word' id='word_1_9' title='bbox 1351 475 1533 532; x_wconf 89' lang='lat' dir='ltr'><strong>multis</strong></span> <span class='ocrx_word' id='word_1_10' title='bbox 1572 473 1858 538; x_wconf 87' lang='lat' dir='ltr'><strong>accideret,</strong></span> 
     </span>
    </p>
   </div>
   <div class='ocr_carea' id='block_1_3' title="bbox 263 555 1868 641">
    <p class='ocr_par' dir='ltr' id='par_1_3' title="bbox 263 555 1868 641">
     <span class='ocr_line' id='line_1_3' title="bbox 263 555 1868 641; baseline -0.002 -20"><span class='ocrx_word' id='word_1_11' title='bbox 263 567 617 638; x_wconf 73' lang='lat' dir='ltr'><strong>prohibuisti.</strong></span> <span class='ocrx_word' id='word_1_12' title='bbox 680 572 852 641; x_wconf 79' lang='lat' dir='ltr'><strong>Atque</strong></span> <span class='ocrx_word' id='word_1_13' title='bbox 900 570 979 624; x_wconf 87' lang='lat' dir='ltr'><strong>illi</strong></span> <span class='ocrx_word' id='word_1_14' title='bbox 1021 584 1127 623; x_wconf 92' lang='lat' dir='ltr'><strong>non</strong></span> <span class='ocrx_word' id='word_1_15' title='bbox 1173 555 1331 638; x_wconf 83' lang='lat' dir='ltr'><strong>longe</strong></span> <span class='ocrx_word' id='word_1_16' title='bbox 1387 569 1440 623; x_wconf 81' lang='lat' dir='ltr'><strong>in</strong></span> <span class='ocrx_word' id='word_1_17' title='bbox 1483 564 1868 623; x_wconf 71' lang='lat' dir='ltr'><strong>certaminibus</strong></span> 
     </span>
    </p>
   </div>
   <div class='ocr_carea' id='block_1_4' title="bbox 263 654 1864 730">
    <p class='ocr_par' dir='ltr' id='par_1_4' title="bbox 263 654 1864 730">
     <span class='ocr_line' id='line_1_4' title="bbox 263 654 1864 730; baseline -0.004 -14"><span class='ocrx_word' id='word_1_18' title='bbox 263 658 562 728; x_wconf 71' lang='lat' dir='ltr'><strong>progressi,</strong></span> <span class='ocrx_word' id='word_1_19' title='bbox 594 675 778 715; x_wconf 89' lang='lat' dir='ltr'><strong>verum</strong></span> <span class='ocrx_word' id='word_1_20' title='bbox 807 659 859 713; x_wconf 92' lang='lat' dir='ltr'><strong>in</strong></span> <span class='ocrx_word' id='word_1_21' title='bbox 898 660 1031 730; x_wconf 91' lang='lat' dir='ltr'><strong>ipsis</strong></span> <span class='ocrx_word' id='word_1_22' title='bbox 1056 659 1350 729; x_wconf 67' lang='lat' dir='ltr'><strong>praeludiis,</strong></span> <span class='ocrx_word' id='word_1_23' title='bbox 1377 658 1636 730; x_wconf 79' lang='lat' dir='ltr'><strong>ipsisque,</strong></span> <span class='ocrx_word' id='word_1_24' title='bbox 1687 664 1746 710; x_wconf 93' lang='lat' dir='ltr'><strong>ut</strong></span> <span class='ocrx_word' id='word_1_25' title='bbox 1789 654 1864 710; x_wconf 91' lang='lat' dir='ltr'><strong>ita</strong></span> 
     </span>
    </p>
   </div>
   <div class='ocr_carea' id='block_1_5' title="bbox 260 750 1867 822">
    <p class='ocr_par' dir='ltr' id='par_1_5' title="bbox 260 750 1867 822">
     <span class='ocr_line' id='line_1_5' title="bbox 260 750 1867 822; baseline -0.001 -19"><span class='ocrx_word' id='word_1_26' title='bbox 260 750 464 816; x_wconf 90' lang='lat' dir='ltr'><strong>dicam,</strong></span> <span class='ocrx_word' id='word_1_27' title='bbox 497 751 804 807; x_wconf 83' lang='lat' dir='ltr'><strong>carceribus</strong></span> <span class='ocrx_word' id='word_1_28' title='bbox 831 752 1172 822; x_wconf 70' lang='lat' dir='ltr'><strong>prosilientaes</strong></span> <span class='ocrx_word' id='word_1_29' title='bbox 1193 751 1388 821; x_wconf 74' lang='lat' dir='ltr'><strong>deiecti</strong></span> <span class='ocrx_word' id='word_1_30' title='bbox 1414 758 1579 805; x_wconf 88' lang='lat' dir='ltr'><strong>sunt:</strong></span> <span class='ocrx_word' id='word_1_31' title='bbox 1607 756 1664 803; x_wconf 91' lang='lat' dir='ltr'><strong>tu</strong></span> <span class='ocrx_word' id='word_1_32' title='bbox 1689 757 1867 802; x_wconf 90' lang='lat' dir='ltr'><strong>autem</strong></span> 
     </span>
    </p>
   </div>
   <div class='ocr_carea' id='block_1_6' title="bbox 262 841 1870 910">
    <p class='ocr_par' dir='ltr' id='par_1_6' title="bbox 262 841 1870 910">
     <span class='ocr_line' id='line_1_6' title="bbox 262 841 1870 910; baseline -0.002 -13"><span class='ocrx_word' id='word_1_33' title='bbox 262 853 567 898; x_wconf 85' lang='lat' dir='ltr'><strong>extremam</strong></span> <span class='ocrx_word' id='word_1_34' title='bbox 613 853 808 899; x_wconf 89' lang='lat' dir='ltr'><strong>metam</strong></span> <span class='ocrx_word' id='word_1_35' title='bbox 837 845 1135 901; x_wconf 74' lang='lat' dir='ltr'><strong>sexcenties</strong></span> <span class='ocrx_word' id='word_1_36' title='bbox 1179 844 1522 908; x_wconf 85' lang='lat' dir='ltr'><strong>circumiens,</strong></span> <span class='ocrx_word' id='word_1_37' title='bbox 1562 842 1616 896; x_wconf 92' lang='lat' dir='ltr'><strong>in</strong></span> <span class='ocrx_word' id='word_1_38' title='bbox 1644 841 1870 910; x_wconf 80' lang='lat' dir='ltr'><strong>singulis</strong></span> 
     </span>
    </p>
   </div>
   <div class='ocr_carea' id='block_1_7' title="bbox 255 932 1868 1005">
    <p class='ocr_par' dir='ltr' id='par_1_7' title="bbox 255 932 1868 1005">
     <span class='ocr_line' id='line_1_7' title="bbox 255 932 1868 1005; baseline -0.001 -19"><span class='ocrx_word' id='word_1_39' title='bbox 255 932 516 988; x_wconf 79' lang='lat' dir='ltr'><strong>cursibus</strong></span> <span class='ocrx_word' id='word_1_40' title='bbox 545 934 771 1002; x_wconf 79' lang='lat' dir='ltr'><strong>palmam</strong></span> <span class='ocrx_word' id='word_1_41' title='bbox 798 935 1090 1005; x_wconf 88' lang='lat' dir='ltr'><strong>arripuisti,</strong></span> <span class='ocrx_word' id='word_1_42' title='bbox 1121 935 1307 991; x_wconf 91' lang='lat' dir='ltr'><strong>multis</strong></span> <span class='ocrx_word' id='word_1_43' title='bbox 1329 934 1597 1003; x_wconf 88' lang='lat' dir='ltr'><strong>variisque</strong></span> <span class='ocrx_word' id='word_1_44' title='bbox 1613 932 1868 988; x_wconf 89' lang='lat' dir='ltr'><strong>certami-</strong></span> 
     </span>
    </p>
   </div>
   <div class='ocr_carea' id='block_1_8' title="bbox 263 1025 1867 1098">
    <p class='ocr_par' dir='ltr' id='par_1_8' title="bbox 263 1025 1867 1098">
     <span class='ocr_line' id='line_1_8' title="bbox 263 1025 1867 1098; baseline -0.001 -20"><span class='ocrx_word' id='word_1_45' title='bbox 263 1039 393 1078; x_wconf 90' lang='lat' dir='ltr'><strong>num</strong></span> <span class='ocrx_word' id='word_1_46' title='bbox 424 1025 716 1095; x_wconf 71' lang='lat' dir='ltr'><strong>generibus</strong></span> <span class='ocrx_word' id='word_1_47' title='bbox 742 1027 928 1094; x_wconf 89' lang='lat' dir='ltr'><strong>editis;</strong></span> <span class='ocrx_word' id='word_1_48' title='bbox 959 1035 1014 1083; x_wconf 91' lang='lat' dir='ltr'><strong>et</strong></span> <span class='ocrx_word' id='word_1_49' title='bbox 1038 1029 1235 1084; x_wconf 88' lang='lat' dir='ltr'><strong>merito</strong></span> <span class='ocrx_word' id='word_1_50' title='bbox 1248 1027 1489 1098; x_wconf 88' lang='lat' dir='ltr'><strong>quidem.</strong></span> <span class='ocrx_word' id='word_1_51' title='bbox 1513 1025 1699 1095; x_wconf 85' lang='lat' dir='ltr'><strong>Neque</strong></span> <span class='ocrx_word' id='word_1_52' title='bbox 1723 1027 1867 1079; x_wconf 90' lang='lat' dir='ltr'><strong>enim</strong></span> 
     </span>
    </p>
   </div>
   <div class='ocr_carea' id='block_1_9' title="bbox 263 1114 1870 1188">
    <p class='ocr_par' dir='ltr' id='par_1_9' title="bbox 263 1114 1870 1188">
     <span class='ocr_line' id='line_1_9' title="bbox 263 1114 1870 1188; baseline 0 -20"><span class='ocrx_word' id='word_1_53' title='bbox 263 1114 316 1168; x_wconf 91' lang='lat' dir='ltr'><strong>in</strong></span> <span class='ocrx_word' id='word_1_54' title='bbox 346 1125 534 1178; x_wconf 75' lang='lat' dir='ltr'><strong>mtate.</strong></span> <span class='ocrx_word' id='word_1_55' title='bbox 567 1129 666 1171; x_wconf 88' lang='lat' dir='ltr'><strong>nec</strong></span> <span class='ocrx_word' id='word_1_56' title='bbox 685 1118 738 1171; x_wconf 90' lang='lat' dir='ltr'><strong>in</strong></span> <span class='ocrx_word' id='word_1_57' title='bbox 767 1132 1015 1188; x_wconf 90' lang='lat' dir='ltr'><strong>corpore,</strong></span> <span class='ocrx_word' id='word_1_58' title='bbox 1052 1119 1147 1174; x_wconf 89' lang='lat' dir='ltr'><strong>sed</strong></span> <span class='ocrx_word' id='word_1_59' title='bbox 1173 1119 1228 1173; x_wconf 89' lang='lat' dir='ltr'><strong>in</strong></span> <span class='ocrx_word' id='word_1_60' title='bbox 1253 1119 1435 1176; x_wconf 90' lang='lat' dir='ltr'><strong>animo</strong></span> <span class='ocrx_word' id='word_1_61' title='bbox 1457 1117 1576 1174; x_wconf 86' lang='lat' dir='ltr'><strong>solo</strong></span> <span class='ocrx_word' id='word_1_62' title='bbox 1601 1124 1658 1175; x_wconf 89' lang='lat' dir='ltr'><strong>et</strong></span> <span class='ocrx_word' id='word_1_63' title='bbox 1678 1115 1870 1171; x_wconf 85' lang='lat' dir='ltr'><strong>volun-</strong></span> 
     </span>
    </p>
   </div>
   <div class='ocr_carea' id='block_1_10' title="bbox 263 1207 1868 1265">
    <p class='ocr_par' dir='ltr' id='par_1_10' title="bbox 263 1207 1868 1265">
     <span class='ocr_line' id='line_1_10' title="bbox 263 1207 1868 1265; baseline 0.001 -6"><span class='ocrx_word' id='word_1_64' title='bbox 263 1213 373 1261; x_wconf 83' lang='lat' dir='ltr'><strong>tate</strong></span> <span class='ocrx_word' id='word_1_65' title='bbox 401 1207 615 1262; x_wconf 85' lang='lat' dir='ltr'><strong>virtutis</strong></span> <span class='ocrx_word' id='word_1_66' title='bbox 631 1209 920 1264; x_wconf 90' lang='lat' dir='ltr'><strong>certamina</strong></span> <span class='ocrx_word' id='word_1_67' title='bbox 967 1209 1255 1265; x_wconf 88' lang='lat' dir='ltr'><strong>constituta</strong></span> <span class='ocrx_word' id='word_1_68' title='bbox 1297 1218 1441 1264; x_wconf 91' lang='lat' dir='ltr'><strong>sunt.</strong></span> <span class='ocrx_word' id='word_1_69' title='bbox 1476 1208 1566 1264; x_wconf 87' lang='lat' dir='ltr'><strong>Sic</strong></span> <span class='ocrx_word' id='word_1_70' title='bbox 1603 1218 1658 1263; x_wconf 90' lang='lat' dir='ltr'><strong>et</strong></span> <span class='ocrx_word' id='word_1_71' title='bbox 1710 1207 1868 1262; x_wconf 87' lang='lat' dir='ltr'><strong>femi-</strong></span> 
     </span>
    </p>
   </div>
   <div class='ocr_carea' id='block_1_11' title="bbox 263 1301 1871 1371">
    <p class='ocr_par' dir='ltr' id='par_1_11' title="bbox 263 1301 1871 1371">
     <span class='ocr_line' id='line_1_11' title="bbox 263 1301 1871 1371; baseline 0.001 -21"><span class='ocrx_word' id='word_1_72' title='bbox 263 1311 348 1352; x_wconf 75' lang='lat' dir='ltr'><strong>nm</strong></span> <span class='ocrx_word' id='word_1_73' title='bbox 368 1313 630 1356; x_wconf 81' lang='lat' dir='ltr'><strong>coronam</strong></span> <span class='ocrx_word' id='word_1_74' title='bbox 661 1301 1038 1366; x_wconf 87' lang='lat' dir='ltr'><strong>obtinuerunt,</strong></span> <span class='ocrx_word' id='word_1_75' title='bbox 1072 1310 1128 1357; x_wconf 91' lang='lat' dir='ltr'><strong>et</strong></span> <span class='ocrx_word' id='word_1_76' title='bbox 1158 1303 1258 1356; x_wconf 89' lang='lat' dir='ltr'><strong>viri</strong></span> <span class='ocrx_word' id='word_1_77' title='bbox 1299 1301 1554 1371; x_wconf 86' lang='lat' dir='ltr'><strong>prostrati</strong></span> <span class='ocrx_word' id='word_1_78' title='bbox 1581 1309 1708 1355; x_wconf 88' lang='lat' dir='ltr'><strong>sunt</strong></span> <span class='ocrx_word' id='word_1_79' title='bbox 1750 1316 1764 1354; x_wconf 91' lang='lat'><strong>:</strong></span> <span class='ocrx_word' id='word_1_80' title='bbox 1793 1301 1871 1353; x_wconf 89' lang='lat' dir='ltr'><strong>sic</strong></span> 
     </span>
    </p>
   </div>
   <div class='ocr_carea' id='block_1_12' title="bbox 259 1388 1871 1463">
    <p class='ocr_par' dir='ltr' id='par_1_12' title="bbox 259 1388 1871 1463">
     <span class='ocr_line' id='line_1_12' title="bbox 259 1388 1871 1463; baseline 0.001 -21"><span class='ocrx_word' id='word_1_81' title='bbox 259 1397 318 1442; x_wconf 87' lang='lat' dir='ltr'><strong>et</strong></span> <span class='ocrx_word' id='word_1_82' title='bbox 371 1391 527 1458; x_wconf 87' lang='lat' dir='ltr'><strong>pueri</strong></span> <span class='ocrx_word' id='word_1_83' title='bbox 575 1391 826 1446; x_wconf 89' lang='lat' dir='ltr'><strong>celebrati</strong></span> <span class='ocrx_word' id='word_1_84' title='bbox 879 1401 1025 1459; x_wconf 89' lang='lat' dir='ltr'><strong>sunt,</strong></span> <span class='ocrx_word' id='word_1_85' title='bbox 1081 1400 1137 1447; x_wconf 91' lang='lat' dir='ltr'><strong>et</strong></span> <span class='ocrx_word' id='word_1_86' title='bbox 1162 1407 1321 1448; x_wconf 88' lang='lat' dir='ltr'><strong>senes</strong></span> <span class='ocrx_word' id='word_1_87' title='bbox 1349 1391 1555 1463; x_wconf 88' lang='lat' dir='ltr'><strong>pudore</strong></span> <span class='ocrx_word' id='word_1_88' title='bbox 1599 1400 1758 1460; x_wconf 87' lang='lat' dir='ltr'><strong>atque</strong></span> <span class='ocrx_word' id='word_1_89' title='bbox 1783 1388 1871 1458; x_wconf 79' lang='lat' dir='ltr'><strong>ig-</strong></span> 
     </span>
    </p>
   </div>
   <div class='ocr_carea' id='block_1_13' title="bbox 263 1480 1872 1552">
    <p class='ocr_par' dir='ltr' id='par_1_13' title="bbox 263 1480 1872 1552">
     <span class='ocr_line' id='line_1_13' title="bbox 263 1480 1872 1552; baseline 0.001 -20"><span class='ocrx_word' id='word_1_90' title='bbox 263 1481 502 1534; x_wconf 87' lang='lat' dir='ltr'><strong>nominia</strong></span> <span class='ocrx_word' id='word_1_91' title='bbox 546 1481 753 1536; x_wconf 84' lang='lat' dir='ltr'><strong>suﬂ‘usi.</strong></span> <span class='ocrx_word' id='word_1_92' title='bbox 804 1480 1028 1552; x_wconf 82' lang='lat' dir='ltr'><strong>Semper</strong></span> <span class='ocrx_word' id='word_1_93' title='bbox 1056 1484 1271 1552; x_wconf 84' lang='lat' dir='ltr'><strong>quidem</strong></span> <span class='ocrx_word' id='word_1_94' title='bbox 1326 1481 1579 1538; x_wconf 84' lang='lat' dir='ltr'><strong>admirari</strong></span> <span class='ocrx_word' id='word_1_95' title='bbox 1631 1490 1729 1551; x_wconf 85' lang='lat' dir='ltr'><strong>par</strong></span> <span class='ocrx_word' id='word_1_96' title='bbox 1787 1488 1872 1534; x_wconf 87' lang='lat' dir='ltr'><strong>est</strong></span> 
     </span>
    </p>
   </div>
   <div class='ocr_carea' id='block_1_14' title="bbox 260 1573 1870 1640">
    <p class='ocr_par' dir='ltr' id='par_1_14' title="bbox 260 1573 1870 1640">
     <span class='ocr_line' id='line_1_14' title="bbox 260 1573 1870 1640; baseline 0.001 -15"><span class='ocrx_word' id='word_1_97' title='bbox 260 1584 358 1626; x_wconf 85' lang='lat' dir='ltr'><strong>cos</strong></span> <span class='ocrx_word' id='word_1_98' title='bbox 410 1573 501 1640; x_wconf 90' lang='lat' dir='ltr'><strong>qui</strong></span> <span class='ocrx_word' id='word_1_99' title='bbox 553 1574 760 1628; x_wconf 87' lang='lat' dir='ltr'><strong>virtutis</strong></span> <span class='ocrx_word' id='word_1_100' title='bbox 816 1575 1053 1628; x_wconf 88' lang='lat' dir='ltr'><strong>studium</strong></span> <span class='ocrx_word' id='word_1_101' title='bbox 1106 1583 1520 1640; x_wconf 87' lang='lat' dir='ltr'><strong>consectantur,</strong></span> <span class='ocrx_word' id='word_1_102' title='bbox 1573 1581 1686 1627; x_wconf 89' lang='lat' dir='ltr'><strong>tum</strong></span> <span class='ocrx_word' id='word_1_103' title='bbox 1741 1586 1870 1626; x_wconf 89' lang='lat' dir='ltr'><strong>vero</strong></span> 
     </span>
    </p>
   </div>
   <div class='ocr_carea' id='block_1_15' title="bbox 263 1663 1878 1736">
    <p class='ocr_par' dir='ltr' id='par_1_15' title="bbox 263 1663 1878 1736">
     <span class='ocr_line' id='line_1_15' title="bbox 263 1663 1878 1736; baseline 0.002 -18"><span class='ocrx_word' id='word_1_104' title='bbox 263 1663 536 1734; x_wconf 73' lang='lat' dir='ltr'><strong>praecipue</strong></span> <span class='ocrx_word' id='word_1_105' title='bbox 558 1707 572 1727; x_wconf 86' lang='lat'><strong>,</strong></span> <span class='ocrx_word' id='word_1_106' title='bbox 603 1681 724 1720; x_wconf 87' lang='lat' dir='ltr'><strong>cum</strong></span> <span class='ocrx_word' id='word_1_107' title='bbox 769 1668 950 1721; x_wconf 86' lang='lat' dir='ltr'><strong>multis</strong></span> <span class='ocrx_word' id='word_1_108' title='bbox 975 1682 1092 1722; x_wconf 89' lang='lat' dir='ltr'><strong>eam</strong></span> <span class='ocrx_word' id='word_1_109' title='bbox 1121 1665 1496 1722; x_wconf 82' lang='lat' dir='ltr'><strong>deserentibus</strong></span> <span class='ocrx_word' id='word_1_110' title='bbox 1549 1665 1765 1736; x_wconf 88' lang='lat' dir='ltr'><strong>quidam</strong></span> <span class='ocrx_word' id='word_1_111' title='bbox 1790 1680 1878 1721; x_wconf 51' lang='lat' dir='ltr'><strong>res</strong></span> 
     </span>
    </p>
   </div>
   <div class='ocr_carea' id='block_1_16' title="bbox 264 1753 1870 1828">
    <p class='ocr_par' dir='ltr' id='par_1_16' title="bbox 264 1753 1870 1828">
     <span class='ocr_line' id='line_1_16' title="bbox 264 1753 1870 1828; baseline 0.004 -21"><span class='ocrx_word' id='word_1_112' title='bbox 264 1753 548 1822; x_wconf 88' lang='lat' dir='ltr'><strong>periuntur</strong></span> <span class='ocrx_word' id='word_1_113' title='bbox 597 1757 686 1826; x_wconf 90' lang='lat' dir='ltr'><strong>qui</strong></span> <span class='ocrx_word' id='word_1_114' title='bbox 735 1771 852 1812; x_wconf 90' lang='lat' dir='ltr'><strong>eam</strong></span> <span class='ocrx_word' id='word_1_115' title='bbox 899 1757 1344 1827; x_wconf 86' lang='lat' dir='ltr'><strong>complectantur.</strong></span> <span class='ocrx_word' id='word_1_116' title='bbox 1398 1757 1512 1812; x_wconf 78' lang='lat' dir='ltr'><strong>Hoc</strong></span> <span class='ocrx_word' id='word_1_117' title='bbox 1557 1757 1718 1828; x_wconf 91' lang='lat' dir='ltr'><strong>igitur</strong></span> <span class='ocrx_word' id='word_1_118' title='bbox 1764 1771 1870 1813; x_wconf 41' lang='lat' dir='ltr'><strong>nos</strong></span> 
     </span>
    </p>
   </div>
   <div class='ocr_carea' id='block_1_17' title="bbox 259 1845 1866 1919">
    <p class='ocr_par' dir='ltr' id='par_1_17' title="bbox 259 1845 1866 1919">
     <span class='ocr_line' id='line_1_17' title="bbox 259 1845 1866 1919; baseline 0.004 -21"><span class='ocrx_word' id='word_1_119' title='bbox 259 1845 407 1898; x_wconf 86' lang='lat' dir='ltr'><strong>mine</strong></span> <span class='ocrx_word' id='word_1_120' title='bbox 459 1856 513 1900; x_wconf 88' lang='lat' dir='ltr'><strong>te</strong></span> <span class='ocrx_word' id='word_1_121' title='bbox 543 1861 755 1917; x_wconf 87' lang='lat' dir='ltr'><strong>quoque</strong></span> <span class='ocrx_word' id='word_1_122' title='bbox 784 1863 1126 1919; x_wconf 87' lang='lat' dir='ltr'><strong>summopere</strong></span> <span class='ocrx_word' id='word_1_123' title='bbox 1165 1849 1423 1904; x_wconf 88' lang='lat' dir='ltr'><strong>admirari</strong></span> <span class='ocrx_word' id='word_1_124' title='bbox 1474 1863 1538 1904; x_wconf 90' lang='lat' dir='ltr'><strong>ac</strong></span> <span class='ocrx_word' id='word_1_125' title='bbox 1596 1848 1866 1918; x_wconf 86' lang='lat' dir='ltr'><strong>suspicere</strong></span> 
     </span>
    </p>
   </div>
   <div class='ocr_carea' id='block_1_18' title="bbox 259 1938 1866 2008">
    <p class='ocr_par' dir='ltr' id='par_1_18' title="bbox 259 1938 1866 2008">
     <span class='ocr_line' id='line_1_18' title="bbox 259 1938 1866 2008; baseline 0.003 -19"><span class='ocrx_word' id='word_1_126' title='bbox 259 1938 540 2004; x_wconf 73' lang='lat' dir='ltr'><strong>convenit,</strong></span> <span class='ocrx_word' id='word_1_127' title='bbox 571 1939 712 2008; x_wconf 86' lang='lat' dir='ltr'><strong>quod</strong></span> <span class='ocrx_word' id='word_1_128' title='bbox 741 1955 863 1994; x_wconf 91' lang='lat' dir='ltr'><strong>cum</strong></span> <span class='ocrx_word' id='word_1_129' title='bbox 886 1949 965 1996; x_wconf 92' lang='lat' dir='ltr'><strong>tot</strong></span> <span class='ocrx_word' id='word_1_130' title='bbox 1002 1941 1122 2007; x_wconf 88' lang='lat' dir='ltr'><strong>viri,</strong></span> <span class='ocrx_word' id='word_1_131' title='bbox 1177 1950 1254 1996; x_wconf 92' lang='lat' dir='ltr'><strong>tot</strong></span> <span class='ocrx_word' id='word_1_132' title='bbox 1284 1940 1514 2004; x_wconf 69' lang='lat' dir='ltr'><strong>feminae,</strong></span> <span class='ocrx_word' id='word_1_133' title='bbox 1571 1949 1650 1995; x_wconf 90' lang='lat' dir='ltr'><strong>t0t</strong></span> <span class='ocrx_word' id='word_1_134' title='bbox 1686 1953 1866 2005; x_wconf 87' lang='lat' dir='ltr'><strong>senes,</strong></span> 
     </span>
    </p>
   </div>
   <div class='ocr_carea' id='block_1_19' title="bbox 261 2028 1865 2098">
    <p class='ocr_par' dir='ltr' id='par_1_19' title="bbox 261 2028 1865 2098">
     <span class='ocr_line' id='line_1_19' title="bbox 261 2028 1865 2098; baseline 0.003 -18"><span class='ocrx_word' id='word_1_135' title='bbox 261 2028 352 2096; x_wconf 92' lang='lat' dir='ltr'><strong>qui</strong></span> <span class='ocrx_word' id='word_1_136' title='bbox 403 2030 636 2084; x_wconf 85' lang='lat' dir='ltr'><strong>maxima</strong></span> <span class='ocrx_word' id='word_1_137' title='bbox 680 2031 891 2086; x_wconf 87' lang='lat' dir='ltr'><strong>virtutis</strong></span> <span class='ocrx_word' id='word_1_138' title='bbox 946 2032 1342 2088; x_wconf 82' lang='lat' dir='ltr'><strong>existimatione</strong></span> <span class='ocrx_word' id='word_1_139' title='bbox 1386 2031 1690 2098; x_wconf 89' lang='lat' dir='ltr'><strong>ﬂorebant,</strong></span> <span class='ocrx_word' id='word_1_140' title='bbox 1759 2040 1865 2087; x_wconf 88' lang='lat' dir='ltr'><strong>ter-</strong></span> 
     </span>
    </p>
   </div>
   <div class='ocr_carea' id='block_1_20' title="bbox 260 2121 1866 2194">
    <p class='ocr_par' dir='ltr' id='par_1_20' title="bbox 260 2121 1866 2194">
     <span class='ocr_line' id='line_1_20' title="bbox 260 2121 1866 2194; baseline 0.004 -24"><span class='ocrx_word' id='word_1_141' title='bbox 260 2132 326 2185; x_wconf 86' lang='lat' dir='ltr'><strong>ga</strong></span> <span class='ocrx_word' id='word_1_142' title='bbox 366 2121 664 2186; x_wconf 85' lang='lat' dir='ltr'><strong>verterint,</strong></span> <span class='ocrx_word' id='word_1_143' title='bbox 715 2131 875 2192; x_wconf 88' lang='lat' dir='ltr'><strong>atque</strong></span> <span class='ocrx_word' id='word_1_144' title='bbox 927 2134 1053 2179; x_wconf 88' lang='lat' dir='ltr'><strong>ante</strong></span> <span class='ocrx_word' id='word_1_145' title='bbox 1095 2125 1338 2179; x_wconf 91' lang='lat' dir='ltr'><strong>omnium</strong></span> <span class='ocrx_word' id='word_1_146' title='bbox 1376 2124 1562 2179; x_wconf 90' lang='lat' dir='ltr'><strong>oculos</strong></span> <span class='ocrx_word' id='word_1_147' title='bbox 1613 2123 1866 2194; x_wconf 83' lang='lat' dir='ltr'><strong>prostrati</strong></span> 
     </span>
    </p>
   </div>
   <div class='ocr_carea' id='block_1_21' title="bbox 256 2206 1866 2285">
    <p class='ocr_par' dir='ltr' id='par_1_21' title="bbox 256 2206 1866 2285">
     <span class='ocr_line' id='line_1_21' title="bbox 256 2206 1866 2285; baseline 0.006 -24"><span class='ocrx_word' id='word_1_148' title='bbox 256 2206 496 2276; x_wconf 66' lang='lat' dir='ltr'><strong>iaceant,</strong></span> <span class='ocrx_word' id='word_1_149' title='bbox 522 2225 628 2265; x_wconf 92' lang='lat' dir='ltr'><strong>non</strong></span> <span class='ocrx_word' id='word_1_150' title='bbox 655 2226 723 2267; x_wconf 81' lang='lat' dir='ltr'><strong>ex</strong></span> <span class='ocrx_word' id='word_1_151' title='bbox 754 2214 952 2284; x_wconf 80' lang='lat' dir='ltr'><strong>ingenti</strong></span> <span class='ocrx_word' id='word_1_152' title='bbox 983 2214 1108 2270; x_wconf 87' lang='lat' dir='ltr'><strong>belli</strong></span> <span class='ocrx_word' id='word_1_153' title='bbox 1135 2217 1354 2285; x_wconf 89' lang='lat' dir='ltr'><strong>impetu,</strong></span> <span class='ocrx_word' id='word_1_154' title='bbox 1387 2223 1480 2269; x_wconf 91' lang='lat' dir='ltr'><strong>aut</strong></span> <span class='ocrx_word' id='word_1_155' title='bbox 1499 2216 1607 2269; x_wconf 90' lang='lat' dir='ltr'><strong>acri</strong></span> <span class='ocrx_word' id='word_1_156' title='bbox 1632 2215 1866 2270; x_wconf 90' lang='lat' dir='ltr'><strong>hostium</strong></span> 
     </span>
    </p>
   </div>
   <div class='ocr_carea' id='block_1_22' title="bbox 261 2302 1868 2379">
    <p class='ocr_par' dir='ltr' id='par_1_22' title="bbox 261 2302 1868 2379">
     <span class='ocr_line' id='line_1_22' title="bbox 261 2302 1868 2379; baseline 0.004 -23"><span class='ocrx_word' id='word_1_157' title='bbox 261 2302 518 2358; x_wconf 92' lang='lat' dir='ltr'><strong>conﬂictu</strong></span> <span class='ocrx_word' id='word_1_158' title='bbox 538 2346 551 2367; x_wconf 89' lang='lat'><strong>,</strong></span> <span class='ocrx_word' id='word_1_159' title='bbox 576 2305 675 2360; x_wconf 85' lang='lat' dir='ltr'><strong>sed</strong></span> <span class='ocrx_word' id='word_1_160' title='bbox 719 2315 844 2362; x_wconf 85' lang='lat' dir='ltr'><strong>ante</strong></span> <span class='ocrx_word' id='word_1_161' title='bbox 868 2323 1096 2379; x_wconf 80' lang='lat' dir='ltr'><strong>pugnam</strong></span> <span class='ocrx_word' id='word_1_162' title='bbox 1123 2308 1393 2379; x_wconf 91' lang='lat' dir='ltr'><strong>prolapsi,</strong></span> <span class='ocrx_word' id='word_1_163' title='bbox 1422 2318 1546 2362; x_wconf 85' lang='lat' dir='ltr'><strong>ante</strong></span> <span class='ocrx_word' id='word_1_164' title='bbox 1565 2308 1868 2362; x_wconf 89' lang='lat' dir='ltr'><strong>dimicatio-</strong></span> 
     </span>
    </p>
   </div>
   <div class='ocr_carea' id='block_1_23' title="bbox 266 2399 1867 2476">
    <p class='ocr_par' dir='ltr' id='par_1_23' title="bbox 266 2399 1867 2476">
     <span class='ocr_line' id='line_1_23' title="bbox 266 2399 1867 2476; baseline 0.004 -27"><span class='ocrx_word' id='word_1_165' title='bbox 266 2411 390 2450; x_wconf 88' lang='lat' dir='ltr'><strong>nem</strong></span> <span class='ocrx_word' id='word_1_166' title='bbox 420 2399 549 2452; x_wconf 90' lang='lat' dir='ltr'><strong>victi</strong></span> <span class='ocrx_word' id='word_1_167' title='bbox 579 2414 643 2452; x_wconf 90' lang='lat' dir='ltr'><strong>ac</strong></span> <span class='ocrx_word' id='word_1_168' title='bbox 671 2401 967 2472; x_wconf 88' lang='lat' dir='ltr'><strong>proﬂigati;</strong></span> <span class='ocrx_word' id='word_1_169' title='bbox 996 2412 1052 2456; x_wconf 92' lang='lat' dir='ltr'><strong>tu</strong></span> <span class='ocrx_word' id='word_1_170' title='bbox 1085 2411 1272 2476; x_wconf 87' lang='lat' dir='ltr'><strong>contra</strong></span> <span class='ocrx_word' id='word_1_171' title='bbox 1301 2411 1420 2472; x_wconf 87' lang='lat' dir='ltr'><strong>post</strong></span> <span class='ocrx_word' id='word_1_172' title='bbox 1460 2410 1536 2457; x_wconf 89' lang='lat' dir='ltr'><strong>tot</strong></span> <span class='ocrx_word' id='word_1_173' title='bbox 1566 2416 1769 2471; x_wconf 90' lang='lat' dir='ltr'><strong>pugnas</strong></span> <span class='ocrx_word' id='word_1_174' title='bbox 1814 2409 1867 2455; x_wconf 87' lang='lat' dir='ltr'><strong>et</strong></span> 
     </span>
    </p>
   </div>
   <div class='ocr_carea' id='block_1_24' title="bbox 258 2486 1868 2561">
    <p class='ocr_par' dir='ltr' id='par_1_24' title="bbox 258 2486 1868 2561">
     <span class='ocr_line' id='line_1_24' title="bbox 258 2486 1868 2561; baseline 0.004 -21"><span class='ocrx_word' id='word_1_175' title='bbox 258 2486 550 2543; x_wconf 84' lang='lat' dir='ltr'><strong>conﬂictus</strong></span> <span class='ocrx_word' id='word_1_176' title='bbox 579 2505 688 2544; x_wconf 92' lang='lat' dir='ltr'><strong>non</strong></span> <span class='ocrx_word' id='word_1_177' title='bbox 735 2492 898 2546; x_wconf 90' lang='lat' dir='ltr'><strong>modo</strong></span> <span class='ocrx_word' id='word_1_178' title='bbox 948 2494 1211 2547; x_wconf 89' lang='lat' dir='ltr'><strong>malorum</strong></span> <span class='ocrx_word' id='word_1_179' title='bbox 1263 2494 1476 2561; x_wconf 84' lang='lat' dir='ltr'><strong>agmine</strong></span> <span class='ocrx_word' id='word_1_180' title='bbox 1529 2492 1694 2547; x_wconf 91' lang='lat' dir='ltr'><strong>fracta</strong></span> <span class='ocrx_word' id='word_1_181' title='bbox 1746 2506 1868 2546; x_wconf 88' lang='lat' dir='ltr'><strong>con-</strong></span> 
     </span>
    </p>
   </div>
   <div class='ocr_carea' id='block_1_25' title="bbox 262 2577 1865 2654">
    <p class='ocr_par' dir='ltr' id='par_1_25' title="bbox 262 2577 1865 2654">
     <span class='ocr_line' id='line_1_25' title="bbox 262 2577 1865 2654; baseline 0.004 -22"><span class='ocrx_word' id='word_1_182' title='bbox 262 2577 512 2648; x_wconf 89' lang='lat' dir='ltr'><strong>fectaque</strong></span> <span class='ocrx_word' id='word_1_183' title='bbox 551 2597 656 2635; x_wconf 88' lang='lat' dir='ltr'><strong>non</strong></span> <span class='ocrx_word' id='word_1_184' title='bbox 707 2597 802 2650; x_wconf 89' lang='lat' dir='ltr'><strong>es,</strong></span> <span class='ocrx_word' id='word_1_185' title='bbox 857 2584 952 2638; x_wconf 88' lang='lat' dir='ltr'><strong>sed</strong></span> <span class='ocrx_word' id='word_1_186' title='bbox 1006 2584 1169 2640; x_wconf 87' lang='lat' dir='ltr'><strong>etiam</strong></span> <span class='ocrx_word' id='word_1_187' title='bbox 1224 2585 1482 2654; x_wconf 86' lang='lat' dir='ltr'><strong>majorem</strong></span> <span class='ocrx_word' id='word_1_188' title='bbox 1530 2585 1655 2639; x_wconf 91' lang='lat' dir='ltr'><strong>inde</strong></span> <span class='ocrx_word' id='word_1_189' title='bbox 1701 2583 1865 2638; x_wconf 89' lang='lat' dir='ltr'><strong>animi</strong></span> 
     </span>
    </p>
   </div>
   <div class='ocr_carea' id='block_1_26' title="bbox 261 2672 1867 2746">
    <p class='ocr_par' dir='ltr' id='par_1_26' title="bbox 261 2672 1867 2746">
     <span class='ocr_line' id='line_1_26' title="bbox 261 2672 1867 2746; baseline 0.006 -22"><span class='ocrx_word' id='word_1_190' title='bbox 261 2672 502 2740; x_wconf 77' lang='lat' dir='ltr'><strong>vigorem</strong></span> <span class='ocrx_word' id='word_1_191' title='bbox 523 2674 808 2746; x_wconf 82' lang='lat' dir='ltr'><strong>collegisti,</strong></span> <span class='ocrx_word' id='word_1_192' title='bbox 829 2692 891 2730; x_wconf 90' lang='lat' dir='ltr'><strong>ac</strong></span> <span class='ocrx_word' id='word_1_193' title='bbox 916 2679 1270 2733; x_wconf 89' lang='lat' dir='ltr'><strong>certaminum</strong></span> <span class='ocrx_word' id='word_1_194' title='bbox 1293 2679 1684 2733; x_wconf 84' lang='lat' dir='ltr'><strong>incrementum</strong></span> <span class='ocrx_word' id='word_1_195' title='bbox 1707 2678 1867 2733; x_wconf 82' lang='lat' dir='ltr'><strong>robo-</strong></span> 
     </span>
    </p>
   </div>
   <div class='ocr_carea' id='block_1_27' title="bbox 260 2763 1863 2833">
    <p class='ocr_par' dir='ltr' id='par_1_27' title="bbox 260 2763 1863 2833">
     <span class='ocr_line' id='line_1_27' title="bbox 260 2763 1863 2833; baseline 0.006 -19"><span class='ocrx_word' id='word_1_196' title='bbox 260 2763 336 2816; x_wconf 91' lang='lat' dir='ltr'><strong>ris</strong></span> <span class='ocrx_word' id='word_1_197' title='bbox 385 2765 753 2819; x_wconf 85' lang='lat' dir='ltr'><strong>accessionem</strong></span> <span class='ocrx_word' id='word_1_198' title='bbox 807 2766 898 2820; x_wconf 85' lang='lat' dir='ltr'><strong>tibi</strong></span> <span class='ocrx_word' id='word_1_199' title='bbox 943 2767 1120 2821; x_wconf 82' lang='lat' dir='ltr'><strong>affert.</strong></span> <span class='ocrx_word' id='word_1_200' title='bbox 1163 2769 1372 2822; x_wconf 85' lang='lat' dir='ltr'><strong>Etenim</strong></span> <span class='ocrx_word' id='word_1_201' title='bbox 1427 2783 1606 2823; x_wconf 89' lang='lat' dir='ltr'><strong>rerum</strong></span> <span class='ocrx_word' id='word_1_202' title='bbox 1657 2782 1863 2833; x_wconf 81' lang='lat' dir='ltr'><strong>earum,</strong></span> 
     </span>
    </p>
   </div>
   <div class='ocr_carea' id='block_1_28' title="bbox 261 2855 1866 2930">
    <p class='ocr_par' dir='ltr' id='par_1_28' title="bbox 261 2855 1866 2930">
     <span class='ocr_line' id='line_1_28' title="bbox 261 2855 1866 2930; baseline 0.006 -22"><span class='ocrx_word' id='word_1_203' title='bbox 261 2871 396 2924; x_wconf 89' lang='lat' dir='ltr'><strong>quas</strong></span> <span class='ocrx_word' id='word_1_204' title='bbox 421 2855 534 2925; x_wconf 88' lang='lat' dir='ltr'><strong>jam</strong></span> <span class='ocrx_word' id='word_1_205' title='bbox 565 2874 684 2913; x_wconf 91' lang='lat' dir='ltr'><strong>cum</strong></span> <span class='ocrx_word' id='word_1_206' title='bbox 716 2860 872 2914; x_wconf 87' lang='lat' dir='ltr'><strong>laude</strong></span> <span class='ocrx_word' id='word_1_207' title='bbox 896 2861 1134 2930; x_wconf 83' lang='lat' dir='ltr'><strong>gessisti,</strong></span> <span class='ocrx_word' id='word_1_208' title='bbox 1171 2863 1488 2916; x_wconf 81' lang='lat' dir='ltr'><strong>memoriam</strong></span> <span class='ocrx_word' id='word_1_209' title='bbox 1532 2871 1641 2915; x_wconf 92' lang='lat' dir='ltr'><strong>tum</strong></span> <span class='ocrx_word' id='word_1_210' title='bbox 1664 2862 1866 2917; x_wconf 61' lang='lat' dir='ltr'><strong>laetitia:</strong></span> 
     </span>
    </p>
   </div>
   <div class='ocr_carea' id='block_1_29' title="bbox 260 2949 1866 3025">
    <p class='ocr_par' dir='ltr' id='par_1_29' title="bbox 260 2949 1866 3025">
     <span class='ocr_line' id='line_1_29' title="bbox 260 2949 1866 3025; baseline 0.005 -25"><span class='ocrx_word' id='word_1_211' title='bbox 260 2962 323 3001; x_wconf 90' lang='lat' dir='ltr'><strong>ac</strong></span> <span class='ocrx_word' id='word_1_212' title='bbox 354 2949 667 3019; x_wconf 81' lang='lat' dir='ltr'><strong>voluptatis,</strong></span> <span class='ocrx_word' id='word_1_213' title='bbox 697 2961 808 3006; x_wconf 90' lang='lat' dir='ltr'><strong>tum</strong></span> <span class='ocrx_word' id='word_1_214' title='bbox 837 2953 1057 3023; x_wconf 87' lang='lat' dir='ltr'><strong>majoris</strong></span> <span class='ocrx_word' id='word_1_215' title='bbox 1081 2954 1372 3010; x_wconf 85' lang='lat' dir='ltr'><strong>alacritatis</strong></span> <span class='ocrx_word' id='word_1_216' title='bbox 1396 2968 1579 3009; x_wconf 84' lang='lat' dir='ltr'><strong>ansam</strong></span> <span class='ocrx_word' id='word_1_217' title='bbox 1607 2955 1702 3010; x_wconf 89' lang='lat' dir='ltr'><strong>tibi</strong></span> <span class='ocrx_word' id='word_1_218' title='bbox 1734 2971 1866 3025; x_wconf 62' lang='lat' dir='ltr'><strong>sup.</strong></span> 
     </span>
    </p>
   </div>
   <div class='ocr_carea' id='block_1_30' title="bbox 261 3039 1864 3115">
    <p class='ocr_par' dir='ltr' id='par_1_30' title="bbox 261 3039 1864 3115">
     <span class='ocr_line' id='line_1_30' title="bbox 261 3039 1864 3115; baseline 0.007 -23"><span class='ocrx_word' id='word_1_219' title='bbox 261 3039 483 3106; x_wconf 85' lang='lat' dir='ltr'><strong>pcditat.</strong></span> <span class='ocrx_word' id='word_1_220' title='bbox 529 3041 607 3095; x_wconf 80' lang='lat' dir='ltr'><strong>Ac</strong></span> <span class='ocrx_word' id='word_1_221' title='bbox 649 3045 874 3112; x_wconf 86' lang='lat' dir='ltr'><strong>proinde</strong></span> <span class='ocrx_word' id='word_1_222' title='bbox 912 3045 1231 3115; x_wconf 86' lang='lat' dir='ltr'><strong>gaudemus,</strong></span> <span class='ocrx_word' id='word_1_223' title='bbox 1276 3047 1584 3112; x_wconf 87' lang='lat' dir='ltr'><strong>exsilimus,</strong></span> <span class='ocrx_word' id='word_1_224' title='bbox 1611 3056 1666 3102; x_wconf 91' lang='lat' dir='ltr'><strong>et</strong></span> <span class='ocrx_word' id='word_1_225' title='bbox 1711 3049 1864 3103; x_wconf 65' lang='lat' dir='ltr'><strong>lacta-</strong></span> 
     </span>
    </p>
   </div>
   <div class='ocr_carea' id='block_1_31' title="bbox 260 3138 1864 3211">
    <p class='ocr_par' dir='ltr' id='par_1_31' title="bbox 260 3138 1864 3211">
     <span class='ocr_line' id='line_1_31' title="bbox 260 3138 1864 3211; baseline 0.007 -27"><span class='ocrx_word' id='word_1_226' title='bbox 260 3147 383 3186; x_wconf 89' lang='lat' dir='ltr'><strong>mur</strong></span> <span class='ocrx_word' id='word_1_227' title='bbox 416 3149 428 3185; x_wconf 90' lang='lat'><strong>:</strong></span> <span class='ocrx_word' id='word_1_228' title='bbox 463 3149 637 3204; x_wconf 87' lang='lat' dir='ltr'><strong>neque</strong></span> <span class='ocrx_word' id='word_1_229' title='bbox 664 3138 805 3192; x_wconf 92' lang='lat' dir='ltr'><strong>enim</strong></span> <span class='ocrx_word' id='word_1_230' title='bbox 839 3139 941 3194; x_wconf 88' lang='lat' dir='ltr'><strong>hoc</strong></span> <span class='ocrx_word' id='word_1_231' title='bbox 962 3140 1192 3195; x_wconf 89' lang='lat' dir='ltr'><strong>subinde</strong></span> <span class='ocrx_word' id='word_1_232' title='bbox 1219 3150 1483 3210; x_wconf 87' lang='lat' dir='ltr'><strong>repetere,</strong></span> <span class='ocrx_word' id='word_1_233' title='bbox 1532 3151 1693 3211; x_wconf 91' lang='lat' dir='ltr'><strong>atque</strong></span> <span class='ocrx_word' id='word_1_234' title='bbox 1740 3141 1864 3196; x_wconf 89' lang='lat' dir='ltr'><strong>ubi-</strong></span> 
     </span>
    </p>
   </div>
   <div class='ocr_carea' id='block_1_32' title="bbox 257 3227 1865 3300">
    <p class='ocr_par' dir='ltr' id='par_1_32' title="bbox 257 3227 1865 3300">
     <span class='ocr_line' id='line_1_32' title="bbox 257 3227 1865 3300; baseline 0.009 -24"><span class='ocrx_word' id='word_1_235' title='bbox 257 3239 363 3292; x_wconf 90' lang='lat' dir='ltr'><strong>que</strong></span> <span class='ocrx_word' id='word_1_236' title='bbox 389 3227 568 3296; x_wconf 90' lang='lat' dir='ltr'><strong>gaudii</strong></span> <span class='ocrx_word' id='word_1_237' title='bbox 596 3230 699 3283; x_wconf 90' lang='lat' dir='ltr'><strong>mei</strong></span> <span class='ocrx_word' id='word_1_238' title='bbox 740 3234 1018 3286; x_wconf 85' lang='lat' dir='ltr'><strong>materiam</strong></span> <span class='ocrx_word' id='word_1_239' title='bbox 1047 3231 1393 3288; x_wconf 79' lang='lat' dir='ltr'><strong>circumferre</strong></span> <span class='ocrx_word' id='word_1_240' title='bbox 1420 3232 1684 3288; x_wconf 89' lang='lat' dir='ltr'><strong>desinam.</strong></span> <span class='ocrx_word' id='word_1_241' title='bbox 1718 3231 1865 3300; x_wconf 86' lang='lat' dir='ltr'><strong>Quo-</strong></span> 
     </span>
    </p>
   </div>
   <div class='ocr_carea' id='block_1_33' title="bbox 255 3317 1863 3394">
    <p class='ocr_par' dir='ltr' id='par_1_33' title="bbox 255 3317 1863 3394">
     <span class='ocr_line' id='line_1_33' title="bbox 255 3317 1863 3394; baseline 0.008 -26"><span class='ocrx_word' id='word_1_242' title='bbox 255 3317 398 3370; x_wconf 82' lang='lat' dir='ltr'><strong>circa</strong></span> <span class='ocrx_word' id='word_1_243' title='bbox 427 3318 471 3371; x_wconf 91' lang='lat' dir='ltr'><strong>si</strong></span> <span class='ocrx_word' id='word_1_244' title='bbox 517 3319 755 3374; x_wconf 81' lang='lat' dir='ltr'><strong>absentia</strong></span> <span class='ocrx_word' id='word_1_245' title='bbox 798 3332 979 3377; x_wconf 89' lang='lat' dir='ltr'><strong>nostra</strong></span> <span class='ocrx_word' id='word_1_246' title='bbox 1014 3334 1065 3378; x_wconf 92' lang='lat' dir='ltr'><strong>te</strong></span> <span class='ocrx_word' id='word_1_247' title='bbox 1103 3325 1268 3394; x_wconf 89' lang='lat' dir='ltr'><strong>angit,</strong></span> <span class='ocrx_word' id='word_1_248' title='bbox 1314 3335 1368 3379; x_wconf 92' lang='lat' dir='ltr'><strong>at</strong></span> <span class='ocrx_word' id='word_1_249' title='bbox 1394 3325 1622 3379; x_wconf 84' lang='lat' dir='ltr'><strong>maxima</strong></span> <span class='ocrx_word' id='word_1_250' title='bbox 1654 3325 1749 3380; x_wconf 88' lang='lat' dir='ltr'><strong>tibi</strong></span> <span class='ocrx_word' id='word_1_251' title='bbox 1796 3340 1863 3381; x_wconf 85' lang='lat' dir='ltr'><strong>ex</strong></span> 
     </span>
    </p>
   </div>
   <div class='ocr_carea' id='block_1_34' title="bbox 256 3408 1860 3487">
    <p class='ocr_par' dir='ltr' id='par_1_34' title="bbox 256 3408 1860 3487">
     <span class='ocr_line' id='line_1_34' title="bbox 256 3408 1860 3487; baseline 0.006 -26"><span class='ocrx_word' id='word_1_252' title='bbox 256 3408 322 3463; x_wconf 88' lang='lat' dir='ltr'><strong>iis</strong></span> <span class='ocrx_word' id='word_1_253' title='bbox 343 3452 356 3472; x_wconf 84' lang='lat'>.</span> <span class='ocrx_word' id='word_1_254' title='bbox 389 3426 511 3480; x_wconf 71' lang='lat' dir='ltr'><strong>quae</strong></span> <span class='ocrx_word' id='word_1_255' title='bbox 540 3427 662 3466; x_wconf 91' lang='lat' dir='ltr'><strong>eum</strong></span> <span class='ocrx_word' id='word_1_256' title='bbox 705 3413 899 3470; x_wconf 87' lang='lat' dir='ltr'><strong>virtute</strong></span> <span class='ocrx_word' id='word_1_257' title='bbox 933 3417 1183 3486; x_wconf 90' lang='lat' dir='ltr'><strong>gessisti,</strong></span> <span class='ocrx_word' id='word_1_258' title='bbox 1245 3417 1541 3472; x_wconf 90' lang='lat' dir='ltr'><strong>consolatio</strong></span> <span class='ocrx_word' id='word_1_259' title='bbox 1584 3417 1860 3487; x_wconf 80' lang='lat' dir='ltr'><strong>suppetit:</strong></span> 
     </span>
    </p>
   </div>
   <div class='ocr_carea' id='block_1_35' title="bbox 253 3503 1861 3578">
    <p class='ocr_par' dir='ltr' id='par_1_35' title="bbox 253 3503 1861 3578">
     <span class='ocr_line' id='line_1_35' title="bbox 253 3503 1861 3578; baseline 0.006 -23"><span class='ocrx_word' id='word_1_260' title='bbox 253 3503 688 3574; x_wconf 84' lang='lat' dir='ltr'><strong>quandoquidem</strong></span> <span class='ocrx_word' id='word_1_261' title='bbox 718 3521 816 3562; x_wconf 86' lang='lat' dir='ltr'><strong>nos</strong></span> <span class='ocrx_word' id='word_1_262' title='bbox 846 3524 1080 3578; x_wconf 87' lang='lat' dir='ltr'><strong>quoque,</strong></span> <span class='ocrx_word' id='word_1_263' title='bbox 1137 3517 1285 3564; x_wconf 85' lang='lat' dir='ltr'><strong>tanto</strong></span> <span class='ocrx_word' id='word_1_264' title='bbox 1315 3510 1526 3564; x_wconf 83' lang='lat' dir='ltr'><strong>itineris</strong></span> <span class='ocrx_word' id='word_1_265' title='bbox 1572 3509 1861 3565; x_wconf 87' lang='lat' dir='ltr'><strong>intervallo</strong></span> 
     </span>
    </p>
   </div>
   <div class='ocr_carea' id='block_1_36' title="bbox 253 3595 1860 3668">
    <p class='ocr_par' dir='ltr' id='par_1_36' title="bbox 253 3595 1860 3668">
     <span class='ocr_line' id='line_1_36' title="bbox 253 3595 1860 3668; baseline 0.007 -23"><span class='ocrx_word' id='word_1_266' title='bbox 253 3603 358 3647; x_wconf 88' lang='lat' dir='ltr'><strong>ate</strong></span> <span class='ocrx_word' id='word_1_267' title='bbox 388 3595 664 3664; x_wconf 84' lang='lat' dir='ltr'><strong>disjuncti,</strong></span> <span class='ocrx_word' id='word_1_268' title='bbox 696 3614 800 3652; x_wconf 88' lang='lat' dir='ltr'><strong>non</strong></span> <span class='ocrx_word' id='word_1_269' title='bbox 831 3615 1045 3668; x_wconf 89' lang='lat' dir='ltr'><strong>parvam</strong></span> <span class='ocrx_word' id='word_1_270' title='bbox 1078 3601 1221 3664; x_wconf 90' lang='lat' dir='ltr'><strong>hinc,</strong></span> <span class='ocrx_word' id='word_1_271' title='bbox 1249 3600 1351 3656; x_wconf 90' lang='lat' dir='ltr'><strong>hoc</strong></span> <span class='ocrx_word' id='word_1_272' title='bbox 1376 3609 1459 3656; x_wconf 89' lang='lat' dir='ltr'><strong>est</strong></span> <span class='ocrx_word' id='word_1_273' title='bbox 1486 3617 1553 3656; x_wconf 77' lang='lat' dir='ltr'><strong>ex</strong></span> <span class='ocrx_word' id='word_1_274' title='bbox 1579 3611 1666 3656; x_wconf 90' lang='lat' dir='ltr'><strong>tua</strong></span> <span class='ocrx_word' id='word_1_275' title='bbox 1695 3602 1860 3657; x_wconf 89' lang='lat' dir='ltr'><strong>animi</strong></span> 
     </span>
    </p>
   </div>
   <div class='ocr_carea' id='block_1_37' title="bbox 251 3686 1373 3761">
    <p class='ocr_par' dir='ltr' id='par_1_37' title="bbox 251 3686 1373 3761">
     <span class='ocr_line' id='line_1_37' title="bbox 251 3686 1373 3761; baseline 0.008 -25"><span class='ocrx_word' id='word_1_276' title='bbox 251 3686 640 3753; x_wconf 85' lang='lat' dir='ltr'><strong>magnitudine,</strong></span> <span class='ocrx_word' id='word_1_277' title='bbox 671 3689 1082 3744; x_wconf 83' lang='lat' dir='ltr'><strong>delectationem</strong></span> <span class='ocrx_word' id='word_1_278' title='bbox 1111 3692 1373 3761; x_wconf 89' lang='lat' dir='ltr'><strong>capimus.</strong></span> 
     </span>
    </p>
   </div>
   <div class='ocr_carea' id='block_1_38' title="bbox 361 3779 1749 3857">
    <p class='ocr_par' dir='ltr' id='par_1_38' title="bbox 361 3779 1749 3857">
     <span class='ocr_line' id='line_1_38' title="bbox 361 3779 1749 3857; baseline 0.006 -27"><span class='ocrx_word' id='word_1_279' title='bbox 361 3779 443 3831; x_wconf 78' lang='lat' dir='ltr'><strong>Ad</strong></span> <span class='ocrx_word' id='word_1_280' title='bbox 487 3780 713 3834; x_wconf 83' lang='lat' dir='ltr'><strong>eamdem</strong></span> <span class='ocrx_word' id='word_1_281' title='bbox 744 3782 958 3852; x_wconf 76' lang='lat' dir='ltr'><strong>epistola</strong></span> <span class='ocrx_word' id='word_1_282' title='bbox 994 3781 1125 3836; x_wconf 84' lang='lat' dir='ltr'><strong>VII.</strong></span> <span class='ocrx_word' id='word_1_283' title='bbox 1152 3783 1396 3855; x_wconf 87' lang='lat' dir='ltr'><strong>(Cucuso</strong></span> <span class='ocrx_word' id='word_1_284' title='bbox 1423 3800 1565 3840; x_wconf 86' lang='lat' dir='ltr'><strong>anno</strong></span> <span class='ocrx_word' id='word_1_285' title='bbox 1586 3787 1749 3857; x_wconf 75' lang='grc'><strong>405.)</strong></span> 
     </span>
    </p>
   </div>
   <div class='ocr_carea' id='block_1_39' title="bbox 325 3868 1855 3946">
    <p class='ocr_par' dir='ltr' id='par_1_39' title="bbox 325 3868 1855 3946">
     <span class='ocr_line' id='line_1_39' title="bbox 325 3868 1855 3946; baseline 0.007 -24"><span class='ocrx_word' id='word_1_286' title='bbox 325 3868 378 3922; x_wconf 77' lang='grc'><strong>1.</strong></span> <span class='ocrx_word' id='word_1_287' title='bbox 420 3869 554 3934; x_wconf 85' lang='lat' dir='ltr'><strong>Quid</strong></span> <span class='ocrx_word' id='word_1_288' title='bbox 581 3871 695 3924; x_wconf 80' lang='lat' dir='ltr'><strong>ais?</strong></span> <span class='ocrx_word' id='word_1_289' title='bbox 719 3871 1000 3941; x_wconf 84' lang='lat' dir='ltr'><strong>Tropaeum</strong></span> <span class='ocrx_word' id='word_1_290' title='bbox 1023 3887 1130 3928; x_wconf 90' lang='lat' dir='ltr'><strong>non</strong></span> <span class='ocrx_word' id='word_1_291' title='bbox 1155 3875 1391 3939; x_wconf 84' lang='lat' dir='ltr'><strong>erexisti,</strong></span> <span class='ocrx_word' id='word_1_292' title='bbox 1420 3891 1517 3930; x_wconf 92' lang='lat' dir='ltr'><strong>nec</strong></span> <span class='ocrx_word' id='word_1_293' title='bbox 1541 3878 1855 3946; x_wconf 74' lang='lat' dir='ltr'><strong>praeclaram</strong></span> 
     </span>
    </p>
   </div>
   <div class='ocr_carea' id='block_1_40' title="bbox 253 3957 1853 4036">
    <p class='ocr_par' dir='ltr' id='par_1_40' title="bbox 253 3957 1853 4036">
     <span class='ocr_line' id='line_1_40' title="bbox 253 3957 1853 4036; baseline 0.013 -29"><span class='ocrx_word' id='word_1_294' title='bbox 253 3957 527 4012; x_wconf 87' lang='lat' dir='ltr'><strong>victoriam</strong></span> <span class='ocrx_word' id='word_1_295' title='bbox 560 3960 858 4030; x_wconf 82' lang='lat' dir='ltr'><strong>nbtinuisti,</strong></span> <span class='ocrx_word' id='word_1_296' title='bbox 890 3980 989 4020; x_wconf 87' lang='lat' dir='ltr'><strong>nec</strong></span> <span class='ocrx_word' id='word_1_297' title='bbox 1017 3977 1272 4036; x_wconf 88' lang='lat' dir='ltr'><strong>perpetuo</strong></span> <span class='ocrx_word' id='word_1_298' title='bbox 1301 3968 1563 4024; x_wconf 75' lang='lat' dir='ltr'><strong>virentem</strong></span> <span class='ocrx_word' id='word_1_299' title='bbox 1598 3985 1853 4027; x_wconf 86' lang='lat' dir='ltr'><strong>coronam</strong></span> 
     </span>
    </p>
   </div>
   <div class='ocr_carea' id='block_1_41' title="bbox 247 4049 1853 4138">
    <p class='ocr_par' dir='ltr' id='par_1_41' title="bbox 247 4049 1853 4138">
     <span class='ocr_line' id='line_1_41' title="bbox 247 4049 1853 4138; baseline 0.011 -35"><span class='ocrx_word' id='word_1_300' title='bbox 247 4049 441 4120; x_wconf 81' lang='lat' dir='ltr'><strong>adepta</strong></span> <span class='ocrx_word' id='word_1_301' title='bbox 471 4053 570 4106; x_wconf 85' lang='lat' dir='ltr'><strong>cs?</strong></span> <span class='ocrx_word' id='word_1_302' title='bbox 597 4057 790 4109; x_wconf 85' lang='lat' dir='ltr'><strong>Annon</strong></span> <span class='ocrx_word' id='word_1_303' title='bbox 819 4055 934 4112; x_wconf 75' lang='lat' dir='ltr'><strong>hrcc</strong></span> <span class='ocrx_word' id='word_1_304' title='bbox 961 4059 1107 4114; x_wconf 90' lang='lat' dir='ltr'><strong>orbis</strong></span> <span class='ocrx_word' id='word_1_305' title='bbox 1153 4063 1437 4117; x_wconf 83' lang='lat' dir='ltr'><strong>universus</strong></span> <span class='ocrx_word' id='word_1_306' title='bbox 1464 4063 1719 4134; x_wconf 85' lang='lat' dir='ltr'><strong>affirmat,</strong></span> <span class='ocrx_word' id='word_1_307' title='bbox 1763 4069 1853 4138; x_wconf 87' lang='lat' dir='ltr'><strong>qui</strong></span> 
     </span>
    </p>
   </div>
   <div class='ocr_carea' id='block_1_42' title="bbox 247 4139 1852 4228">
    <p class='ocr_par' dir='ltr' id='par_1_42' title="bbox 247 4139 1852 4228">
     <span class='ocr_line' id='line_1_42' title="bbox 247 4139 1852 4228; baseline 0.014 -36"><span class='ocrx_word' id='word_1_308' title='bbox 247 4139 445 4210; x_wconf 83' lang='lat' dir='ltr'><strong>ubique</strong></span> <span class='ocrx_word' id='word_1_309' title='bbox 475 4153 733 4199; x_wconf 90' lang='lat' dir='ltr'><strong>terrarum</strong></span> <span class='ocrx_word' id='word_1_310' title='bbox 766 4157 850 4201; x_wconf 89' lang='lat' dir='ltr'><strong>tua</strong></span> <span class='ocrx_word' id='word_1_311' title='bbox 883 4158 1026 4203; x_wconf 85' lang='lat' dir='ltr'><strong>recte.</strong></span> <span class='ocrx_word' id='word_1_312' title='bbox 1065 4150 1852 4228; x_wconf 85' lang='lat' dir='ltr'><strong>factadecantat?Quamquam</strong></span> 
     </span>
    </p>
   </div>
   <div class='ocr_carea' id='block_1_43' title="bbox 245 4233 1848 4317">
    <p class='ocr_par' dir='ltr' id='par_1_43' title="bbox 245 4233 1848 4317">
     <span class='ocr_line' id='line_1_43' title="bbox 245 4233 1848 4317; baseline 0.014 -33"><span class='ocrx_word' id='word_1_313' title='bbox 245 4233 389 4285; x_wconf 91' lang='lat' dir='ltr'><strong>enim</strong></span> <span class='ocrx_word' id='word_1_314' title='bbox 419 4245 473 4287; x_wconf 91' lang='lat' dir='ltr'><strong>et</strong></span> <span class='ocrx_word' id='word_1_315' title='bbox 499 4235 782 4302; x_wconf 68' lang='lat' dir='ltr'><strong>palmstrm,</strong></span> <span class='ocrx_word' id='word_1_316' title='bbox 813 4249 868 4292; x_wconf 90' lang='lat' dir='ltr'><strong>et</strong></span> <span class='ocrx_word' id='word_1_317' title='bbox 893 4242 1185 4295; x_wconf 87' lang='lat' dir='ltr'><strong>certamina</strong></span> <span class='ocrx_word' id='word_1_318' title='bbox 1214 4243 1266 4296; x_wconf 93' lang='lat' dir='ltr'><strong>in</strong></span> <span class='ocrx_word' id='word_1_319' title='bbox 1299 4259 1407 4298; x_wconf 92' lang='lat' dir='ltr'><strong>uno</strong></span> <span class='ocrx_word' id='word_1_320' title='bbox 1438 4246 1558 4302; x_wconf 86' lang='lat' dir='ltr'><strong>loco</strong></span> <span class='ocrx_word' id='word_1_321' title='bbox 1575 4249 1673 4302; x_wconf 85' lang='lat' dir='ltr'><strong>sita</strong></span> <span class='ocrx_word' id='word_1_322' title='bbox 1699 4257 1848 4317; x_wconf 91' lang='lat' dir='ltr'><strong>sunt,</strong></span> 
     </span>
    </p>
   </div>
   <div class='ocr_carea' id='block_1_44' title="bbox 243 4330 1850 4408">
    <p class='ocr_par' dir='ltr' id='par_1_44' title="bbox 243 4330 1850 4408">
     <span class='ocr_line' id='line_1_44' title="bbox 243 4330 1850 4408; baseline 0.014 -32"><span class='ocrx_word' id='word_1_323' title='bbox 243 4331 297 4376; x_wconf 87' lang='lat' dir='ltr'><strong>et</strong></span> <span class='ocrx_word' id='word_1_324' title='bbox 316 4338 568 4379; x_wconf 89' lang='lat' dir='ltr'><strong>cursuum</strong></span> <span class='ocrx_word' id='word_1_325' title='bbox 593 4337 802 4384; x_wconf 87' lang='lat' dir='ltr'><strong>tuorum</strong></span> <span class='ocrx_word' id='word_1_326' title='bbox 821 4330 1012 4400; x_wconf 78' lang='lat' dir='ltr'><strong>Spatia,</strong></span> <span class='ocrx_word' id='word_1_327' title='bbox 1041 4343 1094 4388; x_wconf 89' lang='lat' dir='ltr'><strong>ct</strong></span> <span class='ocrx_word' id='word_1_328' title='bbox 1114 4339 1542 4394; x_wconf 89' lang='lat' dir='ltr'><strong>concertationes</strong></span> <span class='ocrx_word' id='word_1_329' title='bbox 1564 4349 1689 4408; x_wconf 86' lang='lat' dir='ltr'><strong>tuae,</strong></span> <span class='ocrx_word' id='word_1_330' title='bbox 1719 4357 1817 4398; x_wconf 89' lang='lat' dir='ltr'><strong>san</strong></span> <span class='ocrx_word' id='word_1_331' title='bbox 1835 4376 1850 4386; x_wconf 69' lang='grc' dir='ltr'><strong>ε</strong></span> 
     </span>
    </p>
   </div>
   <div class='ocr_carea' id='block_1_45' title="bbox 242 4415 1846 4490">
    <p class='ocr_par' dir='ltr' id='par_1_45' title="bbox 242 4415 1846 4490">
     <span class='ocr_line' id='line_1_45' title="bbox 242 4415 1846 4490; baseline 0.014 -23"><span class='ocrx_word' id='word_1_332' title='bbox 242 4415 424 4482; x_wconf 88' lang='lat' dir='ltr'><strong>guine,</strong></span> <span class='ocrx_word' id='word_1_333' title='bbox 460 4431 564 4471; x_wconf 89' lang='lat' dir='ltr'><strong>non</strong></span> <span class='ocrx_word' id='word_1_334' title='bbox 588 4419 788 4476; x_wconf 90' lang='lat' dir='ltr'><strong>sudore</strong></span> <span class='ocrx_word' id='word_1_335' title='bbox 809 4423 1041 4490; x_wconf 62' lang='lat' dir='ltr'><strong>refertae,</strong></span> <span class='ocrx_word' id='word_1_336' title='bbox 1071 4425 1182 4480; x_wconf 91' lang='lat' dir='ltr'><strong>illic</strong></span> <span class='ocrx_word' id='word_1_337' title='bbox 1211 4430 1562 4485; x_wconf 79' lang='lat' dir='ltr'><strong>exstiterunt:</strong></span> <span class='ocrx_word' id='word_1_338' title='bbox 1591 4442 1846 4489; x_wconf 89' lang='lat' dir='ltr'><strong>atearnm</strong></span> 
     </span>
    </p>
   </div>
   <div class='ocr_carea' id='block_1_46' title="bbox 243 4511 1846 4581">
    <p class='ocr_par' dir='ltr' id='par_1_46' title="bbox 243 4511 1846 4581">
     <span class='ocr_line' id='line_1_46' title="bbox 243 4511 1846 4581; baseline 0.013 -22"><span class='ocrx_word' id='word_1_339' title='bbox 243 4514 421 4561; x_wconf 85' lang='lat' dir='ltr'><strong>tamen</strong></span> <span class='ocrx_word' id='word_1_340' title='bbox 449 4523 627 4566; x_wconf 88' lang='lat' dir='ltr'><strong>rerum</strong></span> <span class='ocrx_word' id='word_1_341' title='bbox 669 4511 835 4581; x_wconf 82' lang='lat' dir='ltr'><strong>gloria</strong></span> <span class='ocrx_word' id='word_1_342' title='bbox 863 4522 918 4569; x_wconf 89' lang='lat' dir='ltr'><strong>et</strong></span> <span class='ocrx_word' id='word_1_343' title='bbox 943 4518 1338 4573; x_wconf 88' lang='lat' dir='ltr'><strong>commendatio</strong></span> <span class='ocrx_word' id='word_1_344' title='bbox 1367 4531 1640 4579; x_wconf 85' lang='lat' dir='ltr'><strong>extremos</strong></span> <span class='ocrx_word' id='word_1_345' title='bbox 1686 4531 1846 4580; x_wconf 76' lang='lat' dir='ltr'><strong>terrae</strong></span> 
     </span>
    </p>
   </div>
   <div class='ocr_carea' id='block_1_47' title="bbox 241 4594 1844 4685">
    <p class='ocr_par' dir='ltr' id='par_1_47' title="bbox 241 4594 1844 4685">
     <span class='ocr_line' id='line_1_47' title="bbox 241 4594 1844 4685; baseline 0.014 -36"><span class='ocrx_word' id='word_1_346' title='bbox 241 4594 377 4652; x_wconf 86' lang='lat' dir='ltr'><strong>ﬁnes</strong></span> <span class='ocrx_word' id='word_1_347' title='bbox 404 4601 709 4669; x_wconf 84' lang='lat' dir='ltr'><strong>occupavit.</strong></span> <span class='ocrx_word' id='word_1_348' title='bbox 739 4602 816 4656; x_wconf 92' lang='lat' dir='ltr'><strong>Tu</strong></span> <span class='ocrx_word' id='word_1_349' title='bbox 857 4619 1064 4661; x_wconf 88' lang='lat' dir='ltr'><strong>veroea</strong></span> <span class='ocrx_word' id='word_1_350' title='bbox 1087 4610 1324 4664; x_wconf 89' lang='lat' dir='ltr'><strong>auctiora</strong></span> <span class='ocrx_word' id='word_1_351' title='bbox 1355 4612 1604 4680; x_wconf 87' lang='lat' dir='ltr'><strong>reddere,</strong></span> <span class='ocrx_word' id='word_1_352' title='bbox 1632 4629 1696 4670; x_wconf 91' lang='lat' dir='ltr'><strong>ac</strong></span> <span class='ocrx_word' id='word_1_353' title='bbox 1725 4617 1844 4685; x_wconf 76' lang='lat' dir='ltr'><strong>pal-</strong></span> 
     </span>
    </p>
   </div>
   <div class='ocr_carea' id='block_1_48' title="bbox 239 4690 1843 4774">
    <p class='ocr_par' dir='ltr' id='par_1_48' title="bbox 239 4690 1843 4774">
     <span class='ocr_line' id='line_1_48' title="bbox 239 4690 1843 4774; baseline 0.016 -35"><span class='ocrx_word' id='word_1_354' title='bbox 239 4702 356 4741; x_wconf 86' lang='lat' dir='ltr'><strong>mas</strong></span> <span class='ocrx_word' id='word_1_355' title='bbox 380 4690 709 4760; x_wconf 87' lang='lat' dir='ltr'><strong>ampliﬁcare</strong></span> <span class='ocrx_word' id='word_1_356' title='bbox 727 4696 968 4761; x_wconf 85' lang='lat' dir='ltr'><strong>studens,</strong></span> <span class='ocrx_word' id='word_1_357' title='bbox 988 4713 1080 4752; x_wconf 82' lang='lat' dir='ltr'><strong>eas</strong></span> <span class='ocrx_word' id='word_1_358' title='bbox 1097 4715 1330 4770; x_wconf 86' lang='lat' dir='ltr'><strong>quoque,</strong></span> <span class='ocrx_word' id='word_1_359' title='bbox 1358 4718 1491 4774; x_wconf 90' lang='lat' dir='ltr'><strong>quas</strong></span> <span class='ocrx_word' id='word_1_360' title='bbox 1516 4707 1679 4762; x_wconf 89' lang='lat' dir='ltr'><strong>animi</strong></span> <span class='ocrx_word' id='word_1_361' title='bbox 1710 4710 1843 4765; x_wconf 89' lang='lat' dir='ltr'><strong>sub-</strong></span> 
     </span>
    </p>
   </div>
   <div class='ocr_carea' id='block_1_49' title="bbox 235 4779 1839 4859">
    <p class='ocr_par' dir='ltr' id='par_1_49' title="bbox 235 4779 1839 4859">
     <span class='ocr_line' id='line_1_49' title="bbox 235 4779 1839 4859; baseline 0.016 -28"><span class='ocrx_word' id='word_1_362' title='bbox 235 4779 422 4834; x_wconf 89' lang='lat' dir='ltr'><strong>missio</strong></span> <span class='ocrx_word' id='word_1_363' title='bbox 445 4783 604 4849; x_wconf 89' lang='lat' dir='ltr'><strong>parit,</strong></span> <span class='ocrx_word' id='word_1_364' title='bbox 632 4799 860 4840; x_wconf 89' lang='lat' dir='ltr'><strong>coronas</strong></span> <span class='ocrx_word' id='word_1_365' title='bbox 890 4788 1018 4857; x_wconf 87' lang='lat' dir='ltr'><strong>ipsis</strong></span> <span class='ocrx_word' id='word_1_366' title='bbox 1047 4791 1359 4859; x_wconf 74' lang='lat' dir='ltr'><strong>adjunxisti,</strong></span> <span class='ocrx_word' id='word_1_367' title='bbox 1391 4796 1518 4850; x_wconf 92' lang='lat' dir='ltr'><strong>dum</strong></span> <span class='ocrx_word' id='word_1_368' title='bbox 1548 4806 1603 4854; x_wconf 86' lang='lat' dir='ltr'><strong>te</strong></span> <span class='ocrx_word' id='word_1_369' title='bbox 1634 4809 1839 4856; x_wconf 90' lang='lat' dir='ltr'><strong>tantum</strong></span> 
     </span>
    </p>
   </div>
   <div class='ocr_carea' id='block_1_50' title="bbox 233 4869 1837 4956">
    <p class='ocr_par' dir='ltr' id='par_1_50' title="bbox 233 4869 1837 4956">
     <span class='ocr_line' id='line_1_50' title="bbox 233 4869 1837 4956; baseline 0.016 -34"><span class='ocrx_word' id='word_1_370' title='bbox 233 4869 302 4923; x_wconf 88' lang='lat' dir='ltr'><strong>ab</strong></span> <span class='ocrx_word' id='word_1_371' title='bbox 351 4870 498 4927; x_wconf 89' lang='lat' dir='ltr'><strong>hisce</strong></span> <span class='ocrx_word' id='word_1_372' title='bbox 544 4878 759 4946; x_wconf 70' lang='lat' dir='ltr'><strong>tropeis</strong></span> <span class='ocrx_word' id='word_1_373' title='bbox 803 4879 993 4950; x_wconf 79' lang='lat' dir='ltr'><strong>abesse</strong></span> <span class='ocrx_word' id='word_1_374' title='bbox 1019 4885 1247 4949; x_wconf 87' lang='lat' dir='ltr'><strong>asseris,</strong></span> <span class='ocrx_word' id='word_1_375' title='bbox 1278 4897 1536 4956; x_wconf 88' lang='lat' dir='ltr'><strong>quantum</strong></span> <span class='ocrx_word' id='word_1_376' title='bbox 1583 4895 1776 4947; x_wconf 88' lang='lat' dir='ltr'><strong>mortui</strong></span> <span class='ocrx_word' id='word_1_377' title='bbox 1808 4909 1837 4947; x_wconf 89' lang='lat' dir='ltr'><strong>a</strong></span> 
     </span>
    </p>
   </div>
   <div class='ocr_carea' id='block_1_51' title="bbox 233 4963 1828 5043">
    <p class='ocr_par' dir='ltr' id='par_1_51' title="bbox 233 4963 1828 5043">
     <span class='ocr_line' id='line_1_51' title="bbox 233 4963 1828 5043; baseline 0.018 -29"><span class='ocrx_word' id='word_1_378' title='bbox 233 4963 372 5016; x_wconf 88' lang='lat' dir='ltr'><strong>vivis</strong></span> <span class='ocrx_word' id='word_1_379' title='bbox 401 4967 588 5020; x_wconf 87' lang='lat' dir='ltr'><strong>remoti</strong></span> <span class='ocrx_word' id='word_1_380' title='bbox 611 4979 755 5022; x_wconf 92' lang='lat' dir='ltr'><strong>sunt.</strong></span> <span class='ocrx_word' id='word_1_381' title='bbox 783 4970 912 5025; x_wconf 85' lang='lat' dir='ltr'><strong>Nam</strong></span> <span class='ocrx_word' id='word_1_382' title='bbox 939 4975 1080 5043; x_wconf 91' lang='lat' dir='ltr'><strong>quod</strong></span> <span class='ocrx_word' id='word_1_383' title='bbox 1109 4976 1222 5031; x_wconf 82' lang='lat' dir='ltr'><strong>lucc</strong></span> <span class='ocrx_word' id='word_1_384' title='bbox 1244 4979 1403 5034; x_wconf 83' lang='lat' dir='ltr'><strong>verba</strong></span> <span class='ocrx_word' id='word_1_385' title='bbox 1421 4981 1489 5036; x_wconf 89' lang='lat' dir='ltr'><strong>ab</strong></span> <span class='ocrx_word' id='word_1_386' title='bbox 1508 4984 1673 5039; x_wconf 86' lang='lat' dir='ltr'><strong>animi</strong></span> <span class='ocrx_word' id='word_1_387' title='bbox 1697 4985 1828 5041; x_wconf 85' lang='lat' dir='ltr'><strong>sub-</strong></span> 
     </span>
    </p>
   </div>
   <div class='ocr_carea' id='block_1_52' title="bbox 230 5053 1827 5143">
    <p class='ocr_par' dir='ltr' id='par_1_52' title="bbox 230 5053 1827 5143">
     <span class='ocr_line' id='line_1_52' title="bbox 230 5053 1827 5143; baseline 0.015 -36"><span class='ocrx_word' id='word_1_388' title='bbox 230 5053 488 5109; x_wconf 87' lang='lat' dir='ltr'><strong>missione</strong></span> <span class='ocrx_word' id='word_1_389' title='bbox 517 5055 754 5125; x_wconf 86' lang='lat' dir='ltr'><strong>profecta</strong></span> <span class='ocrx_word' id='word_1_390' title='bbox 785 5062 911 5126; x_wconf 89' lang='lat' dir='ltr'><strong>sint,</strong></span> <span class='ocrx_word' id='word_1_391' title='bbox 944 5078 1010 5118; x_wconf 80' lang='lat' dir='ltr'><strong>ex</strong></span> <span class='ocrx_word' id='word_1_392' title='bbox 1038 5065 1101 5120; x_wconf 86' lang='lat' dir='ltr'><strong>iis</strong></span> <span class='ocrx_word' id='word_1_393' title='bbox 1130 5067 1260 5136; x_wconf 87' lang='lat' dir='ltr'><strong>ipsis</strong></span> <span class='ocrx_word' id='word_1_394' title='bbox 1282 5071 1458 5138; x_wconf 89' lang='lat' dir='ltr'><strong>potius</strong></span> <span class='ocrx_word' id='word_1_395' title='bbox 1489 5088 1609 5143; x_wconf 63' lang='lat' dir='ltr'><strong>quae</strong></span> <span class='ocrx_word' id='word_1_396' title='bbox 1653 5077 1827 5130; x_wconf 88' lang='lat' dir='ltr'><strong>conti-</strong></span> 
     </span>
    </p>
   </div>
   <div class='ocr_carea' id='block_1_53' title="bbox 230 5147 1834 5232">
    <p class='ocr_par' dir='ltr' id='par_1_53' title="bbox 230 5147 1834 5232">
     <span class='ocr_line' id='line_1_53' title="bbox 230 5147 1834 5232; baseline 0.017 -37"><span class='ocrx_word' id='word_1_397' title='bbox 230 5154 448 5213; x_wconf 85' lang='lat' dir='ltr'><strong>gerunt,</strong></span> <span class='ocrx_word' id='word_1_398' title='bbox 482 5147 699 5216; x_wconf 90' lang='lat' dir='ltr'><strong>planum</strong></span> <span class='ocrx_word' id='word_1_399' title='bbox 747 5149 924 5209; x_wconf 88' lang='lat' dir='ltr'><strong>facere</strong></span> <span class='ocrx_word' id='word_1_400' title='bbox 953 5155 1211 5212; x_wconf 87' lang='lat' dir='ltr'><strong>conabor.</strong></span> <span class='ocrx_word' id='word_1_401' title='bbox 1239 5157 1414 5216; x_wconf 83' lang='lat' dir='ltr'><strong>Patria</strong></span> <span class='ocrx_word' id='word_1_402' title='bbox 1443 5163 1599 5232; x_wconf 89' lang='lat' dir='ltr'><strong>pulsa</strong></span> <span class='ocrx_word' id='word_1_403' title='bbox 1628 5179 1709 5232; x_wconf 88' lang='lat' dir='ltr'><strong>es,</strong></span> <span class='ocrx_word' id='word_1_404' title='bbox 1735 5166 1834 5222; x_wconf 89' lang='lat' dir='ltr'><strong>do-</strong></span> 
     </span>
    </p>
   </div>
   <div class='ocr_carea' id='block_1_54' title="bbox 225 5236 1833 5326">
    <p class='ocr_par' dir='ltr' id='par_1_54' title="bbox 225 5236 1833 5326">
     <span class='ocr_line' id='line_1_54' title="bbox 225 5236 1833 5326; baseline 0.016 -38"><span class='ocrx_word' id='word_1_405' title='bbox 225 5248 334 5298; x_wconf 84' lang='lat' dir='ltr'><strong>mo,</strong></span> <span class='ocrx_word' id='word_1_406' title='bbox 368 5236 574 5306; x_wconf 88' lang='lat' dir='ltr'><strong>amicis,</strong></span> <span class='ocrx_word' id='word_1_407' title='bbox 617 5241 892 5311; x_wconf 86' lang='lat' dir='ltr'><strong>cognatis;</strong></span> <span class='ocrx_word' id='word_1_408' title='bbox 927 5245 978 5299; x_wconf 93' lang='lat' dir='ltr'><strong>in</strong></span> <span class='ocrx_word' id='word_1_409' title='bbox 1021 5246 1267 5303; x_wconf 67' lang='lat' dir='ltr'><strong>exsilium</strong></span> <span class='ocrx_word' id='word_1_410' title='bbox 1310 5251 1473 5308; x_wconf 89' lang='lat' dir='ltr'><strong>missa</strong></span> <span class='ocrx_word' id='word_1_411' title='bbox 1496 5269 1594 5322; x_wconf 89' lang='lat' dir='ltr'><strong>es;</strong></span> <span class='ocrx_word' id='word_1_412' title='bbox 1642 5259 1833 5326; x_wconf 89' lang='lat' dir='ltr'><strong>quovis</strong></span> 
     </span>
    </p>
   </div>
   <div class='ocr_carea' id='block_1_55' title="bbox 221 5326 1828 5410">
    <p class='ocr_par' dir='ltr' id='par_1_55' title="bbox 221 5326 1828 5410">
     <span class='ocr_line' id='line_1_55' title="bbox 221 5326 1828 5410; baseline 0.016 -28"><span class='ocrx_word' id='word_1_413' title='bbox 221 5326 309 5384; x_wconf 91' lang='lat' dir='ltr'><strong>die</strong></span> <span class='ocrx_word' id='word_1_414' title='bbox 330 5332 469 5384; x_wconf 88' lang='lat' dir='ltr'><strong>mori</strong></span> <span class='ocrx_word' id='word_1_415' title='bbox 495 5346 601 5387; x_wconf 94' lang='lat' dir='ltr'><strong>non</strong></span> <span class='ocrx_word' id='word_1_416' title='bbox 624 5332 849 5401; x_wconf 85' lang='lat' dir='ltr'><strong>desiisti,</strong></span> <span class='ocrx_word' id='word_1_417' title='bbox 877 5347 1035 5408; x_wconf 87' lang='lat' dir='ltr'><strong>atque</strong></span> <span class='ocrx_word' id='word_1_418' title='bbox 1049 5341 1188 5410; x_wconf 86' lang='lat' dir='ltr'><strong>quod</strong></span> <span class='ocrx_word' id='word_1_419' title='bbox 1212 5353 1416 5400; x_wconf 58' lang='lat' dir='ltr'><strong>natura</strong></span> <span class='ocrx_word' id='word_1_420' title='bbox 1435 5346 1621 5406; x_wconf 83' lang='lat' dir='ltr'><strong>deerat</strong></span> <span class='ocrx_word' id='word_1_421' title='bbox 1641 5351 1828 5406; x_wconf 87' lang='lat' dir='ltr'><strong>volun-</strong></span> 
     </span>
    </p>
   </div>
   <div class='ocr_carea' id='block_1_56' title="bbox 225 5419 1825 5511">
    <p class='ocr_par' dir='ltr' id='par_1_56' title="bbox 225 5419 1825 5511">
     <span class='ocr_line' id='line_1_56' title="bbox 225 5419 1825 5511; baseline 0.015 -37"><span class='ocrx_word' id='word_1_422' title='bbox 225 5419 348 5511; x_wconf 78' lang='lat' dir='ltr'><strong>tatis</strong></span> <span class='ocrx_word' id='word_1_423' title='bbox 377 5431 434 5477; x_wconf 90' lang='lat' dir='ltr'><strong>et</strong></span> <span class='ocrx_word' id='word_1_424' title='bbox 466 5423 632 5479; x_wconf 88' lang='lat' dir='ltr'><strong>animi</strong></span> <span class='ocrx_word' id='word_1_425' title='bbox 681 5428 1030 5496; x_wconf 89' lang='lat' dir='ltr'><strong>amplitudine</strong></span> <span class='ocrx_word' id='word_1_426' title='bbox 1059 5433 1392 5503; x_wconf 86' lang='lat' dir='ltr'><strong>supplevisti.</strong></span> <span class='ocrx_word' id='word_1_427' title='bbox 1422 5438 1555 5494; x_wconf 87' lang='lat' dir='ltr'><strong>Nam</strong></span> <span class='ocrx_word' id='word_1_428' title='bbox 1583 5444 1704 5511; x_wconf 87' lang='lat' dir='ltr'><strong>quia</strong></span> <span class='ocrx_word' id='word_1_429' title='bbox 1732 5443 1825 5498; x_wconf 87' lang='lat' dir='ltr'><strong>ﬂe-</strong></span> 
     </span>
    </p>
   </div>
   <div class='ocr_carea' id='block_1_57' title="bbox 219 5509 1828 5601">
    <p class='ocr_par' dir='ltr' id='par_1_57' title="bbox 219 5509 1828 5601">
     <span class='ocr_line' id='line_1_57' title="bbox 219 5509 1828 5601; baseline 0.017 -37"><span class='ocrx_word' id='word_1_430' title='bbox 219 5509 266 5566; x_wconf 84' lang='lat' dir='ltr'><strong>I&#39;l</strong></span> <span class='ocrx_word' id='word_1_431' title='bbox 295 5512 503 5582; x_wconf 85' lang='lat' dir='ltr'><strong>nequit,</strong></span> <span class='ocrx_word' id='word_1_432' title='bbox 535 5525 594 5569; x_wconf 93' lang='lat' dir='ltr'><strong>ut</strong></span> <span class='ocrx_word' id='word_1_433' title='bbox 616 5514 779 5572; x_wconf 87' lang='lat' dir='ltr'><strong>homo</strong></span> <span class='ocrx_word' id='word_1_434' title='bbox 804 5519 980 5590; x_wconf 87' lang='lat' dir='ltr'><strong>reipsa</strong></span> <span class='ocrx_word' id='word_1_435' title='bbox 1011 5524 1205 5580; x_wconf 89' lang='lat' dir='ltr'><strong>multas</strong></span> <span class='ocrx_word' id='word_1_436' title='bbox 1225 5535 1426 5584; x_wconf 88' lang='lat' dir='ltr'><strong>mortes</strong></span> <span class='ocrx_word' id='word_1_437' title='bbox 1442 5509 1680 5601; x_wconf 83' lang='lat' dir='ltr'><strong>oppetat,</strong></span> <span class='ocrx_word' id='word_1_438' title='bbox 1709 5537 1828 5590; x_wconf 83' lang='lat' dir='ltr'><strong>ani-</strong></span> 
     </span>
    </p>
   </div>
   <div class='ocr_carea' id='block_1_58' title="bbox 219 5603 1818 5694">
    <p class='ocr_par' dir='ltr' id='par_1_58' title="bbox 219 5603 1818 5694">
     <span class='ocr_line' id='line_1_58' title="bbox 219 5603 1818 5694; baseline 0.018 -39"><span class='ocrx_word' id='word_1_439' title='bbox 219 5615 312 5657; x_wconf 86' lang='lat' dir='ltr'><strong>lno</strong></span> <span class='ocrx_word' id='word_1_440' title='bbox 337 5616 403 5658; x_wconf 83' lang='lat' dir='ltr'><strong>ac</strong></span> <span class='ocrx_word' id='word_1_441' title='bbox 435 5603 711 5661; x_wconf 81' lang='lat' dir='ltr'><strong>voluntate</strong></span> <span class='ocrx_word' id='word_1_442' title='bbox 757 5608 858 5664; x_wconf 88' lang='lat' dir='ltr'><strong>hoc</strong></span> <span class='ocrx_word' id='word_1_443' title='bbox 878 5609 1070 5667; x_wconf 81' lang='lat' dir='ltr'><strong>fecisti.</strong></span> <span class='ocrx_word' id='word_1_444' title='bbox 1103 5614 1171 5669; x_wconf 88' lang='lat' dir='ltr'><strong>Et</strong></span> <span class='ocrx_word' id='word_1_445' title='bbox 1194 5619 1336 5687; x_wconf 90' lang='lat' dir='ltr'><strong>quod</strong></span> <span class='ocrx_word' id='word_1_446' title='bbox 1376 5623 1667 5680; x_wconf 84' lang='lat' dir='ltr'><strong>maximum</strong></span> <span class='ocrx_word' id='word_1_447' title='bbox 1695 5637 1818 5694; x_wconf 87' lang='lat' dir='ltr'><strong>est,</strong></span> 
     </span>
    </p>
   </div>
   <div class='ocr_carea' id='block_1_59' title="bbox 219 5695 1820 5785">
    <p class='ocr_par' dir='ltr' id='par_1_59' title="bbox 219 5695 1820 5785">
     <span class='ocr_line' id='line_1_59' title="bbox 219 5695 1820 5785; baseline 0.019 -41"><span class='ocrx_word' id='word_1_448' title='bbox 219 5709 340 5752; x_wconf 75' lang='lat' dir='ltr'><strong>cum</strong></span> <span class='ocrx_word' id='word_1_449' title='bbox 370 5695 471 5751; x_wconf 88' lang='lat' dir='ltr'><strong>alia</strong></span> <span class='ocrx_word' id='word_1_450' title='bbox 504 5697 788 5765; x_wconf 86' lang='lat' dir='ltr'><strong>perferres,</strong></span> <span class='ocrx_word' id='word_1_451' title='bbox 821 5701 920 5755; x_wconf 87' lang='lat' dir='ltr'><strong>alia</strong></span> <span class='ocrx_word' id='word_1_452' title='bbox 947 5703 1057 5770; x_wconf 81' lang='lat' dir='ltr'><strong>jam</strong></span> <span class='ocrx_word' id='word_1_453' title='bbox 1086 5707 1301 5780; x_wconf 80' lang='lat' dir='ltr'><strong>iamque</strong></span> <span class='ocrx_word' id='word_1_454' title='bbox 1322 5723 1696 5785; x_wconf 78' lang='lat' dir='ltr'><strong>exspectares,</strong></span> <span class='ocrx_word' id='word_1_455' title='bbox 1725 5719 1820 5777; x_wconf 88' lang='lat' dir='ltr'><strong>Dei</strong></span> 
     </span>
    </p>
   </div>
   <div class='ocr_carea' id='block_1_60' title="bbox 214 5789 1817 5877">
    <p class='ocr_par' dir='ltr' id='par_1_60' title="bbox 214 5789 1817 5877">
     <span class='ocr_line' id='line_1_60' title="bbox 214 5789 1817 5877; baseline 0.021 -39"><span class='ocrx_word' id='word_1_456' title='bbox 214 5789 391 5842; x_wconf 88' lang='lat' dir='ltr'><strong>tamen</strong></span> <span class='ocrx_word' id='word_1_457' title='bbox 451 5790 602 5858; x_wconf 87' lang='lat' dir='ltr'><strong>cujus</strong></span> <span class='ocrx_word' id='word_1_458' title='bbox 635 5793 900 5865; x_wconf 87' lang='lat' dir='ltr'><strong>permissu</strong></span> <span class='ocrx_word' id='word_1_459' title='bbox 946 5798 1060 5853; x_wconf 75' lang='lat' dir='ltr'><strong>lucc</strong></span> <span class='ocrx_word' id='word_1_460' title='bbox 1091 5800 1310 5874; x_wconf 84' lang='lat' dir='ltr'><strong>flebant,</strong></span> <span class='ocrx_word' id='word_1_461' title='bbox 1359 5807 1586 5877; x_wconf 81' lang='lat' dir='ltr'><strong>gloriam</strong></span> <span class='ocrx_word' id='word_1_462' title='bbox 1631 5812 1703 5868; x_wconf 90' lang='lat' dir='ltr'><strong>ob</strong></span> <span class='ocrx_word' id='word_1_463' title='bbox 1753 5829 1817 5870; x_wconf 90' lang='lat' dir='ltr'><strong>ea</strong></span> 
     </span>
    </p>
   </div>
   <div class='ocr_carea' id='block_1_61' title="bbox 550 5900 1169 5977">
    <p class='ocr_par' dir='ltr' id='par_1_61' title="bbox 550 5900 1169 5977">
     <span class='ocr_line' id='line_1_61' title="bbox 550 5900 1169 5977; baseline 0.024 -16"><span class='ocrx_word' id='word_1_464' title='bbox 550 5900 825 5968; x_wconf 78' lang='grc' dir='ltr'><strong>ΡΑτιιοι..</strong></span> <span class='ocrx_word' id='word_1_465' title='bbox 870 5907 991 5972; x_wconf 75' lang='lat' dir='ltr'><strong>Gn.</strong></span> <span class='ocrx_word' id='word_1_466' title='bbox 1033 5911 1169 5977; x_wconf 86' lang='lat' dir='ltr'><strong>Lll.</strong></span> 
     </span>
    </p>
   </div>
   <div class='ocr_carea' id='block_1_62' title="bbox 1789 348 2164 417">
    <p class='ocr_par' dir='ltr' id='par_1_62' title="bbox 1789 348 2164 417">
     <span class='ocr_line' id='line_1_62' title="bbox 1789 348 2164 417; baseline -0.005 0"><span class='ocrx_word' id='word_1_467' title='bbox 1789 348 2164 417; x_wconf 66' lang='lat' dir='ltr'><strong>EPISTOLE.</strong></span> 
     </span>
    </p>
   </div>
   <div class='ocr_carea' id='block_1_63' title="bbox 3480 349 3588 406">
    <p class='ocr_par' dir='ltr' id='par_1_63' title="bbox 3480 349 3588 406">
     <span class='ocr_line' id='line_1_63' title="bbox 3480 349 3588 406; baseline -0.019 0"><span class='ocrx_word' id='word_1_468' title='bbox 3480 349 3588 406; x_wconf 73' lang='lat' dir='ltr'><strong>6M.</strong></span> 
     </span>
    </p>
   </div>
   <div class='ocr_carea' id='block_1_64' title="bbox 1982 462 3592 543">
    <p class='ocr_par' dir='ltr' id='par_1_64' title="bbox 1982 462 3592 543">
     <span class='ocr_line' id='line_1_64' title="bbox 1982 462 3592 543; baseline -0.006 -16"><span class='ocrx_word' id='word_1_469' title='bbox 1982 470 2294 543; x_wconf 68' lang='lat' dir='ltr'><strong>praedicare,</strong></span> <span class='ocrx_word' id='word_1_470' title='bbox 2317 469 2640 540; x_wconf 86' lang='lat' dir='ltr'><strong>letalemque</strong></span> <span class='ocrx_word' id='word_1_471' title='bbox 2655 465 2871 524; x_wconf 88' lang='lat' dir='ltr'><strong>diabolo</strong></span> <span class='ocrx_word' id='word_1_472' title='bbox 2899 464 3108 537; x_wconf 84' lang='lat' dir='ltr'><strong>plagam</strong></span> <span class='ocrx_word' id='word_1_473' title='bbox 3137 462 3335 520; x_wconf 85' lang='lat' dir='ltr'><strong>inferre</strong></span> <span class='ocrx_word' id='word_1_474' title='bbox 3364 477 3471 518; x_wconf 92' lang='lat' dir='ltr'><strong>non</strong></span> <span class='ocrx_word' id='word_1_475' title='bbox 3498 464 3592 518; x_wconf 89' lang='lat' dir='ltr'><strong>de-</strong></span> 
     </span>
    </p>
   </div>
   <div class='ocr_carea' id='block_1_65' title="bbox 1979 551 3591 631">
    <p class='ocr_par' dir='ltr' id='par_1_65' title="bbox 1979 551 3591 631">
     <span class='ocr_line' id='line_1_65' title="bbox 1979 551 3591 631; baseline -0.007 -13"><span class='ocrx_word' id='word_1_476' title='bbox 1979 561 2184 618; x_wconf 89' lang='lat' dir='ltr'><strong>stitisti.</strong></span> <span class='ocrx_word' id='word_1_477' title='bbox 2215 560 2347 615; x_wconf 86' lang='lat' dir='ltr'><strong>Nam</strong></span> <span class='ocrx_word' id='word_1_478' title='bbox 2366 559 2508 631; x_wconf 91' lang='lat' dir='ltr'><strong>quod</strong></span> <span class='ocrx_word' id='word_1_479' title='bbox 2530 560 2691 616; x_wconf 91' lang='lat' dir='ltr'><strong>letale</strong></span> <span class='ocrx_word' id='word_1_480' title='bbox 2711 557 2908 612; x_wconf 77' lang='lat' dir='ltr'><strong>vulnus</strong></span> <span class='ocrx_word' id='word_1_481' title='bbox 2937 555 3226 626; x_wconf 88' lang='lat' dir='ltr'><strong>acceperit,</strong></span> <span class='ocrx_word' id='word_1_482' title='bbox 3259 554 3383 609; x_wconf 86' lang='lat' dir='ltr'><strong>hinc</strong></span> <span class='ocrx_word' id='word_1_483' title='bbox 3405 551 3591 609; x_wconf 87' lang='lat' dir='ltr'><strong>decla-</strong></span> 
     </span>
    </p>
   </div>
   <div class='ocr_carea' id='block_1_66' title="bbox 1978 644 3587 725">
    <p class='ocr_par' dir='ltr' id='par_1_66' title="bbox 1978 644 3587 725">
     <span class='ocr_line' id='line_1_66' title="bbox 1978 644 3587 725; baseline -0.008 -14"><span class='ocrx_word' id='word_1_484' title='bbox 1978 655 2137 721; x_wconf 87' lang='lat' dir='ltr'><strong>ravit,</strong></span> <span class='ocrx_word' id='word_1_485' title='bbox 2166 652 2312 725; x_wconf 85' lang='lat' dir='ltr'><strong>quod</strong></span> <span class='ocrx_word' id='word_1_486' title='bbox 2339 651 2634 722; x_wconf 81' lang='lat' dir='ltr'><strong>majoribus</strong></span> <span class='ocrx_word' id='word_1_487' title='bbox 2661 658 2849 722; x_wconf 84' lang='lat' dir='ltr'><strong>postea</strong></span> <span class='ocrx_word' id='word_1_488' title='bbox 2903 649 3070 703; x_wconf 88' lang='lat' dir='ltr'><strong>armis</strong></span> <span class='ocrx_word' id='word_1_489' title='bbox 3122 660 3244 702; x_wconf 90' lang='lat' dir='ltr'><strong>sese</strong></span> <span class='ocrx_word' id='word_1_490' title='bbox 3291 644 3587 701; x_wconf 81' lang='lat' dir='ltr'><strong>instruxit:</strong></span> 
     </span>
    </p>
   </div>
   <div class='ocr_carea' id='block_1_67' title="bbox 1978 736 3585 812">
    <p class='ocr_par' dir='ltr' id='par_1_67' title="bbox 1978 736 3585 812">
     <span class='ocr_line' id='line_1_67' title="bbox 1978 736 3585 812; baseline -0.009 -11"><span class='ocrx_word' id='word_1_491' title='bbox 1978 744 2121 801; x_wconf 91' lang='lat' dir='ltr'><strong>unde</strong></span> <span class='ocrx_word' id='word_1_492' title='bbox 2138 745 2301 800; x_wconf 88' lang='lat' dir='ltr'><strong>etiam</strong></span> <span class='ocrx_word' id='word_1_493' title='bbox 2328 744 2595 798; x_wconf 82' lang='lat' dir='ltr'><strong>atrociora</strong></span> <span class='ocrx_word' id='word_1_494' title='bbox 2623 741 2892 812; x_wconf 91' lang='lat' dir='ltr'><strong>prioribus</strong></span> <span class='ocrx_word' id='word_1_495' title='bbox 2938 739 3236 810; x_wconf 89' lang='lat' dir='ltr'><strong>posteriora</strong></span> <span class='ocrx_word' id='word_1_496' title='bbox 3266 736 3405 793; x_wconf 84' lang='lat' dir='ltr'><strong>facta</strong></span> <span class='ocrx_word' id='word_1_497' title='bbox 3435 746 3585 792; x_wconf 88' lang='lat' dir='ltr'><strong>sunt.</strong></span> 
     </span>
    </p>
   </div>
   <div class='ocr_carea' id='block_1_68' title="bbox 1977 817 3590 904">
    <p class='ocr_par' dir='ltr' id='par_1_68' title="bbox 1977 817 3590 904">
     <span class='ocr_line' id='line_1_68' title="bbox 1977 817 3590 904; baseline -0.007 -12"><span class='ocrx_word' id='word_1_498' title='bbox 1977 817 2440 904; x_wconf 68' lang='lat' dir='ltr'><strong>Quemadmodum</strong></span> <span class='ocrx_word' id='word_1_499' title='bbox 2468 835 2613 890; x_wconf 87' lang='lat' dir='ltr'><strong>enim</strong></span> <span class='ocrx_word' id='word_1_500' title='bbox 2643 833 2890 903; x_wconf 88' lang='lat' dir='ltr'><strong>scorpius</strong></span> <span class='ocrx_word' id='word_1_501' title='bbox 2940 841 2995 886; x_wconf 87' lang='lat' dir='ltr'><strong>et</strong></span> <span class='ocrx_word' id='word_1_502' title='bbox 3017 845 3240 900; x_wconf 83' lang='lat' dir='ltr'><strong>serpens</strong></span> <span class='ocrx_word' id='word_1_503' title='bbox 3260 860 3278 896; x_wconf 93' lang='lat'><strong>-,</strong></span> <span class='ocrx_word' id='word_1_504' title='bbox 3329 841 3453 884; x_wconf 92' lang='lat' dir='ltr'><strong>cum</strong></span> <span class='ocrx_word' id='word_1_505' title='bbox 3485 828 3590 881; x_wconf 88' lang='lat' dir='ltr'><strong>alte</strong></span> 
     </span>
    </p>
   </div>
   <div class='ocr_carea' id='block_1_69' title="bbox 1977 917 3589 996">
    <p class='ocr_par' dir='ltr' id='par_1_69' title="bbox 1977 917 3589 996">
     <span class='ocr_line' id='line_1_69' title="bbox 1977 917 3589 996; baseline -0.007 -12"><span class='ocrx_word' id='word_1_506' title='bbox 1977 927 2210 984; x_wconf 88' lang='lat' dir='ltr'><strong>deﬁxum</strong></span> <span class='ocrx_word' id='word_1_507' title='bbox 2243 928 2439 983; x_wconf 87' lang='lat' dir='ltr'><strong>vulnus</strong></span> <span class='ocrx_word' id='word_1_508' title='bbox 2462 936 2807 996; x_wconf 85' lang='lat' dir='ltr'><strong>acceperunt,</strong></span> <span class='ocrx_word' id='word_1_509' title='bbox 2864 923 3076 980; x_wconf 90' lang='lat' dir='ltr'><strong>sublato</strong></span> <span class='ocrx_word' id='word_1_510' title='bbox 3095 923 3256 977; x_wconf 88' lang='lat' dir='ltr'><strong>altius</strong></span> <span class='ocrx_word' id='word_1_511' title='bbox 3275 921 3467 976; x_wconf 90' lang='lat' dir='ltr'><strong>aculeo</strong></span> <span class='ocrx_word' id='word_1_512' title='bbox 3492 917 3559 973; x_wconf 90' lang='lat' dir='ltr'><strong>ad</strong></span> <span class='ocrx_word' id='word_1_513' title='bbox 3575 946 3589 957; x_wconf 87' lang='lat'><strong>-</strong></span> 
     </span>
    </p>
   </div>
   <div class='ocr_carea' id='block_1_70' title="bbox 1981 1016 3590 1090">
    <p class='ocr_par' dir='ltr' id='par_1_70' title="bbox 1981 1016 3590 1090">
     <span class='ocr_line' id='line_1_70' title="bbox 1981 1016 3590 1090; baseline -0.008 -14"><span class='ocrx_word' id='word_1_514' title='bbox 1981 1035 2172 1076; x_wconf 82' lang='lat' dir='ltr'><strong>versus</strong></span> <span class='ocrx_word' id='word_1_515' title='bbox 2192 1035 2337 1085; x_wconf 90' lang='lat' dir='ltr'><strong>eum,</strong></span> <span class='ocrx_word' id='word_1_516' title='bbox 2355 1034 2392 1074; x_wconf 84' lang='lat' dir='ltr'><strong>a</strong></span> <span class='ocrx_word' id='word_1_517' title='bbox 2408 1035 2522 1090; x_wconf 83' lang='lat' dir='ltr'><strong>quo</strong></span> <span class='ocrx_word' id='word_1_518' title='bbox 2535 1017 2775 1088; x_wconf 87' lang='lat' dir='ltr'><strong>percussi</strong></span> <span class='ocrx_word' id='word_1_519' title='bbox 2797 1026 2943 1083; x_wconf 90' lang='lat' dir='ltr'><strong>sunt,</strong></span> <span class='ocrx_word' id='word_1_520' title='bbox 2967 1016 3271 1085; x_wconf 80' lang='lat' dir='ltr'><strong>insurgunt,</strong></span> <span class='ocrx_word' id='word_1_521' title='bbox 3298 1029 3392 1083; x_wconf 90' lang='lat' dir='ltr'><strong>per</strong></span> <span class='ocrx_word' id='word_1_522' title='bbox 3411 1026 3590 1066; x_wconf 80' lang='lat' dir='ltr'><strong>acrem</strong></span> 
     </span>
    </p>
   </div>
   <div class='ocr_carea' id='block_1_71' title="bbox 1979 1105 3592 1180">
    <p class='ocr_par' dir='ltr' id='par_1_71' title="bbox 1979 1105 3592 1180">
     <span class='ocr_line' id='line_1_71' title="bbox 1979 1105 3592 1180; baseline -0.006 -14"><span class='ocrx_word' id='word_1_523' title='bbox 1979 1111 2184 1166; x_wconf 82' lang='lat' dir='ltr'><strong>scilicet</strong></span> <span class='ocrx_word' id='word_1_524' title='bbox 2209 1111 2262 1165; x_wconf 90' lang='lat' dir='ltr'><strong>in</strong></span> <span class='ocrx_word' id='word_1_525' title='bbox 2295 1125 2679 1180; x_wconf 88' lang='lat' dir='ltr'><strong>percussorem</strong></span> <span class='ocrx_word' id='word_1_526' title='bbox 2711 1110 2968 1178; x_wconf 85' lang='lat' dir='ltr'><strong>impetum</strong></span> <span class='ocrx_word' id='word_1_527' title='bbox 2994 1106 3243 1162; x_wconf 84' lang='lat' dir='ltr'><strong>acerrimi</strong></span> <span class='ocrx_word' id='word_1_528' title='bbox 3270 1105 3472 1160; x_wconf 76' lang='lat' dir='ltr'><strong>doloris</strong></span> <span class='ocrx_word' id='word_1_529' title='bbox 3502 1119 3592 1157; x_wconf 91' lang='lat' dir='ltr'><strong>ar-</strong></span> 
     </span>
    </p>
   </div>
   <div class='ocr_carea' id='block_1_72' title="bbox 1977 1195 3594 1273">
    <p class='ocr_par' dir='ltr' id='par_1_72' title="bbox 1977 1195 3594 1273">
     <span class='ocr_line' id='line_1_72' title="bbox 1977 1195 3594 1273; baseline -0.005 -16"><span class='ocrx_word' id='word_1_530' title='bbox 1977 1212 2285 1273; x_wconf 86' lang='lat' dir='ltr'><strong>gumentum</strong></span> <span class='ocrx_word' id='word_1_531' title='bbox 2305 1202 2623 1257; x_wconf 87' lang='lat' dir='ltr'><strong>exhibentes</strong></span> <span class='ocrx_word' id='word_1_532' title='bbox 2652 1216 2666 1252; x_wconf 89' lang='lat'><strong>:</strong></span> <span class='ocrx_word' id='word_1_533' title='bbox 2699 1200 2891 1256; x_wconf 90' lang='lat' dir='ltr'><strong>eodem</strong></span> <span class='ocrx_word' id='word_1_534' title='bbox 2918 1200 3079 1254; x_wconf 84' lang='lat' dir='ltr'><strong>etiam</strong></span> <span class='ocrx_word' id='word_1_535' title='bbox 3111 1198 3278 1253; x_wconf 85' lang='lat' dir='ltr'><strong>modo</strong></span> <span class='ocrx_word' id='word_1_536' title='bbox 3308 1195 3594 1266; x_wconf 76' lang='lat' dir='ltr'><strong>itnputft&#39;tls</strong></span> 
     </span>
    </p>
   </div>
   <div class='ocr_carea' id='block_1_73' title="bbox 1978 1288 3588 1364">
    <p class='ocr_par' dir='ltr' id='par_1_73' title="bbox 1978 1288 3588 1364">
     <span class='ocr_line' id='line_1_73' title="bbox 1978 1288 3588 1364; baseline -0.004 -18"><span class='ocrx_word' id='word_1_537' title='bbox 1978 1293 2094 1347; x_wconf 73' lang='lat' dir='ltr'><strong>lucc</strong></span> <span class='ocrx_word' id='word_1_538' title='bbox 2119 1293 2317 1359; x_wconf 89' lang='lat' dir='ltr'><strong>bellua,</strong></span> <span class='ocrx_word' id='word_1_539' title='bbox 2346 1293 2600 1364; x_wconf 90' lang='lat' dir='ltr'><strong>quoniam</strong></span> <span class='ocrx_word' id='word_1_540' title='bbox 2627 1292 2695 1346; x_wconf 89' lang='lat' dir='ltr'><strong>ab</strong></span> <span class='ocrx_word' id='word_1_541' title='bbox 2720 1290 3022 1346; x_wconf 84' lang='lat' dir='ltr'><strong>admirabili</strong></span> <span class='ocrx_word' id='word_1_542' title='bbox 3056 1299 3111 1344; x_wconf 87' lang='lat' dir='ltr'><strong>et</strong></span> <span class='ocrx_word' id='word_1_543' title='bbox 3141 1288 3358 1342; x_wconf 88' lang='lat' dir='ltr'><strong>sublimi</strong></span> <span class='ocrx_word' id='word_1_544' title='bbox 3407 1289 3588 1341; x_wconf 87' lang='lat' dir='ltr'><strong>anima</strong></span> 
     </span>
    </p>
   </div>
   <div class='ocr_carea' id='block_1_74' title="bbox 1980 1381 3594 1454">
    <p class='ocr_par' dir='ltr' id='par_1_74' title="bbox 1980 1381 3594 1454">
     <span class='ocr_line' id='line_1_74' title="bbox 1980 1381 3594 1454; baseline -0.002 -16"><span class='ocrx_word' id='word_1_545' title='bbox 1980 1396 2066 1439; x_wconf 85' lang='lat' dir='ltr'><strong>tua</strong></span> <span class='ocrx_word' id='word_1_546' title='bbox 2097 1383 2360 1454; x_wconf 88' lang='lat' dir='ltr'><strong>profunda</strong></span> <span class='ocrx_word' id='word_1_547' title='bbox 2384 1385 2607 1440; x_wconf 89' lang='lat' dir='ltr'><strong>vulnera</strong></span> <span class='ocrx_word' id='word_1_548' title='bbox 2639 1385 2828 1438; x_wconf 88' lang='lat' dir='ltr'><strong>intimo</strong></span> <span class='ocrx_word' id='word_1_549' title='bbox 2867 1391 3086 1454; x_wconf 81' lang='lat' dir='ltr'><strong>pectore</strong></span> <span class='ocrx_word' id='word_1_550' title='bbox 3129 1382 3366 1452; x_wconf 83' lang='lat' dir='ltr'><strong>accepit,</strong></span> <span class='ocrx_word' id='word_1_551' title='bbox 3424 1381 3594 1435; x_wconf 73' lang='lat' dir='ltr'><strong>velte-</strong></span> 
     </span>
    </p>
   </div>
   <div class='ocr_carea' id='block_1_75' title="bbox 1979 1473 3594 1545">
    <p class='ocr_par' dir='ltr' id='par_1_75' title="bbox 1979 1473 3594 1545">
     <span class='ocr_line' id='line_1_75' title="bbox 1979 1473 3594 1545; baseline -0.004 -15"><span class='ocrx_word' id='word_1_552' title='bbox 1979 1477 2302 1532; x_wconf 88' lang='lat' dir='ltr'><strong>mentiorem</strong></span> <span class='ocrx_word' id='word_1_553' title='bbox 2333 1477 2386 1531; x_wconf 94' lang='lat' dir='ltr'><strong>in</strong></span> <span class='ocrx_word' id='word_1_554' title='bbox 2417 1486 2469 1532; x_wconf 91' lang='lat' dir='ltr'><strong>te</strong></span> <span class='ocrx_word' id='word_1_555' title='bbox 2494 1477 2752 1545; x_wconf 85' lang='lat' dir='ltr'><strong>impetum</strong></span> <span class='ocrx_word' id='word_1_556' title='bbox 2783 1475 2927 1542; x_wconf 85' lang='lat' dir='ltr'><strong>fecit,</strong></span> <span class='ocrx_word' id='word_1_557' title='bbox 2957 1489 3020 1528; x_wconf 89' lang='lat' dir='ltr'><strong>ac</strong></span> <span class='ocrx_word' id='word_1_558' title='bbox 3051 1473 3234 1544; x_wconf 89' lang='lat' dir='ltr'><strong>plures</strong></span> <span class='ocrx_word' id='word_1_559' title='bbox 3270 1473 3594 1535; x_wconf 83' lang='lat' dir='ltr'><strong>tentationes</strong></span> 
     </span>
    </p>
   </div>
   <div class='ocr_carea' id='block_1_76' title="bbox 1979 1567 3590 1639">
    <p class='ocr_par' dir='ltr' id='par_1_76' title="bbox 1979 1567 3590 1639">
     <span class='ocr_line' id='line_1_76' title="bbox 1979 1567 3590 1639; baseline -0.002 -17"><span class='ocrx_word' id='word_1_560' title='bbox 1979 1568 2236 1624; x_wconf 87' lang='lat' dir='ltr'><strong>admovit.</strong></span> <span class='ocrx_word' id='word_1_561' title='bbox 2269 1569 2484 1624; x_wconf 84' lang='lat' dir='ltr'><strong>Etenim</strong></span> <span class='ocrx_word' id='word_1_562' title='bbox 2513 1584 2609 1624; x_wconf 86' lang='lat' dir='ltr'><strong>eas</strong></span> <span class='ocrx_word' id='word_1_563' title='bbox 2637 1569 2726 1624; x_wconf 90' lang='lat' dir='ltr'><strong>ille</strong></span> <span class='ocrx_word' id='word_1_564' title='bbox 2745 1567 2964 1639; x_wconf 90' lang='lat' dir='ltr'><strong>quidem</strong></span> <span class='ocrx_word' id='word_1_565' title='bbox 2987 1567 3248 1634; x_wconf 88' lang='lat' dir='ltr'><strong>admovit,</strong></span> <span class='ocrx_word' id='word_1_566' title='bbox 3276 1583 3382 1621; x_wconf 90' lang='lat' dir='ltr'><strong>non</strong></span> <span class='ocrx_word' id='word_1_567' title='bbox 3415 1569 3590 1620; x_wconf 87' lang='lat' dir='ltr'><strong>Deus:</strong></span> 
     </span>
    </p>
   </div>
   <div class='ocr_carea' id='block_1_77' title="bbox 1980 1660 3594 1730">
    <p class='ocr_par' dir='ltr' id='par_1_77' title="bbox 1980 1660 3594 1730">
     <span class='ocr_line' id='line_1_77' title="bbox 1980 1660 3594 1730; baseline -0.001 -17"><span class='ocrx_word' id='word_1_568' title='bbox 1980 1660 2223 1729; x_wconf 82' lang='lat' dir='ltr'><strong>permisit</strong></span> <span class='ocrx_word' id='word_1_569' title='bbox 2268 1671 2446 1716; x_wconf 90' lang='lat' dir='ltr'><strong>autem</strong></span> <span class='ocrx_word' id='word_1_570' title='bbox 2506 1661 2672 1726; x_wconf 81' lang='lat' dir='ltr'><strong>Deus,</strong></span> <span class='ocrx_word' id='word_1_571' title='bbox 2727 1669 2785 1714; x_wconf 93' lang='lat' dir='ltr'><strong>ut</strong></span> <span class='ocrx_word' id='word_1_572' title='bbox 2815 1674 2948 1729; x_wconf 85' lang='lat' dir='ltr'><strong>epes</strong></span> <span class='ocrx_word' id='word_1_573' title='bbox 2988 1668 3107 1715; x_wconf 90' lang='lat' dir='ltr'><strong>tuas</strong></span> <span class='ocrx_word' id='word_1_574' title='bbox 3160 1669 3410 1728; x_wconf 87' lang='lat' dir='ltr'><strong>augeret,</strong></span> <span class='ocrx_word' id='word_1_575' title='bbox 3447 1673 3594 1730; x_wconf 77' lang='lat' dir='ltr'><strong>quzc-</strong></span> 
     </span>
    </p>
   </div>
   <div class='ocr_carea' id='block_1_78' title="bbox 1977 1751 3594 1823">
    <p class='ocr_par' dir='ltr' id='par_1_78' title="bbox 1977 1751 3594 1823">
     <span class='ocr_line' id='line_1_78' title="bbox 1977 1751 3594 1823; baseline -0.002 -17"><span class='ocrx_word' id='word_1_576' title='bbox 1977 1762 2226 1822; x_wconf 89' lang='lat' dir='ltr'><strong>stumque</strong></span> <span class='ocrx_word' id='word_1_577' title='bbox 2253 1753 2554 1808; x_wconf 87' lang='lat' dir='ltr'><strong>uberiorem</strong></span> <span class='ocrx_word' id='word_1_578' title='bbox 2582 1751 2844 1817; x_wconf 90' lang='lat' dir='ltr'><strong>efﬁceret,</strong></span> <span class='ocrx_word' id='word_1_579' title='bbox 2891 1761 3054 1823; x_wconf 84' lang='lat' dir='ltr'><strong>atque</strong></span> <span class='ocrx_word' id='word_1_580' title='bbox 3094 1751 3410 1821; x_wconf 85' lang='lat' dir='ltr'><strong>ampliorem</strong></span> <span class='ocrx_word' id='word_1_581' title='bbox 3450 1761 3594 1805; x_wconf 87' lang='lat' dir='ltr'><strong>mer-</strong></span> 
     </span>
    </p>
   </div>
   <div class='ocr_carea' id='block_1_79' title="bbox 1975 1842 3588 1915">
    <p class='ocr_par' dir='ltr' id='par_1_79' title="bbox 1975 1842 3588 1915">
     <span class='ocr_line' id='line_1_79' title="bbox 1975 1842 3588 1915; baseline -0.002 -17"><span class='ocrx_word' id='word_1_582' title='bbox 1975 1844 2162 1900; x_wconf 88' lang='lat' dir='ltr'><strong>cedem</strong></span> <span class='ocrx_word' id='word_1_583' title='bbox 2189 1852 2244 1900; x_wconf 87' lang='lat' dir='ltr'><strong>et</strong></span> <span class='ocrx_word' id='word_1_584' title='bbox 2269 1843 2468 1915; x_wconf 86' lang='lat' dir='ltr'><strong>largius</strong></span> <span class='ocrx_word' id='word_1_585' title='bbox 2506 1844 2787 1914; x_wconf 83' lang='lat' dir='ltr'><strong>praemium</strong></span> <span class='ocrx_word' id='word_1_586' title='bbox 2821 1843 2916 1898; x_wconf 87' lang='lat' dir='ltr'><strong>tibi</strong></span> <span class='ocrx_word' id='word_1_587' title='bbox 2946 1842 3280 1898; x_wconf 80' lang='lat' dir='ltr'><strong>conciliaiet.</strong></span> <span class='ocrx_word' id='word_1_588' title='bbox 3310 1842 3588 1908; x_wconf 86' lang='lat' dir='ltr'><strong>Quamob-</strong></span> 
     </span>
    </p>
   </div>
   <div class='ocr_carea' id='block_1_80' title="bbox 1975 1934 3594 2006">
    <p class='ocr_par' dir='ltr' id='par_1_80' title="bbox 1975 1934 3594 2006">
     <span class='ocr_line' id='line_1_80' title="bbox 1975 1934 3594 2006; baseline -0.002 -16"><span class='ocrx_word' id='word_1_589' title='bbox 1975 1951 2088 1990; x_wconf 84' lang='lat' dir='ltr'><strong>rem</strong></span> <span class='ocrx_word' id='word_1_590' title='bbox 2115 1935 2248 1990; x_wconf 87' lang='lat' dir='ltr'><strong>nihil</strong></span> <span class='ocrx_word' id='word_1_591' title='bbox 2275 1945 2357 1990; x_wconf 89' lang='lat' dir='ltr'><strong>est</strong></span> <span class='ocrx_word' id='word_1_592' title='bbox 2386 1935 2528 2006; x_wconf 91' lang='lat' dir='ltr'><strong>quod</strong></span> <span class='ocrx_word' id='word_1_593' title='bbox 2566 1936 2896 2006; x_wconf 87' lang='lat' dir='ltr'><strong>perturberis</strong></span> <span class='ocrx_word' id='word_1_594' title='bbox 2916 1949 2980 1990; x_wconf 88' lang='lat' dir='ltr'><strong>ac</strong></span> <span class='ocrx_word' id='word_1_595' title='bbox 3004 1934 3366 1989; x_wconf 89' lang='lat' dir='ltr'><strong>tumultueris.</strong></span> <span class='ocrx_word' id='word_1_596' title='bbox 3395 1934 3594 2004; x_wconf 85' lang='lat' dir='ltr'><strong>Ecquis</strong></span> 
     </span>
    </p>
   </div>
   <div class='ocr_carea' id='block_1_81' title="bbox 1977 2025 3592 2096">
    <p class='ocr_par' dir='ltr' id='par_1_81' title="bbox 1977 2025 3592 2096">
     <span class='ocr_line' id='line_1_81' title="bbox 1977 2025 3592 2096; baseline -0.001 -16"><span class='ocrx_word' id='word_1_597' title='bbox 1977 2027 2121 2081; x_wconf 89' lang='lat' dir='ltr'><strong>enim</strong></span> <span class='ocrx_word' id='word_1_598' title='bbox 2172 2041 2408 2095; x_wconf 87' lang='lat' dir='ltr'><strong>unquam</strong></span> <span class='ocrx_word' id='word_1_599' title='bbox 2439 2028 2622 2081; x_wconf 91' lang='lat' dir='ltr'><strong>animo</strong></span> <span class='ocrx_word' id='word_1_600' title='bbox 2669 2027 2927 2095; x_wconf 79' lang='lat' dir='ltr'><strong>elanguit,</strong></span> <span class='ocrx_word' id='word_1_601' title='bbox 2955 2025 3149 2096; x_wconf 86' lang='lat' dir='ltr'><strong>opibus</strong></span> <span class='ocrx_word' id='word_1_602' title='bbox 3175 2026 3592 2080; x_wconf 84' lang='lat' dir='ltr'><strong>circumﬂuens?</strong></span> 
     </span>
    </p>
   </div>
   <div class='ocr_carea' id='block_1_82' title="bbox 1975 2117 3588 2190">
    <p class='ocr_par' dir='ltr' id='par_1_82' title="bbox 1975 2117 3588 2190">
     <span class='ocr_line' id='line_1_82' title="bbox 1975 2117 3588 2190; baseline -0.001 -16"><span class='ocrx_word' id='word_1_603' title='bbox 1975 2120 2161 2190; x_wconf 78' lang='lat' dir='ltr'><strong>ecquis</strong></span> <span class='ocrx_word' id='word_1_604' title='bbox 2198 2119 2539 2188; x_wconf 88' lang='lat' dir='ltr'><strong>perturbatus</strong></span> <span class='ocrx_word' id='word_1_605' title='bbox 2569 2129 2675 2185; x_wconf 87' lang='lat' dir='ltr'><strong>est,</strong></span> <span class='ocrx_word' id='word_1_606' title='bbox 2716 2118 2785 2172; x_wconf 88' lang='lat' dir='ltr'><strong>ad</strong></span> <span class='ocrx_word' id='word_1_607' title='bbox 2809 2130 3049 2173; x_wconf 85' lang='lat' dir='ltr'><strong>summas</strong></span> <span class='ocrx_word' id='word_1_608' title='bbox 3075 2117 3364 2188; x_wconf 83' lang='lat' dir='ltr'><strong>dignitates</strong></span> <span class='ocrx_word' id='word_1_609' title='bbox 3394 2134 3588 2173; x_wconf 46' lang='lat' dir='ltr'><strong>ascen.</strong></span> 
     </span>
    </p>
   </div>
   <div class='ocr_carea' id='block_1_83' title="bbox 1974 2209 3583 2280">
    <p class='ocr_par' dir='ltr' id='par_1_83' title="bbox 1974 2209 3583 2280">
     <span class='ocr_line' id='line_1_83' title="bbox 1974 2209 3583 2280; baseline 0 -15"><span class='ocrx_word' id='word_1_610' title='bbox 1974 2209 2146 2265; x_wconf 81' lang='lat' dir='ltr'><strong>deus?</strong></span> <span class='ocrx_word' id='word_1_611' title='bbox 2175 2210 2328 2276; x_wconf 82' lang='lat' dir='ltr'><strong>Quod</strong></span> <span class='ocrx_word' id='word_1_612' title='bbox 2373 2211 2418 2264; x_wconf 90' lang='lat' dir='ltr'><strong>si</strong></span> <span class='ocrx_word' id='word_1_613' title='bbox 2469 2210 2510 2269; x_wconf 63' lang='lat' dir='ltr'><strong>ii,</strong></span> <span class='ocrx_word' id='word_1_614' title='bbox 2535 2211 2627 2280; x_wconf 92' lang='lat' dir='ltr'><strong>qui</strong></span> <span class='ocrx_word' id='word_1_615' title='bbox 2658 2210 2893 2264; x_wconf 90' lang='lat' dir='ltr'><strong>humana</strong></span> <span class='ocrx_word' id='word_1_616' title='bbox 2946 2211 3043 2265; x_wconf 85' lang='lat' dir='ltr'><strong>ista</strong></span> <span class='ocrx_word' id='word_1_617' title='bbox 3075 2221 3394 2280; x_wconf 88' lang='lat' dir='ltr'><strong>congerunt,</strong></span> <span class='ocrx_word' id='word_1_618' title='bbox 3442 2213 3540 2265; x_wconf 89' lang='lat' dir='ltr'><strong>ista</strong></span> <span class='ocrx_word' id='word_1_619' title='bbox 3567 2252 3583 2278; x_wconf 95' lang='lat'><strong>,</strong></span> 
     </span>
    </p>
   </div>
   <div class='ocr_carea' id='block_1_84' title="bbox 1973 2305 3590 2376">
    <p class='ocr_par' dir='ltr' id='par_1_84' title="bbox 1973 2305 3590 2376">
     <span class='ocr_line' id='line_1_84' title="bbox 1973 2305 3590 2376; baseline -0.001 -17"><span class='ocrx_word' id='word_1_620' title='bbox 1973 2305 2213 2375; x_wconf 89' lang='lat' dir='ltr'><strong>inquam,</strong></span> <span class='ocrx_word' id='word_1_621' title='bbox 2232 2305 2434 2361; x_wconf 88' lang='lat' dir='ltr'><strong>caduca</strong></span> <span class='ocrx_word' id='word_1_622' title='bbox 2455 2313 2513 2362; x_wconf 90' lang='lat' dir='ltr'><strong>et</strong></span> <span class='ocrx_word' id='word_1_623' title='bbox 2538 2306 2726 2362; x_wconf 86' lang='lat' dir='ltr'><strong>umbra</strong></span> <span class='ocrx_word' id='word_1_624' title='bbox 2748 2307 3119 2373; x_wconf 86' lang='lat' dir='ltr'><strong>imbecilliora,</strong></span> <span class='ocrx_word' id='word_1_625' title='bbox 3143 2307 3407 2376; x_wconf 80' lang='lat' dir='ltr'><strong>citiusque</strong></span> <span class='ocrx_word' id='word_1_626' title='bbox 3431 2321 3590 2376; x_wconf 63' lang='lat' dir='ltr'><strong>quam</strong></span> 
     </span>
    </p>
   </div>
   <div class='ocr_carea' id='block_1_85' title="bbox 1973 2397 3587 2468">
    <p class='ocr_par' dir='ltr' id='par_1_85' title="bbox 1973 2397 3587 2468">
     <span class='ocr_line' id='line_1_85' title="bbox 1973 2397 3587 2468; baseline -0.001 -18"><span class='ocrx_word' id='word_1_627' title='bbox 1973 2397 2172 2466; x_wconf 90' lang='lat' dir='ltr'><strong>putridi</strong></span> <span class='ocrx_word' id='word_1_628' title='bbox 2200 2397 2360 2452; x_wconf 87' lang='lat' dir='ltr'><strong>ﬂores</strong></span> <span class='ocrx_word' id='word_1_629' title='bbox 2393 2400 2805 2462; x_wconf 88' lang='lat' dir='ltr'><strong>marcesceutia,</strong></span> <span class='ocrx_word' id='word_1_630' title='bbox 2839 2399 3071 2464; x_wconf 87' lang='lat' dir='ltr'><strong>saltant,</strong></span> <span class='ocrx_word' id='word_1_631' title='bbox 3115 2399 3440 2468; x_wconf 82' lang='lat' dir='ltr'><strong>tripudiant,</strong></span> <span class='ocrx_word' id='word_1_632' title='bbox 3474 2411 3587 2466; x_wconf 79' lang='lat' dir='ltr'><strong>pra:</strong></span> 
     </span>
    </p>
   </div>
   <div class='ocr_carea' id='block_1_86' title="bbox 1971 2489 3591 2563">
    <p class='ocr_par' dir='ltr' id='par_1_86' title="bbox 1971 2489 3591 2563">
     <span class='ocr_line' id='line_1_86' title="bbox 1971 2489 3591 2563; baseline -0.001 -18"><span class='ocrx_word' id='word_1_633' title='bbox 1971 2491 2248 2561; x_wconf 85' lang='lat' dir='ltr'><strong>voluptate</strong></span> <span class='ocrx_word' id='word_1_634' title='bbox 2275 2493 2521 2559; x_wconf 84' lang='lat' dir='ltr'><strong>volitant,</strong></span> <span class='ocrx_word' id='word_1_635' title='bbox 2543 2508 2651 2562; x_wconf 74' lang='lat' dir='ltr'><strong>prae</strong></span> <span class='ocrx_word' id='word_1_636' title='bbox 2677 2508 2762 2556; x_wconf 89' lang='lat' dir='ltr'><strong>ea,</strong></span> <span class='ocrx_word' id='word_1_637' title='bbox 2796 2493 3038 2563; x_wconf 90' lang='lat' dir='ltr'><strong>inquam,</strong></span> <span class='ocrx_word' id='word_1_638' title='bbox 3068 2492 3348 2562; x_wconf 87' lang='lat' dir='ltr'><strong>voluptate</strong></span> <span class='ocrx_word' id='word_1_639' title='bbox 3372 2499 3495 2560; x_wconf 75' lang='lat' dir='ltr'><strong>qua:</strong></span> <span class='ocrx_word' id='word_1_640' title='bbox 3516 2489 3591 2544; x_wconf 70' lang='grc' dir='ltr'><strong>είο</strong></span> 
     </span>
    </p>
   </div>
   <div class='ocr_carea' id='block_1_87' title="bbox 1974 2581 3590 2656">
    <p class='ocr_par' dir='ltr' id='par_1_87' title="bbox 1974 2581 3590 2656">
     <span class='ocr_line' id='line_1_87' title="bbox 1974 2581 3590 2656; baseline -0.002 -19"><span class='ocrx_word' id='word_1_641' title='bbox 1974 2585 2082 2638; x_wconf 92' lang='lat' dir='ltr'><strong>mul</strong></span> <span class='ocrx_word' id='word_1_642' title='bbox 2104 2593 2158 2639; x_wconf 95' lang='lat' dir='ltr'><strong>et</strong></span> <span class='ocrx_word' id='word_1_643' title='bbox 2182 2594 2405 2656; x_wconf 86' lang='lat' dir='ltr'><strong>apparet</strong></span> <span class='ocrx_word' id='word_1_644' title='bbox 2435 2594 2491 2640; x_wconf 90' lang='lat' dir='ltr'><strong>et</strong></span> <span class='ocrx_word' id='word_1_645' title='bbox 2511 2586 2708 2650; x_wconf 86' lang='lat' dir='ltr'><strong>avolat,</strong></span> <span class='ocrx_word' id='word_1_646' title='bbox 2740 2584 3133 2654; x_wconf 87' lang='lat' dir='ltr'><strong>ﬂuminumque</strong></span> <span class='ocrx_word' id='word_1_647' title='bbox 3160 2599 3376 2640; x_wconf 88' lang='lat' dir='ltr'><strong>cursum</strong></span> <span class='ocrx_word' id='word_1_648' title='bbox 3410 2581 3590 2636; x_wconf 81' lang='lat' dir='ltr'><strong>imita-</strong></span> 
     </span>
    </p>
   </div>
   <div class='ocr_carea' id='block_1_88' title="bbox 1973 2675 3587 2748">
    <p class='ocr_par' dir='ltr' id='par_1_88' title="bbox 1973 2675 3587 2748">
     <span class='ocr_line' id='line_1_88' title="bbox 1973 2675 3587 2748; baseline 0 -18"><span class='ocrx_word' id='word_1_649' title='bbox 1973 2685 2061 2731; x_wconf 91' lang='lat' dir='ltr'><strong>tur</strong></span> <span class='ocrx_word' id='word_1_650' title='bbox 2095 2694 2108 2730; x_wconf 90' lang='lat'><strong>:</strong></span> <span class='ocrx_word' id='word_1_651' title='bbox 2139 2685 2343 2746; x_wconf 88' lang='lat' dir='ltr'><strong>quanto</strong></span> <span class='ocrx_word' id='word_1_652' title='bbox 2391 2677 2606 2732; x_wconf 85' lang='lat' dir='ltr'><strong>tandem</strong></span> <span class='ocrx_word' id='word_1_653' title='bbox 2660 2678 2867 2748; x_wconf 69' lang='lat' dir='ltr'><strong>aequius</strong></span> <span class='ocrx_word' id='word_1_654' title='bbox 2921 2686 3004 2733; x_wconf 89' lang='lat' dir='ltr'><strong>est</strong></span> <span class='ocrx_word' id='word_1_655' title='bbox 3049 2684 3126 2744; x_wconf 91' lang='lat' dir='ltr'><strong>te,</strong></span> <span class='ocrx_word' id='word_1_656' title='bbox 3179 2676 3390 2732; x_wconf 85' lang='lat' dir='ltr'><strong>etiamsi</strong></span> <span class='ocrx_word' id='word_1_657' title='bbox 3438 2675 3587 2745; x_wconf 87' lang='lat' dir='ltr'><strong>prius</strong></span> 
     </span>
    </p>
   </div>
   <div class='ocr_carea' id='block_1_89' title="bbox 1973 2769 3584 2840">
    <p class='ocr_par' dir='ltr' id='par_1_89' title="bbox 1973 2769 3584 2840">
     <span class='ocr_line' id='line_1_89' title="bbox 1973 2769 3584 2840; baseline -0.001 -17"><span class='ocrx_word' id='word_1_658' title='bbox 1973 2770 2026 2823; x_wconf 87' lang='lat' dir='ltr'><strong>in</strong></span> <span class='ocrx_word' id='word_1_659' title='bbox 2078 2769 2402 2825; x_wconf 73' lang='lat' dir='ltr'><strong>maeroribus</strong></span> <span class='ocrx_word' id='word_1_660' title='bbox 2449 2769 2648 2834; x_wconf 88' lang='lat' dir='ltr'><strong>fueris,</strong></span> <span class='ocrx_word' id='word_1_661' title='bbox 2689 2783 2755 2824; x_wconf 84' lang='lat' dir='ltr'><strong>ex</strong></span> <span class='ocrx_word' id='word_1_662' title='bbox 2813 2769 3079 2840; x_wconf 70' lang='lat' dir='ltr'><strong>praesenti</strong></span> <span class='ocrx_word' id='word_1_663' title='bbox 3109 2774 3288 2823; x_wconf 89' lang='lat' dir='ltr'><strong>tamen</strong></span> <span class='ocrx_word' id='word_1_664' title='bbox 3339 2777 3584 2837; x_wconf 86' lang='lat' dir='ltr'><strong>tempore</strong></span> 
     </span>
    </p>
   </div>
   <div class='ocr_carea' id='block_1_90' title="bbox 1971 2860 3590 2930">
    <p class='ocr_par' dir='ltr' id='par_1_90' title="bbox 1971 2860 3590 2930">
     <span class='ocr_line' id='line_1_90' title="bbox 1971 2860 3590 2930; baseline -0.002 -15"><span class='ocrx_word' id='word_1_665' title='bbox 1971 2861 2222 2915; x_wconf 71' lang='lat' dir='ltr'><strong>maximae</strong></span> <span class='ocrx_word' id='word_1_666' title='bbox 2249 2862 2449 2916; x_wconf 67' lang='lat' dir='ltr'><strong>laetitia:</strong></span> <span class='ocrx_word' id='word_1_667' title='bbox 2471 2869 2632 2930; x_wconf 87' lang='lat' dir='ltr'><strong>atque</strong></span> <span class='ocrx_word' id='word_1_668' title='bbox 2659 2861 2954 2916; x_wconf 86' lang='lat' dir='ltr'><strong>alacritatis</strong></span> <span class='ocrx_word' id='word_1_669' title='bbox 2975 2861 3318 2917; x_wconf 80' lang='lat' dir='ltr'><strong>occasionem</strong></span> <span class='ocrx_word' id='word_1_670' title='bbox 3349 2860 3590 2915; x_wconf 82' lang='lat' dir='ltr'><strong>haurire?</strong></span> 
     </span>
    </p>
   </div>
   <div class='ocr_carea' id='block_1_91' title="bbox 1973 2949 3586 3023">
    <p class='ocr_par' dir='ltr' id='par_1_91' title="bbox 1973 2949 3586 3023">
     <span class='ocr_line' id='line_1_91' title="bbox 1973 2949 3586 3023; baseline 0.001 -18"><span class='ocrx_word' id='word_1_671' title='bbox 1973 2949 2285 3006; x_wconf 84' lang='lat' dir='ltr'><strong>Thesaurus</strong></span> <span class='ocrx_word' id='word_1_672' title='bbox 2331 2952 2474 3007; x_wconf 89' lang='lat' dir='ltr'><strong>enim</strong></span> <span class='ocrx_word' id='word_1_673' title='bbox 2528 2951 2619 3007; x_wconf 87' lang='lat' dir='ltr'><strong>ille</strong></span> <span class='ocrx_word' id='word_1_674' title='bbox 2658 2967 2821 3022; x_wconf 85' lang='lat' dir='ltr'><strong>quem</strong></span> <span class='ocrx_word' id='word_1_675' title='bbox 2849 2951 3144 3023; x_wconf 76' lang='lat' dir='ltr'><strong>collegisti,</strong></span> <span class='ocrx_word' id='word_1_676' title='bbox 3187 2951 3331 3006; x_wconf 85' lang='lat' dir='ltr'><strong>furto</strong></span> <span class='ocrx_word' id='word_1_677' title='bbox 3358 2952 3586 3007; x_wconf 84' lang='lat' dir='ltr'><strong>subduci</strong></span> 
     </span>
    </p>
   </div>
   <div class='ocr_carea' id='block_1_92' title="bbox 1976 3042 3587 3115">
    <p class='ocr_par' dir='ltr' id='par_1_92' title="bbox 1976 3042 3587 3115">
     <span class='ocr_line' id='line_1_92' title="bbox 1976 3042 3587 3115; baseline 0.001 -19"><span class='ocrx_word' id='word_1_678' title='bbox 1976 3058 2082 3097; x_wconf 90' lang='lat' dir='ltr'><strong>non</strong></span> <span class='ocrx_word' id='word_1_679' title='bbox 2108 3053 2283 3112; x_wconf 86' lang='lat' dir='ltr'><strong>potest</strong></span> <span class='ocrx_word' id='word_1_680' title='bbox 2316 3058 2329 3095; x_wconf 95' lang='lat'>:</span> <span class='ocrx_word' id='word_1_681' title='bbox 2369 3058 2468 3098; x_wconf 81' lang='lat' dir='ltr'><strong>nec</strong></span> <span class='ocrx_word' id='word_1_682' title='bbox 2493 3043 2662 3099; x_wconf 86' lang='lat' dir='ltr'><strong>decus</strong></span> <span class='ocrx_word' id='word_1_683' title='bbox 2688 3042 2841 3111; x_wconf 92' lang='lat' dir='ltr'><strong>illud,</strong></span> <span class='ocrx_word' id='word_1_684' title='bbox 2873 3044 3018 3115; x_wconf 87' lang='lat' dir='ltr'><strong>quod</strong></span> <span class='ocrx_word' id='word_1_685' title='bbox 3065 3057 3163 3114; x_wconf 85' lang='lat' dir='ltr'><strong>per</strong></span> <span class='ocrx_word' id='word_1_686' title='bbox 3184 3044 3283 3099; x_wconf 87' lang='lat' dir='ltr'><strong>lias</strong></span> <span class='ocrx_word' id='word_1_687' title='bbox 3311 3045 3587 3099; x_wconf 83' lang='lat' dir='ltr'><strong>calamita-</strong></span> 
     </span>
    </p>
   </div>
   <div class='ocr_carea' id='block_1_93' title="bbox 1975 3135 3587 3204">
    <p class='ocr_par' dir='ltr' id='par_1_93' title="bbox 1975 3135 3587 3204">
     <span class='ocr_line' id='line_1_93' title="bbox 1975 3135 3587 3204; baseline 0.003 -17"><span class='ocrx_word' id='word_1_688' title='bbox 1975 3143 2055 3188; x_wconf 88' lang='lat' dir='ltr'><strong>tes</strong></span> <span class='ocrx_word' id='word_1_689' title='bbox 2103 3135 2192 3188; x_wconf 85' lang='lat' dir='ltr'><strong>tibi</strong></span> <span class='ocrx_word' id='word_1_690' title='bbox 2233 3143 2603 3204; x_wconf 79' lang='lat' dir='ltr'><strong>comparatum</strong></span> <span class='ocrx_word' id='word_1_691' title='bbox 2648 3145 2754 3204; x_wconf 86' lang='lat' dir='ltr'><strong>est,</strong></span> <span class='ocrx_word' id='word_1_692' title='bbox 2805 3137 3203 3192; x_wconf 85' lang='lat' dir='ltr'><strong>successionem</strong></span> <span class='ocrx_word' id='word_1_693' title='bbox 3247 3138 3396 3192; x_wconf 86' lang='lat' dir='ltr'><strong>novit</strong></span> <span class='ocrx_word' id='word_1_694' title='bbox 3422 3179 3436 3202; x_wconf 88' lang='lat'><strong>,</strong></span> <span class='ocrx_word' id='word_1_695' title='bbox 3493 3148 3587 3192; x_wconf 87' lang='lat' dir='ltr'><strong>aut</strong></span> 
     </span>
    </p>
   </div>
   <div class='ocr_carea' id='block_1_94' title="bbox 1972 3224 3582 3295">
    <p class='ocr_par' dir='ltr' id='par_1_94' title="bbox 1972 3224 3582 3295">
     <span class='ocr_line' id='line_1_94' title="bbox 1972 3224 3582 3295; baseline 0.005 -18"><span class='ocrx_word' id='word_1_696' title='bbox 1972 3224 2131 3280; x_wconf 89' lang='lat' dir='ltr'><strong>ﬁnem</strong></span> <span class='ocrx_word' id='word_1_697' title='bbox 2161 3235 2458 3295; x_wconf 82' lang='lat' dir='ltr'><strong>exspectat,</strong></span> <span class='ocrx_word' id='word_1_698' title='bbox 2490 3227 2586 3283; x_wconf 88' lang='lat' dir='ltr'><strong>sed</strong></span> <span class='ocrx_word' id='word_1_699' title='bbox 2632 3228 2700 3284; x_wconf 91' lang='lat' dir='ltr'><strong>ab</strong></span> <span class='ocrx_word' id='word_1_700' title='bbox 2728 3229 2877 3283; x_wconf 90' lang='lat' dir='ltr'><strong>omni</strong></span> <span class='ocrx_word' id='word_1_701' title='bbox 2913 3229 3146 3284; x_wconf 82' lang='lat' dir='ltr'><strong>termino</strong></span> <span class='ocrx_word' id='word_1_702' title='bbox 3187 3229 3423 3284; x_wconf 86' lang='lat' dir='ltr'><strong>alienum</strong></span> <span class='ocrx_word' id='word_1_703' title='bbox 3476 3240 3582 3295; x_wconf 90' lang='lat' dir='ltr'><strong>est,</strong></span> 
     </span>
    </p>
   </div>
   <div class='ocr_carea' id='block_1_95' title="bbox 1973 3318 3586 3389">
    <p class='ocr_par' dir='ltr' id='par_1_95' title="bbox 1973 3318 3586 3389">
     <span class='ocr_line' id='line_1_95' title="bbox 1973 3318 3586 3389; baseline 0.004 -20"><span class='ocrx_word' id='word_1_704' title='bbox 1973 3326 2029 3369; x_wconf 93' lang='lat' dir='ltr'><strong>ut</strong></span> <span class='ocrx_word' id='word_1_705' title='bbox 2055 3318 2195 3387; x_wconf 86' lang='lat' dir='ltr'><strong>quod</strong></span> <span class='ocrx_word' id='word_1_706' title='bbox 2227 3332 2325 3373; x_wconf 91' lang='lat' dir='ltr'><strong>nec</strong></span> <span class='ocrx_word' id='word_1_707' title='bbox 2353 3328 2657 3389; x_wconf 86' lang='lat' dir='ltr'><strong>temporum</strong></span> <span class='ocrx_word' id='word_1_708' title='bbox 2679 3319 3025 3387; x_wconf 77' lang='lat' dir='ltr'><strong>difficultate,</strong></span> <span class='ocrx_word' id='word_1_709' title='bbox 3061 3331 3163 3376; x_wconf 83' lang='lat' dir='ltr'><strong>nec</strong></span> <span class='ocrx_word' id='word_1_710' title='bbox 3192 3320 3470 3377; x_wconf 87' lang='lat' dir='ltr'><strong>hominum</strong></span> <span class='ocrx_word' id='word_1_711' title='bbox 3505 3324 3586 3378; x_wconf 91' lang='lat' dir='ltr'><strong>in-</strong></span> 
     </span>
    </p>
   </div>
   <div class='ocr_carea' id='block_1_96' title="bbox 1969 3409 3587 3486">
    <p class='ocr_par' dir='ltr' id='par_1_96' title="bbox 1969 3409 3587 3486">
     <span class='ocr_line' id='line_1_96' title="bbox 1969 3409 3587 3486; baseline 0.004 -21"><span class='ocrx_word' id='word_1_712' title='bbox 1969 3410 2141 3472; x_wconf 86' lang='lat' dir='ltr'><strong>sidiis.</strong></span> <span class='ocrx_word' id='word_1_713' title='bbox 2197 3426 2296 3466; x_wconf 90' lang='lat' dir='ltr'><strong>nec</strong></span> <span class='ocrx_word' id='word_1_714' title='bbox 2321 3411 2629 3467; x_wconf 75' lang='lat' dir='ltr'><strong>daunonum</strong></span> <span class='ocrx_word' id='word_1_715' title='bbox 2660 3414 2969 3482; x_wconf 86' lang='lat' dir='ltr'><strong>insultibus,</strong></span> <span class='ocrx_word' id='word_1_716' title='bbox 3009 3427 3114 3471; x_wconf 81' lang='lat' dir='ltr'><strong>nec</strong></span> <span class='ocrx_word' id='word_1_717' title='bbox 3137 3414 3369 3486; x_wconf 88' lang='lat' dir='ltr'><strong>denique</strong></span> <span class='ocrx_word' id='word_1_718' title='bbox 3411 3409 3587 3472; x_wconf 84' lang='lat' dir='ltr'><strong>morte</strong></span> 
     </span>
    </p>
   </div>
   <div class='ocr_carea' id='block_1_97' title="bbox 1970 3502 3582 3578">
    <p class='ocr_par' dir='ltr' id='par_1_97' title="bbox 1970 3502 3582 3578">
     <span class='ocr_line' id='line_1_97' title="bbox 1970 3502 3582 3578; baseline 0.004 -22"><span class='ocrx_word' id='word_1_719' title='bbox 1970 3502 2081 3572; x_wconf 88' lang='lat' dir='ltr'><strong>ipsa</strong></span> <span class='ocrx_word' id='word_1_720' title='bbox 2114 3503 2556 3574; x_wconf 89' lang='lat' dir='ltr'><strong>interrumpatur.</strong></span> <span class='ocrx_word' id='word_1_721' title='bbox 2581 3504 2736 3573; x_wconf 87' lang='lat' dir='ltr'><strong>Quod</strong></span> <span class='ocrx_word' id='word_1_722' title='bbox 2762 3506 2808 3561; x_wconf 92' lang='lat' dir='ltr'><strong>si</strong></span> <span class='ocrx_word' id='word_1_723' title='bbox 2838 3506 2999 3561; x_wconf 87' lang='lat' dir='ltr'><strong>etiam</strong></span> <span class='ocrx_word' id='word_1_724' title='bbox 3027 3507 3212 3578; x_wconf 84' lang='lat' dir='ltr'><strong>lugere</strong></span> <span class='ocrx_word' id='word_1_725' title='bbox 3237 3509 3448 3564; x_wconf 88' lang='lat' dir='ltr'><strong>animus</strong></span> <span class='ocrx_word' id='word_1_726' title='bbox 3477 3520 3582 3575; x_wconf 77' lang='grc' dir='ltr'><strong>εει,</strong></span> 
     </span>
    </p>
   </div>
   <div class='ocr_carea' id='block_1_98' title="bbox 1967 3594 3584 3671">
    <p class='ocr_par' dir='ltr' id='par_1_98' title="bbox 1967 3594 3584 3671">
     <span class='ocr_line' id='line_1_98' title="bbox 1967 3594 3584 3671; baseline 0.004 -23"><span class='ocrx_word' id='word_1_727' title='bbox 1967 3608 2063 3649; x_wconf 90' lang='lat' dir='ltr'><strong>eos</strong></span> <span class='ocrx_word' id='word_1_728' title='bbox 2092 3596 2182 3665; x_wconf 90' lang='lat' dir='ltr'><strong>qui</strong></span> <span class='ocrx_word' id='word_1_729' title='bbox 2210 3594 2326 3650; x_wconf 61' lang='lat' dir='ltr'><strong>haec</strong></span> <span class='ocrx_word' id='word_1_730' title='bbox 2359 3605 2672 3667; x_wconf 89' lang='lat' dir='ltr'><strong>perpetrant</strong></span> <span class='ocrx_word' id='word_1_731' title='bbox 2708 3597 2852 3670; x_wconf 83' lang='lat' dir='ltr'><strong>lnge,</strong></span> <span class='ocrx_word' id='word_1_732' title='bbox 2881 3598 3096 3666; x_wconf 74' lang='lat' dir='ltr'><strong>horum,</strong></span> <span class='ocrx_word' id='word_1_733' title='bbox 3129 3599 3368 3671; x_wconf 84' lang='lat' dir='ltr'><strong>inquam,</strong></span> <span class='ocrx_word' id='word_1_734' title='bbox 3408 3600 3584 3655; x_wconf 80' lang='lat' dir='ltr'><strong>malo-</strong></span> 
     </span>
    </p>
   </div>
   <div class='ocr_carea' id='block_1_99' title="bbox 1967 3688 3579 3762">
    <p class='ocr_par' dir='ltr' id='par_1_99' title="bbox 1967 3688 3579 3762">
     <span class='ocr_line' id='line_1_99' title="bbox 1967 3688 3579 3762; baseline 0.005 -22"><span class='ocrx_word' id='word_1_735' title='bbox 1967 3701 2085 3741; x_wconf 89' lang='lat' dir='ltr'><strong>rum</strong></span> <span class='ocrx_word' id='word_1_736' title='bbox 2117 3697 2388 3754; x_wconf 89' lang='lat' dir='ltr'><strong>auctores,</strong></span> <span class='ocrx_word' id='word_1_737' title='bbox 2421 3688 2615 3745; x_wconf 87' lang='lat' dir='ltr'><strong>horum</strong></span> <span class='ocrx_word' id='word_1_738' title='bbox 2659 3690 3029 3759; x_wconf 82' lang='lat' dir='ltr'><strong>administros,</strong></span> <span class='ocrx_word' id='word_1_739' title='bbox 3062 3692 3152 3762; x_wconf 87' lang='lat' dir='ltr'><strong>qui</strong></span> <span class='ocrx_word' id='word_1_740' title='bbox 3210 3701 3264 3748; x_wconf 91' lang='lat' dir='ltr'><strong>et</strong></span> <span class='ocrx_word' id='word_1_741' title='bbox 3313 3694 3579 3748; x_wconf 87' lang='lat' dir='ltr'><strong>maximos</strong></span> 
     </span>
    </p>
   </div>
   <div class='ocr_carea' id='block_1_100' title="bbox 1966 3779 3577 3852">
    <p class='ocr_par' dir='ltr' id='par_1_100' title="bbox 1966 3779 3577 3852">
     <span class='ocr_line' id='line_1_100' title="bbox 1966 3779 3577 3852; baseline 0.003 -18"><span class='ocrx_word' id='word_1_742' title='bbox 1966 3779 2202 3849; x_wconf 87' lang='lat' dir='ltr'><strong>sibiipsis</strong></span> <span class='ocrx_word' id='word_1_743' title='bbox 2217 3783 2268 3834; x_wconf 92' lang='lat' dir='ltr'><strong>in</strong></span> <span class='ocrx_word' id='word_1_744' title='bbox 2293 3780 2531 3836; x_wconf 90' lang='lat' dir='ltr'><strong>futurum</strong></span> <span class='ocrx_word' id='word_1_745' title='bbox 2555 3785 2826 3838; x_wconf 87' lang='lat' dir='ltr'><strong>cruciatus</strong></span> <span class='ocrx_word' id='word_1_746' title='bbox 2847 3784 3295 3852; x_wconf 85' lang='lat' dir='ltr'><strong>condiderunt,et</strong></span> <span class='ocrx_word' id='word_1_747' title='bbox 3310 3785 3396 3839; x_wconf 88' lang='lat' dir='ltr'><strong>hic</strong></span> <span class='ocrx_word' id='word_1_748' title='bbox 3416 3786 3577 3840; x_wconf 80' lang='lat' dir='ltr'><strong>etiam</strong></span> 
     </span>
    </p>
   </div>
   <div class='ocr_carea' id='block_1_101' title="bbox 1964 3875 3580 3950">
    <p class='ocr_par' dir='ltr' id='par_1_101' title="bbox 1964 3875 3580 3950">
     <span class='ocr_line' id='line_1_101' title="bbox 1964 3875 3580 3950; baseline 0.003 -22"><span class='ocrx_word' id='word_1_749' title='bbox 1964 3875 2341 3931; x_wconf 89' lang='lat' dir='ltr'><strong>acerbissimas</strong></span> <span class='ocrx_word' id='word_1_750' title='bbox 2359 3889 2548 3946; x_wconf 66' lang='lat' dir='ltr'><strong>paruas</strong></span> <span class='ocrx_word' id='word_1_751' title='bbox 2569 3878 2803 3943; x_wconf 84' lang='lat' dir='ltr'><strong>luerunt,</strong></span> <span class='ocrx_word' id='word_1_752' title='bbox 2824 3889 2987 3950; x_wconf 88' lang='lat' dir='ltr'><strong>upote</strong></span> <span class='ocrx_word' id='word_1_753' title='bbox 3014 3893 3152 3949; x_wconf 85' lang='lat' dir='ltr'><strong>quos</strong></span> <span class='ocrx_word' id='word_1_754' title='bbox 3165 3878 3410 3934; x_wconf 89' lang='lat' dir='ltr'><strong>homines</strong></span> <span class='ocrx_word' id='word_1_755' title='bbox 3426 3895 3580 3935; x_wconf 82' lang='lat' dir='ltr'><strong>aver~</strong></span> 
     </span>
    </p>
   </div>
   <div class='ocr_carea' id='block_1_102' title="bbox 1968 3967 3577 4040">
    <p class='ocr_par' dir='ltr' id='par_1_102' title="bbox 1968 3967 3577 4040">
     <span class='ocr_line' id='line_1_102' title="bbox 1968 3967 3577 4040; baseline 0.002 -19"><span class='ocrx_word' id='word_1_756' title='bbox 1968 3976 2179 4036; x_wconf 88' lang='lat' dir='ltr'><strong>sentnr,</strong></span> <span class='ocrx_word' id='word_1_757' title='bbox 2208 3967 2556 4040; x_wconf 89' lang='lat' dir='ltr'><strong>hostiumque</strong></span> <span class='ocrx_word' id='word_1_758' title='bbox 2580 3969 2632 4023; x_wconf 92' lang='lat' dir='ltr'><strong>in</strong></span> <span class='ocrx_word' id='word_1_759' title='bbox 2654 3984 2882 4025; x_wconf 87' lang='lat' dir='ltr'><strong>numero</strong></span> <span class='ocrx_word' id='word_1_760' title='bbox 2899 3969 3160 4038; x_wconf 82' lang='lat' dir='ltr'><strong>habeam,-</strong></span> <span class='ocrx_word' id='word_1_761' title='bbox 3181 3981 3231 4026; x_wconf 81' lang='lat' dir='ltr'><strong>et</strong></span> <span class='ocrx_word' id='word_1_762' title='bbox 3256 3970 3388 4026; x_wconf 86' lang='lat' dir='ltr'><strong>diris</strong></span> <span class='ocrx_word' id='word_1_763' title='bbox 3408 3970 3577 4025; x_wconf 88' lang='lat' dir='ltr'><strong>devo-</strong></span> 
     </span>
    </p>
   </div>
   <div class='ocr_carea' id='block_1_103' title="bbox 1962 4061 3572 4133">
    <p class='ocr_par' dir='ltr' id='par_1_103' title="bbox 1962 4061 3572 4133">
     <span class='ocr_line' id='line_1_103' title="bbox 1962 4061 3572 4133; baseline 0.006 -23"><span class='ocrx_word' id='word_1_764' title='bbox 1962 4069 2124 4115; x_wconf 89' lang='lat' dir='ltr'><strong>veant</strong></span> <span class='ocrx_word' id='word_1_765' title='bbox 2147 4072 2314 4132; x_wconf 83' lang='lat' dir='ltr'><strong>atque</strong></span> <span class='ocrx_word' id='word_1_766' title='bbox 2343 4063 2729 4118; x_wconf 89' lang='lat' dir='ltr'><strong>condemnent.</strong></span> <span class='ocrx_word' id='word_1_767' title='bbox 2759 4061 2862 4132; x_wconf 87' lang='lat' dir='ltr'><strong>Qui</strong></span> <span class='ocrx_word' id='word_1_768' title='bbox 2901 4064 2944 4118; x_wconf 88' lang='lat' dir='ltr'><strong>si</strong></span> <span class='ocrx_word' id='word_1_769' title='bbox 2994 4063 3114 4119; x_wconf 81' lang='lat' dir='ltr'><strong>haec</strong></span> <span class='ocrx_word' id='word_1_770' title='bbox 3163 4079 3269 4120; x_wconf 91' lang='lat' dir='ltr'><strong>non</strong></span> <span class='ocrx_word' id='word_1_771' title='bbox 3313 4066 3572 4133; x_wconf 81' lang='lat' dir='ltr'><strong>sentiunt,</strong></span> 
     </span>
    </p>
   </div>
   <div class='ocr_carea' id='block_1_104' title="bbox 1962 4151 3576 4229">
    <p class='ocr_par' dir='ltr' id='par_1_104' title="bbox 1962 4151 3576 4229">
     <span class='ocr_line' id='line_1_104' title="bbox 1962 4151 3576 4229; baseline -0.003 -13"><span class='ocrx_word' id='word_1_772' title='bbox 1962 4151 2065 4208; x_wconf 75' lang='lat' dir='ltr'><strong>hoc</strong></span> <span class='ocrx_word' id='word_1_773' title='bbox 2093 4169 2310 4224; x_wconf 75' lang='lat' dir='ltr'><strong>quoque</strong></span> <span class='ocrx_word' id='word_1_774' title='bbox 2350 4155 2570 4211; x_wconf 88' lang='lat' dir='ltr'><strong>nomine</strong></span> <span class='ocrx_word' id='word_1_775' title='bbox 2624 4155 2966 4226; x_wconf 81' lang='lat' dir='ltr'><strong>potissimum</strong></span> <span class='ocrx_word' id='word_1_776' title='bbox 2996 4155 3183 4211; x_wconf 89' lang='lat' dir='ltr'><strong>miseri</strong></span> <span class='ocrx_word' id='word_1_777' title='bbox 3227 4165 3354 4212; x_wconf 88' lang='lat' dir='ltr'><strong>sunt</strong></span> <span class='ocrx_word' id='word_1_778' title='bbox 3399 4158 3576 4229; x_wconf 79' lang='lat' dir='ltr'><strong>lacry-</strong></span> 
     </span>
    </p>
   </div>
   <div class='ocr_carea' id='block_1_105' title="bbox 1959 4245 3572 4320">
    <p class='ocr_par' dir='ltr' id='par_1_105' title="bbox 1959 4245 3572 4320">
     <span class='ocr_line' id='line_1_105' title="bbox 1959 4245 3572 4320; baseline 0.002 -20"><span class='ocrx_word' id='word_1_779' title='bbox 1959 4245 2170 4319; x_wconf 85' lang='lat' dir='ltr'><strong>misque</strong></span> <span class='ocrx_word' id='word_1_780' title='bbox 2193 4247 2370 4319; x_wconf 84' lang='lat' dir='ltr'><strong>digni;</strong></span> <span class='ocrx_word' id='word_1_781' title='bbox 2421 4262 2530 4304; x_wconf 90' lang='lat' dir='ltr'><strong>non</strong></span> <span class='ocrx_word' id='word_1_782' title='bbox 2561 4263 2720 4305; x_wconf 86' lang='lat' dir='ltr'><strong>secus</strong></span> <span class='ocrx_word' id='word_1_783' title='bbox 2767 4248 3018 4304; x_wconf 88' lang='lat' dir='ltr'><strong>videlicet</strong></span> <span class='ocrx_word' id='word_1_784' title='bbox 3044 4263 3110 4305; x_wconf 90' lang='lat' dir='ltr'><strong>ac</strong></span> <span class='ocrx_word' id='word_1_785' title='bbox 3156 4248 3406 4320; x_wconf 86' lang='lat' dir='ltr'><strong>phrenesi</strong></span> <span class='ocrx_word' id='word_1_786' title='bbox 3430 4251 3572 4305; x_wconf 88' lang='lat' dir='ltr'><strong>labo-</strong></span> 
     </span>
    </p>
   </div>
   <div class='ocr_carea' id='block_1_106' title="bbox 1957 4341 3571 4412">
    <p class='ocr_par' dir='ltr' id='par_1_106' title="bbox 1957 4341 3571 4412">
     <span class='ocr_line' id='line_1_106' title="bbox 1957 4341 3571 4412; baseline 0.004 -18"><span class='ocrx_word' id='word_1_787' title='bbox 1957 4349 2164 4409; x_wconf 88' lang='lat' dir='ltr'><strong>rantes,</strong></span> <span class='ocrx_word' id='word_1_788' title='bbox 2195 4343 2286 4412; x_wconf 90' lang='lat' dir='ltr'><strong>qui</strong></span> <span class='ocrx_word' id='word_1_789' title='bbox 2315 4342 2514 4398; x_wconf 86' lang='lat' dir='ltr'><strong>frustra</strong></span> <span class='ocrx_word' id='word_1_790' title='bbox 2556 4341 2775 4411; x_wconf 87' lang='lat' dir='ltr'><strong>quidem</strong></span> <span class='ocrx_word' id='word_1_791' title='bbox 2803 4358 2869 4399; x_wconf 91' lang='lat' dir='ltr'><strong>ac</strong></span> <span class='ocrx_word' id='word_1_792' title='bbox 2896 4353 3100 4399; x_wconf 88' lang='lat' dir='ltr'><strong>temere</strong></span> <span class='ocrx_word' id='word_1_793' title='bbox 3124 4343 3361 4399; x_wconf 84' lang='lat' dir='ltr'><strong>calcibus</strong></span> <span class='ocrx_word' id='word_1_794' title='bbox 3381 4343 3571 4400; x_wconf 80' lang='lat' dir='ltr'><strong>obvios</strong></span> 
     </span>
    </p>
   </div>
   <div class='ocr_carea' id='block_1_107' title="bbox 1956 4433 3570 4506">
    <p class='ocr_par' dir='ltr' id='par_1_107' title="bbox 1956 4433 3570 4506">
     <span class='ocr_line' id='line_1_107' title="bbox 1956 4433 3570 4506; baseline 0.004 -20"><span class='ocrx_word' id='word_1_795' title='bbox 1956 4447 2202 4503; x_wconf 89' lang='lat' dir='ltr'><strong>quosque</strong></span> <span class='ocrx_word' id='word_1_796' title='bbox 2229 4433 2506 4489; x_wconf 84' lang='lat' dir='ltr'><strong>incessunt</strong></span> <span class='ocrx_word' id='word_1_797' title='bbox 2529 4448 2594 4489; x_wconf 88' lang='lat' dir='ltr'><strong>ac</strong></span> <span class='ocrx_word' id='word_1_798' title='bbox 2622 4433 2841 4502; x_wconf 89' lang='lat' dir='ltr'><strong>feriunt,</strong></span> <span class='ocrx_word' id='word_1_799' title='bbox 2897 4450 3044 4506; x_wconf 65' lang='lat' dir='ltr'><strong>saepe</strong></span> <span class='ocrx_word' id='word_1_800' title='bbox 3080 4435 3243 4490; x_wconf 86' lang='lat' dir='ltr'><strong>etiam</strong></span> <span class='ocrx_word' id='word_1_801' title='bbox 3271 4435 3475 4491; x_wconf 84' lang='lat' dir='ltr'><strong>amicos</strong></span> <span class='ocrx_word' id='word_1_802' title='bbox 3503 4450 3570 4492; x_wconf 90' lang='lat' dir='ltr'><strong>ac</strong></span> 
     </span>
    </p>
   </div>
   <div class='ocr_carea' id='block_1_108' title="bbox 1953 4524 3566 4599">
    <p class='ocr_par' dir='ltr' id='par_1_108' title="bbox 1953 4524 3566 4599">
     <span class='ocr_line' id='line_1_108' title="bbox 1953 4524 3566 4599; baseline 0.003 -20"><span class='ocrx_word' id='word_1_803' title='bbox 1953 4524 2024 4580; x_wconf 90' lang='lat' dir='ltr'><strong>de</strong></span> <span class='ocrx_word' id='word_1_804' title='bbox 2063 4541 2124 4580; x_wconf 90' lang='lat' dir='ltr'><strong>se</strong></span> <span class='ocrx_word' id='word_1_805' title='bbox 2150 4526 2289 4582; x_wconf 83' lang='lat' dir='ltr'><strong>bene</strong></span> <span class='ocrx_word' id='word_1_806' title='bbox 2315 4527 2572 4582; x_wconf 85' lang='lat' dir='ltr'><strong>meritos:</strong></span> <span class='ocrx_word' id='word_1_807' title='bbox 2593 4542 2717 4583; x_wconf 89' lang='lat' dir='ltr'><strong>eum</strong></span> <span class='ocrx_word' id='word_1_808' title='bbox 2747 4537 2926 4583; x_wconf 88' lang='lat' dir='ltr'><strong>tamen</strong></span> <span class='ocrx_word' id='word_1_809' title='bbox 2955 4527 3212 4598; x_wconf 87' lang='lat' dir='ltr'><strong>furorem,</strong></span> <span class='ocrx_word' id='word_1_810' title='bbox 3240 4543 3350 4599; x_wconf 89' lang='lat' dir='ltr'><strong>quo</strong></span> <span class='ocrx_word' id='word_1_811' title='bbox 3374 4529 3566 4599; x_wconf 90' lang='lat' dir='ltr'><strong>perciti</strong></span> 
     </span>
    </p>
   </div>
   <div class='ocr_carea' id='block_1_109' title="bbox 1952 4619 3567 4691">
    <p class='ocr_par' dir='ltr' id='par_1_109' title="bbox 1952 4619 3567 4691">
     <span class='ocr_line' id='line_1_109' title="bbox 1952 4619 3567 4691; baseline 0.002 -19"><span class='ocrx_word' id='word_1_812' title='bbox 1952 4627 2097 4682; x_wconf 89' lang='lat' dir='ltr'><strong>sunt,</strong></span> <span class='ocrx_word' id='word_1_813' title='bbox 2127 4619 2349 4676; x_wconf 91' lang='lat' dir='ltr'><strong>minime</strong></span> <span class='ocrx_word' id='word_1_814' title='bbox 2395 4621 2653 4679; x_wconf 83' lang='lat' dir='ltr'><strong>sentiunt.</strong></span> <span class='ocrx_word' id='word_1_815' title='bbox 2679 4620 2762 4677; x_wconf 94' lang='lat' dir='ltr'><strong>Ob</strong></span> <span class='ocrx_word' id='word_1_816' title='bbox 2783 4621 2944 4691; x_wconf 84' lang='lat' dir='ltr'><strong>idque</strong></span> <span class='ocrx_word' id='word_1_817' title='bbox 2971 4621 3248 4677; x_wconf 89' lang='lat' dir='ltr'><strong>incurabili</strong></span> <span class='ocrx_word' id='word_1_818' title='bbox 3275 4623 3463 4678; x_wconf 88' lang='lat' dir='ltr'><strong>morbo</strong></span> <span class='ocrx_word' id='word_1_819' title='bbox 3486 4631 3567 4677; x_wconf 84' lang='lat' dir='ltr'><strong>tc-</strong></span> 
     </span>
    </p>
   </div>
   <div class='ocr_carea' id='block_1_110' title="bbox 1951 4706 3561 4774">
    <p class='ocr_par' dir='ltr' id='par_1_110' title="bbox 1951 4706 3561 4774">
     <span class='ocr_line' id='line_1_110' title="bbox 1951 4706 3561 4774; baseline 0.004 -17"><span class='ocrx_word' id='word_1_820' title='bbox 1951 4715 2168 4767; x_wconf 84' lang='lat' dir='ltr'><strong>nentur,</strong></span> <span class='ocrx_word' id='word_1_821' title='bbox 2223 4720 2322 4760; x_wconf 91' lang='lat' dir='ltr'><strong>nec</strong></span> <span class='ocrx_word' id='word_1_822' title='bbox 2348 4706 2587 4762; x_wconf 90' lang='lat' dir='ltr'><strong>medicos</strong></span> <span class='ocrx_word' id='word_1_823' title='bbox 2617 4707 2932 4774; x_wconf 88' lang='lat' dir='ltr'><strong>admittunt,</strong></span> <span class='ocrx_word' id='word_1_824' title='bbox 2989 4717 3099 4763; x_wconf 77' lang='lat' dir='ltr'><strong>nec</strong></span> <span class='ocrx_word' id='word_1_825' title='bbox 3126 4708 3515 4764; x_wconf 71' lang='lat' dir='ltr'><strong>medicamenta</strong></span> <span class='ocrx_word' id='word_1_826' title='bbox 3545 4726 3561 4764; x_wconf 92' lang='lat'><strong>:</strong></span> 
     </span>
    </p>
   </div>
   <div class='ocr_carea' id='block_1_111' title="bbox 1949 4797 3561 4871">
    <p class='ocr_par' dir='ltr' id='par_1_111' title="bbox 1949 4797 3561 4871">
     <span class='ocr_line' id='line_1_111' title="bbox 1949 4797 3561 4871; baseline 0.004 -22"><span class='ocrx_word' id='word_1_827' title='bbox 1949 4797 2076 4866; x_wconf 84' lang='lat' dir='ltr'><strong>quin</strong></span> <span class='ocrx_word' id='word_1_828' title='bbox 2123 4799 2300 4866; x_wconf 85' lang='lat' dir='ltr'><strong>potius</strong></span> <span class='ocrx_word' id='word_1_829' title='bbox 2329 4813 2425 4852; x_wconf 89' lang='lat' dir='ltr'><strong>eos</strong></span> <span class='ocrx_word' id='word_1_830' title='bbox 2470 4814 2685 4869; x_wconf 84' lang='lat' dir='ltr'><strong>quoque</strong></span> <span class='ocrx_word' id='word_1_831' title='bbox 2705 4799 2794 4868; x_wconf 84' lang='lat' dir='ltr'><strong>qui</strong></span> <span class='ocrx_word' id='word_1_832' title='bbox 2824 4800 2955 4869; x_wconf 89' lang='lat' dir='ltr'><strong>ipsis</strong></span> <span class='ocrx_word' id='word_1_833' title='bbox 2983 4799 3186 4855; x_wconf 86' lang='lat' dir='ltr'><strong>mederi</strong></span> <span class='ocrx_word' id='word_1_834' title='bbox 3216 4808 3377 4871; x_wconf 85' lang='lat' dir='ltr'><strong>atque</strong></span> <span class='ocrx_word' id='word_1_835' title='bbox 3403 4815 3561 4870; x_wconf 89' lang='lat' dir='ltr'><strong>opem</strong></span> 
     </span>
    </p>
   </div>
   <div class='ocr_carea' id='block_1_112' title="bbox 1949 4887 3562 4964">
    <p class='ocr_par' dir='ltr' id='par_1_112' title="bbox 1949 4887 3562 4964">
     <span class='ocr_line' id='line_1_112' title="bbox 1949 4887 3562 4964; baseline 0.004 -23"><span class='ocrx_word' id='word_1_836' title='bbox 1949 4887 2091 4943; x_wconf 88' lang='lat' dir='ltr'><strong>ferre</strong></span> <span class='ocrx_word' id='word_1_837' title='bbox 2134 4889 2374 4956; x_wconf 87' lang='lat' dir='ltr'><strong>student,</strong></span> <span class='ocrx_word' id='word_1_838' title='bbox 2402 4891 2564 4946; x_wconf 90' lang='lat' dir='ltr'><strong>rebus</strong></span> <span class='ocrx_word' id='word_1_839' title='bbox 2597 4891 2882 4946; x_wconf 87' lang='lat' dir='ltr'><strong>contrariis</strong></span> <span class='ocrx_word' id='word_1_840' title='bbox 2905 4903 3341 4946; x_wconf 85' lang='lat' dir='ltr'><strong>remunerantur.</strong></span> <span class='ocrx_word' id='word_1_841' title='bbox 3379 4893 3562 4964; x_wconf 89' lang='lat' dir='ltr'><strong>Itaque</strong></span> 
     </span>
    </p>
   </div>
   <div class='ocr_carea' id='block_1_113' title="bbox 1946 4980 3560 5053">
    <p class='ocr_par' dir='ltr' id='par_1_113' title="bbox 1946 4980 3560 5053">
     <span class='ocr_line' id='line_1_113' title="bbox 1946 4980 3560 5053; baseline 0.004 -18"><span class='ocrx_word' id='word_1_842' title='bbox 1946 4983 2017 5036; x_wconf 91' lang='lat' dir='ltr'><strong>ob</strong></span> <span class='ocrx_word' id='word_1_843' title='bbox 2047 4980 2150 5036; x_wconf 84' lang='lat' dir='ltr'><strong>hoc</strong></span> <span class='ocrx_word' id='word_1_844' title='bbox 2179 4997 2393 5053; x_wconf 89' lang='lat' dir='ltr'><strong>quoque</strong></span> <span class='ocrx_word' id='word_1_845' title='bbox 2439 4985 2610 5053; x_wconf 89' lang='lat' dir='ltr'><strong>ipsum</strong></span> <span class='ocrx_word' id='word_1_846' title='bbox 2657 4983 2840 5038; x_wconf 91' lang='lat' dir='ltr'><strong>miseri</strong></span> <span class='ocrx_word' id='word_1_847' title='bbox 2874 4985 2960 5039; x_wconf 87' lang='lat' dir='ltr'><strong>isti</strong></span> <span class='ocrx_word' id='word_1_848' title='bbox 2991 4995 3145 5051; x_wconf 90' lang='lat' dir='ltr'><strong>sunt,</strong></span> <span class='ocrx_word' id='word_1_849' title='bbox 3179 4986 3223 5040; x_wconf 95' lang='lat' dir='ltr'><strong>si</strong></span> <span class='ocrx_word' id='word_1_850' title='bbox 3263 4995 3425 5042; x_wconf 58' lang='lat' dir='ltr'><strong>tanta!</strong></span> <span class='ocrx_word' id='word_1_851' title='bbox 3455 4988 3560 5041; x_wconf 62' lang='lat' dir='ltr'><strong>imo</strong></span> 
     </span>
    </p>
   </div>
   <div class='ocr_carea' id='block_1_114' title="bbox 1946 5075 3558 5145">
    <p class='ocr_par' dir='ltr' id='par_1_114' title="bbox 1946 5075 3558 5145">
     <span class='ocr_line' id='line_1_114' title="bbox 1946 5075 3558 5145; baseline 0.004 -18"><span class='ocrx_word' id='word_1_852' title='bbox 1946 5075 2226 5142; x_wconf 80' lang='lat' dir='ltr'><strong>probitatis</strong></span> <span class='ocrx_word' id='word_1_853' title='bbox 2251 5089 2413 5130; x_wconf 86' lang='lat' dir='ltr'><strong>sensu</strong></span> <span class='ocrx_word' id='word_1_854' title='bbox 2445 5086 2653 5134; x_wconf 84' lang='lat' dir='ltr'><strong>carent.</strong></span> <span class='ocrx_word' id='word_1_855' title='bbox 2697 5077 2849 5145; x_wconf 89' lang='lat' dir='ltr'><strong>Quod</strong></span> <span class='ocrx_word' id='word_1_856' title='bbox 2873 5079 2916 5132; x_wconf 90' lang='lat' dir='ltr'><strong>si</strong></span> <span class='ocrx_word' id='word_1_857' title='bbox 2947 5079 3175 5132; x_wconf 77' lang='lat' dir='ltr'><strong>aliorum</strong></span> <span class='ocrx_word' id='word_1_858' title='bbox 3223 5081 3558 5136; x_wconf 87' lang='lat' dir='ltr'><strong>condemna-</strong></span> 
     </span>
    </p>
   </div>
   <div class='ocr_carea' id='block_1_115' title="bbox 1945 5166 3558 5243">
    <p class='ocr_par' dir='ltr' id='par_1_115' title="bbox 1945 5166 3558 5243">
     <span class='ocr_line' id='line_1_115' title="bbox 1945 5166 3558 5243; baseline 0.007 -24"><span class='ocrx_word' id='word_1_859' title='bbox 1945 5166 2143 5220; x_wconf 87' lang='lat' dir='ltr'><strong>tionem</strong></span> <span class='ocrx_word' id='word_1_860' title='bbox 2193 5166 2325 5221; x_wconf 90' lang='lat' dir='ltr'><strong>nihil</strong></span> <span class='ocrx_word' id='word_1_861' title='bbox 2369 5178 2671 5236; x_wconf 82' lang='lat' dir='ltr'><strong>morantur,</strong></span> <span class='ocrx_word' id='word_1_862' title='bbox 2715 5181 2771 5224; x_wconf 89' lang='lat' dir='ltr'><strong>at</strong></span> <span class='ocrx_word' id='word_1_863' title='bbox 2810 5178 2958 5226; x_wconf 89' lang='lat' dir='ltr'><strong>certo</strong></span> <span class='ocrx_word' id='word_1_864' title='bbox 3005 5171 3119 5226; x_wconf 89' lang='lat' dir='ltr'><strong>ﬁeri</strong></span> <span class='ocrx_word' id='word_1_865' title='bbox 3154 5189 3258 5228; x_wconf 92' lang='lat' dir='ltr'><strong>non</strong></span> <span class='ocrx_word' id='word_1_866' title='bbox 3292 5183 3468 5243; x_wconf 89' lang='lat' dir='ltr'><strong>potest</strong></span> <span class='ocrx_word' id='word_1_867' title='bbox 3499 5184 3558 5230; x_wconf 89' lang='lat' dir='ltr'><strong>ut</strong></span> 
     </span>
    </p>
   </div>
   <div class='ocr_carea' id='block_1_116' title="bbox 1940 5264 3550 5340">
    <p class='ocr_par' dir='ltr' id='par_1_116' title="bbox 1940 5264 3550 5340">
     <span class='ocr_line' id='line_1_116' title="bbox 1940 5264 3550 5340; baseline 0.006 -25"><span class='ocrx_word' id='word_1_868' title='bbox 1940 5277 2052 5316; x_wconf 74' lang='lat' dir='ltr'><strong>sua:</strong></span> <span class='ocrx_word' id='word_1_869' title='bbox 2091 5264 2440 5320; x_wconf 71' lang='lat' dir='ltr'><strong>conscientia:</strong></span> <span class='ocrx_word' id='word_1_870' title='bbox 2481 5266 2741 5335; x_wconf 82' lang='lat' dir='ltr'><strong>judicium</strong></span> <span class='ocrx_word' id='word_1_871' title='bbox 2768 5266 3046 5338; x_wconf 74' lang='lat' dir='ltr'><strong>effugiant,</strong></span> <span class='ocrx_word' id='word_1_872' title='bbox 3079 5270 3221 5340; x_wconf 87' lang='lat' dir='ltr'><strong>quod</strong></span> <span class='ocrx_word' id='word_1_873' title='bbox 3254 5285 3351 5324; x_wconf 88' lang='lat' dir='ltr'><strong>nec</strong></span> <span class='ocrx_word' id='word_1_874' title='bbox 3371 5272 3550 5339; x_wconf 87' lang='lat' dir='ltr'><strong>vitari,</strong></span> 
     </span>
    </p>
   </div>
   <div class='ocr_carea' id='block_1_117' title="bbox 1940 5345 3556 5429">
    <p class='ocr_par' dir='ltr' id='par_1_117' title="bbox 1940 5345 3556 5429">
     <span class='ocr_line' id='line_1_117' title="bbox 1940 5345 3556 5429; baseline 0.007 -21"><span class='ocrx_word' id='word_1_875' title='bbox 1940 5369 2038 5410; x_wconf 92' lang='lat' dir='ltr'><strong>nec</strong></span> <span class='ocrx_word' id='word_1_876' title='bbox 2065 5358 2336 5427; x_wconf 89' lang='lat' dir='ltr'><strong>corrumpi</strong></span> <span class='ocrx_word' id='word_1_877' title='bbox 2364 5367 2563 5429; x_wconf 87' lang='lat' dir='ltr'><strong>potest,</strong></span> <span class='ocrx_word' id='word_1_878' title='bbox 2591 5375 2690 5415; x_wconf 91' lang='lat' dir='ltr'><strong>nec</strong></span> <span class='ocrx_word' id='word_1_879' title='bbox 2724 5360 2817 5415; x_wconf 88' lang='lat' dir='ltr'><strong>ulli</strong></span> <span class='ocrx_word' id='word_1_880' title='bbox 2845 5345 3036 5416; x_wconf 84' lang='lat' dir='ltr'><strong>terrori</strong></span> <span class='ocrx_word' id='word_1_881' title='bbox 3066 5363 3228 5429; x_wconf 83' lang='lat' dir='ltr'><strong>cedit,</strong></span> <span class='ocrx_word' id='word_1_882' title='bbox 3262 5377 3362 5418; x_wconf 92' lang='lat' dir='ltr'><strong>nec</strong></span> <span class='ocrx_word' id='word_1_883' title='bbox 3403 5363 3556 5418; x_wconf 88' lang='lat' dir='ltr'><strong>blan-</strong></span> 
     </span>
    </p>
   </div>
   <div class='ocr_carea' id='block_1_118' title="bbox 1937 5447 3553 5525">
    <p class='ocr_par' dir='ltr' id='par_1_118' title="bbox 1937 5447 3553 5525">
     <span class='ocr_line' id='line_1_118' title="bbox 1937 5447 3553 5525; baseline 0.006 -24"><span class='ocrx_word' id='word_1_884' title='bbox 1937 5447 2082 5503; x_wconf 89' lang='lat' dir='ltr'><strong>ditiis</strong></span> <span class='ocrx_word' id='word_1_885' title='bbox 2107 5458 2199 5504; x_wconf 88' lang='lat' dir='ltr'><strong>aut</strong></span> <span class='ocrx_word' id='word_1_886' title='bbox 2225 5452 2573 5520; x_wconf 83' lang='lat' dir='ltr'><strong>pecuniarum</strong></span> <span class='ocrx_word' id='word_1_887' title='bbox 2594 5453 2875 5525; x_wconf 84' lang='lat' dir='ltr'><strong>largitione</strong></span> <span class='ocrx_word' id='word_1_888' title='bbox 2893 5454 3264 5522; x_wconf 67' lang='lat' dir='ltr'><strong>labefactatur,</strong></span> <span class='ocrx_word' id='word_1_889' title='bbox 3291 5470 3393 5511; x_wconf 89' lang='lat' dir='ltr'><strong>nec</strong></span> <span class='ocrx_word' id='word_1_890' title='bbox 3416 5465 3553 5511; x_wconf 90' lang='lat' dir='ltr'><strong>tem-</strong></span> 
     </span>
    </p>
   </div>
   <div class='ocr_carea' id='block_1_119' title="bbox 1935 5539 2794 5609">
    <p class='ocr_par' dir='ltr' id='par_1_119' title="bbox 1935 5539 2794 5609">
     <span class='ocr_line' id='line_1_119' title="bbox 1935 5539 2794 5609; baseline 0.012 -18"><span class='ocrx_word' id='word_1_891' title='bbox 1935 5539 2082 5609; x_wconf 90' lang='lat' dir='ltr'><strong>poris</strong></span> <span class='ocrx_word' id='word_1_892' title='bbox 2111 5541 2463 5599; x_wconf 86' lang='lat' dir='ltr'><strong>diuturnitate</strong></span> <span class='ocrx_word' id='word_1_893' title='bbox 2489 5547 2794 5602; x_wconf 87' lang='lat' dir='ltr'><strong>marcescit.</strong></span> 
     </span>
    </p>
   </div>
   <div class='ocr_carea' id='block_1_120' title="bbox 2007 5631 3550 5710">
    <p class='ocr_par' dir='ltr' id='par_1_120' title="bbox 2007 5631 3550 5710">
     <span class='ocr_line' id='line_1_120' title="bbox 2007 5631 3550 5710; baseline 0.006 -26"><span class='ocrx_word' id='word_1_894' title='bbox 2007 5631 2063 5685; x_wconf 69' lang='grc'><strong>2.</strong></span> <span class='ocrx_word' id='word_1_895' title='bbox 2107 5633 2316 5688; x_wconf 87' lang='lat' dir='ltr'><strong>Etenim</strong></span> <span class='ocrx_word' id='word_1_896' title='bbox 2369 5635 2458 5691; x_wconf 90' lang='lat' dir='ltr'><strong>ille</strong></span> <span class='ocrx_word' id='word_1_897' title='bbox 2500 5637 2684 5692; x_wconf 86' lang='lat' dir='ltr'><strong>Jacobi</strong></span> <span class='ocrx_word' id='word_1_898' title='bbox 2730 5637 2896 5704; x_wconf 87' lang='lat' dir='ltr'><strong>ﬁlius,</strong></span> <span class='ocrx_word' id='word_1_899' title='bbox 2917 5639 3006 5710; x_wconf 90' lang='lat' dir='ltr'><strong>qui</strong></span> <span class='ocrx_word' id='word_1_900' title='bbox 3033 5638 3328 5709; x_wconf 85' lang='lat' dir='ltr'><strong>Josephum</strong></span> <span class='ocrx_word' id='word_1_901' title='bbox 3359 5655 3388 5694; x_wconf 87' lang='lat' dir='ltr'><strong>a</strong></span> <span class='ocrx_word' id='word_1_902' title='bbox 3435 5655 3550 5694; x_wconf 87' lang='lat' dir='ltr'><strong>ma-</strong></span> 
     </span>
    </p>
   </div>
   <div class='ocr_carea' id='block_1_121' title="bbox 1932 5723 3546 5804">
    <p class='ocr_par' dir='ltr' id='par_1_121' title="bbox 1932 5723 3546 5804">
     <span class='ocr_line' id='line_1_121' title="bbox 1932 5723 3546 5804; baseline 0.006 -28"><span class='ocrx_word' id='word_1_903' title='bbox 1932 5723 1980 5777; x_wconf 90' lang='lat' dir='ltr'><strong>la</strong></span> <span class='ocrx_word' id='word_1_904' title='bbox 2008 5723 2180 5804; x_wconf 85' lang='lat' dir='ltr'><strong>bestia</strong></span> <span class='ocrx_word' id='word_1_905' title='bbox 2207 5724 2529 5783; x_wconf 84' lang='lat' dir='ltr'><strong>devoratum</strong></span> <span class='ocrx_word' id='word_1_906' title='bbox 2569 5743 2699 5784; x_wconf 11' lang='lat' dir='ltr'><strong>esset</strong></span> <span class='ocrx_word' id='word_1_907' title='bbox 2720 5730 2854 5800; x_wconf 89' lang='lat' dir='ltr'><strong>patri</strong></span> <span class='ocrx_word' id='word_1_908' title='bbox 2882 5731 3096 5787; x_wconf 90' lang='lat' dir='ltr'><strong>dicebat</strong></span> <span class='ocrx_word' id='word_1_909' title='bbox 3139 5729 3290 5803; x_wconf 81' lang='lat' dir='ltr'><strong>(Gen.</strong></span> <span class='ocrx_word' id='word_1_910' title='bbox 3316 5733 3426 5802; x_wconf 76' lang='lat'><strong>37),</strong></span> <span class='ocrx_word' id='word_1_911' title='bbox 3483 5747 3546 5786; x_wconf 89' lang='lat' dir='ltr'><strong>ac</strong></span> 
     </span>
    </p>
   </div>
   <div class='ocr_carea' id='block_1_122' title="bbox 1931 5816 3546 5896">
    <p class='ocr_par' dir='ltr' id='par_1_122' title="bbox 1931 5816 3546 5896">
     <span class='ocr_line' id='line_1_122' title="bbox 1931 5816 3546 5896; baseline 0.004 -24"><span class='ocrx_word' id='word_1_912' title='bbox 1931 5816 2248 5877; x_wconf 81' lang='lat' dir='ltr'><strong>sceleratam</strong></span> <span class='ocrx_word' id='word_1_913' title='bbox 2279 5818 2512 5875; x_wconf 86' lang='lat' dir='ltr'><strong>fabulam</strong></span> <span class='ocrx_word' id='word_1_914' title='bbox 2536 5821 2750 5894; x_wconf 86' lang='lat' dir='ltr'><strong>agebat.</strong></span> <span class='ocrx_word' id='word_1_915' title='bbox 2789 5831 2950 5896; x_wconf 89' lang='lat' dir='ltr'><strong>atque</strong></span> <span class='ocrx_word' id='word_1_916' title='bbox 2981 5823 3080 5879; x_wconf 88' lang='lat' dir='ltr'><strong>hac</strong></span> <span class='ocrx_word' id='word_1_917' title='bbox 3107 5825 3253 5879; x_wconf 86' lang='lat' dir='ltr'><strong>larva</strong></span> <span class='ocrx_word' id='word_1_918' title='bbox 3299 5826 3546 5880; x_wconf 63' lang='lat' dir='ltr'><strong>fraterna</strong></span> 
     </span>
    </p>
   </div>
   <div class='ocr_carea' id='block_1_123' title="bbox 3128 5929 3199 5990">
    <p class='ocr_par' dir='ltr' id='par_1_123' title="bbox 3128 5929 3199 5990">
     <span class='ocr_line' id='line_1_123' title="bbox 3128 5929 3199 5990; baseline -0.028 0"><span class='ocrx_word' id='word_1_919' title='bbox 3128 5929 3199 5990; x_wconf 73' lang='grc' dir='ltr'>ιῖι</span> 
     </span>
    </p>
   </div>
  </div>
