4078 6440
597 329 700 389 603

1331 337 1390 393 S.
1430 339 1704 399 .IOANNIS
1740 344 2210 407 CHRYSOSTOMI
2249 349 2572 409 ARCHIEP.
2612 351 3158 410 CONSTANTINOP.

3726 346 3834 402 60$

595 463 757 520 cadis
808 466 1011 522 crimen
1059 467 1308 526 obvelare
1359 479 1582 529 conatus
1627 482 1745 544 est,
1775 478 1914 546 patri
1957 478 2172 549 quidem

2301 461 2678 531 onscientiam,
2703 478 2824 530 qua
2855 463 3030 531 ipsum
3059 460 3388 532 coarguebat
3406 499 3422 525 ,
3453 459 3596 515 ferre
3628 457 3832 529 potuit.

600 552 779 610 fucum
827 565 953 612 tunc
1003 555 1166 627 fecit,
1211 561 1593 618 conscientiam
1636 575 1814 622 autem
1873 581 2023 622 suam
2074 569 2176 623 miâ€”

607 647 751 700 nime
781 647 985 716 fefellit,
1026 665 1125 706 nec
1157 652 1225 706 ab
1264 667 1329 709 ea
1353 662 1413 708 ut
1439 657 1845 726 conquieaceret
1887 660 2176 727 impetrare

607 737 769 805 potuit
798 753 812 792 :
841 753 1027 796 verum
1055 756 1119 796 ea
1147 752 1456 800 constanter
1489 746 1744 803 adversus
1778 748 1953 818 ipsum
1995 749 2174 806 insur-

600 827 790 895 gebat,
823 828 1062 884 clamans
1100 843 1356 903 perpetuo
1379 877 1394 902 ,
1438 851 1610 908 neque
1634 853 1882 910 umquam
1899 843 2176 910 compesci

600 924 829 986 poterat.
857 917 989 974 Nam
1019 936 1141 977 cum
1181 923 1488 980 diuturnum
1521 927 1630 997 jam
1667 929 1921 999 temporis
1945 933 2173 1000 spatium

598 1006 1010 1078 intercessisset,
1043 1009 1088 1066 is
1114 1014 1202 1083 qui
1230 1013 1518 1070 admissum
1549 1017 1725 1074 scelus
1753 1019 1888 1089 patri
1914 1020 2176 1076 inticiatus

601 1099 795 1166 fuerat,
825 1115 1000 1172 neque
1020 1103 1262 1174 cuiquam
1287 1107 1376 1161 alii
1409 1108 1748 1177 prodiderat,
1780 1111 1994 1168 nemine
2020 1127 2175 1168 aceuo

599 1197 772 1255 sante,
802 1193 1012 1248 nemine
1032 1196 1410 1265 convincente,
1433 1200 1646 1257 nemine
1664 1203 1915 1271 instante,
1941 1218 2005 1259 ac
2028 1205 2178 1260 fabu-

599 1278 708 1332 lam
736 1279 874 1335 illam
905 1281 957 1336 in
988 1285 1297 1340 memoriam
1328 1288 1424 1358 ipsi
1452 1291 1747 1360 redigente,
1779 1308 1901 1350 cum
1921 1292 1991 1350 dc
2016 1295 2177 1350 liber-

601 1380 711 1427 tate
735 1388 799 1428 ac
826 1373 894 1430 de
925 1375 1044 1445 ipsa
1076 1378 1180 1431 vita
1210 1380 1630 1448 periclitaretur,
1659 1385 1999 1441 conscientia
2023 1401 2178 1442 accu-

600 1472 835 1518 satorem
861 1467 912 1519 in
942 1474 1048 1521 tam
1063 1467 1230 1540 longo
1252 1479 1493 1541 tempore
1516 1489 1624 1528 non
1649 1475 1878 1538 siluisse,
1908 1490 2012 1530 uen
2034 1491 2179 1532 com-

603 1566 848 1621 pressum
873 1555 1046 1612 fuisse
1073 1559 1343 1626 ostendit,
1389 1577 1512 1617 cum
1555 1564 1637 1620 his
1678 1565 1853 1620 verbis
1888 1574 2131 1622 uteretur
2163 1586 2178 1624 :

604 1641 750 1696 Certe
777 1661 797 1699 :
825 1645 878 1699 in
903 1651 1118 1716 peccatis
1142 1651 1276 1706 enim
1296 1668 1470 1709 sumus
1496 1671 1590 1724 pro
1623 1655 1785 1724 fratre
1816 1665 1988 1712 nostro
2015 1673 2036 1712 :
2061 1660 2180 1730 quia

606 1735 920 1805 despeximus
941 1741 1310 1799 tribulationem
1333 1748 1462 1817 ejus,
1493 1757 1539 1801 et
1557 1748 1784 1804 dolorem
1810 1751 1995 1806 anima
2019 1753 2175 1820 illius,

604 1825 723 1878 dum
751 1827 1102 1897 deprecaretur
1124 1849 1216 1888 nos
1226 1852 1246 1900 ;
1275 1852 1335 1889 en
1363 1839 1569 1908 sanguis
1596 1840 1705 1909 ejus
1728 1857 1760 1894 a
1785 1841 1928 1896 nobis
1956 1843 2180 1913 exquiri-

605 1924 688 1967 tur
717 1915 866 1987 (Gen.
895 1919 985 1974 42.
1017 1921 1132 1992 2i).
1158 1925 1319 1995 Atqui
1352 1926 1494 1982 aliud
1533 1939 1650 1984 erat
1677 1931 1880 1987 crimen
1909 1933 2049 2002 quod
2079 1932 2182 2004 ipsi

606 2005 977 2066 intendebatur
1005 2032 1018 2067 :
1047 2028 1168 2068 nam
1192 2015 1316 2070 furti
1345 2016 1768 2090 insimulabatur,
1795 2030 1976 2093 atque,
2007 2031 2063 2078 ut
2086 2039 2182 2079 au-

605 2112 757 2152 reum
798 2101 1043 2169 poculum
1083 2105 1412 2177 suffuratus,
1455 2110 1506 2163 in
1542 2110 1798 2179 judicium
1838 2113 2181 2180 trahebatur;

605 2201 789 2244 verum
837 2195 1086 2262 quoniam
1114 2190 1313 2254 nullius
1350 2200 1608 2268 ejusmodi
1636 2203 1876 2258 criminis
1909 2203 2009 2258 sibi
2052 2220 2184 2260 cen-

608 2282 750 2336 scius
775 2294 908 2352 erat,
939 2301 1044 2342 non
1067 2288 1168 2344 hoc
1193 2291 1409 2347 nomine
1434 2292 1873 2363 discruciabatur,
1904 2309 2003 2351 nec
2031 2309 2090 2352 se
2118 2298 2187 2352 ob

612 2388 675 2428 ea
697 2416 712 2437 ,
741 2376 808 2429 de
843 2378 1034 2446 quibus
1055 2380 1311 2449 judicium
1345 2383 1555 2439 subibat
1583 2393 1742 2457 atque
1774 2385 1827 2440 in
1855 2387 2062 2442 vincula
2090 2387 2188 2442 du-

611 2465 832 2521 cabatur
856 2511 870 2534 ,
905 2469 1017 2524 hac
1042 2473 1244 2542 perpeti
1266 2473 1477 2531 dicebat
1508 2493 1522 2529 :
1551 2476 1645 2532 sed
1671 2476 1740 2532 ob
1781 2491 1845 2532 ea
1873 2492 1993 2548 qua
2030 2493 2190 2534 nemo

612 2558 714 2627 ipsi
739 2559 1044 2629 objiciebat,
1072 2578 1171 2619 nec
1196 2564 1264 2620 de
1291 2566 1354 2620 iis
1381 2581 1570 2636 pinnas
1593 2568 1912 2638 expetebat,
1939 2583 2040 2625 nec
2066 2583 2188 2625 eum

609 2650 664 2704 in
699 2651 953 2720 judicium
983 2654 1257 2723 trahebat,
1293 2657 1401 2713 imo
1427 2673 1546 2729 qua
1585 2658 1824 2714 nondum
1854 2668 2192 2731 perpetrave-

613 2753 736 2808 rat,
765 2745 836 2801 ob
863 2761 925 2802 ea
952 2790 968 2815 ,
1009 2749 1224 2822 inquam
1249 2790 1264 2818 ,
1307 2750 1423 2821 ipse
1445 2767 1506 2808 se
1528 2751 1786 2823 prodebat
1807 2760 1866 2809 et
1883 2753 2188 2808 accusabat.

614 2835 953 2894 Conscientia
991 2841 1135 2895 enim
1165 2839 1339 2911 ipsum
1363 2842 1753 2914 perstringebat
1772 2861 1792 2897 :
1817 2852 1876 2900 et
1899 2843 1990 2915 qui
2011 2845 2193 2900 animo

614 2942 784 2998 usque
806 2929 941 2986 adeo
969 2930 1123 2987 timo
1151 2941 1207 2988 et
1231 2932 1496 3005 intrepido
1517 2933 1698 2990 fratris
1720 2948 1967 2990 cruorem
1995 2933 2194 2991 eunde-

621 3028 724 3087 rat,
757 3023 901 3078 nullo
929 3024 1178 3080 maeroris
1204 3038 1368 3081 sensu
1394 3024 1637 3093 affectus,
1668 3041 1812 3081 nunc
1837 3035 2025 3082 contra
2051 3027 2196 3083 illius

615 3112 785 3163 vicem
815 3110 1066 3179 dolebat;
1096 3121 1150 3169 et
1183 3129 1318 3184 quos
1358 3115 1580 3171 sceleris
1618 3117 1794 3172 socios
1820 3133 1886 3173 ac
1912 3118 2196 3188 participes

618 3197 894 3268 habuerat,
917 3203 1218 3270 accusabat,
1244 3205 1718 3278 crudelitatemque
1737 3221 1953 3262 omnem
1981 3208 2196 3279 tragicis

620 3292 799 3346 verbis
826 3295 1195 3364 exaggerabat,
1219 3296 1426 3364 dicens,
1451 3297 1587 3353 Dum
1611 3299 1967 3368 deprecaretur
1994 3316 2089 3356 nos
2105 3341 2123 3364 ,
2150 3309 2197 3356 et

623 3384 939 3454 despeximus
963 3387 1332 3445 tribulationem
1356 3392 1466 3463 ejus
1489 3431 1506 3458 ,
1547 3402 1596 3447 et
1638 3394 1862 3452 dolorem
1907 3395 2094 3450 anima
2131 3396 2199 3450 il-

623 3473 743 3527 lius.
771 3474 920 3541 Quod
949 3477 1167 3546 perinde
1192 3489 1277 3536 est
1299 3495 1363 3537 ac
1390 3482 1436 3536 si
1464 3483 1668 3539 diceret
1693 3501 1707 3538 :
1740 3484 1822 3540 Ad
1846 3485 2199 3542 emolliendos

623 3567 834 3623 animos
857 3579 1088 3638 nostros,
1111 3580 1272 3644 atque
1288 3573 1357 3630 ad
1383 3576 1802 3633 misericordiam
1826 3578 2196 3648 inï¬‚ectendos,

623 3666 815 3711 natura
853 3658 966 3728 ipsa
1006 3661 1117 3716 sola
1143 3662 1442 3720 sufficiebat
1471 3674 1568 3722 :at
1608 3667 1702 3723 ille
1736 3668 2001 3741 laerymas
2038 3671 2200 3727 etiam

627 3749 984 3822 adjungebat,
1024 3757 1353 3826 supplexque
1381 3771 1480 3813 nos
1523 3758 1872 3826 obsecrabat;
1907 3775 1972 3816 ac
2011 3777 2080 3817 ne
2123 3763 2203 3818 sic

627 3842 840 3909 quidem
871 3859 969 3900 nos
1000 3845 1224 3914 inï¬‚exit,
1249 3862 1434 3904 verum
1464 3848 1802 3920 Despeximus
1831 3852 2203 3908 tribulationem

627 3936 755 4004 ejus,
788 3946 835 3990 et
859 3939 1082 3995 dolorem
1110 3944 1294 3997 anima
1319 3943 1477 3998 illius.
1509 3944 1666 4012 Ideo,
1702 3946 1904 4016 inquit,
1943 3946 2202 4016 judicium

628 4027 732 4082 hoc
767 4029 921 4085 nobis
947 4041 1190 4102 paratum
1229 4043 1351 4102 est,
1397 4036 1520 4095 ideo
1548 4037 1610 4091 .in
1656 4037 1930 4108 sanguinis
1967 4038 2206 4110 periculo

625 4135 939 4189 versamur,
977 4127 1227 4196 quoniam
1265 4127 1320 4183 in
1365 4129 1676 4200 sanguinem
1722 4132 2084 4200 peccavimus.
2123 4132 2206 4188 Ad

627 4210 771 4268 hunc
797 4215 1014 4272 modum
1041 4219 1201 4274 etiam
1232 4218 1396 4277 ludas
1422 4230 1799 4292 coargueutom
1823 4222 2205 4280 conscientiam

627 4305 849 4362 minime
872 4308 1068 4378 ferens,
1098 4313 1164 4367 ad
1206 4312 1452 4385 laqueum
1480 4329 1541 4370 se
1564 4316 1820 4383 contulit,
1850 4331 2023 4387 eoque
2043 4317 2204 4373 vitam

629 4397 727 4452 sibi
754 4397 968 4455 ademit.
1006 4403 1073 4457 Et
1095 4403 1310 4473 quidem
1337 4445 1352 4470 ,
1379 4419 1502 4461 cum
1531 4405 1810 4476 impudens
1839 4406 1969 4462 illud
1996 4417 2207 4478 pactum

631 4487 767 4543 inire
796 4504 904 4545 nou
928 4491 1226 4562 dubitabat,
1253 4493 1436 4551 dicens
1467 4513 1481 4550 :
1516 4496 1652 4562 Quid
1672 4498 1822 4551 vultis
1846 4498 1972 4551 mihi
1998 4498 2140 4564 dare,
2163 4508 2210 4552 el

631 4594 722 4647 ego
751 4581 886 4635 vobis
906 4598 1020 4636 eum
1041 4585 1240 4638 tradam
1260 4584 1474 4657 (Matth.
1493 4585 1592 4642 26.
1615 4586 1743 4658 15)?
1770 4602 1877 4642 non
1902 4603 2018 4654 eos,
2041 4589 2130 4659 qui
2158 4589 2210 4644 id

631 4670 934 4739 audiebant,
962 4673 1265 4741 verebatur,
1302 4691 1498 4748 nempe
1521 4677 1664 4749 quod
1687 4678 1978 4750 discipulus
2005 4681 2059 4735 iu
2099 4695 2212 4735 ma-

629 4761 852 4830 gistrum
891 4763 1152 4834 ejusmodi
1173 4768 1375 4824 scelera
1403 4768 1698 4835 moliretur,
1721 4784 1821 4826 nec
1845 4785 1943 4840 per
1963 4784 2055 4826 eos
2073 4770 2208 4837 dies,

633 4855 723 4921 qui
758 4855 956 4910 interea
989 4855 1280 4925 ï¬‚uxerunt,
1305 4859 1416 4916 ullo
1434 4860 1620 4916 dolore
1639 4862 1994 4932 pangebatur,
2023 4877 2209 4918 verum

632 4959 694 4997 ea
721 4944 992 5013 voluptate
1014 4987 1030 5012 ,
1061 4961 1220 5017 quam
1249 4949 1301 5004 ei
1339 4951 1578 5019 pecunia
1621 4950 1882 5021 cupiditas
1911 4951 2166 5008 allerebat
2191 4992 2212 5022 ,

638 5034 977 5099 temulentus,
1009 5039 1352 5095 conscientia
1377 5042 1768 5097 accusationem
1797 5058 1903 5098 non
1925 5043 2211 5098 admodum

639 5125 918 5180 sentiebat.
951 5129 1021 5181 At
1057 5137 1339 5200 postquam
1370 5132 1545 5187 scelus
1573 5133 1798 5202 peregit,
1828 5133 2215 5204 pecuniamque

637 5220 884 5285 sumpsit,
907 5235 969 5275 ac
991 5221 1124 5276 lucri
1148 5223 1362 5292 quidem
1389 5223 1634 5295 voluptas
1662 5224 1821 5280 finem
1859 5228 2084 5295 accepit,
2112 5226 2215 5281 cri-

637 5309 795 5363 minis
824 5319 999 5367 autem
1029 5315 1296 5370 accusatio
1319 5316 1497 5387 vigere
1528 5317 1689 5385 cepit,
1725 5326 1837 5372 tum
1861 5317 2093 5388 denique
2117 5333 2213 5372 ne-

638 5401 782 5455 mine
802 5412 1104 5469 accusante,
1131 5406 1343 5461 nemine
1363 5408 1468 5460 vim
1492 5405 1690 5462 ahâ€˜eren
1699 5417 1768 5474 te,
1790 5407 2003 5462 nemine
2021 5406 2217 5461 cohor-

643 5501 808 5561 tmzle,
837 5506 1024 5564 sponte
1051 5511 1145 5551 sua
1171 5498 1374 5563 abiens,
1405 5506 1519 5552 tum
1550 5497 1830 5567 pecuniam
1869 5497 1933 5551 iis
1962 5511 1992 5549 a
2022 5496 2214 5556 quibus

649 5593 963 5652 acceperat,
995 5585 1258 5654 projecit,
1300 5596 1409 5640 tum
1456 5589 1633 5642 scelus
1682 5603 1838 5642 suum
1870 5587 2214 5643 audientibus

649 5673 757 5729 illis
809 5676 1092 5731 confessus
1141 5685 1246 5742 est,
1289 5677 1375 5731 his
1423 5678 1605 5733 verbis
1655 5694 1666 5727 :
1718 5677 1954 5742 Peccavi,
2007 5681 2214 5734 tradens

653 5770 953 5838 sanguinem
1005 5770 1208 5841 justum
1261 5769 1483 5842 (Matth.
1539 5771 1626 5824 27.
1682 5772 1764 5840 4).
1827 5770 2010 5842 Neque
2068 5775 2211 5828 enim

2349 550 2554 605 Peccati
2581 553 2887 612 conscientia
2909 554 3178 622 carnifen;
3201 552 3407 622 lugendi
3434 560 3722 621 peccatores
3738 565 3761 616 ;
3779 550 3858 604 oi-

2280 642 2406 695 tium
2431 642 2503 695 est
2535 643 2720 696 anima:
2742 659 2898 697 mors.
2935 672 3008 682 â€”
3034 642 3112 697 Ea
3157 656 3387 712 namque
3423 641 3627 711 peccati
3669 649 3862 695 natura

2279 741 2363 788 est
2381 773 2397 797 ,
2427 740 2487 786 ut
2509 734 2814 803 priusquam
2858 742 3222 804 perpetratum
3245 733 3353 798 sit,
3393 731 3666 788 hominem
3691 739 3863 786 temu-

2279 821 2440 879 lentia
2468 822 2696 890 afficiet;
2726 832 3068 895 posteaquam
3089 832 3270 880 autem
3298 823 3568 894 expletum
3597 837 3663 879 ac
3692 821 3866 892 perfe-

2279 923 2422 969 ctum
2438 924 2539 979 est,
2563 922 2688 970 tunc
2707 929 2772 970 ea
2793 914 3034 985 voluptas
3058 929 3180 970 sese
3204 915 3460 984 proripiat
3477 923 3532 971 et
3554 914 3865 984 exstingua-

2284 1015 2389 1072 tur,
2415 1021 2480 1062 ac
2504 1009 2650 1064 solus
2667 1007 2775 1078 jam
2799 1007 3056 1077 deinceps
3080 1014 3187 1062 stet
3209 1015 3509 1073 accusator,
3531 1005 3865 1061 conscientia

2281 1098 2531 1152 nimirum
2566 1098 2832 1154 carnificis
2873 1098 3049 1154 locum
3073 1096 3350 1153 obtinente
3373 1138 3388 1164 ,
3429 1111 3494 1153 ac
3521 1105 3865 1167 peccator-em

2281 1186 2602 1251 lancinante,
2647 1187 2718 1242 ab
2745 1202 2915 1258 eoque
2944 1195 3211 1245 extremas
3254 1201 3440 1256 pteuas
3482 1187 3752 1258 exigente,
3804 1199 3869 1240 ac

2284 1276 2501 1346 plumbo
2527 1279 2717 1348 quovis
2745 1278 2957 1348 gravius
2981 1279 3083 1348 ipsi
3109 1278 3469 1333 incumbente.

2352 1369 2406 1424 5.
2439 1369 2614 1439 Atque
2655 1368 2961 1439 hujusmodi
2999 1368 3212 1439 quidem
3241 1370 3294 1423 in
3330 1368 3431 1424 hac
3457 1368 3565 1423 vita
3606 1366 3869 1438 supplicia

2283 1468 2408 1514 sunt
2437 1477 2450 1514 :
2477 1459 2534 1514 in
2567 1461 2744 1515 futura
2781 1469 2982 1524 autem,
3009 1469 3206 1530 quanta
3232 1459 3298 1515 iis
3321 1457 3412 1531 qui
3438 1475 3499 1517 se
3529 1460 3611 1516 his
3648 1459 3872 1516 sceleri-

2284 1551 2385 1606 bus
2426 1551 2785 1620 devinxerint,
2837 1560 3236 1623 proponentur,
3286 1553 3622 1622 exploratum
3677 1551 3868 1608 habes.

2284 1645 2622 1715 Quapropter
2661 1644 2761 1700 hos
2800 1645 3054 1715 lacrymis
3081 1644 3332 1715 prosequi
3361 1659 3430 1699 ac
3470 1644 3671 1700 deï¬‚ere
3708 1658 3871 1713 opor-

2287 1742 2361 1788 tet
2391 1752 2405 1788 :
2436 1750 2558 1788 nam
2584 1745 2639 1788 et
2677 1735 2872 1790 Paulus
2897 1735 2977 1790 sic
3004 1734 3163 1803 facit,
3191 1734 3319 1789 dum
3346 1734 3415 1790 iis
3441 1736 3533 1804 qui
3559 1741 3777 1789 certant
3809 1747 3875 1788 ac

2285 1820 2559 1894 dimicant,
2585 1827 2844 1897 malisque
2862 1825 3185 1893 afficiuntur,
3214 1826 3543 1896 gratulatur;
3565 1841 3666 1882 eos
3691 1835 3873 1881 autem

2284 1916 2376 1986 qui
2406 1927 2660 1987 peccant,
2693 1919 2839 1988 luget
2869 1935 2882 1972 :
2913 1917 2984 1972 ob
3012 1917 3170 1987 idque
3197 1917 3360 1972 etiam
3387 1916 3563 1972 aiebat
3595 1933 3610 1971 :
3635 1915 3718 1971 Ne
3741 1916 3877 1985 forte

2287 2026 2402 2063 cum
2431 2026 2631 2076 venero,
2656 2011 2887 2064 humiliet
2915 2026 2995 2064 me
3023 2008 3163 2065 Deus
3187 2025 3328 2064 meus
3351 2009 3420 2064 ad
3447 2026 3555 2075 vos,
3588 2020 3635 2063 et
3669 2009 3876 2079 lugeant

2286 2101 2472 2154 multos
2493 2116 2663 2154 eorum
2691 2101 2778 2171 qui
2803 2107 2920 2154 ante
2947 2108 3297 2169 peccaverunt,
3321 2110 3368 2153 et
3397 2115 3498 2152 non
3527 2107 3737 2168 egerunt
3762 2114 3875 2168 por-

2289 2191 2553 2245 nitentium
2571 2192 2728 2260 super
2745 2189 3065 2244 immunditia
3089 2198 3137 2243 et
3162 2189 3494 2260 fornicatione
3528 2197 3572 2242 et
3594 2187 3875 2257 impudici-

2290 2286 2361 2338 tia
2386 2300 2537 2352 quam
2562 2291 2767 2353 egerunt
2793 2281 2870 2352 (2.
2910 2280 3028 2337 Cor.
3060 2281 3148 2335 i2.
3195 2278 3320 2351 2i);
3367 2295 3430 2334 ac
3459 2294 3646 2333 rursus
3669 2278 3740 2332 ad
3782 2293 3880 2333 eos

2291 2376 2382 2446 qui
2407 2380 2461 2430 in
2481 2376 2774 2430 certamine
2802 2373 3150 2430 versabantur
3172 2389 3187 2427 :
3208 2371 3439 2436 Gaudeo,
3464 2381 3513 2426 et
3536 2373 3764 2442 gratulor
3791 2386 3880 2424 eo-

2293 2469 2368 2523 bis
2388 2469 2618 2522 omnibus
2637 2466 2894 2537 (Philipp.
2915 2468 2966 2520 2.
3000 2463 3107 2536 l'l).
3137 2464 3398 2530 Quocirca
3425 2476 3528 2518 nec
3546 2477 3731 2518 eorum
3756 2476 3881 2530 qua

2293 2563 2653 2629 contigerunt,
2685 2571 2786 2612 nec
2810 2569 2995 2612 eorum
3021 2570 3140 2626 qua
3162 2553 3256 2608 tibi
3281 2553 3659 2608 denuntiantur
3683 2591 3698 2614 ,
3726 2550 3884 2620 quid-

2293 2668 2453 2725 quam
2476 2651 2834 2722 teperturbet.
2853 2648 3036 2719 Neque
3056 2647 3198 2702 enim
3232 2645 3424 2701 fluctus
3448 2659 3638 2715 rupem
3668 2642 3882 2713 percel-

2296 2746 2432 2811 lunt,
2455 2758 2640 2800 verum
2661 2757 2768 2814 quo
2786 2739 3186 2797 vehementiore
3207 2738 3406 2807 impetu
3432 2737 3485 2790 in
3507 2750 3625 2790 eam
3648 2735 3882 2796 irruunt,

2299 2850 2368 2893 eo
2394 2835 2564 2905 magis
2587 2834 2657 2890 ab
2692 2847 2760 2889 ea
2783 2830 3146 2902 infringantur
3173 2843 3238 2884 ac
3263 2827 3331 2884 de
3358 2827 3536 2882 medio
3575 2825 3838 2880 tolluntur
3867 2840 3882 2876 :

2296 2925 2442 2998 quod
2465 2925 2626 2982 etiam
2656 2923 2710 2979 in
2737 2922 2858 2979 istis
2878 2935 3090 2993 quoque
3109 2917 3349 2990 contigit,
3375 2925 3431 2974 et
3455 2916 3750 2986 continget,
3773 2914 3888 2968 imo

2297 3020 2470 3076 multo
2493 3017 2682 3088 magis.
2705 3014 2919 3072 Etenim
2943 3028 3130 3085 rupem
3150 3010 3366 3084 quidem
3389 3010 3584 3065 ï¬‚uetus
3603 3021 3710 3062 non
3736 3005 3888 3060 labe-

2299 3111 2499 3166 factant
2549 3125 2561 3162 :
2612 3115 2669 3162 at
2710 3117 2763 3162 te
2797 3121 2903 3160 non
2950 3102 3111 3159 modo
3145 3105 3266 3157 non
3303 3098 3738 3162 labefactarunt,
3785 3095 3888 3150 sed

2298 3202 2458 3257 etiam
2486 3198 2776 3254 firmiorem
2805 3194 3175 3252 reddiderunt.
3207 3193 3281 3247 Ea
3307 3191 3452 3247 enim
3483 3185 3851 3259 improbitatis
3870 3225 3886 3250 ,

2298 3307 2363 3348 ea
2387 3290 2599 3348 virtutis
2627 3297 2817 3344 natura
2845 3297 2951 3343 est.
2977 3285 3078 3341 llla
3096 3284 3224 3341 dum
3251 3283 3452 3340 bellum
3480 3280 3670 3346 infert,
3698 3277 3892 3350 oppri-

2300 3385 2463 3440 mitur
2490 3400 2504 3438 :
2527 3381 2643 3437 hac
2665 3380 2792 3435 dum
2809 3378 2953 3434 bello
2975 3385 3214 3440 vexatur.
3240 3373 3434 3430 clarius
3453 3371 3687 3441 ell'ulget.
3713 3369 3893 3440 Atque

2303 3477 2419 3532 hac
2461 3489 2570 3530 non
2610 3471 2771 3528 modo
2807 3478 2927 3541 post
2950 3467 3283 3534 certamina,
3328 3465 3423 3522 sed
3451 3465 3614 3520 etiam
3655 3463 3710 3517 in
3757 3461 3896 3530 ipsis

2302 3565 2684 3626 certaminibus
2712 3563 2942 3636 palmam
2963 3560 3190 3627 obtinet,
3213 3573 3277 3614 ac
3299 3564 3570 3614 certamen
3595 3552 3696 3623 ipsi
3717 3559 3898 3608 certa-

2304 3661 2464 3716 minis
2484 3658 2761 3730 pramium
2781 3654 3011 3711 efficitur
3034 3670 3047 3707 :
3072 3651 3160 3706 illa
3185 3659 3364 3705 autem
3395 3661 3517 3702 cum
3545 3645 3746 3711 vincit,
3777 3651 3895 3698 tum

2305 3752 2510 3822 majore
2534 3747 2739 3821 pudore
2763 3743 3104 3806 sullunditur,
3137 3749 3247 3796 tum
3274 3736 3633 3800 excruciatur,
3665 3743 3778 3789 tum
3809 3734 3899 3787 in-

2306 3845 2451 3918 genti
2480 3838 2772 3913 ignominia
2801 3834 3137 3907 perfunditur
3157 3873 3175 3898 ,
3205 3840 3367 3901 atque
3404 3836 3534 3883 ante
3557 3823 3898 3918 reconditum

2308 3913 2410 4007 ipsi
2439 3931 2782 4002 supplicium,
2815 3942 2922 3982 non
2949 3922 3109 3980 modo
3136 3932 3255 3994 post
3285 3926 3648 3991 perpetratum
3678 3913 3859 3971 scelus
3879 3953 3896 3979 ,

2309 4026 2405 4083 sed
2443 4026 2495 4080 in
2522 4024 2640 4094 ipso
2665 4021 2827 4076 etiam
2856 4027 3020 4088 opere
3042 4015 3333 4070 cruciatur.
3369 4009 3523 4079 Quod
3548 4010 3594 4064 si
3623 4007 3676 4062 id
3700 4007 3901 4062 obscu-

2309 4120 2424 4175 rius
2460 4115 2557 4172 tibi
2581 4112 2795 4169 videtur
2814 4150 2830 4176 ,
2859 4110 3074 4164 beatum
3105 4105 3328 4162 Paulum
3357 4101 3512 4167 audi,
3543 4109 3772 4169 utraque
3796 4098 3901 4154 ista

2308 4209 2748 4277 distinguentem.
2776 4201 2858 4257 Ad
2884 4201 3153 4256 Romanos
3169 4195 3318 4253 enim
3341 4191 3609 4264 quondam
3631 4190 3900 4256 scribens,

2309 4308 2469 4371 atque
2493 4299 2754 4367 impuram
2783 4290 3157 4348 nonnullorum
3193 4287 3357 4342 vitam
3381 4282 3694 4347 traducens,
3716 4288 3905 4336 osten-

2311 4393 2550 4461 densque
2579 4395 2877 4458 peccatum,
2900 4382 3061 4438 etiam
3079 4386 3204 4434 ante
3225 4378 3422 4433 illatam
3453 4387 3692 4444 penam,
3712 4371 3768 4428 in
3785 4371 3903 4440 ipsa

2313 4483 2521 4538 actione
2538 4478 2849 4547 adjunctum
2873 4470 3191 4542 supplicium
3218 4466 3440 4529 habere,
3461 4477 3584 4518 cum
3607 4461 3908 4516 sceleratos

2316 4582 2426 4629 tum
2454 4570 2771 4626 feminarum
2801 4573 2914 4620 tum
2937 4561 3171 4616 virorum
3199 4599 3215 4626 ,
3255 4556 3346 4626 qui
3375 4552 3715 4625 praseriptas
3747 4565 3779 4605 a
3810 4565 3909 4608 na-

2317 4675 2434 4720 tura
2459 4663 2604 4733 leges
2628 4657 2998 4718 violaverant,
3025 4665 3091 4707 ac
3119 4647 3478 4720 prodigiosam
3508 4642 3799 4716 quamdam
3836 4641 3906 4733 li-_

2315 4729 2552 4811 bidinem
2576 4747 3010 4818 excogitaverunt
3030 4783 3048 4810 ,
3090 4739 3263 4795 coitus
3289 4740 3772 4792 commemorasset
3795 4771 3810 4797 ,
3837 4729 3907 4784 ad

2316 4846 2462 4901 hunc
2489 4841 2704 4897 modum
2743 4836 2981 4908 loquitur
3010 4849 3026 4889 :
3057 4831 3198 4887 Nam
3231 4828 3435 4900 fetutinis
3457 4841 3636 4882 eorum
3661 4823 3908 4876 immuta-

2317 4943 2491 4994 verunt
2519 4930 2803 4988 naturalem
2828 4943 2978 4983 usum
3005 4926 3059 4980 in
3086 4941 3203 4979 eum
3231 4921 3318 4988 qui
3341 4930 3413 4974 est
3440 4927 3617 4973 contra
3643 4924 3887 4970 naturam

2321 5028 2570 5086 Similiter
2593 5033 2760 5077 autem
2780 5029 2828 5074 et
2853 5016 3087 5080 masculi,
3109 5014 3285 5067 relicto
3311 5010 3659 5066 naturaliâ€˜usu
3679 5007 3907 5078 (entiam,

2320 5123 2614 5177 exarserunt
2632 5114 2686 5167 in
2709 5108 2971 5166 desideriis
2992 5106 3095 5162 suis
3122 5103 3356 5167 invicem,
3377 5098 3590 5153 masculi
3615 5098 3669 5151 in
3698 5112 3910 5150 mascu-

2321 5215 2398 5269 los
2434 5205 2795 5278 turpitudinem
2821 5207 3086 5270 operantes
3105 5237 3121 5263 ,
3148 5205 3196 5250 et
3225 5191 3530 5257 mercedem,
3575 5205 3730 5259 quam
3754 5204 3913 5278 Î¿ÏÏÏ„-

2325 5304 2420 5357 tuit
2440 5343 2456 5369 ,
2487 5276 2672 5355 erroris
2695 5295 2773 5349 sui
2798 5294 2853 5346 in
2878 5288 3158 5357 semetipsis
3187 5285 3484 5353 recipientes
3523 5278 3698 5369 (Rom.
3814 5276 3910 5331 26.

2321 5367 2450 5465 27).
2485 5389 2623 5458 Quid
2661 5386 2738 5442 ais
2763 5427 2778 5452 ,
2817 5381 3022 5440 Paule?
3061 5377 3250 5434 Annua
3287 5373 3558 5465 voluptate
3589 5367 3912 5465 afficiuntur

2323 5459 2412 5559 qui
2440 5485 2556 5539 hac
2601 5479 2836 5541 audent,
2872 5483 3033 5543 atque
3078 5484 3200 5525 cum
3242 5464 3532 5536 cupiditate
3582 5459 3908 5559 flagitiosum

2327 5551 2466 5636 hunc
2497 5575 2790 5640 divinisque
2811 5567 3020 5636 legibus
3042 5559 3381 5618 interdictum
3411 5551 3755 5609 concubitum
3787 5565 3915 5621 per-

2326 5667 2573 5742 petrant?
2603 5665 2842 5731 Quonam
2871 5659 3027 5729 igitur
3056 5662 3209 5724 pacto
3237 5664 3331 5705 eos
3363 5648 3415 5700 in
3444 5646 3545 5699 hoc
3571 5644 3691 5742 ipso
3721 5656 3912 5712 pinnas

2331 5736 2460 5819 dare
2488 5759 2603 5816 ais?
2632 5755 2782 5825 Quod
2810 5750 3158 5814 sententiam,
3191 5741 3394 5816 inquit,
3416 5754 3520 5796 non
3550 5736 3618 5793 ab
3648 5743 3915 5802 agrotan-
