4078 6426
225 395 332 454 603

225 510 417 580 ωπείῳ
444 507 622 578 τούτῳ
644 506 741 578 τὴν
770 502 1185 574 ἀδελφοκτονίαν
1213 497 1506 552 συσκιάσαι
1535 495 1816 563 ἐπιχειρη-

227 622 350 668 σας,
388 603 483 656 τὸν
535 602 634 672 μὲν
682 600 898 670 πατέρα
942 598 1192 668 ἡπάτησε
1237 594 1379 656 τότε,
1409 590 1470 644 τὸ
1501 589 1558 641 δέ
1584 584 1825 646 συνειδὸς

222 698 326 750 οὐκ
366 695 680 766 ἠπάτησεν,
716 691 838 745 οὐδὲ
870 691 1085 743 ἔπεισεν
1110 686 1408 758 ἡσυχάζειν
1428 700 1442 714 ⁸
1479 680 1596 736 ἀλλ’
1630 680 1824 749 ἐμενεν

223 786 395 841 αὑτοῦ
454 783 1008 853 κατεξανιστάμενον,
1065 777 1354 832 καταϐοῶν
1395 770 1686 846 διηνεκῶς,
1733 768 1828 821 καὶ

226 877 492 932 οὐδέποτε
538 874 1052 945 ἐπιστομιξόμενον.
1086 868 1297 939 Χρόνου
1320 867 1430 937 γὰρ
1460 860 1827 934 παρελθόντος

230 968 474 1041 μακροῦ,
496 969 527 1022 ό
550 967 643 1021 τὸν
669 962 1042 1035 γεγεννηκότα
1066 959 1447 1032 ἀρνησάμενος
1466 955 1528 1009 τὸ
1547 953 1828 1024 τόλμημα,

227 1063 369 1131 ὅπερ
433 1060 759 1130 ἐτόλμησεν,
811 1057 841 1108 ό
902 1053 1091 1126 μηδενὶ
1141 1051 1249 1105 τῶν
1289 1049 1466 1104 ἄλλων
1521 1044 1829 1118 ἀνθρώπων

230 1153 488 1219 ἐξειπὼν,
523 1151 738 1213 οὐδενὸς
757 1146 1216 1220 κατηγοροῦντος,
1254 1142 1470 1204 οὐδενὸς
1494 1139 1830 1208 ἐλέγχοντος,

223 1243 451 1308 οὐδενὸς
506 1239 836 1311 ἐφεστῶτος,
873 1239 998 1293 οὐδὲ
1033 1238 1542 1308 ἀναμιμνήσκοντός
1573 1234 1676 1304 τῆς
1701 1233 1835 1304 δρα-

236 1334 578 1408 ματουργίας
604 1332 844 1400 ἐκείνης,
876 1328 1204 1384 κινδυνεύων
1234 1328 1365 1398 περὶ
1390 1325 1705 1396 ἐλευθερίας
1737 1325 1832 1378 καὶ

236 1423 406 1478 αὑτοῦ
444 1422 540 1476 τοῦ
589 1422 710 1493 ζῇν,
761 1420 978 1483 δεικνὺς
1037 1420 1120 1472 ὅτι
1178 1419 1278 1471 οὐκ
1333 1415 1705 1487 ἐπεστομίσθη
1739 1414 1834 1468 τοῦ

239 1516 545 1578 συνειδότος
573 1516 602 1568 ό
643 1514 950 1583 κατήγορος
999 1513 1058 1564 ἐν
1082 1510 1226 1564 οὕτω
1260 1509 1459 1582 μακρῷ
1489 1509 1687 1580 χρόνῳ,
1714 1507 1834 1561 οὐδὲ
1873 1559 1876 1562 .

236 1607 590 1681 κατεχώσθη,
622 1605 797 1661 ταῦτά
837 1621 972 1674 φησι
992 1604 1062 1656 τά
1087 1605 1308 1673 ῥήματα
1331 1619 1344 1633 ·
1382 1604 1525 1658 Ναί·
1553 1603 1624 1656 ἐν
1647 1602 1834 1670 ἀμαρ-

233 1701 396 1765 τίαις
416 1698 531 1767 γάρ
550 1698 740 1767 ἐσμεν
771 1695 904 1763 περὶ
935 1694 1040 1748 τοῦ
1056 1693 1325 1762 ἀδελφοῦ
1348 1689 1537 1762 ὴμῶν-⁵
1562 1691 1662 1745 ὅτε
1692 1707 1833 1745 κατ-

234 1791 439 1846 εδέετο
494 1788 684 1860 ἡμῶν,
709 1789 807 1842 καὶ
836 1785 1225 1855 ὑπερείδομεν
1249 1783 1364 1853 τὴν
1384 1786 1598 1853 θλίψιν
1627 1783 1836 1846 αὑτοῦ,

237 1882 337 1938 καὶ
369 1881 490 1951 τὴν
522 1880 755 1944 ὀδύνην
779 1875 893 1947 τῆς
913 1875 1127 1946 ψυχῆς
1155 1877 1345 1930 αὑτοῦ
1367 1891 1380 1904 ³
1401 1876 1501 1929 καὶ
1531 1875 1650 1927 νῦν
1669 1871 1839 1942 ἐκζη-

237 1975 424 2029 τεῖται
453 1973 522 2028 τὸ
554 1968 698 2042 αἷμα
724 1969 913 2025 αὐτοῦ
942 1969 1012 2033 ἐξ
1041 1966 1232 2038 ἡμῶν.
1267 1966 1422 2039 [585]
1444 1966 1636 2020 Καίτοι
1652 1965 1838 2036 ἕτερον

235 2061 329 2137 ἦν,
381 2067 521 2136 ὅπερ
581 2065 820 2134 ἐπήγετο
875 2061 1026 2132 αύτῷ
1059 2061 1336 2131 ἔγκλημα,
1365 2059 1459 2113 καὶ
1513 2058 1601 2111 διὰ
1631 2056 1840 2126 κλοπὴν

236 2157 510 2228 ἐκρίνετο,
543 2155 640 2210 καὶ
671 2155 746 2216 ὡς
781 2153 1114 2224 ὑφελόμενος
1171 2153 1370 2208 κύλικα
1426 2152 1634 2224 χρυσῆν
1667 2149 1840 2213 οὕτως

237 2249 320 2309 εἰς
360 2246 714 2316 δικαστήριον
765 2245 964 2314 ἤγετοο
1012 2242 1129 2297 ἀλλ’
1155 2241 1343 2311 ἐπειδὴ
1392 2240 1602 2294 τούτων
1660 2239 1842 2310 ἐαυτῷ

238 2337 394 2392 οὐδὲν
443 2334 678 2406 συνῄδει,
717 2335 860 2404 ὑπὲρ
887 2334 987 2404 μὲν
1020 2332 1224 2385 τούτων
1254 2331 1356 2384 οὐκ
1379 2331 1556 2399 ἤλγει,
1583 2327 1705 2381 ούδέ
1735 2325 1842 2396 ἔφη

240 2426 418 2481 ταῦτα
462 2425 692 2495 πάσχειν
726 2423 868 2495 ὑπὲρ
891 2416 967 2477 ὧν
1001 2422 1248 2494 ἐκρίνετο
1276 2419 1372 2474 καὶ
1395 2417 1616 2487 δέσμιος
1641 2418 1806 2487 ἤγετο
1824 2431 1837 2444 ·

239 2519 387 2588 ὑπὲρ
417 2518 476 2572 δὲ
510 2511 585 2570 ὧν
631 2515 808 2577 οὐδεὶς
854 2514 1122 2580 ἐνεκάλει,
1153 2511 1275 2565 ούδέ
1331 2509 1565 2572 εὐθύνας
1618 2509 1842 2580 ἀπῄτει,

239 2610 368 2664 οὐδὲ
410 2611 493 2672 είς
543 2607 894 2677 δικαστήριον
948 2599 1121 2670 εἷλκε,
1159 2602 1361 2673 μᾶλλον
1382 2601 1439 2654 δέ
1473 2600 1594 2654 ούδέ
1622 2599 1724 2670 ἢδη
1750 2616 1841 2652 τε·

240 2700 605 2771 τολμημένων
640 2697 810 2767 αύτῷ,
835 2698 976 2766 ὑπὲρ
1001 2696 1064 2766 δὴ
1095 2695 1300 2748 τούτων
1330 2693 1492 2757 αὐτὸς
1521 2690 1719 2745 ἐαυτοῦ
1750 2691 1843 2743 καὶ

241 2792 471 2862 ἐλεγχος
504 2792 599 2844 καὶ
627 2791 935 2860 κατήγορος
972 2788 1206 2856 γίνεται.
1262 2785 1704 2856 Ἐπελαμϐάνετο
1733 2783 1843 2854 γὰρ

243 2882 413 2936 αὑτοῦ
465 2881 526 2934 τὺ
580 2880 845 2943 συνειδὸς,
896 2880 993 2932 καὶ
1034 2881 1064 2932 ό
1093 2879 1233 2950 μετά
1267 2878 1454 2941 ἀδείας
1481 2877 1752 2948 τοσαύτης
1783 2877 1844 2929 τὸ

204 2994 214 3001 ·
243 2972 386 3045 αἷμα
415 2973 615 3042 ἐκχέας
644 2970 740 3024 τοῦ
770 2969 1021 3039 ἀδελφοῦ,
1047 2971 1141 3023 καὶ
1176 2969 1344 3040 μηδὲν
1378 2969 1587 3034 παθὼν,
1626 2969 1722 3022 νῦν
1750 2970 1844 3022 καλ⁵

246 3065 667 3138 συμπαθητικδς
697 3063 927 3132 ἐγίνετο,
963 3062 1180 3117 καὶτοῦ
1236 3063 1395 3136 χοροῦ
1443 3063 1550 3116 τῶν
1590 3081 1846 3134 κοινωνη-

247 3163 460 3214 σάντων
496 3155 646 3226 αύτῷ
694 3157 794 3226 τῆς
857 3155 1172 3227 μιαιφονίας
1218 3155 1537 3225 κατηγόρει,
1593 3154 1689 3208 καὶ
1744 3157 1845 3225 τὴν

243 3251 509 3322 ὠμότητα
538 3250 720 3302 πᾶσαν
772 3246 1090 3318 ἐτραγῴδει,
1125 3247 1326 3314 λέγων’
1359 3247 1489 3299 Ὅτε
1532 3246 1845 3301 κατεδέετο

243 3341 440 3412 ἡμῶν,
478 3340 576 3395 καί
626 3340 1023 3410 ὐπερείδομεν
1073 3340 1190 3408 τὴν
1231 3341 1446 3408 θλίψιν
1475 3340 1686 3403 αὐτοῦ,
1745 3339 1848 3393 καὶ

242 3434 364 3503 τὴν
391 3432 626 3502 ὀδύνην
673 3430 787 3500 τῆς
841 3430 1053 3499 ψυχῆς
1075 3431 1286 3486 αὑτοῦ.
1318 3432 1516 3501 Ἤρκει
1548 3431 1651 3500 μέν
1680 3430 1788 3504 γὰρ
1809 3434 1843 3502 ἠ

247 3529 437 3598 φύσις,
468 3525 624 3594 φησὶ,
659 3522 898 3595 μαλάξαι
937 3523 1034 3576 καὶ
1075 3523 1388 3594 ἐπικάμψαι
1424 3521 1560 3594 πρὸς
1605 3523 1787 3577 ἐλεον·
1817 3524 1847 3576 ό

242 3621 299 3675 δὲ
331 3620 428 3673 καὶ
471 3618 683 3688 δάκρυα
716 3616 1046 3686 προσετίθει,
1076 3616 1172 3668 καὶ
1210 3617 1493 3687 ἱκετηρίαν
1530 3617 1718 3683 ἐτίθει,
1750 3617 1846 3672 καὶ

242 3713 366 3767 οὐδὲ
407 3709 584 3774 οὕτως
646 3710 798 3780 ἡμᾶς
839 3707 1164 3778 ἐπέκαμψεν
1189 3724 1202 3736 ·
1247 3707 1362 3761 ἀλλ’
1433 3709 1847 3779 Ὑπερείδομεν

247 3805 368 3872 τὴν
408 3804 624 3871 θλίψιν
659 3801 870 3865 αὑτοῦ,
903 3799 1004 3853 καὶ
1056 3799 1173 3867 τὴν
1217 3799 1448 3869 ὀδύνην
1490 3799 1602 3869 τῆς
1632 3800 1846 3872 ψυχῆς

249 3896 464 3951 αὐτοῦ.
499 3894 601 3948 Διά
637 3893 797 3947 τοῦτο
824 3893 955 3963 ἡμῖν
981 3892 1043 3944 τὸ
1071 3892 1421 3965 δικαστήριον
1451 3892 1608 3946 τοῦτο
1648 3910 1845 3962 συγκε-

248 3989 538 4059 κρότηται,
570 3986 725 4056 φησὶ,
760 3984 848 4038 διὰ
883 3983 1044 4037 τοῦτο
1081 3986 1210 4053 περὶ
1257 3985 1489 4054 αἵματος
1534 3986 1842 4038 κινδυνεύο-

247 4098 371 4152 μεν,
401 4079 592 4150 ἐπειδὴ
617 4079 713 4132 καὶ
752 4080 912 4149 ἡμεῖς
949 4079 1031 4140 είς
1062 4071 1202 4148 αἷμα
1230 4080 1654 4149 ἡμαρτήκαμεν.
1687 4077 1845 4132 Οῦτω

245 4176 341 4228 καὶ
377 4177 406 4228 ό
454 4171 655 4234 Ἰούδας
692 4172 793 4224 ούκ
840 4170 1080 4239 ἐνεγκὼν
1114 4169 1207 4222 τοῦ
1250 4170 1552 4233 συνειδότος
1578 4170 1670 4224 τὸν
1693 4171 1846 4240 ἐλεγ-

243 4280 360 4333 χον,
392 4262 486 4314 ἐπὶ
519 4259 716 4331 βρόχον
745 4259 996 4331 ὥρμησε,
1028 4261 1123 4312 καὶ
1167 4261 1236 4314 δι’
1291 4261 1532 4331 ἀγχόνης
1584 4260 1674 4314 τὸν
1729 4261 1844 4331 βίον

242 4353 566 4407 κατέλυσεν.
608 4352 718 4405 Καὶ
749 4353 839 4404 ὅτε
888 4351 988 4422 μὲν
1021 4352 1081 4404 τὸ
1111 4352 1466 4422 ἀναίσχυντον
1497 4355 1674 4406 ἐκεῖνο
1706 4371 1844 4424 συμ-

242 4444 459 4497 ϐόλαιον
481 4443 708 4512 ἐτόλμα,
738 4442 942 4510 λέγων·
974 4443 1036 4496 Τί
1056 4443 1262 4498 θέλετέ
1287 4463 1389 4513 μοι
1417 4445 1652 4511 δοῦναι,
1681 4448 1844 4516 κάγὼ

242 4535 388 4604 ὑμῖν
437 4529 627 4590 αὐτὸν
673 4535 1008 4604 παραδώσω
1021 4553 1040 4600 ;
1074 4536 1135 4588 ού
1179 4539 1305 4601 τοὺς
1340 4539 1640 4602 ἀκούοντας
1670 4540 1841 4610 ᾐσχύ-

242 4643 391 4694 νετο,
424 4628 506 4680 ὅτι
540 4625 790 4698 μαθητὴς
821 4627 899 4679 ῶν
923 4627 1147 4681 τοιαῦτα
1181 4630 1310 4699 περὶ
1345 4630 1666 4684 διδασκάλου
1713 4632 1840 4684 ἐτύυ

244 4735 422 4788 ρευεν,
453 4719 554 4772 οὐκ
600 4719 662 4772 ἐν
712 4721 834 4782 ταῖς
866 4719 1105 4789 ἡμέραις
1149 4723 1268 4784 ταῖς
1303 4722 1507 4790 μεταξὺ
1539 4724 1839 4793 κατενύγη,

243 4802 382 4856 ἀλλὰ
413 4805 635 4874 μεθύων
669 4805 749 4858 ἐτι
777 4809 843 4877 τῇ
877 4807 1039 4878 ἡδονῇ
1066 4808 1167 4878 τῆς
1195 4809 1579 4882 φιλαργυρίας,
1615 4814 1677 4866 ού
1708 4816 1839 4881 σφό-

240 4890 345 4962 δρα
371 4891 638 4962 ᾐσθάνετο
669 4894 768 4964 τῆς
798 4895 1130 4966 κατηγορίας
1163 4896 1256 4950 τοῦ
1292 4901 1610 4964 συνειδότος.
1654 4901 1841 4956 Ἐπει-

239 4983 306 5054 δὴ
341 4982 398 5036 δὲ
428 4985 637 5057 ἔπραξε
665 4985 766 5058 τὴν
799 4973 1098 5060 ἁμαρτίαν,
1135 4991 1228 5043 καὶ
1255 4993 1316 5044 τὸ
1344 4994 1609 5066 ἀργύριον
1654 4996 1836 5061 ἔλαϐε,

241 5074 338 5125 καὶ
373 5076 405 5143 ἡ
438 5075 600 5145 ἡδονὴ
637 5075 738 5145 μὲν
773 5076 1052 5130 ἐπαύσατο
1079 5079 1176 5130 τοῦ
1199 5079 1512 5150 λήμματος,
1544 5085 1577 5153 ἡ
1623 5083 1681 5135 δέ
1711 5101 1840 5138 κατ-

241 5167 440 5236 ηγορία
478 5167 574 5219 τοῦ
629 5166 1105 5240 πλημμελήματος
1143 5171 1294 5241 ἤνθει
1349 5173 1556 5240 λοιπὸν,
1579 5176 1703 5228 τότε
1730 5194 1839 5250 μη-

238 5258 388 5320 δενὸς
453 5258 878 5327 ἀναγκάζοντος,
938 5260 1167 5332 μηδενὸς
1217 5263 1562 5334 βιαζομένου,
1607 5268 1838 5338 μηδενὸς

239 5353 660 5423 παραινοῦντος,
714 5354 1022 5426 αὐτόματος
1079 5359 1352 5425 ἀπελθὼν,
1388 5362 1449 5438 τό
1483 5380 1542 5416 τε
1573 5364 1837 5438 ἀργύριον

239 5444 579 5516 προσέρῤιψε
610 5448 723 5509 τοῖς
752 5446 1030 5513 δεδωκόσι,
1063 5451 1158 5502 καὶ
1184 5452 1282 5521 την
1318 5437 1670 5526 παρανομίαν
1698 5437 1839 5529 ὦμο-

237 5534 469 5602 λόγησεν
521 5535 710 5602 αὐτοῦ,
740 5537 1046 5592 ἀκουόντων
1091 5541 1316 5594 ἐκείνων
1362 5543 1573 5614 λέγων’
1614 5547 1837 5618 ’Ἥμαρ-

235 5641 343 5679 τον
377 5628 686 5694 παραδοὺς
711 5625 854 5700 αἷμα
883 5632 1096 5687 ἀθῶον.
1121 5635 1194 5687 Οὐ
1221 5637 1329 5707 γὰρ
1362 5639 1559 5708 ἤνεγκε
1590 5642 1683 5694 τοῦ
1708 5661 1834 5698 συν-

235 5715 437 5778 ειδότος
462 5719 552 5769 τὸν
581 5719 822 5790 ἔλεγχον.

307 5819 564 5876 Τοιοῦτον
591 5825 699 5896 γὰρ
738 5828 771 5897 ἡ
806 5829 1079 5901 ἁμαρτία·
1111 5835 1241 5902 πρὶν
1275 5837 1308 5907 ἢ
1341 5837 1443 5908 μὲν
1490 5840 1834 5914 ἀπαρτισθῆ-

1658 367 2045 432 ΕΡῙὸΤΟωΕ.

3422 353 3539 410 σοι·

1935 503 2046 548 ναι,
2079 481 2297 555 μεθύειν
2347 481 2490 533 ποιεῖ
2536 475 2628 530 τὸν
2660 475 2891 530 ἁλόντα·
2926 470 3148 526 ἐπειδὰν
3177 469 3234 523 δέ
3266 468 3541 543 πληρωθῇ

1934 576 2027 628 καὶ
2058 571 2391 646 ἀπαρτισθῇ,
2409 568 2533 622 τότε
2571 566 2642 620 τά
2664 566 2764 638 μὲν
2779 563 2880 633 τῆς
2905 559 3102 632 ἡδονῆς
3121 557 3344 636 ταύτης
3366 555 3540 646 ὑπεξ-

1938 665 2152 719 ίσταται
2183 644 2291 716 καὶ
2343 659 2650 720 σϐέννυται,
2703 653 2911 725 γυμνὸς
2971 651 3028 703 δὲ
3067 649 3269 719 ἕστηκε
3296 644 3485 700 λοιπὸν
3512 645 3542 698 ό

1937 756 2264 826 κατήγορος,
2312 751 2406 804 τοῦ
2466 744 2767 808 συνειδότος
2800 741 2997 814 δημίου
3025 739 3176 804 τάξιν
3227 735 3543 826 ἐπέχοντος.

1939 847 2034 903 καὶ
2049 825 2464 912 καταξαίνοντος
2484 839 2578 893 τὸν
2593 833 2961 908 πεπλημμελη
2969 832 3122 896 κότα,
3151 831 3247 884 καὶ
3265 829 3365 902 τὴν
3380 825 3546 897 ἐσχά-

1940 956 2040 1010 την
2067 935 2427 999 ἀπαιτοῦντος
2450 932 2630 1004 δίκην,
2668 929 2766 984 καὶ
2811 926 3070 1000 μολίϐδου
3118 924 3324 988 παντὸς
3376 920 3546 993 βαρύς

1940 1048 2098 1103 τερον
2131 1027 2503 1099 ἐπικειμένου.

2015 1121 2170 1196 [586]
2194 1121 2264 1192 γ’.
2300 1121 2412 1176 Καὶ
2439 1119 2508 1173 τά
2543 1118 2646 1190 μέν
2672 1112 2910 1170 ἐνταῦθα
2936 1110 3163 1166 τοιαῦτα
3179 1126 3195 1143 θ
3234 1109 3304 1162 τὰ
3330 1106 3388 1159 δέ
3407 1106 3548 1170 ἐκεῖ,

1943 1212 2103 1270 οἶσθα
2130 1214 2294 1286 ἡλίκα
2323 1214 2437 1276 τοῖς
2481 1208 2729 1264 τοσαῦτα
2764 1204 3169 1279 ἐργασαμένοις
3188 1199 3337 1256 κακὰ
3367 1197 3551 1253 κείσε-

1944 1326 2036 1363 ται
2082 1307 2226 1362 τότε.
2265 1304 2505 1368 Τούτους
2547 1298 2644 1358 οὖν
2691 1300 2800 1374 χρὴ
2848 1298 3130 1370 δακρύειν,
3163 1293 3386 1357 τούτους
3419 1290 3554 1363 θρη-

1945 1407 2080 1472 νεῖν,
2101 1403 2225 1458 ἐπεὶ
2253 1404 2350 1456 καὶ
2380 1400 2594 1465 Παῦλος
2626 1399 2804 1462 οὕτως
2838 1395 3036 1463 ἐποίει,
3066 1395 3182 1456 τοῖς
3220 1392 3325 1463 μέν
3357 1389 3554 1445 ἀθλοῦ-

1949 1520 2022 1568 σι,
2049 1501 2144 1556 καὶ
2168 1475 2616 1569 ἀγωνιζομένοις,
2649 1496 2747 1551 καὶ
2780 1495 2970 1559 κακῶς
3001 1493 3276 1563 πάσχουσι
3323 1486 3553 1559 συνηδό-

1952 1615 2134 1670 μενος,
2167 1598 2295 1661 τοὺς
2319 1596 2377 1650 δέ
2400 1595 2822 1667 ἁμαρτάνοντας
2847 1590 3064 1645 πενθῶν
3083 1605 3097 1618 ’
3139 1589 3220 1643 διὸ
3253 1587 3348 1642 καὶ
3373 1586 3552 1654 ἔλεγε·

1947 1697 2176 1766 Μήπως
2224 1696 2482 1750 ἐλθόντα
2515 1711 2593 1764 με
2638 1693 2983 1760 ταπεινώσῃ
3014 1693 3049 1745 ό
3083 1689 3227 1754 Θεός
3257 1704 3378 1757 μου
3403 1686 3556 1754 πρὸς

1944 1791 2127 1864 ὑμᾶς,
2159 1793 2257 1847 καί
2309 1793 2594 1858 πενθήσω
2639 1789 2916 1856 πολλοὺς
2956 1787 3079 1843 τῶν
3099 1783 3559 1855 προημαρτηκό-

1948 1907 2090 1958 των,
2123 1891 2221 1944 καὶ
2245 1891 2331 1959 μὴ
2352 1886 2869 1959 μετανοησάντων
2893 1885 2993 1940 ἐπὶ
3034 1883 3112 1953 τῇ
3141 1882 3431 1952 ἀσελγείᾳ
3459 1876 3559 1932 καί

1949 1988 2292 2056 ἀκαθαρσίᾳ
2342 1980 2384 2058 ᾖ
2432 1984 2742 2054 ἔπραξαν·
2792 1984 2907 2046 τοῖς
2973 1980 3032 2035 δέ
3095 1977 3554 2050 ἀγωνιζομένοις³

1950 2085 2148 2154 Χαίρω
2177 2083 2277 2138 καὶ
2299 2083 2614 2153 συγχαίρω
2643 2079 2838 2136 πᾶσιν
2865 2077 3030 2149 ὑμῖν.
3064 2075 3249 2148 Μηδὲν
3285 2074 3466 2128 τοίνυν
3499 2088 3560 2124 σε

1951 2181 2251 2253 θορυϐείτω
2309 2181 2448 2251 μήτε
2494 2179 2603 2232 τῶν
2631 2177 2966 2248 γενομένων,
3003 2176 3142 2247 μήτε
3166 2173 3278 2227 τῶν
3304 2169 3561 2226 ἀπειλου-

1955 2277 2153 2348 μένων.
2186 2276 2322 2330 Ούδέ
2359 2275 2470 2347 γὰρ
2503 2274 2603 2346 τὴν
2636 2274 2844 2346 πέτραν
2869 2270 3178 2327 διασαλεύει
3214 2270 3283 2324 τά
3312 2269 3559 2338 κύματα,

1951 2372 2070 2425 ἀλλ’
2105 2373 2216 2443 ὅσῳ
2251 2372 2390 2443 μετά
2421 2371 2668 2435 πλείονος
2701 2371 3149 2442 προσρήγνυνται
3197 2368 3296 2438 τῆς
3356 2368 3561 2437 ῥύμης,

1951 2470 2194 2541 τοσούτῳ
2225 2470 2489 2540 μειζόνως
2519 2469 2692 2522 ἐαυτά
2716 2467 3010 2538 ἀφανίζει·
3034 2466 3064 2520 ὃ
3100 2465 3166 2537 δὴ
3196 2465 3290 2518 καὶ
3320 2464 3415 2516 ἐπὶ
3441 2463 3567 2516 τού-

1953 2584 2063 2621 των
2089 2567 2185 2620 καὶ
2213 2568 2406 2636 γέγονε
2423 2566 2519 2620 καὶ
2536 2565 2713 2632 ἐσται,
2747 2565 2949 2636 μᾶλλον
2980 2564 3039 2618 δὲ
3055 2564 3152 2618 καὶ
3171 2561 3353 2632 πολλῷ
3375 2560 3563 2616 πλέον.

1954 2665 2068 2734 Τὴν
2088 2665 2188 2734 μὲν
2217 2663 2328 2733 γὰρ
2353 2662 2565 2734 πέτραν
2581 2662 2643 2716 ού
2655 2663 2967 2718 διασαλεύει
2984 2660 3053 2717 τὰ
3075 2661 3297 2733 κύματα
3311 2677 3326 2691 ο
3342 2658 3402 2712 σὲ
3417 2657 3476 2713 δέ
3501 2657 3566 2712 οὐ

1957 2763 2119 2831 μόνον
2135 2763 2197 2815 ού
2212 2761 2582 2825 διεσάλευσεν,
2596 2761 2733 2815 ἀλλὰ
2745 2761 2842 2815 καὶ
2859 2762 2979 2831 ίσχυ
2987 2759 3107 2831 ροτέ
3115 2776 3216 2831 ραν
3235 2757 3562 2830 πεποίηκεν.

1955 2859 2214 2913 Τοιοῦτον
2261 2860 2371 2930 γάρ
2398 2861 2431 2930 ή
2462 2858 2650 2924 κακία,
2677 2857 2923 2912 τοιοῦτον
2949 2859 2983 2929 ἡ
3009 2859 3204 2930 ἀρετή.
3247 2858 3312 2911 Ἠ
3341 2857 3442 2928 μὲν
3475 2872 3570 2910 πο-

1956 2956 2223 3027 λεμοῦσα,
2251 2954 2620 3010 καταλύεται·
2656 2956 2690 3026 ἡ
2738 2953 3230 3027 δὲπολεμουμένη,
3266 2953 3567 3024 διαλάμπει

1959 3053 2244 3126 μειζόνως.
2302 3052 2412 3105 Καὶ
2453 3053 2488 3122 ὴ
2545 3051 2645 3122 μὲν
2677 3051 2741 3104 ού
2775 3052 2917 3122 μετὰ
2965 3052 3093 3117 τοὺς
3124 3051 3345 3120 ἀγῶνας
3380 3051 3566 3122 μόνον,

1957 3149 2095 3204 ἀλλά
2127 3149 2224 3202 καὶ
2251 3149 2308 3201 ἐν
2339 3147 2523 3211 αὐτοῖς
2551 3149 2667 3212 τοῖς
2696 3147 2906 3217 ἀγῶσιν
2939 3149 3050 3220 ἔχει
3082 3149 3153 3203 τά
3183 3148 3436 3220 βραδεῖα,
3469 3147 3568 3204 καὶ

1955 3246 1986 3297 ό
2008 3240 2171 3307 ἆθλος
2187 3241 2420 3296 ἔπαθλον
2447 3244 2585 3316 αὐτῇ
2613 3243 2828 3313 γίνεται
2847 3261 2862 3276 ο
2880 3246 2914 3316 ὴ
2947 3245 3005 3300 δέ
3036 3246 3165 3299 ὅταν
3195 3246 3419 3320 νικήσῃ,
3442 3245 3569 3301 τότι

1961 3341 2164 3412 μᾶλλον
2215 3339 2666 3410 καταισχύνεται,
2701 3341 2826 3394 τότε
2859 3341 3177 3407 κολάζεται,
3207 3343 3331 3395 τότε
3367 3335 3565 3413 πολλῆς

1958 3436 2265 3508 πληροῦται
2294 3437 2394 3506 τῆς
2413 3436 2660 3508 ἀτιμίας,
2696 3437 2788 3492 καὶ
2815 3439 2925 3511 πρὸ
2945 3441 3044 3511 τῆς
3068 3439 3446 3510 ἀποκειμένης
3475 3439 3570 3493 αύ-

1955 3537 2023 3606 τῇ
2050 3533 2349 3599 κολάσεως,
2377 3536 2437 3588 ἐν
2457 3535 2608 3606 αὐτῷ
2633 3534 2713 3606 τῷ
2743 3536 3010 3608 πράττειν
3028 3539 3445 3611 τιμωρουμένη,
3473 3539 3571 3595 καὶ

1956 3631 2077 3701 οὐχ).
2113 3631 2254 3701 μετά
2285 3631 2347 3684 τὸ
2377 3631 2584 3703 πρᾶξαι
2608 3632 2790 3702 μόνον.
2827 3632 2895 3687 Et
2925 3632 2983 3686 δέ
3008 3634 3388 3706 ἀσαφέστερος
3418 3639 3449 3690 ό
3479 3635 3570 3690 λό-

1956 3743 2074 3797 γος,
2101 3727 2339 3782 ἄκουσον
2357 3726 2454 3779 τοῦ
2487 3728 2765 3799 μακαρίου
2796 3729 3018 3784 Παύλου
3051 3731 3226 3786 ταῦτα
3275 3733 3569 3806 ἀμφότερα

1955 3823 2344 3895 διακρίνοντος.
2381 3823 2618 3896 Γράφων
2658 3825 2769 3897 γάρ
2826 3844 2959 3881 ποτε
2989 3827 3307 3898 Ῥωμαίοις,
3341 3831 3434 3883 καὶ
3476 3831 3568 3886 τὸν

1956 3921 2271 3994 ἀκάθαρτόν
2315 3938 2479 3976 τινων
2521 3924 2892 3994 ἐκπομπεύων
2939 3924 3078 3996 βίον,
3116 3927 3211 3980 καὶ
3243 3927 3460 3994 δεικνὺς
3484 3929 3569 3984 ὅτι

1956 4020 2052 4074 καὶ
2082 4020 2190 4092 πρὸ
2220 4021 2321 4090 τῆς
2353 4021 2651 4092 τιμωρίας,
2679 4024 2738 4076 ἐν
2759 4022 2896 4094 αὐτῇ
2929 4026 2994 4095 τῇ
3026 4023 3225 4095 πράξει
3258 4027 3360 4098 τὴν
3388 4045 3564 4098 τιμω-

1957 4118 2080 4188 ρίαν
2130 4119 2164 4188 ή
2211 4118 2503 4190 ἁμαρτίαι
2564 4119 3105 4193 συγκεκληρωμένην
3160 4123 3295 4193 ἔχει,
3361 4125 3564 4197 μίξεων

1956 4214 2293 4286 παρανόμων
2324 4215 2587 4286 μνησθεὶς
2617 4216 2898 4284 γυναικῶν
2942 4236 3003 4271 τε
3059 4221 3157 4273 καὶ
3187 4222 3421 4294 ἀνδρῶν,
3452 4224 3565 4280 τῶν

1953 4314 2080 4376 τοὺς
2107 4315 2268 4384 ὅρους
2289 4315 2390 4384 τῆς
2421 4314 2640 4382 φύσεως
2695 4317 3086 4388 παραϐάντων,
3121 4322 3216 4374 καὶ
3262 4323 3564 4395 ἐπιθυμίαν

1953 4411 2076 4465 τινὰ
2119 4412 2408 4464 ἀλλόκοτον
2442 4413 2876 4481 ὲπινοησάντων,
2907 4414 3050 4468 οὕτω
3092 4417 3210 4481 πώς
3258 4436 3425 4489 φησιν
3446 4437 3461 4450 ·
3491 4423 3564 4475 Δί

1953 4509 2065 4580 γὰρ
2088 4509 2326 4576 θήλειαι
2342 4509 2546 4565 αὐτῶν
2563 4513 2967 4583 μετήλλαξαν
2986 4515 3106 4585 τὴν
3122 4519 3404 4588 φυσικὴν
3423 4518 3554 4590 χρῆ·

1952 4625 2058 4662 σιν
2091 4611 2178 4674 είς
2203 4609 2320 4677 τὴν
2344 4608 2505 4677 παρὰ
2526 4610 2743 4679 φύσιν.
2789 4613 3035 4682 Ὁμοίως
3070 4614 3140 4668 δὲ
3172 4617 3273 4670 καί
3301 4619 3356 4671 οί
3386 4617 3561 4688 diﬁc-

1951 4722 2077 4771 νες,
2129 4706 2385 4775 ἀφέντες
2425 4707 2543 4778 τὴν
2579 4711 2858 4780 φυσικὴν
2895 4712 3122 4782 χρῆσιν
3151 4714 3260 4783 τῆς
3291 4717 3560 4786 θηλείας,

1951 4803 2378 4873 ἐξεκαύθησαν
2417 4806 2539 4874 μὲν
2562 4806 2637 4876 τῇ
2662 4807 2852 4876 ὀρέξει
2875 4811 3078 4865 αὐτῶν
3103 4815 3192 4879 είς
3217 4814 3556 4883 ἀλλήλους,

1950 4900 2200 4971 ἆρῤενες
2235 4902 2306 4955 ὲν
2336 4905 2549 4974 ᾶρῤιωι
2576 4906 2694 4976 τὴν
2722 4909 3178 4980 ἀσχημοσύνην
3211 4914 3561 4984 κατεργαζό-

1944 5017 2137 5070 μενοι,
2175 5003 2275 5056 καὶ
2305 5003 2424 5071 τὴν
2451 5004 2858 5075 ἀντιμισθίαν,
2885 5007 2966 5077 ἢν
2991 5009 3132 5076 ἔδει,
3176 5010 3288 5080 τῆς
3316 5014 3564 5083 πλάνης

1949 5097 2170 5164 αὐτῶν,
2195 5101 2267 5154 ἐν
2298 5102 2537 5168 ἑαυτοῖς
2575 5105 3132 5175 ἀπολαμϐάνοντες.
3172 5113 3237 5165 Τί
3286 5114 3486 5183 λέγεις,
3515 5112 3564 5174 ὦ

1951 5196 2166 5261 Παῦλε;
2223 5199 2336 5252 Καὶ
2386 5201 2495 5272 μὴν
2543 5200 2768 5272 ἥδονται
2795 5205 2846 5256 οἱ
2874 5206 3050 5259 ταῦτα
3095 5209 3430 5281 τολμῶντες,
3465 5219 3561 5272 καὶ

1953 5295 2070 5364 μετ’
2106 5295 2402 5367 ἐπιθυμίας
2434 5298 2534 5367 τὴν
2588 5302 2911 5372 παράνομον
2967 5305 3172 5379 ταύτην
3222 5312 3557 5382 ἐργάζονται

1952 5392 2132 5462 μίξιν;
2161 5394 2286 5458 Πῶς
2319 5391 2414 5450 οὖν
2443 5397 2645 5462 αὐτοὺς
2682 5401 2820 5472 ἔφης
2853 5404 3182 5470 κολάζεσθαι
3227 5412 3286 5464 ἐν
3317 5414 3469 5485 αύτῷ
3490 5417 3558 5489 δὴ

1947 5490 2162 5561 τούτῳ;
2203 5494 2330 5547 Ὀτι
2375 5497 2474 5567 τὴν
2504 5497 2709 5567 ψῆφον,
2741 5501 2930 5570 φησὶν,
2954 5504 3054 5558 οὐκ
3083 5507 3193 5560 ἀπὸ
3225 5510 3326 5580 τῆς
3354 5513 3555 5585 ἡδονῆς

1946 5589 2055 5642 τῶν
2079 5591 2400 5656 νοσούντων,
2431 5595 2546 5647 ἀλλ’
2569 5597 2679 5650 ἀπὸ
2703 5599 2804 5668 τῆς
2823 5601 2930 5654 τῶν
2964 5608 3306 5677 πραγμάτων
3330 5612 3556 5685 ἐκφέρω

2011 5731 2038 5811 ᾖ
2063 5731 2172 5811 υιιι)
2196 5745 2296 5806 πιςε
2336 5736 2422 5792 τήν
2451 5740 2728 5811 πονηρίανῂ
2754 5743 2980 5811 ἁμαρτία.
3013 5747 3137 5797 Infra
3167 5758 3269 5799 lres
3300 5765 3419 5802 mss.
3444 5753 3556 5811 τοὺς

1946 5793 2084 5870 ὅρους
2105 5799 2189 5850 τῆς
2230 5796 2422 5863 ,φύσεως
2464 5793 2868 5862 οπεξδπινόντώνῖ
2903 5793 3042 5859 nam
3063 5793 3148 5870 {ﬁ}
3169 5793 3556 5876 ξξζςεῖρξῖτσζ““

1947 5856 2150 5903 ϐαντων.
2176 5869 2339 5903 minus
2361 5867 2516 5903 mole.
3469 5833 3557 5880 ω’

2008 5867 2150 5915 ντων,
2176 5869 2339 5906 minus
2361 5867 2516 5909 recte.
