4078 6438
607 352 715 411 605

604 455 838 524 φύσεως.
871 450 1086 522 Ἐπειδὴ
1117 451 1208 504 καὶ
1238 453 1266 504 6
1298 452 1483 521 μοιχὸς
1509 454 1602 505 καὶ
1635 453 1740 523 πρὸ
1762 455 1860 522 τῆς
1878 454 2146 524 τιμωρίας

601 547 660 599 ἐν
682 543 833 612 αὐτῷ
869 543 946 612 τῷ
981 542 1253 613 μοιχεύειν
1285 542 1591 608 κολάζεται,
1627 543 1731 597 κᾶν
1771 545 2144 616 ῆδεσθαιδοκῇ

600 630 700 701 τήν
728 631 906 701 ψυχὴν
931 631 1148 703 χείρονα
1175 631 1345 684 ποιῶν
1365 631 1458 685 καὶ
1491 632 1845 705 φαυλοτέραν.
1882 636 1990 689 Καὶ
2019 637 2048 687 6
2074 635 2160 689 6w-

597 721 872 792 δροφόνος,
899 725 1026 792 πρὶν
1060 723 1094 793 ἢ
1131 722 1477 794 δικαστήριον
1513 724 1658 790 ἰδεῖν,
1689 726 1781 779 καὶ
1808 725 1935 796 ξίφη
1968 727 2165 796 ὴκονηο

601 812 758 881 μένα,
789 813 881 867 καὶ
911 812 1093 868 δοῦναι
1119 814 1353 878 εὐθύνας
1375 815 1484 868 τῶν
1511 817 1946 887 τετολμημένων,
1978 819 2036 871 ἐν
2066 819 2164 872 αὐ-

595 900 673 972 τῷ
705 901 782 974 τῷ
815 904 1062 973 φονεύειν
1088 903 1384 966 ἀπόλωλεν,
1416 904 1575 958 πάλιν
1601 907 1695 960 καὶ
1715 907 1878 972 αὐτὸς
1900 908 2162 976 φαυλοτέ-

596 1010 696 1065 ραν
721 994 900 1066 ἐαυτῷ
930 995 1350 1060 κατασκευάζων
1376 997 1477 1068 τὴν
1509 996 1706 1068 ψυχήν.
1736 998 1885 1070 [587]
1902 999 2011 1052 Καὶ
2027 999 2162 1070 ὅπερ

591 1083 739 1136 ἐστὶν
771 1083 865 1136 ἐπὶ
909 1083 1161 1155 σώματος
1194 1084 1492 1156 ἀρρωστία,
1546 1087 1794 1156 πυρετὸς,
1828 1087 2092 1159 ἢῦδερος,
2124 1088 2158 1158 ἢ

589 1174 718 1229 ἄλλο
750 1192 804 1229 τι
845 1176 954 1230 τῶν
986 1176 1261 1243 τοιούτων,
1300 1179 1393 1232 καὶ
1423 1179 1519 1232 ἐπὶ
1566 1179 1786 1250 σιδήρου
1821 1180 1916 1247 ίὸς,
1948 1181 2159 1237 καὶέπὶ

591 1262 742 1334 ἐρίου
771 1263 888 1335 σὴς,
913 1265 1008 1318 καὶ
1056 1267 1150 1320 ἐπὶ
1192 1266 1350 1334 ξύλου
1404 1269 1639 1340 σκώληξ,
1670 1271 1764 1325 καὶ
1786 1273 1877 1325 ἐπὶ
1912 1275 2156 1344 κεράτων

587 1347 731 1418 ἶπες,
769 1355 922 1409 τοῦτο
949 1358 1041 1411 ἐπὶ
1071 1358 1172 1428 τῆς
1191 1359 1372 1429 ψυχῆς
1391 1360 1578 1414 κακία.
1606 1362 1716 1415 Καὶ
1743 1363 1848 1435 γὰρ
1891 1346 2157 1436 ἀνδραπο-

584 1445 724 1521 δῲδη
766 1447 935 1518 αὐτὴν
964 1449 1110 1500 ποιεῖ
1146 1449 1241 1502 καὶ
1265 1450 1659 1522 ἀνελευθέραν’
1694 1453 1747 1506 τί
1786 1453 1929 1522 λέγω
1962 1455 2158 1527 ἀνδρα-

586 1517 801 1604 ποδώδη
829 1517 923 1588 καὶ
960 1533 1347 1609 ἀνελευθέρανς
1393 1517 1628 1607 Ἀλόγων
1662 1541 1830 1612 αὐτὴν
1859 1517 2156 1613 ἐργάζεται

583 1624 785 1696 ψυχὴν,
820 1626 936 1697 τὴν-
954 1626 1054 1697 μὲν
1086 1626 1272 1690 λύκου,
1307 1629 1404 1701 τὴν
1437 1629 1494 1683 δὲ
1521 1631 1699 1695 κυνὸς,
1728 1632 1826 1704 τὴν
1864 1633 1920 1686 δὲ
1958 1634 2153 1703 ὄφεως,

585 1713 684 1786 τὴν
714 1715 770 1767 δέ
795 1713 1029 1787 ἐχίδνης,
1059 1716 1157 1787 τὴν
1194 1716 1251 1770 δέ
1279 1718 1466 1788 ἐτέρου
1504 1719 1693 1792 θηρίου
1740 1722 1987 1777 ποιοῦσα.
2044 1725 2154 1778 Καὶ

582 1804 743 1859 τοῦτο
777 1804 1060 1876 δηλοῦντες
1084 1806 1132 1860 οί
1170 1810 1466 1879 προφῆται,
1496 1810 1588 1864 καὶ
1617 1812 1716 1882 τὴν
1741 1811 1806 1865 ἐκ
1842 1815 1939 1884 τῆς
1959 1815 2155 1879 κακίας

585 1895 888 1967 μεταϐολὴν
926 1899 1059 1951 πᾶσι
1108 1897 1381 1970 γνώριμον
1423 1900 1723 1968 ποιοῦντες,
1760 1907 1789 1958 6
1826 1905 1926 1976 μὲν
1960 1907 2148 1976 ἔλεγε·

578 1987 773 2053 Κύνες
809 1987 988 2053 ἐνεοί,
1019 1989 1091 2042 οὐ
1124 1987 1447 2058 δυνάμενοι
1481 1993 1784 2060 ὑλακτεῖν,
1819 1995 1946 2060 τοὺς
1988 1997 2154 2052 ὑπού-

577 2073 703 2142 λους
737 2076 845 2131 τῶν
891 2077 1213 2149 ἀνθρώπων,
1242 2081 1336 2134 καὶ
1384 2081 1658 2154 λαθραίως
1709 2087 2154 2153 ἐπιϐουλεύοντας

574 2169 687 2231 τοῖς
708 2167 941 2222 λυττῶσι
961 2168 1072 2223 τῶν
1102 2170 1280 2226 κυνῶν
1310 2173 1691 2246 παραϐάλλων.
1725 2177 1861 2230 Οὐδέ
1884 2182 1990 2251 γάρ
2017 2181 2152 2251 μετά

578 2258 805 2329 ὑλακῆς,
851 2259 980 2314 ὅταν
1043 2261 1330 2329 λυττῶσιν,
1388 2263 1706 2336 ἐπέρχονται
1742 2269 1960 2334 ἐκεῖνοι,
2018 2273 2152 2327 ἀλλὰ

577 2349 703 2419 σιγῇ
734 2348 1070 2418 προσιόντες,
1106 2351 1322 2423 χείρονα
1350 2352 1460 2408 τῶν
1483 2353 1856 2411 ὑλακτούντων
1895 2362 2152 2431 ἐργάζον-

571 2454 663 2491 ται
692 2439 819 2502 τοὺς
846 2438 1096 2505 ἀλόντας.
1135 2441 1193 2496 '0
1228 2443 1284 2496 δέ
1316 2443 1563 2516 κορώνην
1593 2447 1775 2502 ἐκάλει
1817 2451 1978 2505 πάλιν
2001 2454 2150 2517 τινάς

571 2526 914 2599 ἀνθρώπους.
959 2530 1019 2584 '0
1057 2532 1114 2585 δὲ
1152 2532 1372 2602 ἔλεγεν·
1401 2535 1742 2605 Ἀνθρωπος
1779 2542 1850 2594 ἐν
1883 2542 2022 2612 τιμῇ
2066 2543 2152 2597 ὢν

569 2617 646 2671 οὐ
692 2619 962 2688 συνῆκε·
1005 2624 1512 2694 παρασυνεϐλήθη
1565 2628 1692 2694 τοῖς
1743 2631 1990 2698 κτήνεσι
2026 2634 2150 2702 τοῖς

570 2709 870 2776 ἀνοήτοις,
893 2713 989 2766 καί
1018 2713 1284 2784 ὡμοιώθη
1314 2716 1535 2785 αὐτοῖς.
1582 2719 1639 2772 Ὀ
1671 2721 1728 2774 δέ
1767 2724 2151 2797 περισσότερος

573 2802 891 2871 προφητῶν,
925 2805 964 2856 ὑ-
977 2803 1079 2874 τῆς
1109 2806 1327 2878 στείρας
1358 2807 1494 2872 υίὸς,
1528 2811 1623 2865 καὶ
1659 2811 1811 2880 δ’φεις
1835 2815 1927 2867 καὶ
1955 2818 2148 2888 γεννή-

575 2908 723 2959 ματα
749 2893 992 2961 ἐχιδνῶν,
1022 2895 1173 2964 παρά
1189 2896 1280 2950 τὸν
1317 2897 1587 2970 Ἰορδάνην
1609 2901 1803 2970 ἑστὼς,
1827 2905 1977 2969 τινάς
2018 2907 2152 2960 ὠνό-

575 2996 769 3048 μασεν.
799 2982 844 3034 Τ
849 2982 864 3033 ἰ
889 2984 1092 3054 ταύτης
1119 2986 1298 3039 τοίνυν
1347 2988 1461 3042 τσον
1512 2991 1709 3058 γένοιτ’
1736 2993 1802 3046 ἂν
1836 2995 1934 3062 τῆς
1981 3013 2150 3065 τιμωσ

575 3068 718 3139 ρίας,
753 3069 883 3123 ὅταν
931 3074 960 3125 6
986 3074 1103 3126 κατ’
1130 3075 1314 3129 εἰκόνα
1339 3075 1474 3131 Θεοῦ
1504 3082 1817 3151 γενόμενος,
1850 3084 1943 3137 καὶ
1961 3085 2148 3139 τοσαύ-

570 3176 669 3232 της
722 3161 1038 3228 ἀπολαύσας
1069 3166 1262 3237 τιμῆς,
1295 3167 1356 3222 τὸ
1399 3169 1614 3237 λογικὸν
1651 3173 1743 3225 καὶ
1794 3173 2146 3245 ἡμερώτατον

572 3249 730 3314 ζῶον,
765 3253 848 3314 είς
868 3254 1135 3324 τοσαύτην
1165 3258 1495 3313 καταπίπτει
1523 3259 1812 3330 θηριωδίαν
1833 3281 1845 3294 ·

641 3397 704 3451 δ’.
739 3393 892 3463 Εῐδες
924 3402 1040 3463 πῶς
1071 3401 1164 3454 καὶ
1192 3405 1299 3471 πρὸ
1323 3404 1424 3474 τῆς
1455 3403 1728 3470 κολάσεως
1763 3421 1823 3459 εν
1852 3406 2016 3480 ἑαυτῇ
2050 3409 2148 3480 τήν

573 3487 846 3558 τιμωρίαν
874 3491 908 3560 ή
938 3489 1106 3544 κακία
1129 3490 1274 3561 ἐχει;
1306 3493 1461 3548 Μάθε
1486 3493 1604 3558 πῶς
1630 3497 1725 3549 καὶ
1761 3489 1820 3550 ἐν
1849 3500 1915 3569 τῇ
1951 3499 2144 3576 ἀρετῇ.

576 3577 672 3632 καὶ
699 3578 806 3649 πρὸ
834 3579 943 3635 τῶν
983 3582 1232 3638 ἐπάθλων
1259 3585 1397 3658 αὐτὴ
1427 3588 1627 3659 ἑαυτῆς
1651 3587 1883 3643 ἔπαθλον
1905 3593 1939 3661 ὴ
1975 3591 2146 3663 ἀρετὴ

571 3667 805 3736 γίνεται.
840 3671 1051 3743 Ὠσπερ
1077 3673 1186 3746 γὰρ
1212 3677 1270 3732 ἐν
1301 3675 1379 3747 τῷ
1415 3677 1658 3749 σώματι·
1693 3680 1846 3734 οὐδὲν
1880 3684 1989 3752 γὰρ
2039 3701 2149 3737 κω-

575 3755 697 3811 λύει
739 3760 903 3814 πάλιν
935 3761 1011 3835 τῷ
1044 3763 1188 3835 αὐτῷ
1216 3766 1522 3838 χρήσασθαι
1566 3770 1997 3842 παραδείγματι,
2026 3775 2149 3828 πολ·

577 3845 674 3918 λὴν
712 3849 1064 3925 ἐργαζομένῳ
1101 3855 1201 3924 τὴν
1248 3859 1576 3927 σαφήνειαν
1611 3859 1799 3932 ὥσπερ
1839 3859 1932 3917 οὖν
1984 3866 2044 3918 ἐν
2069 3866 2148 3938 τῷ

579 3936 814 4006 σώματι,
835 3942 863 3993 6
885 3942 1138 4010 ὑγιαίνων
1163 3945 1256 3998 καὶ
1277 3947 1628 4019 εὐσωματῶν,
1648 3953 1741 4004 καὶ
1763 3955 1944 4024 πάσης
1975 3936 2150 4025 ἀπηλέ

579 4027 848 4100 λαγμένος
883 4033 1215 4105 ἀρρωστίας,
1248 4038 1342 4090 καὶ
1373 4039 1479 4110 πρὸ
1504 4039 1600 4110 τῆς
1619 4043 1829 4113 τρυφῆς
1852 4045 1997 4117 αὐτῷ
2026 4049 2151 4100 τοὺ-

576 4118 653 4186 τῷ
708 4124 903 4194 τρυφᾷ,
956 4128 1484 4202 συγκεκληρωμένην
1532 4132 1670 4203 ἔχων
1718 4138 1784 4206 τῇ
1836 4137 2017 4209 ὑγιείᾳ
2051 4139 2150 4210 τὴν

575 4211 789 4285 ἡδονὴν,
827 4217 924 4270 καὶ
961 4217 1085 4272 οὔτε
1109 4221 1286 4290 ἀέρων
1313 4222 1478 4277 αὐτὸν
1504 4224 1829 4295 ἀνωμαλίαι,
1877 4227 2000 4282 οὔτε
2054 4232 2151 4284 αὐ-

575 4302 736 4373 χμὸς,
766 4303 890 4359 οὐτε
916 4308 1144 4378 κρυμδς,
1165 4306 1285 4363 οὐδέ
1304 4310 1548 4366 εὐτέλεια
1570 4313 1870 4392 τραπέζης,
1895 4318 1995 4370 οὐκ
2021 4313 2151 4373 ἀλλο

575 4407 630 4444 τι
659 4393 767 4447 τῶν
793 4395 1048 4450 τοιούτων
1087 4397 1327 4468 λυπῆσαι
1372 4400 1570 4454 δύναιτ’
1618 4404 1706 4466 ἀν,
1748 4395 2024 4478 ἀρκούσης
2051 4409 2149 4478 τῆς

579 4480 790 4548 ὑγιείας
817 4482 916 4552 τὴν
939 4485 1003 4537 ἐκ
1034 4485 1239 4539 τούτων
1277 4487 1704 4560 διακρούσασθαι
1739 4493 1944 4566 βλάϐην
1967 4514 1980 4528 ·
2008 4497 2150 4551 οὕτω

577 4571 643 4643 δὴ
683 4574 777 4625 καὶ
803 4574 897 4626 ἐπὶ
926 4575 1025 4643 τῆς
1056 4576 1234 4647 ψυχῆς
1271 4578 1590 4648 συμϐαίνειν
1639 4584 1816 4638 εἴωθε.
1862 4588 1962 4640 Διά
1993 4588 2151 4642 τοῦτο

579 4661 720 4715 καὶὸ
751 4663 956 4729 Παῦλος
995 4669 1442 4739 μαστιγούμενος,
1478 4672 1848 4744 ἐλαυνόμενος,
1882 4682 1950 4732 τά
1983 4681 2151 4751 μυρία

580 4753 806 4823 πάσχων
825 4755 992 4818 δεινὰ,
1027 4755 1268 4828 ἔχαιρεν,
1299 4760 1443 4815 οὕτω
1470 4762 1641 4831 λέγων
1663 4782 1677 4795 ·
1713 4769 1903 4835 Χαίρω
1936 4771 2002 4823 ὲν
2028 4771 2152 4839 τοῖς

577 4843 892 4912 παθήμασι
939 4863 1060 4915 μου
1108 4849 1260 4918 ὑπὲρ
1302 4849 1489 4919 ὑμῶν.
1527 4853 1603 4906 Οὐ
1632 4856 1792 4924 μόνον
1837 4858 1894 4910 ἐν
1946 4862 2012 4931 τῇ
2061 4861 2153 4931 βα-

581 4931 754 5002 σιλείᾳ
775 4932 883 4984 τῶν
912 4934 1157 5005 οὐρανῶν
1199 4938 1260 4990 τὸ
1310 4937 1542 4994 ἔπαθλον
1585 4946 1758 4997 κεῖται
1784 4960 1880 5014 της
1928 4949 2149 5020 ἀρετῆς,

580 5020 715 5072 ἀλλά
760 5023 854 5076 καὶ
903 5025 960 5078 ἐν
1014 5027 1167 5096 αὐτῷ
1204 5029 1282 5100 τῷ
1316 5031 1564 5102 πάσχειν,
1591 5036 1715 5089 ἐπεὶ
1743 5039 1838 5092 καὶ
1869 5039 2024 5094 τοῦτο
2052 5042 2150 5111 μέ-

582 5127 766 5178 γιστον
813 5112 1060 5182 ἔπαθλον,
1094 5118 1154 5171 τὸ
1201 5120 1342 5191 ὑπὲρ
1376 5123 1633 5194 ἀληθείας
1681 5143 1734 5179 τι
1789 5129 2000 5184 παθεῖν.
2054 5134 2154 5188 Διά

585 5200 739 5254 τοῦτο
764 5205 858 5256 καὶ
886 5207 914 5257 6
940 5209 1098 5278 χορὸς
1130 5211 1238 5263 τῶν
1285 5213 1597 5268 ἀποστόλων
1628 5218 1938 5289 ἐπανῄεσαν
1968 5223 2151 5277 ἐκτοῦ

588 5289 862 5362 συνεδρίου
893 5293 1001 5347 τῶν
1046 5297 1312 5353 Ἰουδαίων
1342 5303 1640 5374 χαίροντες,
1671 5309 1732 5361 οὐ
1756 5310 1844 5364 διά
1872 5310 1969 5382 τὴν
2002 5313 2145 5382 βασις

586 5378 738 5435 λείαν
788 5384 946 5453 μόνον
987 5387 1097 5442 τῶν
1151 5393 1413 5463 οὐρανῶν,
1465 5399 1576 5451 ἀλλ’
1605 5401 1687 5453 ὅτι
1738 5378 2153 5478 κατηξιώθησαν

588 5472 727 5565 ὑᾼπέρ
755 5475 847 5529 τοῦ
875 5477 1138 5550 ὀνόματος
1170 5483 1285 5537 τοῦ·
1310 5487 1481 5558 Ἰησοῦ
1511 5472 1897 5565 ἀτιμασθῆναι.
1923 5472 2154 5553 Καὶ.ταύ-

585 5561 646 5616 τδ
670 5565 779 5638 γὰρ
813 5568 970 5623 τοῦτο
1007 5574 1097 5626 καὶ
1125 5575 1245 5630 καθ’
1279 5577 1439 5632 ἐαυτὸ
1474 5561 1702 5656 μεγίστη
1729 5561 1861 5658 τιμὴ
1903 5591 1998 5641 ναὶ
2039 5593 2154 5645 στέ-

1317 356 1372 411 S.
1413 355 1695 416 JOAIVNIS
1735 357 2217 420 CHRYSOSTONI
2254 354 2575 414 ARCHIEP.
2616 352 3162 415 CONSTANTINOP.

3739 363 3850 420 600

2283 478 2470 532 φανος,
2499 463 2594 514 καὶ
2630 461 2899 532 βραϐεῖον,
2947 463 3042 514 καὶ
3084 459 3278 530 ἡδονῆς
3311 458 3564 520 ὑπόθεσις
3594 458 3848 530 ἀμαράν·

2276 556 2726 629 του.[588]Χαῖρε
2741 557 3057 613 τοίνυνκαὶ
3072 557 3507 626 σκίρτησον.οὐ
3523 556 3633 626 γάρ
3652 555 3851 626 μικρὸς

2278 648 2461 720 ἆθλος,
2483 652 2618 706 ἀλλά
2649 653 2744 706 καὶ
2771 640 2980 723 σφόδρα
3015 652 3185 723 μέγας
3211 645 3365 715 οὗτος
3393 654 3421 704 6
3450 651 3548 720 τῆς
3575 666 3849 717 συκοφαν-

2276 748 2396 813 τίας
2440 751 2575 812 ἐστὶ,
2605 749 2697 804 καὶ
2731 749 2965 820 μάλιστα
2994 750 3124 803 ὅταν
3174 751 3267 802 ἐπὶ
3307 748 3534 818 τοιούτῳ
3562 747 3788 818 μεγάλῳ
3818 758 3848 788 ι

2275 847 2576 917 ἐγκλήματι
2606 848 2844 917 γίνηται,
2881 846 2966 916 ἐφ’
2995 843 3040 915 ᾧ
3067 846 3163 901 νῦν
3189 847 3337 916 ἡμᾶς
3369 845 3848 914 ἐσυκοφάντησαν,

2271 945 2332 996 ἐν
2349 944 2590 1014 δημοσίῳ
2616 943 2951 1014 δικαστηρίῳ
2981 942 3070 996 τὸν
3098 942 3426 1013 ἐμπρησμὸν
3454 941 3844 1011 ἐγκαλοῦντες.

2271 1039 2360 1092 Διὸ
2413 1039 2508 1093 καὶ
2554 1036 2802 1108 Σολομὼν
2831 1037 2892 1090 τὸ
2917 1037 3088 1109 τραχὺ
3121 1037 3215 1090 τοῦ
3255 1037 3465 1106 ἀγῶνος
3491 1037 3845 1109 παραστῆσαι

2271 1135 2610 1206 βουλόμενος,
2642 1132 2842 1200 Εἶδον,
2882 1135 3036 1204 φησι,
3067 1134 3174 1200 τὰς
3189 1135 3606 1203 συκοφαντίας
3627 1133 3734 1200 τὰς
3755 1150 3848 1202 ται

2265 1230 2524 1300 νομένας
2550 1231 2668 1285 ὑπὸ
2696 1230 2804 1284 τὸν
2826 1229 3025 1298 ἣλιον,
3066 1230 3162 1283 καί
3186 1229 3316 1283 ίδοὺ
3350 1229 3377 1270 δ
3410 1228 3681 1297 δάκρυον
3721 1227 3844 1282 τῶν

2265 1326 2852 1394 συκοφαντουμένων
2874 1366 2889 1391 ,
2935 1326 3032 1380 καί
3065 1329 3176 1381 οὐκ
3217 1321 3298 1395 ἦν
3323 1326 3547 1392 αὐτοὺς
3583 1328 3619 1380 d
3643 1338 3842 1395 παρα·

2261 1421 2489 1477 καλῶν.
2515 1422 2578 1474 Εί
2614 1421 2670 1475 δέ
2711 1422 2885 1492 μέγας
2913 1425 2941 1475 6
2969 1421 3138 1489 ἀγὼν,
3175 1419 3364 1492 ὥσπερ
3390 1416 3485 1476 οὖν
3508 1420 3704 1509 μέγας,
3742 1419 3841 1474 εὐ-

2262 1517 2420 1589 δη).ον
2450 1519 2530 1572 ὄτι
2556 1519 2648 1571 καὶ
2675 1521 2701 1572 6
2725 1519 2973 1588 κείμενος
2997 1519 3089 1572 ἐπὶ
3123 1519 3298 1590 τούτφ
3324 1519 3586 1588 στέφανος
3609 1518 3837 1589 μείζων.

2262 1615 2361 1668 Διά
2392 1613 2549 1668 τοῦτο
2581 1615 2674 1669 καὶ
2711 1617 2738 1668 6
2777 1615 3009 1686 Χριστὸς
3034 1615 3247 1668 κελεύει
3273 1617 3492 1687 χαίρειν·
3527 1616 3624 1670 καὶ
3673 1631 3838 1686 σκιρ-

2259 1713 2360 1782 τᾷν
2387 1713 2513 1775 τοὺς
2535 1710 2722 1766 τοῦτον
2747 1710 3179 1784 ἀγωνιζομένους
3212 1713 3302 1767 τὸν
3331 1713 3522 1783 ἀγῶνα
3565 1713 3705 1785 μετά
3733 1713 3838 1784 τῆς

2259 1807 2642 1878 προσηκούσης
2692 1808 2990 1879 ὑπομονῆς.
3037 1809 3302 1878 Χαίρετε,
3352 1811 3483 1882 γὰρ,
3544 1811 3697 1882 φησὶ,
3730 1807 3837 1864 καὶ

2256 1901 2645 1971 σκιρτήσατε,
2678 1903 2826 1957 ὅταν
2847 1904 3061 1958 εἴπωσι
3077 1902 3204 1960 ,πᾶν
3222 1904 3494 1973 πονηρὸν
3504 1901 3672 1972 ῥῆμα
3695 1899 3833 1959 καθ’

2259 1994 2422 2065 ὑμῶν
2435 1996 2814 2067 ψευδόμενοι,
2841 1997 3052 2053 ἕνεκεν
3061 1998 3230 2068 ἐμοῦ,
3259 1999 3349 2054 ὅτι
3375 2002 3409 2055 ὀ
3422 1998 3642 2069 μισθὸς
3660 1996 3835 2069 ὑμῶν

2248 2093 2448 2159 πολὺς
2476 2092 2547 2146 ἐν
2569 2092 2694 2159 τοῖς
2722 2092 3021 2161 οὐρανοῖς.
3063 2094 3229 2166 Ὁρᾷς
3267 2097 3441 2167 πόσης
3467 2097 3658 2168 ἡδονῆς
3679 2135 3696 2160 ,
3726 2097 3834 2150 πό-

2257 2204 2349 2240 σου
2371 2186 2585 2255 μισθοῦ,
2612 2188 2784 2258 πόσης
2803 2188 3142 2261 εὐφροσύνης
3161 2191 3290 2261 ἡμῖν
3308 2190 3472 2244 αῐτιοι
3499 2193 3550 2244 οἱ
3571 2192 3829 2262 πολέμιοι

2231 2281 2494 2351 γίνονται
2520 2299 2534 2348 ;
2563 2283 2686 2346 Πῶς
2709 2279 2801 2337 οὖν
2830 2286 2930 2337 οὐκ
2957 2284 3157 2339 ἄτοπον
3175 2325 3190 2348 ,
3217 2285 3252 2339 ἀ
3288 2286 3363 2356 μὴ
3385 2287 3734 2358 ἡδυνήθησάν
3766 2304 3830 2341 σε

2253 2377 2585 2448 ἐργάσασθαι
2640 2379 2836 2432 ἐκεῖνοι
2883 2381 3050 2442 κακά,
3085 2381 3200 2433 ἀλλ’
3230 2373 3306 2436 ὧν
3359 2382 3428 2435 τὰ
3473 2383 3690 2438 ἐναντία
3730 2401 3831 2438 πε-

2253 2474 2533 2544 ποιήκασι,
2563 2474 2737 2529 ταῦτα
2809 2479 2978 2546 σαυτῇ
3035 2477 3366 2542 διατιθέναι;
3401 2478 3465 2531 Τί
3521 2479 3576 2532 δέ
3619 2481 3770 2533 ἐστιν
3797 2481 3831 2534 ὃ

2251 2584 2396 2638 φημι
2421 2585 2435 2632 ;
2480 2569 2706 2622 Ἐκεῖνοι
2735 2569 2834 2638 μὲν
2855 2571 2914 2623 οὐ
2947 2572 3105 2640 μόνον
3125 2590 3181 2624 σε
3210 2572 3364 2644 δίκην
3395 2574 3698 2644 ἀπαιτῆσαι
3723 2575 3829 2630 οὐκ

2253 2663 2499 2732 ἴσχυσαν,
2515 2663 2647 2717 ἀλλὰ
2665 2666 2756 2717 καὶ
2774 2666 3031 2737 ἀφορμήν
3064 2685 3146 2721 σοι
3171 2668 3445 2740 παρέσχον
3461 2671 3826 2740 εὐφροσύνης,

2251 2761 2346 2814 καὶ
2377 2762 2566 2831 ἡδονῆς
2587 2762 2844 2817 ὑπόθεσιν
2875 2766 3191 2836 ἀμαράντου
3217 2783 3228 2794 ·
3262 2768 3325 2820 σύ
3359 2768 3416 2821 δέ
3447 2769 3589 2823 οὑτω
3616 2773 3828 2843 σαυτὴν

2250 2855 2642 2910 κατατείνουσα
2676 2857 2781 2911 ὑπὸ
2833 2860 2932 2928 τῆς
2959 2861 3220 2931 ἀθυμίας,
3242 2862 3395 2934 δίκην
3426 2865 3830 2935 σαυτήνάπαι-

2249 2955 2382 3016 τεῖς,
2415 2953 2775 3024 συγχεομένη,
2803 2957 3202 3028 ταραττομένη,
3229 2959 3430 3030 πολλῆς
3459 2961 3825 3035 πληρουμένη

2249 3047 2444 3120 λύε-ης.
2464 3048 2649 3104 Ταῦτα
2669 3049 2779 3120 γὰρ
2810 3051 3052 3115 ἐκείνους
3081 3052 3187 3107 ἔδει
3208 3057 3401 3120 ποιεῖν,
3425 3056 3540 3124 είγε
3569 3055 3667 3126 ὀψὲ
3688 3057 3826 3126 γοῦν

2248 3160 2378 3197 ποτε
2409 3145 2476 3198 τὰ
2491 3146 2664 3199 οίκεῖα
2694 3143 3078 3220 ἠϐουλήθησαν
3097 3148 3392 3216 ἐπιγνῶναι
3409 3152 3574 3208 κακά.
3594 3154 3827 3207 Ἐκεῖνοι

2247 3236 2465 3290 πενθεῖν
2493 3239 2691 3293 δίκαιοι
2731 3241 2799 3295 ἂν
2831 3238 2940 3296 εἷεν
2975 3239 3068 3295 νῦν
3088 3283 3103 3307 ,
3143 3243 3360 3314 θρηνεῖν
3386 3284 3400 3308 ,
3432 3246 3825 3312 καταδύεσθαι,

2249 3334 2706 3400 ἐγκαλύπτεσθαι,
2760 3338 3194 3408 κατορωρύχθαι,
3226 3340 3361 3410 μηδὲ
3398 3339 3489 3392 τὸν
3513 3341 3664 3411 ήλιον
3691 3342 3823 3396 τοῦ⁸

2245 3444 2338 3481 τον
2360 3431 2512 3500 όρᾷν,
2540 3430 2653 3483 ἀλλ’
2685 3433 2742 3484 ἐν
2778 3435 2954 3503 σκότῳ
2979 3451 3080 3486 που
3105 3436 3564 3502 κατακλείσαντες
3593 3439 3828 3508 ἑαυτοὺς

2247 3523 2316 3575 τά
2340 3539 2398 3575 τε
2422 3526 2596 3578 οἰκεῖα
2616 3526 2832 3596 θρηνεῖν
2858 3528 3028 3592 κακά,
3060 3531 3154 3583 καὶ
3176 3524 3256 3592 οἷς
3287 3532 3554 3596 τοσαύτας
3587 3534 3826 3606 Ἐκκλη-

2247 3618 2370 3683 σίας
2405 3620 2721 3690 περιέϐαλον
2753 3637 2766 3652 ’
2805 3621 2864 3675 σέ
2888 3623 2942 3675 δέ
2965 3623 3291 3690 ἀγάλλεσθαι
3317 3626 3412 3679 καὶ
3443 3628 3658 3698 χαίρειν
3689 3631 3824 3701 χρὴ,

2247 3710 2329 3764 δτι
2356 3711 2417 3764 τὺ
2447 3713 2743 3782 κεφάλαιόν
2777 3731 2859 3766 σοι
2886 3715 2994 3768 τῶν
3016 3715 3224 3786 ἀρετῶν
3248 3719 3625 3790 κατώρθωται.
3652 3719 3828 3778 Οἶσθα

2249 3806 2378 3876 γὰρ,
2409 3803 2562 3861 οἶσθα
2588 3807 2793 3876 σαφῶς,
2819 3809 2899 3873 ὅτι
2917 3810 3195 3882 ὑπομονῆς
3218 3813 3328 3866 ἴσον
3351 3815 3525 3882 οὐδὲν,
3547 3817 3663 3870 ἀλλ’
3680 3819 3825 3892 αὕτη

2252 3901 2487 3974 μάλιστά
2515 3905 2663 3959 ἐστιν
2693 3906 2726 3975 ἡ
2757 3905 2964 3976 βασιλὶς
2992 3907 3101 3960 τῶν
3122 3909 3354 3979 ἀρετῶν,
3380 3911 3409 3964 6
3427 3912 3680 3984 θεμέλιος
3709 3916 3825 3971 τῶν

2250 3999 2690 4069 κατορθωμάτων
2713 4041 2728 4064 ,
2765 4000 2929 4073 λιμὴν
2959 4003 2987 4056 ό
3011 4003 3325 4074 ἀκύμαντος
3345 4047 3360 4071 ,
3394 4009 3438 4078 ἡ¹
3460 4010 3519 4061 ἐν
3561 4010 3825 4081 πολέμοις

2247 4095 2460 4164 εἰρήνη,
2498 4095 2530 4164 ὴ
2563 4098 2622 4149 ἐν
2638 4094 2866 4150 κλύδωνι
2898 4099 3130 4170 γαλήνη,
3161 4102 3196 4172 ἡ
3223 4102 3280 4154 ἐν
3303 4103 3618 4168 ἐπιϐουλαῖς
3646 4107 3825 4177 ἀσφά·

2246 4189 2385 4254 λεια,
2421 4193 2454 4260 ή
2487 4191 2580 4245 τὸν
2624 4179 3027 4264 κατωρθωκότα
3057 4196 3228 4267 αὐτὴν
3259 4197 3567 4269 ἀδάμαντος
3590 4203 3825 4274 στερρό-

2244 4302 2399 4356 τερον
2436 4285 2687 4351 ποιοῦσα,
2718 4289 2783 4358 ἦν
2821 4288 2921 4358 οὐχ
2967 4289 3110 4344 ὅπλα
3142 4291 3469 4362 κινούμενα,
3502 4296 3561 4348 οὐ
3589 4298 3821 4368 στρατό-

2245 4380 2380 4434 πεδα
2413 4383 2887 4453 παραταττόμενα,
2911 4386 2972 4437 οὐ
3009 4389 3386 4458 μηχανήματα
3407 4393 3818 4462 προσαγόμενα,

2241 4475 2303 4528 οὐ
2341 4474 2493 4540 τόξα,
2542 4477 2603 4530 οὐ
2655 4477 2858 4554 δόρατα
2890 4479 3178 4551 ἀφιέμενα,
3210 4485 3310 4537 οὐκ
3331 4486 3462 4559 αὐτὸ
3483 4486 3594 4539 ’τῶν
3623 4489 3821 4559 δαιμό-

2243 4587 2347 4624 νων
2378 4571 2440 4624 τὺ
2467 4573 2846 4641 στρατόπεδον,
2875 4575 2972 4644 οὐχ
2994 4577 3049 4630 αί
3081 4579 3308 4650 φοϐεραὶ
3337 4556 3620 4652 φάλαγγες
3652 4596 3674 4624 ο
3708 4556 3820 4640 τῶν

2243 4666 2633 4736 ἀντικειμένων
2657 4667 2968 4738 δυνάμεων,
3003 4674 3102 4726 οὐκ
3126 4675 3285 4739 αὐτὸς
3312 4680 3340 4730 6
3370 4678 3636 4746 διάϐολος,
3679 4685 3822 4753 μετά

2243 4760 2425 4830 πάσης
2454 4759 2618 4814 αὐτοῦ
2649 4766 3128 4836 παραταττόμενος
3163 4769 3263 4840 τῆς
3291 4776 3553 4842 στρατιᾶς
3581 4780 3678 4831 καὶ
3716 4781 3817 4850 τῆς

2244 4858 2511 4928 μηχανῆς*
2533 4860 2883 4930 παραδλάψαι
2911 4863 3217 4932 δυνήσεται.
3244 4867 3308 4920 Τί
3333 4869 3511 4924 τοίνυν
3536 4870 3818 4940 δέδοικαςς

2242 4952 2383 5015 τίνος
2410 4952 2594 5007 ἕνεκεν
2627 4955 2842 5024 ἀλγεῖς,
2877 4959 2972 5012 καὶ
3016 4961 3180 5014 αὐτοῦ
3212 4963 3309 5017 τοῦ
3336 4963 3438 5035 ζῇν
3473 4966 3820 5038 μελετήσασα

2245 5053 2627 5121 καταφρονεῖν,
2657 5053 2723 5123 ἣν
2754 5054 2943 5125 καιρὸς
2961 5056 3100 5128 καλῇ
3122 5075 3136 5124 ;
3181 5059 3341 5113 Ἀλλὰ
3360 5061 3513 5116 λύσιν
3531 5064 3815 5136 ἐπιθυμεῖς

2252 5146 2382 5201 ἰδεῖν
2407 5146 2515 5199 τῶν
2544 5150 2880 5219 κατεχόντων
2907 5153 3113 5210 κακῶν.
3151 5155 3341 5211 Ἔσται
3372 5159 3466 5212 καὶ
3494 5159 3653 5214 τοῦτο
3672 5205 3686 5226 ,
3725 5165 3812 5218 καὶ

2307 5482 2335 5563 ἒ
2356 5481 2730 5563 3.139%“!
2743 5483 2804 5563 ,ίει
2827 5488 3062 5563 Nam.
3086 5493 3354 5563 mss-Jb“.
3394 5497 3466 5560 ἀφ’
3487 5499 3528 5562 ᾧ
3555 5498 3634 5548 νῦν
3653 5504 3799 5563 ἡμᾶς.

2305 5542 2336 5608 ιι
2356 5536 2481 5608 Ῑτέε
2500 5536 2616 5594 nisa.
2643 5549 2723 5595 καὶ
2743 5536 3289 5608 Redibit—£3355.

2305 5607 2332 5636 ε
2360 5604 2486 5656 Tres
2507 5619 2623 5658 mss.
2646 5610 2694 5656 αῖ
2718 5611 2906 5679 ξυναὶ
2922 5614 3172 5679 “Qu-nu.
