4078 6426
211 414 318 470 6υῆ

214 539 349 580 tttnn
381 523 657 590 voluptate
680 558 694 583 ,
733 512 824 569 sed
854 511 920 565 ab
950 509 1061 578 ipsa
1096 519 1270 558 l‘Cl'lllll
1305 509 1490 553 natura
1523 492 1810 564 proferam.

207 611 663 686 Quandoquidem
692 607 848 660 etiam
873 601 1099 659 adulter,
1132 596 1276 665 prius
1297 605 1456 661 qnam
1481 599 1665 658 punias
1687 598 1820 653 pen-

207 677 324 771 dat,
357 709 411 760 in
438 677 560 774 ipso
587 702 745 756 etiam
773 693 1017 750 adulterii
1049 703 1211 757 opere
1240 685 1477 755 punitur,
1501 677 1711 734 etiamsi
1730 689 1824 730 vo-

209 805 418 871 luptate
453 771 592 850 afﬁci
623 809 680 848 se
710 791 996 844 arbitretur
1021 825 1036 849 ,
1068 784 1195 837 dum
1229 778 1467 850 pejorem
1494 788 1558 828 ac
1587 771 1822 827 scelera-

209 865 412 948 tiorem
461 890 696 944 animam
736 882 929 938 reddit.
973 877 1211 934 Sicarius
1261 875 1384 927 item
1412 912 1428 938 ,
1475 867 1622 938 prius
1660 865 1823 920 etiam

209 1000 375 1046 quam
410 981 647 1038 tribunal
675 992 739 1032 ac
770 983 1065 1045 praeacutos
1092 967 1297 1040 gladius
1324 961 1635 1034 prospiciat,
1666 967 1826 1026 atque

211 1076 582 1129 admissorum
613 1068 877 1123 scelerum
909 1076 1094 1133 ptenas
1124 1058 1241 1122 det,
1261 1056 1325 1109 in
1358 1053 1474 1122 ipso
1500 1049 1664 1106 caidis
1692 1046 1826 1102 faci-

215 1180 348 1220 nore
375 1163 560 1233 periit,
590 1169 646 1214 ut
672 1157 762 1227 qui
787 1156 947 1211 etiam
977 1154 1090 1222 ipse
1110 1145 1432 1204 deteriorem
1460 1142 1562 1197 sibi
1587 1139 1689 1210 ipsi
1710 1137 1828 1192 ani-

217 1273 361 1312 niam
393 1253 659 1311 effecerit.
705 1247 968 1318 Quodque
994 1245 1047 1299 in
1083 1253 1311 1312 corpore
1339 1235 1561 1291 morbus
1589 1242 1672 1288 est
1695 1273 1710 1298 ,
1737 1238 1829 1286 aut

221 1350 412 1415 febris,
431 1357 523 1401 aut
540 1341 865 1416 hydropisis,
889 1346 980 1392 aut
999 1333 1145 1390 aliud
1169 1327 1432 1401 ejusmodi
1455 1324 1747 1416 quidpiam,
1775 1330 1830 1376 et

221 1443 276 1496 in
306 1441 456 1494 ferro
476 1415 686 1504 rubigo,
718 1441 772 1487 et
793 1433 844 1485 in
866 1431 986 1484 lana
1016 1427 1179 1490 tinea,
1208 1421 1338 1478 etin
1362 1420 1507 1489 ligno
1533 1415 1752 1479 vermis,
1776 1420 1832 1467 et

224 1535 277 1588 in
313 1529 571 1586 cornibus
611 1529 759 1596 ipes,
802 1521 980 1576 hocin
1005 1517 1185 1572 anima
1221 1512 1408 1567 vitium
1436 1517 1537 1565 est.
1569 1504 1829 1562 Servilem

223 1626 368 1680 enim
408 1633 572 1690 atque
610 1619 903 1686 subjectam
933 1620 988 1667 et
1017 1606 1286 1664 sordidam
1315 1619 1432 1659 eam
1464 1600 1672 1663 reddit;
1704 1597 1831 1668 quid

226 1727 406 1770 autem
439 1712 688 1768 servilem
711 1720 764 1763 ct
779 1703 1050 1761 sordidam
1076 1698 1231 1755 dico?
1263 1693 1562 1752 Brutorum
1582 1707 1700 1748 eam
1728 1690 1834 1744 ani-

228 1825 370 1866 tnam
401 1807 589 1871 efﬁcit,
616 1805 758 1857 illam
787 1812 979 1867 nempe
1001 1795 1129 1864 lupi,
1156 1793 1300 1846 illam
1330 1789 1508 1851 canis,
1541 1785 1683 1839 illam
1713 1797 1833 1838 ser-

231 1900 425 1971 pentis,
453 1898 594 1949 illam
627 1894 842 1962 vipcrm,
864 1889 1008 1943 illam
1037 1882 1334 1954 cujuSpiam
1355 1879 1492 1934 alius
1519 1876 1725 1931 bestiae.
1753 1873 1839 1928 ld-

229 1967 334 2061 que
357 2000 413 2043 ut
435 1986 728 2041 indicarent
746 1983 1039 2053 prophetae,
1065 1971 1522 2040 mutationemque
1545 1983 1610 2023 ex
1639 1967 1834 2034 impro-

229 2057 397 2138 bitate
412 2086 743 2134 contractam
774 2070 1021 2126 omnibus
1046 2066 1389 2135 conspicuam
1418 2064 1669 2122 facerent,
1701 2057 1838 2110 alius

229 2173 444 2229 dicebat
466 2187 480 2222 :
511 2169 672 2223 Canes
690 2167 834 2228 muti,
855 2178 957 2216 non
983 2159 1204 2214 valentes
1233 2150 1489 2220 latrare(l
1497 2151 1592 2205 sai.
1611 2148 1699 2205 56.
1722 2146 1835 2215 l0),

230 2264 491 2322 subdolos
518 2261 744 2324 scilicet,
774 2272 836 2311 ac
859 2263 1193 2309 veteratores
1216 2248 1486 2310 homines,
1509 2245 1732 2312 aliisque
1759 2241 1842 2294 in-

231 2361 397 2416 sidias
416 2359 554 2414 clam
583 2362 853 2410 struentes
876 2347 1073 2404 rabidis
1099 2343 1322 2400 canibus
1349 2352 1689 2408 comparans.
1723 2334 1839 2389 Non

234 2454 380 2510 enim
411 2451 508 2515 illi,
537 2464 658 2504 cuni
687 2445 834 2499 rabie
869 2441 1149 2503 laborant,
1183 2437 1440 2491 latrantes
1465 2433 1723 2500 impetum
1760 2427 1838 2480 fa-

231 2549 421 2613 ciunt,
452 2542 546 2599 sed
589 2553 901 2607 compresso
944 2535 1184 2587 clamore
1222 2527 1541 2583 accedentes
1566 2564 1581 2587 ,
1628 2521 1843 2592 gravius

233 2652 394 2709 quam
429 2636 466 2689 ii
507 2633 598 2704 qui
641 2632 878 2694 latrant,
922 2641 1016 2681 cos
1060 2635 1196 2693 quos
1241 2621 1489 2673 mordent
1531 2615 1838 2668 vulnerant.

231 2704 386 2785 ﬁlius
417 2739 630 2780 rursum
671 2720 938 2777 cornicem
970 2717 1041 2787 (α)
1072 2713 1320 2767 homines
1354 2707 1614 2780 quosdam
1646 2704 1835 2774 appel-

232 2821 378 2876 labat
409 2817 544 2887 (Jer.
586 2816 640 2867 3.
685 2813 765 2881 εξ).
809 2809 960 2863 Alius
996 2809 1121 2861 item
1169 2804 1384 2858 aiebat:
1417 2799 1588 2854 illomo
1631 2814 1746 2850 cum
1791 2796 1846 2849 in

234 2913 427 2966 [sonore
461 2916 623 2970 esset,
665 2921 764 2957 non
794 2900 1043 2955 intellexit
1075 2914 1093 2951 :
1124 2904 1451 2965 comparatus
1496 2900 1568 2945 est
1596 2888 1846 2960 jumentis

233 3004 594 3075 insipientibus
613 3043 629 3066 ,
660 3009 703 3053 et
734 2997 914 3052 similis
945 2997 1112 3066 {actus
1141 3001 1214 3046 est
1240 2991 1345 3044 illis
1396 2987 1568 3060 (Psal.
1608 2986 1698 3040 48.
1733 2985 1842 3056 13).

233 3099 286 3154 Is
311 3097 547 3166 denique
567 3095 655 3164 qui
689 3092 966 3162 plusquam
995 3086 1256 3157 propheta
1283 3093 1437 3150 erat,
1470 3083 1516 3137 is
1538 3125 1550 3146 ,
1582 3081 1797 3151 inquam
1826 3121 1843 3147 ,

234 3189 444 3246 sterilis
475 3187 638 3251 ﬁlius,
667 3184 732 3238 ad
762 3182 1050 3238 Jordanem
1081 3188 1260 3240 Stans,
1296 3184 1576 3244 serpentes
1598 3187 1661 3227 ac
1692 3172 1845 3242 vipe-

232 3295 416 3336 rarum
441 3276 750 3348 progeniem
773 3270 1033 3344 quosdam
1063 3266 1424 3336 nuncupabat.
1449 3263 1714 3330 Quidnam
1740 3260 1842 3332 igi-

235 3383 325 3426 tur
354 3370 482 3425 huic
510 3367 774 3439 supplicio
803 3380 896 3434 par
921 3376 1042 3416 esse
1071 3368 1266 3430 queat,
1309 3371 1432 3412 eum
1475 3357 1518 3410 is
1550 3355 1639 3425 qui
1667 3355 1735 3408 ad
1763 3355 1846 3409 di-

236 3464 420 3518 vinam
449 3459 738 3530 imaginem
783 3455 1033 3510 conditus
1053 3494 1067 3518 ,
1100 3459 1353 3520 tantoque
1392 3449 1600 3504 honore
1624 3457 1847 3502 ornatus

232 3566 334 3623 est,
371 3554 503 3609 illud
527 3595 542 3618 ,
575 3553 788 3622 inquam
816 3592 830 3614 ,
860 3549 1068 3601 ratione
1093 3559 1156 3598 ac
1182 3557 1390 3598 summa
1430 3539 1845 3595 mansuetudine

233 3646 522 3719 prmditum
549 3642 773 3704 animal,
810 3640 862 3693 in
897 3646 1100 3691 tantam
1133 3635 1398 3688 feritatem
1431 3629 1774 3700 prolabitur?

307 3741 365 3794 4.
399 3736 593 3791 Vidisti
620 3731 891 3804 quomodo
919 3730 1082 3783 etiam
1120 3733 1245 3779 ante
1275 3722 1596 3792 supplicium
1645 3721 1848 3790 impro-

231 3832 373 3888 bitas
399 3829 451 3882 in
474 3827 649 3896 seipsa
672 3835 886 3893 poenam
913 3816 1147 3873 habeat?
1181 3812 1423 3884 lntellige
1447 3826 1589 3866 nunc
1609 3825 1845 3879 quonam

234 3934 393 3995 paeto
423 3922 622 3984 virtus,
655 3917 817 3972 etiam
844 3923 968 3968 ante
997 3910 1215 3982 praemia
1238 3949 1257 3976 ,
1285 3909 1398 3978 ipsa
1427 3905 1528 3960 sibi
1562 3906 1844 3975 prtemium

233 4017 325 4070 sit.
357 4013 425 4069 Ut
447 4012 590 4067 enim
624 4011 674 4063 in
697 4021 957 4076 corpore;
983 4002 1056 4056 nil
1087 4002 1229 4057 enim
1255 3998 1529 4070 prohibet,
1557 3997 1844 4066 quominus

233 4105 426 4160 eodem
451 4115 640 4155 rursus
661 4097 928 4165 exemplo,
959 4092 1103 4163 quod
1129 4089 1526 4161 perspicuitatis
1553 4088 1842 4158 plurimum

233 4195 412 4260 all‘crt,
445 4203 694 4255 utamur;
726 4199 804 4254 ut,
846 4189 1084 4257 inquam,
1124 4185 1176 4239 in
1205 4198 1462 4252 corpore,
1494 4183 1538 4235 is
1565 4182 1653 4251 qui
1681 4195 1845 4235 sanus

234 4299 357 4352 est,
399 4300 463 4339 ac
507 4283 664 4338 ﬁrma
707 4279 1013 4335 valetudine
1048 4275 1340 4346 praeditus,
1382 4285 1548 4343 atque
1587 4273 1654 4327 ab
1695 4275 1842 4328 omni

235 4378 429 4435 morbo
455 4377 666 4432 alienus
689 4415 705 4440 ,
737 4372 899 4431 etiam
930 4380 1056 4425 ante
1085 4369 1310 4424 delicias
1340 4367 1443 4423 hoc
1476 4368 1591 4436 ipso
1624 4368 1842 4421 nomine

234 4473 290 4528 in
315 4469 520 4526 deliciis
546 4477 665 4535 est,
699 4474 885 4536 utpote
925 4463 1017 4534 qui
1057 4461 1400 4532 coniunctam
1446 4474 1567 4514 cum
1614 4459 1842 4514 sanitate

238 4563 565 4633 voluptatem
594 4559 811 4623 habeat,
845 4567 1005 4626 atque
1034 4554 1104 4608 ita
1131 4561 1477 4622 comparatus
1505 4553 1574 4606 sit
1601 4594 1616 4616 ,
1655 4561 1714 4606 ut
1743 4566 1842 4606 uec

237 4655 382 4710 acris
407 4653 661 4717 varietas,
690 4664 792 4705 nec
815 4658 1008 4711 testas,
1037 4660 1138 4700 nec
1164 4644 1335 4712 algor,
1370 4659 1469 4698 nec
1501 4659 1702 4699 menste
1732 4645 1843 4698 vili-

240 4757 319 4801 tas
339 4785 355 4810 ,
388 4759 489 4799 nec
508 4742 798 4813 quidquam
827 4738 973 4793 aliud
1002 4735 1267 4806 ejusmodi
1295 4734 1599 4789 molestiam
1634 4735 1732 4804 ipsi
1766 4735 1841 4789 al-

238 4841 384 4894 fcrre
428 4836 617 4906 possit,
659 4831 808 4902 quod
853 4830 1105 4886 videlicet
1153 4827 1358 4883 sanitas
1399 4826 1500 4892 iis,
1547 4841 1668 4895 qua:
1715 4826 1840 4882 inde

234 4930 520 4991 oriuntur,
563 4923 901 4980 detrimentis
946 4919 1324 4991 propulsandis
1364 4932 1461 4986 par
1502 4917 1570 4971 sit
1603 4935 1616 4972 :
1646 4917 1838 4972 eodem

235 5019 398 5073 modo
423 5019 474 5070 in
497 5018 673 5070 anima
695 5027 907 5084 quoque
934 5028 1031 5065 usu
1063 5011 1248 5065 venire
1276 5009 1577 5062 consuevit.
1609 5011 1689 5062 Ac
1715 5023 1840 5078 pro-

230 5125 418 5182 pterea
461 5109 658 5164 Paulus
699 5109 860 5163 etiam
892 5121 1012 5159 eum
1041 5104 1220 5173 ﬂagris
1245 5102 1543 5157 crederetur
1567 5143 1580 5166 ,
1611 5117 1836 5157 vexare-

237 5214 344 5267 tur,
377 5200 675 5255 innumeris
699 5199 853 5252 malis
879 5197 1204 5260 afﬁceretur,
1234 5193 1518 5264 gaudebat,
1553 5193 1636 5246 his
1656 5193 1836 5247 verbis

238 5303 421 5356 utens,
457 5291 667 5346 Gaudeo
694 5292 748 5342 in
788 5289 1102 5358 passionibus
1147 5287 1268 5340 meis
1311 5301 1403 5354 pro
1433 5284 1570 5337 vobis
1602 5283 1735 5354 (Col.
1783 5286 1832 5337 Ι.

231 5385 352 5456 ‘24).
385 5384 501 5439 Non
529 5382 711 5445 modo,
752 5382 969 5450 inquam
994 5420 1010 5445 ,
1043 5379 1093 5431 in
1136 5378 1391 5431 etelorum
1440 5389 1606 5444 regno
1652 5374 1834 5429 virtuti

235 5478 511 5548 praemium
540 5485 782 5546 paratum
811 5483 932 5539 est,
964 5471 1059 5526 sed
1099 5470 1261 5526 etiam
1303 5470 1355 5522 in
1397 5469 1509 5536 ipsa
1555 5467 1832 5521 calamita-

230 5581 344 5626 tum
387 5570 766 5638 perpessione;
811 5561 1244 5636 quandoquidem
1293 5558 1432 5614 istud
1477 5573 1690 5628 quoque
1718 5573 1835 5610 am-

290 5683 366 5797 (ia)
400 5681 738 5731 \‘erisimiliter
762 5681 810 5727 iu
833 5687 1003 5729 mente
1026 5677 1197 5726 habuit
1227 5676 1358 5724 hunc
1401 5673 1559 5723 locum
1583 5674 1829 5728 Jeremite,

358 5758 372 5794 :
405 5754 458 5794 tn
476 5745 561 5794 riis
583 5742 752 5794 sedisti
774 5742 897 5791 sicut
920 5740 1092 5790 cornix
1128 5739 1379 5796 desolata;
1413 5734 1491 5785 vel
1517 5742 1677 5797 certe,
1702 5734 1829 5797 quod

227 5750 274 5798 5.
296 5734 331 5797 ἰ
346 5734 372 5794 ἐ
405 5754 458 5794 tn
476 5745 561 5794 riis
583 5742 752 5794 sedisti
774 5742 897 5791 sicut
920 5740 1092 5790 cornix
1128 5739 1379 5796 desolata;
1413 5734 1491 5798 vel
1510 5742 1677 5798 certe,
1702 5734 1832 5798 quod

231 5794 401 5878 estita
421 5808 564 5878 epist.
591 5814 779 5878 J_e_rem_._
799 5819 845 5852 v.
870 5800 1102 5878 a4,_sicttt
1135 5799 1264 5850 enim
1303 5794 1564 5851 cornicula:
1586 5795 1636 5847 in
1672 5794 1832 5846 medio

225 5869 336 5922 Caeli
358 5877 402 5921 α
422 5875 590 5921 lt'mt.
615 5874 726 5918 llaec
749 5873 920 5916 Fronto
943 5871 1162 5914 vitemus.

1691 370 2070 432 EPISTULA}.

3444 345 3545 403 (506

1933 506 2156 578 plissitni
2188 503 2390 574 praemii
2421 500 2590 556 instar
2616 505 2719 558 csl,
2746 508 2940 562 nempe
2968 505 3063 562 pro
3087 487 3314 546 veritate
3334 483 3536 540 incom-

1930 573 2092 653 inodo
2123 573 2302 664 aliquo
2344 592 2509 647 afﬁci.
2551 589 2635 645 0b
2660 600 2889 656 eamque
2919 597 3147 639 causam
3169 573 3557 664 apostolorum:

1929 690 2130 744 chorus
2158 704 2188 743 e
2214 685 2524 742 Judaeorum
2555 680 2784 737 concilio
2829 679 2982 733 laetus
3031 673 3230 737 rediit,
3280 686 3387 727 non
3423 650 3562 723 πίω-³

1932 791 2042 835 tum
2073 781 2144 834 ob
2170 793 2392 850 regnum
2440 774 2697 832 cmlorum
2731 814 2746 838 ,
2779 771 2876 826 sed
2918 768 3038 838 quia
3074 765 3220 837 digni
3253 764 3419 820 habiti
3467 761 3542 814 fa-

1930 883 2088 929 erant
2134 887 2230 942 pro
2278 870 2498 925 nomine
2539 866 2666 922 Jesu
2716 861 3097 918 contumeliam
3147 859 3254 929 pati
3298 855 3437 931 (Act.
3487 853 3542 906 5.

1930 962 2047 1036 Η).
2086 962 2217 1018 Nam
2248 970 2303 1018 et
2331 960 2436 1017 hoc
2462 960 2638 1028 ipsum
2670 971 2765 1027 per
2794 969 2853 1009 se
2879 951 3244 1022 amplissimus
3268 948 3463 1012 honor,
3488 953 3543 998 et

1930 1073 2152 1123 corona,
2176 1065 2232 1112 et
2262 1054 2542 1124 prteinium
2562 1059 2663 1116 est,
2688 1047 3083 1114 voluptatisque
3112 1050 3388 1112 perpetua:
3418 1053 3503 1093 ma
3521 1066 3540 1075 -

1932 1150 2087 1205 teria.
2116 1147 2303 1203 Gaude
2329 1146 2488 1216 igitur
2514 1153 2568 1199 et
2593 1142 2823 1196 cxsulta.
2857 1137 2972 1192 Non
2999 1136 3142 1191 enim
3173 1147 3419 1204 parvum,
3449 1130 3546 1185 se.l

1933 1253 2190 1312 perquam
2218 1239 2402 1307 ingens
2418 1236 2521 1290 hoc
2541 1241 2812 1288 certamen
2834 1239 2934 1294 est,
2958 1227 3207 1281 nimirum
3230 1222 3516 1279 calumnia:
3538 1239 3549 1275 :

1934 1349 1996 1386 ac
2028 1330 2327 1402 praesertim
2379 1342 2500 1381 cum
2548 1325 2616 1379 ob
2671 1335 2776 1377 tam
2811 1323 2998 1392 ingens
3045 1318 3249 1373 crimen
3303 1316 3555 1379 exsistit,

1935 1421 2237 1493 cujusmodi
2286 1434 2429 1474 nunc
2457 1412 2610 1474 nobis
2643 1417 2656 1447 ¹
2691 1413 3032 1476 afﬁuxerunt,
3068 1412 3119 1466 in
3152 1409 3367 1481 publico
3397 1409 3556 1464 nitui-

1936 1529 2055 1570 rum
2102 1512 2354 1568 tribunali
2383 1511 2538 1565 nobis
2566 1508 2871 1564 inccndimn
2903 1505 3235 1576 objicientes.
3279 1502 3559 1570 Quamob-

1936 1622 2051 1663 rem
2104 1606 2266 1661 etiam
2319 1603 2572 1659 Salomon
2628 1599 2938 1657 certaminis
2991 1597 3150 1668 hujus
3219 1597 3558 1653 atrocitatem

1937 1699 2212 1755 declarare
2251 1697 2497 1767 cupiens,
2544 1694 2681 1761 Vidi,
2733 1694 2924 1763 inquit,
2956 1690 3240 1744 calumnias
3283 1705 3404 1760 qua:
3429 1690 3560 1758 ﬁunt

1937 1790 2028 1846 sub
2049 1790 2175 1852 sole,
2206 1798 2253 1844 et
2283 1805 2397 1842 ecce
2423 1789 2676 1857 lacrymas
2697 1802 2873 1840 eorum
2897 1783 2985 1854 qui
3012 1783 3282 1837 calumniis
3306 1785 3562 1853 impetitu-

1941 1893 2044 1950 tur,
2067 1893 2113 1936 et
2145 1899 2246 1936 non
2273 1891 2382 1934 erat
2411 1881 2499 1952 qui
2519 1897 2602 1933 eos
2623 1877 2974 1933 consolaretur
2994 1873 3192 1946 (Eccle.
3216 1875 3267 1930 4.
3302 1875 3381 1945 1).
3407 1873 3566 1942 Quod

1941 1975 1987 2030 si
2017 1988 2266 2043 magnum
2299 1981 2571 2026 certamen
2601 1979 2705 2036 est,
2741 1978 2798 2022 ut
2828 1982 3015 2023 revera
3045 1974 3147 2030 est,
3193 1967 3360 2036 liquet
3385 1967 3564 2036 prole-

1941 2078 2030 2122 cto
2063 2066 2324 2138 majorem
2354 2079 2570 2136 quoque
2611 2077 2868 2118 coronam
2915 2060 3016 2130 ipsi
3042 2060 3390 2114 constitutam
3420 2073 3562 2114 esse.

1950 2161 2028 2216 Ac
2060 2167 2343 2230 propterea
2371 2157 2619 2212 Christus
2644 2169 2739 2210 cos
2765 2151 3000 2224 gaudere
3022 2161 3077 2207 et
3098 2149 3563 2220 exsultarcjuiiet,

1944 2252 2036 2320 qui
2095 2265 2221 2306 cum
2278 2264 2341 2304 ea
2399 2263 2502 2319 qua
2551 2262 2648 2317 par
2703 2256 2786 2301 est
2832 2245 3087 2315 patientia
3121 2244 3223 2299 hoc
3270 2243 3566 2298 certamine

1950 2345 2264 2416 funguntur.
2300 2342 2526 2397 Gaudete
2554 2341 2721 2405 cnitn,
2749 2339 2940 2408 inquit,
2974 2347 3021 2392 et
3051 2337 3320 2400 exsultate,
3350 2353 3467 2390 cum
3489 2337 3542 2388 di

1944 2437 2112 2491 πενίη(
2140 2437 2343 2490 verbum
2389 2451 2536 2489 amne
2569 2434 2761 2486 malum
2801 2431 3073 2486 adversum
3111 2446 3196 2484 vos
3234 2431 3559 2494 mentientes,

1947 2539 2152 2601 prapter
2178 2545 2275 2594 me,
2323 2527 2563 2597 quoniam
2595 2541 2780 2580 merces
2818 2534 2981 2578 vestra
3005 2523 3210 2592 capiosa
3240 2531 3315 2578 est
3352 2523 3405 2576 in
3433 2520 3571 2574 aclis

1949 2619 2166 2692 (Matth.
2223 2619 2276 2673 5.
2310 2621 2395 2673 ll.
2451 2617 2562 2686 12).
2614 2615 2848 2672 Videsne
2890 2622 3146 2684 quantam
3195 2614 3568 2682 voluptatem,

1948 2727 2203 2786 quantam
2254 2711 2582 2776 mercedem,
2629 2719 2886 2780 quantam
2933 2708 3101 2762 animi
3151 2707 3566 2762 oblectationem

1951 2806 2136 2861 hostes
2178 2805 2333 2859 nobis
2384 2802 2704 2858 accersunt?
2735 2803 2929 2855 Annon
2974 2800 3134 2869 igitur
3180 2806 3572 2868 praiposteruui

1951 2897 2131 2963 fuerit,
2160 2896 2352 2968 quibus
2382 2906 2433 2949 te
2462 2893 2617 2947 malis
2641 2893 2712 2947 illi
2739 2890 2958 2945 afﬁcere
2981 2905 3087 2944 uon
3119 2899 3432 2959 pomerunt,
3463 2889 3571 2942 imo

1951 2991 2144 3062 quibus
2187 2989 2455 3045 contraria
2501 2986 2817 3050 elfccerunt,
2871 2985 2953 3038 his
3004 2985 3229 3055 teipsam
3275 2998 3305 3036 a
3345 2993 3397 3037 te
3428 2985 3568 3036 nail-

1950 3085 2126 3140 ctari?
2154 3084 2417 3151 Quidnam
2445 3091 2625 3136 autem
2651 3079 2735 3134 his
2760 3079 2941 3135 verbis
2972 3077 3135 3132 volo?
3171 3076 3250 3132 llli
3279 3091 3386 3132 non
3411 3077 3572 3131 modo

1951 3193 2166 3248 poenam
2196 3193 2225 3231 a
2259 3186 2309 3231 te
2339 3187 2598 3247 expetere
2629 3189 2735 3228 non
2770 3181 3077 3242 potuerunt,
3109 3171 3201 3225 sed
3228 3171 3394 3226 etiam
3421 3170 3572 3226 delc-

1954 3270 2206 3326 elationis
2236 3284 2300 3323 ac
2335 3278 2608 3337 lci-petua:
2638 3265 2926 3336 voluptatis
2951 3277 3136 3317 ansam
3190 3262 3282 3317 tibi
3311 3277 3570 3332 porrexe-

1953 3373 2080 3418 runt
2111 3381 2122 3415 :
2156 3372 2209 3416 tu
2260 3375 2388 3415 vero
2421 3361 2490 3413 ita
2523 3359 2748 3428 teipsatn
2798 3372 2908 3426 pra:
2939 3355 3104 3409 animi
3134 3355 3576 3411 consternatione

1953 3470 2228 3526 premens,
2257 3453 2578 3523 supplicium
2609 3452 2677 3507 dc
2720 3448 2888 3519 tcipsa
2918 3448 3106 3514 sumis,
3139 3447 3267 3503 dum
3312 3448 3391 3502 sic
3415 3449 3577 3504 anxia

1952 3549 2321 3621 perturbaris,
2371 3557 2530 3616 atque
2579 3544 2780 3614 ingenti
2831 3542 3085 3598 mmstitia
3139 3541 3402 3610 impleris.
3449 3540 3575 3596 l-latc

1950 3643 2096 3698 enim
2125 3643 2248 3696 illos
2281 3640 2459 3694 facere
2487 3637 2793 3708 oportebat,
2828 3637 2871 3689 si
2900 3635 3116 3705 quidem
3146 3633 3435 3704 aliquando
3464 3635 3575 3687 sal-

1951 3744 2057 3789 tem
2091 3735 2228 3788 mala
2257 3747 2353 3786 sua
2384 3745 2680 3803 agnoscere
2709 3729 2928 3783 vellent.
2963 3726 3107 3794 lllos,
3133 3727 3371 3796 inquam.
3403 3725 3564 3794 ﬁere,

1951 3826 2155 3896 lugere,
2189 3823 2535 3888 erubescere,
2566 3837 2674 3889 pra:
2702 3820 2909 3891 pudore
2933 3833 3027 3872 ora
3056 3833 3151 3872 sua
3179 3819 3454 3888 obtegere,
3485 3828 3568 3872 at-

1947 3935 2054 3981 tiue
2099 3919 2151 3972 in
2185 3929 2383 3973 terram
2417 3930 2476 3971 se
2526 3913 2728 3968 abdere
2761 3927 2974 3982 arquum
3006 3921 3144 3977 erat,
3178 3924 3241 3965 ac
3289 3927 3357 3964 ne
3400 3910 3573 3965 solem

1951 4009 2169 4080 quidem
2203 4008 2345 4062 lnmc
2377 4008 2709 4077 prospicere,
2742 4005 2837 4060 sed
2879 4019 3001 4059 sese
3032 4004 3085 4058 in
3135 4002 3372 4058 tenebris
3399 4003 3572 4058 inelu-

1947 4101 2159 4168 dcntcs,
2196 4113 2304 4154 tum
2354 4114 2449 4154 sua
2480 4099 2616 4153 mala
2659 4097 2962 4167 deplorare,
3001 4105 3113 4149 tum
3147 4110 3211 4151 ea
3256 4094 3309 4149 in
3340 4109 3464 4165 qua:
3493 4103 3572 4150 tot

1949 4198 2220 4253 Ecclesias
2262 4196 2610 4264 conjeccrunt
2641 4209 2653 4245 :
2687 4202 2738 4246 te
2777 4206 2906 4245 vero
2951 4189 3226 4244 exsultare
3274 4204 3339 4244 ac
3384 4187 3571 4243 laetitia

1951 4289 2177 4344 diﬂ'undi
2204 4286 2480 4350 convenit,
2511 4285 2633 4354 quia
2663 4282 2804 4353 quod
2837 4281 3093 4336 virtutum
3139 4289 3300 4351 caput
3330 4287 3414 4334 est
3435 4293 3572 4349 prte-

1949 4383 2154 4438 stitisti.
2185 4380 2336 4436 Nosti
2388 4378 2555 4442 enim,
2603 4378 2744 4432 nosti
2793 4375 3034 4445 proiecto
3083 4374 3214 4428 nihil
3261 4388 3383 4428 esse
3425 4372 3568 4442 quod

1951 4473 2264 4544 patientiam
2290 4469 2580 4538 adaequare
2600 4467 2787 4537 possit,
2818 4481 3005 4521 verum
3034 4465 3203 4534 ipsam
3229 4464 3567 4533 petissimum

1949 4566 2207 4618 virtutum
2256 4563 2496 4632 reginam
2550 4574 2701 4624 esse,
2752 4573 2931 4613 rerum
2983 4556 3242 4627 praeclare
3295 4566 3567 4626 gestarum

1947 4657 2378 4720 fundamentum,
2412 4662 2623 4724 portum
2668 4651 3034 4720 tranquillum,
3082 4648 3134 4702 in
3169 4647 3308 4702 bello
3337 4663 3564 4718 pacem,

1947 4753 1998 4806 in
2030 4757 2349 4820 tempestate
2373 4745 2837 4817 tranquillimtem,
2864 4732 2915 4796 in
2947 4741 3156 4797 insidiis
3180 4742 3562 4797 securitatem:

1945 4861 2069 4915 qua:
2101 4851 2421 4899 sectatorem
2474 4854 2628 4894 suum
2675 4837 2960 4892 adamante
2999 4835 3296 4890 lirmiorem
3347 4833 3561 4901 reddit,

1944 4937 2188 5006 hancque
2214 4942 2461 4988 naturam
2493 4929 2675 4995 habet,
2708 4939 2766 4982 ut
2796 4943 2914 4982 eam
2945 4942 3044 4981 nec
3073 4941 3222 4981 arma
3255 4935 3420 4990 mota,
3454 4942 3559 4982 nec

1944 5029 2192 5086 instructi
2224 5026 2514 5089 exercitus,
2546 5038 2647 5078 nec
2675 5021 2911 5076 adhibita
2943 5027 3230 5083 tormenta,
3259 5033 3358 5071 nec
3376 5032 3558 5080 arcus,

1945 5137 2045 5176 nec
2066 5122 2268 5175 lancea:
2297 5118 2532 5181 emissa,
2567 5130 2664 5168 nec
2690 5114 2862 5183 ipsum
2885 5111 3191 5164 dcemonum
3219 5123 3440 5180 agmen,
3462 5124 3564 5165 ncc

1944 5213 2194 5268 terriﬁca:
2241 5209 2672 5264 adversariaruin
2722 5214 3050 5275 potestatum
3097 5202 3412 5271 phalanges,
3463 5217 3564 5257 nec

1941 5305 2175 5374 denique
2215 5300 2462 5356 diabolus
2493 5300 2606 5368 ipse
2651 5313 2773 5351 cum
2806 5295 3057 5349 omnibus
3083 5293 3197 5347 suis
3241 5292 3413 5361 copiis
3443 5309 3560 5347 ma-

1944 5397 2229 5466 chinisque
2253 5394 2308 5449 in
2337 5391 2509 5448 aciem
2543 5390 2822 5462 prodiens,
2852 5387 3178 5442 detrimento
3204 5384 3316 5438 ullo
3345 5383 3563 5437 afﬁcere

1943 5490 2131 5561 possit.
2165 5487 2305 5556 Quid
2329 5487 2487 5557 igitur
2517 5480 2870 5538 extitneseis?
2896 5479 3022 5550 quid
3053 5476 3408 5540 excruciaris,
3431 5490 3553 5530 cuin

2006 5604 2020 5635 ¹
2059 5609 2188 5651 Unus
2229 5607 2333 5655 Ms.,
2356 5597 2505 5654 vobis,
2533 5602 2664 5647 teste
2687 5595 2930 5643 Fl'ontone
2948 5598 3139 5655 Dircaeo.
3165 5595 3379 5655 Utraque
3404 5585 3555 5655 lect-io

1938 5646 2184 5727 quadra-ti
2352 5646 2821 5727 cuni'Chrysostomi
2863 5653 3152 5727 adversarii,
3176 5646 3329 5727 ipsius
3354 5646 3559 5697 asset-lis

1941 5711 2155 5777 hieeiidii
2179 5725 2364 5774 crimen
2389 5711 2644 5778 atl‘errciit,
2671 5719 2830 5781 potuit
2871 5711 3234 5781 Cbrysostomtjs
3255 5711 3447 5781 dicere,
3472 5720 3558 5755 no-

1944 5770 2170 5846 iiiijé’é‘éb
2185 5770 2604 5846 inaccusatorum
2632 5770 2840 5846 numero
2863 5770 3324 5846 wm'preltendens;
3350 5770 3450 5830 vel,
3471 5781 3558 5819 no-

1944 5837 2034 5913 bis,
2055 5855 2120 5898 de
2142 5845 2424 5910 Olympiade
2445 5844 2653 5908 aliisque
2678 5843 2754 5892 sui
2778 5837 3046 5893 fautoribus
3068 5837 3296 5901 loquens.
