4078 6434
554 351 658 410 80⁸1

553 468 725 536 ipsam
756 483 970 538 quoque
994 468 1176 531 vitam,
1205 469 1249 523 si
1297 476 1504 539 tempus
1533 468 1829 538 postularit,
1855 467 2124 537 aspernari

558 559 808 614 diuturna
843 561 1187 615 meditatione
1225 560 1517 616 didiceris?
1546 561 1614 614 At
1638 561 1936 630 urgentium
1961 558 2132 613 malo-

556 661 672 700 rum
707 645 867 704 ﬁnem
913 649 1091 705 videre
1120 650 1287 720 cupis.
1323 650 1435 704 Erit
1475 665 1687 720 quoque
1715 649 1880 716 istud,
1917 657 1972 702 et
2016 647 2131 717 qui-

554 736 674 792 dem
705 739 871 805 brevi,
897 741 1004 796 Deo
1020 741 1365 796 cencedente.
1391 740 1575 796 Gaude
1595 741 1751 810 igitur
1767 749 1821 794 et
1843 739 2127 804 oblectare,

555 836 716 898 atque
742 831 1033 901 cogitandis
1063 833 1165 886 tuis
1212 841 1360 887 recte
1402 831 1553 886 factis
1593 832 1823 886 animum
1844 829 2082 884 exhilara
2114 847 2128 884 :

559 933 660 974 nec
685 936 932 990 umquam
960 920 1200 991 despera,
1229 925 1355 992 quin
1385 931 1437 977 te
1465 936 1674 976 rursum
1724 920 1886 974 visuri
1924 921 2090 974 simus
2110 960 2126 986 ,

553 1010 792 1080 atquein
825 1012 1011 1066 borum
1055 1013 1338 1067 verborum
1369 1012 1680 1068 memoriam
1705 1019 1758 1066 te
1809 1011 2127 1066 revocaturi.

623 1102 704 1154 Ad
747 1104 972 1157 eamdem
1018 1105 1228 1172 epistola
1270 1101 1434 1156 VIII.
1467 1102 1620 1172 (Cum
1641 1101 1906 1158 Cucusum
1927 1111 2130 1172 peteret

1187 1208 1328 1247 anno
1362 1191 1512 1262 404.)

639 1285 752 1342 Hoc
813 1293 956 1340 certe
1010 1283 1241 1338 futurum
1305 1291 1453 1348 erat,
1509 1290 1565 1337 ut
1610 1296 1678 1336 ne
1741 1279 1952 1352 quidem
2007 1294 2127 1334 cum

549 1381 618 1436 ab
679 1377 810 1434 urbe
870 1374 1243 1438 accessissem,
1310 1372 1375 1428 iis
1440 1371 1530 1442 qui
1598 1364 1832 1425 animum
1892 1381 2127 1425 nostrum

554 1477 862 1533 conterunt,
904 1467 1183 1521 liberarer.
1211 1463 1343 1518 Nam
1385 1465 1482 1533 qui
1528 1463 1658 1518 mihi
1689 1464 1741 1517 in
1791 1462 1873 1516 via
1917 1462 2126 1516 obviam

549 1564 706 1629 ﬁunt,
736 1559 930 1630 partim
959 1557 1027 1613 ab
1052 1557 1288 1624 Oriente,
1316 1557 1506 1626 partim
1548 1556 1616 1610 ab
1641 1555 1908 1620 Armenia,
1938 1555 2126 1624 partim

548 1667 617 1707 ex
657 1650 762 1704 alia
791 1648 972 1720 quavis
1002 1646 1148 1704 orbis
1191 1654 1361 1716 parte,
1393 1646 1746 1716 lacrymarum
1793 1643 1968 1698 fontes
2001 1657 2126 1714 pro-

548 1741 777 1797 fundunt
803 1755 920 1794 cum
944 1753 1043 1793 nos
1071 1738 1362 1804 intuentur,
1388 1744 1442 1792 et
1467 1737 1696 1807 gemitus
1719 1735 1904 1802 edunt,
1931 1750 1994 1790 ac
2016 1743 2127 1790 toto

547 1831 740 1887 itinere
763 1830 1008 1887 lamentis
1033 1843 1130 1884 nos
1152 1836 1557 1898 prosequuntur.
1587 1826 1711 1881 H320
1731 1832 1907 1880 autem
1931 1823 2128 1880 idcirco

547 1940 578 1978 a
609 1939 696 1979 me
739 1929 1152 1977 commemorata
1196 1928 1341 1986 sunt,
1372 1927 1429 1973 ut
1473 1917 1772 1986 intelligatis
1809 1929 1909 1972 nos
1934 1915 2128 1971 multos

553 2013 750 2068 habere
769 2012 934 2082 quiin
962 2010 1170 2076 eodem,
1202 2023 1306 2079 quo
1327 2022 1443 2072 vos,
1472 2006 1657 2062 dolore
1685 2015 1994 2070 versentur;
2027 2006 2128 2062 hoc

547 2120 710 2174 porro
744 2103 810 2158 ad
856 2101 1271 2158 consolationem
1313 2115 1418 2155 non
1458 2112 1644 2169 parum
1674 2097 1924 2153 momenti
1953 2095 2123 2152 affert.

548 2196 681 2250 Nam
709 2210 830 2250 cum
861 2193 911 2248 id
937 2193 1078 2264 quod
1103 2191 1425 2247 contrarium
1452 2198 1554 2255 est,
1584 2198 1848 2258 tamquam
1887 2203 2045 2259 grave
2073 2199 2125 2243 et

547 2283 938 2342 intolerandum
969 2281 1226 2354 propheta
1251 2281 1511 2350 deploret,
1539 2293 1660 2334 cum
1687 2278 1778 2344 ait,
1808 2277 1876 2332 Et
1912 2279 2125 2332 sustinui

544 2380 631 2450 qui
652 2377 804 2433 simul
825 2378 1226 2439 contristantur,
1261 2382 1304 2427 et
1331 2387 1433 2426 non
1460 2371 1572 2441 fuit,
1600 2379 1647 2424 et
1690 2370 1776 2438 qui
1800 2369 2121 2424 consolaren-

543 2482 647 2532 tur,
675 2478 723 2523 et
743 2485 842 2522 non
869 2467 1034 2520 inveni
1059 2464 1228 2536 (Psal.
1250 2463 1338 2520 68.
1363 2462 1458 2533 21)
1489 2478 1504 2515 :
1535 2462 1698 2531 liquet
1724 2459 1958 2530 profecto
1982 2460 2123 2514 istud

547 2573 792 2629 magnam
825 2556 1237 2612 consolationem
1267 2552 1485 2617 afferre,
1514 2551 1760 2606 nimirum
1789 2550 1974 2605 orbem
2003 2551 2121 2605 uni-

544 2664 759 2705 versum
791 2646 1038 2703 mteroris
1066 2644 1267 2701 socium
1299 2643 1508 2698 habere.
1545 2641 1696 2710 Quod
1723 2642 1768 2696 si
1805 2642 1963 2697 etiam
1993 2641 2124 2696 alte-

549 2755 664 2795 ram
695 2737 1112 2794 consolationem
1138 2735 1352 2805 quazris,
1393 2746 1488 2787 nos
1516 2732 1602 2801 qui
1628 2739 1705 2786 tot
1731 2745 1795 2786 ac
1819 2740 1960 2785 tanta
1985 2731 2121 2785 mala

553 2831 865 2901 pertulimus
890 2869 905 2894 ,
949 2825 1225 2882 commoda
1269 2823 1568 2878 valetudine
1613 2823 1828 2888 utimur,
1869 2831 2026 2891 atque
2067 2821 2120 2876 in

544 2923 831 2978 securitate
861 2920 1098 2989 dcgimus
1121 2959 1135 2983 ,
1166 2917 1339 2970 varias
1379 2915 1758 2983 continuusque
1805 2921 2012 2967 nostras
2040 2913 2120 2966 ai-

546 3016 812 3070 ﬁictiones
865 3023 918 3068 et
968 3010 1296 3066 calamitates
1346 3016 1504 3077 atque
1553 3005 1771 3061 insidias
1817 3005 1868 3058 in
1916 3019 2119 3058 summa

547 3108 729 3176 quiete
754 3113 1114 3163 recensentes,
1145 3113 1432 3169 earumque
1458 3096 1828 3152 recordatione
1856 3111 1952 3152 nos
1976 3096 2120 3166 ipsos

543 3207 798 3268 perpetua
822 3194 999 3249 laetitia
1028 3191 1423 3264 perfundentes.
1449 3190 1572 3245 Hmc
1595 3190 1752 3260 igitur
1779 3190 1888 3261 ipsa
1909 3206 2120 3261 quoque

544 3302 722 3341 tecum
753 3295 1003 3354 reputans
1045 3285 1288 3339 maeroris
1326 3282 1518 3337 nubem
1548 3280 1772 3348 discute,
1816 3281 1988 3351 deque
2032 3292 2117 3336 tua

540 3375 847 3431 valetudine
871 3389 1026 3444 quam
1049 3373 1340 3441 saepissime
1359 3371 1424 3426 ad
1448 3385 1542 3425 nos
1569 3371 1760 3426 scribe.
1782 3373 2118 3442 Quandoqui-

544 3468 666 3522 dem
713 3478 873 3531 nunc,
919 3479 1037 3518 cum
1069 3463 1372 3518 carissimus
1417 3461 1663 3515 dominus
1708 3476 1858 3516 meus
1894 3463 2118 3517 Arabius

543 3558 608 3612 ad
640 3572 726 3611 me
767 3555 1084 3623 scripsisset,
1115 3553 1406 3606 admiratus
1433 3567 1550 3607 sum
1579 3559 1630 3606 te
1675 3552 1802 3606 nihil
1831 3551 1896 3606 ad
1923 3567 2008 3607 me
2050 3553 2116 3606 li-

545 3657 779 3700 terarum
835 3643 1083 3698 misisse:
1115 3641 1272 3712 idque
1324 3656 1443 3695 cum
1496 3640 1708 3695 domina
1762 3656 1898 3704 mea,
1951 3641 2116 3710 ipsius

545 3755 699 3803 uxor,
748 3737 900 3790 valde
944 3748 995 3790 te
1040 3745 1196 3789 amet.
1249 3734 1378 3789 Illud
1422 3735 1580 3788 etiam
1627 3734 2000 3797 animadverte,
2030 3749 2116 3788 res

541 3841 729 3880 omnes
777 3826 993 3894 hujusce
1046 3826 1164 3878 vita:
1215 3836 1318 3878 tam
1368 3824 1514 3877 ιωωε
1561 3833 1612 3877 ct
1638 3824 1914 3892 jucundas,
1958 3840 2114 3893 quam

541 3933 728 3988 graves
753 3933 814 3972 ac
845 3917 1092 3971 molestas
1117 3917 1406 3988 praeterire.
1438 3915 1567 3969 Nam
1595 3918 1692 3970 etsi
1714 3926 1859 3969 arcta
1891 3926 2039 3984 porta
2065 3927 2118 3971 et

545 4019 768 4079 angusta
799 4010 880 4062 via
907 4017 1008 4074 est,
1039 4019 1092 4061 at
1120 4009 1202 4061 via
1229 4018 1400 4061 tamen
1440 4017 1525 4062 est
1545 4004 1754 4078 (Matth.
1788 4008 1839 4060 7.
1872 4009 1954 4060 l3.
1987 4009 2114 4076 H);

545 4103 765 4156 verbum
793 4100 932 4153 enim
961 4099 1086 4152 illud
1110 4099 1200 4153 tibi
1230 4100 1279 4152 in
1308 4098 1615 4152 memoriam
1639 4097 1888 4166 redigam,
1919 4098 1987 4152 de
2012 4114 2116 4167 quo

539 4205 682 4259 θωνα
711 4202 879 4245 tecum
907 4205 1022 4244 sum
1053 4191 1316 4258 loquutus.
1348 4188 1458 4242 Etsi
1491 4189 1590 4241 lata
1622 4198 1768 4256 porta
1795 4197 1848 4242 et
1887 4191 2114 4257 spatiOsa

542 4286 624 4337 via
653 4292 733 4338 est
767 4300 780 4335 :
814 4291 986 4336 tamen
1019 4282 1132 4335 hinc
1159 4296 1366 4349 quoque
1398 4281 1476 4333 via
1521 4290 1621 4333 est.

615 4375 859 4428 Tintcuda
884 4375 1122 4428 scelerarit
1160 4373 1452 4441 impunitas.
1482 4403 1548 4409 —
1577 4372 1703 4438 Quae
1741 4387 1858 4426 cum
1891 4371 1959 4424 ita
1988 4373 2110 4434 sint,

544 4467 610 4519 da
636 4480 888 4532 Operam,
917 4474 972 4517 ut
1001 4479 1027 4515 a
1059 4473 1194 4516 terra
1215 4503 1229 4527 ,
1259 4463 1365 4516 imo
1396 4462 1460 4514 ab
1502 4463 1614 4529 ipso
1643 4478 1848 4532 quoque
1877 4463 2114 4531 corporis

546 4555 753 4608 vinculo
782 4565 831 4608 te
858 4554 1150 4617 abstrahas,
1181 4561 1399 4621 tuasque
1430 4553 1772 4620 philosophim
1801 4569 1997 4620 pennas
2023 4571 2111 4607 ex-

544 4649 695 4710 cites,
727 4661 897 4713 ncque
924 4660 1012 4698 eas
1039 4645 1180 4698 siuas
1209 4644 1274 4695 ab
1303 4645 1483 4696 umbra
1515 4656 1565 4696 et
1594 4647 1731 4696 fumo
1761 4645 1834 4714 (id
1861 4645 1998 4698 enim
2030 4663 2113 4698 res

545 4740 787 4791 humana.-
817 4736 976 4806 sunt)
1007 4734 1260 4803 dcmergi.
1290 4734 1424 4800 Quin
1457 4739 1626 4802 potius
1653 4737 1808 4790 etiam
1839 4738 1880 4790 si
1908 4753 2000 4791 eos
2025 4739 2113 4806 qui

545 4837 622 4881 tnt
649 4829 852 4882 scelera
881 4828 933 4881 in
972 4841 1067 4880 nos
1098 4828 1466 4895 designarunt,
1502 4836 1554 4879 ct
1594 4829 1701 4880 suis
1733 4828 1946 4881 urbibus
1978 4829 2111 4896 frui,

543 4933 595 4974 et
621 4921 908 4973 hOnoribus
933 4920 1089 4982 aflici,
1115 4930 1168 4973 ct
1192 4921 1501 4974 satellitibus
1531 4922 1707 4987 stipari
1737 4923 1946 4984 videris,
1975 4924 2111 4976 istud

545 5013 763 5062 verbum
791 5011 990 5075 accine,
1018 5011 1142 5062 Lata
1167 5021 1237 5062 est
1265 5020 1408 5078 portu
1429 5022 1473 5062 ct
1502 5015 1719 5075 spatiosa
1743 5013 1818 5064 via
1841 5029 1954 5081 qua:
1977 5015 2111 5066 ducit

545 5103 610 5151 ad
643 5102 963 5169 perditionem
992 5101 1210 5171 (Matth.
1241 5103 1291 5154 7.
1324 5104 1420 5171 l3)
1447 5144 1459 5166 ,
1489 5119 1684 5170 eosque
1713 5105 1780 5157 ob
1817 5106 1913 5158 hoc
1943 5107 2110 5173 ipsum

546 5193 714 5258 magis
755 5193 874 5259 luge
915 5206 976 5244 ac
1015 5191 1249 5260 deplora.
1280 5192 1408 5244 Nam
1439 5194 1525 5260 qui
1568 5197 1651 5248 hic
1680 5195 1892 5248 sceleris
1916 5195 2111 5265 aliquid

549 5289 834 5349 perpetrat,
862 5296 923 5334 ac
952 5290 1227 5350 propterea
1254 5296 1356 5335 non
1387 5283 1544 5336 modo
1575 5285 1742 5337 nullas
1785 5300 1964 5352 pinnas
1994 5287 2109 5351 luit,

548 5373 638 5424 sed
668 5372 824 5426 etiam
844 5373 1099 5426 honorem
1120 5374 1186 5425 ab
1209 5372 1505 5426 hominibus
1531 5377 1887 5444 consequitur,
1912 5379 1977 5428 ita
2004 5379 2113 5431 dis-

547 5461 700 5515 cedet
724 5502 738 5524 ,
768 5472 824 5516 ut
874 5462 1170 5530 huiusmodi
1210 5463 1377 5517 honor
1407 5466 1632 5518 maxima
1663 5468 1728 5520 sit
1770 5469 1838 5520 illi
1871 5469 2112 5537 supplicii

549 5552 785 5604 materia.
816 5550 896 5605 0b
925 5567 1144 5619 eamque
1167 5567 1378 5606 causam
1403 5553 1547 5607 dives
1577 5555 1731 5608 etiam
1764 5557 1852 5609 ille
1880 5567 2109 5612 atrocem

549 5642 602 5692 in
647 5643 858 5694 modum
899 5644 1222 5704 torrcbalur,
1254 5659 1355 5694 non
1391 5644 1711 5698 crudelitatis
1747 5646 2014 5699 dumtaxat
2053 5650 2108 5701 il-

551 5733 669 5796 lius,
689 5750 785 5802 qua
817 5737 868 5788 iu
887 5735 1135 5789 Lazazuni
1169 5752 1285 5791 usus
1315 5739 1498 5804 luerat,
1532 5765 1545 5805 ι
1575 5760 1702 5791 ιιιιι-
1743 5741 1990 5807 pendens,
2021 5745 2110 5795 sed

1266 358 1321 414 S.
1360 357 1634 414 JOANNIS
1670 353 2142 413 CllliYSOSTOMl
2182 351 2498 408 AitCiilEl’.
2538 351 3064 409 CONSTANTINOP.

3711 353 3820 407 608

2243 465 2402 519 etiam
2432 464 2672 520 ﬂorentis
2696 474 2864 520 status
2882 507 2895 530 ,
2923 483 3028 536 quo
3057 469 3109 522 in
3138 476 3278 523 tanta
3309 468 3689 526 inhumanitate
3723 485 3822 541 per

2241 569 2451 610 onmem
2489 555 2610 610 vita:
2649 570 2863 611 cursum
2904 556 3114 622 fruens,
3147 574 3215 614 ne
3242 559 3365 614 hinc
3389 560 3601 629 quidem
3631 559 3823 616 melior

2237 644 2458 701 effectus
2493 655 2594 700 est.
2639 646 2765 701 ﬂmc
2809 648 3019 716 aliaque
3059 648 3112 703 id
3153 664 3320 719 genus
3345 651 3366 721 (
3388 665 3561 720 neque
3584 650 3730 706 enim
3757 665 3822 707 ea

2240 736 2330 790 tibi
2360 752 2606 806 umquam
2649 738 2916 793 inculcare
2945 738 3276 811 destitimus)
3304 749 3478 796 tecum
3506 742 3619 812 ipsa
3646 740 3824 796 disse-

2236 841 2359 882 rens
2381 867 2398 891 ,
2431 827 2826 898 religiosissima
2856 828 3068 884 domina
3097 845 3213 885 mea
3237 871 3252 896 ,
3280 846 3495 901 gravem
3524 830 3661 886 hanc
3687 845 3824 886 ma:-

2236 919 2372 971 roris
2396 918 2658 971 sarcinam
2687 917 2876 986 abjice,
2905 919 3077 987 deque
3109 935 3177 975 eo
3213 935 3313 975 nos
3339 920 3420 976 fac
3447 922 3729 986 certiores,
3765 930 3824 974 ut

2234 1009 2678 1078 quemadmodum
2715 1011 2874 1064 etiam
2914 1010 2982 1064 ad
3018 1020 3070 1066 te
3105 1010 3326 1080 scripsi,
3369 1027 3490 1067 cum
3528 1026 3822 1068 maerorem

2238 1107 2383 1152 tuum
2412 1098 2581 1153 literis
2621 1099 2815 1154 nostris
2851 1098 3014 1155 levari
3041 1110 3372 1170 perspectum
3413 1101 3667 1167 habuero,
3696 1117 3819 1158 cre-

2234 1188 2382 1242 brius
2407 1188 2706 1257 hujusmodi
2733 1188 3075 1259 pharmacum
3101 1190 3400 1246 adhibeam.

2235 1278 2314 1330 Ad
2353 1277 2580 1332 eamdem
2617 1279 2762 1347 epist.
2805 1277 2911 1332 IX.
2943 1277 3110 1350 (Cum
3147 1277 3410 1336 Cucusum
3443 1289 3649 1352 peteret
3673 1296 3821 1338 anno

2949 1370 3100 1440 404.)
3772 1429 3788 1442 _

2303 1457 2433 1513 Cum
2457 1459 2600 1513 viros
2628 1473 2692 1513 ac
2720 1457 2944 1514 feminas
2972 1475 3164 1530 magno
3189 1460 3398 1530 agmine
3415 1502 3432 1529 ,
3461 1476 3557 1531 per
3580 1463 3818 1518 mansio-

2233 1563 2329 1604 nes
2354 1547 2429 1620 (a)
2453 1590 2466 1612 ,
2498 1563 2593 1618 per
2623 1548 2779 1605 urbes
2810 1563 2931 1605 sese
2968 1549 3333 1618 eﬁuudentes,
3361 1561 3520 1621 atque
3548 1552 3617 1606 ad
3645 1554 3816 1608 nostri

2232 1648 2502 1707 aspectum
2545 1640 2984 1710 collacrymantes
3023 1644 3268 1707 intueor,
3294 1655 3402 1712 quo
3439 1642 3494 1696 in
3533 1652 3673 1698 statu
3714 1644 3818 1714 ipsi

2232 1730 2348 1785 sitis
2373 1731 2754 1786 animadverto.
2785 1731 2917 1786 Nam
2945 1749 3065 1788 cum
3105 1734 3140 1786 ii
3177 1734 3265 1804 qui
3295 1749 3436 1789 nunc
3459 1736 3688 1805 primum
3717 1751 3819 1793 nos

2230 1823 2500 1890 viderunt,
2526 1838 2756 1880 maerore
2783 1825 2852 1879 ita
2881 1825 3206 1896 frangantur,
3230 1835 3285 1880 ut
3309 1843 3376 1882 ne
3399 1843 3674 1898 emergere
3696 1831 3819 1900 qui.

2228 1913 2351 1970 dem
2377 1913 2534 1971 facile
2563 1917 2787 1986 possint,
2813 1932 3022 1984 verum,
3047 1933 3168 1973 cum
3193 1933 3286 1974 eos
3311 1934 3558 1989 rogamus
3578 1929 3633 1977 et
3657 1921 3818 1978 obse-

2229 2017 2440 2060 cramus
2466 2015 2627 2076 atque
2660 2007 3009 2064 admonemus
3029 2049 3045 2075 ,
3077 2008 3429 2066 ferventiores
3457 2010 3816 2084 lacrymarum

2229 2095 2404 2153 fontes
2443 2097 2802 2168 profundant,
2843 2101 3063 2156 dubium
3108 2103 3345 2172 profecto
3389 2120 3494 2160 non
3535 2115 3653 2170 est,
3685 2108 3817 2178 quin

2227 2191 2439 2260 gravior
2465 2191 2604 2262 apud
2634 2207 2729 2248 vos
2756 2202 3040 2264 tempestas
3064 2195 3152 2250 sit.
3180 2195 3285 2251 Sed
3309 2211 3415 2267 quo
3442 2199 3654 2268 gravior
3680 2208 3816 2254 tem-

2229 2290 2407 2349 pestas
2431 2291 2544 2348 est,
2574 2297 2639 2337 eo
2667 2298 2878 2354 quoque
2903 2285 3155 2355 ampliora
3198 2287 3416 2356 praemia
3443 2285 3620 2343 futura
3644 2301 3770 2344 sunt
3794 2332 3813 2358 ,

2227 2374 2274 2426 si
2314 2383 2572 2443 perpetuo
2597 2390 2660 2430 ea
2697 2389 2820 2430 cum
2847 2377 3133 2447 gratiarum
3173 2378 3382 2436 actione
3423 2379 3688 2436 sutferatis
3710 2421 3728 2447 ,
3759 2391 3818 2436 ut

2232 2465 2391 2520 etiam
2416 2465 2667 2521 suifertis.
2691 2465 2824 2521 Nam
2846 2477 2898 2522 et
2919 2467 3300 2537 gubernatores
3326 2469 3624 2525 vehementi
3653 2480 3817 2526 vento

2234 2554 2396 2612 ﬂante
2420 2598 2434 2622 ,
2464 2557 2510 2612 si
2548 2558 2662 2612 vela
2693 2559 2827 2612 ultra
2864 2560 3081 2614 modum
3109 2559 3443 2629 expandant,
3472 2563 3647 2617 navim
3686 2565 3816 2619 sub-

2233 2654 2446 2701 vertunt
2469 2666 2482 2701 :
2502 2648 2545 2702 si
2570 2659 2747 2703 autem
2773 2649 3001 2716 modice,
3025 2659 3157 2705 etut
3179 2652 3447 2715 convenit,
3470 2668 3531 2708 ea
3556 2653 3812 2726 dirigant,

2229 2737 2487 2792 tutissime
2514 2738 2777 2808 navigant.
2805 2739 2933 2806 Qua:
2965 2754 3086 2795 cum
3113 2741 3387 2812 explorata
3414 2741 3614 2799 habeas
3636 2784 3652 2810 ,
3681 2745 3813 2801 reli-

2225 2826 2520 2895 giosissima
2545 2826 2758 2882 domina
2787 2843 2928 2895 mea,
2954 2845 3023 2884 ne
3047 2838 3099 2885 te
3120 2832 3367 2886 mmroris
3390 2833 3656 2906 tyrannidi
3680 2848 3813 2890 con-

2226 2917 2461 2970 strictam
2494 2917 2662 2984 trade,
2693 2917 2786 2972 sed
2815 2919 3021 2974 ratione
3048 2928 3413 2990 tempestatem
3439 2937 3632 2992 supera
3663 2941 3676 2977 :
3708 2940 3810 2995 po-

2236 3015 2317 3063 tes
2343 3008 2482 3062 enim
2512 3008 2649 3063 istud
2673 3049 2688 3073 ,
2717 3022 2816 3063 nec
2853 3019 3141 3079 tempestas
3179 3021 3347 3067 artem
3386 3022 3530 3068 tuam
3561 3016 3810 3084 excedit;

2226 3107 2386 3169 atque
2423 3099 2489 3153 ad
2528 3114 2626 3154 nos
2664 3099 2843 3154 literas
2871 3115 2989 3170 quae
3030 3103 3131 3156 hoc
3168 3102 3498 3172 signiﬁcent,
3529 3106 3718 3174 mitte,
3750 3117 3812 3164 ut

2223 3190 2384 3244 etiam
2413 3190 2464 3245 in
2488 3202 2669 3246 extera
2695 3192 2909 3261 regione
2933 3193 3214 3263 degentes,
3241 3193 3524 3250 maximam
3555 3196 3678 3252 hinc
3705 3215 3809 3255 vo-

2223 3279 2471 3349 luptatem
2499 3282 2867 3351 percipiamus,
2891 3297 3011 3337 cum
3035 3293 3085 3338 te
3107 3283 3246 3338 hunc
3269 3301 3554 3342 maerorem
3577 3303 3661 3356 ea,
3686 3306 3810 3360 qua:

2224 3379 2274 3424 te
2299 3371 2471 3439 decet,
2502 3372 2778 3440 prudentia
2803 3381 2856 3428 et
2877 3374 3132 3443 sapientia
3159 3375 3342 3431 tulisse
3363 3377 3805 3435 intellexerimus.

2223 3462 2377 3528 Haec,
2415 3478 2536 3517 cum
2568 3465 2680 3534 jam
2721 3463 2961 3521 Cassarea
2997 3482 3102 3522 non
3145 3467 3302 3538 longe
3341 3469 3616 3539 abessem,
3644 3472 3714 3527 ad
3753 3483 3808 3529 te

2223 3554 2430 3623 scripsi.

2223 3644 2301 3695 Ad
2330 3645 2550 3698 eamdem
2582 3645 2727 3714 epist.
2755 3645 2826 3700 Χ.
2860 3646 3070 3718 (Nicena:
3110 3649 3301 3721 scripta
3345 3665 3465 3706 cum
3498 3652 3598 3708 iret
3626 3654 3676 3707 in
3703 3668 3806 3710 ex-

2751 3737 2927 3791 silium
2955 3753 3095 3792 anno
3124 3740 3275 3811 404.)
3343 3792 3356 3807 ,

2295 3825 2360 3874 At
2400 3823 2536 3877 hunc
2563 3839 2774 3894 quoque
2818 3837 3012 3881 metum
3058 3831 3295 3884 excutias
3334 3832 3517 3898 velim,
3548 3849 3705 3902 quem
3734 3851 3804 3890 ex

2225 3914 2410 3967 itinere
2438 3925 2616 3969 nostro
2641 3919 2949 3986 concepisti.
2982 3919 3210 3987 Etenim,
3249 3931 3305 3975 ut
3329 3923 3437 3992 jam
3475 3937 3600 3980 ante
3623 3942 3718 3995 per
3741 3927 3808 3981 li-

2226 4013 2363 4058 teras
2394 4007 2483 4059 tibi
2514 4009 2802 4075 signiﬁcavi
2829 4051 2842 4073 ,
2871 4025 3063 4079 corpus
3094 4013 3246 4066 nobis
3274 4023 3327 4067 et
3355 4016 3594 4069 sanitatis
3632 4025 3686 4071 et
3716 4032 3806 4073 ro-

2223 4098 2364 4151 boris
2405 4100 2761 4154 accessionem
2804 4100 3002 4155 habuit.
3037 4105 3306 4172 Siquidem
3349 4118 3402 4159 et
3443 4122 3538 4162 aer
3576 4109 3806 4179 benigne

2224 4190 2495 4244 ιιοὺὶοουιιι
2526 4194 2630 4260 egit
2657 4236 2666 4252 ,
2696 4205 2747 4246 ct
2777 4196 2808 4246 ii
2840 4211 2866 4246 a
2895 4196 3086 4264 quibus
3126 4198 3176 4249 in
3215 4199 3461 4252 exsilium
3501 4199 3798 4268 aveliimur,

2220 4296 2400 4333 curam
2429 4298 2637 4336 onmem
2682 4294 2734 4338 et
2777 4287 3006 4340 studium
3033 4329 3050 4355 ,
3079 4289 3236 4342 etiam
3272 4305 3426 4358 supra
3463 4307 3620 4361 quam
3649 4295 3803 4348 volu-

2223 4387 2358 4435 mus,
2389 4373 2663 4440 adhibent,
2695 4387 2749 4428 ut
2779 4393 2874 4430 nos
2903 4389 3145 4433 recreent
3172 4395 3234 4434 ac
3263 4382 3522 4450 reﬁciant,
3547 4398 3715 4452 eaque
3743 4385 3800 4440 in

2222 4477 2279 4515 re
2305 4477 2520 4529 Operam
2549 4475 2759 4519 navant.
2791 4466 2920 4520 Cum
2951 4479 3125 4524 autem
3154 4471 3326 4524 Nicma
3351 4473 3685 4530 discessurus
3713 4491 3800 4531 es-

2221 4568 2331 4606 sem
2354 4594 2369 4618 ,
2401 4553 2536 4607 hanc
2560 4557 2836 4623 epistolam
2863 4557 2927 4612 ad
2958 4568 3007 4612 te
3034 4561 3189 4625 dedi,
3221 4563 3375 4616 tertia
3399 4565 3488 4619 die
3514 4563 3657 4620 Julii.
3689 4565 3800 4621 Fac

2222 4646 2376 4713 igitur
2401 4646 2465 4698 ad
2499 4662 2594 4699 nos
2624 4648 2689 4701 de
2720 4658 2802 4701 tua
2834 4650 3130 4705 valetudine
3159 4667 3314 4720 quam
3343 4655 3635 4722 saepissime
3665 4657 3801 4711 seri-

2223 4739 2334 4791 bas.
2364 4739 2441 4791 Ad
2469 4756 2583 4792 eam
2612 4743 2750 4794 enim
2794 4759 2902 4795 rem
2943 4759 3157 4812 operam
3190 4745 3283 4800 tibi
3315 4749 3522 4801 navabit
3551 4749 3798 4806 dominus

2221 4847 2370 4884 mens
2404 4832 2736 4900 Pergamius,
2770 4837 2852 4887 eui
2895 4852 3212 4906 magnopere
3249 4839 3480 4893 conﬁdo.
3522 4841 3627 4895 Nec
3671 4858 3798 4896 vero

2221 4921 2284 4972 de
2314 4931 2398 4972 tua
2425 4922 2697 4976 dumtaxat
2726 4926 2859 4978 bona
2887 4927 3182 4982 valetudine
3205 4932 3462 4985 certiores
3488 4948 3583 4986 nos
3610 4933 3793 5000 facias,

2222 5029 2401 5065 verum
2435 5014 2560 5066 illud
2589 5016 2744 5067 etiam
2775 5017 3038 5084 significes
3064 5021 3241 5082 velim,
3271 5023 3515 5076 numeris
3544 5024 3737 5078 nubem
3767 5042 3794 5076 ει

2223 5112 2273 5156 te
2299 5104 2601 5172 dissipatam
2631 5121 2768 5160 esse.
2804 5107 2934 5160 Nam
2971 5110 3014 5161 si
3045 5111 3144 5163 huc
3169 5127 3231 5166 ex
3263 5115 3365 5166 tuis
3399 5114 3563 5166 literis
3592 5114 3796 5170 intelle-

2222 5197 2472 5258 xerimus,
2500 5199 2690 5264 s:epius
2719 5216 2926 5267 quoque
2953 5201 3018 5254 ad
3048 5211 3097 5256 te
3127 5203 3305 5257 literas
3331 5205 3594 5267 dabimus,
3626 5217 3680 5258 ut
3706 5211 3794 5276 qui

2221 5291 2500 5342 scribendo
2525 5291 2715 5359 aliquid
2745 5295 3100 5360 proficiamus.
3127 5297 3480 5361 Quamobrem
3510 5299 3550 5350 si
3583 5302 3796 5354 crebras

2221 5396 2248 5430 a
2290 5382 2438 5433 nobis
2469 5381 2647 5435 literas
2678 5384 2917 5449 arripere
2951 5386 3131 5453 cupis,
3164 5386 3288 5440 illud
3320 5388 3472 5441 nobis
3498 5400 3678 5454 aperte
3713 5391 3791 5442 in-

2221 5471 2334 5522 dica
2355 5512 2367 5536 ,
2397 5487 2462 5524 ex
2491 5471 2851 5541 frequentibus
2880 5477 3075 5530 nostris
3107 5477 3273 5531 literis
3302 5478 3493 5546 aliquid
3531 5483 3798 5535 commodi

2223 5576 2533 5628 promanare
2557 5580 2567 5614 :
2592 5577 2653 5616 ac
2674 5564 2875 5617 videbis
2901 5582 2994 5620 nos
3020 5567 3067 5619 id
3092 5583 3323 5621 muneris
3347 5568 3640 5636 largissime
3663 5584 3797 5636 pra:-

2284 5692 2352 5744 (ει,
2387 5701 2524 5741 ὶνιηηι
2549 5703 2794 5743 Μίκων)...
2852 5699 2949 5744 int...
2985 5709 3032 5745 γι
3073 5701 3354 5749 tiu-tlinum
3396 5717 3439 5748 tu

2229 5758 2302 5801 ..‘._i
2332 5757 2602 5804 utauzbatut
2673 5773 2762 5820 12-
2808 5763 2842 5809 ’ν
2873 5775 2926 5809 .t:
2954 5769 3032 5807 1112-.
3049 5777 3084 5808 λ.

3466 5716 3544 5749 ηιμ
3574 5704 3796 5762 ινιιὶςὶι...-,
