4078 6430
194 379 300 434 607

192 507 405 577 ταχέως
435 507 605 572 ἔσται,
640 504 736 558 τοῦ
769 502 906 557 θεοῦ
941 499 1351 572 ἐπιτρέποντος.
1391 498 1563 566 Χαῖρε
1598 494 1767 547 τοίνυν

193 600 289 652 καὶ
347 598 664 667 εὐφραίνου,
704 597 797 648 καὶ
828 593 1070 664 ἐντρύφα
1117 608 1211 644 σου
1247 594 1360 653 τοῖς
1395 588 1776 661 [589]}:1709-

194 689 436 759 θώμασι,
474 689 566 740 καὶ
593 685 869 757 μηδέποτε
897 683 1174 754 ἀπογνῷς,
1203 683 1284 736 ὅτι
1311 698 1369 734 σε
1399 678 1642 749 ὀψόμεθα
1670 677 1776 730 πά-

195 783 302 844 λιν,
337 781 436 834 καὶ
473 779 581 833 τῶν
616 777 880 849 ῥημάτων
911 793 972 830 σε
999 774 1386 845 ἀναμνήσομεν
1405 771 1631 826 τούτων.

498 957 664 1028 Πρὸς
689 958 807 1027 τὴν
837 955 1034 1026 αὐτὴν
1060 954 1356 1024 ἐπιστολὴ
1379 953 1469 1008 η’.

268 1135 386 1189 οὐκ
430 1133 655 1205 ἔμελλον
699 1131 808 1202 ἀρα
849 1129 971 1184 οὐδὲ
1022 1129 1124 1200 τῆς
1173 1127 1381 1190 πόλεως
1423 1124 1787 1197 ἀναχωρήσας

197 1224 643 1283 ἀπαλλάττεσθαι
670 1223 780 1277 τῶν
804 1221 1201 1292 συντριϐόντων
1224 1218 1382 1291 ἡμῶν
1405 1217 1506 1289 τὴν
1524 1217 1782 1272 διάνοιαν.

198 1320 267 1372 Οῑ
307 1319 420 1388 1&9
466 1315 612 1372 κατά
645 1315 745 1386 τὴν
781 1314 902 1368 666v
929 1315 1062 1385 ἡμῖν
1107 1309 1489 1377 ἀπαντῶντες,
1515 1310 1567 1362 οι
1597 1309 1700 1380 μὲν
1727 1309 1788 1376 ἐξ

197 1411 497 1482 ἀνατολῆς,
525 1411 575 1464 οί
596 1408 657 1463 δὲ
683 1408 746 1474 ἐξ
780 1407 1102 1479 Ἀρμενίας,
1139 1407 1189 1460 οι
1223 1405 1282 1460 δὲ
1313 1405 1408 1460 καὶ
1443 1402 1741 1474 ἀλλαχόθεν
1760 1414 1786 1443 ει

198 1504 301 1574 τῆς
331 1503 659 1574 οίκουμένης
682 1541 698 1566 ,
729 1499 914 1574 πηγάς
947 1501 1142 1568 ἀφιᾶσι
1185 1497 1458 1570 δακρύων,
1495 1498 1643 1568 ἡμᾶς
1669 1495 1790 1567 βλέ-

201 1612 423 1658 ποντες,
466 1595 563 1647 καὶ
595 1593 876 1655 κωκυτοὺς
904 1588 1279 1662 προστιθέασι,
1314 1587 1410 1642 καὶ
1436 1585 1503 1640 δι’
1538 1584 1790 1656 ὀδυρμῶν

202 1688 389 1740 πᾶσαν
430 1684 895 1756 παραπέμπονται
942 1680 1040 1754 τὴν
1071 1680 1209 1736 ὁδόν.
1239 1680 1426 1734 Ταῦτα
1468 1679 1524 1734 δέ
1570 1680 1788 1750 εἴρηκα,

201 1776 292 1830 ἴνα
329 1775 566 1847 μάθητε,
595 1775 679 1829 ὅτι
703 1773 935 1838 πολλοὺς
968 1773 1078 1845 ἔχω
1107 1773 1510 1842 συναλγοῦντας
1536 1773 1668 1841 ύμῖν
1685 1784 1701 1802 δ
1728 1771 1792 1824 οὐ

205 1868 406 1940 μικρὸν
433 1867 493 1921 δέ
527 1863 802 1920 καὶτοῦτο
829 1867 912 1929 είς
935 1865 1289 1936 παραμυθίας
1312 1864 1489 1933 λόγον.
1515 1865 1579 1918 Εί
1601 1863 1712 1934 γὰρ
1732 1862 1794 1915 τὸ

203 1957 452 2011 ἐναντίον
490 1956 567 2021 ὼς
599 1955 741 2027 βαρὺ
775 1955 870 2010 καὶ
907 1955 1187 2025 ἀφόρητον
1224 1958 1254 2010 6
1286 1956 1575 2028 προφήτης
1605 1954 1796 2025 θρηνεῖ

203 2047 380 2116 λέγων
400 2062 415 2075 ’
462 2047 573 2102 Καὶ
620 2046 911 2116 ὑπέμεινα
951 2047 1495 2116 συλλυπούμενον,
1538 2046 1640 2100 καί
1680 2047 1793 2114 οὐχ

203 2137 503 2207 ὑπῆρξεν,
549 2137 650 2192 καὶ
695 2136 1230 2206 παρακαλοῦντας,
1279 2137 1379 2191 καὶ
1425 2139 1540 2206 οὐχ
1581 2131 1792 2206 εὗρον·

203 2229 434 2299 εὔδηλον
459 2229 541 2283 δτι
570 2228 731 2282 τοῦτο
758 2227 962 2300 πολλὴν
989 2227 1146 2299 φέρει
1191 2228 1294 2298 τὴν
1322 2228 1704 2299 παραμυθίαν,
1733 2227 1797 2280 τὸ

207 2322 502 2384 κοινωνοὺς
523 2319 668 2391 ἐχειν
688 2321 791 2391 τῆς
820 2319 1065 2390 ἀθυμίας
1081 2319 1181 2390 τὴν
1203 2319 1530 2391 οἰκουμένην
1551 2318 1793 2374 ἃπασαν.

206 2411 270 2464 Ei
307 2410 367 2464 δέ
414 2411 512 2464 καὶ
552 2409 748 2482 ἑτέραν
791 2410 977 2482 ζητεῖς
1022 2408 1413 2481 παραμυθίαν,
1448 2411 1612 2480 ἡμεῖς
1641 2410 1692 2463 oi
1729 2409 1798 2463 τά

203 2499 452 2554 τοσαῦτα
484 2500 580 2554 καὶ⁵
605 2499 912 2570 τηλικαῦτα
941 2498 1207 2562 παθόντες
1238 2498 1405 2564 κακὰ,
1427 2499 1486 2552 ἐν
1513 2498 1716 2570 ὑγιείᾳ,
1739 2499 1798 2551 ἐν

205 2590 365 2662 ἀδείᾳ
401 2590 684 2661 διάγομεν,
715 2591 776 2644 ἐν
803 2589 1005 2661 ἡσυχίᾳ
1031 2590 1223 2660 πολλῇ,
1258 2588 1618 2662 ἀριθμοῦντες
1639 2591 1672 2660 ἡ
1682 2589 1799 2660 μῶν

206 2681 277 2734 τά
322 2679 626 2750 παθήματα
650 2677 720 2733 τὰ
757 2679 980 2734 ποικίλα
1027 2678 1123 2732 καὶ
1158 2677 1381 2749 συνεχῆ,
1427 2677 1526 2741 τάς
1569 2678 1797 2748 θλίψεις,

207 2771 308 2834 τάς
347 2771 642 2836 ἐπιϐουλὰς
663 2811 679 2836 ,
724 2771 818 2825 καὶ
850 2774 918 2842 τῇ
952 2772 1143 2843 μνήμῃ
1174 2771 1381 2824 τούτων
1425 2771 1800 2842 ἐντρυφῶντες

207 2861 501 2932 διηνεκῶς.
533 2862 700 2916 Ταῦτ’
732 2858 826 2917 οὖν
855 2841 1300 2934 καὶήλογιζομένη
1326 2863 1469 2933 αὑτὴ
1493 2841 1803 2927 ,σκέδασον

207 2949 314 3017 τῆς
346 2948 587 3020 ἀθυμίας
612 2949 675 3003 τὸ
704 2950 890 3020 νέφος,
915 2949 1010 3002 καὶ
1036 2948 1214 3021 γράφε
1248 2947 1489 3018 συνεχῶς
1517 2949 1648 3018 ἡμῖν
1675 2949 1805 3018 περὶ

208 3039 313 3108 τῆς
341 3039 556 3107 ὑγιείας
575 3037 677 3109 τῆς
703 3038 823 3108 σῆς.
852 3035 1007 3090 Ἐπεὶ
1020 3036 1116 3089 καὶ
1132 3034 1228 3089 νῦν
1241 3033 1334 3088 τοῦ
1351 3034 1541 3105 κυρίου
1577 3052 1680 3105 μου
1707 3033 1802 3086 τοῦ

215 3131 600 3183 ποθεινοτάτου
636 3129 890 3201 Ἀραϐίου
916 3127 1316 3192 ἐπεσταλκότος
1341 3128 1494 3198 ἡμῖν,
1517 3120 1806 3197 ἐθαύμασα

216 3220 336 3285 πῶς
359 3222 394 3292 ἡ
423 3221 491 3291 σὴ
523 3220 776 3292 τιμιότης
797 3221 902 3274 οὐκ
925 3220 1248 3283 ἐπέσταλκε,
1273 3219 1451 3274 καίτοι
1481 3219 1584 3290 τῆς
1609 3220 1805 3291 κυρίας

219 3329 347 3381 μου,
385 3312 488 3382 τῆς
521 3311 813 3384 ἐλευθέρας
857 3311 1024 3367 αὑτοῦ
1049 3353 1066 3382 ,
1106 3312 1311 3383 σφόδρα
1345 3328 1442 3364 σου
1481 3311 1686 3381 φίληςδ
1718 3309 1808 3364 ού-

219 3421 342 3474 σης.
385 3403 592 3458 Ἐννόει
628 3403 684 3458 δέ
713 3405 958 3470 κάκεῖνο,
994 3405 1075 3458 ὅτι
1109 3404 1202 3457 καὶ
1243 3404 1312 3457 τὰ
1355 3403 1572 3475 χρηστά
1608 3403 1705 3456 καὶ
1741 3402 1809 3456 τὰ

216 3494 444 3565 λυπηρά
483 3494 581 3547 τοῦ
629 3496 898 3565 παρόντος
933 3494 1050 3565 βίου
1082 3493 1439 3566 παροδεύεται
1466 3493 1702 3547 ἅπαντα.
1746 3494 1808 3545 Εἰ

217 3587 327 3657 1&9
369 3587 467 3639 καὶ
514 3587 674 3658 στενὴ
719 3587 862 3658 πύλη
884 3627 901 3652 ,
948 3587 1042 3640 καὶ
1073 3585 1413 3656 τεθλιμμένη
1445 3586 1479 3655 ἠ
1514 3585 1663 3648 ὁδὸς,
1695 3586 1809 3638 ἀλλ’

216 3681 367 3751 ὅμως
399 3681 521 3744 ὁδός
539 3696 552 3709 ·
581 3680 886 3750 ἀναμνήσω
913 3679 1025 3750 γάρ
1052 3695 1114 3730 σε
1154 3679 1429 3748 ῥήματος.
1461 3672 1524 3732 οὗ
1549 3676 1812 3740 πολλάκις

217 3770 502 3842 διελέχθην
530 3770 670 3841 πρὸς
702 3769 762 3822 σέ
783 3785 796 3799 ο
827 3769 890 3821 Εἰ
928 3768 1023 3821 καὶ
1055 3768 1284 3820 πλατεῖα
1326 3769 1360 3837 ὴ
1390 3766 1567 3836 πύλη,
1601 3766 1694 3820 καί⁵
1715 3767 1810 3820 εὐ-

221 3863 474 3934 ρύχωρος
501 3866 535 3932 ἡ
565 3862 702 3926 ὁδὸς,
730 3861 868 3915 ἀλλά
897 3860 993 3914 καὶ
1022 3859 1162 3930 αὕτη
1191 3859 1330 3922 ὁδός.

304 3955 710 4022 Ἀπαλλαγεῖσα
729 3954 910 4006 τοίνυν
934 3954 1033 4022 τῆς
1062 3953 1187 4023 γῆς,
1215 3951 1417 4023 μᾶλλον
1439 3952 1496 4006 δὲ
1522 3950 1689 4005 αὐτοῦ
1715 3951 1811 4004 τοῦ

222 4043 525 4114 συνδέσμου
557 4041 660 4112 τῆς
697 4042 922 4113 σαρκὸς,
946 4041 1212 4111 διέγειρόν
1241 4058 1334 4093 σου
1363 4042 1462 4110 τῆς
1494 4041 1814 4110 φιλοσοφίας

219 4132 282 4186 τὺ
314 4135 518 4204 πτερὸν
541 4174 558 4198 ,
596 4133 732 4204 μηδὲ
765 4135 910 4204 ἀφῇς
947 4135 1052 4186 ὑπὸ
1081 4136 1180 4205 τῆς
1223 4138 1382 4198 σκιᾶς
1417 4135 1550 4189 αὐτὸ
1593 4137 1685 4189 καὶ
1718 4136 1813 4188 τοῦ

222 4225 436 4278 καπνοῦ
472 4223 674 4295 (τοῦτο
717 4225 825 4295 γάρ
867 4226 934 4278 τὰ
985 4225 1340 4298 ἀνθρώπινα)
1388 4227 1811 4297 βαπτίζεσθαιε.

235 4317 399 4370 ’Λλλά
442 4318 548 4369 κᾶν
597 4317 714 4388 ἴδῃς
762 4318 1040 4382 ἐκείνους,
1085 4319 1210 4383 τοὺς
1253 4319 1490 4372 τοσαῦτα
1534 4323 1613 4384 εἰς
1669 4323 1814 4391 ἡμᾶς

227 4408 747 4478 παρανομήσαντας,
777 4409 872 4462 καὶ
901 4408 1000 4472 τὰς
1029 4409 1214 4472 πόλεις
1237 4409 1419 4463 αὐτῶν
1447 4411 1691 4481 ἔχοντας,
1721 4413 1816 4464 καὶ

226 4501 390 4568 τιμῆς
421 4499 794 4562 ἀπολαύοντας
818 4502 912 4553 καὶ
944 4501 1293 4572 δορυφορίας,
1320 4502 1540 4571 ἐπίλεγε
1567 4504 1627 4556 τὸ
1666 4506 1816 4574 ῥῆμα

227 4591 420 4656 τοῦτο,
445 4591 710 4648 Πλατεῖα
738 4593 776 4659 ὴ
808 4595 992 4660 πύλη,
1025 4595 1122 4647 καί
1154 4596 1494 4664 εὐρύχωρος
1525 4597 1563 4663 ἡ
1592 4596 1752 4662 ὁδὸς,
1780 4598 1816 4664 ἡ

227 4682 551 4750 ἀπάγουσα
571 4685 658 4748 είς
680 4683 794 4752 τὴν
820 4685 1147 4750 ἀπώλειαν,
1175 4687 1270 4740 καὶ
1299 4687 1500 4757 δάκρυε
1531 4688 1616 4740 διὰ
1643 4688 1818 4739 ταῦτα

233 4772 433 4843 μᾶλλον
463 4775 700 4839 αὐτοὺς,
741 4777 836 4828 καὶ
869 4775 1076 4847 θρήνει.
1127 4777 1186 4829 '0
1224 4778 1331 4850 γὰρ
1367 4778 1599 4832 ἐνταῦθα
1647 4780 1817 4832 κακόν

230 4882 278 4916 τι
317 4865 526 4930 ποιῶν,
568 4862 688 4919 εἶτα
728 4867 866 4939 πρὸς
893 4868 972 4938 τῷ
1004 4868 1079 4939 μὴ
1120 4870 1302 4923 δοῦναι
1341 4870 1497 4941 δίκην
1529 4870 1621 4922 καὶ
1653 4871 1818 4940 τιμῆς

231 4958 380 5027 παρά
431 4958 737 5029 ἀνθρώπων
783 4961 1092 5026 ἀπολαύων,
1152 4963 1407 5032 μέγιστον
1455 4963 1818 5018 ἀπελεύσεται

230 5049 504 5118 τιμωρίας
539 5050 752 5119 ἐφόδιον
788 5051 927 5122 ἔχων
958 5055 1059 5122 τὴν
1088 5055 1276 5124 τιμήν.
1302 5053 1402 5107 Διά
1427 5072 1507 5108 τοι
1533 5055 1690 5108 τοῦτο
1724 5054 1819 5107 καὶ

231 5141 261 5192 6
287 5139 540 5201 πλούσιος
571 5143 780 5205 ἐκεῖνος
821 5143 1074 5213 χαλεπῶς
1108 5146 1574 5216 ἀπετηγανίζετο,
1618 5150 1679 5201 ού
1723 5149 1819 5216 τῆς

234 5232 513 5304 ὠμότητος
543 5236 711 5305 μόνης
750 5235 957 5299 ἕνεκεν,
995 5237 1062 5307 ἢν
1088 5237 1258 5308 περὶ(1
1289 5239 1382 5292 τὸν
1409 5239 1658 5312 Λάζαρον
1689 5243 1817 5292 ἐπε-

235 5324 480 5392 δείξατο.
519 5327 674 5390 δίκας
701 5326 913 5391 διδοὺς,
959 5328 1095 5381 ἀλλά
1128 5331 1221 5382 καὶ
1263 5331 1362 5398 τῆς
1411 5330 1561 5401 [5901
1619 5333 1820 5401 εὑημε-

297 5508 323 5539 ¹¹
346 5507 503 5556 Iidem
521 5521 632 5573 mss.
657 5509 700 5555 οἱ
726 5510 778 5573 δέ
790 5509 1055 5573 ἀλλαχόθεν
1074 5511 1379 5573 πολλαχόθεν.
1412 5511 1534 5561 lnl'ra
1560 5513 1707 5561 iidem
1730 5521 1796 5561 πά
1811 5540 1822 5548 τ

235 5585 323 5618 σαν
340 5571 753 5633 παραπέμπονται.
771 5571 894 5619 Ιιίτιὶιι
917 5571 1356 5633 παραπεμπόμενοι.
1382 5573 1487 5623 Ibid
1530 5575 1597 5619 ὅτι
1621 5577 1820 5624 πολλοὺς

237 5633 330 5696 ίχω
350 5630 700 5696 συναλγοῦντας
718 5633 845 5692 ἡμῖν.
871 5630 1000 5682 Ειιίὶζ
1030 5630 1219 5696 ﬁxae“:
1243 5635 1366 5693 ὑμῖν,

267 5691 323 5732 ’ὅ
346 5692 456 5755 Duo
481 5705 596 5739 mss.
629 5691 811 5754 σφόδρα
834 5712 911 5741 σοι
931 5691 1083 5755 φίληᾷ

297 5756 322 5825 ξ
350 5751 461 5825 91ξο
479 5767 597 5825 mgis.
632 5751 1038 5825 βάπτ’ίζεοθριικαῖ
1055 5759 1364 5825 -καθέλκεσθατ

295 5811 323 5853 δ
348 5815 506 5866 ﬁdem
527 5816 582 5875 ἧς
605 5811 724 5878 περί,
747 5824 796 5868 ει
822 5815 945 5869 infra
967 5819 1021 5874 ἧς
1047 5821 1093 5868 ἐν
1118 5820 1346 5880 ὠμότητι.

1615 355 1999 417 EPISTOLAS.

3305 375 3308 379 -
3367 342 3475 401 608

1891 479 2032 550 ρίας.
2077 472 2144 549 ἦς
2190 480 2248 531 ἐν
2285 477 2531 548 ὠμότητι
2574 474 2814 547 τοσαύτῃ
2860 469 3124 543 διηνεκῶς
3164 464 3476 535 ἀπολαύων,

1888 571 2009 624 οὐδὲ
2038 569 2212 642 ταύτῃ
2256 568 2483 639 βελτίων
2530 567 2766 636 ἐγένετο.
2809 564 2998 618 Ταῦτα
3037 562 3132 615 καὶ
3171 559 3240 613 τὰ
3266 559 3481 623 τούτοις

1889 663 2053 732 ὃμοια
2086 662 2179 732 (ού
2217 662 2326 732 1&9
2380 660 2695 728 διελίπομεν
2744 657 2922 712 ταῦτά
2965 672 3047 708 σοι
3096 651 3337 722 συνεχῶς
3378 652 3480 704 ἐπ⁶

1891 753 2150 824 ᾴδοντες)
2203 751 2566 822 διαλεγομένη
2622 750 2760 822 πρὸς
2806 748 3030 819 ἐαυτὴν,
3077 745 3336 799 δέσποινά
3380 758 3486 813 μου

1892 843 2286 914 θεοφιλεστάτη
2312 883 2329 907 ,
2369 842 2573 898 ἀπόθου
2610 842 2673 897 τὺ
2719 841 2858 913 βαρὺ
2899 839 3063 894 τοῦτο
3102 840 3203 908 τῆς
3245 834 3485 906 ἀθυμίας

1894 935 2139 1008 φορτίον,
2169 937 2265 990 καὶ
2283 936 2444 1008 δῆλον
2465 939 2601 1008 ἡμῖν
2628 934 2789 990 τοῦτο
2818 935 3046 1006 ποίησον
3065 949 3081 966 ο
3110 933 3198 986 ἵνα
3227 931 3366 999 ὅπερ
3389 927 3487 983 καὶ

1893 1027 2207 1100 ἔμπροσθεν
2224 1027 2562 1092 ἐπέσταλκα,
2587 1026 2773 1098 μαθὼν
2792 1028 2875 1080 ὅτι
2902 1023 3114 1095 γίνεταί
3135 1022 3219 1076 σοί
3239 1039 3293 1076 τι
3322 1018 3488 1074 πλέον

1895 1121 1976 1184 είς
2003 1119 2361 1191 παραμυθίας
2388 1118 2551 1188 λόγον
2593 1119 2687 1172 καὶ
2714 1118 2824 1176 ἀπὸ
2853 1117 2962 1171 τῶν
2995 1113 3280 1188 ἡμετέρων
3305 1127 3488 1183 γραμ-

1900 1212 2112 1283 μάτων,
2143 1209 2538 1282 συνεχέστερον
2563 1210 2860 1282 χρήσωμαι
2892 1207 2972 1279 τῷ
3000 1205 3304 1278 φαρμάκῳ.

2205 1324 2366 1394 Πρὸς
2400 1325 2517 1394 τὴν
2539 1323 2739 1394 αὐτὴν
2769 1320 3067 1390 ἐπιστολὴ
3099 1324 3177 1376 6'.

1970 1438 2144 1492 Ὅταν
2168 1437 2264 1493 ίδω
2290 1437 2500 1510 δήμους
2536 1436 2748 1511 ἀνδρῶν
2772 1437 2868 1491 καὶ
2899 1432 3180 1505 γυναικῶν
3217 1430 3361 1486 κατά
3390 1429 3494 1496 τὰς

1896 1531 2071 1594 ὀδοὺς,
2105 1529 2250 1585 κατά
2271 1531 2400 1594 τοὺς
2432 1530 2708 1601 σταθμοὺς
2727 1541 2774 1594 ο,
2800 1530 2941 1583 κατά
2969 1526 3070 1592 τάς
3097 1525 3284 1589 πόλεις
3308 1525 3496 1594 ἐκχεο-

1904 1623 2121 1694 μένους,
2151 1624 2248 1676 καὶ
2269 1622 2515 1695 ὁρῶντας
2544 1623 2696 1694 ἡμᾶς
2721 1621 2817 1677 καὶ
2851 1619 3212 1692 δακρύοντας,
3247 1616 3418 1671 ἐννοῶ
3437 1618 3498 1671 ἐν

1898 1715 2010 1769 τίσι
2036 1714 2106 1768 τά
2135 1715 2398 1787 ὑμέτερα.
2433 1713 2497 1768 Εί
2526 1715 2639 1786 1&9
2664 1707 2814 1768 οῦτοι
2846 1711 2944 1768 νῦν
2966 1711 3187 1782 πρῶτον
3219 1711 3368 1782 ἡμᾶς
3396 1710 3501 1763 ἐω-

1906 1807 2136 1879 ρακότες
2158 1846 2175 1871 ,
2206 1805 2353 1860 οὕτω
2391 1805 2778 1861 κατακλῶνται
2811 1804 2919 1860 ὑπὸ
2958 1805 3060 1876 τῆς
3103 1803 3374 1875 ἀθυμίας,
3421 1801 3500 1867 ῶς

1906 1898 2044 1969 μηδὲ
2073 1899 2388 1968 ἀνενεγκεῖν
2417 1897 2639 1971 ῥᾳδίως,
2671 1897 2810 1952 ἀλλά
2837 1895 3192 1950 ἱκετευόντων
3219 1897 3254 1964 ἡ
3263 1894 3382 1966 μῶν
3407 1895 3503 1947 καὶ

1904 1991 2371 2063 παρακαλούντων
2421 1991 2518 2046 καὶ
2574 1987 3082 2060 συμϐουλευόντων,
3133 1985 3502 2059 θερμοτέρους

1904 2082 2124 2154 ἀφιέναι
2162 2082 2416 2154 δακρύων
2449 2083 2715 2155 κρουνοὺς
2737 2123 2755 2149 ,
2806 2081 3034 2154 εὔδηλον
3079 2081 3164 2135 ὅτι
3204 2079 3336 2150 παρ’
3372 2080 3504 2150 ὑμῖν

1907 2177 2264 2249 σφοδρότερος
2287 2177 2317 2230 6
2341 2177 2570 2247 χειμών.
2611 2175 2752 2230 Ἀλλ’
2782 2175 2895 2247 ὅσῳ
2943 2173 3302 2245 σφοδρότερος
3327 2175 3356 2226 6
3389 2188 3502 2242 χει·

1909 2269 2047 2341 μὼν,
2073 2268 2315 2340 τοσούτῳ
2362 2269 2458 2322 καὶ
2493 2267 2720 2340 μείζονα
2749 2266 2820 2322 τὰ
2859 2266 3124 2340 βραϐεἰα,
3156 2266 3207 2319 εί
3236 2262 3503 2335 διηνεκῶς

1907 2360 2069 2414 αὐτὸν
2092 2361 2431 2432 εὐχαρίστως
2450 2360 2753 2429 ἐνέγκοιτε,
2782 2359 2880 2415 καὶ
2912 2359 3053 2430 μετά
3083 2357 3185 2428 τῆς
3205 2354 3508 2428 προσηκού-

1909 2469 2010 2522 σης
2039 2452 2325 2523 ἀνδρείας,
2360 2451 2552 2524 ῶσπερ
2577 2447 2673 2506 οὖν
2706 2453 2803 2506 καὶ
2835 2453 3058 2525 φέρετε.
3101 2451 3254 2505 Ἐπεὶ
3281 2449 3378 2503 καὶ
3407 2466 3507 2502 κυ-

1908 2543 2176 2615 ϐερνῆται
2202 2543 2409 2614 ἀνέμου
2439 2542 2673 2614 σφοδροῦ
2705 2543 2981 2607 πνέοντος,
3014 2543 3084 2596 ἀν
3110 2543 3210 2613 μὲν
3238 2542 3382 2613 πέρα
3411 2540 3507 2596 τοῦ

1913 2635 2114 2708 μέτρου
2142 2633 2212 2687 τὰ
2249 2632 2395 2687 ἱστία
2417 2633 2860 2698 ἀναπετάσωσιν,
2880 2632 3274 2702 περιτρέπουσι
3298 2633 3359 2684 τὸ
3383 2631 3512 2685 σκάο

1911 2744 2043 2796 φος·
2089 2726 2157 2780 ἀν
2189 2726 2249 2779 δὲ
2284 2727 2622 2798 συμμέτρως
2668 2727 2765 2778 καὶ
2807 2725 2884 2788 ὡς
2926 2724 3205 2795 προσῆκεν
3255 2723 3511 2778 ίθύνωσιν

1911 2819 2066 2883 αὐτὸ,
2098 2817 2237 2890 μετά
2259 2819 2562 2888 ἀσφαλείας
2592 2818 2818 2871 πλέουσι
2851 2816 3076 2887 πολλῆς.
3110 2817 3275 2871 Ταῦτ’
3309 2815 3406 2870 οὖν
3435 2820 3513 2870 εί-

1912 2913 2054 2978 δυῖα,
2083 2912 2342 2966 δέσποινά
2377 2929 2478 2983 μου
2513 2910 2926 2981 θεοφιλεστάτη,
2965 2910 3042 2982 μὴ
3072 2910 3244 2981 ἐκδιῖις
3273 2910 3513 2981 σεαυτὴν

1914 3007 1980 3075 τῇ
2011 3005 2109 3075 τῆς
2135 3003 2377 3074 ἀθυμίας
2411 3003 2708 3075 τυραννίδι,
2740 3003 2879 3056 ἀλλά
2922 3002 3118 3074 κράτει
3151 3001 3232 3074 τῷ
3264 3002 3515 3073 λογισμῷ

1913 3097 2010 3150 τοῦ
2058 3097 2356 3168 χειμῶνος”
2399 3096 2626 3152 δύνασαι
2661 3095 2772 3166 1&9
2795 3137 2810 3160 ,
2837 3096 2933 3150 καὶ
2966 3095 3028 3148 οὐ
3068 3092 3256 3166 μεῖζόν
3285 3112 3380 3148 σου
3412 3096 3514 3166 τῆς

1915 3190 2111 3261 τέχνης
2157 3188 2219 3242 τὸ
2269 3187 2598 3242 κλυδώνιονο
2647 3188 2742 3241 καὶ
2791 3188 2976 3259 πέμπε
3029 3188 3336 3262 γράμματα
3380 3190 3515 3260 ἡμῖν

1916 3282 2075 3336 τοῦτο
2118 3282 2533 3350 ἀπαγγέλλοντα
2552 3320 2568 3347 ,
2613 3281 2702 3335 ἵνα
2751 3283 2847 3335 καὶ
2896 3283 2955 3335 ἐν
2997 3280 3258 3354 ἀλλοτρίᾳ
3302 3282 3518 3354 διατρί-

1921 3375 2142 3442 ϐοντες,
2172 3375 2375 3445 πολλὴν
2404 3373 2838 3446 καρπωσῶμεθα
2869 3374 2970 3444 τὴν
2997 3373 3363 3446 εὐφροσύνην,
3411 3390 3516 3444 μα--

1921 3467 2104 3531 Οόντες
2130 3469 2216 3521 ὅτι
2257 3466 2395 3537 μετά
2426 3468 2527 3538 τῆς
2566 3465 2954 3538 προσηκούσης
2988 3483 3072 3520 σοι
3113 3467 3386 3530 συνέσεως
3423 3467 3520 3518 καὶ

1921 3560 2237 3630 φιλοσοφίας
2267 3561 2507 3633 ἤνεγκας
2535 3561 2635 3632 τὴν
2677 3559 2916 3630 ἀθυμίαν
2942 3559 3168 3630 ταύτην.
3210 3560 3399 3613 Ταῦτα
3428 3560 3520 3625 ἐγ-

1921 3653 2020 3720 γὺς
2057 3653 2614 3725 Καισαρείας-λοιπὸν
2647 3651 2818 3708 ἐλθὼν
2850 3651 3168 3706 ὲπέσταλκά
3201 3669 3296 3706 σου
3332 3655 3400 3722 τῇ
3437 3668 3520 3704 τι-

1927 3748 2160 3819 μιότητι.

2241 3841 2398 3910 Πρὸς
2425 3840 2542 3910 τὴν
2566 3839 2768 3908 αὐτὴν
2802 3838 3102 3907 ἐπιστολὴ
3127 3840 3194 3895 1'.

2008 3930 2169 3984 Ἀλλά
2197 3931 2290 3984 καὶ
2321 3929 2482 3984 τοῦτό
2511 3947 2594 3984 σοι
2623 3928 2868 3984 λελύσθω
2888 3930 2950 3983 τὸ
2977 3931 3098 3995 δέος
3118 3973 3132 3996 ,
3161 3931 3223 3986 τὸ
3243 3932 3346 4003 τῆς
3382 3931 3521 3986 ὀδοισ»

1926 4024 2122 4093 πορίας
2145 4023 2244 4094 τῆς
2273 4022 2569 4094 ἡμετέρας.
2611 4022 2724 4076 Καὶ
2752 4024 2885 4094 1&9,
2916 4023 3055 4093 ὅπερ
3082 4023 3254 4095 ἔφθην
3283 4024 3525 4077 ἐπιστεί-

1925 4116 2043 4179 λας,
2072 4115 2131 4167 τὸ
2159 4115 2318 4184 σῶμα
2337 4116 2466 4185 ἡμῖν
2497 4116 2577 4178 είς
2593 4115 2804 4183 ὑγίειαν
2829 4116 2925 4169 καὶ
2952 4115 3177 4169 πλείονα
3204 4115 3372 4185 ρῶσιν
3401 4116 3526 4170 ἐπέ·

1926 4207 2087 4272 δωκε,
2119 4205 2213 4258 τοῦ
2246 4223 2306 4259 τε
2335 4205 2496 4277 ἀέρος
2528 4206 2708 4270 καλῶς
2739 4209 2873 4277 ἡμῖν
2904 4208 3281 4278 κεχρημένου,
3317 4207 3429 4260 τῶν
3461 4225 3524 4262 τε

1927 4298 2247 4365 ἁπαγόντων
2269 4298 2420 4369 ἡμᾶς
2448 4300 2628 4352 πᾶσαν
2654 4301 2997 4370 ποιουμένων
3031 4301 3290 4372 σπουδὴν,
3323 4302 3465 4374 ὑπὲρ
3492 4302 3522 4354 ὃ

1931 4389 2230 4460 βουλόμεθα
2264 4388 2565 4442 ἀναπαύειν
2599 4392 2781 4461 ἡμᾶς,
2815 4395 2910 4446 καὶ
2946 4391 3109 4463 ἔργον
3144 4392 3302 4445 τοῦτο
3333 4410 3522 4446 ποιου-

1931 4484 2128 4552 μένων.
2168 4483 2397 4537 Μέλλων
2423 4483 2478 4536 δὲ
2510 4483 2617 4535 ἀπὸ
2649 4482 2751 4551 τῆς
2782 4483 3014 4548 Νικαίας
3046 4483 3286 4552 ἐξιέναι,
3315 4483 3522 4555 ταύτην

1927 4575 2318 4645 διεπεμψάμην
2363 4576 2462 4646 τὴν
2499 4575 2813 4645 ἐπιστολὴν,
2859 4577 3016 4647 τρίτῃ
3056 4577 3227 4648 μηνὸς
3257 4575 3353 4629 τοῦ
3394 4578 3522 4630 ἰους

1928 4668 2063 4722 λίου.
2097 4668 2280 4738 Γράφε
2320 4662 2412 4720 οὖν
2445 4670 2580 4738 ἡμῖν
2619 4666 2858 4736 συνεχῶς
2886 4670 3015 4740 περὶ
3042 4670 3140 4740 τῆς
3184 4669 3395 4737 ὑγιείας
3427 4672 3526 4740 τῆς

1931 4760 2051 4830 σῆς.
2087 4761 2478 4828 Διακονήσεται
2527 4759 2634 4830 γάρ
2673 4775 2757 4812 σοι
2806 4761 2940 4830 πρὸς
2980 4759 3139 4813 τοῦτο
3186 4763 3215 4813 ὁ
3243 4761 3524 4836 ,δεσπότης

1933 4869 2035 4921 μου
2073 4851 2387 4921 Περγάμιος
2411 4892 2425 4914 ,
2457 4844 2502 4918 ᾧ
2528 4850 2737 4919 σφόδρα
2766 4851 3106 4923 τεθάρρηκα.
3141 4853 3234 4924 Μὴ
3263 4854 3392 4923 περὶ
3425 4853 3526 4922 τῆς

1930 4944 2140 5011 ὑγιείας
2172 4943 2333 5013 μόνον
2364 4944 2495 5013 ἡμῖν
2524 4942 2683 5013 δήλου
2727 4942 2829 5010 τῆς
2867 4943 3001 5013 σῆς,
3050 4945 3186 4998 ἀλλά
3231 4948 3323 4999 καὶ
3371 4945 3524 5018 [59η

1931 5037 2062 5106 περ)⁸
2096 5035 2190 5088 τοῦ
2237 5033 2564 5088 ἐσκεδάσθαι
2612 5052 2694 5088 σοι
2732 5036 2833 5107 τῆς
2869 5035 3110 5108 ἀθυμίας
3149 5039 3209 5091 τὸ
3240 5040 3421 5108 νέφος.
3463 5041 3524 5091 Εἰ

1929 5131 2038 5200 γὰρ
2081 5129 2346 5199 μάθοιμεν
2377 5128 2467 5181 διά
2497 5127 2607 5181 τῶν
2639 5129 2988 5199 γραμμάτων
3037 5129 3142 5183 τῶν
3190 5130 3299 5183 σῶν
3342 5131 3525 5194 τοῦτο,

1931 5218 2025 5271 καὶ
2055 5218 2444 5288 συνεχέστερον
2472 5216 2886 5288 ἐπιστελοῦμεν,
2906 5219 2983 5282 ῶς
3005 5219 3263 5284 ἀνύοντές
3288 5239 3340 5274 τι
3364 5223 3527 5277 πλέον

1931 5311 1996 5362 δι’
2044 5303 2120 5362 ὧν
2167 5309 2473 5379 γράφομεν.
2526 5310 2589 5362 El
2630 5310 2811 5364 τοίνυν
2856 5311 3141 5380 ἐπιθυμεῖς
3191 5313 3527 5384 πυκνότητος

1933 5400 2226 5453 ἀπολαύειν
2268 5400 2568 5453 ἐπιστολῶν
2589 5439 2603 5463 ,
2635 5401 2795 5471 δήλου
2832 5403 3019 5470 σαφῶς
3046 5405 3176 5474 ἡμῖν
3207 5405 3288 5458 ὃτι
3319 5406 3528 5472 γίνεταί

1933 5510 1982 5542 τι
2027 5491 2192 5543 πλέον
2219 5490 2330 5542 ἀπὸ
2358 5491 2455 5562 τῆς
2485 5491 2843 5562 πυκνότητος,
2873 5493 2968 5545 καὶ
3015 5493 3135 5562 ὄψει
3183 5495 3324 5565 μετὰ
3368 5496 3530 5565 δαψι.

1937 5585 2082 5646 λείας
2109 5585 2269 5638 τοῦτο
2293 5586 2651 5653 παρέχοντας.
2695 5587 2846 5638 Ἐπεὶ
2873 5589 2965 5640 καὶ
3005 5589 3121 5653 νῦν,
3146 5590 3356 5643 πολλῶν
3388 5608 3531 5660 παρ-

2001 5771 2023 5830 έ
2052 5766 2256 5830 Σιαιιμίυς
2283 5763 2597 5830 hicjdjpsqm
2622 5769 2820 5823 putatur
2847 5778 2978 5823 esse,
3008 5767 3289 5830 qumlrinfra
3312 5771 3362 5817 in
3414 5769 3532 5830 F.le-

1936 5827 2290 5888 utoluquadam
2333 5825 2392 5873 ad
2437 5825 2662 5875 lluﬁnum
2704 5830 2840 5887 mura,
2872 5841 2960 5877 seu
3003 5825 3192 5881 Mansiu
3232 5825 3532 5893 appellati".
