4078 6442
559 347 658 404 οοει

559 455 816 512 ελθόντων
858 458 1104 511 ἐντεῦθεν
1138 459 1243 512 τῶν
1277 460 1587 530 δυναμένων
1630 459 1934 532 γράμματα
1966 460 2125 531 κομί-

562 564 671 612 σαι,
704 548 776 619 μὴ
802 547 1092 619 δεξάμενος
1114 549 1268 621 παρά
1302 551 1404 622 τῆς
1437 552 1536 622 σῆς
1561 552 1876 624 τιμιότητος
1905 553 2126 606 ἐπιστο-

557 636 673 717 λὴν,
707 639 910 711 σφόδρα
942 639 1173 712 ἤλγησα.

850 777 1006 844 Πρὸς
1041 777 1155 846 τὴν
1177 779 1372 844 αὐτὴν
1396 780 1690 852 ἐπιστολὴ
1715 787 1827 839 ΙΔί.

623 887 775 957 Ὀσῳ
801 888 870 941 τά
887 888 992 943 τῶν
1014 891 1336 961 πειρασμῶν
1360 894 1492 964 ἡμῖν
1521 893 1863 956 ἐπιτείνεται,
1885 891 2124 962 τοσούτῳ

555 979 647 1034 καὶ
671 979 740 1032 τὰ
767 981 865 1050 τῆς
902 981 1300 1053 παρακλήσεως
1333 986 1466 1054 ἡμῖν
1494 985 1734 1052 αὔξεται,
1768 985 1863 1038 καὶ
1891 1000 2126 1055 χρηστο-

550 1070 712 1142 τέρας
740 1070 932 1140 ἔχομεν
968 1074 1097 1143 περὶ
1128 1073 1236 1126 τῶν
1281 1074 1582 1143 μελλόντων
1619 1075 1716 1140 τὰς
1743 1076 1996 1139 ἐλπίδας·
2029 1074 2124 1128 νῦν

552 1160 609 1212 δέ
658 1159 800 1213 κατὰ
845 1161 971 1231 ῥοῦν
1009 1165 1140 1233 ἡμῖν
1188 1165 1400 1218 ἅπαντα
1435 1165 1698 1237 φέρεται,
1742 1167 1837 1220 καλ⁵
1876 1165 2123 1237 ἐξουρίας

551 1249 803 1319 πλέομεν.
823 1251 918 1313 Τίς
941 1247 1081 1304 εἶδεν
1101 1269 1114 1316 ;
1138 1254 1221 1316 τίς
1246 1254 1475 1323 ἤκουσεν
1497 1273 1512 1321 ;
1547 1254 1781 1323 Ὗφαλοι
1814 1257 1909 1309 καὶ
1931 1255 2123 1309 σπιλάο

548 1339 668 1404 δες,
701 1339 966 1411 στρόϐιλοι
1006 1342 1099 1395 καὶ
1139 1344 1450 1413 καταιγίδες
1483 1347 1988 1417 καταρῤήγνυνται·
2027 1344 2128 1410 νὺξ

548 1429 825 1498 ἀσέληνος,
877 1432 1038 1501 ζόφος
1083 1433 1270 1502 βαθὺς,
1312 1436 1552 1506 κρημνοὶ
1576 1436 1670 1488 καὶ
1695 1433 1981 1487 σκόπελοι·
2025 1434 2122 1488 καὶ

546 1519 634 1574 διά
667 1521 906 1574 τοιούτου
940 1522 1198 1587 πλέοντες
1239 1525 1508 1594 πελάγους
1530 1565 1545 1588 ,
1577 1526 1686 1579 τῶν
1721 1528 1778 1579 ἐν
1813 1525 1990 1596 λιμένι
2024 1541 2122 1578 σα-

547 1613 812 1672 λευόντων
857 1615 1009 1668 οὐδὲν
1053 1617 1231 1688 χεῖρον
1277 1617 1598 1688 διακείμεθα
1616 1629 1663 1669 ι.
1707 1617 1867 1671 Ταῦτ’
1901 1611 1995 1670 οῦν
2028 1616 2121 1670 καὶ

549 1703 686 1774 αὑτὴ
714 1703 1054 1776 λογιζομένη,
1080 1705 1334 1760 δέσποινά
1358 1724 1460 1777 μου
1483 1705 1890 1778 θεοφιλεστάτη.
1922 1705 2119 1777 ὑψηλο-

547 1795 681 1867 τέρα
714 1796 861 1864 γίνου
894 1797 1002 1850 τῶν
1029 1797 1272 1866 θορύϐων
1301 1798 1526 1861 τούτων,
1551 1799 1647 1861 καὶ
1673 1800 1781 1853 τῶν
1809 1796 2118 1865 κλυδώνων,

546 1887 644 1940 καὶ
669 1886 902 1958 δηλῶσαί
930 1905 1020 1958 μοι
1045 1888 1381 1958 καταξίωσον
1407 1891 1479 1944 τὰ
1505 1891 1634 1961 περὶ
1653 1893 1752 1961 τῆς
1774 1889 1986 1960 ὑγιείας
2016 1891 2119 1961 τῆς

549 1981 679 2052 σῆςο
711 1983 870 2060 ἡμεῖς
911 1980 1021 2052 γάρ
1051 1983 1108 2034 ἐν
1141 1982 1320 2052 ὑγιείᾳ
1349 1983 1443 2036 καὶ
1470 1985 1528 2036 ὲν
1569 1984 1804 2054 εὐθυμία
1835 1983 2114 2053 διάγομεν.

545 2075 658 2128 Καὶ
686 2073 794 2144 γάρ
823 2073 919 2127 καὶ
949 2073 1011 2127 τὸ
1043 2073 1202 2143 σῶμα
1229 2076 1362 2146 ἡμῖν
1385 2075 1860 2147 ἐρρωμενέστερον
1901 2075 2115 2144 γέγονε,

547 2164 641 2218 καὶ
664 2163 900 2236 καθαρὸν
922 2155 1259 2235 ἀναπνέομεν
1289 2165 1448 2236 ἀέρα,
1467 2165 1598 2219 οἵτε
1616 2165 2118 2236 συναποδημοῦντες

545 2258 679 2327 ἡμῖν
715 2259 1000 2327 ἐπαρχικοὶ
1022 2298 1037 2321 ,
1100 2257 1245 2311 οῦτω
1273 2257 1686 2328 θεραπεύουσιν,
1723 2259 1804 2311 ὅτι
1831 2258 1951 2311 οὐδὲ
1977 2260 2118 2312 οίκε-

544 2347 652 2402 τῶν
680 2350 826 2418 ἡμᾶς
847 2349 1036 2418 ἀφιᾶσι
1063 2348 1287 2413 δεῖσθαι,
1313 2347 1384 2401 τά
1412 2347 1640 2401 οἰκετῶν
1665 2346 1968 2410 ποιοῦντες.
2006 2347 2116 2400 Καὶ

544 2438 653 2511 γάρ
696 2439 950 2509 ἥρπασαν
987 2439 1048 2491 τὸ
1080 2438 1360 2509 ἐπίταγμα
1389 2437 1545 2492 τοῦτο
1573 2436 1661 2493 διὰ
1688 2437 1780 2490 τὸν
1813 2437 1940 2510 περὶ
1967 2438 2116 2507 ἡμᾶς

544 2527 742 2600 ιρωτα.
793 2528 901 2581 Καὶ
941 2527 1260 2598 δορυφορίαι
1308 2525 1612 2596 πανταχοῦ,
1663 2527 1893 2580 ἑκάστου
1927 2525 2116 2578 ἐαυτὸν

547 2612 938 2688 μακαρίζοντας
981 2617 1071 2670 διὰ
1109 2618 1211 2687 τὴν
1252 2617 1525 2671 διακονίαν
1561 2616 1784 2687 ταύτην.
1826 2617 1926 2671 Ἔν
1968 2618 2116 2671 ἐστιν

540 2711 690 2782 ἡμᾶς
735 2709 796 2763 τὸ
835 2707 1074 2772 λυποῦν,
1122 2708 1184 2762 τὸ
1223 2708 1298 2780 μὴ
1339 2708 1561 2780 θαρρεῖν
1599 2711 1682 2762 ὃτι
1733 2709 1828 2761 καὶ
1869 2709 2008 2779 αὐτὴ
2056 2711 2115 2763 ἐν

543 2801 724 2872 ὑγιείᾳ
751 2800 956 2868 διάγεις
977 2801 1028 2853 δ.
1056 2799 1305 2870 Δὴλωσον
1343 2799 1409 2870 δὴ
1433 2799 1622 2864 τοῦτο,
1660 2801 1748 2854 ἵνα
1777 2802 1871 2856 καὶ
1897 2802 2000 2870 τῆς.
2024 2803 2111 2853 ἐν·

541 2891 730 2946 τεῦθεν
755 2892 1147 2961 ἀπολαύσωμεν
1175 2890 1534 2962 εὐφροσύνης,
1566 2893 1660 2945 καὶ
1688 2891 1768 2963 τῷ
1809 2893 1983 2964 κυρίῳ
2013 2909 2114 2962 μου

539 2981 600 3037 δέ
643 2979 723 3052 τῷ
766 2981 1124 3051 ποθεινοτάτῳ
1154 2981 1332 3052 τέκνῳ
1380 2980 1538 3052 ἡμῶν
1577 2981 1878 3053 Περγαμίῳ
1915 2981 2115 3046 πολλὰς

542 3075 770 3148 χάριτας
809 3073 1147 3144 είσώμεθαε.
1191 3073 1313 3127 Κάν
1347 3071 1541 3144 ἐθέλῃς
1580 3075 1713 3144 ἡμῖν
1756 3074 2109 3140 ἐπιστέλλειν,

542 3166 691 3238 αὐτῷ
715 3166 848 3238 πρὸς
875 3164 1032 3219 τοῦτο
1055 3165 1277 3235 χρῆσαι,
1302 3165 1508 3236 γνησίῳ
1537 3181 1595 3217 τε
1625 3165 1757 3228 ϐντι,
1784 3165 1878 3218 καὶ
1908 3163 2112 3236 σφόδρα

541 3259 673 3329 ἡμῖν
712 3258 1054 3328 ἀνακειμένῳ
1074 3295 1087 3318 ,
1121 3256 1214 3310 καὶ
1253 3255 1395 3310 πάνυ
1429 3256 1732 3328 αἰδουμένῳ
1765 3255 1863 3327 τὴν
1890 3257 2113 3328 κοσμιό-

540 3349 681 3420 τητά
705 3365 820 3414 σου,
856 3347 950 3400 καὶ
975 3347 1072 3417 τὴν
1105 3345 1409 3401 εὐλάϐειαν.
2035 3345 2046 3355 ’

821 3480 977 3549 Πρός
1006 3479 1120 3547 τὴν
1163 3479 1358 3548 αὐτὴν
1385 3479 1679 3548 ἐπιστολὴ
1713 3483 1824 3536 IB'.

613 3611 722 3682 Τὴν
757 3610 1070 3682 ἀρρωστίαν
1105 3608 1411 3678 διαφυγὼν,
1450 3612 1515 3680 ἢν
1553 3610 1696 3664 κατά
1726 3611 1828 3680 τὴν
1864 3611 1980 3666 ὁδὸν
2009 3612 2112 3664 ὑπ-

542 3702 734 3772 έμεινα
753 3743 767 3767 ,
801 3697 868 3772 ἦς
894 3701 989 3754 καὶ
1024 3700 1090 3753 τά
1120 3700 1346 3770 λείψανα
1374 3702 1453 3763 είς
1484 3702 1818 3772 Καισάρειαν
1855 3701 2108 3772 ἐκόμισα,

544 3795 637 3853 καὶ
684 3793 820 3864 πρὸς
861 3791 959 3863 τὴν
993 3790 1202 3859 ὑγίειαν
1253 3791 1564 3847 ἐπανελθὼν
1609 3791 1794 3845 λοιπὸν
1838 3793 2109 3864 καθαρὰν,

541 3885 834 3937 ἐπιστέλλω
862 3900 954 3935 σου
996 3885 1061 3952 τῇ
1105 3881 1357 3954 εὐλαϐείᾳ
1393 3883 1500 3935 ἀπὸ
1549 3884 1884 3952 Καισαρείας
1916 3885 2107 3955 αὐτῆς,

542 3978 599 4028 ἐν
731 3975 929 4043 πολλῆς
977 3974 1290 4036 ἀπολαύσας
1327 3975 1639 4046 θεραπείας,
1686 3977 1814 4046 ῥᾷον
1841 3975 2106 4046 διετέθην,

543 4063 740 4134 ἰατρῶν
786 4063 1022 4133 ἀρίστων
1044 4103 1060 4129 ,
1101 4063 1193 4117 καὶ
1223 4063 1425 4135 σφόδρα
1458 4064 1925 4135 εὐδοκιμωτάτων,
1961 4063 2108 4140 [592]

541 4155 633 4218 καί
666 4152 978 4224 συμπαθείᾳ
1010 4153 1103 4206 καὶ
1129 4152 1335 4224 φίλτρῳ
1371 4153 1593 4222 μᾶλλον,
1631 4155 1752 4224 οὐχὶ
1781 4153 1940 4226 τέχνῃ
1972 4156 2110 4228 μόνῃ

541 4242 949 4313 θεραπευόντων
984 4244 1129 4313 ἡμᾶς
1160 4241 1453 4312 ἐπιτυχὼν,
1492 4235 1567 4296 ὧν
1598 4243 1824 4312 θάτερος
1861 4246 1953 4297 καὶ
1985 4261 2109 4298 συν-

537 4333 794 4398 απελθεῖν
835 4336 966 4404 ἡμῖν
995 4333 1258 4402 ὑπέσχετο
1281 4372 1296 4397 ,
1329 4333 1422 4386 καὶ
1449 4333 1626 4404 ἕτεροι
1656 4333 1710 4385 δὲ
1754 4333 1971 4398 πλείους
1997 4334 2106 4389 τῶν

541 4425 600 4477 ἐν
624 4422 912 4496 ἀξιώμασι.
960 4426 1068 4478 Καὶ
1103 4426 1262 4495 ἡμεῖς
1297 4425 1393 4495 μὲν
1422 4423 1680 4488 πολλάκις
1720 4426 2106 4497 ἐπιστέλλομεν

539 4513 610 4569 τὰ
637 4515 756 4569 καθ’
784 4519 958 4587 ἡμᾶς·
988 4517 1126 4585 αὐτη
1155 4515 1232 4577 δὲ,
1265 4517 1294 4568 δ
1327 4517 1420 4570 καὶ
1445 4517 1755 4587 ἔμπροσθεν
1786 4517 2104 4581 ἐνεκάλεσα,

541 4609 833 4673 σπανιάκις
865 4609 1022 4661 τοῦτο
1053 4610 1242 4670 ποιεῖς.
1273 4609 1382 4660 Καὶ
1405 4607 1491 4660 ἵνα
1518 4607 1693 4678 μάθῃς
1723 4607 1807 4660 ὅτι
1837 4607 2108 4677 ῥᾳθυμίας

541 4703 640 4771 σῆς
676 4703 791 4754 ἐστι
823 4699 980 4752 τοῦτο
1001 4740 1016 4764 ,
1046 4699 1139 4753 καὶ
1185 4697 1307 4767 οὐχὶ
1333 4701 1366 4769 ἠ
1400 4699 1594 4762 σπάνις
1632 4698 1741 4752 τῶν
1774 4715 2107 4769 γραμματηο

539 4792 719 4861 φόρων
748 4789 904 4846 τοῦτο
940 4792 1115 4853 ποιεῖ,
1144 4791 1173 4842 ό
1201 4789 1389 4860 κύριός
1416 4806 1518 4859 μου
1537 4828 1550 4852 ,
1579 4791 1608 4841 ό
1635 4789 1861 4860 ἀδελφὸς
1880 4791 1980 4843 ’τοῦ
2006 4809 2108 4861 μα-

537 4887 725 4955 καρίου
750 4883 1002 4953 Μαξίμου
1034 4880 1129 4935 τοῦ
1159 4881 1481 4945 ἐπισκόπου,
1509 4881 1616 4951 πρὸ
1641 4879 1733 4934 δύο
1759 4880 1964 4935 τούτων
1999 4883 2106 4934 ἀπ-

538 4978 770 5043 ήντησεν
797 4974 1040 5043 ἡμερῶν.
1057 4973 1152 5026 καὶ
1171 4971 1413 5043 αἰτηθεὶς
1433 4973 1560 5042 παρ’
1589 4971 1747 5046 ἡμῶν
1775 4973 2102 5043 γράμματα,

536 5067 704 5133 ἔφησε
741 5064 939 5134 μηδένα
971 5062 1295 5135 βουληθῆναι
1319 5062 1500 5115 δοῦναι
1527 5061 1676 5132 αὐτῴ
1695 5078 1710 5092 θ
1741 5062 1876 5116 ἀλλὰ
1903 5064 2106 5116 καὶτὸν

536 5158 756 5226 Τίγριον
793 5157 884 5210 τὸν
926 5155 1294 5226 πρεσϐύτερον
1338 5155 1625 5226 αἰτηθέντα
1667 5156 1794 5225 παρ’
1825 5156 1988 5210 αὐτοῦ
2028 5157 2103 5227 μὴ

535 5249 860 5317 παρασχεῖν.
879 5245 1211 5316 Παρακαλῶ,
1248 5247 1504 5300 ὀνείδισον
1530 5245 1678 5316 αὐτῷ
1710 5246 1886 5312 10610,
1912 5249 2104 5317 καὶτῷ

534 5335 740 5406 γνησίῳ
769 5335 862 5388 καὶ
888 5334 1075 5405 θερμῷ
1111 5334 1267 5406 ἡμῶν
1301 5336 1523 5405 ἐραστῇ,
1580 5335 1671 5390 καὶ
1699 5338 1810 5397 τοῖς
1837 5335 2016 5400 ἀλλοις
2047 5337 2103 5390 δὲ

535 5428 696 5479 πᾶσιν
723 5428 834 5488 τοῖς
872 5427 1000 5496 περὶ
1031 5425 1312 5495 κυριακὸν
1352 5425 1444 5480 τὸν
1483 5425 1797 5479 ἐπίσκοπον.
1843 5426 1948 5480 Τοῦ
1982 5411 2103 5499 ἦάρ

593 5621 617 5685 ξ’
645 5621 776 5685 {Inus
802 5621 937 5685 οὐδὶν
970 5622 1158 5685 ἄμεινον
1179 5624 1469 5685 διακείμεθα.

594 5680 621 5747 ι)
651 5683 782 5747 Urnis
802 5683 849 5730 ἐν
882 5680 1072 5747 εὐθυμία
1093 5685 1278 5747 διάγεις.

599 5745 622 5780 ⁸
647 5743 794 5805 Sayil.
816 5747 969 5806 ίσμεν.

1246 344 1303 403 S.
1338 342 1620 400 JOANNIS
1654 342 2138 399 CHRYSOSTOMI
2176 344 2495 403 ARCHIEP.
2537 350 3088 412 CONSTANTINOP.

3695 358 3805 414 οιο

2227 465 2391 520 τόπου
2437 468 2622 524 ἕνεκεν
2671 470 2810 525 ὥστε
2840 473 3199 543 ἐναλλαγῆναι
3223 513 3240 542 ,
3277 476 3414 546 μήτε
3453 475 3624 546 αὐτῷ,
3665 476 3802 548 μηδὲ

2225 566 2370 640 ἀλλῳ
2405 571 2594 642 μηδενὶ
2623 573 2970 644 ἐνοχλήσητε.
2994 574 3304 644 Δεδέγμεθα
3328 574 3423 645 τὴν
3445 574 3802 646 χάριν.¹Ἰσως

2226 667 2334 736 γάρ
2355 666 2754 740 ⁴ἠϐουλήθησαν.
2785 670 2879 726 καὶ
2907 670 3007 723 οὐκ
3028 669 3390 740 ⁴ίίδυνήθησαν.
3417 669 3554 743 Δόξα
3579 670 3660 740 τῷ
3683 665 3796 743 Θεῷ

2225 735 2441 819 πάντων
2477 735 2697 820 ἕνεκεν·
2743 766 2806 821 οὐ
2858 767 2967 839 γὰρ
3013 735 3295 837 παύσομαι
3334 735 3507 820 τοῦτο
3531 735 3796 833 ἐπιλέγωῖι

2223 861 2312 916 ἀεὶ
2349 862 2441 916 ἐπὶ
2491 863 2624 916 πᾶσί
2659 880 2749 933 μοι
2794 867 2908 927 τοῖς
2947 863 3356 934 συμϐαίνουσιν.
3404 864 3584 916 Ἔστω
3619 861 3784 916 τοῦτο

2223 958 2323 1011 οὐκ
2366 958 2730 1030 ἠδυνήθησαν.
2787 960 2880 1030 Μὴ
2927 962 3022 1013 καὶ
3067 960 3300 1031 γράφειν
3348 959 3450 1016 οὐκ
3498 958 3802 1030 ἠδύναντος

2223 1057 2400 1111 Πολλά
2435 1059 2825 1130 εὐχαρίστησον
2856 1061 2974 1121 ταῖς
3007 1058 3227 1130 κυρίαις
3256 1073 3359 1128 μου
3385 1059 3506 1120 ταῖς
3538 1055 3803 1124 ἀδελφαῖς

2220 1153 2315 1210 τοῦ
2343 1154 2532 1226 κυρίου
2571 1172 2671 1226 μου
2703 1153 2798 1208 τοῦ
2828 1155 3158 1226 τιμιωτάτου
3197 1153 3498 1208 ἐπισκόπου
3523 1151 3550 1191 (ι
3581 1153 3807 1223 Περγα-

2223 1251 2370 1322 μίου,
2417 1250 2618 1322 πολλὴν
2651 1251 2792 1322 ὑπὲρ
2815 1251 2973 1322 ήμῶν
3006 1249 3358 1321 ποιουμέναις
3391 1248 3648 1314 σπουδήν.
3688 1246 3805 1300 Καὶ

2219 1347 2327 1418 γὰρ
2369 1347 2460 1401 τὸν
2506 1347 2694 1419 κύριόν
2739 1363 2842 1418 μου
2893 1347 2987 1400 τὸν
3018 1346 3185 1400 δοῦκα
3214 1345 3306 1399 τὸν
3334 1341 3588 1416 γαμϐρὸν
3631 1339 3804 1396 αὐτοῦ

2221 1445 2424 1517 σφόδρα
2484 1447 2904 1520 παρεσκεύασαν
2949 1445 3079 1519 περὶ
3124 1445 3276 1515 ἡμᾶς
3319 1440 3667 1502 διακεῖσθαι,
3722 1440 3804 1503 ὡς

2219 1543 2425 1612 σφόδρα
2457 1543 2705 1598 κάκεῖνον
2738 1541 3024 1612 ἐπιθυμεῖν
3053 1542 3201 1612 ἡμᾶς
3233 1541 3411 1593 ἐκεῖσε
3447 1538 3575 1592 ἰδεῖν
3599 1547 3644 1590 ο.
3687 1537 3804 1596 Καὶ

2218 1640 2355 1710 αὐτὴ
2379 1638 2436 1692 δὲ
2475 1639 2714 1711 συνεχῶς
2743 1638 2904 1708 δήλου
2929 1639 3060 1709 ἡμῖν
3085 1636 3152 1690 τά
3186 1637 3313 1708 περὶ
3338 1635 3438 1705 τῆς
3461 1632 3670 1703 ὑγιείας
3696 1632 3801 1702 τῆς

2219 1735 2319 1806 σῆς
2340 1777 2355 1802 ,
2395 1737 2488 1790 καὶ
2532 1735 2644 1791 τῶν
2693 1733 3031 1805 ἀγαπώντων
3081 1733 3248 1804 ἡμᾶς.
3305 1730 3490 1802 Ἦμῶν
3520 1729 3577 1783 δὲ
3609 1729 3801 1782 ἕνεκεν

2219 1835 2475 1906 ἄφροντις
2501 1834 2613 1887 ἔσο.
2640 1833 2751 1892 Καὶ
2777 1833 2887 1904 γὰρ
2908 1834 2965 1888 ἐν
2996 1833 3181 1905 ὑγιεία
3201 1831 3389 1902 ἐσμὲν,
3412 1830 3507 1885 καὶ
3534 1826 3797 1898 εὐθυμία,

2217 1931 2309 1987 καὶ
2358 1929 2559 2002 πολλῆς
2599 1929 2946 2000 ἀπολαύομεν
2987 1928 3086 2000 τῆς
3133 1927 3398 1990 ἀνέσεωςτ
3426 1965 3442 1991 ,
3495 1925 3658 1996 μεχρι
3695 1924 3799 1994 τῆς

2218 2029 2458 2099 σήςιερον
2489 2028 2726 2099 ἡμέρας.
2762 2024 3168 2096 Ἐπιθυμοῦμεν
3196 2023 3253 2078 δὲ
3282 2023 3496 2095 μαθεῖν,
3527 2019 3801 2092 περὶτῶν

2215 2125 2356 2179 κατὰ
2381 2123 2657 2196 κυριακὸν
2696 2122 2788 2177 τὸν
2827 2121 3123 2183 ἐπίσκοπον
3152 2121 3200 2174 εί
3225 2118 3540 2188 ἀφέθησαν·
3579 2117 3672 2170 καὶ⁵
3701 2116 3824 2168 οὐ-.

2214 2222 2325 2286 δεὶς
2363 2223 2495 2292 ἡμῖν
2537 2220 2708 2290 σαφὲς
2749 2219 2900 2274 οὐδὲν
2933 2217 3267 2290 ἀπήγγειλεν
3290 2233 3306 2247 ε
3334 2216 3439 2270 κάν
3464 2213 3622 2268 τοῦτο
3657 2214 3803 2283 ἡμῖν

2213 2317 2512 2388 δηλώσατε.
2562 2316 2699 2372 Elui
2737 2316 3001 2390 Κυριακῷ
3035 2314 3115 2386 τῷ
3161 2313 3442 2385 ἐπισκόπῳ
3473 2314 3556 2367 ὅτι
3586 2311 3798 2365 λυπού-

2218 2430 2378 2484 μενος
2409 2413 2562 2487 αὐτῷ
2590 2415 2692 2468 οὐκ
2719 2412 3038 2469 ἐπιστέλλω.

2460 2570 2463 2574 ·
2503 2548 2664 2618 Πρὸς
2696 2547 2811 2616 τὴν
2834 2546 3032 2617 αὐτὴν
3055 2546 3349 2614 ἐπιστολὴ
3378 2546 3494 2601 11".

2284 2683 2452 2746 Μόλις
2473 2683 2602 2736 ποτέ
2624 2682 3034 2752 ἀνεπνεύσαμεν
3055 2681 3133 2744 είς
3148 2678 3246 2752 τὴν
3265 2677 3578 2733 Κουκουσὸν
3593 2675 3791 2744 ἀφικό-

2217 2796 2400 2852 μενοι,
2432 2778 2554 2832 ὅθεν
2586 2779 2684 2831 καὶ
2714 2777 3100 2847 ἐπιστέλλομεν
3120 2792 3135 2806 ·
3169 2775 3322 2846 μόλις
3347 2773 3476 2828 ποτὶ
3503 2773 3793 2842 διεϐλέψα-

2216 2895 2316 2948 μεν
2339 2877 2444 2930 ἀπὸ
2466 2875 2560 2929 τοῦ
2580 2874 2809 2940 καπνοῦ,
2833 2874 2930 2928 καὶ
2958 2875 3058 2944 τῆς
3087 2872 3337 2943 ποικίλης
3360 2871 3470 2925 τῶν
3498 2870 3686 2924 κακῶν
3711 2887 3794 2924 νε-

2213 2974 2512 3046 φέλης,τῶν
2530 2973 2671 3027 κατά
2685 2973 2784 3045 τὴν
2800 2973 2916 3026 όδόν
2932 2973 3081 3043 ημᾶς
3097 2956 3529 3025 καταλαϐόντωθ.
3545 2968 3659 3022 Νῦν
3679 2968 3798 3039 γὰρ

2213 3072 2398 3142 ἐπειδὴ
2432 3070 2672 3149 παρῆλθε
2699 3069 2768 3123 τά
2799 3068 3067 3140 ὀδυνηρά,
3107 3068 3442 3141 διηγούμεθά
3487 3085 3581 3120 σου
3613 3066 3792 3121 ταῦτα

2211 3171 2274 3241 τῇ
2303 3166 2559 3242 εὐλαϐείᾳ
2577 3169 2623 3220 3.
2672 3165 2799 3220 Ὅτε
2839 3165 2950 3237 γὰρ
2988 3167 3045 3219 ἐν
3083 3166 3268 3232 αὐτοῖς
3295 3167 3464 3237 ήμην,
3495 3165 3595 3218 οὐκ
3625 3163 3798 3234 ἠϐου-

2208 3270 2381 3342 λόμην
2406 3269 2564 3324 τοῦτο
2601 3270 2856 3341 ποιῆσαι,
2892 3265 2967 3339 μὴ
2999 3265 3203 3334 σφόδρα
3241 3281 3300 3318 σε
3338 3264 3586 3334 λυπήσω.
3616 3263 3792 3333 Τριά-

2210 3385 2371 3421 κοντα
2390 3367 2500 3440 γάρ
2523 3366 2756 3438 σχεδὸνῆ
2778 3367 2871 3420 καὶ
2891 3365 3107 3427 πλείους
3131 3364 3344 3435 ἡμέρας
3359 3356 3617 3434 πυρεττοῖς
3629 3362 3793 3432 χαλε-

2210 3465 2481 3528 πωτάτοις
2505 3463 2780 3517 διετέλεσα
2812 3461 3087 3524 παλαίων,
3119 3461 3216 3515 καὶ
3239 3459 3383 3513 οὐτω
3418 3459 3516 3529 τὴν
3564 3457 3789 3530 μακρὰν

2207 3559 2414 3629 ταύτην
2454 3563 2548 3612 καὶ
2585 3559 2827 3631 χαλεπὴν
2856 3557 3056 3612 ὁδεύων
3084 3557 3223 3621 ὁδὸν,
3255 3556 3350 3610 καὶ
3391 3556 3610 3626 ἑτέραις
3633 3552 3796 3626 [595]

2209 3659 2616 3730 χαλεπωτάταις
2649 3655 2985 3728 ἀρρωστίαις
3033 3653 3486 3725 πολιορκούμενος
3514 3653 3633 3714 ταῖς
3679 3650 3796 3703 ἀπὸ

2207 3754 2302 3807 τοῦ
2324 3755 2614 3824 στομάχου.
2632 3752 2855 3822 Λόγισαι
2872 3751 2940 3805 τά
2966 3749 3237 3813 ἐντεῦθεν,
3253 3751 3354 3802 οὐκ
3378 3747 3576 3819 ἰατρῶν
3592 3746 3787 3808 όντων,

2207 3853 2270 3905 οὐ
2287 3852 2602 3923 βαλανείων.
2625 3851 2726 3905 οὐκ
2753 3849 3094 3921 ἐπιτηδείων,
3122 3848 3183 3902 οὐ
3203 3847 3306 3918 τῆς
3330 3846 3498 3919 ἀλλης
3525 3845 3791 3912 ἀνέσεως,

2220 3948 2524 4020 Ἰσαυρικοῦ
2561 3946 2725 4015 φόϐου
2768 3945 3105 4017 πανταχόθεν
3159 3947 3308 4017 ἡμᾶς
3346 3941 3786 4015 πολιορκοῦντος,

2209 4045 2316 4100 τῶν
2339 4044 2513 4099 ἀλλων
2545 4043 2752 4107 κακῶν,
2783 4044 2925 4114 άπερ
2955 4045 2988 4115 ἡ
3014 4042 3271 4098 δυσκολία
3293 4043 3401 4097 τῶν
3417 4041 3554 4096 όδῶν
3581 4042 3790 4097 τίκτειν

2210 4143 2398 4209 είωθε,
2434 4142 2710 4215 φροντίδος
2729 4181 2744 4208 ,
2784 4142 3084 4214 μερίμνης,
3109 4142 3379 4215 ἀθυμίας,
3409 4144 3645 4215 ἐρημίας
3677 4145 3789 4198 τῶν

2209 4238 2669 4308 θεραπευσόντων.
2707 4237 2867 4292 Ἀλλά
2887 4238 2981 4293 νῦν
3011 4240 3226 4294 ἅπαντα
3243 4239 3414 4294 ταῦτα
3434 4240 3670 4296 λέλυται.
3693 4243 3790 4307 Εἰς

2205 4335 2313 4405 γὰρ
2343 4333 2443 4405 τὴν
2468 4333 2777 4388 Κουκουσὺν
2800 4328 3066 4400 ἐλθόντες,
3093 4337 3194 4407 τήν
3215 4353 3275 4390 τε
3305 4337 3616 4410 ἀρρωστίαν
3643 4337 3790 4391 ἀπα-

2209 4449 2307 4487 σαν
2345 4431 2660 4502 ἀπεθέμεθα
2713 4432 2852 4503 μετά
2891 4432 2999 4488 τῶν
3036 4433 3326 4498 λειψάνων,
3383 4435 3478 4487 καὶ⁵
3528 4435 3698 4504 ἐσμὲν
3729 4437 3790 4489 ἐν

2207 4529 2386 4600 ὑγιείᾳ
2409 4526 2792 4603 καθαρωτάτη,
2815 4529 2908 4582 τοῦ
2929 4547 2989 4583 τε
3013 4529 3180 4600 φόϐου
3203 4531 3310 4584 τῶν
3341 4530 3599 4603 Ἰσαύρων
3619 4532 3791 4603 ἀπηλ-

2206 4628 2482 4698 λάγημεν,
2513 4627 2723 4682 πολλῶν
2779 4627 3015 4682 ἐνταῦθα
3057 4627 3403 4700 στρατιωτῶν
3441 4629 3630 4694 ὄντων,
3693 4633 3790 4685 καὶ

2209 4725 2412 4794 σφόδρα
2430 4725 2566 4795 πρὸς
2597 4724 2794 4788 αὐτοὺς
2815 4725 3315 4796 παρατεταγμένων
3335 4742 3350 4758 ο
3378 4725 3488 4783 τῶν
3512 4742 3574 4779 τε
3597 4727 3791 4797 ἐπιτη-

2205 4822 2360 4875 δείων
2379 4824 2412 4892 η
2434 4822 2662 4891 ἀφθονία
2692 4821 2955 4878 πάντοθεν
2980 4824 3113 4897 ἡμῖν
3142 4825 3376 4893 ἐπιρρεῖ,
3400 4823 3619 4881 πάντων
3648 4823 3797 4893 μετά

2207 4920 2388 4988 πάσης
2436 4919 2647 4981 εὐνοίας
2681 4921 2832 4990 ἡμᾶς
2870 4921 3286 4995 ἀποδεχομένων
3311 4962 3326 4986 ,
3368 4921 3546 4979 καίτοι
3582 4921 3790 4993 σφόδρα

2206 5017 2302 5086 ἐρη
2313 5008 2563 5086 μοτάτουί
2573 5016 2723 5079 ὄντος
2755 5015 2848 5069 τοῦ
2874 5017 3094 5087 χωρίου.
3132 5017 3271 5069 Ἀλλ’
3321 5017 3510 5088 ἐτυχεν
3535 5020 3564 5072 ό
3585 5018 3787 5074 δεσπότ-

2266 5204 2399 5279 εξείο
2420 5219 2594 5279 οιηιιοε
2624 5219 2743 5279 gms:
2769 5212 2822 5256 et
2847 5207 2919 5279 sit;
2951 5207 3077 5279 [egit
3117 5207 3469 5279 ιριετριιεεεηζο
3515 5208 3637 5257 edit.
3657 5209 3758 5279 im

2207 5268 2391 5334 ςκόπρυ
2425 5269 2586 5317 deest.
2624 5267 2781 5334 Paulo
2806 5275 2935 5334 post_
2960 5267 3111 5317 δοῦκα
3131 5267 3332 5334 αυεεὶη.
3351 5269 3526 5334 Billigs
3563 5277 3784 5334 νοτίου-αι

2209 5329 2436 5377 Dominus
2455 5340 2590 5378 meus
2621 5329 2937 5387 l)ucas;.sed
2981 5337 3119 5378 recte
3160 5329 3439 5379 emendavit
3471 5331 3654 5380 Fronto
3683 5333 3788 5380 Du-

2205 5402 2354 5444 caaus,
2380 5389 2614 5439 Dominus
2635 5403 2768 5440 meus
2803 5389 2922 5438 dux.
2950 5390 3067 5439 Haec
3111 5405 3200 5441 vox
3229 5405 3290 5439 ex
3316 5391 3492 5440 Latino
3515 5391 3621 5442 dua:
3657 5391 3784 5441 tacta

2203 5449 2510 5513 signiﬁcabat.
2533 5453 2689 5511 primo
2711 5451 2864 5500 duces
2905 5454 3174 5510 exercitus,
3197 5453 3308 5500 hinc
3332 5455 3484 5502 duces
3512 5455 3789 5513 provincia-

2204 5510 2339 5577 rum_;
2366 5510 2735 5577 impuiin‘tatum
2781 5513 3100 5577 prbiqmque;
3149 5519 3201 5562 et
3234 5510 3526 5577 frequentei
3569 5516 3786 5566 occurrit

2205 5573 2332 5634 apud
2355 5573 2640 5634 scriptores,
2667 5573 2882 5622 maxime
2903 5573 3176 5634 Byianlios.

2271 5649 2294 5674 υ
2319 5633 2415 5681 Alii
2441 5633 2595 5681 ἐκεῖσε
2617 5634 2694 5682 vei
2718 5636 2914 5683 κάκεῖσε
2935 5633 3068 5684 εἶναι.

2272 5693 2289 5731 ί
2342 5693 2451 5742 Ι)υο
2474 5707 2582 5743 mss.
2608 5701 2690 5753 τῆς
2709 5697 3034 5746 ἀναπαύσεως.

2272 5758 2296 5798 ⁸
2321 5754 2443 5805 Tres
2466 5768 2581 5806 mss.
2606 5756 2856 5819 διηγοῦμαι
2879 5759 2998 5806 αὐτα
3021 5764 3077 5821 τῇ
3101 5758 3315 5824 εὐλαϐείᾳ
3338 5776 3442 5807 σου.
