4078 6448
263 403 366 460 σου

262 547 486 596 nantes.
517 533 646 588 Nam
674 544 816 586 nunc
841 541 1075 599 quoque,
1107 537 1226 579 cum
1256 520 1432 589 multi,
1459 518 1548 589 qui
1581 516 1763 591 literas
1791 511 1861 566 ad

263 649 358 684 nos
386 631 582 682 atlerre
609 631 876 694 poterant,
907 619 1007 676 hac
1035 619 1138 673 iter
1165 615 1419 677 facerent,
1453 625 1552 666 nec
1577 604 1864 679 epistolam

259 738 288 775 ι
311 731 370 775 te
400 717 747 786 accepissem,
774 728 916 784 agre
944 709 1232 767 admodum
1265 707 1314 760 id
1343 705 1463 760 tuli.

262 811 340 866 Ad
370 807 598 863 eamdem
625 805 775 874 epist.
803 800 908 857 XI.
941 799 1174 871 (Scripta
1195 811 1314 851 cum
1342 788 1739 849 Cucusumiret
1768 800 1865 841 ex-

775 891 1005 947 sulatum
1034 905 1176 945 anno
1200 885 1351 957 404.)

330 989 456 1058 Quo
494 991 821 1044 mutationes
863 991 1058 1038 nostra:
1105 982 1275 1049 magis
1313 978 1687 1047 ingravescunt
1711 1013 1728 1036 ,
1759 968 1865 1023 hoc

261 1082 426 1138 etiam
469 1077 641 1147 magis
685 1074 1080 1130 consolationes
1118 1079 1315 1124 nostra:
1353 1073 1647 1136 augentur,
1688 1059 1862 1115 ltetio-

263 1186 487 1242 remque
507 1168 580 1224 de
609 1168 801 1222 futuris
825 1179 974 1236 spem
995 1161 1325 1228 concipimus
1348 1171 1530 1214 :~nunc
1549 1164 1727 1210 autem
1748 1166 1865 1205 om-

256 1264 350 1318 nia
373 1261 530 1316 nobis
550 1274 619 1314 ex
644 1258 808 1311 animi
834 1254 1099 1310 sententia
1120 1251 1334 1315 cedunt,
1359 1265 1420 1304 ac
1445 1245 1687 1303 secundo
1703 1251 1862 1297 vento

262 1353 596 1422 navigamus.
640 1348 771 1415 Quis
809 1344 974 1400 vidit?
1015 1342 1134 1412 quis
1178 1340 1412 1396 audivit?
1448 1339 1621 1394 Petra:
1663 1345 1720 1390 et
1763 1333 1865 1388 sub

260 1444 419 1514 aquis
447 1441 664 1496 latentia
691 1451 821 1492 saxa
841 1478 856 1499 ,
888 1447 942 1490 et
975 1434 1215 1489 turbines
1242 1444 1296 1488 et
1325 1430 1570 1502 procellae
1595 1443 1718 1482 cum
1753 1424 1862 1494 fra-

261 1548 395 1603 gore
436 1539 598 1585 ruunt
629 1544 644 1581 :
676 1543 778 1581 nox
811 1525 1025 1605 illunis,
1057 1523 1223 1579 densa
1251 1523 1449 1592 caligo,
1481 1518 1776 1592 praecipitia
1809 1522 1865 1570 et

263 1623 469 1691 scapuli
500 1639 514 1674 :
546 1630 597 1674 et
625 1628 800 1673 tamen
833 1631 928 1685 per
949 1613 1214 1685 ejusmodi
1244 1628 1392 1668 mare
1424 1613 1757 1682 navigantes,
1784 1607 1866 1662 ni-

264 1713 375 1768 hilo
399 1712 585 1782 pejore
609 1718 751 1765 statu
787 1722 971 1762 sumus
997 1719 1158 1776 quam
1182 1703 1272 1773 qui
1298 1704 1349 1758 in
1379 1709 1535 1774 portu
1570 1701 1862 1771 iactantur.

267 1803 392 1858 llaec
421 1803 580 1873 igitur
620 1803 735 1871 ipsa
762 1811 976 1870 quoque
1000 1799 1124 1852 cum
1147 1796 1328 1850 animo
1363 1804 1453 1849 tuo
1487 1792 1861 1865 perpendens,

264 1896 481 1949 domina
511 1909 630 1948 mea
654 1889 1074 1960 religiosissima,
1109 1887 1207 1941 hos
1236 1887 1492 1941 tumultus
1521 1900 1584 1940 ac
1609 1885 1865 1954 strepitus

263 2002 480 2057 supera,
509 1986 683 2055 deque
718 1994 804 2039 tua
838 1981 1144 2038 valetudine
1180 1979 1265 2036 fac
1293 1995 1402 2045 me,
1431 1992 1637 2050 quaeso,
1665 1976 1865 2032 certio-

264 2097 379 2137 rem
413 2099 427 2134 :
458 2094 558 2134 nos
578 2078 723 2133 enim
751 2085 807 2131 et
829 2074 1109 2131 commoda
1136 2073 1376 2143 corporis
1403 2071 1706 2126 valetudine
1731 2078 1785 2124 et
1810 2069 1862 2123 iu

264 2171 430 2225 animi
458 2168 725 2224 hilaritate
751 2166 1019 2237 degimus.
1045 2163 1180 2219 Nam
1204 2177 1258 2219 et
1280 2178 1478 2232 corpus
1502 2171 1748 2217 nostrum
1777 2160 1865 2214 lir-

265 2264 404 2318 mius
429 2260 698 2318 redditum
723 2269 826 2325 est,
856 2267 909 2314 et
937 2271 1129 2327 purum
1155 2271 1336 2310 aerem
1369 2255 1642 2310 haurimus
1669 2261 1866 2322 :atque

267 2352 506 2423 praefecti
550 2344 748 2406 milites
775 2349 884 2421 (.a),
916 2349 954 2404 ii
987 2349 1078 2420 qui
1118 2348 1398 2403 nobiscum
1435 2346 1865 2416 peregrinantur,

265 2446 335 2498 ita
362 2458 462 2500 nos
480 2440 672 2498 oﬂiciis
696 2449 1108 2512 prosequuntur,
1131 2448 1191 2494 ut
1215 2454 1281 2493 ne
1309 2438 1626 2492 famulorum
1649 2436 1863 2507 quidem

264 2550 484 2605 operam
527 2535 801 2604 requirere
846 2548 946 2588 nos
986 2533 1198 2595 sinant,
1231 2547 1351 2586 cum
1399 2531 1500 2600 ipsi
1543 2531 1864 2585 famulorum

267 2625 448 2680 munia
475 2634 854 2694 exsequantur.
891 2623 1105 2678 Etenim
1146 2638 1243 2693 pro
1272 2637 1370 2677 suo
1398 2637 1521 2692 erga
1555 2637 1653 2676 nos
1681 2637 1866 2677 amore

268 2715 368 2771 hoc
411 2729 606 2773 munus
658 2716 1066 2784 praeripuerunt.
1118 2715 1290 2783 Atque
1337 2713 1532 2781 ubique
1575 2713 1864 2767 satellitum

265 2820 428 2864 manu
469 2805 767 2874 cingimur,
801 2817 1125 2872 unoquoque
1161 2802 1406 2857 videlicet
1443 2802 1667 2871 hujusce
1702 2803 1864 2855 mini-

265 2896 412 2951 sterii
442 2894 659 2950 nomine
679 2894 889 2949 beatum
917 2907 976 2948 se
1002 2891 1344 2962 praedicante.
1375 2891 1544 2947 Unum
1573 2892 1624 2946 id
1647 2892 1864 2947 demum

264 2988 550 3044 molestum
591 2994 703 3050 est,
736 2984 881 3055 quod
926 2995 978 3039 te
1013 2998 1228 3053 quoque
1269 2984 1519 3037 incolumi
1562 2983 1867 3038 valetudine

265 3092 385 3133 esse
406 3092 514 3132 non
534 3077 866 3146 exploratum
895 3074 1204 3130 habeamus.
1232 3073 1339 3129 Fac
1363 3075 1542 3144 itaque
1565 3074 1706 3129 istud
1729 3076 1868 3129 scia-

266 3186 386 3224 mus
415 3187 428 3222 :
459 3177 521 3225 ut.
547 3169 650 3226 hoc
677 3169 836 3224 etiam
866 3167 1063 3244 laetitiae
1091 3165 1244 3222 nobis
1280 3165 1521 3231 accedat,
1554 3181 1618 3221 ac
1645 3165 1866 3220 domino

267 3275 389 3318 meo
428 3258 852 3328 suavissimoque
902 3257 1011 3326 lilio
1057 3257 1336 3327 Pergamio
1380 3257 1623 3327 ingentes
1667 3257 1866 3327 gratias

267 3351 580 3409 habeamus.
612 3349 669 3404 Si
695 3350 787 3404 tibi
815 3349 880 3403 ad
911 3363 1009 3404 nos
1039 3348 1219 3403 literas
1238 3348 1369 3404 dare
1396 3349 1671 3418 placuerit,
1697 3349 1867 3419 ipsius

265 3454 430 3511 opera
453 3440 522 3498 ad
548 3439 687 3497 hanc
711 3454 822 3495 rem
851 3441 1020 3495 utere.
1043 3438 1178 3495 Nam
1197 3449 1252 3494 et
1272 3442 1513 3494 sincerus
1534 3441 1736 3495 amicus
1758 3451 1866 3510 est,

267 3531 531 3602 uobisque
556 3530 974 3596 addictissimus,
999 3539 1055 3588 et
1084 3539 1227 3587 tuam
1255 3531 1572 3588 modestiam
1603 3548 1667 3588 ac
1701 3532 1868 3603 pieta-

267 3632 375 3684 tem
403 3622 693 3680 admodum
720 3630 1016 3682 reveretur.

267 3717 349 3777 Ad
374 3716 606 3776 eamdem
631 3716 781 3786 epist.
810 3715 951 3770 XII.
985 3715 1230 3787 (Scripta
1274 3716 1529 3771 Caesarea:
1571 3716 1622 3771 in
1653 3715 1863 3786 Cappa-

817 3805 971 3865 docia
999 3821 1142 3864 anno
1165 3806 1319 3878 404.)

336 3897 472 3958 Cum
499 3914 566 3960 ex
594 3913 660 3954 eo
690 3897 880 3956 πιοτὺο
904 3900 1196 3954 evasissem
1220 3939 1235 3962 ,
1264 3914 1372 3969 quo
1400 3899 1456 3957 in
1493 3900 1684 3956 itinere
1711 3900 1864 3955 labo-

269 3993 404 4056 ravi,
426 3992 686 4061 cujusque
708 3990 965 4061 reliquias
987 3989 1288 4047 Caesaream
1317 4007 1484 4063 usque
1509 3992 1623 4055 tuli,
1646 3993 1866 4064 jamque

267 4082 335 4138 ad
367 4083 627 4153 integram
654 4081 1013 4137 valetudinem
1047 4081 1349 4145 rediissem,
1379 4098 1445 4137 ex
1477 4083 1594 4153 ipsa
1622 4081 1864 4138 Cmsat‘ea

269 4172 385 4229 haec
410 4171 477 4226 ad
505 4181 556 4226 te
580 4171 792 4241 scripsi,
818 4172 874 4227 in
899 4187 1002 4242 qua
1028 4173 1210 4227 multis
1235 4173 1366 4227 mihi
1400 4173 1651 4229 adhibitis
1689 4190 1867 4230 reme-

268 4263 372 4320 diis
399 4264 596 4319 melius
618 4262 812 4330 habui,
844 4263 1316 4332 priestantissimos
1344 4264 1596 4320 nimirum
1622 4264 1864 4321 celeber-

269 4357 544 4425 rimosque
567 4354 807 4411 medicos
829 4364 1036 4423 nactus,
1061 4358 1305 4426 aquibus
1332 4374 1438 4414 non
1462 4367 1567 4411 tam
1595 4361 1725 4412 artis
1742 4359 1868 4417 sub-

270 4449 421 4509 sidiis
443 4490 460 4516 ,
487 4463 646 4518 quam
675 4448 1144 4505 commiseratione
1173 4461 1332 4520 atque
1360 4451 1590 4509 amicitia
1617 4453 1864 4508 curabzrr.

271 4541 508 4607 Quorum
548 4540 709 4594 etiam
758 4553 895 4595 unus
940 4541 1213 4594 nobiscum
1254 4557 1357 4595 una
1402 4557 1459 4597 se
1504 4541 1865 4611 proiecturum

269 4632 558 4704 spopondit
589 4649 603 4686 :
636 4640 795 4703 atque
833 4632 960 4690 item
999 4631 1086 4693 alii
1125 4633 1427 4702 complures
1461 4649 1530 4688 ex
1569 4634 1636 4688 iis
1663 4635 1753 4703 qui
1782 4633 1869 4690 di-

269 4723 558 4794 gnitatibus
587 4721 796 4794 praediti
825 4732 969 4778 sunt.
1004 4723 1081 4777 Ac
1107 4738 1206 4780 nos
1236 4724 1451 4794 quidem
1486 4724 1553 4781 de
1587 4726 1746 4782 rebus
1772 4741 1872 4781 no-

269 4815 396 4871 stris
435 4827 678 4883 persmpe
706 4811 771 4868 ad
811 4820 864 4869 te
904 4814 1214 4883 scripsimus
1248 4835 1260 4870 :
1295 4826 1351 4871 tu
1378 4832 1504 4871 vero
1525 4859 1540 4882 ,
1573 4834 1679 4888 quo
1707 4819 1867 4874 etiam

271 4903 491 4960 nomine
522 4911 573 4957 te
602 4902 748 4973 prius
776 4903 1052 4969 accusavi,
1081 4920 1204 4960 raro
1234 4907 1283 4960 id
1315 4906 1468 4963 facis.
1498 4911 1673 4979 Atque
1699 4920 1755 4964 ut
1786 4912 1867 4965 in-

271 4995 476 5066 telligas
503 4993 556 5050 id
583 4994 920 5065 negligentiae
946 5002 1053 5050 tua:
1076 5038 1091 5062 ,
1123 5013 1186 5052 ac
1215 5013 1319 5053 non
1349 4999 1748 5056 tabellariorum
1778 5018 1871 5072 pe-

274 5086 440 5145 nuria:
463 5084 804 5144 tribuendum
827 5093 974 5153 esse,
994 5087 1242 5145 dominus
1268 5105 1440 5158 meus,
1466 5093 1603 5148 beati
1630 5095 1868 5167 episcopi

333 5203 408 5274 la)
435 5201 666 5273 lfrml'ecti
689 5203 759 5274 mi
762 5203 895 5274 lites,
919 5200 1089 5251 Grece
1115 5202 1710 5274 etrepxixoi,erant__quasi
1733 5217 1859 5272 prte-

272 5264 492 5322 fectiani,
517 5278 606 5314 seu
635 5264 980 5334 praefectorum
1003 5264 1328 5376 apri-iteres,
1351 5273 1402 5315 et
1428 5264 1693 5324 satellites,
1715 5264 1860 5338 queis

275 5327 545 5376 utebantur
577 5326 636 5372 ad
673 5337 786 5372 reos
823 5325 1011 5372 aliosve
1094 5328 1326 5376 urendos.
1371 5328 1501 5376 quod
1544 5339 1604 5375 ex
1651 5327 1856 5376 Palladit

275 5327 545 5396 utebantur
577 5326 639 5396 ad
673 5337 786 5372 reos
823 5325 1011 5396 aliosve
1055 5325 1326 5396 ducendos,
1371 5328 1604 5396 quodex
1639 5325 1856 5396 ‘Palladji

273 5387 445 5439 verbis
482 5387 726 5449 arguitur,
752 5399 864 5448 quae
887 5387 965 5434 hic
992 5387 1282 5437 exscribere
1301 5391 1441 5447 juvat
1464 5403 1475 5436 :
1505 5389 1779 5449 Διηγήσατο
1807 5389 1859 5436 δὲ

275 5451 302 5498 ὸ
329 5448 567 5503 ἀναλύσας
593 5448 812 5511 animoon
829 5449 925 5496 ἀπὸ
943 5449 1038 5511 τῷν
1061 5450 1356 5507 ἐπισκόπων,
1376 5451 1449 5497 ὅτι
1471 5453 1515 5498 oi
1539 5448 1786 5511 ἐπὰρχικοὶ
1813 5453 1855 5498 οἱ

275 5511 526 5584 bnivoqu
551 5511 722 5584 αὐτορς
745 5509 821 5584 ἐπὶ
839 5506 1086 5584 ,τιοσοῦτονς
1115 5513 1303 5584 ἐφέψειν
1326 5506 1431 5584 ’ἐφ’
1465 5506 1854 5584 ῥντολᾶξτινωχ,

275 5574 340 5628 ὡς
360 5570 579 5634 ὲῦχεσθαι
621 5571 792 5634 auroch
829 5570 1028 5618 θάνατον
1067 5570 1290 5629 ἐπελθεῖν,
1318 5573 1399 5634 ξαὶ
1428 5573 1489 5634 re
1508 5577 1588 5633 ζῇν
1612 5572 1856 5634 mpetu?-

275 5631 508 5702 geat.__$ic
531 5640 702 5702 autem
722 5631 806 5680 illa
831 5634 1189 5702 interpretatus
1221 5641 1304 5702 est
1325 5631 1585 5702 Emericus
1613 5631 1814 5702 lligotus
1840 5647 1858 5702 ι.

277 5692 451 5757 Retulit
471 5701 632 5757 autent
648 5692 884 5757 diaconus
905 5692 990 5754 qui
1007 5692 1068 5742 ab
1089 5692 1338 5757 episcopis
1361 5692 1536 5757 rediit,
1576 5708 1606 5742 (ι
1643 5692 1858 5757 profecti

274 5753 524 5810 militil‘us.
547 5753 632 5817 qui
651 5768 732 5823 eos
755 5753 1077 5823 dedttxerwtt,
1104 5753 1261 5823 usque
1274 5755 1397 5806 adeo
1416 5755 1561 5820 jussu
1582 5753 1860 5823 aliquoi-tun

273 5818 709 5877 vexatos,utmari
746 5822 983 5880 notarent,
1021 5823 1067 5869 et
1107 5818 1267 5869 vivere
1303 5818 1596 5879 recuimrcnl,
1635 5818 1688 5867 et
1713 5818 1861 5880 paulo

1799 373 2182 436 Εριδτοιιε.

3445 368 3575 435 ,6Ξο

1969 486 2184 546 Hu’uni
2212 485 2380 543 frater
2398 527 2412 553 ,
2439 499 2562 542 cum
2592 456 2987 541 nudiustertius.
3008 482 3277 547 venisset,
3306 480 3376 536 ah
3403 495 3580 552 eoque

1970 581 2156 639 literas
2199 577 2589 650 postulassem,
2635 577 2852 648 negavit
2896 586 2948 632 te
2978 575 3090 632 sibi
3129 575 3261 630 dare
3297 574 3538 634 voluisse
3577 597 3594 646 ;

1967 678 2132 741 atque
2167 670 2329 727 etiam
2372 669 2611 738 Tigrium
2657 668 3066 739 presbyterum,
3097 681 3222 722 cum
3251 666 3379 722 item
3412 665 3482 722 ab
3528 682 3593 721 eo

1970 760 2240 831 potiisset,
2286 758 2338 813 id
2377 773 2594 828 quoque
2636 757 2812 813 facere
2850 772 3151 814 recusasse.
3183 759 3368 827 Itaque
3399 757 3502 814 hoc
3546 760 3592 811 ei

1970 851 2263 922 exprobres
2281 849 2461 915 velim,
2486 865 2550 905 ac
2573 850 2788 909 sincero
2808 860 2864 906 et
2885 849 3092 908 ardenti
3121 850 3580 914 nostroamatori,

1970 942 2287 1011 ceterisque
2328 940 2578 996 omnibus
2615 940 2710 1010 qui
2744 955 2868 996 cum
2896 939 3124 1011 Cyriaco
3156 941 3411 1010 episcopo
3450 953 3552 995 con

1970 1031 2308 1092 suetudinem
2337 1031 2553 1089 habent.
2581 1031 2715 1087 Nam
2739 1031 2808 1087 de
2837 1033 2939 1089 loci
2966 1031 3386 1091 commutatione
3412 1031 3578 1085 nolim

1969 1132 2063 1180 aut
2091 1124 2192 1195 ipsi
2222 1133 2314 1180 aut
2342 1124 2592 1196 cuiquam
2633 1124 2723 1180 alii
2758 1125 3036 1205 negotium
3068 1124 3321 1182 facessas.
3361 1124 3578 1181 Beneli»
3631 1142 3636 1143 ί

1970 1216 2114 1275 cium
2139 1215 2452 1286 accipimus.
2486 1215 2737 1273 Fortasse
2762 1217 2906 1272 enim
2934 1219 3241 1284 voluerunt,
3267 1232 3367 1276 nec
3391 1226 3582 1288 powe-

1969 1315 2115 1363 runt.
2137 1305 2321 1363 Gloria
2340 1307 2455 1362 Deo
2476 1316 2695 1377 propter
2713 1309 2891 1364 omnia
2921 1326 2934 1362 :
2959 1323 3135 1378 neque
3153 1309 3296 1365 enim
3324 1324 3578 1381 umquam

1970 1397 2024 1453 in
2063 1398 2130 1454 iis
2167 1397 2446 1463 omnibus,
2481 1412 2600 1468 quae
2640 1397 2772 1454 mihi
2815 1399 3164 1470 contingunt,
3211 1399 3314 1458 hoc
3356 1400 3578 1455 verbum

1971 1501 2233 1558 usurpare
2261 1487 2528 1543 desinam.
2561 1487 2692 1544 Esto
2721 1498 2900 1545 autem
2932 1489 3072 1549 istud
3095 1530 3114 1556 ,
3143 1505 3250 1547 non
3284 1492 3579 1560 potuerint.

1971 1578 2054 1634 An
2095 1578 2258 1634 etiam
2302 1578 2541 1635 scribere
2579 1593 2688 1639 non
2734 1582 3063 1649 potuerunt?
3090 1583 3162 1642 At
3187 1597 3318 1640 vero
3344 1581 3578 1639 dominis

1971 1671 2141 1737 meis,
2177 1672 2492 1741 cumprimis
2537 1672 2825 1730 venerandi
2863 1675 3101 1748 episcopi
3139 1689 3206 1733 ac
3233 1675 3436 1732 domini
3467 1677 3580 1733 mei

1973 1762 2236 1832 Pergamii
2263 1762 2570 1828 sororibus,
2600 1752 2719 1832 qua:
2744 1765 2915 1821 nostri
2947 1780 3108 1822 causa
3139 1766 3430 1836 plurimum
3459 1777 3580 1825 stu-

1971 1853 2043 1909 dii
2065 1861 2226 1925 atque
2245 1867 2428 1924 operte
2447 1854 2766 1926 suscipiunt,
2791 1854 3037 1926 ingentes
3055 1858 3258 1926 gratias
3278 1872 3396 1927 age.
3421 1857 3584 1924 Nam,

1973 1953 2032 1999 ut
2056 1944 2305 2003 dominus
2332 1959 2486 2001 meus
2537 1943 2658 2000 Dux
2709 1944 2883 2016 ipsius
2933 1961 3099 2019 gener
3154 1949 3591 2023 propensissimo

1973 2037 2025 2091 in
2056 2049 2157 2091 nos
2184 2036 2365 2093 animo
2393 2043 2571 2102 esset,
2604 2035 2899 2093 eﬂ’ecerunt
2920 2078 2937 2104 ,
2966 2036 3104 2096 adeo
3139 2049 3196 2094 ut
3231 2023 3584 2096 vehementer

1973 2128 2088 2198 ipse
2121 2143 2334 2198 quoque
2376 2142 2476 2183 nos
2513 2128 2622 2184 illic
2665 2127 2848 2184 videre
2886 2139 3128 2201 cuperet.
3159 2130 3300 2201 Quin
3335 2141 3389 2190 tu
3415 2135 3591 2192 etiam

1970 2220 2038 2275 de
2066 2220 2370 2280 valetudine
2401 2229 2512 2287 tua,
2543 2220 2717 2291 deque
2748 2221 2833 2288 iis,
2864 2237 2895 2277 a
2923 2222 3116 2293 quibus
3145 2239 3411 2293 amamur,
3442 2224 3580 2283 scri-

1970 2312 2101 2370 bere
2122 2354 2138 2379 ,
2165 2326 2349 2384 quaso
2369 2351 2387 2378 ,
2417 2311 2485 2368 ad
2516 2326 2614 2367 nos
2644 2327 2712 2368 ne
2744 2312 3087 2370 intermittas.
3110 2313 3186 2370 De
3215 2315 3369 2370 nobis
3396 2325 3585 2371 autem

1973 2405 2088 2462 sine
2116 2421 2243 2463 cura
2274 2415 2413 2463 esto.
2445 2404 2577 2463 Nam
2620 2412 2676 2462 et
2712 2406 2954 2465 valemus
2973 2417 3001 2472 ,'
3022 2417 3077 2464 et
3105 2408 3395 2478 tranquillo
3421 2419 3589 2479 atque

1972 2496 2128 2554 hilari
2158 2497 2339 2553 animo
2364 2510 2549 2553 sumus
2573 2537 2589 2564 ,
2621 2497 2930 2568 ingentique
2964 2497 3030 2556 ad
3072 2498 3216 2555 hunc
3240 2514 3410 2569 usque
3438 2499 3583 2556 diem

1974 2589 2160 2660 requie
2208 2588 2457 2646 fruimur.
2506 2587 2583 2644 De
2626 2590 2914 2648 comitibus
2964 2597 3142 2648 autem
3186 2589 3395 2662 Cyriaci
3439 2592 3582 2648 scire

1973 2697 2196 2737 avemus
2217 2722 2232 2747 ,
2265 2682 2487 2741 missine
2519 2680 2716 2737 fuerint
2749 2701 2762 2736 :
2797 2697 2970 2750 neque
2995 2683 3137 2738 enim
3169 2684 3452 2754 quisquam
3481 2700 3584 2738 no-

1975 2773 2056 2828 bis
2095 2773 2163 2828 de
2199 2789 2259 2828 ea
2305 2788 2366 2829 re
2406 2773 2688 2843 perspicue
2724 2773 2926 2840 aliquid
2969 2775 3151 2829 retulit
3184 2796 3198 2829 :
3228 2791 3398 2846 quare
3443 2777 3586 2833 istud

1971 2881 2185 2937 quoque
2215 2866 2370 2921 nobis
2400 2863 2716 2935 signiﬁcate.
2740 2864 2848 2934 Ipsi
2870 2873 3051 2923 autem
3079 2866 3334 2937 episcopo
3359 2866 3586 2939 Cyriacu

1973 2956 2134 3012 velim
2171 2955 2274 3012 hoc
2311 2955 2496 3021 dicas,
2531 2969 2620 3010 me
2657 2954 2823 3010 animi
2867 2956 3123 3011 iniustitia
3165 2957 3479 3028 impeditum
3515 2959 3588 3017 ad

1973 3063 2096 3103 eum
2128 3048 2271 3104 haud
2301 3048 2607 3127 scripsisse.

2117 3140 2198 3195 Ad
2221 3141 2450 3196 eamdem
2469 3140 2618 3208 epist.
2642 3135 2820 3194 XIII.
2843 3137 3154 3210 (Postquam
3171 3137 3441 3196 Cucusum

2438 3238 2758 3300 pervenerat
2795 3245 2936 3283 anno
2960 3229 3116 3301 404.)

2045 3319 2285 3378 Tandem
2308 3320 2596 3391 aliquando
2616 3320 3020 3390 respiravimus,
3049 3335 3171 3376 cum
3191 3321 3460 3380 Cucusum
3490 3340 3584 3382 ve-

1975 3415 2172 3478 nimus,
2194 3413 2336 3469 unde
2360 3415 2521 3468 etiam
2547 3411 2643 3466 has
2669 3413 2852 3467 literas
2878 3413 3200 3482 scribimus;
3236 3416 3451 3473 tandem
3479 3418 3584 3475 alia

1972 3506 2186 3578 quando
2207 3522 2237 3560 a
2262 3506 2430 3573 fumo,
2462 3516 2516 3564 et
2542 3509 2705 3566 variis
2726 3511 2992 3568 malorum
3019 3528 3229 3578 eorum.
3259 3532 3378 3585 qua:
3404 3531 3504 3573 nos
3524 3517 3581 3575 in

1974 3597 2058 3651 via
2077 3598 2412 3664 invaserunt,
2431 3598 2640 3655 nebulis
2657 3602 2832 3657 lucem
2851 3604 3253 3674 conspeximus.
3269 3598 3578 3663 Nunccnim

1974 3698 2322 3759 posteaquam
2350 3704 2434 3756 ea,
2465 3705 2587 3760 quae
2625 3691 2869 3747 dolorem
2901 3691 3058 3749 nobis
3082 3694 3401 3762 aﬂ'erehaut,
3430 3696 3583 3753 efﬂu-

1973 3787 2187 3840 xerunt,
2211 3778 2320 3848 jam
2350 3778 2444 3835 tibi
2475 3795 2537 3835 ea
2569 3783 2906 3852 exponimus.
2939 3784 3073 3840 Nam
3100 3801 3226 3841 cum
3247 3787 3299 3842 in
3327 3788 3458 3858 ipsis
3481 3788 3582 3844 ad-

1974 3870 2079 3924 huc
2104 3886 2368 3937 versarer,
2395 3871 2496 3926 hoc
2519 3872 2694 3928 facere
2720 3876 2888 3942 nolui,
2915 3891 2982 3931 ne
3011 3887 3062 3931 te
3091 3877 3141 3932 in
3171 3893 3424 3950 magnum
3449 3895 3586 3937 nitn—

1973 3975 2151 4016 rorem
2179 3961 2523 4032 conjicerem.
2555 3963 2794 4034 Triginta
2839 3969 2983 4027 enim
3026 3970 3416 4038 propemodum
3442 3970 3582 4041 dies,

1973 4061 2066 4107 aut
2110 4055 2268 4108 etiam
2301 4055 2562 4125 amplius,
2592 4072 2715 4112 cum
2748 4057 3114 4115 acerbissimis
3145 4060 3382 4117 febribus
3407 4062 3581 4118 collu-

1973 4148 2106 4201 ctari
2138 4164 2244 4203 non
2271 4149 2452 4203 destiti
2484 4167 2496 4203 :
2530 4161 2693 4221 atque
2721 4151 2792 4205 ita
2834 4152 3049 4222 longmn
3081 4152 3184 4208 hoc
3212 4163 3265 4209 et
3293 4156 3584 4211 molestum.

1974 4238 2078 4294 iter
2101 4239 2344 4310 agebam,
2377 4241 2602 4312 aliisque
2630 4244 2756 4298 item
2782 4245 3113 4315 gravissimis
3148 4249 3410 4303 stomachi
3439 4265 3588 4304 mur-

1977 4330 2057 4386 bis
2084 4332 2360 4388 obsessus.
2392 4333 2511 4389 Jam
2537 4349 2658 4404 quae
2701 4335 2825 4391 hinc
2846 4350 3232 4408 sequerentur,
3261 4341 3543 4396 considera
3569 4383 3585 4403 ,

1976 4437 2168 4493 nempe
2195 4438 2316 4478 cum
2352 4439 2453 4480 nec
2492 4427 2686 4483 medici
2730 4440 2929 4498 pnes-to
2971 4439 3174 4496 essent,
3207 4446 3309 4487 nec
3350 4430 3539 4487 balnea
3566 4475 3584 4499 ,

1976 4529 2076 4570 nec
2106 4531 2192 4572 res
2230 4518 2551 4577 necessaria:
2575 4559 2590 4584 ,
2634 4535 2732 4574 nec
2761 4522 2862 4575 alia
2894 4522 3202 4589 commoda,
3231 4537 3296 4578 ac
3326 4532 3584 4593 [διδέασι-νει

1979 4605 2280 4662 Isaurorum
2307 4619 2482 4664 metus
2503 4625 2601 4665 nos
2632 4612 2869 4682 undique
2893 4624 3184 4683 premeret,
3207 4616 3418 4686 aliaque
3442 4618 3580 4675 mala

1976 4711 2097 4765 quae
2127 4712 2194 4752 ex
2224 4698 2475 4754 itinerum
2503 4700 2818 4758 difﬁcultate
2863 4705 3006 4760 nasci
3034 4717 3449 4774 consueverunt,
3481 4709 3585 4763 hoc

1976 4795 2061 4841 est
2084 4802 2233 4854 cura,
2278 4790 2608 4859 sollicitudo,
2651 4794 2816 4848 animi
2865 4798 3253 4865 consternatio,
3284 4799 3459 4870 inopia
3488 4814 3587 4853 θοι.

1977 4892 2127 4943 rum,
2166 4895 2196 4933 a
2243 4881 2440 4950 quibus
2465 4885 2639 4937 curari
2681 4899 2920 4955 possem.
2968 4889 3037 4941 At
3075 4905 3217 4944 nunc
3264 4890 3442 4944 omnia
3473 4890 3588 4948 hasc

1977 4982 2328 5027 evanuerunt.
2373 4972 2443 5029 Ut
2487 4976 2630 5030 enim
2662 4976 2930 5037 Cucusum
2962 4980 3247 5047 venimus,
3283 4991 3392 5037 ttun
3443 4997 3592 5038 mon-

1978 5059 2104 5113 hum
2128 5075 2344 5117 onmem
2379 5081 2482 5119 una
2523 5081 2645 5124 cum
2691 5069 2930 5139 reliquiis
2955 5072 3280 5140 ubjecimus,
3317 5075 3589 5145 integer-ri.

1978 5165 2172 5220 nmque
2206 5155 2510 5210 valetudine
2541 5157 2787 5226 fruimur,
2819 5169 2932 5216 tum
2966 5161 3269 5220 Isaurorum
3300 5177 3447 5221 metu
3491 5168 3558 5220 dc

1980 5241 2144 5298 functi
2177 5261 2364 5302 sumus
2387 5289 2401 5312 ,
2431 5249 2632 5320 quippe
2668 5267 2792 5306 cum
2824 5255 2977 5308 multi
3019 5255 3107 5310 ltic
3134 5257 3332 5312 milites
3360 5260 3464 5312 sint
3488 5299 3504 5325 ,
3535 5276 3568 5316 ο

1978 5336 2197 5405 quidem
2225 5341 2563 5407 paratissimo
2593 5343 2797 5412 animo,
2834 5355 2890 5400 ut
2919 5361 3042 5400 cum
3088 5348 3218 5417 ipsis
3246 5349 3540 5418 conﬂigant
3565 5371 3582 5407 τ

1979 5443 2160 5485 rerum
2185 5446 2399 5502 quoque
2427 5437 2854 5493 necessariarum
2877 5440 3032 5511 copia
3062 5441 3218 5496 nobis
3245 5443 3479 5514 undique
3505 5445 3574 5498 af-

1979 5564 2206 5626 inl‘erius,
2248 5568 2358 5623 τοὺς
2384 5567 2688 5676 ἰπαρέτιοῦς,
2722 5573 3049 5633 praetorianos
3086 5567 3268 5621 milites
3312 5569 3484 5629 vertit,
3523 5577 3578 5619 et

1980 5628 2181 5676 quidem
2225 5636 2363 5676 recte
2392 5635 2502 5676 utro
2541 5642 2658 5676 mue
2691 5645 2702 5676 :
2737 5644 2865 5676 nam-
2911 5639 2964 5676 ut
3006 5631 3236 5676 observat
3273 5632 3485 5676 Carmine
3524 5634 3577 5676 in

1980 5628 2198 5698 quidem.
2225 5636 2363 5698 recte
2392 5628 2658 5698 utrobique
2691 5628 2865 5698 :'_nam,
2911 5639 2964 5680 ut
3006 5631 3236 5698 observat
3273 5632 3485 5698 {langius
3524 5634 3577 5698 in

1983 5689 2233 5756 (jlossariq
2263 5690 2454 5756 Grreco,
2483 5689 2747 5756 iidem_qui
2777 5689 3011 5756 vocantur
3034 5693 3283 5756 ἐπαρχικοί
3310 5693 3358 5741 in
3375 5689 3571 5756 'Synod.

1980 5751 2354 5818 Constantinop.
2381 5751 2487 5818 Act.
2514 5752 2559 5811 7,
2584 5751 2709 5804 infra
2733 5753 2783 5805 in
2816 5754 2992 5804 eodem
3027 5751 3185 5804 Conc'f
3207 5755 3456 5817 ταξεωτοιί,
3483 5766 3574 5818 ap-

1978 5810 2244 5876 paritores,
2276 5810 2612 5877 appellantur.
