4078 6470
483 373 583 430 θη

472 496 588 553 fluit
604 535 626 564 ,
662 493 907 551 omnibus
933 503 1136 546 summa
1173 503 1294 543 cum
1331 479 1703 543 benevolentia
1751 497 1850 540 nos
1894 481 2042 539 esci-

474 586 758 657 pientibus,
805 583 1010 640 etiamsi
1053 580 1247 650 alioqui
1275 578 1673 634 desertissimus
1699 575 1918 631 omnino
1956 572 2045 631 hic

472 676 620 730 locus
647 675 737 728 sit.
776 674 848 726 At
875 686 1001 727 casu
1025 668 1252 739 quodam
1280 666 1530 722 dominus
1557 679 1708 721 meus
1753 664 2043 719 Dioscorus

472 763 559 819 hic
591 773 723 829 erat,
768 762 856 832 qui
881 761 1041 815 etiam
1077 757 1326 813 famulum
1353 756 1530 811 dedita
1559 768 1723 824 Opera
1745 752 2044 807 Casaream

472 855 636 917 misit,
668 861 906 923 rogatum
931 862 1090 920 atque
1120 848 1486 911 obsecratum,
1512 862 1580 901 ne
1613 844 1793 899 domui
1821 858 1933 897 sum
1960 843 2042 896 al-

477 954 644 1000 teram
670 944 1025 1008 anteferrem;
1051 942 1249 1010 aliique
1271 941 1396 995 item
1417 940 1593 1009 plures
1621 937 1760 993 idem
1781 936 2041 992 fecerunt.

475 1033 670 1089 Verum
702 1035 837 1088 hanc
864 1033 981 1101 aliis
1011 1031 1391 1102 praeferendam
1417 1028 1718 1084 necessario
1754 1025 1886 1083 mihi
1923 1027 2041 1081 exi-

473 1125 728 1181 stimavi:
770 1125 946 1195 itaque
989 1123 1131 1194 apud
1179 1137 1301 1177 eum
1343 1120 1675 1176 divertimus.
1715 1120 1890 1189 Atque
1931 1119 2046 1186 ipse

474 1217 631 1272 nobis
655 1215 862 1286 quidvis
880 1223 982 1281 est,
1011 1215 1083 1270 ita
1107 1223 1166 1268 ut
1187 1213 1258 1268 ob
1282 1212 1546 1282 ingentem
1571 1209 1737 1281 ipsius
1759 1208 2046 1265 liberalita-

476 1316 584 1363 tem
608 1316 664 1361 et
700 1306 992 1376 largitatem
1013 1346 1030 1372 ,
1061 1309 1164 1373 qua
1202 1317 1327 1372 erga
1366 1315 1464 1356 nos
1487 1301 1567 1355 uti
1593 1299 1757 1371 cupit,
1784 1307 2045 1370 perpetuo

476 1414 598 1455 eum
637 1413 701 1453 eo
723 1398 1140 1468 expostulemns.
1165 1393 1372 1464 Quippe
1395 1402 1578 1448 nostra
1606 1406 1763 1449 causa
1791 1393 1950 1446 etiam
1977 1405 2046 1446 ex

477 1492 681 1547 adibus
716 1491 826 1546 suis
867 1490 919 1544 in
947 1489 1128 1544 villam
1164 1485 1446 1557 migravit,
1475 1493 1533 1539 ut
1571 1498 1669 1539 nos
1704 1483 1849 1552 omni
1885 1480 2049 1539 officii

478 1597 674 1654 genere
699 1581 1142 1650 complecteretur
1171 1596 1185 1632 :
1215 1585 1375 1647 atque
1397 1575 1615 1646 insuper
1648 1573 1864 1629 domum
1893 1573 2047 1629 nobis

479 1672 549 1728 ad
578 1672 905 1728 tolerandam
930 1670 1159 1726 hiemem
1194 1667 1438 1723 idoneam
1473 1665 1718 1727 exstruit.
1749 1679 1849 1734 pro
1875 1678 2048 1735 eaque

479 1778 542 1819 re
568 1763 698 1818 nihil
726 1776 832 1817 non
856 1760 964 1831 agit
984 1773 1047 1815 ac
1068 1758 1318 1825 molitur;
1347 1755 1578 1827 denique
1600 1753 1802 1809 nullum
1829 1753 2048 1808 omnino

479 1853 640 1909 officii
658 1867 782 1923 erga
799 1865 897 1907 nos
919 1863 1085 1922 genus
1102 1847 1171 1904 ab
1189 1862 1256 1904 eo
1275 1845 1688 1918 przetermissum
1707 1851 1808 1900 est.
1831 1842 1914 1898 Ad
1934 1842 2050 1899 haec

481 1943 721 2015 plerique
746 1941 835 1996 alii
866 1947 1235 2010 procuratores
1267 1945 1324 1993 et
1355 1952 1534 1994 rerum
1558 1936 2046 2002 administratores,

479 2036 711 2094 dominis
740 2035 792 2091 id
835 2034 964 2105 ipsis
1000 2047 1097 2104 per
1131 2033 1316 2088 literas
1361 2028 1744 2100 imperantibus
1765 2068 1780 2094 ,
1823 2025 2052 2083 subinde

480 2127 588 2184 huc
625 2125 917 2193 accedunt,
955 2123 1123 2196 parati
1152 2122 1336 2194 quavis
1361 2121 1566 2177 ratione
1602 2133 1702 2176 nos
1737 2119 1961 2176 reficere
1987 2131 2051 2174 ac

480 2232 745 2275 recreare.
779 2216 906 2272 Haec
930 2223 1106 2271 autem
1148 2213 1329 2268 omnia
1371 2210 1571 2275 idcirco
1605 2208 2050 2273 commemoravi,

479 2320 641 2381 atque
664 2309 766 2364 alia
790 2308 1024 2380 quidem,
1055 2306 1159 2363 hoc
1181 2313 1265 2362 est
1285 2348 1300 2372 ,
1332 2305 1530 2376 priora,
1559 2302 1783 2372 deﬂevi,
1822 2302 1927 2359 alia
1953 2316 2053 2356 au-

482 2412 613 2469 tem,
641 2401 742 2457 hoc
768 2411 868 2466 est,
891 2401 1011 2456 lata
1029 2407 1084 2455 et
1101 2397 1352 2470 jucunda,
1376 2397 1471 2452 tibi
1492 2395 1738 2467 exposui,
1763 2401 1825 2450 ut
1843 2408 1914 2451 ne
1935 2394 2056 2465 quis

482 2502 685 2549 temere
710 2508 806 2549 nos
835 2491 962 2547 hinc
987 2497 1250 2547 emoveat.
1273 2488 1406 2544 Nam
1431 2489 1478 2544 si
1510 2488 1546 2543 ii
1567 2528 1582 2554 ,
1600 2488 1706 2559 qui
1729 2502 1828 2543 nos
1849 2485 2052 2543 benefl-

485 2585 570 2640 cio
589 2583 801 2640 aflicere
845 2575 1099 2652 cupiunt,
1140 2580 1344 2636 arbitrii
1384 2580 1486 2634 hoc
1531 2578 1698 2634 nostri
1742 2577 1966 2645 faciant,
1999 2584 2056 2631 ut

483 2690 592 2744 quo
618 2675 737 2729 loco
753 2673 999 2739 velimus,
1025 2671 1181 2726 nobis
1204 2684 1324 2726 esse
1350 2668 1526 2733 liceat,
1549 2682 1650 2724 nec
1671 2682 1880 2723 rursum
1902 2666 2055 2721 nobis

484 2765 712 2820 alterum
755 2763 930 2818 locum
981 2761 1236 2816 arbitram
1287 2759 1543 2828 libituque
1591 2773 1691 2813 suo
1738 2757 2056 2827 assignaturi

484 2855 612 2920 sint,
633 2855 738 2909 hoc
758 2851 1074 2909 beneficium
1094 2852 1296 2921 accipe.
1322 2849 1415 2904 Sin
1441 2857 1620 2904 autem
1639 2862 1739 2904 nos
1764 2847 1889 2902 hinc
1907 2861 2061 2901 amo-

487 2955 572 3001 tos
603 2946 658 3000 in
683 2945 906 3000 alterum
932 2943 1106 2998 locum
1130 2940 1420 3011 ablegaturi
1459 2949 1623 3005 sunt,
1652 2938 1911 3009 nobisque
1936 2952 2060 2994 rur-

489 3048 608 3090 sum
633 3034 736 3089 iter
759 3033 960 3101 subire,
989 3047 1053 3088 ac
1077 3031 1404 3102 peregrinari
1428 3044 1649 3085 necesse
1675 3039 1758 3085 est
1774 3070 1791 3098 ,
1821 3028 1950 3084 mihi
1977 3044 2063 3084 sa-

489 3141 560 3181 ne
589 3126 694 3181 hoc
739 3126 894 3194 longe
931 3123 1142 3195 gravius
1183 3122 1528 3193 acerbiusque
1571 3121 1729 3177 fuerit
1773 3138 1787 3174 :
1832 3121 2060 3190 primum

489 3217 633 3272 enim
661 3215 787 3271 illud
817 3214 1158 3271 metuendum
1197 3223 1301 3281 est,
1329 3229 1397 3269 ne
1424 3227 1522 3267 nos
1547 3212 1601 3266 in
1639 3212 2060 3282 longinquiorem

491 3317 584 3363 aut
609 3309 662 3363 in
687 3308 1011 3377 asperiorem
1035 3306 1212 3362 locum
1239 3305 1472 3361 ducant:
1499 3304 1692 3361 deinde
1717 3305 1923 3361 itineris
1947 3319 2064 3359 ino-

492 3399 698 3454 lestiam
722 3399 987 3454 sexcentis
1008 3397 1208 3453 exsiliis
1230 3397 1526 3467 graviorem
1556 3411 1677 3452 esse
1703 3396 1861 3452 duco.
1884 3397 2062 3466 Siqui-

494 3487 614 3542 dem
639 3487 1076 3556 peregrinationis
1105 3486 1323 3555 hujusce
1351 3485 1635 3542 difficultas
1658 3485 1726 3541 ad
1748 3487 1890 3556 ipsas
1916 3500 2063 3541 mor-

494 3579 564 3633 tis
592 3588 768 3646 portas
805 3593 903 3633 nos
947 3579 1175 3633 detulit:
1219 3594 1460 3648 nuncque
1483 3618 1499 3644 ,
1543 3579 1736 3634 Cucusi
1772 3580 2058 3650 degentes,

497 3677 748 3738 perpetua
774 3670 1012 3723 sessione
1041 3684 1104 3723 ac
1125 3669 1300 3738 quiete
1327 3679 1534 3724 nosmet
1554 3685 1878 3736 recreamns,
1906 3679 2065 3740 atque

494 3769 600 3813 tam
627 3759 861 3815 diuturni
888 3761 1143 3829 temporis
1167 3776 1439 3827 aerumnae,
1462 3759 1850 3833 confractisque
1870 3763 2067 3818 nostris

495 3852 722 3916 ossibus,
753 3861 808 3904 ct
837 3852 1062 3922 fatigata:
1081 3854 1249 3916 carni,
1269 3854 1464 3922 quietis
1491 3869 1591 3922 ope
1606 3868 1668 3909 ac
1693 3855 1930 3909 subsidio
1950 3870 2066 3910 me-

495 3943 702 3997 demur.
735 3943 896 3996 Afl‘uit
920 3945 1082 3997 etiam
1109 3945 1323 3998 domina
1352 3959 1470 3999 mea
1497 3945 1779 3999 Sabiniana
1804 3945 2068 4000 diaconis-

495 4047 553 4086 sa
593 4030 667 4104 (a)
707 4032 892 4086 eodem
935 4033 1048 4102 ipso
1089 4033 1176 4087 die
1214 4049 1319 4103 quo
1349 4034 1623 4101 venimus,
1657 4035 1823 4090 fracta
1854 4037 2066 4106 quidem

498 4124 608 4190 ipsi.
635 4130 687 4175 et
730 4123 932 4190 abjecta
954 4163 968 4186 ,
1011 4125 1364 4193 a-runmisque
1390 4123 1576 4178 affecta
1598 4166 1613 4189 ,
1666 4133 1847 4194 utpote
1872 4141 1932 4180 ea
1959 4126 2067 4195 jam

496 4222 681 4277 :rlatc,
714 4214 764 4266 in
795 4229 895 4282 qua
926 4215 1122 4268 moveri
1163 4229 1371 4283 quoque
1396 4214 1610 4268 difficile
1642 4225 1727 4270 est
1765 4234 1777 4268 :
1817 4225 2068 4272 caeterum

498 4305 712 4371 juvenili
755 4307 916 4358 animi
963 4307 1237 4361 alacritate
1266 4307 1503 4375 prmdita,
1535 4309 1771 4377 nihilque
1815 4309 2070 4364 adversa-

499 4411 615 4448 rum
642 4411 818 4448 rerum
865 4398 1216 4465 persentiens.
1249 4397 1491 4451 Paratani
1531 4399 1673 4452 enim
1701 4413 1760 4453 se
1785 4414 1904 4454 esse
1933 4400 2071 4455 dixit

501 4487 657 4538 etiam
681 4486 730 4537 in
757 4486 1025 4554 Scythiam
1058 4487 1341 4555 proﬁcisci,
1367 4489 1794 4559 quandoquidem
1821 4500 2073 4547 constans

502 4576 587 4630 hic
633 4592 814 4630 rumor
842 4587 958 4631 erat
979 4619 992 4642 ,
1023 4579 1136 4633 fore
1163 4588 1220 4632 ut
1249 4579 1354 4632 illic
1390 4581 1719 4648 deportarer.
1749 4581 1960 4636 Certum
1992 4593 2075 4638 est

501 4678 677 4722 autem
705 4669 779 4733 ei,
806 4679 864 4722 ut
883 4670 977 4735 ait,
1005 4685 1110 4722 non
1136 4670 1245 4739 jam
1269 4671 1334 4724 ad
1361 4686 1485 4725 suos
1515 4673 1728 4739 reverti,
1757 4688 1942 4727 verum
1969 4675 2075 4729 illic

503 4758 592 4812 ubi
621 4757 874 4813 fuerimus
895 4761 1235 4814 commorari.
1268 4762 1440 4830 Atque
1470 4761 1603 4816 hanc
1631 4763 1792 4817 etiam
1823 4779 2074 4833 perquam

501 4851 732 4907 humane
759 4867 821 4906 ac
844 4852 1100 4919 studiose,
1129 4868 1423 4923 magnaque
1448 4869 1566 4908 cum
1590 4855 1953 4910 benevolentia
1975 4856 2076 4911 Ec-

503 4945 679 4997 clesia:
729 4943 928 4998 alumni
981 4953 1326 5012 exceperunt.
1381 4945 1521 5011 Quin
1572 4946 1817 5000 dominus
1866 4962 2078 5016 quoque

506 5049 658 5088 incus
680 5033 1042 5100 Constantius,
1068 5034 1497 5103 religiosissimus
1537 5037 1829 5106 presbyter,
1857 5037 2079 5106 jampri-

511 5125 630 5179 dem
660 5124 747 5178 hic
771 5123 976 5180 fuisset.
1004 5126 1134 5181 Nam
1160 5136 1213 5180 et
1235 5142 1441 5181 mecum
1470 5143 1565 5198 per
1587 5130 1764 5182 literas
1791 5141 1992 5199 egerat,
2025 5144 2080 5186 ut

510 5218 608 5284 ipsi
645 5216 750 5269 huc
788 5216 1032 5271 veniendi
1068 5226 1385 5286 potestatem
1429 5218 1654 5273 facerem
1684 5236 1697 5271 :
1733 5237 1902 5290 neque
1937 5224 2078 5276 enim

511 5324 570 5363 se
597 5309 727 5363 citra
756 5309 1079 5363 voluntatem
1114 5325 1284 5364 meam
1312 5321 1469 5381 atque
1493 5313 1807 5366 sententiam
1833 5315 1882 5367 id
1910 5314 2084 5370 facere

576 5463 809 5532 (a)}.lanc
837 5465 1132 5532 Sabinianam
1171 5467 1483 5532 diaconissam
1507 5476 1724 5529 Opinatur
1754 5469 2086 5532 Tillcmontius

519 5538 622 5595 eam
647 5523 795 5595 fuisse
809 5587 818 5595 .
833 5539 942 5595 qua:
972 5529 1226 5595 §abiniana
1262 5528 1524 5595 diaconjssa
1539 5523 1790 5595 'vocatur‘a
1815 5531 2018 5581 Palladio
2036 5535 2085 5581 in

518 5587 626 5655 inst.
656 5587 871 5655 nosveid.
899 5600 946 5647 p.
1105 5602 1247 5650 quam
1270 5591 1384 5655 dicit
1399 5589 1571 5655 fuisse
1592 5593 1787 5639 Joannis
1806 5595 1952 5641 nostri
1971 5596 2086 5642 ami-

517 5650 628 5712 tam.
645 5645 773 5702 quod
792 5647 839 5695 si
861 5645 956 5696 non
979 5645 1182 5707 certum.
1201 5651 1463 5712 verisimile
1480 5653 1649 5712 utique
1675 5661 1768 5701 est.
1792 5657 2090 5704 Constantius

522 5706 641 5778 intra
677 5715 986 5778 memoratus,
1008 5706 1264 5772 presbyter
1308 5711 1391 5763 ille
1416 5719 1488 5763 cst
1511 5706 1740 5775 ad'quem
1763 5717 1963 5766 mittitur
1982 5718 2081 5778 οιιὶ·

519 5767 640 5816 stola
662 5775 818 5817 LLXXI
845 5768 976 5819 infra.

1145 376 1205 436 S.
1240 375 1518 436 JOANNIS
1544 371 2016 432 CHRYSOSTOMI
2053 370 2369 430 ARCIIIEP.
2409 371 2941 430 CONSTANTINOP.

3626 378 3734 435 012

2149 480 2351 537 audere
2370 522 2384 546 ,
2417 482 2660 552 quamvis
2684 481 2880 552 alioqui
2911 496 3102 552 magna
3139 483 3296 554 hujus
3319 486 3397 540 rei
3437 489 3730 556 cupiditate

2148 572 2490 644 ﬂagrantem;
2511 571 2743 629 addebat
2769 573 2928 629 etiam
2954 589 3015 629 se
3039 589 3108 628 ne
3135 575 3240 629 illic
3262 574 3476 644 quidem
3511 592 3733 633 manere

2150 680 2308 736 posse
2337 684 2350 720 :
2381 682 2502 720 nam
2538 667 2770 722 latebras
2791 667 3005 738 quaerit,
3026 681 3091 722 ac
3118 681 3239 722 sese
3264 668 3516 722 occultat.
3547 669 3733 739 Itaque

2151 757 2398 826 precibus
2435 757 2532 812 abs
2563 766 2614 813 te
2641 757 2931 825 contendo,
2962 766 3020 813 ut
3063 758 3130 812 de
3158 759 3277 814 loco
3306 760 3523 816 minime
3571 761 3732 816 aliter

2149 844 2334 903 facias.
2359 847 2511 916 Quod
2538 848 2582 902 si
2612 863 2798 904 rursus
2820 890 2837 915 ,
2863 847 2992 918 quid
3021 849 3121 918 ipsi
3161 849 3216 903 in
3249 851 3430 905 animo
3455 846 3689 908 habeant
3707 893 3729 922 ,

2149 937 2554 1011 periclitandum
2597 939 2770 1006 ducis,
2818 950 2876 995 tu
2901 940 3115 1011 quidem
3145 956 3178 995 a
3201 951 3254 996 te
3283 942 3414 996 nihil
3439 943 3608 1010 dicas,
3635 961 3732 1002 ve-

2149 1047 2266 1086 rum
2296 1045 2393 1101 pro
2419 1039 2509 1084 tua
2538 1030 2838 1100 prudentia,
2870 1046 3098 1102 quonam
3126 1047 3212 1087 me
3237 1032 3502 1090 abducere
3527 1037 3732 1092 consti-

2150 1123 2379 1189 tuerint,
2420 1121 2670 1191 explores
2695 1138 2711 1175 :
2743 1121 2795 1176 id
2822 1125 2963 1176 enim
3000 1132 3170 1193 potes.
3195 1123 3275 1178 Ac
3300 1124 3346 1178 si
3375 1125 3573 1182 videris
3599 1129 3732 1197 ipsis

2149 1211 2204 1265 in
2230 1211 2410 1266 animo
2435 1225 2585 1278 esse,
2623 1227 2730 1266 non
2754 1212 2911 1283 longe
2945 1211 3139 1268 isthinc
3177 1214 3231 1268 in
3270 1216 3588 1271 maritimam
3630 1217 3735 1273 ali-

2148 1316 2308 1372 quam
2331 1300 2538 1365 urbem,
2567 1313 2691 1370 puta
2717 1299 2986 1373 Cyzicum,
3010 1309 3102 1357 aut
3116 1317 3221 1356 non
3246 1302 3404 1373 longe
3428 1319 3459 1358 a
3478 1303 3736 1362 Nicome-

2149 1390 2235 1446 dia
2267 1405 2353 1446 me
2375 1391 2628 1458 avehere,
2667 1392 2770 1446 hoc
2793 1391 2995 1462 accipe.
3035 1390 3129 1447 Sin
3155 1401 3334 1448 autem
3363 1393 3570 1465 longius
3605 1395 3737 1452 hinc

2153 1480 2382 1550 uspiam,
2403 1488 2494 1535 aut
2517 1480 2590 1535 ita
2621 1480 2827 1550 procul,
2855 1489 2915 1535 ut
2939 1481 3026 1536 hic
3051 1481 3201 1537 locus
3225 1491 3330 1549 est,
3357 1498 3427 1538 ne
3453 1485 3687 1555 accipias
3712 1503 3729 1539 :

2152 1570 2258 1626 hoc
2301 1572 2498 1642 quippe
2525 1570 2655 1625 mihi
2697 1585 2859 1642 grave
2893 1585 2956 1626 ac
2994 1571 3377 1641 permolestum
3422 1573 3600 1629 fuerit.
3633 1575 3734 1631 llic

2152 1665 2295 1720 enim
2316 1665 2370 1720 in
2393 1679 2584 1736 magna
2600 1665 2780 1734 quiete
2796 1663 3065 1734 animique
3094 1666 3411 1722 remissione
3429 1680 3731 1735 versamur,

2153 1763 2227 1814 lta
2247 1767 2305 1814 ut
2333 1759 2493 1815 etiam
2524 1768 2850 1813 contractam
2879 1772 3093 1813 omnem
3118 1773 3185 1814 ex
3216 1759 3408 1815 itinere
3429 1761 3734 1817 molestiam

2152 1849 2315 1905 biduo
2342 1849 2769 1905 absterserimus.

2153 1941 2235 1996 Ad
2257 1943 2480 1996 eamdem
2504 1942 2733 2013 epistola,
2758 1942 2809 1996 in
2833 1957 2933 2013 qua
2972 1950 3345 2009 commemorat,
3371 1957 3486 2011 qua
3501 1943 3602 2014 ipsi
3623 1942 3740 2000 Cc-

2205 2049 2365 2089 sarcw
2381 2035 2672 2089 acciderint.
2692 2032 2773 2088 X1
2791 2033 2854 2089 V.
2884 2032 3117 2104 (Cucuso
3144 2035 3339 2106 scripta
3363 2050 3506 2091 anno
3528 2036 3684 2109 404.)

2229 2128 2282 2181 1.
2311 2126 2448 2195 Quid
2473 2127 2658 2196 luges?
2683 2125 2811 2197 quid
2832 2127 3052 2197 teipsam
3075 2125 3274 2194 tundis,
3300 2142 3496 2199 easque
3516 2143 3651 2197 quas
3669 2145 3742 2186 ne

2158 2217 2340 2275 hostes
2359 2218 2572 2290 quidem
2604 2218 2679 2273 tui
2705 2232 2737 2271 a
2767 2226 2818 2273 te
2842 2218 3056 2288 exigere
3081 2225 3368 2288 potuerunt
3391 2233 3580 2289 poenas
3605 2235 3636 2274 a
3662 2230 3744 2275 te-

2159 2311 2275 2380 ipsa
2293 2309 2522 2378 expetis,
2549 2318 2607 2364 ut
2625 2325 2744 2378 qua:
2766 2309 3002 2363 animum
3030 2315 3177 2363 tuum
3197 2310 3446 2365 maeroris
3472 2311 3743 2381 tyrannidi

2160 2415 2332 2471 usque
2359 2402 2495 2457 adeo
2523 2401 2826 2458 addixerisl
2854 2401 3063 2456 Etenim
3103 2401 3272 2457 litera:
3301 2402 3406 2458 illa:
3425 2444 3441 2469 ,
3479 2418 3618 2472 quas
3644 2418 3745 2473 per

2161 2491 2448 2546 Patricium
2485 2490 2553 2545 ad
2581 2505 2680 2546 nos
2725 2489 2950 2555 misisti,
2982 2490 3096 2560 ipsa
3137 2492 3332 2547 anima:
3375 2501 3480 2547 tua:
3520 2495 3745 2548 vulnera

2162 2581 2318 2636 nobis
2339 2580 2692 2636 declararunt.
2715 2580 3073 2647 Quamobrem
3097 2579 3387 2636 admodum
3405 2581 3563 2638 doleo
3583 2592 3747 2653 atque

2161 2685 2347 2742 angor,
2378 2669 2521 2740 quod
2549 2685 2670 2724 cum
2698 2669 2826 2723 nihil
2871 2684 2976 2724 non
3014 2685 3174 2740 agere
3208 2685 3274 2726 ac
3314 2671 3491 2726 moliri
3520 2671 3744 2739 debeas,

2163 2777 2270 2830 quo
2310 2776 2598 2817 mterorem
2634 2776 2704 2816 ex
2729 2761 2906 2815 animo
2950 2769 3041 2816 tuo
3087 2763 3395 2832 propulses,
3422 2771 3601 2817 tamen
3631 2764 3746 2833 ipsa

2168 2851 2268 2905 huc
2294 2859 2452 2920 atque
2482 2849 2606 2904 illuc
2630 2857 2684 2905 te
2708 2859 2914 2915 vertas,
2940 2851 3195 2905 molestas
3220 2860 3276 2906 et
3300 2851 3523 2914 acerbas
3545 2855 3750 2924 cogita-

2167 2942 2339 2995 tiones
2367 2939 2643 3008 colligens,
2673 2954 2862 3008 eaque,
2888 2954 3010 3010 quze
3038 2954 3143 2994 non
3164 2949 3288 2994 sunt
3313 2941 3458 3012 (nam
3485 2941 3588 2997 hoc
3614 2959 3750 3016 quo-

2166 3044 2268 3096 que
2297 3029 2523 3100 dixisti),
2553 3030 2732 3084 animo
2759 3029 3050 3100 effingens,
3081 3039 3237 3100 teque
3260 3032 3429 3102 ipsam
3470 3032 3665 3089 frustra
3695 3045 3753 3091 et

2167 3121 2454 3185 incassum,
2483 3120 2591 3175 imo
2613 3135 2821 3175 summo
2841 3136 2960 3175 cum
2981 3120 3304 3177 detrimento
3326 3121 3582 3179 lancinas.
3609 3125 3750 3193 Quid

2166 3213 2307 3266 enim
2334 3211 2575 3281 angoris,
2618 3211 2757 3281 quod
2783 3226 2882 3265 nos
2918 3226 2949 3266 e
2972 3211 3181 3266 Cucuso
3204 3211 3308 3268 alio
3338 3214 3628 3270 transferre
3656 3231 3751 3272 ne—

2165 3301 2423 3372 quivisti?
2463 3300 2795 3372 Quamquam
2831 3303 3009 3372 aliquo
3052 3303 3213 3359 modo
3257 3319 3358 3360 nos
3403 3308 3750 3376 transtulisti,

2167 3391 2293 3447 dum
2321 3392 2454 3447 nihil
2483 3407 2589 3447 non
2610 3393 2730 3448 ideo
2756 3393 2853 3448 abs
2881 3403 2934 3450 te
2963 3403 3223 3450 tentatum
3248 3405 3411 3467 atque
3439 3406 3618 3453 actum
3644 3409 3750 3454 est.

2168 3483 2323 3550 Quod
2369 3485 2414 3537 si
2457 3497 2546 3538 res
2574 3484 2754 3555 perfici
2799 3500 2904 3540 non
2948 3486 3154 3556 potuit,
3186 3502 3291 3541 non
3321 3497 3498 3543 tamen
3529 3489 3755 3559 proinde

2167 3577 2289 3646 angi
2318 3585 2553 3646 oportet.
2576 3575 2710 3631 Nam
2738 3576 2964 3632 fortasse
2985 3578 3084 3632 hac
3109 3578 3176 3633 de
3203 3594 3365 3633 causa
3384 3580 3526 3635 Deus
3551 3581 3755 3651 longio-

2169 3682 2228 3722 ra
2253 3682 2505 3721 cursuum
2544 3669 2713 3736 spatia
2743 3667 2899 3722 nobis
2936 3670 3162 3738 proponi
3206 3670 3406 3735 voluit,
3433 3680 3492 3726 ut
3518 3671 3755 3740 splendi-

2171 3758 2348 3814 diores
2373 3773 2602 3814 coronas
2623 3774 3037 3830 consequamur.
3063 3761 3200 3829 Quid
3227 3763 3386 3833 igitur
3401 3764 3471 3818 ob
3497 3779 3559 3820 ea
3590 3767 3644 3820 in
3663 3765 3757 3821 do-

2174 3849 2289 3904 lore
2313 3849 2566 3914 versaris,
2595 3850 2664 3904 ob
2688 3866 2806 3920 qua:
2836 3851 3078 3907 laudibus
3097 3853 3360 3909 afficimur
3379 3856 3402 3909 τ
3423 3871 3545 3911 cum
3564 3868 3754 3914 contra

2175 3952 2226 3997 te
2255 3943 2323 3996 ob
2348 3957 2465 3999 eam
2509 3959 2719 4000 causam
2755 3947 3021 4001 exsultare
3055 3961 3118 4002 ac
3153 3948 3463 4017 tripudiare,
3490 3961 3758 4021 caputque

2173 4035 2388 4092 corollis
2440 4034 2704 4092 redimere
2761 4051 2854 4107 par
2907 4038 3015 4106 sit,
3066 4040 3208 4109 quod
3260 4040 3441 4096 divino
3495 4044 3759 4100 beneﬁcio

2174 4136 2514 4180 remtantam
2557 4141 2621 4180 ac
2659 4127 2861 4182 meritis
2892 4131 3087 4184 nostris
3133 4130 3290 4200 longe
3332 4135 3757 4200 prarstantiorem

2175 4220 2486 4288 consequuti
2527 4221 2713 4273 simus.
2757 4223 2825 4274 At
2864 4219 3020 4291 hujus
3049 4223 3149 4278 loci
3179 4225 3408 4279 solitudo
3440 4227 3532 4281 tibi
3561 4244 3762 4285 mano-

2176 4323 2289 4364 rem
2319 4310 2504 4364 affert?
2531 4310 2598 4364 Et
2616 4311 2739 4380 quid
2768 4313 2975 4366 tandem
3007 4313 3104 4367 hac
3122 4314 3250 4370 sede
3263 4316 3589 4384 jucundius?
3618 4320 3763 4376 Soli-

2179 4401 2304 4456 tudo
2329 4441 2344 4466 ,
2395 4401 2746 4469 tranquillitas
2771 4403 2956 4472 ingens
2978 4445 2993 4470 ,
3025 4406 3176 4473 quies
3196 4447 3211 4470 ,
3242 4409 3484 4476 corporis
3514 4408 3758 4466 firmitas.

2178 4486 2509 4560 Quamquam
2547 4495 2685 4546 enim
2730 4507 2828 4548 nec
2873 4493 3064 4561 forum,
3096 4512 3193 4551 nec
3238 4499 3424 4553 venale
3472 4501 3763 4571 quidquam

2183 4583 2296 4636 lucc
2326 4583 2452 4636 urbs
2480 4582 2640 4636 habet
2671 4601 2682 4637 :
2715 4585 2845 4638 nihil
2871 4594 3045 4640 tamen
3080 4587 3219 4643 istud
3247 4604 3363 4641 mea
3395 4590 3636 4646 interest.
3668 4593 3766 4648 Mi-

2184 4676 2235 4728 hi
2262 4676 2454 4746 quippc
2479 4677 2655 4728 omnia
2690 4688 2953 4750 tamquam
2989 4696 3020 4735 e
3047 4680 3191 4734 fonte
3215 4681 3454 4736 affluunt.
3489 4683 3764 4752 Siquidem

2183 4777 2237 4821 et
2256 4768 2528 4824 dominum
2555 4786 2728 4824 meum
2755 4771 2909 4840 hujus
2926 4773 3028 4826 loci
3057 4773 3386 4842 cpiscOpunI,
3407 4785 3461 4829 ct
3486 4776 3763 4834 dominum

2187 4877 2360 4916 meum
2406 4863 2713 4917 Dioscorum
2743 4866 2946 4930 habeo,
2979 4866 3066 4934 qui
3096 4865 3225 4918 nihil
3253 4866 3394 4920 aliud
3425 4870 3663 4924 muneris
3682 4880 3765 4925 at-

2186 4967 2287 5021 que
2325 4968 2503 5022 operm
2545 4954 2737 5009 habere
2775 4955 3042 5015 videntur.
3075 4972 3230 5024 quam
3275 4967 3330 5010 ut
3373 4973 3460 5014 me
3501 4973 3767 5020 recreent.

2186 5045 2321 5111 Quin
2358 5047 2644 5114 praeclarus
2683 5063 2894 5117 quoque
2931 5049 3012 5102 vir
3057 5050 3314 5103 Patricius
3349 5051 3441 5104 tibi
3495 5053 3770 5119 narrabit,

2186 5153 2414 5206 quonam
2457 5147 2609 5207 pacto
2639 5140 2688 5192 in
2714 5140 2874 5194 animi
2901 5141 3182 5206 hilaritate,
3215 5143 3267 5195 in
3306 5145 3682 5209 oblectatione,
3716 5149 3771 5202 in

2189 5231 2368 5282 multis
2418 5229 2684 5298 obsequiis
2708 5231 2984 5300 degamus,
3011 5240 3262 5300 quantum
3299 5235 3511 5302 quidem
3542 5235 3607 5289 ad
3637 5236 3774 5294 hanc

2190 5320 2749 5374 connnemorationcm
2773 5323 2978 5374 attinet.
3010 5322 3162 5386 Quod
3189 5324 3231 5375 si
3260 5339 3318 5375 ea
3352 5340 3471 5391 qua:
3500 5325 3625 5377 mihi
3657 5326 3777 5380 Cm-

2191 5423 2358 5462 sarea:
2406 5408 2745 5473 acciderunt,
2803 5413 2852 5463 in
2903 5412 3100 5464 lnctmn
3135 5422 3184 5465 te
3225 5413 3552 5478 eonjiciunt,
3589 5415 3639 5467 in
3674 5415 3778 5469 hoc

2192 5498 2348 5551 etiam
2382 5514 2492 5550 rem
2529 5512 2709 5566 parum
2743 5508 2793 5552 te
2842 5500 3051 5568 dignam
3083 5499 3231 5553 facis.
3269 5501 3397 5554 Nam
3431 5503 3535 5556 illic
3566 5498 3779 5572 quoque

2194 5589 2471 5642 luculenta:
2508 5575 2710 5642 rursum
2740 5591 2890 5644 nobis
2915 5605 3127 5644 corona'
3153 5601 3414 5646 contexta:
3441 5604 3564 5647 sunt
3597 5611 3609 5644 :
3643 5596 3781 5648 adeo

2197 5689 2250 5731 nt
2279 5695 2466 5734 omnes
2496 5695 2591 5732 nos
2620 5680 2850 5746 laudent,
2881 5681 3193 5750 prmdiccnt,
3226 5691 3384 5750 atque
3409 5682 3475 5737 ad
3505 5693 3778 5753 stuporem

2199 5787 2364 5842 usque
2382 5771 2732 5841 admirentur,
2759 5773 2897 5844 quod
2923 5774 3169 5844 gravibus
3192 5774 3397 5844 injuriis
3424 5775 3653 5844 acceptis
3668 5775 3779 5845 eje-
