4078 6428
279 384 383 443 6H

277 511 383 567 της
408 509 512 565 μου
536 492 825 562 Διόσκορος
846 486 1083 543 ἐνταῦθα
1107 487 1205 551 ὢν,
1221 486 1281 551 ὃς
1300 485 1395 540 καὶ
1420 484 1503 548 εἰς
1529 479 1869 551 Καισάρειαν

276 594 608 652 ἀπέστειλεν
643 592 860 660 οίκέτην
904 592 985 651 είς
1012 589 1145 643 αὐτὸ
1176 586 1354 649 τοῦτο,
1401 579 1738 656 παρακαλῶν
1775 578 1871 633 καὶ

275 694 537 765 δεόμενος
562 692 638 763 μὴ
663 691 999 763 προτιμῆσαι
1026 689 1127 759 τῆς
1147 687 1314 743 αὐτοῦ
1335 686 1513 751 οἰκίας
1536 686 1757 750 ἑτέραν,
1776 684 1872 735 καὶ

276 793 463 863 ἕτεροι
487 792 546 845 δὲ
565 791 804 855 πλείους.
828 789 973 843 Ἀλλ’
986 790 1289 857 ἀναγκαῖον
1318 788 1546 857 ἐνόμισα
1565 784 1677 838 τῶν
1693 781 1871 837 ἀλλων

274 891 472 946 τοῦτον
503 890 861 962 προτιμῆσαι,
896 889 993 943 καὶ
1019 887 1373 959 κατήχθημεν
1405 885 1466 939 ἐν
1512 886 1627 948 τοῖς
1678 881 1868 937 αὐτοῦ.

279 994 395 1047 Kal
426 993 608 1046 πάντα
637 992 770 1062 ἡμῖν
818 989 984 1053 αὐτὸς
1036 989 1269 1058 γίνεται,
1307 987 1386 1050 ὡς
1441 986 1540 1039 καὶ
1594 981 1872 1054 κατασοᾷν

279 1094 452 1149 αὐτοῦ
480 1090 743 1164 συνεχῶς,
772 1090 862 1145 διά
885 1089 985 1161 τὴν
1007 1089 1210 1160 πολλὴν
1239 1086 1405 1143 αὐτοῦ
1435 1086 1739 1157 δαψίλειαν,
1775 1086 1873 1141 καὶ

278 1193 382 1266 τὴν
406 1192 690 1262 ἀφθονίαν,
723 1191 792 1263 ἡν
831 1188 1082 1261 βούλεται
1111 1189 1395 1258 παρέχειν.
1427 1187 1507 1240 Δι’
1551 1186 1701 1258 ἡμᾶς
1734 1184 1871 1255 γοῦν

278 1295 379 1350 καὶ
410 1291 645 1364 μετέστη
675 1290 875 1363 χωρίον
907 1289 1073 1343 οίκῶν
1095 1332 1113 1356 ,
1153 1288 1295 1342 ὥστε
1326 1288 1494 1342 παντὶ
1531 1283 1872 1358 θεραπεῦσαι

276 1392 494 1466 τρόπῳ,
544 1392 645 1463 τὴν
684 1407 745 1443 τε
776 1388 958 1443 οἰκίαν
982 1390 1115 1459 ἡμῖν
1152 1385 1555 1451 κατασκευάζει
1589 1387 1729 1458 πρὸς
1755 1402 1872 1457 χει-

282 1490 442 1561 μῶνα
460 1485 795 1560 ἐπιτηδείαν,
827 1485 1007 1540 πάντα
1033 1484 1205 1539 ποιῶν
1228 1485 1369 1556 ὑπὲρ
1402 1483 1593 1540 τούτου
1615 1484 1713 1539 καὶ
1737 1501 1875 1557 πρα-

278 1588 691 1658 γματευόμενος
707 1601 723 1617 ο
758 1586 856 1639 καὶ
872 1582 1176 1648 ὄλωςούδέν
1203 1582 1543 1638 ἐλλέλειπται
1570 1582 1875 1655 θεραπείας

276 1691 491 1747 ινεκεν.
513 1691 625 1746 Kal
641 1691 820 1762 έτεροι
839 1688 899 1742 δὲ
922 1687 1110 1743 πολλοὶ
1136 1688 1425 1762 ἐπίτροποι
1450 1689 1547 1744 καὶ
1571 1688 1873 1760 οίκονόμοι,

280 1790 437 1863 παρά
468 1791 579 1847 τῶν
619 1790 901 1845 δεσποτῶν
946 1788 1057 1843 τῶν
1097 1788 1307 1842 ἑαυτῶν
1357 1786 1741 1851 κελευσθέντες
1783 1786 1877 1841 διά

280 1891 651 1963 γραμμάτων,
712 1887 955 1961 συνεχῶς
998 1888 1421 1960 παραγίνονται,
1459 1886 1675 1958 ἕτοιμοι
1732 1887 1878 1942 κατά

281 1991 465 2045 πάντα
510 1989 712 2062 τρόπον
742 1990 895 2061 ἡμᾶς
942 1987 1277 2043 ἀναπαῦσαι.
1338 1988 1526 2043 Ταῦτα
1576 1988 1637 2043 δὲ
1696 1988 1877 2044 πάντα

280 2087 505 2161 εἴρηκα,
539 2087 637 2143 καὶ
662 2088 733 2142 τά
764 2088 863 2160 μὲν
888 2086 1290 2159 ἀπωδυράμην,
1318 2086 1390 2142 τά
1420 2088 1689 2161 πρότερα,
1720 2088 1793 2144 τά
1817 2089 1878 2144 δὲ

275 2179 460 2252 εἶπον,
490 2186 562 2241 τά
593 2186 834 2259 χρηστά,
865 2186 956 2243 ἵνα
978 2186 1055 2259 μὴ
1075 2186 1365 2259 προπετῶς
1388 2205 1475 2252 τις
1508 2188 1660 2260 ἡμᾶς
1686 2187 1876 2243 ἐντεῦ-

281 2289 377 2346 θεν
406 2290 622 2363 ἐγείρῃ.
646 2291 712 2345 El
734 2289 837 2361 μιν
855 2290 968 2363 γάρ
986 2293 1037 2346 οι
1063 2289 1380 2364 βουλόμενοι
1406 2292 1591 2347 δοῦναι
1616 2294 1754 2364 ἡμῖν
1776 2294 1879 2365 τὴν

280 2391 468 2465 χάριν,
481 2393 708 2465 κυρίους
728 2392 877 2464 ἡμᾶς
892 2394 1098 2449 ποιοῖεν
1121 2393 1219 2449 τοῦ
1240 2387 1379 2447 εἶναι
1393 2394 1529 2448 ὃπου
1552 2392 1876 2466 βουλόμεθα,

284 2492 385 2546 καὶ
416 2492 497 2563 μὴ
532 2491 701 2547 πάλιν
731 2492 919 2565 ιτερον
948 2495 1082 2565 ἡμῖν
1117 2493 1362 2566 μέλλοιεν
1398 2493 1751 2567 ἀποκληροῦν
1786 2496 1878 2550 τό-

284 2609 412 2658 πον,
439 2593 504 2647 δν
530 2592 599 2647 ἀν
614 2590 879 2656 ἶθέλωσι,
910 2593 1202 2659 κατάδεξαι
1229 2594 1330 2667 τὴν
1356 2596 1539 2667 χάριν.
1567 2595 1633 2650 Et
1654 2594 1880 2649 δέένθεν

280 2694 439 2765 ἡμᾶς
458 2693 797 2758 ἀνιστάντες,
835 2695 917 2758 είς
935 2694 1124 2766 ἕτερον
1155 2693 1403 2764 μέλλοιεν
1426 2696 1671 2765 πέμπειν
1690 2695 1879 2761 τόπον,

285 2792 386 2847 καὶ
420 2791 585 2846 πάλιν
614 2792 753 2859 όδδς,
804 2794 900 2847 καί⁸
954 2794 1121 2849 πάλιν
1157 2795 1459 2867 ἀποδημία,
1496 2797 1621 2867 ἐμοὶ
1675 2796 1882 2867 σφόδρα

285 2888 452 2945 τοῦτο
475 2888 885 2961 χαλεταίπερον·
921 2891 1139 2962 πρῶτον
1170 2890 1290 2963 μὲν,
1320 2892 1531 2963 μήποτε
1560 2892 1642 2955 είς
1674 2891 1883 2963 μακρό-

286 3005 451 3062 τερον
483 2988 520 3061 ἡ
572 2989 655 3054 είς
710 2988 1093 3062 χαλεπώτερον
1142 2992 1293 3062 ἡμᾶς
1350 2990 1609 3063 πέμψωσι
1650 2990 1878 3063 χωρίον·

286 3089 487 3145 ἔπειτα
510 3090 588 3157 δὲ,
622 3090 706 3144 ὅτι
738 3090 950 3163 μυρίων
988 3091 1216 3163 ἐξοριῶν
1240 3093 1368 3164 ἐμοὶ
1400 3093 1462 3146 τὸ
1485 3092 1692 3147 ὁδεύειν
1719 3094 1884 3163 χαλε-

284 3189 559 3261 πώτερον.
578 3189 690 3245 Kal
716 3189 828 3263 γάρ
860 3193 941 3255 είς
965 3191 1137 3257 αὐτὰς
1163 3193 1316 3263 ἡμᾶς
1345 3192 1653 3264 κατήνεγκε
1670 3190 1766 3245 τοῦ
1788 3193 1884 3247 θα-

283 3290 455 3345 νάτου
480 3290 584 3355 τάς
610 3290 783 3355 πύλας
816 3291 1023 3364 ταύτης
1052 3293 1153 3363 τῆς
1179 3293 1487 3366 ἀποδημίας
1515 3296 1551 3367 ἡ
1598 3294 1877 3350 δυσκολία.

284 3391 404 3447 Kal
426 3390 775 3464 διατρίόομεν
800 3391 896 3449 νῦν
922 3393 983 3449 ἐν
1003 3392 1325 3466 Κουκουσῷ,
1351 3398 1418 3467 τῇ
1446 3394 1683 3467 διηνεκεῖ
1720 3396 1887 3452 καοέο

285 3494 396 3568 δρα
429 3493 527 3547 καὶ
554 3493 756 3566 ἡσυχία
778 3483 1156 3565 ἀνακτώμενοι
1184 3496 1435 3559 ἑαυτοὺς,
1459 3496 1554 3550 καὶ
1586 3497 1685 3567 τὴν
1712 3499 1771 3551 ἐν
1806 3497 1887 3568 τῷ

294 3595 500 3668 μακρῷ
551 3594 730 3667 χρόνῳ
763 3596 1066 3667 γενομένην
1100 3597 1234 3667 ἡμῖν
1258 3596 1649 3667 ταλαιπωρίαν,
1681 3599 1776 3652 καὶ
1816 3599 1887 3653 τά

292 3695 741 3767 συντετριμμένα
760 3693 918 3766 ἡμῶν
941 3696 1096 3763 ὀστᾶ,
1122 3697 1219 3749 καὶ¹
1245 3697 1346 3767 τὴν
1374 3696 1887 3771 ταλαιπωρηοεῖσαν

290 3802 479 3874 σάρκα
504 3801 594 3855 διά
624 3802 723 3871 τῆς
751 3801 984 3873 ἡσυχίας
1019 3801 1443 3872 θεραπεύοντες.
1484 3803 1794 3876 Ἀπήντησε
1829 3804 1887 3858 δὲ

292 3907 392 3961 καὶ
415 3908 451 3978 ἡ
477 3906 643 3977 κυρία
674 3923 777 3977 μου
800 3905 1095 3977 Σασινιανὴ
1115 3908 1149 3977 ἡ
1175 3906 1422 3970 διάκονος
1447 3907 1587 3961 κατά
1610 3908 1710 3978 τὴν
1734 3907 1887 3982 [594]

290 4010 516 4081 ἡμέραν
548 4008 646 4080 τὴν
680 4008 868 4081 αὐτὴν,
897 4010 1019 4065 καθ’
1040 4009 1108 4079 ἢν
1141 3998 1427 4081 καὶνὴμεῖς
1456 4011 1876 4083 ἀπηντήσαμεν,

296 4113 737 4185 συντετριμμένη
786 4114 886 4185 μὲν
935 4116 1032 4168 καὶ
1086 4116 1644 4187 τεταλαιπωρημένη,
1680 4118 1776 4171 ἆτε
1831 4121 1890 4173 ἐν

295 4217 474 4287 τούτῳ
491 4216 593 4286 τῆς
618 4216 831 4287 ἡλικίας
858 4213 1016 4283 οὖσα,
1045 4219 1174 4272 ἔνθα
1200 4220 1295 4272 καὶ
1318 4220 1585 4273 κινεῖσθαι
1608 4220 1885 4275 δύσκολονο

293 4322 451 4393 ὅμως
468 4321 527 4375 δὲ
550 4323 618 4393 τῇ
647 4320 928 4394 προθυμίᾳ
942 4321 1231 4389 νεάξουσα,
1262 4325 1358 4378 καὶ
1378 4326 1606 4396 μηδενὸς
1637 4326 1891 4381 αίσθανο-

300 4426 440 4497 μένη
462 4426 571 4479 τῶν
595 4425 874 4498 λυπηρῶν.
908 4427 1130 4499 Ἑτοίμη
1152 4428 1262 4500 γὰρ
1284 4428 1487 4501 ἔφησεν
1528 4426 1666 4483 εἷναι
1693 4433 1788 4485 καὶ
1809 4434 1889 4496 είς

299 4528 539 4582 Σκυθίαν
552 4528 981 4601 ἀπαντήσεσθαι,
1003 4532 1191 4603 ἐπειδὴ
1207 4533 1450 4598 τοιοῦτος
1470 4536 1691 4606 ἐκράτει
1711 4535 1889 4605 λόγος,

305 4633 383 4697 ὡς
412 4635 529 4687 ἐκεῖ
548 4634 710 4706 ἡμῶν
740 4634 1226 4706 ἀπαχθησομένων.
1249 4638 1474 4710 Ἐτοίμη
1506 4640 1565 4692 δέ
1604 4640 1783 4707 ἐστιν,
1815 4640 1893 4703 ὣς

310 4754 465 4808 φησι,
482 4736 679 4809 μηκέτι
701 4737 1062 4808 ὑποστρέφειν
1090 4739 1361 4809 μηδαμοῦ,
1392 4734 1506 4793 ἀλλ’
1539 4744 1657 4795 ἐκεῖ
1680 4741 1889 4812 διατρί-

304 4840 423 4894 ϐειν
448 4840 580 4895 ἔνθα
599 4840 668 4895 ἂν
700 4834 869 4911 ὦμεν.
905 4842 1115 4914 Σφόδρα
1146 4843 1202 4895 δὲ
1236 4845 1327 4896 καὶ
1355 4845 1525 4915 αὐτὴν
1560 4845 1892 4909 ὑπεδέξαντο

303 4946 353 4997 οί
376 4946 477 5016 τῆς
520 4944 847 5012 Ἐκκλησίας
874 4945 1013 5015 μετά
1046 4946 1247 5017 πολλῆς
1277 4948 1379 5017 τῆς
1412 4949 1648 5019 σπουδῆς
1678 4950 1891 5020 καὶτῆς

305 5047 539 5111 εὐνοίας.
571 5048 683 5100 Kal
710 5048 739 5099 ὁ
767 5047 955 5117 κύριος
978 5047 1035 5100 δέ
1071 5065 1171 5116 μου
1196 5050 1596 5113 Κωνστάντιος,
1623 5050 1652 5101 ὁ
1674 5048 1893 5103 εὐλαϐέ-

307 5169 503 5215 στατος
542 5150 936 5222 πρεσϐύτερος,
969 5150 1136 5205 πάλαι
1162 5154 1229 5205 ἂν
1256 5153 1491 5206 ἐνταῦθα
1527 5150 1616 5225 ἧν.
1653 5154 1763 5208 Kal
1781 5153 1890 5224 γὰρ

308 5256 404 5308 καὶ
425 5252 739 5308 ἐπέστειλεν
770 5270 878 5323 μοι,
914 5254 1249 5325 παρακαλῶν
1301 5258 1387 5309 ἵνα
1420 5258 1700 5328 ἐπιτρέψω
1742 5259 1892 5328 αὐτῷ

306 5360 543 5413 ἐνταῦθα
574 5359 747 5413 ἐλθεῖν
772 5374 788 5390 ο
806 5359 906 5429 τῆς
932 5360 1041 5429 γὰρ
1068 5362 1211 5431 ἐμῆς
1238 5362 1463 5433 γνώμης
1484 5364 1649 5435 χωρὶς
1674 5367 1799 5436 μηδ’
1824 5367 1892 5421 ἂν

310 5461 575 5532 τολμῆσαι
598 5462 1023 5531 παραγενέσθαι,
1052 5464 1227 5517 καίτοι
1254 5483 1317 5533 γε
1354 5467 1559 5537 σφόδρα
1587 5469 1891 5539 ἐπιθυμῶν,

311 5565 428 5628 καὶ,
445 5564 522 5626 ὥς
542 5583 727 5636 φησιν,
746 5566 865 5617 οὐδὲ
892 5567 1080 5620 αὐτόθι
1104 5570 1287 5637 μένειν
1308 5570 1601 5641 δυνάμενος
1616 5590 1627 5602 ·
1655 5573 1892 5646 κρύπτεη

308 5685 402 5721 ται
429 5669 558 5738 γὰρ,
584 5670 679 5722 καὶ
709 5670 958 5725 λανθάνει
978 5690 989 5701 θ
1022 5673 1258 5727 τοσαῦτα
1288 5676 1448 5729 αὐτὸν
1483 5678 1693 5747 συνέχει
1727 5680 1891 5745 κακά,

313 5766 494 5835 καθώς
514 5789 663 5845 φησι.
692 5774 1000 5845 Παρακαλῶ
1024 5777 1197 5831 τοίνυν
1232 5780 1306 5850 μὴ
1337 5779 1503 5846 ἄλλως
1550 5784 1771 5854 ’ἱτῢῗήῦῃῖ
1793 5783 1883 5837 τυῦ

1710 360 2101 423 EPISTOLJE.

3457 351 3566 409 612

1980 473 2149 528 τόπου
2199 474 2408 534 ἕνεκεν.
2448 473 2514 529 Et
2549 473 2593 527 δ’
2629 468 2698 527 αὖ
2751 471 2915 527 πάλιν
2944 469 3302 540 δοκιμάσειας
3336 467 3575 522 ἀποπει·

1982 580 2253 652 ρασθῆναι
2278 580 2381 651 τῆς
2404 578 2635 650 γνώμης
2652 577 2857 643 αὐτῶν,
2874 575 3016 647 αὐτὴ
3040 576 3140 649 μὲν
3165 572 3379 627 οἴκοθεν
3405 571 3574 643 μηδὲν

1981 684 2163 757 είπῃς,
2186 683 2484 755 δοκίμασον
2519 684 2579 738 δὲ
2606 681 2713 737 ποῦ
2739 684 3101 755 προῄρηνται,
3145 673 3289 733 κατά
3317 678 3420 750 τὴν
3454 678 3575 732 σύν-

1980 789 2099 843 εσίν
2128 805 2256 843 σου·
2294 788 2522 844 δύνασαι
2559 788 2694 859 γάρ.
2720 786 2841 841 Κᾶν
2864 786 2982 859 ίδῃς
3013 785 3097 839 ὃτι
3118 783 3349 855 πλησίον
3378 780 3572 835 αὐτόθι

1981 907 2086 943 που
2119 890 2180 944 ἐν
2213 889 2645 963 παραθαλασσίῳ
2674 888 2850 956 πόλει,
2880 888 2915 959 ἢ
2943 890 3007 941 ἐν
3037 886 3305 958 Κυζίκῳ,
3339 884 3375 956 ἡ
3408 884 3578 938 Νικο-

1984 997 2211 1069 μηδείας
2234 997 2488 1068 πλησίον,
2517 994 2794 1051 καὶτοῦτο
2822 993 3135 1062 κατάδεξαι.
3158 994 3226 1047 El
3252 992 3297 1046 δ’
3324 991 3435 1063 ἄρα
3467 1006 3576 1061 μαι*

1982 1099 2242 1172 κράτερόν
2278 1117 2408 1168 που,
2432 1098 2468 1172 ἡ
2486 1100 2583 1155 τοῦ
2608 1099 2780 1154 τόπου
2802 1097 2999 1154 τούτου
3017 1097 3375 1170 μακρότερον,
3390 1094 3427 1166 ἡ
3447 1109 3575 1149 τοσ-

1979 1199 2139 1257 οῦτον
2195 1203 2321 1257 ὅσον
2365 1194 2544 1267 οὗτος,
2578 1202 2657 1275 μὴ
2685 1203 2820 1278 έλῃο
2851 1201 2976 1257 ἐπεὶ
3022 1200 3232 1273 σφόδρα
3287 1198 3447 1254 τοῦτό
3480 1214 3574 1271 μοι

1984 1306 2123 1379 βαρύ
2167 1306 2265 1361 καὶ
2306 1303 2714 1379 χαλεπώτερον.
2750 1306 2904 1372 Τέως
2945 1306 3058 1378 γάρ
3096 1303 3298 1375 πολλῆς
3334 1300 3575 1358 ἐνταῦθα

1980 1411 2220 1478 ἀνέσεως
2249 1410 2621 1484 ἀπολαύομεν,
2655 1411 2733 1476 ὡς
2756 1411 2854 1465 καὶ
2884 1412 2944 1465 ἐν
2967 1410 3064 1465 δύο
3093 1407 3331 1482 ἡμέραις
3354 1408 3575 1465 ἃπασαν

1982 1515 2081 1589 τὴν
2103 1517 2299 1589 ἀηδίαν
2324 1516 2693 1589 ἀπονίψασθαι
2717 1517 2821 1590 τὴν
2866 1516 2933 1572 ἐκ
2958 1516 3063 1588 τῆς
3097 1514 3221 1571 ὀδοῦ
3252 1511 3573 1586 γεγενημέ-

1984 1638 2085 1693 νην
2109 1622 2264 1694 mdv-

2010 1780 2166 1850 Πρὸς
2203 1778 2320 1851 τὴν
2349 1778 2548 1848 αὐτὴν
2576 1779 2873 1851 ἐπιστολὴ
2912 1783 3024 1851 μ’,
3052 1779 3128 1835 δι’
3154 1778 3233 1851 ἧς
3254 1780 3542 1851 διηγεῖται

2233 1849 2307 1904 τὰ
2337 1851 2409 1904 ἐν
2437 1850 2766 1920 Καισαρείᾳ
2792 1850 2957 1918 αὐτῷ
2985 1849 3324 1921 συμϐάντα.

2054 2009 2125 2058 α’.
2138 2001 2207 2066 Ϊί
2215 2002 2455 2076 θρηνεῖς
2469 2003 2525 2059 τί
2538 2005 2762 2075 κόπτεις
2776 2007 3003 2080 σαυτὴν,
3019 2007 3117 2063 καὶ
3135 2007 3288 2072 δίκας
3301 2009 3579 2078 ἀπαιτεῖς,

1984 2106 2055 2173 ἃς
2090 2106 2218 2163 οὐτε
2244 2109 2297 2162 οί
2321 2108 2510 2181 ἐχθροί
2539 2125 2635 2165 σου
2668 2110 2973 2182 ἀπαιτῆσαι
3021 2128 3082 2167 σε
3120 2110 3370 2184 ίσχυσαν,
3401 2112 3579 2179 οὕτως

1984 2213 2052 2284 τῇ
2089 2212 2368 2284 τυραννίδι
2406 2213 2510 2286 τῆς
2537 2214 2781 2287 ἀθυμίας
2825 2215 3062 2272 ἐκδοῦσά
3092 2233 3191 2270 σου
3228 2217 3330 2289 τὴν
3359 2216 3579 2291 ψυχὴν;

1986 2314 2070 2370 Τά
2101 2315 2213 2388 γάρ
2232 2316 2561 2389 γράμματα,
2589 2318 2627 2375 ἃ
2653 2319 2746 2375 διὰ
2774 2320 3076 2391 Πατρικίου
3108 2322 3243 2394 ἡμῖν
3267 2322 3579 2395 διεπέμψω,

1986 2417 2164 2473 ταῦτα
2210 2420 2450 2493 ἐδήλωσέ
2478 2439 2573 2477 σου
2599 2423 2672 2478 τὰ
2701 2424 2996 2496 τραύματα
3042 2425 3146 2497 τῆς
3193 2425 3454 2492 διανοίας.
3489 2424 3585 2484 Διδ

1989 2518 2082 2572 καὶ
2119 2519 2323 2591 σφόδρα
2343 2521 2497 2591 ἀλγῶ
2519 2523 2612 2577 καὶ
2635 2524 2937 2595 ὀδυνῶμαι,
2967 2525 3051 2581 ὅτι
3089 2524 3382 2597 ὀφείλουσα
3403 2529 3586 2585 πάντα

1988 2624 2161 2677 κινεῖν
2185 2625 2280 2678 καὶ
2302 2626 2812 2697 πραγματεύεσθαι,
2835 2627 2980 2683 ὥστε
3004 2629 3338 2685 ἀπελαύνειν
3362 2648 3456 2685 σου
3481 2632 3584 2704 τῆς

1987 2726 2169 2799 ψυχῆς
2193 2729 2293 2800 τὴν
2321 2730 2591 2802 ἀθυμίαν,
2625 2733 2896 2807 περιέρχῃ
2939 2735 3255 2806 συνάγουσα
3288 2737 3585 2810 λογισμοὺς

1989 2832 2287 2905 όδυνηροὺς
2311 2873 2328 2898 ,
2362 2836 2458 2889 καὶ
2491 2835 2562 2889 τὰ
2605 2837 2682 2907 μὴ
2710 2838 2840 2893 δντα
2869 2839 3069 2910 (τοῦτο
3102 2841 3214 2913 γάρ
3246 2841 3415 2914 ἔφης)
3445 2843 3581 2898 ἀνα-

1991 2938 2325 3006 πλάττουσα,
2347 2940 2442 2993 καὶ
2461 2942 3094 3016 καταξαίνουσασσαυτὴν
3115 2945 3240 3017 είκῆ
3256 2948 3351 3001 καὶ
3382 2948 3582 3021 μάτην,

1992 3046 2089 3098 καὶ
2118 3044 2212 3097 ἐπὶ
2234 3044 2407 3116 βλάϐῃ
2438 3046 2693 3119 μεγίστῃ.
2737 3048 2804 3102 Τί
2832 3049 2941 3123 γάρ
2974 3068 3036 3104 σε
3084 3051 3284 3118 λυπεῖ,
3322 3056 3405 3108 ὅτι
3438 3057 3585 3110 Κου-

1995 3152 2194 3205 κουσοῦ
2224 3153 2324 3207 οὐκ
2357 3153 2587 3224 ῐσχυσας
2605 3155 2755 3227 ἡμᾶς
2792 3156 3173 3228 μεταστῆσαι;
3202 3160 3397 3214 Καίτοι
3429 3178 3493 3230 γε
3523 3162 3589 3216 τὸ

1996 3255 2090 3310 σὺν
2122 3256 2287 3328 μέρος
2318 3258 2679 3329 μετέστησας,
2698 3262 2876 3315 πάντα
2897 3264 3172 3335 κινήσασα
3204 3266 3299 3319 καὶ
3327 3282 3588 3337 πραγμα-

1992 3362 2325 3435 τευσαμένη.
2357 3365 2422 3418 Et
2449 3365 2505 3419 δὲ
2537 3366 2618 3430 είς
2638 3364 2794 3431 τέλος
2820 3366 2884 3421 τὸ
2903 3366 3067 3440 ἔργον
3111 3371 3212 3425 οὐκ
3239 3366 3427 3442 ἦλθεν,
3460 3373 3585 3428 οὐδέ

1994 3464 2086 3520 διὰ
2110 3464 2271 3520 τοῦτο
2294 3469 2481 3537 ἀλγεῖν
2504 3469 2604 3527 δεῖ.
2628 3471 2791 3535 Ἴσως
2821 3472 2934 3545 γάρ
2954 3472 3102 3539 ἔδοξε
3128 3472 3206 3545 τῷ
3234 3473 3355 3545 Θεῷ
3382 3493 3589 3547 μακρο-

1995 3571 2190 3643 τέρους
2216 3589 2308 3643 μοι
2335 3573 2561 3644 τεθῆναι
2588 3574 2697 3630 τῶν
2730 3578 2948 3650 δρόμων
2988 3582 3116 3645 τούς
3137 3580 3410 3648 διαύλους,
3444 3583 3588 3639 ὥστε

1998 3680 2093 3733 καὶ
2114 3678 2531 3751 λαμπροτέρους
2558 3681 2810 3751 γενέσθαι
2829 3685 2958 3750 τοὺς
2987 3688 3307 3756 στεφάνους.
3325 3691 3391 3744 Τί
3408 3692 3590 3747 τοίνυν

2000 3782 2186 3851 ἀλγεῖς
2217 3784 2359 3855 ὑπὲρ
2383 3785 2611 3855 τούτων,
2650 3789 2744 3857 ἀφ’
2771 3785 2849 3845 ὧν
2880 3793 3043 3863 ἡμεῖς
3073 3795 3591 3870 ἀνακηρυττόμεοα,

1998 3888 2117 3943 δέον
2151 3907 2212 3944 σε
2251 3894 2480 3963 σκιρτᾷν
2520 3892 2608 3947 διά
2636 3894 2812 3949 ταῦτα
2859 3898 2957 3952 καὶ
2986 3901 3232 3971 χορεύειν
3259 3904 3350 3956 καὶ
3390 3923 3590 3975 στεφα-

1998 3994 2243 4061 νοῦσθαι,
2256 3996 2336 4050 ὅτι
2352 3996 2609 4051 τοσούτου
2632 4000 2949 4073 κατηξιώθη
2958 4022 3053 4074 μεν
3074 4006 3419 4078 πράγματος,
3434 4008 3590 4085 [595]

2002 4100 2209 4171 σφόδρα
2231 4102 2332 4154 ὐπε
2342 4102 2652 4173 ρϐαίνοντος
2670 4105 2829 4176 ἡμῶν
2845 4106 2943 4177 τὴν
2970 4108 3127 4172 ἀξίαν
3143 4126 3158 4175 ;
3176 4110 3315 4165 Ἀλλ’
3334 4114 3366 4182 ἡ
3387 4114 3592 4183 ἐρημία

2004 4224 2063 4259 σε
2088 4208 2248 4261 λυπεῖ
2271 4210 2379 4261 τῶν
2415 4208 2649 4263 ὲνταῦοα
2674 4229 2689 4277 ;
2720 4212 2830 4265 Καὶ
2863 4213 2917 4265 τί
2942 4214 3043 4284 τῆς
3071 4215 3355 4288 διατριϐῆς
3382 4220 3482 4289 τῆς
3504 4222 3590 4273 ἐν·

2004 4313 2176 4366 ταῦθα
2203 4314 2384 4384 ἡδιον;
2431 4315 2684 4388 Ἡσυχία,
2713 4318 2949 4390 γαλήνη,
2968 4322 3367 4393 ἀπραγμοσύνη
3398 4324 3588 4396 πολλὴ,

2005 4415 2256 4490 σώματος
2282 4420 2575 4491 εὐρωστία.
2604 4422 2667 4475 Εἰ
2694 4422 2805 4493 γάρ
2836 4426 2976 4493 μήτε
3005 4428 3231 4499 ἀγορὰν,
3260 4430 3399 4498 μήτε
3430 4430 3590 4485 ὢνιον

2006 4522 2114 4592 ἔχει
2144 4524 2178 4594 ἡ
2204 4523 2381 4587 πόλις,
2408 4524 2561 4577 οὐδὲν
2596 4526 2755 4579 τοῦτο
2795 4530 2929 4598 πρὸς
2961 4529 3081 4599 ἐμέ.
3121 4532 3303 4584 Πάντα
3348 4534 3456 4606 γάρ
3498 4553 3588 4603 μοι

2006 4625 2256 4697 καθάπερ
2286 4628 2351 4680 ἐκ
2385 4628 2578 4698 πηγῶν
2615 4630 2853 4702 ἐπιρρεῖ.
2889 4633 2999 4685 Καὶ
3028 4634 3138 4706 γὰρ
3160 4635 3250 4689 καὶ
3284 4635 3374 4689 τὸν
3403 4637 3591 4709 κύριόν

2007 4748 2109 4801 μου
2147 4731 2236 4784 τὺν
2263 4732 2563 4788 ἐπίσκοπον
2594 4735 2684 4813 τὸν
2718 4736 2977 4803 ἐνταῦθα,
3014 4741 3108 4793 καὶ
3143 4740 3237 4796 τὸν
3272 4743 3460 4814 κύριόν
3488 4763 3590 4815 μου

2002 4836 2294 4907 Διόσκορον
2327 4839 2457 4909 ἔχω,
2498 4814 2657 4910 ἔργον
2678 4842 2839 4895 τοῦτο
2866 4847 3225 4916 ποιουμένους
3251 4848 3424 4903 διόλου
3442 4893 3457 4917 ,
3491 4853 3591 4921 τὴν

2003 4940 2281 5012 ἡμετέραν
2300 4944 2632 5021 ἀνάπαυσιν.
2675 4946 2821 5017 Ἐρεῖ
2857 4948 2914 5001 δέ
2944 4948 3043 5003 σοι
3083 4953 3175 5004 xal
3210 4956 3237 5006 ὀ
3271 4954 3433 5019 καλὸς
3480 4959 3591 5009 Πα-

2001 5048 2234 5119 τρίκιος,
2267 5050 2414 5111 ὅπως
2439 5050 2697 5121 διάγομεν
2730 5055 2787 5106 ἐν
2815 5056 3072 5129 εὐθυμία,
3105 5061 3162 5112 ἐν
3186 5050 3516 5135 εὐφροσύνῃ,
3534 5066 3592 5118 ἐν

2004 5153 2274 5225 θεραπείᾳ
2305 5155 2496 5227 πολλῇ,
2518 5156 2580 5209 τό
2606 5174 2671 5225 γε
2696 5161 2775 5221 εἰς
2804 5160 2904 5231 τὴν
2934 5162 3216 5236 διατριϐὴν
3239 5168 3338 5237 τὴν
3358 5168 3594 5222 ἐνταῦθα

2001 5255 2159 5330 ⁴ἧκον.
2194 5260 2257 5314 EE
2289 5260 2348 5314 δὲ
2369 5261 2436 5315 τὰ
2459 5262 2518 5314 ὲν
2548 5263 2855 5334 Καισαρείᾳ
2895 5265 3147 5337 θρηνεῖς,
3181 5270 3274 5321 καὶ
3302 5271 3459 5324 τοῦτο
3500 5274 3595 5325 ἀνα

2003 5363 2171 5431 αξίως
2204 5383 2298 5418 σου
2331 5370 2524 5429 ποιεῖς.
2555 5367 2664 5419 Καὶ
2690 5368 2797 5439 γάρ
2824 5370 2944 5423 ἐκεῖ
2969 5371 3213 5443 λαμπροὶ
3238 5374 3401 5429 πάλιν
3430 5376 3596 5434 ἐπλά-

2006 5488 2182 5540 κησαν
2212 5473 2343 5542 ἡμῖν
2365 5474 2415 5524 οἱ
2444 5474 2720 5543 στέφανοι,
2753 5474 2830 5539 ὡς
2854 5478 3062 5540 πάντας
3103 5481 3250 5549 ἡμᾶς
3283 5482 3593 5554 ἀνακηρύτ-

2004 5594 2139 5641 τειν,
2166 5578 2540 5649 ἀναγορεύειν,
2566 5581 2890 5652 θαυμάζειν,
2921 5584 3357 5655 ἐκπλήττεσθαι,
3390 5588 3475 5657 ἐφ’
3511 5582 3595 5655 οἷς

2010 5683 2191 5745 κακῶς
2237 5684 2498 5750 παθόντες
2554 5687 2946 5760 ἐξεϐλήθημεν.
2991 5690 3149 5745 Ἀλλὰ
3195 5692 3369 5746 ταῦτα
3405 5693 3594 5773 μηδεὶς

2013 5786 2135 5850 τέως
2171 5790 2371 5859 ςὶὂζῖιιι,
2400 5794 2445 5844 εί
2479 5794 2565 5847 1.1"
2614 5794 2782 5847 mlh?
2816 5796 2949 5849 γεῗιτᾶ
2979 5796 3409 5869 δτεθτικνλλοῦσίν,
3440 5797 3586 5867 Ἐδήκ
