4078 6438
535 375 639 433 615

534 483 676 540 λωσε
695 487 799 556 γάρ
828 503 916 556 μοι
945 489 975 540 ὁ
997 486 1181 557 κύριός
1210 506 1310 560 μου
1329 490 1604 554 Παιάνιος,
1623 491 1769 543 δτιόί
1801 479 2101 560 πρεσϐύτε-

537 599 618 654 ροι
645 584 806 638 αὐτοῦ
839 584 931 638 τοῦ
959 588 1255 659 Φαρετρίου
1290 589 1542 658 πάρεισιν
1567 589 1781 655 αὐτόθι,
1810 591 1860 643 οἳ
1894 591 2101 659 ἔφησαν

538 682 663 751 ἡμῖν
715 687 1010 750 κοινωνεῖν,
1062 687 1155 739 καὶ
1190 687 1354 758 μηδὲν
1403 687 1582 742 κοινὸν
1633 687 1779 759 ἔχειν
1814 690 1949 759 πρὸς
1974 690 2100 752 τοὺς

530 780 824 848 ἐναντίους,
867 784 999 855 μηδὲ
1038 786 1387 854 συγγίνεσθαι
1433 789 1644 851 αὐτοῖς,
1671 789 1806 860 μηδέ
1839 791 2099 860 κοινωνῆ-

531 895 641 930 σαι.
668 880 763 933 ’Ὶν’
784 877 876 936 οῦν
911 884 984 954 μὴ
1011 884 1422 958 διαταράξωμεν
1452 889 1668 952 αὐτοὺς,
1706 889 1895 959 μηδεὶς
1927 889 2099 945 ταῦτα

531 977 747 1032 είδέτω·
804 981 898 1036 καὶ
949 982 1056 1056 γὰρ
1111 985 1312 1055 σφόδρα
1344 985 1555 1056 χαλεπά
1597 987 1666 1038 τά
1698 987 1984 1057 συμϐάντα
2019 991 2098 1052 εἰς

530 1077 696 1147 ἡμᾶς.
729 1079 837 1132 Καὶ
867 1083 914 1133 εἰ
951 1082 1114 1150 μηδὲν
1141 1083 1268 1136 ἄλλο
1292 1083 1608 1138 ἐπεπόνθειν
1632 1085 1824 1150 δεινὸν,
1848 1088 2008 1157 ἤρκει
2029 1087 2098 1139 τά

527 1176 707 1228 ἐκεῖσε
759 1179 1023 1248 γενόμενα
1077 1181 1249 1252 μυρία
1300 1198 1389 1251 μοι
1443 1182 1774 1256 προξενῗμαι
1823 1183 2090 1256 βραδεῖα·

525 1276 699 1340 οὕτως
715 1279 968 1349 περὶτῶν
993 1282 1236 1351 ἐσχάτων
1266 1285 1398 1354 ἡμῖν
1425 1285 1453 1337 ὁ
1477 1285 1719 1350 κίνδυνος
1742 1287 1952 1357 γέγονε.
1986 1289 2096 1342 Πα-

528 1376 749 1449 ρακαλῶ
776 1376 855 1440 δὲ,
884 1378 1167 1450 ἀπόρρητα
1205 1382 1345 1436 ἔστω
1379 1387 1528 1456 παρά
1556 1387 1657 1452 σοὶ,
1690 1388 1784 1443 καὶ
1814 1391 1870 1441 ἐν
1899 1389 2094 1460 βραχεῖ

528 1492 610 1528 σοι
645 1476 783 1530 αύτά
810 1476 1160 1549 διηγήσομαι,
1189 1481 1286 1552 οὐχ
1313 1483 1398 1536 ἵνα
1424 1483 1672 1557 λυπήσω,
1723 1486 1838 1540 ἀλλ’
1893 1488 1979 1540 ἵνα
2004 1488 2095 1541 εύ-

526 1578 737 1649 ιρρανῶ.
775 1575 1077 1651 Αῦται“γάρ
1127 1599 1228 1654 μου
1260 1585 1360 1655 τῆς
1395 1586 1664 1657 ἐμπορίας
1694 1588 1750 1639 αί
1783 1588 2092 1656 ὑποθέσεις,

524 1670 678 1740 οὗτός
711 1695 810 1748 μου
841 1680 869 1731 ὁ
900 1678 1143 1746 πλοῦτος,
1178 1681 1312 1752 αὕτη
1337 1683 1444 1736 τῶν
1473 1684 1884 1757 ἁμαρτημάτων
1925 1705 2025 1756 μου
2048 1692 2084 1760 ἡ

523 1777 755 1849 δαπάνη,
785 1779 846 1831 τὸ
883 1778 1118 1848 συνεχῶς
1142 1779 1226 1833 διὰ
1247 1781 1498 1836 τοιούτων
1522 1783 1725 1838 ὁδεύειν
1743 1789 2088 1860 πειρασμῶν,

523 1879 617 1933 καὶ
637 1878 932 1950 ἐπάγεσθαί
964 1897 1052 1950 μοι
1079 1879 1303 1942 τούτους
1321 1919 1337 1946 ,
1369 1884 1499 1954 παρ’
1535 1877 1611 1937 ὧν
1639 1883 1889 1957 οὐδαμῶς
1917 1905 2091 1959 προσ-

520 1978 770 2045 εδόκησα.
811 1979 1027 2054 Ἐπειδὴ
1051 1981 1157 2052 γὰρ
1172 1983 1466 2054 ἐμέλλομεν
1488 1985 1789 2041 ἐπιϐαίνειν
1812 1989 1909 2058 τῆς
1930 1990 2089 2042 Καπ-

521 2077 769 2130 παδοκῶν
794 2078 994 2148 χώρας,
1019 2081 1422 2151 ἀπαλλαγέντες
1436 2084 1528 2138 τοῦ
1545 2085 1810 2152 Γαλάτου,
1834 2089 2087 2143 κάκείνου

516 2178 573 2232 δέ
606 2177 788 2248 σχεδὸν
819 2178 1044 2234 θάνατον
1070 2183 1201 2252 ἡμῖν
1237 2181 1636 2253 ἀπειλήσαντος
1660 2224 1674 2250 ,
1714 2186 1899 2240 πολλοὶ
1945 2188 2088 2242 κατὰ

515 2275 612 2356 τὴν
633 2276 750 2329 ὁδὸν
779 2278 906 2348 ἡμῖν
931 2278 1206 2349 ἀπήντων,
1239 2279 1510 2347 λέγοντες,
1540 2281 1622 2334 ὅτι
1663 2281 1720 2335 '0
1755 2282 1945 2355 κύριος
1973 2287 2084 2340 Φα-

519 2375 729 2449 ρέτριος
757 2376 1011 2447 ἀναμένει
1047 2394 1128 2442 σε,
1159 2379 1254 2432 καὶ
1288 2380 1558 2450 πανταχοῦ
1591 2382 1968 2454 περιέρχεται,
2010 2387 2084 2456 μὴ

514 2474 757 2546 ἀποτύχῃ
790 2475 890 2545 τῆς
939 2476 1224 2547 συντυχίας
1255 2494 1370 2540 σου,
1433 2480 1528 2531 καὶ
1581 2479 1757 2533 πάντα
1805 2485 1947 2534 ποιεῖ
1995 2486 2086 2537 καὶ

514 2572 979 2644 πραγματεύεται,
1007 2574 1145 2629 ὥστε
1189 2593 1246 2628 σε
1296 2577 1444 2641 ἰδεῖν,
1478 2579 1574 2632 καὶ
1618 2580 2080 2650 περιπτύξασθαι,

511 2672 607 2724 καὶ
637 2675 815 2725 πᾶσαν
845 2673 1211 2737 ἐπιδείξασθαι
1238 2675 1487 2746 ἀγάπην·
1527 2679 1619 2730 καὶ
1652 2677 1719 2730 τά
1746 2682 2084 2751 μοναστήρια

510 2768 830 2838 ἀνδρῶνκαὶ
857 2771 1131 2839 γυναικῶν
1187 2774 1457 2842 ἐκίνησεν.
1522 2775 1660 2845 Ἐγὼ
1709 2776 1766 2830 δὲ
1817 2778 1991 2832 ταῦτα
2021 2782 2084 2834 ἀ-

511 2867 707 2932 κούων,
755 2869 958 2922 τούτων
983 2870 1081 2939 μὲν
1105 2871 1253 2925 οὐδὲν
1278 2875 1637 2944 προσεδόκων,
1661 2877 1797 2932 ἀλλά
1824 2880 2083 2935 τάναντία

508 2968 805 3024 ἁνετύπουν
845 2969 974 3041 παρ’
992 2971 1210 3041 ἐμαυτῷ
1230 2990 1243 3002 ·
1266 2973 1373 3025 τῶν
1397 2973 1581 3044 μέντοι
1601 2975 1775 3031 ταῦτα
1799 2979 2078 3049 ἀπαγγελ-

513 3065 714 3120 λόντων
749 3068 922 3119 οὐδενὶ
949 3068 1154 3123 τούτων
1179 3071 1329 3124 οὐδὲν
1360 3071 1564 3142 ἔλεγον.

581 3164 646 3232 β’.
669 3164 888 3235 Ἐπειδὴ
905 3164 958 3217 δέ
982 3165 1184 3236 ἐπέϐην
1199 3167 1294 3238 ὀψέ
1315 3185 1444 3221 ποτε
1460 3169 1558 3240 τῆς
1574 3172 1936 3243 Καισαρείας,
1950 3192 2078 3229 κατ-

507 3263 884 3334 ειργασμένος,
914 3267 1384 3338 τεταριχευμένος,
1417 3270 1475 3323 ἐν
1494 3270 1628 3341 αὐτῇ
1661 3273 1758 3342 τῆς
1789 3273 1986 3342 φλογὸς
2009 3279 2074 3348 τῇ

503 3365 656 3433 ἀκμῇ
678 3363 771 3416 τοῦ
797 3365 1029 3436 πυρετοῦ
1052 3366 1323 3438 κείμενος,
1355 3367 1553 3433 ἀλύων,
1593 3371 1661 3424 τά
1691 3370 1890 3442 ἔσχατα
1919 3374 2072 3449 [596]

504 3464 748 3534 πάσχων,
778 3466 1038 3537 ἐπέτυχον
1060 3470 1402 3537 καταγωγίου
1429 3471 1565 3542 πρὸς
1590 3473 1842 3545 αὐτῇτῆς
1866 3477 2073 3542 πόλεως

501 3567 567 3633 τῇ
601 3566 826 3635 ἐσχατιᾷ
875 3567 1149 3637 κειμένου,
1186 3571 1279 3628 καὶ
1320 3572 1552 3643 σπουδὴν
1591 3575 1891 3647 ἐποιούμην
1929 3578 2071 3633 ὥστε

501 3663 595 3719 καὶ
614 3665 816 3736 ἰατροῖς
832 3670 1130 3736 συντυχεῖν,
1148 3671 1244 3722 καὶ⁵
1261 3671 1359 3740 τὴν
1376 3671 1605 3742 κάμινον
1620 3675 1835 3748 ἐκείνην
1858 3679 2067 3736 σϐέσαιο

500 3758 569 3832 ἦν
596 3761 702 3832 γὰρ
725 3762 914 3834 αύτὴὴ
950 3764 1100 3837 ἀκμὴ
1146 3766 1247 3823 τοῦ,
1268 3769 1532 3838 τριταίου.
1578 3773 1688 3826 Καὶ
1710 3776 1937 3846 ιπροσῆν
1972 3780 2070 3833 καὶ

498 3863 533 3931 ἡ
558 3862 656 3931 τῆς
687 3862 806 3916 ὀδοῦ
839 3864 1179 3936 ταλαιπωρία
1205 3908 1219 3932 ,
1262 3869 1290 3920 ό
1331 3869 1596 3938 κάματος,
1631 3873 1663 3942 ἡ
1719 3876 2000 3947 συντριϐὴ,
2032 3879 2066 3948 ή

497 3958 604 4015 τῶν
646 3960 1086 4027 θεραπευσόεθτων
1127 3965 1330 4036 ἐρημία
1354 4005 1369 4030 ,
1417 3968 1584 4038 ἡτῶν
1622 3972 1942 4043 ἐπιτηδείων
2003 3976 2068 4030 ἀ-

498 4059 682 4129 τορῖα,
729 4060 786 4115 τὸ
813 4062 1014 4131 μηδένα
1059 4068 1312 4133 παρεῖναι
1344 4069 1472 4138 ἡμῖν
1505 4069 1710 4140 ἰατρὸν,
1747 4072 1808 4124 τὸ
1837 4075 2065 4147 καμάτῳ

495 4153 590 4208 καὶ
618 4151 807 4206 θάλπει
835 4155 928 4207 καὶ
955 4157 1285 4227 ἀγρυπνίαις
1324 4163 1716 4235 καταταθῆναι,
1755 4169 1847 4224 καὶ
1877 4163 2063 4239 σχεδὸν

493 4249 654 4313 αὐτὸς
684 4253 873 4321 νεκρὸς
903 4265 927 4293 α
959 4252 1054 4318 ῶν,
1092 4257 1335 4328 εἰσῆλθον
1374 4262 1455 4322 είς
1483 4262 1582 4332 τὴν
1609 4264 1779 4318 πόλιν.
1831 4267 1963 4321 Τότε
1996 4270 2060 4341 δὴ

493 4351 898 4422 παρεγένοντοό
924 4354 1122 4426 κλῆρος
1153 4359 1319 4422 ἄπας,
1357 4361 1384 4412 δ
1409 4361 1579 4431 δῆμος
1607 4364 1634 4403 δ
1663 4404 1677 4428 ,
1711 4367 2055 4435 μονάζοντες,

494 4454 852 4526 μονάστριαι,
908 4458 1114 4529 ἰατροὶ,
1176 4461 1374 4532 πολλῆς
1415 4465 1693 4536 ἀπήλαυον
1741 4469 2054 4541 θεραπείας,

488 4555 707 4610 πάντων
736 4557 914 4611 πάντα
936 4561 1066 4632 ἡμῖν
1090 4561 1541 4634 διακονουμένων,
1577 4571 2052 4643 ὑπηρετουμένων.

501 4659 660 4716 Ἀλλὰ
689 4661 781 4719 καὶ
825 4661 999 4726 οὓτως
1039 4664 1217 4734 πολλῷ
1258 4665 1336 4738 τῷ
1371 4670 1523 4740 κάρῳ
1562 4673 1660 4743 τῆς
1703 4676 1897 4743 φλογὸς
1933 4698 2064 4734 κατ..

486 4764 766 4834 εχόμενος,
790 4767 847 4818 ἐν
877 4767 1122 4837 ἐσχάτοις
1147 4771 1293 4840 ἢμην
1315 4771 1506 4837 δεινοῖς
1530 4786 1576 4829 ο.
1606 4778 1769 4842 Τέλος
1794 4783 1934 4836 κατά
1962 4802 2053 4855 μι-

485 4873 613 4944 κρὺν
637 4871 795 4942 ἐληγε
829 4873 923 4926 καὶ
971 4873 1151 4942 ἐλώφα
1191 4875 1252 4927 τὸ
1280 4875 1510 4949 νόσημα.
1573 4880 1630 4933 '0
1657 4883 1714 4938 δὲ
1755 4886 2052 4958 Φαρέτριος

483 4977 718 5046 οὐδαμοῦ
734 4995 747 5007 ⁸
774 4978 887 5031 ἀλλ’
911 4979 1168 5049 ἀνέμενεν
1189 4982 1347 5051 ἡμῶν
1369 4983 1466 5052 τὴν
1496 4983 1692 5053 ἔξοδον,
1726 4989 1826 5043 οὐκ
1853 4988 1971 5048 οἶδα
1995 4995 2048 5047 τί

479 5080 638 5144 δόξαν
663 5082 830 5150 αὐτῷ.
877 5083 1088 5156 Ἐπειδὴ
1123 5085 1299 5137 τοίνυν
1333 5081 1472 5142 εἶδον
1494 5088 1679 5159 ἠρέμα
1700 5089 1955 5164 λωφῆσαν
1987 5097 2048 5151 τὸ

1223 374 1280 431 S.
1320 373 1602 431 JOANNIS
1640 373 2135 431 CHRYSOSTOM!
2169 373 2484 432 ARCHIEP.
2524 376 3072 434 CONSTANTINOP.

3664 370 3772 427 GH

2201 488 2387 554 ὄντων,
2405 492 2836 560 ἀπαγγέλλονται
2858 491 3052 561 ἀθρόον
3070 487 3302 560 Ἰσαῦροι
3321 488 3521 558 πλῆθος
3541 487 3770 559 ἄπειρον

2202 595 2622 665 κατατρέχοντες
2651 597 2748 666 τὴν
2777 594 3098 663 Καισαρέων
3123 593 3327 663 χώραν,
3357 594 3448 646 καί
3486 609 3604 645 τινα
3646 592 3759 643 κώ-

2203 715 2309 766 μην
2329 699 2570 768 μεγάλην
2594 700 2995 769 ἐμπρήσαντες,
3022 698 3115 750 καὶ
3142 697 3210 750 τά
3237 697 3438 766 ἔσχατα
3468 695 3766 757 διαθέντες.

2200 804 2367 858 Τοῦτο
2399 805 2635 868 ἀκούσας
2667 805 2694 855 ὁ
2718 802 3020 873 τριϐούνος,
3047 800 3224 854 λαϐὼν
3259 803 3385 862 τοὺς
3433 798 3773 868 στρατιώτας

2198 911 2291 975 οὓς
2324 906 2489 980 εἶχεν,
2551 909 2790 979 ἐξῆλθεν.
2846 909 3233 962 Ἑδεδοίκεισαν
3278 905 3388 976 γὰρ
3437 905 3510 974 μὴ
3562 904 3658 956 καὶ
3700 905 3771 972 τῇ

2201 1015 2351 1068 πόλει
2391 1014 2754 1085 προσϐάλωσι,
2793 1014 2886 1068 καὶ
2908 1014 3108 1076 πάντες
3130 1009 3269 1084 ἦσαν
3296 1011 3352 1063 ἐν
3379 1009 3547 1078 φόϐῳ,
3565 1009 3770 1071 πάντες

2197 1125 2255 1176 ἐν
2285 1123 2526 1195 ἀγωνία,
2591 1125 2716 1194 περὶ
2753 1122 2918 1177 αὑτοῦ
2963 1123 3057 1178 τοῦ
3084 1122 3312 1192 ἐδάφους
3354 1123 3457 1192 τῆς
3507 1123 3773 1194 πατρίδος

2199 1232 2616 1297 κινδυνεύοντες,
2660 1231 2734 1294 ῶς
2772 1232 2864 1284 καὶ
2890 1231 3089 1293 αὐτοὺς
3134 1231 3258 1292 τοὺς
3304 1229 3618 1300 πρεσϐύτας
3671 1228 3774 1299 τὴν

2199 1337 2444 1409 φυλακὴν
2464 1337 2568 1389 τῶν
2590 1337 2782 1408 τειχῶν
2802 1335 3295 1407 μεταχειρίζεσθαι.
3320 1335 3407 1387 Ἐν
3428 1333 3636 1396 τούτοις
3663 1332 3776 1385 τῶν

2199 1442 2538 1514 πραγμάτων
2570 1440 2970 1511 δντων,ἀθρόον
2985 1439 3088 1493 ὑπὸ
3110 1440 3209 1510 τὴν
3257 1439 3333 1492 ἕω
3378 1437 3644 1510 δροῦγγος
3673 1455 3743 1508 μο
3766 1467 3778 1478 -

2195 1546 2464 1609 ναζόντων
2512 1543 2685 1617 (οὕτω
2725 1543 2834 1617 γάρ
2889 1543 2970 1596 δεῖ
2999 1544 3209 1608 εἰπεῖν,
3245 1543 3339 1596 καὶ
3377 1543 3443 1614 τῇ
3495 1540 3639 1605 λέξει
3671 1539 3774 1608 τὴν

2197 1652 2391 1723 μανίαν
2425 1649 2601 1704 αὐτῶν
2629 1647 2987 1718 ἐνδείξασθαι)
3023 1647 3331 1718 ἐπέστησαν
3359 1649 3426 1718 τῇ
3457 1649 3606 1716 οἰκίᾳ.
3637 1645 3773 1697 ἔνθα

2190 1748 2364 1825 ἦμεν,
2418 1751 2765 1815 ἀπειλοῦντες
2813 1751 2981 1823 αὐτὴν
3034 1749 3246 1815 καίειν,
3297 1749 3660 1818 ἐμπιμπρᾷν,
3699 1747 3772 1800 τά

2189 1856 2392 1928 ἔσχατα
2415 1858 2561 1929 ἡμᾶς
2590 1856 2906 1921 διατιθέναι,
2941 1857 2988 1908 εί
3020 1853 3096 1925 μὴ
3124 1852 3452 1922 ἐξέλθοιμεν.
3502 1853 3611 1904 Καὶ
3638 1849 3770 1904 οὔτε

2188 1963 2216 2014 ὁ
2245 1960 2355 2014 τῶν
2381 1963 2640 2032 Ἰσαύρων
2673 1961 2868 2025 αὐτοὺς
2893 1961 3076 2029 φόϐος,
3105 1958 3231 2012 οὔτε
3260 1960 3293 2030 ἡ
3321 1956 3601 2030 ἀρρωστία
3619 1956 3773 2009 οὕτω

2191 2064 2435 2134 σφοδρῶς
2459 2065 2804 2134 ἐπικειμένη,
2836 2061 2958 2117 οὔτε
2984 2062 3111 2116 ἄλλο
3137 2061 3286 2115 οὐδὲν
3313 2059 3567 2130 ἐποίησεν
3598 2059 3774 2111 ἐπιει-

2189 2167 2479 2238 κεστέρους
2533 2166 2748 2233 αὐτοὺς,
2804 2166 2918 2220 ἀλλ’
2953 2165 3233 2219 ἐπέκειντο
3284 2163 3537 2216 τοσούτου
3585 2160 3766 2231 θυμοῦ

2188 2272 2458 2336 πνέοντες,
2477 2272 2552 2336 ὼς
2570 2273 2664 2325 καὶ
2691 2272 2888 2336 αὐτοὺς
2916 2269 3219 2342 φοϐηθῆναι
3247 2269 3372 2332 τοὺς
3401 2267 3755 2339 ἐπαρχικούς.

2186 2379 2296 2432 Καὶ
2323 2378 2431 2450 γὰρ
2461 2377 2554 2430 καί
2583 2378 2764 2440 αὐτοῖς
2791 2375 3047 2446 ἠπείλουν
3069 2373 3303 2446 πληγὰς,
3332 2373 3425 2425 καὶ
3455 2371 3764 2445 ἐκαλλωπί-

2186 2483 2338 2547 ζοντο
2389 2485 2464 2546 ὡς
2511 2482 2606 2536 καὶ
2655 2482 2755 2554 ἤδη
2803 2481 3028 2544 πολλοὺς
3089 2479 3330 2550 αἰσχρῶς
3379 2480 3760 2546 τυπτήσαντες

2185 2588 2530 2661 ἐπαρχικούς.
2572 2586 2757 2641 Ταῦτα
2803 2589 2852 2639 οἱ
2896 2584 3186 2658 ἐπαρχικοὶ
3227 2583 3576 2646 ἀκούσαντες,
3622 2600 3760 2635 κατ-

2185 2693 2382 2762 έιρυγον
2404 2694 2482 2755 είς
2509 2693 2676 2761 ἡμᾶς,
2697 2689 3039 2759 παρεκάλουν
3063 2704 3121 2739 τε
3148 2686 3242 2739 καλ⁵
3269 2685 3494 2746 ἐδέοντο,
3525 2685 3604 2737 δτι
3627 2683 3757 2737 ΚΞιν

2182 2800 2263 2861 είς
2302 2798 2574 2868 Ίσαύρους
2607 2796 2886 2866 μέλλωμεν
2921 2793 3237 2864 ἐμπίπτειν,
3270 2789 3576 2855 ἀπάλλαξον
3609 2791 3762 2859 ἡμᾶς

2180 2901 2288 2955 τῶν
2314 2900 2517 2972 θηρίων
2539 2900 2764 2955 τούτων.
2802 2898 3063 2959 Ἀκούσας
3093 2900 3122 2950 ὁ
3159 2894 3379 2966 ἡγεμὼν
3409 2893 3758 2963 κατέδραμεν

2181 3008 2275 3060 ἐπὶ
2302 3007 2400 3078 τὴν
2419 3004 2616 3068 οἰκίαν,
2646 3002 2962 3073 βουλόμενος
2985 3002 3115 3070 ἡμῖν
3133 2999 3416 3070 βοηθῆσαι.
3455 2997 3588 3048 Ο)δέ
3611 2995 3756 3046 ἐκεί-

2179 3130 2269 3166 νου
2303 3108 2740 3181 παρακαλοῦντος
2788 3107 3074 3178 ἠνέσχοντο
3129 3106 3176 3158 οί
3220 3101 3578 3174 μονάζοντες,
3616 3099 3753 3153 ἀλλὰ

2178 3220 2271 3272 καὶ
2299 3218 2459 3278 αὐτὸς
2487 3213 2803 3286 ἠσθένησεν.
2841 3211 3014 3283 Ὁρῶν
3050 3209 3227 3263 τοίνυν
3261 3208 3333 3270 ςτά
3367 3207 3668 3279 πράγματα
3697 3207 3752 3256 ἐν

2177 3321 2380 3394 ἀπορίᾳ
2415 3319 2603 3391 πολλῇ,
2635 3320 2726 3372 καὶ
2758 3317 2881 3371 οὕτε
2910 3315 3122 3386 τολμῶν
3160 3317 3292 3386 ἡμῖν
3347 3309 3751 3384 συμϐουλεῦσαι

2175 3429 2256 3492 εἰς
2281 3428 2437 3497 φόνον
2463 3425 2695 3496 φανερὸν
2724 3422 2979 3490 ἐξελθεῖν,
3022 3419 3145 3475 οὗτε
3173 3421 3334 3474 πάλιν
3361 3418 3506 3472 ἐνδον
3543 3417 3747 3487 μένειν,

2175 3531 2262 3585 διὰ
2286 3532 2383 3602 τὴν
2412 3530 2679 3600 τοσαύτην
2730 3529 2953 3582 ἐκείνων
3000 3527 3218 3598 μανίαν,
3253 3525 3460 3596 έπεμψε
3493 3527 3628 3596 πρὸς
3657 3526 3749 3577 τὸν

2176 3633 2325 3706 [597]
2341 3634 2652 3705 Φαρέτριον,
2673 3629 3003 3702 παρακαλῶν
3028 3630 3222 3699 ὀλίγων
3238 3629 3479 3684 ἐνδοῦναι
3501 3628 3743 3699 ἡμερῶν,

2171 3739 2259 3793 διά
2280 3755 2339 3790 τε
2359 3737 2456 3808 τὴν
2476 3734 2804 3807 ἀρρωστίαν,
2819 3733 2907 3787 διά
2923 3750 2984 3786 τε
3001 3733 3090 3786 τὸν
3107 3733 3452 3803 ἐπικείμενον
3477 3732 3740 3786 κίνδυνον.

2171 3839 2281 3893 Καὶ
2305 3838 2424 3891 ούδέ
2453 3837 2625 3900 οὕτως
2660 3836 2874 3904 ἐγένετό
2902 3852 2955 3887 τι
2999 3835 3161 3888 πλέον
3187 3875 3199 3898 ,
3233 3836 3366 3889 ἀλλά
3392 3836 3483 3887 καὶ
3513 3838 3578 3905 τῇ
3613 3835 3742 3906 ἑξῆς

2172 3942 2513 4015 σφοδρότεροι
2538 3941 2918 4013 παρεγένοντο,
2961 3939 3054 3994 καὶ
3074 3938 3182 3992 τῶν
3225 3939 3609 4012 πρεσϐυτέρων
3640 3940 3734 3992 ού-

2168 4049 2279 4112 δεὶς
2333 4047 2534 4116 ἐτόλμα
2572 4047 2914 4115 παραστῆναι
2945 4044 3039 4098 καὶ
3067 4044 3350 4114 βοηθῆσαι,
3399 4044 3511 4099 ἀλλ’
3541 4047 3736 4113 αἰσχυ-

2166 4153 2381 4223 νόμενοι
2418 4151 2511 4204 καὶ
2567 4147 2928 4220 ἐρυθριῶντες
2961 4146 3139 4216 (κατὰ
3167 4147 3276 4216 γὰρ
3304 4145 3530 4216 γνώμην
3560 4148 3738 4216 Φαρε-

2163 4255 2310 4327 τρίου
2334 4253 2517 4322 έλεγον
2539 4251 2713 4305 ταῦτα
2739 4250 3017 4319 γίνεσθαι)
3044 4250 3395 4321 ἐκρύπτοντο,
3424 4249 3737 4315 ἐλάνθανον,

2163 4360 2482 4430 καλούμενοι
2515 4357 2644 4428 παρ’
2682 4355 2839 4428 ἡμῶν
2888 4357 2985 4424 οὐχ
3020 4355 3314 4425 ὑπήκουον.
3353 4355 3417 4407 Τί
3448 4356 3529 4408 δεῖ
3561 4355 3733 4410 πολλὰ

2159 4464 2338 4532 λέγειν
2365 4480 2378 4526 ;
2408 4461 2515 4515 Καὶ
2547 4460 2725 4529 φόϐων
2739 4459 3008 4513 τοσούτων
3035 4459 3418 4531 ἐπικειμένων,
3445 4460 3536 4514 καὶ
3566 4461 3730 4515 θανά-

2158 4583 2252 4619 του
2295 4564 2479 4635 σχεδὺν
2508 4563 2698 4634 δήλου,
2759 4561 2977 4616 καὶτοῦ
3005 4561 3240 4634 πυρετοῦ
3282 4582 3350 4635 με
3399 4565 3733 4636 κατεργαζο-

2162 4673 2320 4744 μένου
2357 4670 2498 4732 (οὐδὲ
2522 4670 2630 4741 γάρ
2655 4672 2786 4739 ἡμῖν
2821 4667 3111 4740 ἀπαλλαγὴ
3141 4669 3353 4723 οὐδέπω
3370 4669 3397 4710 ά
3413 4671 3521 4724 τῶν
3539 4688 3727 4723 κακῶν

2157 4775 2264 4829 τῶν
2281 4774 2568 4843 ἐντεῦθεν),
2602 4772 2946 4844 μεσημϐρίας
2977 4771 3148 4843 μέσης
3170 4772 3331 4844 ῥίψας
3355 4774 3544 4828 ἑαυτὸν
3569 4778 3646 4838 είς
3666 4777 3730 4828 τὸ

2155 4883 2442 4945 λεκτίκιον,
2464 4880 2738 4951 ἐξηγόμην
2763 4879 2989 4942 ἐκεῖθεν,
3018 4879 3112 4932 τοῦ
3158 4881 3332 4952 δήμου
3384 4882 3585 4946 παντὸς
3611 4901 3723 4936 κω-

2153 4987 2393 5049 κύοντος,
2418 4983 2776 5048 ὀλολύζοντος,
2801 4983 3154 5054 ἐπαρωμένου
3189 4985 3267 5056 τῷ
3300 4986 3471 5039 ταῦτα
3499 5005 3727 5059 πεποιη-

2151 5093 2288 5156 κότι,
2316 5087 2732 5160 ὀλοφυρομένων.
2752 5088 2969 5141 πάντων
2997 5089 3091 5141 καὶ
3120 5089 3478 5159 θρηνούντων.
3502 5094 3720 5167 Ἐπειδὴ

483 5186 668 5244 κακὸν,
717 5186 1077 5258 ἐϐουλευόμην
1124 5189 1308 5240 λοιπὸν
1360 5191 1487 5260 περὶ
1533 5192 1860 5267 ἀποδημίας,
1899 5201 2038 5255 ὥστε
2147 5198 2201 5250 δὲ
2230 5198 2328 5266 τῆς
2367 5195 2571 5256 πόλεως
2597 5192 2839 5262 ἐξῆλθον,
2861 5192 2952 5244 καὶ
2974 5191 3082 5244 τῶν
3104 5191 3378 5263 κληρικῶν
3403 5212 3547 5259 τινες
3579 5197 3723 5261 ἐξελ-

484 5289 833 5344 ἐπιλαϐέσθαι
866 5293 963 5360 τῆς
994 5291 1324 5359 Κουκουσοῦ,
1358 5296 1451 5348 καὶ
1494 5299 1689 5368 μικρὸν
1721 5303 2040 5358 ἀναπαύσα-

2147 5300 2330 5361 οάντες
2377 5297 2581 5368 ἠρέμα,
2638 5298 2785 5367 ἡμᾶς
2824 5296 3181 5366 προέπεμψαν
3215 5297 3547 5369 ὀδυρόμενοι.
3603 5304 3715 5356 Καί

483 5392 601 5447 σθαι
633 5393 741 5446 τῶν
771 5392 871 5466 τῆς
902 5393 1022 5448 ὁδοῦ
1055 5395 1368 5466 συμφορῶν.
1400 5399 1511 5452 Καὶ
1557 5401 1613 5453 ἐν
1646 5403 1853 5469 τούτοις
1877 5407 2036 5477 ἡμῶν
2142 5414 2303 5451 τινων
2329 5395 2594 5464 λεγόντων
2627 5395 2976 5460 ἀκούσαντες,
3001 5396 3111 5449 Ποῦ
3156 5398 3319 5451 αὑτὸν
3363 5402 3602 5470 ἀπάγετε
3633 5407 3715 5469 εἱς

535 5633 562 5700 ξ
588 5633 711 5700 Τι’(ξε
731 5635 1160 5700 ῐηεεηαῦτὸνεκρος.

531 5690 563 5788 ξ
590 5693 649 5742 '0
673 5697 816 5755 δῆμος
836 5697 977 5745 deest
1000 5700 1048 5746 in
1060 5690 1263 5774 iqu—nhus
1290 5714 1423 5764 mss.,
1451 5716 1542 5754 nec
1567 5704 1688 5768 legit
1713 5707 1975 5776 Interprcs.

583 5755 692 5806 Duo
706 5769 819 5806 mss.
838 5758 962 5806 ἤμην
982 5776 1222 5806 κινουνοιε.

661 5769 692 5806 0
706 5769 819 5807 mss.
838 5758 962 5820 ἤμην
982 5760 1222 5818 κινδύνοις.

2143 5501 2373 5572 φανερὸν
2396 5501 2624 5556 θάνατον
2644 5516 2659 5566 ;
2682 5501 2765 5553 ἐτε
2775 5517 2863 5568 ρος
2881 5499 3032 5568 έλεγε
3057 5500 3193 5572 πρὸς
3213 5505 3358 5574 ἡμᾶς
3376 5507 3482 5560 τῶν
3507 5509 3717 5578 σφόδρα

3011 5609 3030 5635 ὲ

2200 5712 2372 5784 “Msst
2408 5727 2580 5784 ompes
2613 5716 2849 5784 066‘9__7a‘z9
2881 5718 3026 5782 ign-1‘
3051 5719 3334 5781 ἀπαλλαγείς
3374 5723 3580 5784 οὐδέπω,
3614 5729 3707 5773 clr.

2139 5777 2397 5826 Sententia
2415 5777 2589 5827 eodem
2618 5777 2805 5828 recidit.
