  <div class='ocr_page' id='page_1' title='image "/cluster/home/n/w/nwhite01/storage/ocr_20150623/52/ien.35556001660794/236.png"; bbox 0 0 4078 6434; ppageno 0'>
   <div class='ocr_carea' id='block_1_1' title="bbox 318 355 425 416">
    <p class='ocr_par' dir='ltr' id='par_1_1' title="bbox 318 355 425 416">
     <span class='ocr_line' id='line_1_1' title="bbox 318 355 425 416; baseline 0.019 -2"><span class='ocrx_word' id='word_1_1' title='bbox 318 355 425 416; x_wconf 66' lang='lat'>615</span> 
     </span>
    </p>
   </div>
   <div class='ocr_carea' id='block_1_2' title="bbox 316 477 1901 566">
    <p class='ocr_par' dir='ltr' id='par_1_2' title="bbox 316 477 1901 566">
     <span class='ocr_line' id='line_1_2' title="bbox 316 477 1901 566; baseline 0.008 -33"><span class='ocrx_word' id='word_1_2' title='bbox 316 477 469 549; x_wconf 69' lang='grc' dir='ltr'>ἡμᾶς</span> <span class='ocrx_word' id='word_1_3' title='bbox 491 479 820 549; x_wconf 75' lang='grc' dir='ltr'>φιλούντων·</span> <span class='ocrx_word' id='word_1_4' title='bbox 852 485 1107 553; x_wconf 83' lang='grc' dir='ltr'>Ἀπελθε,</span> <span class='ocrx_word' id='word_1_5' title='bbox 1131 487 1326 560; x_wconf 83' lang='grc' dir='ltr'>δέομαί</span> <span class='ocrx_word' id='word_1_6' title='bbox 1351 506 1443 545; x_wconf 86' lang='grc' dir='ltr'>σου</span> <span class='ocrx_word' id='word_1_7' title='bbox 1462 507 1476 524; x_wconf 80' lang='grc' dir='ltr'><strong>ο</strong></span> <span class='ocrx_word' id='word_1_8' title='bbox 1511 493 1593 556; x_wconf 87' lang='grc' dir='ltr'>εἰς</span> <span class='ocrx_word' id='word_1_9' title='bbox 1627 493 1901 566; x_wconf 81' lang='grc' dir='ltr'>Ἰσαύρους</span> 
     </span>
    </p>
   </div>
   <div class='ocr_carea' id='block_1_3' title="bbox 315 576 1904 664">
    <p class='ocr_par' dir='ltr' id='par_1_3' title="bbox 315 576 1904 664">
     <span class='ocr_line' id='line_1_3' title="bbox 315 576 1904 664; baseline 0.013 -36"><span class='ocrx_word' id='word_1_10' title='bbox 315 576 589 648; x_wconf 65' lang='grc' dir='ltr'>ἔμπεσον,</span> <span class='ocrx_word' id='word_1_11' title='bbox 632 581 795 651; x_wconf 87' lang='grc' dir='ltr'>μόνον</span> <span class='ocrx_word' id='word_1_12' title='bbox 837 584 996 655; x_wconf 84' lang='grc' dir='ltr'>ήμῶν</span> <span class='ocrx_word' id='word_1_13' title='bbox 1047 587 1417 660; x_wconf 81' lang='grc' dir='ltr'>ἀπαλλάγηθι.</span> <span class='ocrx_word' id='word_1_14' title='bbox 1463 591 1653 646; x_wconf 84' lang='grc' dir='ltr'>’Ὅπου</span> <span class='ocrx_word' id='word_1_15' title='bbox 1688 593 1799 664; x_wconf 82' lang='grc' dir='ltr'>γὰρ</span> <span class='ocrx_word' id='word_1_16' title='bbox 1836 593 1904 648; x_wconf 78' lang='grc' dir='ltr'>ἂν</span> 
     </span>
    </p>
   </div>
   <div class='ocr_carea' id='block_1_4' title="bbox 319 672 1904 760">
    <p class='ocr_par' dir='ltr' id='par_1_4' title="bbox 319 672 1904 760">
     <span class='ocr_line' id='line_1_4' title="bbox 319 672 1904 760; baseline 0.012 -35"><span class='ocrx_word' id='word_1_17' title='bbox 319 672 594 747; x_wconf 72' lang='grc' dir='ltr'>ἐμπέσγις,</span> <span class='ocrx_word' id='word_1_18' title='bbox 629 678 709 742; x_wconf 85' lang='grc' dir='ltr'>εἰς</span> <span class='ocrx_word' id='word_1_19' title='bbox 740 679 1042 749; x_wconf 78' lang='grc' dir='ltr'>ἀσφάλειαν</span> <span class='ocrx_word' id='word_1_20' title='bbox 1053 686 1378 754; x_wconf 81' lang='grc' dir='ltr'>ἐμπίπτεις,</span> <span class='ocrx_word' id='word_1_21' title='bbox 1397 686 1466 740; x_wconf 76' lang='grc' dir='ltr'>ἂν</span> <span class='ocrx_word' id='word_1_22' title='bbox 1494 688 1770 760; x_wconf 79' lang='grc' dir='ltr'>ἡμετέρας</span> <span class='ocrx_word' id='word_1_23' title='bbox 1788 689 1904 743; x_wconf 86' lang='grc' dir='ltr'>δια-</span> 
     </span>
    </p>
   </div>
   <div class='ocr_carea' id='block_1_5' title="bbox 321 773 1903 860">
    <p class='ocr_par' dir='ltr' id='par_1_5' title="bbox 321 773 1903 860">
     <span class='ocr_line' id='line_1_5' title="bbox 321 773 1903 860; baseline 0.012 -35"><span class='ocrx_word' id='word_1_24' title='bbox 321 773 520 842; x_wconf 90' lang='grc' dir='ltr'>φύγοις</span> <span class='ocrx_word' id='word_1_25' title='bbox 549 778 759 847; x_wconf 88' lang='grc' dir='ltr'>χεῖρας.</span> <span class='ocrx_word' id='word_1_26' title='bbox 815 780 1003 836; x_wconf 82' lang='grc' dir='ltr'>Ταῦτα</span> <span class='ocrx_word' id='word_1_27' title='bbox 1035 782 1318 840; x_wconf 75' lang='grc' dir='ltr'>ἀκούσασα</span> <span class='ocrx_word' id='word_1_28' title='bbox 1367 787 1458 841; x_wconf 71' lang='grc' dir='ltr'>καὶ</span> <span class='ocrx_word' id='word_1_29' title='bbox 1481 788 1665 858; x_wconf 80' lang='grc' dir='ltr'>ὁρῶσα</span> <span class='ocrx_word' id='word_1_30' title='bbox 1693 790 1730 860; x_wconf 86' lang='grc' dir='ltr'>ή</span> <span class='ocrx_word' id='word_1_31' title='bbox 1764 788 1903 860; x_wconf 80' lang='grc' dir='ltr'>καλὴ</span> 
     </span>
    </p>
   </div>
   <div class='ocr_carea' id='block_1_6' title="bbox 316 869 1905 959">
    <p class='ocr_par' dir='ltr' id='par_1_6' title="bbox 316 869 1905 959">
     <span class='ocr_line' id='line_1_6' title="bbox 316 869 1905 959; baseline 0.012 -36"><span class='ocrx_word' id='word_1_32' title='bbox 316 869 603 939; x_wconf 75' lang='grc' dir='ltr'>Σελευκία,</span> <span class='ocrx_word' id='word_1_33' title='bbox 631 875 666 946; x_wconf 80' lang='grc' dir='ltr'><strong>ἠ</strong></span> <span class='ocrx_word' id='word_1_34' title='bbox 701 876 795 930; x_wconf 83' lang='grc' dir='ltr'>τοῦ</span> <span class='ocrx_word' id='word_1_35' title='bbox 817 879 1008 950; x_wconf 81' lang='grc' dir='ltr'>κυρίου</span> <span class='ocrx_word' id='word_1_36' title='bbox 1041 899 1144 952; x_wconf 89' lang='grc' dir='ltr'>μου</span> <span class='ocrx_word' id='word_1_37' title='bbox 1181 883 1463 954; x_wconf 87' lang='grc' dir='ltr'>Ῥουφίνου</span> <span class='ocrx_word' id='word_1_38' title='bbox 1491 885 1752 959; x_wconf 87' lang='grc' dir='ltr'>ἐλευθέρα</span> <span class='ocrx_word' id='word_1_39' title='bbox 1775 888 1905 959; x_wconf 77' lang='grc' dir='ltr'>(καὶ</span> 
     </span>
    </p>
   </div>
   <div class='ocr_carea' id='block_1_7' title="bbox 317 971 1904 1068">
    <p class='ocr_par' dir='ltr' id='par_1_7' title="bbox 317 971 1904 1068">
     <span class='ocr_line' id='line_1_7' title="bbox 317 971 1904 1068; baseline 0.012 -46"><span class='ocrx_word' id='word_1_40' title='bbox 317 971 429 1042; x_wconf 79' lang='grc' dir='ltr'>γὰρ</span> <span class='ocrx_word' id='word_1_41' title='bbox 487 974 694 1045; x_wconf 87' lang='grc' dir='ltr'>σφόδρα</span> <span class='ocrx_word' id='word_1_42' title='bbox 753 978 905 1048; x_wconf 76' lang='grc' dir='ltr'>ἡμᾶς</span> <span class='ocrx_word' id='word_1_43' title='bbox 963 981 1297 1052; x_wconf 71' lang='grc' dir='ltr'>ἐθεράπευσε</span> <span class='ocrx_word' id='word_1_44' title='bbox 1318 985 1384 1068; x_wconf 39' lang='grc'>),.</span> <span class='ocrx_word' id='word_1_45' title='bbox 1415 987 1757 1058; x_wconf 83' lang='grc' dir='ltr'>παρεκάλεσε</span> <span class='ocrx_word' id='word_1_46' title='bbox 1808 989 1904 1044; x_wconf 79' lang='grc' dir='ltr'>καὶ</span> 
     </span>
    </p>
   </div>
   <div class='ocr_carea' id='block_1_8' title="bbox 318 1067 1904 1163">
    <p class='ocr_par' dir='ltr' id='par_1_8' title="bbox 318 1067 1904 1163">
     <span class='ocr_line' id='line_1_8' title="bbox 318 1067 1904 1163; baseline 0.003 -25"><span class='ocrx_word' id='word_1_47' title='bbox 318 1067 542 1141; x_wconf 67' lang='grc' dir='ltr'>ἐδεήθη.</span> <span class='ocrx_word' id='word_1_48' title='bbox 567 1073 710 1129; x_wconf 74' lang='grc' dir='ltr'>ὥστε</span> <span class='ocrx_word' id='word_1_49' title='bbox 734 1079 816 1139; x_wconf 74' lang='grc' dir='ltr'>εἰς</span> <span class='ocrx_word' id='word_1_50' title='bbox 835 1078 897 1132; x_wconf 83' lang='grc' dir='ltr'>τὸ</span> <span class='ocrx_word' id='word_1_51' title='bbox 926 1081 1247 1150; x_wconf 78' lang='grc' dir='ltr'>προάστειον</span> <span class='ocrx_word' id='word_1_52' title='bbox 1270 1067 1440 1156; x_wconf 79' lang='grc' dir='ltr'>αὐτῆς</span> <span class='ocrx_word' id='word_1_53' title='bbox 1456 1087 1779 1154; x_wconf 63' lang='grc' dir='ltr'>καταλὶωαι,</span> <span class='ocrx_word' id='word_1_54' title='bbox 1797 1090 1904 1163; x_wconf 79' lang='grc' dir='ltr'>πρὸ</span> 
     </span>
    </p>
   </div>
   <div class='ocr_carea' id='block_1_9' title="bbox 329 1169 1901 1262">
    <p class='ocr_par' dir='ltr' id='par_1_9' title="bbox 329 1169 1901 1262">
     <span class='ocr_line' id='line_1_9' title="bbox 329 1169 1901 1262; baseline 0.016 -42"><span class='ocrx_word' id='word_1_55' title='bbox 329 1169 495 1224; x_wconf 81' lang='grc' dir='ltr'>πέντε</span> <span class='ocrx_word' id='word_1_56' title='bbox 543 1173 736 1244; x_wconf 78' lang='grc' dir='ltr'>μιλίων</span> <span class='ocrx_word' id='word_1_57' title='bbox 783 1179 883 1248; x_wconf 82' lang='grc' dir='ltr'>τῆς</span> <span class='ocrx_word' id='word_1_58' title='bbox 909 1181 1116 1248; x_wconf 86' lang='grc' dir='ltr'>πόλεως</span> <span class='ocrx_word' id='word_1_59' title='bbox 1145 1183 1227 1250; x_wconf 80' lang='grc' dir='ltr'>δν,</span> <span class='ocrx_word' id='word_1_60' title='bbox 1252 1186 1348 1238; x_wconf 82' lang='grc' dir='ltr'>καὶ</span> <span class='ocrx_word' id='word_1_61' title='bbox 1381 1188 1727 1260; x_wconf 77' lang='grc' dir='ltr'>συνέπεμψεν</span> <span class='ocrx_word' id='word_1_62' title='bbox 1768 1192 1901 1262; x_wconf 84' lang='grc' dir='ltr'>ήμῖν</span> 
     </span>
    </p>
   </div>
   <div class='ocr_carea' id='block_1_10' title="bbox 315 1263 1376 1354">
    <p class='ocr_par' dir='ltr' id='par_1_10' title="bbox 315 1263 1376 1354">
     <span class='ocr_line' id='line_1_10' title="bbox 315 1263 1376 1354; baseline 0.018 -33"><span class='ocrx_word' id='word_1_63' title='bbox 315 1263 640 1341; x_wconf 80' lang='grc' dir='ltr'>ἀνθρώπους</span> <span class='ocrx_word' id='word_1_64' title='bbox 661 1315 677 1339; x_wconf 92' lang='grc'>,</span> <span class='ocrx_word' id='word_1_65' title='bbox 706 1278 802 1332; x_wconf 76' lang='grc' dir='ltr'>καὶ</span> <span class='ocrx_word' id='word_1_66' title='bbox 820 1280 1143 1354; x_wconf 74' lang='grc' dir='ltr'>,ἀπήλθομεν</span> <span class='ocrx_word' id='word_1_67' title='bbox 1175 1286 1376 1341; x_wconf 86' lang='grc' dir='ltr'>ἐκεῖσε.</span> 
     </span>
    </p>
   </div>
   <div class='ocr_carea' id='block_1_11' title="bbox 388 1401 1900 1489">
    <p class='ocr_par' dir='ltr' id='par_1_11' title="bbox 388 1401 1900 1489">
     <span class='ocr_line' id='line_1_11' title="bbox 388 1401 1900 1489; baseline 0.013 -35"><span class='ocrx_word' id='word_1_68' title='bbox 388 1401 462 1469; x_wconf 65' lang='grc' dir='ltr'>Υ.</span> <span class='ocrx_word' id='word_1_69' title='bbox 499 1402 636 1456; x_wconf 82' lang='grc' dir='ltr'>Ἀλλ’</span> <span class='ocrx_word' id='word_1_70' title='bbox 668 1405 787 1459; x_wconf 82' lang='grc' dir='ltr'>οὐδὲ</span> <span class='ocrx_word' id='word_1_71' title='bbox 819 1408 938 1462; x_wconf 86' lang='grc' dir='ltr'>ἐκεῖ</span> <span class='ocrx_word' id='word_1_72' title='bbox 970 1403 1199 1479; x_wconf 52' lang='grc' dir='ltr'>ἔμελλε»)</span> <span class='ocrx_word' id='word_1_73' title='bbox 1237 1414 1395 1485; x_wconf 77' lang='grc' dir='ltr'>ἡμῶν</span> <span class='ocrx_word' id='word_1_74' title='bbox 1432 1416 1838 1488; x_wconf 85' lang='grc' dir='ltr'>ἀποστήσεσθαι</span> <span class='ocrx_word' id='word_1_75' title='bbox 1865 1418 1900 1489; x_wconf 82' lang='grc' dir='ltr'>ὴ</span> 
     </span>
    </p>
   </div>
   <div class='ocr_carea' id='block_1_12' title="bbox 316 1499 1901 1586">
    <p class='ocr_par' dir='ltr' id='par_1_12' title="bbox 316 1499 1901 1586">
     <span class='ocr_line' id='line_1_12' title="bbox 316 1499 1901 1586; baseline 0.012 -36"><span class='ocrx_word' id='word_1_76' title='bbox 316 1499 579 1572; x_wconf 77' lang='grc' dir='ltr'>ἐπιϐουλὴ</span> <span class='ocrx_word' id='word_1_77' title='bbox 602 1503 761 1575; x_wconf 78' lang='grc' dir='ltr'>αὕτη.</span> <span class='ocrx_word' id='word_1_78' title='bbox 803 1507 891 1571; x_wconf 87' lang='grc' dir='ltr'>Ὠς</span> <span class='ocrx_word' id='word_1_79' title='bbox 925 1508 1035 1580; x_wconf 84' lang='grc' dir='ltr'>γάρ</span> <span class='ocrx_word' id='word_1_80' title='bbox 1066 1509 1208 1578; x_wconf 78' lang='grc' dir='ltr'>ἔγνω</span> <span class='ocrx_word' id='word_1_81' title='bbox 1237 1513 1266 1564; x_wconf 86' lang='lat'>6</span> <span class='ocrx_word' id='word_1_82' title='bbox 1285 1513 1602 1584; x_wconf 75' lang='grc' dir='ltr'>Φαρέτριος,</span> <span class='ocrx_word' id='word_1_83' title='bbox 1633 1515 1901 1586; x_wconf 85' lang='grc' dir='ltr'>ἐδήλωσεν</span> 
     </span>
    </p>
   </div>
   <div class='ocr_carea' id='block_1_13' title="bbox 317 1599 1897 1684">
    <p class='ocr_par' dir='ltr' id='par_1_13' title="bbox 317 1599 1897 1684">
     <span class='ocr_line' id='line_1_13' title="bbox 317 1599 1897 1684; baseline 0.017 -34"><span class='ocrx_word' id='word_1_84' title='bbox 317 1599 490 1671; x_wconf 80' lang='grc' dir='ltr'>αὐτῇ,</span> <span class='ocrx_word' id='word_1_85' title='bbox 515 1603 697 1677; x_wconf 82' lang='grc' dir='ltr'>καθὼς</span> <span class='ocrx_word' id='word_1_86' title='bbox 719 1605 892 1676; x_wconf 74' lang='grc' dir='ltr'>ἔλεγε,</span> <span class='ocrx_word' id='word_1_87' title='bbox 925 1609 1125 1674; x_wconf 84' lang='grc' dir='ltr'>πολλὰς</span> <span class='ocrx_word' id='word_1_88' title='bbox 1144 1612 1394 1676; x_wconf 78' lang='grc' dir='ltr'>ἀπειλάς.</span> <span class='ocrx_word' id='word_1_89' title='bbox 1432 1613 1586 1668; x_wconf 84' lang='grc' dir='ltr'>Ἐπεὶ</span> <span class='ocrx_word' id='word_1_90' title='bbox 1609 1613 1666 1666; x_wconf 85' lang='grc' dir='ltr'>δέ</span> <span class='ocrx_word' id='word_1_91' title='bbox 1715 1631 1781 1684; x_wconf 84' lang='grc' dir='ltr'>με</span> <span class='ocrx_word' id='word_1_92' title='bbox 1815 1615 1897 1677; x_wconf 72' lang='grc' dir='ltr'>εἰς</span> 
     </span>
    </p>
   </div>
   <div class='ocr_carea' id='block_1_14' title="bbox 314 1699 1897 1782">
    <p class='ocr_par' dir='ltr' id='par_1_14' title="bbox 314 1699 1897 1782">
     <span class='ocr_line' id='line_1_14' title="bbox 314 1699 1897 1782; baseline 0.013 -33"><span class='ocrx_word' id='word_1_93' title='bbox 314 1699 378 1750; x_wconf 79' lang='grc' dir='ltr'>τὸ</span> <span class='ocrx_word' id='word_1_94' title='bbox 400 1703 724 1770; x_wconf 81' lang='grc' dir='ltr'>προάστειον</span> <span class='ocrx_word' id='word_1_95' title='bbox 771 1708 941 1777; x_wconf 84' lang='grc' dir='ltr'>αὐτῆς</span> <span class='ocrx_word' id='word_1_96' title='bbox 992 1710 1318 1777; x_wconf 81' lang='grc' dir='ltr'>ὐπεδέξατο,</span> <span class='ocrx_word' id='word_1_97' title='bbox 1356 1713 1512 1782; x_wconf 85' lang='grc' dir='ltr'>κάγὼ</span> <span class='ocrx_word' id='word_1_98' title='bbox 1540 1713 1747 1768; x_wconf 90' lang='grc' dir='ltr'>τούτων</span> <span class='ocrx_word' id='word_1_99' title='bbox 1797 1717 1897 1769; x_wconf 92' lang='grc' dir='ltr'>οὐκ</span> 
     </span>
    </p>
   </div>
   <div class='ocr_carea' id='block_1_15' title="bbox 316 1798 1900 1883">
    <p class='ocr_par' dir='ltr' id='par_1_15' title="bbox 316 1798 1900 1883">
     <span class='ocr_line' id='line_1_15' title="bbox 316 1798 1900 1883; baseline 0.011 -33"><span class='ocrx_word' id='word_1_100' title='bbox 316 1798 467 1868; x_wconf 74' lang='grc' dir='ltr'>ᾔδειν</span> <span class='ocrx_word' id='word_1_101' title='bbox 491 1802 677 1856; x_wconf 80' lang='grc' dir='ltr'>οὐδέν’</span> <span class='ocrx_word' id='word_1_102' title='bbox 709 1804 822 1857; x_wconf 82' lang='grc' dir='ltr'>ἀλλ’</span> <span class='ocrx_word' id='word_1_103' title='bbox 861 1805 1152 1873; x_wconf 81' lang='grc' dir='ltr'>ἐξελθοῦσα</span> <span class='ocrx_word' id='word_1_104' title='bbox 1193 1811 1334 1882; x_wconf 86' lang='grc' dir='ltr'>πρὸς</span> <span class='ocrx_word' id='word_1_105' title='bbox 1364 1813 1541 1881; x_wconf 77' lang='grc' dir='ltr'>ἡμᾶς,</span> <span class='ocrx_word' id='word_1_106' title='bbox 1598 1811 1769 1866; x_wconf 83' lang='grc' dir='ltr'>ταῦτα</span> <span class='ocrx_word' id='word_1_107' title='bbox 1802 1815 1900 1883; x_wconf 83' lang='grc' dir='ltr'>μὲν</span> 
     </span>
    </p>
   </div>
   <div class='ocr_carea' id='block_1_16' title="bbox 317 1900 1897 1981">
    <p class='ocr_par' dir='ltr' id='par_1_16' title="bbox 317 1900 1897 1981">
     <span class='ocr_line' id='line_1_16' title="bbox 317 1900 1897 1981; baseline 0.009 -30"><span class='ocrx_word' id='word_1_108' title='bbox 317 1900 472 1968; x_wconf 74' lang='grc' dir='ltr'>ἡμᾶς</span> <span class='ocrx_word' id='word_1_109' title='bbox 501 1901 832 1973; x_wconf 84' lang='grc' dir='ltr'>άπέκρυϐεν,</span> <span class='ocrx_word' id='word_1_110' title='bbox 855 1905 1044 1977; x_wconf 87' lang='grc' dir='ltr'>ἐδήλου</span> <span class='ocrx_word' id='word_1_111' title='bbox 1069 1907 1126 1961; x_wconf 84' lang='grc' dir='ltr'>δὲ</span> <span class='ocrx_word' id='word_1_112' title='bbox 1147 1908 1225 1979; x_wconf 79' lang='grc' dir='ltr'>τῷ</span> <span class='ocrx_word' id='word_1_113' title='bbox 1252 1910 1534 1981; x_wconf 76' lang='grc' dir='ltr'>ἐπιτρόπῳ</span> <span class='ocrx_word' id='word_1_114' title='bbox 1555 1913 1735 1964; x_wconf 90' lang='grc' dir='ltr'>ἐκεῖσε</span> <span class='ocrx_word' id='word_1_115' title='bbox 1763 1912 1897 1977; x_wconf 82' lang='grc' dir='ltr'>δντι,</span> 
     </span>
    </p>
   </div>
   <div class='ocr_carea' id='block_1_17' title="bbox 315 1999 1900 2080">
    <p class='ocr_par' dir='ltr' id='par_1_17' title="bbox 315 1999 1900 2080">
     <span class='ocr_line' id='line_1_17' title="bbox 315 1999 1900 2080; baseline 0.008 -29"><span class='ocrx_word' id='word_1_116' title='bbox 315 1999 501 2053; x_wconf 79' lang='grc' dir='ltr'>πᾶσάν</span> <span class='ocrx_word' id='word_1_117' title='bbox 522 2018 580 2053; x_wconf 86' lang='grc' dir='ltr'>τε</span> <span class='ocrx_word' id='word_1_118' title='bbox 609 2003 741 2073; x_wconf 78' lang='grc' dir='ltr'>ἡμῖν</span> <span class='ocrx_word' id='word_1_119' title='bbox 773 2004 1082 2061; x_wconf 82' lang='grc' dir='ltr'>ἀνάπαυσιν</span> <span class='ocrx_word' id='word_1_120' title='bbox 1111 2011 1436 2080; x_wconf 77' lang='grc' dir='ltr'>παρασχεῖν,</span> <span class='ocrx_word' id='word_1_121' title='bbox 1461 2011 1558 2064; x_wconf 83' lang='grc' dir='ltr'>καὶ</span> <span class='ocrx_word' id='word_1_122' title='bbox 1581 2010 1635 2062; x_wconf 87' lang='grc' dir='ltr'>εῖ</span> <span class='ocrx_word' id='word_1_123' title='bbox 1660 2027 1806 2074; x_wconf 87' lang='grc' dir='ltr'>τινες</span> <span class='ocrx_word' id='word_1_124' title='bbox 1821 2013 1900 2075; x_wconf 91' lang='grc' dir='ltr'>εἰς</span> 
     </span>
    </p>
   </div>
   <div class='ocr_carea' id='block_1_18' title="bbox 313 2102 1900 2186">
    <p class='ocr_par' dir='ltr' id='par_1_18' title="bbox 313 2102 1900 2186">
     <span class='ocr_line' id='line_1_18' title="bbox 313 2102 1900 2186; baseline 0.008 -33"><span class='ocrx_word' id='word_1_125' title='bbox 313 2102 466 2171; x_wconf 79' lang='grc' dir='ltr'>ἡμᾶς</span> <span class='ocrx_word' id='word_1_126' title='bbox 489 2103 768 2159; x_wconf 87' lang='grc' dir='ltr'>ἐπέλθοιεν</span> <span class='ocrx_word' id='word_1_127' title='bbox 796 2108 1142 2176; x_wconf 79' lang='grc' dir='ltr'>μονάζοντες,</span> <span class='ocrx_word' id='word_1_128' title='bbox 1173 2108 1489 2182; x_wconf 88' lang='grc' dir='ltr'>βουλόμενοι</span> <span class='ocrx_word' id='word_1_129' title='bbox 1511 2114 1658 2183; x_wconf 73' lang='grc' dir='ltr'>ἡμᾶς</span> <span class='ocrx_word' id='word_1_130' title='bbox 1691 2113 1900 2186; x_wconf 85' lang='grc' dir='ltr'>ἐνυϐρί-</span> 
     </span>
    </p>
   </div>
   <div class='ocr_carea' id='block_1_19' title="bbox 314 2201 1898 2282">
    <p class='ocr_par' dir='ltr' id='par_1_19' title="bbox 314 2201 1898 2282">
     <span class='ocr_line' id='line_1_19' title="bbox 314 2201 1898 2282; baseline 0.011 -31"><span class='ocrx_word' id='word_1_131' title='bbox 314 2201 459 2271; x_wconf 83' lang='grc' dir='ltr'>σαιῆ</span> <span class='ocrx_word' id='word_1_132' title='bbox 486 2205 799 2274; x_wconf 84' lang='grc' dir='ltr'>συντρίψαι,</span> <span class='ocrx_word' id='word_1_133' title='bbox 819 2212 1148 2278; x_wconf 79' lang='grc' dir='ltr'><strong>συναγαγεῖν</strong></span> <span class='ocrx_word' id='word_1_134' title='bbox 1164 2212 1446 2282; x_wconf 70' lang='grc' dir='ltr'>γεωργοδς</span> <span class='ocrx_word' id='word_1_135' title='bbox 1462 2212 1572 2266; x_wconf 76' lang='grc' dir='ltr'>ἀπὸ</span> <span class='ocrx_word' id='word_1_136' title='bbox 1594 2213 1703 2268; x_wconf 87' lang='grc' dir='ltr'>τῶν</span> <span class='ocrx_word' id='word_1_137' title='bbox 1723 2214 1898 2268; x_wconf 78' lang='grc' dir='ltr'>ἄλλων</span> 
     </span>
    </p>
   </div>
   <div class='ocr_carea' id='block_1_20' title="bbox 313 2302 1896 2387">
    <p class='ocr_par' dir='ltr' id='par_1_20' title="bbox 313 2302 1896 2387">
     <span class='ocr_line' id='line_1_20' title="bbox 313 2302 1896 2387; baseline 0.013 -36"><span class='ocrx_word' id='word_1_138' title='bbox 313 2302 490 2371; x_wconf 79' lang='grc' dir='ltr'>αὐτῆς</span> <span class='ocrx_word' id='word_1_139' title='bbox 523 2305 760 2376; x_wconf 87' lang='grc' dir='ltr'>χωρίων,</span> <span class='ocrx_word' id='word_1_140' title='bbox 796 2309 890 2362; x_wconf 74' lang='grc' dir='ltr'>καὶ</span> <span class='ocrx_word' id='word_1_141' title='bbox 909 2309 1052 2364; x_wconf 77' lang='grc' dir='ltr'>οὕτω</span> <span class='ocrx_word' id='word_1_142' title='bbox 1075 2314 1492 2384; x_wconf 77' lang='grc' dir='ltr'>παρατάξασθαι</span> <span class='ocrx_word' id='word_1_143' title='bbox 1519 2317 1654 2387; x_wconf 83' lang='grc' dir='ltr'>πρὸς</span> <span class='ocrx_word' id='word_1_144' title='bbox 1679 2318 1896 2380; x_wconf 78' lang='grc' dir='ltr'>αὐτούς.</span> 
     </span>
    </p>
   </div>
   <div class='ocr_carea' id='block_1_21' title="bbox 315 2401 1900 2486">
    <p class='ocr_par' dir='ltr' id='par_1_21' title="bbox 315 2401 1900 2486">
     <span class='ocr_line' id='line_1_21' title="bbox 315 2401 1900 2486; baseline 0.013 -34"><span class='ocrx_word' id='word_1_145' title='bbox 315 2401 628 2472; x_wconf 84' lang='grc' dir='ltr'>Παρεκάλει</span> <span class='ocrx_word' id='word_1_146' title='bbox 670 2407 728 2460; x_wconf 87' lang='grc' dir='ltr'>δέ</span> <span class='ocrx_word' id='word_1_147' title='bbox 759 2409 854 2461; x_wconf 75' lang='grc' dir='ltr'>καὶ</span> <span class='ocrx_word' id='word_1_148' title='bbox 907 2411 986 2474; x_wconf 85' lang='grc' dir='ltr'>εἰς</span> <span class='ocrx_word' id='word_1_149' title='bbox 1044 2411 1144 2483; x_wconf 80' lang='grc' dir='ltr'>τὴν</span> <span class='ocrx_word' id='word_1_150' title='bbox 1175 2412 1355 2467; x_wconf 85' lang='grc' dir='ltr'>οἰκίαν</span> <span class='ocrx_word' id='word_1_151' title='bbox 1401 2415 1572 2486; x_wconf 85' lang='grc' dir='ltr'>αὐτῆς</span> <span class='ocrx_word' id='word_1_152' title='bbox 1608 2416 1900 2472; x_wconf 83' lang='grc' dir='ltr'>κάστελλον</span> 
     </span>
    </p>
   </div>
   <div class='ocr_carea' id='block_1_22' title="bbox 311 2503 1897 2583">
    <p class='ocr_par' dir='ltr' id='par_1_22' title="bbox 311 2503 1897 2583">
     <span class='ocr_line' id='line_1_22' title="bbox 311 2503 1897 2583; baseline 0.011 -30"><span class='ocrx_word' id='word_1_153' title='bbox 311 2503 568 2571; x_wconf 75' lang='grc' dir='ltr'>ἔχουσαν,</span> <span class='ocrx_word' id='word_1_154' title='bbox 617 2505 711 2558; x_wconf 76' lang='grc' dir='ltr'>καὶ</span> <span class='ocrx_word' id='word_1_155' title='bbox 739 2507 1038 2578; x_wconf 84' lang='grc' dir='ltr'>ἀχείρωτον</span> <span class='ocrx_word' id='word_1_156' title='bbox 1058 2507 1222 2565; x_wconf 84' lang='grc' dir='ltr'>οὖσαν</span> <span class='ocrx_word' id='word_1_157' title='bbox 1255 2517 1615 2583; x_wconf 83' lang='grc' dir='ltr'>καταφυγεῖν,</span> <span class='ocrx_word' id='word_1_158' title='bbox 1636 2515 1776 2569; x_wconf 83' lang='grc' dir='ltr'>ὥστε</span> <span class='ocrx_word' id='word_1_159' title='bbox 1802 2517 1897 2570; x_wconf 79' lang='grc' dir='ltr'>τοῦ</span> 
     </span>
    </p>
   </div>
   <div class='ocr_carea' id='block_1_23' title="bbox 310 2601 1897 2684">
    <p class='ocr_par' dir='ltr' id='par_1_23' title="bbox 310 2601 1897 2684">
     <span class='ocr_line' id='line_1_23' title="bbox 310 2601 1897 2684; baseline 0.011 -33"><span class='ocrx_word' id='word_1_160' title='bbox 310 2601 620 2655; x_wconf 73' lang='grc' dir='ltr'>ἐπισκόπου</span> <span class='ocrx_word' id='word_1_161' title='bbox 637 2605 731 2658; x_wconf 74' lang='grc' dir='ltr'>καὶ</span> <span class='ocrx_word' id='word_1_162' title='bbox 755 2607 1100 2678; x_wconf 83' lang='grc' dir='ltr'>μοναζόντων</span> <span class='ocrx_word' id='word_1_163' title='bbox 1113 2611 1373 2680; x_wconf 76' lang='grc' dir='ltr'>ἐκφυγεῖν</span> <span class='ocrx_word' id='word_1_164' title='bbox 1388 2611 1488 2676; x_wconf 83' lang='grc' dir='ltr'>τὰς</span> <span class='ocrx_word' id='word_1_165' title='bbox 1506 2617 1715 2684; x_wconf 86' lang='grc' dir='ltr'>χεῖρας.</span> <span class='ocrx_word' id='word_1_166' title='bbox 1735 2614 1897 2669; x_wconf 81' lang='grc' dir='ltr'>Ἀλλὰ</span> 
     </span>
    </p>
   </div>
   <div class='ocr_carea' id='block_1_24' title="bbox 307 2699 1898 2788">
    <p class='ocr_par' dir='ltr' id='par_1_24' title="bbox 307 2699 1898 2788">
     <span class='ocr_line' id='line_1_24' title="bbox 307 2699 1898 2788; baseline 0.012 -37"><span class='ocrx_word' id='word_1_167' title='bbox 307 2699 472 2752; x_wconf 80' lang='grc' dir='ltr'>τοῦτο</span> <span class='ocrx_word' id='word_1_168' title='bbox 518 2702 620 2775; x_wconf 75' lang='grc' dir='ltr'>μὲν</span> <span class='ocrx_word' id='word_1_169' title='bbox 664 2706 766 2760; x_wconf 90' lang='grc' dir='ltr'>οὐκ</span> <span class='ocrx_word' id='word_1_170' title='bbox 795 2709 1126 2780; x_wconf 76' lang='grc' dir='ltr'>ἠνεσχόμην,</span> <span class='ocrx_word' id='word_1_171' title='bbox 1163 2709 1449 2783; x_wconf 76' lang='grc' dir='ltr'>ἀλλ’ήμην</span> <span class='ocrx_word' id='word_1_172' title='bbox 1503 2713 1562 2767; x_wconf 84' lang='grc' dir='ltr'>ἐν</span> <span class='ocrx_word' id='word_1_173' title='bbox 1629 2713 1708 2784; x_wconf 84' lang='grc' dir='ltr'>τῷ</span> <span class='ocrx_word' id='word_1_174' title='bbox 1765 2733 1898 2788; x_wconf 88' lang='grc' dir='ltr'>προ-</span> 
     </span>
    </p>
   </div>
   <div class='ocr_carea' id='block_1_25' title="bbox 313 2801 1896 2886">
    <p class='ocr_par' dir='ltr' id='par_1_25' title="bbox 313 2801 1896 2886">
     <span class='ocr_line' id='line_1_25' title="bbox 313 2801 1896 2886; baseline 0.009 -32"><span class='ocrx_word' id='word_1_175' title='bbox 313 2801 543 2873; x_wconf 85' lang='grc' dir='ltr'>αστείῳ,</span> <span class='ocrx_word' id='word_1_176' title='bbox 579 2804 729 2857; x_wconf 88' lang='grc' dir='ltr'>οὐδὲν</span> <span class='ocrx_word' id='word_1_177' title='bbox 745 2804 902 2870; x_wconf 87' lang='grc' dir='ltr'>εἰδὼς</span> <span class='ocrx_word' id='word_1_178' title='bbox 925 2807 1035 2862; x_wconf 89' lang='grc' dir='ltr'>τῶν</span> <span class='ocrx_word' id='word_1_179' title='bbox 1061 2808 1200 2879; x_wconf 80' lang='grc' dir='ltr'>μετὰ</span> <span class='ocrx_word' id='word_1_180' title='bbox 1225 2809 1398 2864; x_wconf 84' lang='grc' dir='ltr'>ταῦτα</span> <span class='ocrx_word' id='word_1_181' title='bbox 1419 2813 1896 2886; x_wconf 80' lang='grc' dir='ltr'>κατασκευαζομέ-</span> 
     </span>
    </p>
   </div>
   <div class='ocr_carea' id='block_1_26' title="bbox 318 2905 1896 2990">
    <p class='ocr_par' dir='ltr' id='par_1_26' title="bbox 318 2905 1896 2990">
     <span class='ocr_line' id='line_1_26' title="bbox 318 2905 1896 2990; baseline 0.013 -35"><span class='ocrx_word' id='word_1_182' title='bbox 318 2920 450 2959; x_wconf 89' lang='grc' dir='ltr'>νων.</span> <span class='ocrx_word' id='word_1_183' title='bbox 481 2905 617 2960; x_wconf 81' lang='grc' dir='ltr'>Οὐδὲ</span> <span class='ocrx_word' id='word_1_184' title='bbox 639 2909 797 2962; x_wconf 81' lang='grc' dir='ltr'>τοῦτο</span> <span class='ocrx_word' id='word_1_185' title='bbox 817 2910 1001 2975; x_wconf 86' lang='grc' dir='ltr'>αὐτοῖς</span> <span class='ocrx_word' id='word_1_186' title='bbox 1019 2911 1254 2984; x_wconf 82' lang='grc' dir='ltr'>ήρκεσεν</span> <span class='ocrx_word' id='word_1_187' title='bbox 1274 2916 1356 2979; x_wconf 88' lang='grc' dir='ltr'>εἰς</span> <span class='ocrx_word' id='word_1_188' title='bbox 1382 2914 1444 2970; x_wconf 84' lang='lat'>1:6</span> <span class='ocrx_word' id='word_1_189' title='bbox 1472 2917 1773 2988; x_wconf 80' lang='grc' dir='ltr'>ἀποστῆναι</span> <span class='ocrx_word' id='word_1_190' title='bbox 1797 2920 1896 2990; x_wconf 83' lang='grc' dir='ltr'>τῆς</span> 
     </span>
    </p>
   </div>
   <div class='ocr_carea' id='block_1_27' title="bbox 311 3002 1897 3084">
    <p class='ocr_par' dir='ltr' id='par_1_27' title="bbox 311 3002 1897 3084">
     <span class='ocr_line' id='line_1_27' title="bbox 311 3002 1897 3084; baseline 0.013 -30"><span class='ocrx_word' id='word_1_191' title='bbox 311 3002 441 3056; x_wconf 81' lang='grc' dir='ltr'>καθ’</span> <span class='ocrx_word' id='word_1_192' title='bbox 473 3005 632 3076; x_wconf 70' lang='grc' dir='ltr'>ἡμῶν</span> <span class='ocrx_word' id='word_1_193' title='bbox 657 3008 874 3078; x_wconf 90' lang='grc' dir='ltr'>μανίας.</span> <span class='ocrx_word' id='word_1_194' title='bbox 900 3005 1034 3064; x_wconf 71' lang='grc' dir='ltr'>Εἶτα</span> <span class='ocrx_word' id='word_1_195' title='bbox 1060 3012 1270 3068; x_wconf 84' lang='grc' dir='ltr'>νυκτῶν</span> <span class='ocrx_word' id='word_1_196' title='bbox 1299 3015 1500 3084; x_wconf 80' lang='grc' dir='ltr'>μέσων,</span> <span class='ocrx_word' id='word_1_197' title='bbox 1516 3016 1667 3072; x_wconf 85' lang='grc' dir='ltr'>οὐδὲν</span> <span class='ocrx_word' id='word_1_198' title='bbox 1691 3018 1897 3074; x_wconf 89' lang='grc' dir='ltr'>τούτων</span> 
     </span>
    </p>
   </div>
   <div class='ocr_carea' id='block_1_28' title="bbox 311 3092 1896 3188">
    <p class='ocr_par' dir='ltr' id='par_1_28' title="bbox 311 3092 1896 3188">
     <span class='ocr_line' id='line_1_28' title="bbox 311 3092 1896 3188; baseline 0.012 -34"><span class='ocrx_word' id='word_1_199' title='bbox 311 3092 471 3168; x_wconf 79' lang='grc' dir='ltr'>εἰδὼς</span> <span class='ocrx_word' id='word_1_200' title='bbox 498 3105 699 3174; x_wconf 84' lang='grc' dir='ltr'>(πολὺς</span> <span class='ocrx_word' id='word_1_201' title='bbox 723 3109 832 3180; x_wconf 85' lang='grc' dir='ltr'>γὰρ</span> <span class='ocrx_word' id='word_1_202' title='bbox 860 3111 1111 3164; x_wconf 87' lang='grc' dir='ltr'>ἐπέκειτο</span> <span class='ocrx_word' id='word_1_203' title='bbox 1142 3114 1171 3164; x_wconf 90' lang='lat'>6</span> <span class='ocrx_word' id='word_1_204' title='bbox 1197 3115 1495 3185; x_wconf 76' lang='grc' dir='ltr'>Φαρέτριος</span> <span class='ocrx_word' id='word_1_205' title='bbox 1518 3117 1713 3188; x_wconf 76' lang='grc' dir='ltr'>ἀπειλῇ</span> <span class='ocrx_word' id='word_1_206' title='bbox 1739 3120 1896 3183; x_wconf 49' lang='grc' dir='ltr'>ἀπειέ-</span> 
     </span>
    </p>
   </div>
   <div class='ocr_carea' id='block_1_29' title="bbox 311 3200 1897 3286">
    <p class='ocr_par' dir='ltr' id='par_1_29' title="bbox 311 3200 1897 3286">
     <span class='ocr_line' id='line_1_29' title="bbox 311 3200 1897 3286; baseline 0.013 -31"><span class='ocrx_word' id='word_1_207' title='bbox 311 3200 422 3256; x_wconf 74' lang='grc' dir='ltr'>λιῖιν</span> <span class='ocrx_word' id='word_1_208' title='bbox 445 3205 648 3278; x_wconf 75' lang='grc' dir='ltr'>ἐκείνῃ.</span> <span class='ocrx_word' id='word_1_209' title='bbox 675 3208 858 3273; x_wconf 86' lang='grc' dir='ltr'>καθώς</span> <span class='ocrx_word' id='word_1_210' title='bbox 882 3227 1038 3282; x_wconf 88' lang='grc' dir='ltr'>φησι,</span> <span class='ocrx_word' id='word_1_211' title='bbox 1066 3215 1518 3283; x_wconf 86' lang='grc' dir='ltr'>καταναγκάζων,</span> <span class='ocrx_word' id='word_1_212' title='bbox 1548 3218 1725 3286; x_wconf 85' lang='grc' dir='ltr'>ὠθῶν,</span> <span class='ocrx_word' id='word_1_213' title='bbox 1753 3219 1897 3274; x_wconf 82' lang='grc' dir='ltr'>ὥστε</span> 
     </span>
    </p>
   </div>
   <div class='ocr_carea' id='block_1_30' title="bbox 315 3303 1894 3396">
    <p class='ocr_par' dir='ltr' id='par_1_30' title="bbox 315 3303 1894 3396">
     <span class='ocr_line' id='line_1_30' title="bbox 315 3303 1894 3396; baseline 0.013 -40"><span class='ocrx_word' id='word_1_214' title='bbox 315 3305 473 3375; x_wconf 72' lang='grc' dir='ltr'>ἡμᾶς</span> <span class='ocrx_word' id='word_1_215' title='bbox 507 3303 758 3364; x_wconf 81' lang='grc' dir='ltr'>ἐκϐαλεῖν</span> <span class='ocrx_word' id='word_1_216' title='bbox 797 3311 896 3364; x_wconf 80' lang='grc' dir='ltr'>καὶ</span> <span class='ocrx_word' id='word_1_217' title='bbox 935 3313 1045 3366; x_wconf 89' lang='grc' dir='ltr'>τῶν</span> <span class='ocrx_word' id='word_1_218' title='bbox 1085 3318 1468 3390; x_wconf 83' lang='grc' dir='ltr'>προαστείων),</span> <span class='ocrx_word' id='word_1_219' title='bbox 1496 3321 1556 3373; x_wconf 92' lang='grc' dir='ltr'>οὐ</span> <span class='ocrx_word' id='word_1_220' title='bbox 1587 3321 1829 3392; x_wconf 64' lang='grc' dir='ltr'>φέρουσα</span> <span class='ocrx_word' id='word_1_221' title='bbox 1860 3327 1894 3396; x_wconf 85' lang='grc' dir='ltr'>ή</span> 
     </span>
    </p>
   </div>
   <div class='ocr_carea' id='block_1_31' title="bbox 309 3405 1895 3493">
    <p class='ocr_par' dir='ltr' id='par_1_31' title="bbox 309 3405 1895 3493">
     <span class='ocr_line' id='line_1_31' title="bbox 309 3405 1895 3493; baseline 0.013 -36"><span class='ocrx_word' id='word_1_222' title='bbox 309 3405 455 3474; x_wconf 75' lang='grc' dir='ltr'>γυνὴ</span> <span class='ocrx_word' id='word_1_223' title='bbox 471 3405 571 3477; x_wconf 84' lang='grc' dir='ltr'>τὴν</span> <span class='ocrx_word' id='word_1_224' title='bbox 591 3408 888 3480; x_wconf 79' lang='grc' dir='ltr'>ἐπάχθειαν</span> <span class='ocrx_word' id='word_1_225' title='bbox 902 3413 1200 3480; x_wconf 82' lang='grc' dir='ltr'>αὐτοῦ,οὐκ</span> <span class='ocrx_word' id='word_1_226' title='bbox 1220 3416 1422 3482; x_wconf 88' lang='grc' dir='ltr'>εἰδότος</span> <span class='ocrx_word' id='word_1_227' title='bbox 1445 3421 1472 3471; x_wconf 89' lang='grc' dir='ltr'>ἐ</span> <span class='ocrx_word' id='word_1_228' title='bbox 1478 3419 1609 3488; x_wconf 56' lang='grc' dir='ltr'>μοῠν</span> <span class='ocrx_word' id='word_1_229' title='bbox 1627 3422 1895 3493; x_wconf 86' lang='grc' dir='ltr'>ἐδήλωσεν</span> 
     </span>
    </p>
   </div>
   <div class='ocr_carea' id='block_1_32' title="bbox 313 3504 1896 3594">
    <p class='ocr_par' dir='ltr' id='par_1_32' title="bbox 313 3504 1896 3594">
     <span class='ocr_line' id='line_1_32' title="bbox 313 3504 1896 3594; baseline 0.012 -36"><span class='ocrx_word' id='word_1_230' title='bbox 313 3504 472 3579; x_wconf 78' lang='grc'>[598]</span> <span class='ocrx_word' id='word_1_231' title='bbox 509 3508 730 3573; x_wconf 84' lang='grc' dir='ltr'>αὐτόθι,</span> <span class='ocrx_word' id='word_1_232' title='bbox 763 3512 844 3566; x_wconf 77' lang='grc' dir='ltr'>δτι</span> <span class='ocrx_word' id='word_1_233' title='bbox 873 3513 925 3566; x_wconf 89' lang='grc' dir='ltr'>οί</span> <span class='ocrx_word' id='word_1_234' title='bbox 965 3514 1232 3587; x_wconf 91' lang='grc' dir='ltr'>βάρϐαροι</span> <span class='ocrx_word' id='word_1_235' title='bbox 1265 3519 1596 3586; x_wconf 86' lang='grc' dir='ltr'>ἐπέστησαν,</span> <span class='ocrx_word' id='word_1_236' title='bbox 1644 3524 1896 3594; x_wconf 80' lang='grc' dir='ltr'>αἰσχυνο-</span> 
     </span>
    </p>
   </div>
   <div class='ocr_carea' id='block_1_33' title="bbox 312 3604 1895 3693">
    <p class='ocr_par' dir='ltr' id='par_1_33' title="bbox 312 3604 1895 3693">
     <span class='ocr_line' id='line_1_33' title="bbox 312 3604 1895 3693; baseline 0.01 -31"><span class='ocrx_word' id='word_1_237' title='bbox 312 3604 456 3675; x_wconf 78' lang='grc' dir='ltr'>μένη</span> <span class='ocrx_word' id='word_1_238' title='bbox 479 3606 579 3677; x_wconf 84' lang='grc' dir='ltr'>τὴν</span> <span class='ocrx_word' id='word_1_239' title='bbox 614 3608 859 3682; x_wconf 80' lang='grc' dir='ltr'>ἀνάγκην</span> <span class='ocrx_word' id='word_1_240' title='bbox 907 3615 1192 3689; x_wconf 47' lang='grc' dir='ltr'>εἰπεῖν,,ήν</span> <span class='ocrx_word' id='word_1_241' title='bbox 1223 3617 1534 3688; x_wconf 81' lang='grc' dir='ltr'>ὑπέμεινεν.</span> <span class='ocrx_word' id='word_1_242' title='bbox 1577 3623 1685 3675; x_wconf 80' lang='grc' dir='ltr'>Καὶ</span> <span class='ocrx_word' id='word_1_243' title='bbox 1715 3623 1895 3693; x_wconf 83' lang='grc' dir='ltr'>μέσων</span> 
     </span>
    </p>
   </div>
   <div class='ocr_carea' id='block_1_34' title="bbox 309 3699 1894 3794">
    <p class='ocr_par' dir='ltr' id='par_1_34' title="bbox 309 3699 1894 3794">
     <span class='ocr_line' id='line_1_34' title="bbox 309 3699 1894 3794; baseline 0.013 -38"><span class='ocrx_word' id='word_1_244' title='bbox 309 3705 526 3759; x_wconf 83' lang='grc' dir='ltr'>νυκτῶν</span> <span class='ocrx_word' id='word_1_245' title='bbox 576 3709 830 3764; x_wconf 72' lang='grc' dir='ltr'>εἰσελθὼν</span> <span class='ocrx_word' id='word_1_246' title='bbox 884 3711 1023 3782; x_wconf 84' lang='grc' dir='ltr'>πρός</span> <span class='ocrx_word' id='word_1_247' title='bbox 1060 3731 1128 3784; x_wconf 92' lang='grc' dir='ltr'>με</span> <span class='ocrx_word' id='word_1_248' title='bbox 1159 3699 1392 3787; x_wconf 73' lang='grc' dir='ltr'>Εὐήθιος</span> <span class='ocrx_word' id='word_1_249' title='bbox 1422 3720 1451 3771; x_wconf 90' lang='lat'>6</span> <span class='ocrx_word' id='word_1_250' title='bbox 1500 3721 1894 3794; x_wconf 88' lang='grc' dir='ltr'>πρεσϐύτερος,</span> 
     </span>
    </p>
   </div>
   <div class='ocr_carea' id='block_1_35' title="bbox 315 3805 1896 3896">
    <p class='ocr_par' dir='ltr' id='par_1_35' title="bbox 315 3805 1896 3896">
     <span class='ocr_line' id='line_1_35' title="bbox 315 3805 1896 3896; baseline 0.013 -39"><span class='ocrx_word' id='word_1_251' title='bbox 315 3805 651 3862; x_wconf 87' lang='grc' dir='ltr'>καθεύδοντά</span> <span class='ocrx_word' id='word_1_252' title='bbox 710 3827 777 3878; x_wconf 90' lang='grc' dir='ltr'>με</span> <span class='ocrx_word' id='word_1_253' title='bbox 833 3811 1127 3885; x_wconf 81' lang='grc' dir='ltr'>διεγείρας,</span> <span class='ocrx_word' id='word_1_254' title='bbox 1186 3817 1326 3886; x_wconf 85' lang='grc' dir='ltr'>μετὰ</span> <span class='ocrx_word' id='word_1_255' title='bbox 1374 3819 1577 3890; x_wconf 84' lang='grc' dir='ltr'>πολλῆς</span> <span class='ocrx_word' id='word_1_256' title='bbox 1621 3821 1721 3892; x_wconf 84' lang='grc' dir='ltr'>τῆς</span> <span class='ocrx_word' id='word_1_257' title='bbox 1767 3822 1896 3896; x_wconf 78' lang='grc' dir='ltr'>βοῆς</span> 
     </span>
    </p>
   </div>
   <div class='ocr_carea' id='block_1_36' title="bbox 197 4310 1894 4396">
    <p class='ocr_par' dir='ltr' id='par_1_36' title="bbox 197 4310 1894 4396">
     <span class='ocr_line' id='line_1_36' title="bbox 197 4310 1894 4396; baseline 0.01 -34"><span class='ocrx_word' id='word_1_258' title='bbox 197 4377 202 4380; x_wconf 94' lang='lat'><em>_</em></span> <span class='ocrx_word' id='word_1_259' title='bbox 310 4310 680 4384; x_wconf 82' lang='grc' dir='ltr'>χαλεπώτερα</span> <span class='ocrx_word' id='word_1_260' title='bbox 701 4315 966 4386; x_wconf 83' lang='grc' dir='ltr'>πάθωμεν</span> <span class='ocrx_word' id='word_1_261' title='bbox 1004 4310 1081 4370; x_wconf 82' lang='grc' dir='ltr'>ὧν</span> <span class='ocrx_word' id='word_1_262' title='bbox 1108 4319 1157 4371; x_wconf 82' lang='grc' dir='ltr'>οἰ</span> <span class='ocrx_word' id='word_1_263' title='bbox 1193 4319 1426 4391; x_wconf 85' lang='grc' dir='ltr'>Ἰσαῦροι</span> <span class='ocrx_word' id='word_1_264' title='bbox 1459 4322 1740 4391; x_wconf 80' lang='grc' dir='ltr'>μέλλουσιν</span> <span class='ocrx_word' id='word_1_265' title='bbox 1763 4327 1894 4396; x_wconf 87' lang='grc' dir='ltr'>ήμῖν</span> 
     </span>
    </p>
   </div>
   <div class='ocr_carea' id='block_1_37' title="bbox 306 4411 1893 4495">
    <p class='ocr_par' dir='ltr' id='par_1_37' title="bbox 306 4411 1893 4495">
     <span class='ocr_line' id='line_1_37' title="bbox 306 4411 1893 4495; baseline 0.012 -35"><span class='ocrx_word' id='word_1_266' title='bbox 306 4411 506 4474; x_wconf 84' lang='grc' dir='ltr'>ποιεῖν,</span> <span class='ocrx_word' id='word_1_267' title='bbox 541 4411 851 4480; x_wconf 70' lang='grc' dir='ltr'>ἠνάγκαζεν</span> <span class='ocrx_word' id='word_1_268' title='bbox 883 4414 1104 4481; x_wconf 81' lang='grc' dir='ltr'>ἐξιέναι.</span> <span class='ocrx_word' id='word_1_269' title='bbox 1145 4418 1260 4484; x_wconf 81' lang='grc' dir='ltr'>Νὺξ</span> <span class='ocrx_word' id='word_1_270' title='bbox 1300 4415 1369 4488; x_wconf 78' lang='grc' dir='ltr'>ἦν</span> <span class='ocrx_word' id='word_1_271' title='bbox 1409 4421 1692 4492; x_wconf 83' lang='grc' dir='ltr'>ἁσέληνος,</span> <span class='ocrx_word' id='word_1_272' title='bbox 1730 4425 1764 4495; x_wconf 86' lang='grc' dir='ltr'>ή</span> <span class='ocrx_word' id='word_1_273' title='bbox 1798 4426 1893 4494; x_wconf 81' lang='grc' dir='ltr'>νὺξ</span> 
     </span>
    </p>
   </div>
   <div class='ocr_carea' id='block_1_38' title="bbox 311 4509 1894 4586">
    <p class='ocr_par' dir='ltr' id='par_1_38' title="bbox 311 4509 1894 4586">
     <span class='ocr_line' id='line_1_38' title="bbox 311 4509 1894 4586; baseline 0.013 -25"><span class='ocrx_word' id='word_1_274' title='bbox 311 4510 478 4582; x_wconf 78' lang='grc' dir='ltr'>μέση,</span> <span class='ocrx_word' id='word_1_275' title='bbox 509 4509 775 4579; x_wconf 80' lang='grc' dir='ltr'>ζοφώδης,</span> <span class='ocrx_word' id='word_1_276' title='bbox 811 4519 1056 4586; x_wconf 86' lang='grc' dir='ltr'>σκοτεινή</span> <span class='ocrx_word' id='word_1_277' title='bbox 1076 4534 1089 4546; x_wconf 88' lang='grc'><strong>·</strong></span> <span class='ocrx_word' id='word_1_278' title='bbox 1122 4519 1216 4571; x_wconf 79' lang='grc' dir='ltr'>καὶ</span> <span class='ocrx_word' id='word_1_279' title='bbox 1239 4518 1395 4573; x_wconf 81' lang='grc' dir='ltr'>τοῦτο</span> <span class='ocrx_word' id='word_1_280' title='bbox 1417 4521 1549 4574; x_wconf 87' lang='grc' dir='ltr'>αὐτὸ</span> <span class='ocrx_word' id='word_1_281' title='bbox 1577 4523 1739 4578; x_wconf 85' lang='grc' dir='ltr'>πάλιν</span> <span class='ocrx_word' id='word_1_282' title='bbox 1759 4527 1894 4579; x_wconf 79' lang='grc' dir='ltr'>ἀπο-</span> 
     </span>
    </p>
   </div>
   <div class='ocr_carea' id='block_1_39' title="bbox 309 4607 1893 4693">
    <p class='ocr_par' dir='ltr' id='par_1_39' title="bbox 309 4607 1893 4693">
     <span class='ocr_line' id='line_1_39' title="bbox 309 4607 1893 4693; baseline 0.013 -34"><span class='ocrx_word' id='word_1_283' title='bbox 309 4607 437 4679; x_wconf 85' lang='grc' dir='ltr'>ρίας</span> <span class='ocrx_word' id='word_1_284' title='bbox 466 4607 770 4680; x_wconf 78' lang='grc' dir='ltr'>ἀνάμεστον</span> <span class='ocrx_word' id='word_1_285' title='bbox 795 4608 864 4684; x_wconf 80' lang='grc' dir='ltr'>ἦν</span> <span class='ocrx_word' id='word_1_286' title='bbox 891 4615 1053 4684; x_wconf 79' lang='grc' dir='ltr'>ἡμῖν’</span> <span class='ocrx_word' id='word_1_287' title='bbox 1093 4626 1187 4670; x_wconf 83' lang='grc' dir='ltr'>καὶ</span> <span class='ocrx_word' id='word_1_288' title='bbox 1217 4618 1390 4684; x_wconf 85' lang='grc' dir='ltr'>οὐδεὶς</span> <span class='ocrx_word' id='word_1_289' title='bbox 1418 4623 1446 4674; x_wconf 96' lang='lat'>6</span> <span class='ocrx_word' id='word_1_290' title='bbox 1473 4621 1684 4693; x_wconf 86' lang='grc' dir='ltr'>παρὼν,</span> <span class='ocrx_word' id='word_1_291' title='bbox 1718 4624 1893 4690; x_wconf 79' lang='grc' dir='ltr'>οὐδεὶς</span> 
     </span>
    </p>
   </div>
   <div class='ocr_carea' id='block_1_40' title="bbox 308 4707 1894 4793">
    <p class='ocr_par' dir='ltr' id='par_1_40' title="bbox 308 4707 1894 4793">
     <span class='ocr_line' id='line_1_40' title="bbox 308 4707 1894 4793; baseline 0.013 -34"><span class='ocrx_word' id='word_1_292' title='bbox 308 4709 339 4758; x_wconf 91' lang='lat'>6</span> <span class='ocrx_word' id='word_1_293' title='bbox 366 4707 599 4778; x_wconf 80' lang='grc' dir='ltr'>βοηθῶν,</span> <span class='ocrx_word' id='word_1_294' title='bbox 637 4710 838 4775; x_wconf 88' lang='grc' dir='ltr'>πάντες</span> <span class='ocrx_word' id='word_1_295' title='bbox 863 4715 972 4788; x_wconf 87' lang='grc' dir='ltr'>γὰρ</span> <span class='ocrx_word' id='word_1_296' title='bbox 1004 4717 1152 4786; x_wconf 77' lang='grc' dir='ltr'>ἡμᾶς</span> <span class='ocrx_word' id='word_1_297' title='bbox 1183 4714 1760 4793; x_wconf 82' lang='grc' dir='ltr'>ἐγκατέλιπον.Ὂμως</span> <span class='ocrx_word' id='word_1_298' title='bbox 1789 4726 1894 4780; x_wconf 79' lang='grc' dir='ltr'>ὑπὸ</span> 
     </span>
    </p>
   </div>
   <div class='ocr_carea' id='block_1_41' title="bbox 312 4807 1893 4890">
    <p class='ocr_par' dir='ltr' id='par_1_41' title="bbox 312 4807 1893 4890">
     <span class='ocr_line' id='line_1_41' title="bbox 312 4807 1893 4890; baseline 0.015 -31"><span class='ocrx_word' id='word_1_299' title='bbox 312 4807 406 4860; x_wconf 78' lang='grc' dir='ltr'>τοῦ</span> <span class='ocrx_word' id='word_1_300' title='bbox 450 4809 615 4878; x_wconf 87' lang='grc' dir='ltr'>φόϐου</span> <span class='ocrx_word' id='word_1_301' title='bbox 647 4813 1017 4878; x_wconf 79' lang='grc' dir='ltr'>συνωθισθεὶς.</span> <span class='ocrx_word' id='word_1_302' title='bbox 1054 4819 1150 4869; x_wconf 79' lang='grc' dir='ltr'>καὶ</span> <span class='ocrx_word' id='word_1_303' title='bbox 1181 4820 1492 4888; x_wconf 87' lang='grc' dir='ltr'>προσδοκῶν</span> <span class='ocrx_word' id='word_1_304' title='bbox 1517 4824 1718 4890; x_wconf 84' lang='grc' dir='ltr'>εὐθέως</span> <span class='ocrx_word' id='word_1_305' title='bbox 1755 4828 1893 4883; x_wconf 74' lang='grc' dir='ltr'>ἀπο-ι</span> 
     </span>
    </p>
   </div>
   <div class='ocr_carea' id='block_1_42' title="bbox 310 4907 1893 4995">
    <p class='ocr_par' dir='ltr' id='par_1_42' title="bbox 310 4907 1893 4995">
     <span class='ocr_line' id='line_1_42' title="bbox 310 4907 1893 4995; baseline 0.015 -35"><span class='ocrx_word' id='word_1_306' title='bbox 310 4907 614 4974; x_wconf 86' lang='grc' dir='ltr'>θανεῖσθαι,</span> <span class='ocrx_word' id='word_1_307' title='bbox 665 4911 945 4985; x_wconf 87' lang='grc' dir='ltr'>διανέστην</span> <span class='ocrx_word' id='word_1_308' title='bbox 996 4917 1580 4992; x_wconf 82' lang='grc' dir='ltr'>τεταλαιπωρημένος,</span> <span class='ocrx_word' id='word_1_309' title='bbox 1632 4927 1893 4995; x_wconf 88' lang='grc' dir='ltr'>κελεύσας</span> 
     </span>
    </p>
   </div>
   <div class='ocr_carea' id='block_1_43' title="bbox 307 5008 1893 5097">
    <p class='ocr_par' dir='ltr' id='par_1_43' title="bbox 307 5008 1893 5097">
     <span class='ocr_line' id='line_1_43' title="bbox 307 5008 1893 5097; baseline 0.012 -32"><span class='ocrx_word' id='word_1_310' title='bbox 307 5008 602 5081; x_wconf 82' lang='grc' dir='ltr'>λαμπάδας</span> <span class='ocrx_word' id='word_1_311' title='bbox 630 5014 957 5086; x_wconf 84' lang='grc' dir='ltr'>ἀναφθῆναι.</span> <span class='ocrx_word' id='word_1_312' title='bbox 977 5019 1136 5072; x_wconf 81' lang='grc' dir='ltr'>Ἀλλά</span> <span class='ocrx_word' id='word_1_313' title='bbox 1176 5021 1271 5074; x_wconf 76' lang='grc' dir='ltr'>καὶ</span> <span class='ocrx_word' id='word_1_314' title='bbox 1310 5023 1508 5088; x_wconf 88' lang='grc' dir='ltr'>ταύτας</span> <span class='ocrx_word' id='word_1_315' title='bbox 1535 5028 1564 5079; x_wconf 90' lang='lat'>6</span> <span class='ocrx_word' id='word_1_316' title='bbox 1594 5029 1893 5097; x_wconf 87' lang='grc' dir='ltr'>πρεσϐύτε-</span> 
     </span>
    </p>
   </div>
   <div class='ocr_carea' id='block_1_44' title="bbox 313 5117 1892 5205">
    <p class='ocr_par' dir='ltr' id='par_1_44' title="bbox 313 5117 1892 5205">
     <span class='ocr_line' id='line_1_44' title="bbox 313 5117 1892 5205; baseline 0.014 -37"><span class='ocrx_word' id='word_1_317' title='bbox 313 5131 408 5186; x_wconf 86' lang='grc' dir='ltr'>ρος</span> <span class='ocrx_word' id='word_1_318' title='bbox 427 5117 683 5173; x_wconf 85' lang='grc' dir='ltr'>ἐκέλευσε</span> <span class='ocrx_word' id='word_1_319' title='bbox 707 5119 1051 5187; x_wconf 89' lang='grc' dir='ltr'>σϐέννυσθαι,</span> <span class='ocrx_word' id='word_1_320' title='bbox 1083 5127 1313 5195; x_wconf 88' lang='grc' dir='ltr'>μήποτε,</span> <span class='ocrx_word' id='word_1_321' title='bbox 1339 5130 1522 5199; x_wconf 82' lang='grc' dir='ltr'>φησὶν,</span> <span class='ocrx_word' id='word_1_322' title='bbox 1551 5133 1602 5183; x_wconf 90' lang='grc' dir='ltr'>οἰ</span> <span class='ocrx_word' id='word_1_323' title='bbox 1627 5131 1892 5205; x_wconf 87' lang='grc' dir='ltr'>βάρϐαροι</span> 
     </span>
    </p>
   </div>
   <div class='ocr_carea' id='block_1_45' title="bbox 310 5222 1887 5310">
    <p class='ocr_par' dir='ltr' id='par_1_45' title="bbox 310 5222 1887 5310">
     <span class='ocr_line' id='line_1_45' title="bbox 310 5222 1887 5310; baseline 0.012 -35"><span class='ocrx_word' id='word_1_324' title='bbox 310 5222 392 5294; x_wconf 78' lang='grc' dir='ltr'>τῷ</span> <span class='ocrx_word' id='word_1_325' title='bbox 431 5225 574 5294; x_wconf 76' lang='grc' dir='ltr'>φωτὶ</span> <span class='ocrx_word' id='word_1_326' title='bbox 616 5225 938 5295; x_wconf 87' lang='grc' dir='ltr'>καλούμενοι</span> <span class='ocrx_word' id='word_1_327' title='bbox 979 5227 1116 5300; x_wconf 86' lang='grc' dir='ltr'>πρὸς</span> <span class='ocrx_word' id='word_1_328' title='bbox 1148 5231 1316 5300; x_wconf 77' lang='grc' dir='ltr'>ἡμᾶς,</span> <span class='ocrx_word' id='word_1_329' title='bbox 1350 5233 1676 5290; x_wconf 87' lang='grc' dir='ltr'>ἐπιτεθῶσιν</span> <span class='ocrx_word' id='word_1_330' title='bbox 1721 5241 1887 5310; x_wconf 79' lang='grc' dir='ltr'>ἡμῖν·</span> 
     </span>
    </p>
   </div>
   <div class='ocr_carea' id='block_1_46' title="bbox 311 5327 1892 5418">
    <p class='ocr_par' dir='ltr' id='par_1_46' title="bbox 311 5327 1892 5418">
     <span class='ocr_line' id='line_1_46' title="bbox 311 5327 1892 5418; baseline 0.013 -38"><span class='ocrx_word' id='word_1_331' title='bbox 311 5327 650 5400; x_wconf 87' lang='grc' dir='ltr'>ἐσϐέσθησαν</span> <span class='ocrx_word' id='word_1_332' title='bbox 677 5333 772 5384; x_wconf 82' lang='grc' dir='ltr'>καὶ</span> <span class='ocrx_word' id='word_1_333' title='bbox 799 5333 854 5385; x_wconf 86' lang='grc' dir='ltr'>αἰ</span> <span class='ocrx_word' id='word_1_334' title='bbox 883 5333 1181 5403; x_wconf 84' lang='grc' dir='ltr'>λαμπάδες.</span> <span class='ocrx_word' id='word_1_335' title='bbox 1214 5330 1348 5390; x_wconf 77' lang='grc' dir='ltr'>Εἶτα</span> <span class='ocrx_word' id='word_1_336' title='bbox 1375 5340 1404 5391; x_wconf 92' lang='lat'>6</span> <span class='ocrx_word' id='word_1_337' title='bbox 1429 5339 1632 5412; x_wconf 89' lang='grc' dir='ltr'>βόρδων</span> <span class='ocrx_word' id='word_1_338' title='bbox 1655 5345 1685 5396; x_wconf 93' lang='lat'>6</span> <span class='ocrx_word' id='word_1_339' title='bbox 1708 5344 1892 5418; x_wconf 80' lang='grc' dir='ltr'>φέρων</span> 
     </span>
    </p>
   </div>
   <div class='ocr_carea' id='block_1_47' title="bbox 310 5432 1890 5519">
    <p class='ocr_par' dir='ltr' id='par_1_47' title="bbox 310 5432 1890 5519">
     <span class='ocr_line' id='line_1_47' title="bbox 310 5432 1890 5519; baseline 0.011 -35"><span class='ocrx_word' id='word_1_340' title='bbox 310 5432 470 5503; x_wconf 82' lang='grc' dir='ltr'>ήμῶν</span> <span class='ocrx_word' id='word_1_341' title='bbox 516 5435 577 5486; x_wconf 82' lang='grc' dir='ltr'>τὸ</span> <span class='ocrx_word' id='word_1_342' title='bbox 612 5435 882 5489; x_wconf 88' lang='grc' dir='ltr'>λεκτίκιον</span> <span class='ocrx_word' id='word_1_343' title='bbox 913 5436 1175 5509; x_wconf 90' lang='grc' dir='ltr'>(τραχεῖα</span> <span class='ocrx_word' id='word_1_344' title='bbox 1212 5440 1321 5513; x_wconf 85' lang='grc' dir='ltr'>γὰρ</span> <span class='ocrx_word' id='word_1_345' title='bbox 1347 5438 1416 5513; x_wconf 79' lang='grc' dir='ltr'>ἧν</span> <span class='ocrx_word' id='word_1_346' title='bbox 1445 5445 1652 5518; x_wconf 81' lang='grc' dir='ltr'>σφόδρα</span> <span class='ocrx_word' id='word_1_347' title='bbox 1688 5450 1722 5519; x_wconf 92' lang='grc' dir='ltr'>ή</span> <span class='ocrx_word' id='word_1_348' title='bbox 1750 5449 1890 5515; x_wconf 84' lang='grc' dir='ltr'>ὁδὸς,</span> 
     </span>
    </p>
   </div>
   <div class='ocr_carea' id='block_1_48' title="bbox 311 5538 1894 5620">
    <p class='ocr_par' dir='ltr' id='par_1_48' title="bbox 311 5538 1894 5620">
     <span class='ocr_line' id='line_1_48' title="bbox 311 5538 1894 5620; baseline 0.009 -26"><span class='ocrx_word' id='word_1_349' title='bbox 311 5538 409 5594; x_wconf 77' lang='grc' dir='ltr'>καὶ</span> <span class='ocrx_word' id='word_1_350' title='bbox 434 5539 669 5612; x_wconf 80' lang='grc' dir='ltr'>ἀνάντης</span> <span class='ocrx_word' id='word_1_351' title='bbox 692 5542 788 5596; x_wconf 75' lang='grc' dir='ltr'>καὶ</span> <span class='ocrx_word' id='word_1_352' title='bbox 814 5541 1087 5614; x_wconf 87' lang='grc' dir='ltr'>λιθώδης),</span> <span class='ocrx_word' id='word_1_353' title='bbox 1114 5546 1455 5617; x_wconf 77' lang='grc' dir='ltr'>κατενεχθεὶς</span> <span class='ocrx_word' id='word_1_354' title='bbox 1482 5551 1574 5603; x_wconf 76' lang='grc' dir='ltr'>ἐπὶ</span> <span class='ocrx_word' id='word_1_355' title='bbox 1597 5551 1746 5620; x_wconf 87' lang='grc' dir='ltr'>γόνυ,</span> <span class='ocrx_word' id='word_1_356' title='bbox 1770 5571 1894 5608; x_wconf 85' lang='grc' dir='ltr'>κατ-</span> 
     </span>
    </p>
   </div>
   <div class='ocr_carea' id='block_1_49' title="bbox 311 5629 1892 5729">
    <p class='ocr_par' dir='ltr' id='par_1_49' title="bbox 311 5629 1892 5729">
     <span class='ocr_line' id='line_1_49' title="bbox 311 5629 1892 5729; baseline 0.011 -32"><span class='ocrx_word' id='word_1_357' title='bbox 311 5644 515 5717; x_wconf 80' lang='grc' dir='ltr'>ήνεγκέ</span> <span class='ocrx_word' id='word_1_358' title='bbox 570 5665 638 5718; x_wconf 88' lang='grc' dir='ltr'>με</span> <span class='ocrx_word' id='word_1_359' title='bbox 687 5629 833 5702; x_wconf 73' lang='grc' dir='ltr'>ἔνδον</span> <span class='ocrx_word' id='word_1_360' title='bbox 877 5649 1038 5716; x_wconf 75' lang='grc' dir='ltr'>ὄντα,</span> <span class='ocrx_word' id='word_1_361' title='bbox 1090 5651 1184 5705; x_wconf 73' lang='grc' dir='ltr'>καὶ</span> <span class='ocrx_word' id='word_1_362' title='bbox 1235 5653 1434 5724; x_wconf 82' lang='grc' dir='ltr'>μικροῦ</span> <span class='ocrx_word' id='word_1_363' title='bbox 1477 5656 1621 5722; x_wconf 88' lang='grc' dir='ltr'>δεῖν,</span> <span class='ocrx_word' id='word_1_364' title='bbox 1670 5657 1892 5729; x_wconf 77' lang='grc' dir='ltr'>ἔμελλον</span> 
     </span>
    </p>
   </div>
   <div class='ocr_carea' id='block_1_50' title="bbox 312 5748 1886 5838">
    <p class='ocr_par' dir='ltr' id='par_1_50' title="bbox 312 5748 1886 5838">
     <span class='ocr_line' id='line_1_50' title="bbox 312 5748 1886 5838; baseline 0.014 -35"><span class='ocrx_word' id='word_1_365' title='bbox 312 5750 668 5823; x_wconf 78' lang='grc' dir='ltr'>ἀπόλλυσθαι,</span> <span class='ocrx_word' id='word_1_366' title='bbox 684 5748 806 5812; x_wconf 75' lang='grc' dir='ltr'>εἶτα</span> <span class='ocrx_word' id='word_1_367' title='bbox 829 5755 1164 5828; x_wconf 85' lang='grc' dir='ltr'>ἐκπηδήσας,</span> <span class='ocrx_word' id='word_1_368' title='bbox 1188 5758 1483 5830; x_wconf 84' lang='grc' dir='ltr'>συρόμενος</span> <span class='ocrx_word' id='word_1_369' title='bbox 1501 5765 1886 5838; x_wconf 81' lang='grc' dir='ltr'>περιεπάτουν,</span> 
     </span>
    </p>
   </div>
   <div class='ocr_carea' id='block_1_51' title="bbox 1715 371 2104 432">
    <p class='ocr_par' dir='ltr' id='par_1_51' title="bbox 1715 371 2104 432">
     <span class='ocr_line' id='line_1_51' title="bbox 1715 371 2104 432; baseline -0.003 -2"><span class='ocrx_word' id='word_1_370' title='bbox 1715 371 2104 432; x_wconf 68' lang='lat' dir='ltr'>EPISTOLE.</span> 
     </span>
    </p>
   </div>
   <div class='ocr_carea' id='block_1_52' title="bbox 3492 366 3605 428">
    <p class='ocr_par' dir='ltr' id='par_1_52' title="bbox 3492 366 3605 428">
     <span class='ocr_line' id='line_1_52' title="bbox 3492 366 3605 428; baseline -0.035 1"><span class='ocrx_word' id='word_1_371' title='bbox 3492 366 3605 428; x_wconf 77' lang='grc' dir='ltr'>θίθ</span> 
     </span>
    </p>
   </div>
   <div class='ocr_carea' id='block_1_53' title="bbox 2017 488 3600 572">
    <p class='ocr_par' dir='ltr' id='par_1_53' title="bbox 2017 488 3600 572">
     <span class='ocr_line' id='line_1_53' title="bbox 2017 488 3600 572; baseline 0.006 -29"><span class='ocrx_word' id='word_1_372' title='bbox 2017 490 2123 544; x_wconf 81' lang='lat'><em>61:6</em></span> <span class='ocrx_word' id='word_1_373' title='bbox 2144 489 2379 562; x_wconf 82' lang='grc' dir='ltr'>Εὐηθίου</span> <span class='ocrx_word' id='word_1_374' title='bbox 2399 488 2497 545; x_wconf 81' lang='grc' dir='ltr'>τοῦ</span> <span class='ocrx_word' id='word_1_375' title='bbox 2531 490 2906 562; x_wconf 83' lang='grc' dir='ltr'>πρεσϐυτέρου</span> <span class='ocrx_word' id='word_1_376' title='bbox 2937 494 3301 566; x_wconf 81' lang='grc' dir='ltr'>κατεχόμενος</span> <span class='ocrx_word' id='word_1_377' title='bbox 3325 495 3600 572; x_wconf 76' lang='grc' dir='ltr'>(κατεπή-</span> 
     </span>
    </p>
   </div>
   <div class='ocr_carea' id='block_1_54' title="bbox 2011 595 3604 677">
    <p class='ocr_par' dir='ltr' id='par_1_54' title="bbox 2011 595 3604 677">
     <span class='ocr_line' id='line_1_54' title="bbox 2011 595 3604 677; baseline 0.006 -27"><span class='ocrx_word' id='word_1_378' title='bbox 2011 595 2144 666; x_wconf 89' lang='grc' dir='ltr'>δησε</span> <span class='ocrx_word' id='word_1_379' title='bbox 2174 595 2284 666; x_wconf 78' lang='grc' dir='ltr'>γάρ</span> <span class='ocrx_word' id='word_1_380' title='bbox 2311 597 2407 651; x_wconf 81' lang='grc' dir='ltr'>καὶ</span> <span class='ocrx_word' id='word_1_381' title='bbox 2434 597 2598 661; x_wconf 80' lang='grc' dir='ltr'>αὐτὸς</span> <span class='ocrx_word' id='word_1_382' title='bbox 2619 596 2715 652; x_wconf 78' lang='grc' dir='ltr'>τοῦ</span> <span class='ocrx_word' id='word_1_383' title='bbox 2740 597 3086 671; x_wconf 79' lang='grc' dir='ltr'>ὑποζυγίου),</span> <span class='ocrx_word' id='word_1_384' title='bbox 3118 600 3212 656; x_wconf 74' lang='grc' dir='ltr'>καὶ</span> <span class='ocrx_word' id='word_1_385' title='bbox 3238 601 3416 666; x_wconf 72' lang='grc' dir='ltr'>οὕτως</span> <span class='ocrx_word' id='word_1_386' title='bbox 3440 619 3604 677; x_wconf 81' lang='grc' dir='ltr'>χειρ-</span> 
     </span>
    </p>
   </div>
   <div class='ocr_carea' id='block_1_55' title="bbox 2011 697 3602 776">
    <p class='ocr_par' dir='ltr' id='par_1_55' title="bbox 2011 697 3602 776">
     <span class='ocr_line' id='line_1_55' title="bbox 2011 697 3602 776; baseline 0.006 -25"><span class='ocrx_word' id='word_1_387' title='bbox 2011 697 2398 767; x_wconf 84' lang='grc' dir='ltr'>αγωγούμενος</span> <span class='ocrx_word' id='word_1_388' title='bbox 2437 698 2706 765; x_wconf 85' lang='grc' dir='ltr'>ἐϐάδιζον,</span> <span class='ocrx_word' id='word_1_389' title='bbox 2753 701 2955 771; x_wconf 75' lang='grc' dir='ltr'>μᾶλλον</span> <span class='ocrx_word' id='word_1_390' title='bbox 2999 702 3060 756; x_wconf 77' lang='grc' dir='ltr'>δέ</span> <span class='ocrx_word' id='word_1_391' title='bbox 3110 702 3403 776; x_wconf 68' lang='grc' dir='ltr'>ἑλκόμενος</span> <span class='ocrx_word' id='word_1_392' title='bbox 3422 722 3437 738; x_wconf 74' lang='grc'><strong><em>⁸</em></strong></span> <span class='ocrx_word' id='word_1_393' title='bbox 3471 705 3602 761; x_wconf 75' lang='grc' dir='ltr'>οὐτε</span> 
     </span>
    </p>
   </div>
   <div class='ocr_carea' id='block_1_56' title="bbox 2011 797 3599 884">
    <p class='ocr_par' dir='ltr' id='par_1_56' title="bbox 2011 797 3599 884">
     <span class='ocr_line' id='line_1_56' title="bbox 2011 797 3599 884; baseline 0.009 -32"><span class='ocrx_word' id='word_1_394' title='bbox 2011 799 2122 871; x_wconf 82' lang='grc' dir='ltr'>γάρ</span> <span class='ocrx_word' id='word_1_395' title='bbox 2172 800 2409 881; x_wconf 82' lang='grc' dir='ltr'>βαδίζειν</span> <span class='ocrx_word' id='word_1_396' title='bbox 2451 797 2522 874; x_wconf 77' lang='grc' dir='ltr'>ἦν</span> <span class='ocrx_word' id='word_1_397' title='bbox 2569 804 2651 868; x_wconf 92' lang='grc' dir='ltr'>εἰς</span> <span class='ocrx_word' id='word_1_398' title='bbox 2693 805 2965 877; x_wconf 84' lang='grc' dir='ltr'>τοσαύτην</span> <span class='ocrx_word' id='word_1_399' title='bbox 3010 807 3466 879; x_wconf 73' lang='grc' dir='ltr'>δυσχωρίαν,’καὶ</span> <span class='ocrx_word' id='word_1_400' title='bbox 3492 810 3599 884; x_wconf 74' lang='grc' dir='ltr'>ὄρη</span> 
     </span>
    </p>
   </div>
   <div class='ocr_carea' id='block_1_57' title="bbox 2010 903 3603 983">
    <p class='ocr_par' dir='ltr' id='par_1_57' title="bbox 2010 903 3603 983">
     <span class='ocr_line' id='line_1_57' title="bbox 2010 903 3603 983; baseline 0.007 -27"><span class='ocrx_word' id='word_1_401' title='bbox 2010 903 2248 975; x_wconf 84' lang='grc' dir='ltr'>χαλεπά.</span> <span class='ocrx_word' id='word_1_402' title='bbox 2272 907 2332 959; x_wconf 89' lang='grc' dir='ltr'>ἐν</span> <span class='ocrx_word' id='word_1_403' title='bbox 2353 907 2509 961; x_wconf 81' lang='grc' dir='ltr'>νυκτὶ</span> <span class='ocrx_word' id='word_1_404' title='bbox 2533 906 2701 982; x_wconf 73' lang='grc' dir='ltr'>μέση.</span> <span class='ocrx_word' id='word_1_405' title='bbox 2717 907 3001 980; x_wconf 82' lang='grc' dir='ltr'>Ἐννόησον</span> <span class='ocrx_word' id='word_1_406' title='bbox 3025 910 3080 963; x_wconf 88' lang='grc' dir='ltr'>τί</span> <span class='ocrx_word' id='word_1_407' title='bbox 3107 927 3177 982; x_wconf 89' lang='grc' dir='ltr'>με</span> <span class='ocrx_word' id='word_1_408' title='bbox 3199 911 3431 983; x_wconf 82' lang='grc' dir='ltr'>πάσχειν</span> <span class='ocrx_word' id='word_1_409' title='bbox 3451 911 3603 978; x_wconf 75' lang='grc' dir='ltr'>εἰκὸς</span> 
     </span>
    </p>
   </div>
   <div class='ocr_carea' id='block_1_58' title="bbox 2008 1002 3600 1087">
    <p class='ocr_par' dir='ltr' id='par_1_58' title="bbox 2008 1002 3600 1087">
     <span class='ocr_line' id='line_1_58' title="bbox 2008 1002 3600 1087; baseline 0.007 -27"><span class='ocrx_word' id='word_1_410' title='bbox 2008 1002 2079 1078; x_wconf 79' lang='grc' dir='ltr'>ἦν</span> <span class='ocrx_word' id='word_1_411' title='bbox 2122 1009 2398 1075; x_wconf 81' lang='grc' dir='ltr'>τοσούτοις</span> <span class='ocrx_word' id='word_1_412' title='bbox 2436 1010 2794 1082; x_wconf 88' lang='grc' dir='ltr'>συνεχόμενον</span> <span class='ocrx_word' id='word_1_413' title='bbox 2829 1015 3041 1081; x_wconf 85' lang='grc' dir='ltr'>κακοῖς,</span> <span class='ocrx_word' id='word_1_414' title='bbox 3076 1015 3171 1068; x_wconf 81' lang='grc' dir='ltr'>καὶ</span> <span class='ocrx_word' id='word_1_415' title='bbox 3211 1013 3309 1069; x_wconf 80' lang='grc' dir='ltr'>τοῦ</span> <span class='ocrx_word' id='word_1_416' title='bbox 3360 1015 3600 1087; x_wconf 87' lang='grc' dir='ltr'>πυρετοῦ</span> 
     </span>
    </p>
   </div>
   <div class='ocr_carea' id='block_1_59' title="bbox 2011 1113 3597 1196">
    <p class='ocr_par' dir='ltr' id='par_1_59' title="bbox 2011 1113 3597 1196">
     <span class='ocr_line' id='line_1_59' title="bbox 2011 1113 3597 1196; baseline 0.007 -32"><span class='ocrx_word' id='word_1_417' title='bbox 2011 1113 2388 1183; x_wconf 80' lang='grc' dir='ltr'>ἐπικειμένου,</span> <span class='ocrx_word' id='word_1_418' title='bbox 2443 1115 2613 1186; x_wconf 70' lang='grc' dir='ltr'>μηδὲν</span> <span class='ocrx_word' id='word_1_419' title='bbox 2658 1115 2838 1169; x_wconf 89' lang='grc' dir='ltr'>εἰδότα</span> <span class='ocrx_word' id='word_1_420' title='bbox 2885 1117 2998 1172; x_wconf 87' lang='grc' dir='ltr'>τῶν</span> <span class='ocrx_word' id='word_1_421' title='bbox 3047 1119 3597 1196; x_wconf 75' lang='grc' dir='ltr'>κατεσκευασμένων,</span> 
     </span>
    </p>
   </div>
   <div class='ocr_carea' id='block_1_60' title="bbox 2008 1213 3602 1292">
    <p class='ocr_par' dir='ltr' id='par_1_60' title="bbox 2008 1213 3602 1292">
     <span class='ocr_line' id='line_1_60' title="bbox 2008 1213 3602 1292; baseline 0.005 -25"><span class='ocrx_word' id='word_1_422' title='bbox 2008 1213 2147 1268; x_wconf 82' lang='grc' dir='ltr'>ἀλλὰ</span> <span class='ocrx_word' id='word_1_423' title='bbox 2190 1215 2470 1271; x_wconf 85' lang='grc' dir='ltr'>δεδοικότα</span> <span class='ocrx_word' id='word_1_424' title='bbox 2513 1218 2641 1282; x_wconf 79' lang='grc' dir='ltr'>τοὺς</span> <span class='ocrx_word' id='word_1_425' title='bbox 2687 1218 3020 1289; x_wconf 84' lang='grc' dir='ltr'>βαρϐάρους,</span> <span class='ocrx_word' id='word_1_426' title='bbox 3048 1221 3146 1275; x_wconf 75' lang='grc' dir='ltr'>καὶ</span> <span class='ocrx_word' id='word_1_427' title='bbox 3175 1222 3470 1292; x_wconf 81' lang='grc' dir='ltr'>τρέμοντα,</span> <span class='ocrx_word' id='word_1_428' title='bbox 3501 1221 3602 1277; x_wconf 76' lang='grc' dir='ltr'>καὶ</span> 
     </span>
    </p>
   </div>
   <div class='ocr_carea' id='block_1_61' title="bbox 2008 1319 3600 1400">
    <p class='ocr_par' dir='ltr' id='par_1_61' title="bbox 2008 1319 3600 1400">
     <span class='ocr_line' id='line_1_61' title="bbox 2008 1319 3600 1400; baseline 0.006 -30"><span class='ocrx_word' id='word_1_429' title='bbox 2008 1319 2410 1389; x_wconf 81' lang='grc' dir='ltr'>προσδοκῶντα,</span> <span class='ocrx_word' id='word_1_430' title='bbox 2434 1322 2517 1384; x_wconf 84' lang='grc' dir='ltr'>εἰς</span> <span class='ocrx_word' id='word_1_431' title='bbox 2542 1321 2645 1385; x_wconf 80' lang='grc' dir='ltr'>τάς</span> <span class='ocrx_word' id='word_1_432' title='bbox 2673 1325 2859 1394; x_wconf 87' lang='grc' dir='ltr'>χεῖρας</span> <span class='ocrx_word' id='word_1_433' title='bbox 2895 1323 3079 1378; x_wconf 88' lang='grc' dir='ltr'>αὐτῶν</span> <span class='ocrx_word' id='word_1_434' title='bbox 3105 1327 3485 1400; x_wconf 78' lang='grc' dir='ltr'>ἐμπεσεῖσθαι.</span> <span class='ocrx_word' id='word_1_435' title='bbox 3521 1327 3600 1380; x_wconf 82' lang='grc' dir='ltr'>Οὐ</span> 
     </span>
    </p>
   </div>
   <div class='ocr_carea' id='block_1_62' title="bbox 2008 1414 3604 1499">
    <p class='ocr_par' dir='ltr' id='par_1_62' title="bbox 2008 1414 3604 1499">
     <span class='ocr_line' id='line_1_62' title="bbox 2008 1414 3604 1499; baseline 0.005 -26"><span class='ocrx_word' id='word_1_436' title='bbox 2008 1420 2156 1474; x_wconf 88' lang='grc' dir='ltr'>δοκεῖ</span> <span class='ocrx_word' id='word_1_437' title='bbox 2181 1438 2265 1475; x_wconf 92' lang='grc' dir='ltr'>σοι</span> <span class='ocrx_word' id='word_1_438' title='bbox 2293 1423 2431 1494; x_wconf 88' lang='grc' dir='ltr'>μόνα</span> <span class='ocrx_word' id='word_1_439' title='bbox 2449 1422 2621 1479; x_wconf 82' lang='grc' dir='ltr'>ταῦτα</span> <span class='ocrx_word' id='word_1_440' title='bbox 2645 1425 2714 1478; x_wconf 81' lang='grc' dir='ltr'>τά</span> <span class='ocrx_word' id='word_1_441' title='bbox 2741 1425 3068 1496; x_wconf 82' lang='grc' dir='ltr'>παθήματα,</span> <span class='ocrx_word' id='word_1_442' title='bbox 3090 1429 3140 1481; x_wconf 88' lang='grc' dir='ltr'>εἰ</span> <span class='ocrx_word' id='word_1_443' title='bbox 3161 1429 3257 1483; x_wconf 80' lang='grc' dir='ltr'>καὶ</span> <span class='ocrx_word' id='word_1_444' title='bbox 3283 1429 3451 1499; x_wconf 81' lang='grc' dir='ltr'>μηδὲν</span> <span class='ocrx_word' id='word_1_445' title='bbox 3465 1414 3604 1483; x_wconf 64' lang='grc' dir='ltr'>ἄλλο</span> 
     </span>
    </p>
   </div>
   <div class='ocr_carea' id='block_1_63' title="bbox 2013 1523 3601 1599">
    <p class='ocr_par' dir='ltr' id='par_1_63' title="bbox 2013 1523 3601 1599">
     <span class='ocr_line' id='line_1_63' title="bbox 2013 1523 3601 1599; baseline 0.006 -24"><span class='ocrx_word' id='word_1_446' title='bbox 2013 1539 2104 1592; x_wconf 90' lang='grc' dir='ltr'>μοι</span> <span class='ocrx_word' id='word_1_447' title='bbox 2148 1523 2337 1595; x_wconf 71' lang='grc' dir='ltr'>ἕτερον</span> <span class='ocrx_word' id='word_1_448' title='bbox 2371 1526 2732 1598; x_wconf 90' lang='grc' dir='ltr'>συμϐεϐήκοι,</span> <span class='ocrx_word' id='word_1_449' title='bbox 2765 1528 2938 1581; x_wconf 81' lang='grc' dir='ltr'>πολλὰ</span> <span class='ocrx_word' id='word_1_450' title='bbox 2984 1528 3143 1599; x_wconf 80' lang='grc' dir='ltr'>ἡμῶν</span> <span class='ocrx_word' id='word_1_451' title='bbox 3181 1529 3442 1584; x_wconf 90' lang='grc' dir='ltr'>δύνασθαι</span> <span class='ocrx_word' id='word_1_452' title='bbox 3481 1530 3601 1584; x_wconf 84' lang='grc' dir='ltr'>δια-</span> 
     </span>
    </p>
   </div>
   <div class='ocr_carea' id='block_1_64' title="bbox 2008 1614 3602 1707">
    <p class='ocr_par' dir='ltr' id='par_1_64' title="bbox 2008 1614 3602 1707">
     <span class='ocr_line' id='line_1_64' title="bbox 2008 1614 3602 1707; baseline 0.008 -30"><span class='ocrx_word' id='word_1_453' title='bbox 2008 1624 2155 1680; x_wconf 90' lang='grc' dir='ltr'>λύειν</span> <span class='ocrx_word' id='word_1_454' title='bbox 2189 1627 2298 1680; x_wconf 89' lang='grc' dir='ltr'>τῶν</span> <span class='ocrx_word' id='word_1_455' title='bbox 2328 1614 2762 1701; x_wconf 87' lang='grc' dir='ltr'>άμαρτημάτων,</span> <span class='ocrx_word' id='word_1_456' title='bbox 2807 1633 2902 1685; x_wconf 76' lang='grc' dir='ltr'>καὶ</span> <span class='ocrx_word' id='word_1_457' title='bbox 2948 1632 3151 1704; x_wconf 83' lang='grc' dir='ltr'>πολλήν</span> <span class='ocrx_word' id='word_1_458' title='bbox 3199 1651 3290 1705; x_wconf 85' lang='grc' dir='ltr'>μοι</span> <span class='ocrx_word' id='word_1_459' title='bbox 3337 1635 3602 1707; x_wconf 80' lang='grc' dir='ltr'>παρέχειν</span> 
     </span>
    </p>
   </div>
   <div class='ocr_carea' id='block_1_65' title="bbox 2008 1731 3603 1806">
    <p class='ocr_par' dir='ltr' id='par_1_65' title="bbox 2008 1731 3603 1806">
     <span class='ocr_line' id='line_1_65' title="bbox 2008 1731 3603 1806; baseline 0.005 -23"><span class='ocrx_word' id='word_1_460' title='bbox 2008 1731 2413 1803; x_wconf 88' lang='grc' dir='ltr'>εὐδοκιμήσεως</span> <span class='ocrx_word' id='word_1_461' title='bbox 2440 1735 2730 1806; x_wconf 75' lang='grc' dir='ltr'>άφορμήνς</span> <span class='ocrx_word' id='word_1_462' title='bbox 2771 1736 2846 1788; x_wconf 86' lang='lat' dir='ltr'><em>T6</em></span> <span class='ocrx_word' id='word_1_463' title='bbox 2881 1735 2940 1788; x_wconf 83' lang='grc' dir='ltr'>δέ</span> <span class='ocrx_word' id='word_1_464' title='bbox 2983 1737 3184 1803; x_wconf 80' lang='grc' dir='ltr'>αἴτιον,</span> <span class='ocrx_word' id='word_1_465' title='bbox 3214 1737 3292 1800; x_wconf 85' lang='grc' dir='ltr'>ὡς</span> <span class='ocrx_word' id='word_1_466' title='bbox 3318 1736 3496 1806; x_wconf 72' lang='grc' dir='ltr'>ἔγωγε</span> <span class='ocrx_word' id='word_1_467' title='bbox 3520 1733 3603 1791; x_wconf 81' lang='grc' dir='ltr'>οῐο</span> 
     </span>
    </p>
   </div>
   <div class='ocr_carea' id='block_1_66' title="bbox 2011 1835 3602 1912">
    <p class='ocr_par' dir='ltr' id='par_1_66' title="bbox 2011 1835 3602 1912">
     <span class='ocr_line' id='line_1_66' title="bbox 2011 1835 3602 1912; baseline 0.006 -26"><span class='ocrx_word' id='word_1_468' title='bbox 2011 1851 2131 1904; x_wconf 86' lang='grc' dir='ltr'>μαι,</span> <span class='ocrx_word' id='word_1_469' title='bbox 2160 1835 2363 1899; x_wconf 89' lang='grc' dir='ltr'>πάντες</span> <span class='ocrx_word' id='word_1_470' title='bbox 2407 1836 2609 1900; x_wconf 84' lang='grc' dir='ltr'>εὐθέως</span> <span class='ocrx_word' id='word_1_471' title='bbox 2647 1837 2958 1892; x_wconf 81' lang='grc' dir='ltr'>εἰσελθόντα</span> <span class='ocrx_word' id='word_1_472' title='bbox 2985 1857 3056 1910; x_wconf 91' lang='grc' dir='ltr'>με</span> <span class='ocrx_word' id='word_1_473' title='bbox 3097 1842 3157 1894; x_wconf 88' lang='grc' dir='ltr'>ἐν</span> <span class='ocrx_word' id='word_1_474' title='bbox 3186 1841 3519 1912; x_wconf 71' lang='grc' dir='ltr'>Καισαρείᾳ,</span> <span class='ocrx_word' id='word_1_475' title='bbox 3549 1842 3602 1896; x_wconf 81' lang='grc' dir='ltr'>οι</span> 
     </span>
    </p>
   </div>
   <div class='ocr_carea' id='block_1_67' title="bbox 2006 1936 3600 2017">
    <p class='ocr_par' dir='ltr' id='par_1_67' title="bbox 2006 1936 3600 2017">
     <span class='ocr_line' id='line_1_67' title="bbox 2006 1936 3600 2017; baseline 0.008 -29"><span class='ocrx_word' id='word_1_476' title='bbox 2006 1938 2065 1990; x_wconf 85' lang='grc' dir='ltr'>ἐν</span> <span class='ocrx_word' id='word_1_477' title='bbox 2108 1936 2434 2008; x_wconf 76' lang='grc' dir='ltr'>ἀξιώμασιν,</span> <span class='ocrx_word' id='word_1_478' title='bbox 2469 1941 2519 1993; x_wconf 85' lang='grc' dir='ltr'>οί</span> <span class='ocrx_word' id='word_1_479' title='bbox 2575 1939 2686 1994; x_wconf 86' lang='grc' dir='ltr'>άπὺ</span> <span class='ocrx_word' id='word_1_480' title='bbox 2739 1942 3028 2013; x_wconf 82' lang='grc' dir='ltr'>βικαρίων,</span> <span class='ocrx_word' id='word_1_481' title='bbox 3071 1945 3122 1996; x_wconf 82' lang='grc' dir='ltr'>οἰ</span> <span class='ocrx_word' id='word_1_482' title='bbox 3160 1943 3271 1997; x_wconf 78' lang='grc' dir='ltr'>ἀπὸ</span> <span class='ocrx_word' id='word_1_483' title='bbox 3312 1945 3600 2017; x_wconf 73' lang='grc' dir='ltr'>ἡγεμόνων</span> 
     </span>
    </p>
   </div>
   <div class='ocr_carea' id='block_1_68' title="bbox 2008 2043 3602 2134">
    <p class='ocr_par' dir='ltr' id='par_1_68' title="bbox 2008 2043 3602 2134">
     <span class='ocr_line' id='line_1_68' title="bbox 2008 2043 3602 2134; baseline 0.006 -41"><span class='ocrx_word' id='word_1_484' title='bbox 2008 2043 2279 2110; x_wconf 77' lang='grc' dir='ltr'>σοφισταὶ,</span> <span class='ocrx_word' id='word_1_485' title='bbox 2314 2044 2363 2095; x_wconf 90' lang='grc' dir='ltr'>οἰ</span> <span class='ocrx_word' id='word_1_486' title='bbox 2394 2043 2505 2096; x_wconf 82' lang='grc' dir='ltr'>ἀπὸ</span> <span class='ocrx_word' id='word_1_487' title='bbox 2537 2044 2856 2114; x_wconf 88' lang='grc' dir='ltr'>τριϐούνων,</span> <span class='ocrx_word' id='word_1_488' title='bbox 2883 2048 2912 2099; x_wconf 92' lang='lat'>6</span> <span class='ocrx_word' id='word_1_489' title='bbox 2939 2046 3114 2117; x_wconf 83' lang='grc' dir='ltr'>δῆμος</span> <span class='ocrx_word' id='word_1_490' title='bbox 3153 2047 3298 2110; x_wconf 71' lang='grc' dir='ltr'>ἄπας</span> <span class='ocrx_word' id='word_1_491' title='bbox 3322 2049 3444 2102; x_wconf 89' lang='grc' dir='ltr'>καθ’</span> <span class='ocrx_word' id='word_1_492' title='bbox 3467 2050 3602 2134; x_wconf 65' lang='grc' dir='ltr'>ἐκά-</span> 
     </span>
    </p>
   </div>
   <div class='ocr_carea' id='block_1_69' title="bbox 2010 2143 3603 2225">
    <p class='ocr_par' dir='ltr' id='par_1_69' title="bbox 2010 2143 3603 2225">
     <span class='ocr_line' id='line_1_69' title="bbox 2010 2143 3603 2225; baseline 0.008 -30"><span class='ocrx_word' id='word_1_493' title='bbox 2010 2161 2143 2215; x_wconf 91' lang='grc' dir='ltr'>στην</span> <span class='ocrx_word' id='word_1_494' title='bbox 2169 2143 2355 2216; x_wconf 87' lang='grc' dir='ltr'>ἐώρων</span> <span class='ocrx_word' id='word_1_495' title='bbox 2382 2147 2483 2217; x_wconf 77' lang='grc' dir='ltr'>τὴν</span> <span class='ocrx_word' id='word_1_496' title='bbox 2508 2147 2744 2218; x_wconf 73' lang='grc' dir='ltr'>ἡμέραν.</span> <span class='ocrx_word' id='word_1_497' title='bbox 2779 2148 3133 2220; x_wconf 83' lang='grc' dir='ltr'>ἐθεράπευον,</span> <span class='ocrx_word' id='word_1_498' title='bbox 3169 2151 3265 2203; x_wconf 71' lang='grc' dir='ltr'>ἐπὶ</span> <span class='ocrx_word' id='word_1_499' title='bbox 3292 2150 3394 2220; x_wconf 85' lang='grc' dir='ltr'>τῆς</span> <span class='ocrx_word' id='word_1_500' title='bbox 3430 2152 3603 2225; x_wconf 86' lang='grc' dir='ltr'>κόρης</span> 
     </span>
    </p>
   </div>
   <div class='ocr_carea' id='block_1_70' title="bbox 2006 2246 3603 2324">
    <p class='ocr_par' dir='ltr' id='par_1_70' title="bbox 2006 2246 3603 2324">
     <span class='ocr_line' id='line_1_70' title="bbox 2006 2246 3603 2324; baseline 0.008 -26"><span class='ocrx_word' id='word_1_501' title='bbox 2006 2246 2114 2300; x_wconf 78' lang='grc' dir='ltr'>τῶν</span> <span class='ocrx_word' id='word_1_502' title='bbox 2138 2247 2432 2318; x_wconf 82' lang='grc' dir='ltr'>ὀφθαλμῶν</span> <span class='ocrx_word' id='word_1_503' title='bbox 2459 2249 2761 2316; x_wconf 80' lang='grc' dir='ltr'>ἐϐάσταζον</span> <span class='ocrx_word' id='word_1_504' title='bbox 2781 2269 2794 2282; x_wconf 92' lang='grc'><strong>·</strong></span> <span class='ocrx_word' id='word_1_505' title='bbox 2817 2251 2992 2306; x_wconf 79' lang='grc' dir='ltr'>ταῦτα</span> <span class='ocrx_word' id='word_1_506' title='bbox 3019 2248 3175 2324; x_wconf 72' lang='grc' dir='ltr'>οἶμαι</span> <span class='ocrx_word' id='word_1_507' title='bbox 3202 2255 3493 2311; x_wconf 85' lang='grc' dir='ltr'>ὐποκνίσαι</span> <span class='ocrx_word' id='word_1_508' title='bbox 3509 2256 3603 2310; x_wconf 69' lang='grc' dir='ltr'>τὸν</span> 
     </span>
    </p>
   </div>
   <div class='ocr_carea' id='block_1_71' title="bbox 2005 2349 3604 2429">
    <p class='ocr_par' dir='ltr' id='par_1_71' title="bbox 2005 2349 3604 2429">
     <span class='ocr_line' id='line_1_71' title="bbox 2005 2349 3604 2429; baseline 0.008 -28"><span class='ocrx_word' id='word_1_509' title='bbox 2005 2349 2326 2422; x_wconf 73' lang='grc' dir='ltr'>Φαρέτριον,</span> <span class='ocrx_word' id='word_1_510' title='bbox 2360 2355 2455 2404; x_wconf 80' lang='grc' dir='ltr'>καὶ</span> <span class='ocrx_word' id='word_1_511' title='bbox 2504 2354 2598 2406; x_wconf 84' lang='grc' dir='ltr'>τὸν</span> <span class='ocrx_word' id='word_1_512' title='bbox 2643 2354 2840 2422; x_wconf 88' lang='grc' dir='ltr'>φθόνον</span> <span class='ocrx_word' id='word_1_513' title='bbox 2879 2356 2974 2409; x_wconf 84' lang='grc' dir='ltr'>τὸν</span> <span class='ocrx_word' id='word_1_514' title='bbox 3017 2357 3286 2412; x_wconf 88' lang='grc' dir='ltr'>ἐλάσαντα</span> <span class='ocrx_word' id='word_1_515' title='bbox 3312 2361 3462 2429; x_wconf 78' lang='grc' dir='ltr'>ἡμᾶς</span> <span class='ocrx_word' id='word_1_516' title='bbox 3490 2359 3604 2413; x_wconf 78' lang='grc' dir='ltr'>ἀπὸ</span> 
     </span>
    </p>
   </div>
   <div class='ocr_carea' id='block_1_72' title="bbox 2005 2456 3598 2533">
    <p class='ocr_par' dir='ltr' id='par_1_72' title="bbox 2005 2456 3598 2533">
     <span class='ocr_line' id='line_1_72' title="bbox 2005 2456 3598 2533; baseline 0.006 -26"><span class='ocrx_word' id='word_1_517' title='bbox 2005 2456 2652 2523; x_wconf 85' lang='grc' dir='ltr'>Κωνσταντινουπόλεως,</span> <span class='ocrx_word' id='word_1_518' title='bbox 2676 2458 2799 2512; x_wconf 75' lang='grc' dir='ltr'>οὐδὲ</span> <span class='ocrx_word' id='word_1_519' title='bbox 2821 2459 3057 2514; x_wconf 81' lang='grc' dir='ltr'>ἐνταῦθα</span> <span class='ocrx_word' id='word_1_520' title='bbox 3081 2460 3240 2532; x_wconf 86' lang='grc' dir='ltr'>ήμῶν</span> <span class='ocrx_word' id='word_1_521' title='bbox 3269 2462 3598 2533; x_wconf 82' lang='grc' dir='ltr'>ἀποστῆναι,</span> 
     </span>
    </p>
   </div>
   <div class='ocr_carea' id='block_1_73' title="bbox 2007 2555 3601 2633">
    <p class='ocr_par' dir='ltr' id='par_1_73' title="bbox 2007 2555 3601 2633">
     <span class='ocr_line' id='line_1_73' title="bbox 2007 2555 3601 2633; baseline 0.006 -24"><span class='ocrx_word' id='word_1_522' title='bbox 2007 2557 2084 2619; x_wconf 82' lang='grc' dir='ltr'>ὡς</span> <span class='ocrx_word' id='word_1_523' title='bbox 2137 2557 2317 2627; x_wconf 83' lang='grc' dir='ltr'>ἐγωγε</span> <span class='ocrx_word' id='word_1_524' title='bbox 2363 2555 2550 2630; x_wconf 74' lang='grc' dir='ltr'>οἶμαι·</span> <span class='ocrx_word' id='word_1_525' title='bbox 2576 2559 2700 2613; x_wconf 90' lang='grc' dir='ltr'>οὐδέ</span> <span class='ocrx_word' id='word_1_526' title='bbox 2748 2561 2859 2631; x_wconf 85' lang='grc' dir='ltr'>γάρ</span> <span class='ocrx_word' id='word_1_527' title='bbox 2894 2561 3294 2633; x_wconf 81' lang='grc' dir='ltr'>ἀποφαίνομαι,</span> <span class='ocrx_word' id='word_1_528' title='bbox 3327 2564 3444 2618; x_wconf 81' lang='grc' dir='ltr'>ἀλλ’</span> <span class='ocrx_word' id='word_1_529' title='bbox 3469 2565 3601 2618; x_wconf 79' lang='grc' dir='ltr'>ὑπο·</span> 
     </span>
    </p>
   </div>
   <div class='ocr_carea' id='block_1_74' title="bbox 2004 2659 3599 2740">
    <p class='ocr_par' dir='ltr' id='par_1_74' title="bbox 2004 2659 3599 2740">
     <span class='ocr_line' id='line_1_74' title="bbox 2004 2659 3599 2740; baseline 0.01 -29"><span class='ocrx_word' id='word_1_530' title='bbox 2004 2659 2210 2712; x_wconf 85' lang='grc' dir='ltr'>πτεύω.</span> <span class='ocrx_word' id='word_1_531' title='bbox 2237 2660 2304 2712; x_wconf 89' lang='grc' dir='ltr'>Τί</span> <span class='ocrx_word' id='word_1_532' title='bbox 2348 2662 2415 2716; x_wconf 79' lang='grc' dir='ltr'>ἄν</span> <span class='ocrx_word' id='word_1_533' title='bbox 2458 2679 2545 2727; x_wconf 87' lang='grc' dir='ltr'>τις</span> <span class='ocrx_word' id='word_1_534' title='bbox 2582 2663 2725 2716; x_wconf 87' lang='grc' dir='ltr'>εῖποι</span> <span class='ocrx_word' id='word_1_535' title='bbox 2773 2664 2842 2717; x_wconf 85' lang='grc' dir='ltr'>τὰ</span> <span class='ocrx_word' id='word_1_536' title='bbox 2885 2664 3020 2719; x_wconf 76' lang='grc' dir='ltr'>ἄλλα</span> <span class='ocrx_word' id='word_1_537' title='bbox 3053 2665 3122 2719; x_wconf 87' lang='grc' dir='ltr'>τὰ</span> <span class='ocrx_word' id='word_1_538' title='bbox 3154 2666 3298 2722; x_wconf 81' lang='grc' dir='ltr'>κατὰ</span> <span class='ocrx_word' id='word_1_539' title='bbox 3327 2667 3425 2740; x_wconf 76' lang='grc' dir='ltr'>τὴν</span> <span class='ocrx_word' id='word_1_540' title='bbox 3455 2668 3599 2736; x_wconf 65' lang='grc' dir='ltr'><strong>ὁδὸν.</strong></span> 
     </span>
    </p>
   </div>
   <div class='ocr_carea' id='block_1_75' title="bbox 2002 2764 2886 2835">
    <p class='ocr_par' dir='ltr' id='par_1_75' title="bbox 2002 2764 2886 2835">
     <span class='ocr_line' id='line_1_75' title="bbox 2002 2764 2886 2835; baseline 0.009 -20"><span class='ocrx_word' id='word_1_541' title='bbox 2002 2765 2128 2827; x_wconf 85' lang='grc' dir='ltr'>τοὺς</span> <span class='ocrx_word' id='word_1_542' title='bbox 2155 2764 2377 2833; x_wconf 89' lang='grc' dir='ltr'>φόϐους,</span> <span class='ocrx_word' id='word_1_543' title='bbox 2405 2767 2534 2831; x_wconf 83' lang='grc' dir='ltr'>τοὺς</span> <span class='ocrx_word' id='word_1_544' title='bbox 2568 2768 2886 2835; x_wconf 84' lang='grc' dir='ltr'>κινδύνους;</span> 
     </span>
    </p>
   </div>
   <div class='ocr_carea' id='block_1_76' title="bbox 2077 2878 3601 2955">
    <p class='ocr_par' dir='ltr' id='par_1_76' title="bbox 2077 2878 3601 2955">
     <span class='ocr_line' id='line_1_76' title="bbox 2077 2878 3601 2955; baseline 0.007 -25"><span class='ocrx_word' id='word_1_545' title='bbox 2077 2878 2257 2950; x_wconf 78' lang='grc' dir='ltr'>Ἀπερ</span> <span class='ocrx_word' id='word_1_546' title='bbox 2277 2878 2402 2932; x_wconf 86' lang='grc' dir='ltr'>καθ’</span> <span class='ocrx_word' id='word_1_547' title='bbox 2423 2878 2662 2950; x_wconf 67' lang='grc' dir='ltr'>ἑκάστην</span> <span class='ocrx_word' id='word_1_548' title='bbox 2685 2879 2902 2953; x_wconf 78' lang='grc' dir='ltr'>ἡμέραν</span> <span class='ocrx_word' id='word_1_549' title='bbox 2927 2881 3482 2955; x_wconf 87' lang='grc' dir='ltr'>άναμιμνησκόμενος</span> <span class='ocrx_word' id='word_1_550' title='bbox 3503 2887 3601 2942; x_wconf 83' lang='grc' dir='ltr'>αὐ·</span> 
     </span>
    </p>
   </div>
   <div class='ocr_carea' id='block_1_77' title="bbox 2000 2984 3600 3064">
    <p class='ocr_par' dir='ltr' id='par_1_77' title="bbox 2000 2984 3600 3064">
     <span class='ocr_line' id='line_1_77' title="bbox 2000 2984 3600 3064; baseline 0.003 -26"><span class='ocrx_word' id='word_1_551' title='bbox 2000 2984 2112 3050; x_wconf 76' lang='grc' dir='ltr'>τος,</span> <span class='ocrx_word' id='word_1_552' title='bbox 2145 2986 2240 3038; x_wconf 73' lang='grc' dir='ltr'>καὶ</span> <span class='ocrx_word' id='word_1_553' title='bbox 2274 2986 2362 3039; x_wconf 81' lang='grc' dir='ltr'>ἀεὶ</span> <span class='ocrx_word' id='word_1_554' title='bbox 2398 2987 2458 3039; x_wconf 88' lang='grc' dir='ltr'>ἐν</span> <span class='ocrx_word' id='word_1_555' title='bbox 2487 2986 2699 3058; x_wconf 79' lang='grc' dir='ltr'>διανοίᾳ</span> <span class='ocrx_word' id='word_1_556' title='bbox 2729 2988 3065 3059; x_wconf 86' lang='grc' dir='ltr'>περιφέρων,</span> <span class='ocrx_word' id='word_1_557' title='bbox 3093 2989 3328 3060; x_wconf 89' lang='grc' dir='ltr'>πέτομαι</span> <span class='ocrx_word' id='word_1_558' title='bbox 3365 2989 3474 3043; x_wconf 82' lang='grc' dir='ltr'>ὑπὸ</span> <span class='ocrx_word' id='word_1_559' title='bbox 3499 2991 3600 3064; x_wconf 84' lang='grc' dir='ltr'>τῆς</span> 
     </span>
    </p>
   </div>
   <div class='ocr_carea' id='block_1_78' title="bbox 2002 3088 3602 3166">
    <p class='ocr_par' dir='ltr' id='par_1_78' title="bbox 2002 3088 3602 3166">
     <span class='ocr_line' id='line_1_78' title="bbox 2002 3088 3602 3166; baseline 0.004 -24"><span class='ocrx_word' id='word_1_560' title='bbox 2002 3088 2217 3160; x_wconf 77' lang='grc' dir='ltr'>ἡδονῆς,</span> <span class='ocrx_word' id='word_1_561' title='bbox 2256 3091 2466 3162; x_wconf 84' lang='grc' dir='ltr'>σκιρτῶ</span> <span class='ocrx_word' id='word_1_562' title='bbox 2493 3091 2571 3154; x_wconf 83' lang='grc' dir='ltr'>ὡς</span> <span class='ocrx_word' id='word_1_563' title='bbox 2597 3090 2874 3162; x_wconf 74' lang='grc' dir='ltr'>θησαυρὸν</span> <span class='ocrx_word' id='word_1_564' title='bbox 2919 3092 3092 3162; x_wconf 90' lang='grc' dir='ltr'>μέγαν</span> <span class='ocrx_word' id='word_1_565' title='bbox 3127 3092 3268 3162; x_wconf 77' lang='grc' dir='ltr'>έχων</span> <span class='ocrx_word' id='word_1_566' title='bbox 3303 3093 3602 3166; x_wconf 67' lang='grc' dir='ltr'>άποκείμες</span> 
     </span>
    </p>
   </div>
   <div class='ocr_carea' id='block_1_79' title="bbox 2002 3190 3602 3266">
    <p class='ocr_par' dir='ltr' id='par_1_79' title="bbox 2002 3190 3602 3266">
     <span class='ocr_line' id='line_1_79' title="bbox 2002 3190 3602 3266; baseline 0.006 -24"><span class='ocrx_word' id='word_1_567' title='bbox 2002 3206 2120 3242; x_wconf 88' lang='grc' dir='ltr'>νον·</span> <span class='ocrx_word' id='word_1_568' title='bbox 2148 3190 2372 3262; x_wconf 82' lang='grc' dir='ltr'>καὶγὰρ</span> <span class='ocrx_word' id='word_1_569' title='bbox 2397 3191 2570 3254; x_wconf 80' lang='grc' dir='ltr'>οὕτως</span> <span class='ocrx_word' id='word_1_570' title='bbox 2595 3191 2704 3261; x_wconf 77' lang='grc' dir='ltr'>ἔχω</span> <span class='ocrx_word' id='word_1_571' title='bbox 2729 3192 2826 3244; x_wconf 72' lang='grc' dir='ltr'>καὶ</span> <span class='ocrx_word' id='word_1_572' title='bbox 2844 3191 3123 3263; x_wconf 86' lang='grc' dir='ltr'>διάκειμαι</span> <span class='ocrx_word' id='word_1_573' title='bbox 3141 3204 3190 3247; x_wconf 82' lang='grc' dir='ltr'>ι.</span> <span class='ocrx_word' id='word_1_574' title='bbox 3222 3192 3373 3266; x_wconf 78' lang='grc'>[599]</span> <span class='ocrx_word' id='word_1_575' title='bbox 3390 3194 3483 3248; x_wconf 81' lang='grc' dir='ltr'>Διὸ</span> <span class='ocrx_word' id='word_1_576' title='bbox 3501 3196 3602 3251; x_wconf 82' lang='grc' dir='ltr'>καὶ</span> 
     </span>
    </p>
   </div>
   <div class='ocr_carea' id='block_1_80' title="bbox 2001 3292 3598 3366">
    <p class='ocr_par' dir='ltr' id='par_1_80' title="bbox 2001 3292 3598 3366">
     <span class='ocr_line' id='line_1_80' title="bbox 2001 3292 3598 3366; baseline 0.007 -24"><span class='ocrx_word' id='word_1_577' title='bbox 2001 3292 2102 3364; x_wconf 84' lang='grc' dir='ltr'>τὴν</span> <span class='ocrx_word' id='word_1_578' title='bbox 2153 3293 2253 3365; x_wconf 83' lang='grc' dir='ltr'>σὴν</span> <span class='ocrx_word' id='word_1_579' title='bbox 2301 3294 2604 3365; x_wconf 84' lang='grc' dir='ltr'>παρακαλῶ</span> <span class='ocrx_word' id='word_1_580' title='bbox 2635 3294 2926 3365; x_wconf 90' lang='grc' dir='ltr'>τιμιότητα</span> <span class='ocrx_word' id='word_1_581' title='bbox 2967 3294 3184 3366; x_wconf 86' lang='grc' dir='ltr'>χαίρειν</span> <span class='ocrx_word' id='word_1_582' title='bbox 3232 3297 3325 3350; x_wconf 85' lang='grc' dir='ltr'>ἐπὶ</span> <span class='ocrx_word' id='word_1_583' title='bbox 3363 3297 3598 3364; x_wconf 80' lang='grc' dir='ltr'>τούτοις,</span> 
     </span>
    </p>
   </div>
   <div class='ocr_carea' id='block_1_81' title="bbox 2002 3396 3600 3468">
    <p class='ocr_par' dir='ltr' id='par_1_81' title="bbox 2002 3396 3600 3468">
     <span class='ocr_line' id='line_1_81' title="bbox 2002 3396 3600 3468; baseline 0.005 -20"><span class='ocrx_word' id='word_1_584' title='bbox 2002 3396 2414 3466; x_wconf 83' lang='grc' dir='ltr'>εὐφραίνεσθαι,</span> <span class='ocrx_word' id='word_1_585' title='bbox 2445 3398 2700 3468; x_wconf 65' lang='grc' dir='ltr'>αιρτᾷν,</span> <span class='ocrx_word' id='word_1_586' title='bbox 2724 3397 2817 3452; x_wconf 80' lang='grc' dir='ltr'>τὸν</span> <span class='ocrx_word' id='word_1_587' title='bbox 2861 3397 2994 3452; x_wconf 78' lang='grc' dir='ltr'>Θεὸν</span> <span class='ocrx_word' id='word_1_588' title='bbox 3037 3397 3303 3466; x_wconf 81' lang='grc' dir='ltr'>δοξάζειν,</span> <span class='ocrx_word' id='word_1_589' title='bbox 3334 3399 3428 3454; x_wconf 83' lang='grc' dir='ltr'>τὸν</span> <span class='ocrx_word' id='word_1_590' title='bbox 3465 3417 3600 3456; x_wconf 82' lang='grc' dir='ltr'>κατ-</span> 
     </span>
    </p>
   </div>
   <div class='ocr_carea' id='block_1_82' title="bbox 2001 3487 3593 3579">
    <p class='ocr_par' dir='ltr' id='par_1_82' title="bbox 2001 3487 3593 3579">
     <span class='ocr_line' id='line_1_82' title="bbox 2001 3487 3593 3579; baseline 0.005 -27"><span class='ocrx_word' id='word_1_591' title='bbox 2001 3498 2316 3564; x_wconf 84' lang='grc' dir='ltr'>αξιώσαντα</span> <span class='ocrx_word' id='word_1_592' title='bbox 2338 3503 2490 3572; x_wconf 74' lang='grc' dir='ltr'>ἡμᾶς</span> <span class='ocrx_word' id='word_1_593' title='bbox 2518 3501 2745 3556; x_wconf 81' lang='grc' dir='ltr'>τοιαῦτα</span> <span class='ocrx_word' id='word_1_594' title='bbox 2789 3487 3008 3558; x_wconf 79' lang='grc' dir='ltr'>παθεῖν.</span> <span class='ocrx_word' id='word_1_595' title='bbox 3059 3503 3172 3557; x_wconf 77' lang='grc' dir='ltr'>Καὶ</span> <span class='ocrx_word' id='word_1_596' title='bbox 3217 3503 3371 3577; x_wconf 85' lang='grc' dir='ltr'>παρὰ</span> <span class='ocrx_word' id='word_1_597' title='bbox 3419 3509 3593 3579; x_wconf 73' lang='grc' dir='ltr'>σαυτῇ</span> 
     </span>
    </p>
   </div>
   <div class='ocr_carea' id='block_1_83' title="bbox 2001 3603 3598 3682">
    <p class='ocr_par' dir='ltr' id='par_1_83' title="bbox 2001 3603 3598 3682">
     <span class='ocr_line' id='line_1_83' title="bbox 2001 3603 3598 3682; baseline 0.006 -26"><span class='ocrx_word' id='word_1_598' title='bbox 2001 3603 2310 3665; x_wconf 87' lang='grc' dir='ltr'>παρακαλῶ</span> <span class='ocrx_word' id='word_1_599' title='bbox 2337 3605 2514 3659; x_wconf 81' lang='grc' dir='ltr'>ταῦτα</span> <span class='ocrx_word' id='word_1_600' title='bbox 2535 3607 2705 3678; x_wconf 75' lang='grc' dir='ltr'>ἔχειν,</span> <span class='ocrx_word' id='word_1_601' title='bbox 2739 3607 2837 3662; x_wconf 77' lang='grc' dir='ltr'>καὶ</span> <span class='ocrx_word' id='word_1_602' title='bbox 2863 3607 3006 3680; x_wconf 82' lang='grc' dir='ltr'>πρὸς</span> <span class='ocrx_word' id='word_1_603' title='bbox 3032 3608 3236 3682; x_wconf 89' lang='grc' dir='ltr'>μηδένα</span> <span class='ocrx_word' id='word_1_604' title='bbox 3262 3609 3520 3677; x_wconf 77' lang='grc' dir='ltr'>ἐξειπεῖν,</span> <span class='ocrx_word' id='word_1_605' title='bbox 3546 3612 3598 3666; x_wconf 89' lang='grc' dir='ltr'>εἰ</span> 
     </span>
    </p>
   </div>
   <div class='ocr_carea' id='block_1_84' title="bbox 2005 3710 3598 3788">
    <p class='ocr_par' dir='ltr' id='par_1_84' title="bbox 2005 3710 3598 3788">
     <span class='ocr_line' id='line_1_84' title="bbox 2005 3710 3598 3788; baseline 0.007 -28"><span class='ocrx_word' id='word_1_606' title='bbox 2005 3710 2098 3762; x_wconf 78' lang='grc' dir='ltr'>καὶ</span> <span class='ocrx_word' id='word_1_607' title='bbox 2132 3710 2201 3766; x_wconf 81' lang='grc' dir='ltr'>τά</span> <span class='ocrx_word' id='word_1_608' title='bbox 2261 3710 2499 3781; x_wconf 86' lang='grc' dir='ltr'>μάλιστα</span> <span class='ocrx_word' id='word_1_609' title='bbox 2551 3713 2604 3766; x_wconf 78' lang='grc' dir='ltr'>οἱ</span> <span class='ocrx_word' id='word_1_610' title='bbox 2647 3712 2941 3785; x_wconf 77' lang='grc' dir='ltr'>ἐπαρχικοὶ</span> <span class='ocrx_word' id='word_1_611' title='bbox 2978 3715 3161 3768; x_wconf 76' lang='grc' dir='ltr'>πᾶσαν</span> <span class='ocrx_word' id='word_1_612' title='bbox 3189 3715 3468 3788; x_wconf 79' lang='grc' dir='ltr'>ἐμπλῆσαι</span> <span class='ocrx_word' id='word_1_613' title='bbox 3493 3717 3598 3788; x_wconf 78' lang='grc' dir='ltr'>τὴν</span> 
     </span>
    </p>
   </div>
   <div class='ocr_carea' id='block_1_85' title="bbox 2003 3797 3599 3877">
    <p class='ocr_par' dir='ltr' id='par_1_85' title="bbox 2003 3797 3599 3877">
     <span class='ocr_line' id='line_1_85' title="bbox 2003 3797 3599 3877; baseline 0.008 -27"><span class='ocrx_word' id='word_1_614' title='bbox 2003 3797 2158 3851; x_wconf 87' lang='grc' dir='ltr'>πόλιν</span> <span class='ocrx_word' id='word_1_615' title='bbox 2192 3798 2400 3869; x_wconf 73' lang='grc' dir='ltr'>έχουσι,</span> <span class='ocrx_word' id='word_1_616' title='bbox 2429 3801 2526 3854; x_wconf 74' lang='grc' dir='ltr'>καὶ</span> <span class='ocrx_word' id='word_1_617' title='bbox 2554 3802 2712 3856; x_wconf 83' lang='grc' dir='ltr'>αὐτοὶ</span> <span class='ocrx_word' id='word_1_618' title='bbox 2733 3803 2864 3877; x_wconf 79' lang='grc' dir='ltr'>περὶ</span> <span class='ocrx_word' id='word_1_619' title='bbox 2891 3803 3003 3857; x_wconf 85' lang='grc' dir='ltr'>τῶν</span> <span class='ocrx_word' id='word_1_620' title='bbox 3040 3805 3290 3876; x_wconf 86' lang='grc' dir='ltr'>ἐσχάτων</span> <span class='ocrx_word' id='word_1_621' title='bbox 3318 3806 3599 3862; x_wconf 81' lang='grc' dir='ltr'>κινδυνεύ-</span> 
     </span>
    </p>
   </div>
   <div class='ocr_carea' id='block_1_86' title="bbox 2003 3917 2215 3966">
    <p class='ocr_par' dir='ltr' id='par_1_86' title="bbox 2003 3917 2215 3966">
     <span class='ocr_line' id='line_1_86' title="bbox 2003 3917 2215 3966; baseline 0.019 -14"><span class='ocrx_word' id='word_1_622' title='bbox 2003 3917 2215 3966; x_wconf 91' lang='grc' dir='ltr'>σαντες.</span> 
     </span>
    </p>
   </div>
   <div class='ocr_carea' id='block_1_87' title="bbox 2068 4016 3594 4093">
    <p class='ocr_par' dir='ltr' id='par_1_87' title="bbox 2068 4016 3594 4093">
     <span class='ocr_line' id='line_1_87' title="bbox 2068 4016 3594 4093; baseline 0.005 -23"><span class='ocrx_word' id='word_1_623' title='bbox 2068 4016 2132 4072; x_wconf 92' lang='lat'>6&#39;.</span> <span class='ocrx_word' id='word_1_624' title='bbox 2156 4016 2303 4088; x_wconf 81' lang='grc' dir='ltr'>Πλὴν</span> <span class='ocrx_word' id='word_1_625' title='bbox 2319 4017 2474 4090; x_wconf 79' lang='grc' dir='ltr'>παρὰ</span> <span class='ocrx_word' id='word_1_626' title='bbox 2486 4018 2588 4089; x_wconf 86' lang='grc' dir='ltr'>τῆς</span> <span class='ocrx_word' id='word_1_627' title='bbox 2609 4018 2710 4089; x_wconf 83' lang='grc' dir='ltr'>σῆς</span> <span class='ocrx_word' id='word_1_628' title='bbox 2724 4018 3011 4084; x_wconf 89' lang='grc' dir='ltr'>εὐλαϐείας</span> <span class='ocrx_word' id='word_1_629' title='bbox 3033 4021 3225 4093; x_wconf 74' lang='grc' dir='ltr'>μηδεὶς</span> <span class='ocrx_word' id='word_1_630' title='bbox 3254 4022 3441 4076; x_wconf 77' lang='grc' dir='ltr'>εῖδέτω</span> <span class='ocrx_word' id='word_1_631' title='bbox 3465 4021 3594 4077; x_wconf 80' lang='grc' dir='ltr'>τοῦ·</span> 
     </span>
    </p>
   </div>
   <div class='ocr_carea' id='block_1_88' title="bbox 2003 4118 3597 4191">
    <p class='ocr_par' dir='ltr' id='par_1_88' title="bbox 2003 4118 3597 4191">
     <span class='ocr_line' id='line_1_88' title="bbox 2003 4118 3597 4191; baseline 0.008 -21"><span class='ocrx_word' id='word_1_632' title='bbox 2003 4136 2087 4184; x_wconf 89' lang='grc' dir='ltr'>το,</span> <span class='ocrx_word' id='word_1_633' title='bbox 2126 4118 2265 4173; x_wconf 79' lang='grc' dir='ltr'>ἀλλὰ</span> <span class='ocrx_word' id='word_1_634' title='bbox 2295 4120 2390 4174; x_wconf 77' lang='grc' dir='ltr'>καὶ</span> <span class='ocrx_word' id='word_1_635' title='bbox 2419 4120 2753 4176; x_wconf 88' lang='grc' dir='ltr'>κατάστελλε</span> <span class='ocrx_word' id='word_1_636' title='bbox 2778 4123 2908 4187; x_wconf 72' lang='grc' dir='ltr'>τοὺς</span> <span class='ocrx_word' id='word_1_637' title='bbox 2928 4122 3208 4191; x_wconf 81' lang='grc' dir='ltr'>λέγοντας.</span> <span class='ocrx_word' id='word_1_638' title='bbox 3240 4127 3306 4180; x_wconf 90' lang='grc' dir='ltr'>Εἰ</span> <span class='ocrx_word' id='word_1_639' title='bbox 3334 4125 3392 4180; x_wconf 83' lang='grc' dir='ltr'>δέ</span> <span class='ocrx_word' id='word_1_640' title='bbox 3415 4126 3506 4184; x_wconf 79' lang='grc' dir='ltr'>διὰ</span> <span class='ocrx_word' id='word_1_641' title='bbox 3524 4127 3597 4184; x_wconf 79' lang='grc' dir='ltr'>τά</span> 
     </span>
    </p>
   </div>
   <div class='ocr_carea' id='block_1_89' title="bbox 2011 4221 3597 4301">
    <p class='ocr_par' dir='ltr' id='par_1_89' title="bbox 2011 4221 3597 4301">
     <span class='ocr_line' id='line_1_89' title="bbox 2011 4221 3597 4301; baseline 0.009 -27"><span class='ocrx_word' id='word_1_642' title='bbox 2011 4221 2238 4291; x_wconf 83' lang='grc' dir='ltr'>λείψανα</span> <span class='ocrx_word' id='word_1_643' title='bbox 2285 4224 2389 4291; x_wconf 83' lang='grc' dir='ltr'>τῆς</span> <span class='ocrx_word' id='word_1_644' title='bbox 2437 4225 2739 4291; x_wconf 86' lang='grc' dir='ltr'>κακώσεως</span> <span class='ocrx_word' id='word_1_645' title='bbox 2789 4227 2978 4296; x_wconf 82' lang='grc' dir='ltr'>ἀλγεῖς</span> <span class='ocrx_word' id='word_1_646' title='bbox 2999 4245 3036 4294; x_wconf 90' lang='grc'>,·</span> <span class='ocrx_word' id='word_1_647' title='bbox 3063 4229 3204 4300; x_wconf 86' lang='grc' dir='ltr'>μάθε</span> <span class='ocrx_word' id='word_1_648' title='bbox 3248 4231 3457 4301; x_wconf 87' lang='grc' dir='ltr'>σαφῶς,</span> <span class='ocrx_word' id='word_1_649' title='bbox 3510 4234 3597 4288; x_wconf 78' lang='lat'>6::</span> 
     </span>
    </p>
   </div>
   <div class='ocr_carea' id='block_1_90' title="bbox 2002 4327 3597 4413">
    <p class='ocr_par' dir='ltr' id='par_1_90' title="bbox 2002 4327 3597 4413">
     <span class='ocr_line' id='line_1_90' title="bbox 2002 4327 3597 4413; baseline 0.006 -33"><span class='ocrx_word' id='word_1_650' title='bbox 2002 4327 2269 4400; x_wconf 88' lang='grc' dir='ltr'>καθαρῶς</span> <span class='ocrx_word' id='word_1_651' title='bbox 2300 4329 2562 4386; x_wconf 81' lang='grc' dir='ltr'>ἁπάντων</span> <span class='ocrx_word' id='word_1_652' title='bbox 2589 4331 2941 4402; x_wconf 79' lang='grc' dir='ltr'>ἀπηλλάγην,</span> <span class='ocrx_word' id='word_1_653' title='bbox 3117 4334 3597 4407; x_wconf 76' lang='grc' dir='ltr'>ἐρρωμενέστερον</span> 
     </span>
    </p>
   </div>
   <div class='ocr_carea' id='block_1_91' title="bbox 2001 4433 3595 4515">
    <p class='ocr_par' dir='ltr' id='par_1_91' title="bbox 2001 4433 3595 4515">
     <span class='ocr_line' id='line_1_91' title="bbox 2001 4433 3595 4515; baseline 0.008 -29"><span class='ocrx_word' id='word_1_654' title='bbox 2001 4433 2114 4505; x_wconf 83' lang='grc' dir='ltr'>ἐχω</span> <span class='ocrx_word' id='word_1_655' title='bbox 2136 4436 2198 4489; x_wconf 82' lang='grc' dir='ltr'>τὸ</span> <span class='ocrx_word' id='word_1_656' title='bbox 2227 4437 2411 4507; x_wconf 89' lang='grc' dir='ltr'>σῶμα,</span> <span class='ocrx_word' id='word_1_657' title='bbox 2446 4437 2479 4507; x_wconf 76' lang='grc' dir='ltr'>ἢ</span> <span class='ocrx_word' id='word_1_658' title='bbox 2508 4439 2698 4492; x_wconf 84' lang='grc' dir='ltr'>αὐτόθι</span> <span class='ocrx_word' id='word_1_659' title='bbox 2725 4439 3045 4512; x_wconf 89' lang='grc' dir='ltr'>διατρίϐων.</span> <span class='ocrx_word' id='word_1_660' title='bbox 3077 4441 3182 4496; x_wconf 83' lang='grc' dir='ltr'>Τὸν</span> <span class='ocrx_word' id='word_1_661' title='bbox 3209 4443 3267 4496; x_wconf 84' lang='grc' dir='ltr'>δὲ</span> <span class='ocrx_word' id='word_1_662' title='bbox 3297 4444 3507 4515; x_wconf 74' lang='grc' dir='ltr'>κρυμὸν</span> <span class='ocrx_word' id='word_1_663' title='bbox 3541 4444 3595 4498; x_wconf 90' lang='grc' dir='ltr'>τί</span> 
     </span>
    </p>
   </div>
   <div class='ocr_carea' id='block_1_92' title="bbox 1999 4537 3597 4616">
    <p class='ocr_par' dir='ltr' id='par_1_92' title="bbox 1999 4537 3597 4616">
     <span class='ocr_line' id='line_1_92' title="bbox 1999 4537 3597 4616; baseline 0.007 -26"><span class='ocrx_word' id='word_1_664' title='bbox 1999 4537 2242 4603; x_wconf 83' lang='grc' dir='ltr'>δέδοικας</span> <span class='ocrx_word' id='word_1_665' title='bbox 2265 4555 2280 4604; x_wconf 90' lang='grc'><strong>;</strong></span> <span class='ocrx_word' id='word_1_666' title='bbox 2305 4541 2400 4594; x_wconf 72' lang='grc' dir='ltr'>καὶ</span> <span class='ocrx_word' id='word_1_667' title='bbox 2414 4540 2524 4612; x_wconf 82' lang='grc' dir='ltr'>γὰρ</span> <span class='ocrx_word' id='word_1_668' title='bbox 2549 4542 2645 4596; x_wconf 83' lang='grc' dir='ltr'>καὶ</span> <span class='ocrx_word' id='word_1_669' title='bbox 2671 4543 2952 4616; x_wconf 77' lang='grc' dir='ltr'>οἰκήματα</span> <span class='ocrx_word' id='word_1_670' title='bbox 2976 4545 3263 4615; x_wconf 89' lang='grc' dir='ltr'>ἐπιτήδεια</span> <span class='ocrx_word' id='word_1_671' title='bbox 3285 4547 3416 4616; x_wconf 86' lang='grc' dir='ltr'>ἡμῖν</span> <span class='ocrx_word' id='word_1_672' title='bbox 3443 4564 3597 4601; x_wconf 86' lang='grc' dir='ltr'>κατε-</span> 
     </span>
    </p>
   </div>
   <div class='ocr_carea' id='block_1_93' title="bbox 2005 4643 3599 4721">
    <p class='ocr_par' dir='ltr' id='par_1_93' title="bbox 2005 4643 3599 4721">
     <span class='ocr_line' id='line_1_93' title="bbox 2005 4643 3599 4721; baseline 0.007 -26"><span class='ocrx_word' id='word_1_673' title='bbox 2005 4643 2302 4698; x_wconf 90' lang='grc' dir='ltr'>σκεύασται</span> <span class='ocrx_word' id='word_1_674' title='bbox 2321 4661 2335 4673; x_wconf 89' lang='grc'><strong>·</strong></span> <span class='ocrx_word' id='word_1_675' title='bbox 2369 4646 2465 4699; x_wconf 78' lang='grc' dir='ltr'>καὶ</span> <span class='ocrx_word' id='word_1_676' title='bbox 2493 4646 2675 4701; x_wconf 84' lang='grc' dir='ltr'>πάντα</span> <span class='ocrx_word' id='word_1_677' title='bbox 2692 4649 2722 4702; x_wconf 90' lang='lat'>6</span> <span class='ocrx_word' id='word_1_678' title='bbox 2750 4647 2952 4721; x_wconf 82' lang='grc' dir='ltr'>κύριός</span> <span class='ocrx_word' id='word_1_679' title='bbox 2978 4665 3082 4721; x_wconf 91' lang='grc' dir='ltr'>μου</span> <span class='ocrx_word' id='word_1_680' title='bbox 3112 4649 3406 4721; x_wconf 87' lang='grc' dir='ltr'>Διόσκορος</span> <span class='ocrx_word' id='word_1_681' title='bbox 3453 4654 3599 4707; x_wconf 87' lang='grc' dir='ltr'>ποιεῖ</span> 
     </span>
    </p>
   </div>
   <div class='ocr_carea' id='block_1_94' title="bbox 2000 4747 3596 4826">
    <p class='ocr_par' dir='ltr' id='par_1_94' title="bbox 2000 4747 3596 4826">
     <span class='ocr_line' id='line_1_94' title="bbox 2000 4747 3596 4826; baseline 0.006 -26"><span class='ocrx_word' id='word_1_682' title='bbox 2000 4747 2095 4800; x_wconf 76' lang='grc' dir='ltr'>καὶ</span> <span class='ocrx_word' id='word_1_683' title='bbox 2153 4749 2608 4819; x_wconf 90' lang='grc' dir='ltr'>πραγματεύεται</span> <span class='ocrx_word' id='word_1_684' title='bbox 2633 4789 2652 4816; x_wconf 93' lang='grc'>,</span> <span class='ocrx_word' id='word_1_685' title='bbox 2705 4751 2851 4805; x_wconf 84' lang='grc' dir='ltr'>ὥστε</span> <span class='ocrx_word' id='word_1_686' title='bbox 2905 4751 3041 4824; x_wconf 71' lang='grc' dir='ltr'>μηδὲ</span> <span class='ocrx_word' id='word_1_687' title='bbox 3091 4751 3293 4824; x_wconf 83' lang='grc' dir='ltr'>μικρὰν</span> <span class='ocrx_word' id='word_1_688' title='bbox 3342 4753 3596 4826; x_wconf 71' lang='grc' dir='ltr'>αἴσθησιν</span> 
     </span>
    </p>
   </div>
   <div class='ocr_carea' id='block_1_95' title="bbox 2005 4848 3596 4924">
    <p class='ocr_par' dir='ltr' id='par_1_95' title="bbox 2005 4848 3596 4924">
     <span class='ocr_line' id='line_1_95' title="bbox 2005 4848 3596 4924; baseline 0.006 -21"><span class='ocrx_word' id='word_1_689' title='bbox 2005 4849 2154 4918; x_wconf 77' lang='grc' dir='ltr'>ἡμᾶς</span> <span class='ocrx_word' id='word_1_690' title='bbox 2175 4848 2365 4904; x_wconf 87' lang='grc' dir='ltr'>λαϐεῖν</span> <span class='ocrx_word' id='word_1_691' title='bbox 2404 4851 2514 4904; x_wconf 80' lang='grc' dir='ltr'>ἀπὺ</span> <span class='ocrx_word' id='word_1_692' title='bbox 2550 4851 2648 4905; x_wconf 79' lang='grc' dir='ltr'>τοῦ</span> <span class='ocrx_word' id='word_1_693' title='bbox 2683 4855 2931 4924; x_wconf 83' lang='grc' dir='ltr'>κρυμοῢ;</span> <span class='ocrx_word' id='word_1_694' title='bbox 2978 4854 3044 4907; x_wconf 86' lang='grc' dir='ltr'>Εἰ</span> <span class='ocrx_word' id='word_1_695' title='bbox 3072 4854 3130 4908; x_wconf 86' lang='grc' dir='ltr'>δὲ</span> <span class='ocrx_word' id='word_1_696' title='bbox 3160 4853 3310 4908; x_wconf 82' lang='grc' dir='ltr'>ἐστιν</span> <span class='ocrx_word' id='word_1_697' title='bbox 3339 4856 3450 4911; x_wconf 79' lang='grc' dir='ltr'>ἀπὸ</span> <span class='ocrx_word' id='word_1_698' title='bbox 3485 4856 3596 4913; x_wconf 88' lang='grc' dir='ltr'>τῶν</span> 
     </span>
    </p>
   </div>
   <div class='ocr_carea' id='block_1_96' title="bbox 2001 4951 3597 5030">
    <p class='ocr_par' dir='ltr' id='par_1_96' title="bbox 2001 4951 3597 5030">
     <span class='ocr_line' id='line_1_96' title="bbox 2001 4951 3597 5030; baseline 0.008 -28"><span class='ocrx_word' id='word_1_699' title='bbox 2001 4951 2306 5022; x_wconf 88' lang='grc' dir='ltr'>προοιμίων</span> <span class='ocrx_word' id='word_1_700' title='bbox 2353 4954 2742 5024; x_wconf 84' lang='grc' dir='ltr'>στοχάσασθαι,</span> <span class='ocrx_word' id='word_1_701' title='bbox 2774 4955 2900 5026; x_wconf 80' lang='grc' dir='ltr'>ἐμοὶ</span> <span class='ocrx_word' id='word_1_702' title='bbox 2930 4957 2960 5009; x_wconf 94' lang='lat'>6</span> <span class='ocrx_word' id='word_1_703' title='bbox 2990 4955 3087 5010; x_wconf 81' lang='grc' dir='ltr'>νῦν</span> <span class='ocrx_word' id='word_1_704' title='bbox 3130 4957 3242 5030; x_wconf 79' lang='grc' dir='ltr'>ἀὴρ</span> <span class='ocrx_word' id='word_1_705' title='bbox 3277 4959 3597 5028; x_wconf 83' lang='grc' dir='ltr'>ἀνατολικὺς</span> 
     </span>
    </p>
   </div>
   <div class='ocr_carea' id='block_1_97' title="bbox 1999 5049 3597 5132">
    <p class='ocr_par' dir='ltr' id='par_1_97' title="bbox 1999 5049 3597 5132">
     <span class='ocr_line' id='line_1_97' title="bbox 1999 5049 3597 5132; baseline 0.009 -25"><span class='ocrx_word' id='word_1_706' title='bbox 1999 5049 2143 5109; x_wconf 75' lang='grc' dir='ltr'>εἶναι</span> <span class='ocrx_word' id='word_1_707' title='bbox 2166 5054 2334 5121; x_wconf 89' lang='grc' dir='ltr'>δοκεῖ,</span> <span class='ocrx_word' id='word_1_708' title='bbox 2371 5057 2468 5110; x_wconf 80' lang='grc' dir='ltr'>καὶ</span> <span class='ocrx_word' id='word_1_709' title='bbox 2501 5057 2657 5112; x_wconf 81' lang='grc' dir='ltr'>οὐδὲν</span> <span class='ocrx_word' id='word_1_710' title='bbox 2684 5058 2904 5113; x_wconf 74' lang='grc' dir='ltr'>ἔλαττον</span> <span class='ocrx_word' id='word_1_711' title='bbox 2946 5061 3296 5132; x_wconf 71' lang='grc' dir='ltr'>Ἀντιοχείας.</span> <span class='ocrx_word' id='word_1_712' title='bbox 3325 5063 3597 5122; x_wconf 81' lang='grc' dir='ltr'>Τοσοῦτον</span> 
     </span>
    </p>
   </div>
   <div class='ocr_carea' id='block_1_98' title="bbox 1997 5155 3595 5240">
    <p class='ocr_par' dir='ltr' id='par_1_98' title="bbox 1997 5155 3595 5240">
     <span class='ocr_line' id='line_1_98' title="bbox 1997 5155 3595 5240; baseline 0.009 -31"><span class='ocrx_word' id='word_1_713' title='bbox 1997 5155 2060 5209; x_wconf 86' lang='grc' dir='ltr'>τὺ</span> <span class='ocrx_word' id='word_1_714' title='bbox 2089 5156 2312 5225; x_wconf 88' lang='grc' dir='ltr'>θάλπος,</span> <span class='ocrx_word' id='word_1_715' title='bbox 2341 5160 2580 5231; x_wconf 90' lang='grc' dir='ltr'>τοσαύτη</span> <span class='ocrx_word' id='word_1_716' title='bbox 2621 5163 2656 5231; x_wconf 83' lang='grc' dir='ltr'><strong>ἡ</strong></span> <span class='ocrx_word' id='word_1_717' title='bbox 2705 5162 2977 5234; x_wconf 85' lang='grc' dir='ltr'>εὐκρασία</span> <span class='ocrx_word' id='word_1_718' title='bbox 3013 5163 3110 5216; x_wconf 82' lang='grc' dir='ltr'>τοῦ</span> <span class='ocrx_word' id='word_1_719' title='bbox 3161 5163 3345 5235; x_wconf 82' lang='grc' dir='ltr'>ἀέρος.</span> <span class='ocrx_word' id='word_1_720' title='bbox 3379 5166 3595 5240; x_wconf 79' lang='grc' dir='ltr'>Σφόδρα</span> 
     </span>
    </p>
   </div>
   <div class='ocr_carea' id='block_1_99' title="bbox 1999 5247 3655 5344">
    <p class='ocr_par' dir='ltr' id='par_1_99' title="bbox 1999 5247 3655 5344">
     <span class='ocr_line' id='line_1_99' title="bbox 1999 5247 3655 5344; baseline 0.011 -32"><span class='ocrx_word' id='word_1_721' title='bbox 1999 5259 2056 5312; x_wconf 87' lang='grc' dir='ltr'>δέ</span> <span class='ocrx_word' id='word_1_722' title='bbox 2098 5277 2166 5331; x_wconf 91' lang='grc' dir='ltr'>με</span> <span class='ocrx_word' id='word_1_723' title='bbox 2203 5261 2486 5335; x_wconf 88' lang='grc' dir='ltr'>ἐλύπησας</span> <span class='ocrx_word' id='word_1_724' title='bbox 2528 5263 2784 5332; x_wconf 79' lang='grc' dir='ltr'>εἰποῦσα,</span> <span class='ocrx_word' id='word_1_725' title='bbox 2809 5267 2892 5320; x_wconf 79' lang='grc' dir='ltr'>ὅτι</span> <span class='ocrx_word' id='word_1_726' title='bbox 2939 5268 3072 5333; x_wconf 73' lang='grc' dir='ltr'>ἴσως</span> <span class='ocrx_word' id='word_1_727' title='bbox 3122 5270 3219 5322; x_wconf 76' lang='grc' dir='ltr'>καὶ</span> <span class='ocrx_word' id='word_1_728' title='bbox 3266 5247 3405 5340; x_wconf 77' lang='grc' dir='ltr'>πρὸς</span> <span class='ocrx_word' id='word_1_729' title='bbox 3443 5274 3595 5344; x_wconf 71' lang='grc' dir='ltr'>ἡμᾶς</span> <span class='ocrx_word' id='word_1_730' title='bbox 3651 5258 3655 5263; x_wconf 42' lang='grc'><strong>”</strong></span> 
     </span>
    </p>
   </div>
   <div class='ocr_carea' id='block_1_100' title="bbox 2002 5363 3594 5449">
    <p class='ocr_par' dir='ltr' id='par_1_100' title="bbox 2002 5363 3594 5449">
     <span class='ocr_line' id='line_1_100' title="bbox 2002 5363 3594 5449; baseline 0.01 -34"><span class='ocrx_word' id='word_1_731' title='bbox 2002 5363 2146 5435; x_wconf 79' lang='grc' dir='ltr'>λυπῇ</span> <span class='ocrx_word' id='word_1_732' title='bbox 2179 5365 2256 5429; x_wconf 84' lang='grc' dir='ltr'>ὡς</span> <span class='ocrx_word' id='word_1_733' title='bbox 2281 5368 2689 5440; x_wconf 78' lang='grc' dir='ltr'>ἀμελήσαντας.</span> <span class='ocrx_word' id='word_1_734' title='bbox 2726 5370 2920 5425; x_wconf 82' lang='grc' dir='ltr'>Καίτοι</span> <span class='ocrx_word' id='word_1_735' title='bbox 2960 5389 3026 5442; x_wconf 92' lang='grc' dir='ltr'>γε</span> <span class='ocrx_word' id='word_1_736' title='bbox 3064 5374 3174 5444; x_wconf 85' lang='lat'><em>1:96</em></span> <span class='ocrx_word' id='word_1_737' title='bbox 3206 5373 3418 5429; x_wconf 84' lang='grc' dir='ltr'>πολλῶν</span> <span class='ocrx_word' id='word_1_738' title='bbox 3456 5378 3594 5449; x_wconf 77' lang='grc' dir='ltr'>ἡμι-</span> 
     </span>
    </p>
   </div>
   <div class='ocr_carea' id='block_1_101' title="bbox 2001 5471 3591 5554">
    <p class='ocr_par' dir='ltr' id='par_1_101' title="bbox 2001 5471 3591 5554">
     <span class='ocr_line' id='line_1_101' title="bbox 2001 5471 3591 5554; baseline 0.008 -28"><span class='ocrx_word' id='word_1_739' title='bbox 2001 5471 2113 5543; x_wconf 89' lang='grc' dir='ltr'>ρῶν</span> <span class='ocrx_word' id='word_1_740' title='bbox 2148 5475 2439 5533; x_wconf 81' lang='grc' dir='ltr'>ἐπέστειλα</span> <span class='ocrx_word' id='word_1_741' title='bbox 2468 5478 2606 5549; x_wconf 82' lang='grc' dir='ltr'>πρὸς</span> <span class='ocrx_word' id='word_1_742' title='bbox 2641 5480 2741 5550; x_wconf 74' lang='grc' dir='ltr'>τὴν</span> <span class='ocrx_word' id='word_1_743' title='bbox 2772 5480 2869 5552; x_wconf 81' lang='grc' dir='ltr'>σὴν</span> <span class='ocrx_word' id='word_1_744' title='bbox 2895 5481 3206 5554; x_wconf 89' lang='grc' dir='ltr'>τιμιότητα,</span> <span class='ocrx_word' id='word_1_745' title='bbox 3250 5483 3591 5551; x_wconf 86' lang='grc' dir='ltr'>παρακαλῶν</span> 
     </span>
    </p>
   </div>
   <div class='ocr_carea' id='block_1_102' title="bbox 2066 5716 3584 5788">
    <p class='ocr_par' dir='ltr' id='par_1_102' title="bbox 2066 5716 3584 5788">
     <span class='ocr_line' id='line_1_102' title="bbox 2066 5716 3584 5788; baseline 0.008 -23"><span class='ocrx_word' id='word_1_746' title='bbox 2066 5716 2224 5788; x_wconf 42' lang='lat' dir='ltr'>{Duo</span> <span class='ocrx_word' id='word_1_747' title='bbox 2247 5719 2472 5788; x_wconf 56' lang='lat'><em>1935.319}</em></span> <span class='ocrx_word' id='word_1_748' title='bbox 2493 5720 2584 5783; x_wconf 78' lang='grc' dir='ltr'>γὰρ</span> <span class='ocrx_word' id='word_1_749' title='bbox 2610 5721 2733 5786; x_wconf 67' lang='grc' dir='ltr'>ἔχων</span> <span class='ocrx_word' id='word_1_750' title='bbox 2773 5724 2902 5774; x_wconf 82' lang='grc' dir='ltr'>οὕτω</span> <span class='ocrx_word' id='word_1_751' title='bbox 2933 5724 3193 5788; x_wconf 83' lang='grc' dir='ltr'>διάκειμαι.</span> <span class='ocrx_word' id='word_1_752' title='bbox 3213 5722 3359 5776; x_wconf 68' lang='lat' dir='ltr'><strong>Alius</strong></span> <span class='ocrx_word' id='word_1_753' title='bbox 3382 5725 3464 5776; x_wconf 71' lang='grc' dir='ltr'>καὶ</span> <span class='ocrx_word' id='word_1_754' title='bbox 3492 5719 3584 5788; x_wconf 74' lang='grc' dir='ltr'>γὰρ</span> 
     </span>
    </p>
   </div>
   <div class='ocr_carea' id='block_1_103' title="bbox 2002 5779 2624 5843">
    <p class='ocr_par' dir='ltr' id='par_1_103' title="bbox 2002 5779 2624 5843">
     <span class='ocr_line' id='line_1_103' title="bbox 2002 5779 2624 5843; baseline 0.011 -16"><span class='ocrx_word' id='word_1_755' title='bbox 2002 5780 2067 5833; x_wconf 83' lang='grc' dir='ltr'>ὡς</span> <span class='ocrx_word' id='word_1_756' title='bbox 2089 5782 2212 5843; x_wconf 74' lang='grc' dir='ltr'>ιχων</span> <span class='ocrx_word' id='word_1_757' title='bbox 2224 5780 2350 5829; x_wconf 76' lang='grc' dir='ltr'>οὕτω</span> <span class='ocrx_word' id='word_1_758' title='bbox 2369 5779 2624 5843; x_wconf 69' lang='grc' dir='ltr'>διάκειμαι.</span> 
     </span>
    </p>
   </div>
  </div>
