4078 6426
241 333 347 391 σιτ

241 456 426 504 tecum
464 447 779 519 agebamus,
827 458 896 500 ne
924 457 1021 497 nos
1062 440 1191 495 hinc.
1213 451 1514 495 emoveres.
1576 435 1689 505 Ego
1721 447 1852 488 vero

245 537 376 596 illud
429 551 639 593 mecum
679 536 917 607 cogitare
949 541 1223 604 poteram,
1271 529 1427 599 longa
1477 527 1569 582 tibi
1610 526 1854 581 oratione

252 631 547 701 multisque
569 627 846 685 laboribus
882 641 946 683 ac
974 623 1260 680 sudoribus
1285 637 1420 692 opus
1452 621 1599 686 fore,
1637 628 1690 674 ut
1719 616 1852 673 mihi

243 723 312 779 de
345 724 450 778 hoc
472 722 638 777 verbo
665 718 1026 774 satisfacetes.
1059 716 1394 784 Quamquam
1421 712 1646 767 fortasse
1674 709 1852 778 aliqua

242 833 309 872 ex
345 826 498 887 parte
542 814 871 881 satisfecisti,
916 828 1038 869 cum
1068 812 1152 866 his
1182 811 1360 866 verbis
1411 824 1504 864 usa
1549 821 1648 874 es,
1706 804 1850 866 Istud

242 909 525 964 dumtaxat
551 907 751 977 cogito,
784 914 842 959 ut
866 904 1224 959 calamitatem
1254 916 1428 956 meam
1475 914 1722 969 augeam.
1779 899 1850 952 At

243 1000 348 1055 hoc
376 1014 591 1071 quoque
619 1013 834 1053 rursum
866 998 917 1050 in
946 1010 1174 1052 summo-
1208 995 1433 1049 crimine
1473 1007 1615 1063 pono
1642 1033 1658 1058 ,
1706 989 1850 1062 quod

241 1097 398 1152 aiste
431 1095 662 1150 libenter
681 1094 750 1150 de
789 1093 1051 1149 industria
1082 1093 1296 1147 dolores
1328 1091 1422 1146 tibi
1453 1105 1548 1160 per
1569 1090 1851 1160 cogitatio-

242 1203 342 1244 nes
362 1202 643 1243 accersere
675 1203 688 1240 :
718 1202 842 1241 nam
871 1201 992 1241 cum
1022 1194 1072 1241 te
1101 1184 1236 1240 nihil
1263 1198 1368 1238 non
1399 1197 1560 1252 agere
1587 1195 1648 1235 ac
1671 1179 1849 1234 moliri

241 1287 508 1349 oporteat,
526 1293 632 1347 quo
653 1279 815 1332 animi
837 1292 1125 1334 mmrorem
1154 1275 1485 1346 exstinguas,
1504 1275 1618 1344 ipsa
1645 1283 1847 1338 tamen,

239 1370 385 1444 Quod
414 1369 632 1425 diabolo
660 1377 872 1440 gratum
903 1379 984 1424 est
1004 1409 1018 1434 ,
1070 1367 1224 1432 facis,
1279 1380 1566 1420 mmrorcm
1601 1364 1850 1419 videlicet

240 1445 517 1531 animique
549 1460 850 1516 molestiam
877 1475 1099 1530 augens.
1145 1461 1226 1511 An
1252 1466 1300 1512 te
1321 1455 1478 1527 fugit,
1503 1471 1662 1527 quam
1686 1469 1850 1526 grave

239 1553 441 1608 malum
481 1554 552 1608 sit
581 1554 875 1610 mmstitia?
905 1554 982 1608 De
1013 1551 1207 1608 lsauris
1233 1562 1413 1606 autem
1445 1549 1578 1605 nihil
1599 1557 1683 1604 est
1706 1547 1847 1620 quod

239 1645 468 1716 posthac
495 1655 702 1701 metuas
736 1661 751 1698 :
785 1644 986 1701 etenim
1019 1644 1073 1698 in
1095 1644 1369 1713 regionem
1410 1656 1564 1696 suam
1613 1656 1732 1696 sese
1756 1656 1846 1695 re-

240 1747 504 1809 ceperunt
540 1756 553 1792 :
588 1739 748 1809 idque
795 1744 855 1792 ut
893 1735 1167 1800 facerent,
1214 1750 1246 1790 a
1295 1734 1547 1804 prmfccto
1591 1733 1724 1788 nihil
1765 1741 1850 1788 est

241 1831 662 1902 praetermissum
691 1846 706 1884 :
739 1829 1011 1900 multoque
1040 1830 1202 1884 tutior
1229 1827 1316 1883 hic
1345 1843 1486 1894 sum,
1520 1842 1684 1898 quam
1717 1841 1838 1882 cum

242 1921 510 1979 Czesarcae
537 1935 801 1977 essemus.
845 1920 1127 1976 Neminem
1152 1922 1296 1976 enim
1317 1930 1422 1974 tam
1453 1928 1656 1984 metuo,
1685 1933 1845 1987 quam

239 2015 548 2085 episcopos,
609 2014 795 2085 paucis
831 2015 1090 2084 exceptis.
1143 2014 1327 2084 Itaque
1371 2012 1440 2068 de
1486 2012 1683 2069 lsauris
1713 2010 1847 2065 nihil

239 2117 487 2164 metuas:
519 2107 722 2163 etenim
752 2116 1118 2174 recesserunt,
1149 2117 1376 2180 ortaque
1401 2105 1578 2162 hieme
1607 2105 1752 2160 domi
1784 2119 1844 2159 se

242 2197 602 2265 incluserunt,
638 2198 822 2253 nescio
868 2213 934 2251 an
976 2207 1097 2268 post
1147 2197 1507 2252 Pentecosten
1554 2196 1843 2267 egressuri.

237 2289 528 2358 Quomodo
563 2289 740 2345 nullas
772 2298 826 2345 te
844 2289 1030 2345 literas
1054 2290 1299 2359 recipere
1330 2287 1445 2344 ais?
1477 2288 1611 2345 Tres
1632 2288 1745 2358 jam
1778 2286 1847 2342 ad

237 2387 290 2435 te
314 2380 577 2451 epistolas
597 2381 741 2447 misi,
763 2394 923 2435 unam
946 2395 1044 2451 per
1073 2380 1356 2452 prtetorios
1380 2380 1601 2448 milites,
1620 2380 1847 2436 alteram

237 2484 334 2542 per
358 2472 682 2540 Antonium,
713 2471 876 2526 aliam
907 2488 1002 2543 per
1030 2473 1289 2534 famulum
1331 2481 1479 2528 tuum
1511 2473 1844 2540 Anatolium,

239 2563 428 2634 longas
449 2579 642 2621 omnes
666 2582 678 2620 :
713 2566 1019 2636 przesertim
1047 2575 1228 2621 autem
1251 2566 1386 2621 duas
1413 2566 1701 2636 ejusmodi,
1727 2582 1847 2636 qua:

239 2654 504 2712 salutiferi
563 2656 939 2712 medicamenti
1010 2658 1178 2712 instar
1237 2658 1538 2729 quemlibet
1608 2672 1846 2714 mmrore

239 2745 527 2814 afﬂictum,
549 2755 711 2818 atque
736 2747 1047 2803 scandalum
1068 2749 1360 2819 patientem
1384 2764 1658 2817 recreare,
1687 2750 1848 2819 atque

237 2837 307 2893 ad
335 2837 604 2908 integram
636 2839 798 2893 animi
835 2840 1276 2910 tranquillitatem
1317 2856 1575 2897 revocare
1615 2840 1842 2912 possint.

236 2927 344 2985 llas
393 2929 560 3000 igitur
604 2944 725 2985 cum
782 2933 1091 3001 acceperis,
1142 2932 1372 2988 subinde
1421 2941 1582 3003 atque
1630 2933 1846 2989 assidue

236 3021 544 3090 pervolvas,
567 3030 729 3092 atque
757 3038 942 3078 earum
965 3024 1071 3078 vim
1098 3032 1153 3079 et
1173 3023 1481 3079 facultatem
1507 3024 1803 3095 perspicies
1828 3042 1842 3080 :

236 3128 300 3168 ae
321 3113 704 3169 medicamenti
731 3114 1014 3170 utilitatem
1044 3114 1259 3171 abunde
1298 3116 1594 3185 experieris
1613 3159 1627 3181 ,
1657 3117 1845 3171 nobis-

236 3220 340 3276 que
371 3215 425 3262 te
457 3205 691 3261 fructum
720 3207 846 3262 hinc
872 3210 1180 3279 percepisse
1205 3209 1500 3265 nuntiabis.
1537 3209 1633 3266 ESt
1661 3220 1842 3266 autem

238 3313 406 3367 penes
455 3314 543 3353 me
571 3300 728 3354 tertia
759 3315 978 3370 quoque
1006 3300 1250 3370 ejusdem
1304 3303 1628 3372 argumenti,
1684 3320 1843 3374 quam

237 3402 383 3443 nunc
411 3387 479 3442 ad
510 3397 562 3443 te
591 3390 807 3446 mittere
837 3391 983 3446 nolui
1016 3410 1028 3445 :
1073 3409 1270 3463 magno
1300 3393 1444 3449 enim
1491 3395 1677 3451 dolore
1723 3397 1847 3450 hinc

234 3494 352 3533 sum
383 3477 629 3546 allectus,
672 3481 814 3551 quod
859 3492 909 3537 te
937 3483 1162 3539 acerbas
1190 3487 1545 3556 cogitationes
1570 3489 1847 3545 cumulare

236 3571 454 3638 scribis,
483 3581 646 3643 atque
673 3589 734 3628 ea
765 3591 886 3646 quae
925 3591 1030 3630 non
1059 3585 1185 3631 sunt
1209 3578 1488 3648 efﬁngere.
1522 3581 1674 3648 Quod
1721 3583 1844 3652 qui-

237 3661 360 3718 dem
391 3665 618 3720 verbum
647 3681 676 3719 a
724 3674 776 3721 te
819 3667 1048 3737 proferri
1076 3670 1298 3725 minime
1331 3671 1514 3727 decuit
1561 3691 1574 3728 :
1619 3674 1846 3744 ejusque

236 3770 401 3812 causa
448 3758 566 3828 ipse
594 3775 807 3830 quoque
861 3762 1129 3818 erubesco
1175 3778 1238 3819 ac
1292 3764 1494 3833 pudore
1541 3765 1843 3822 suffundor.

234 3847 508 3905 Caeterum
537 3837 942 3920 epistolas'illas
969 3855 1086 3924 lege
1111 3897 1126 3920 ,
1174 3871 1238 3911 ac
1264 3857 1372 3926 jam
1404 3857 1485 3912 his
1526 3859 1708 3914 verbis
1763 3861 1840 3915 uti

231 3941 471 4010 desines,
501 3943 714 4000 etiamsi
745 3945 944 4016 alioqui
976 3949 1282 4004 sexcenties
1324 3966 1555 4006 mmrcre
1598 3952 1842 4008 studeas.

237 4032 505 4100 Quoniam
537 4046 716 4091 autem
737 4038 803 4093 de
826 4039 1109 4095 Heraclide
1135 4057 1348 4111 quoque
1377 4045 1631 4113 episc0po
1659 4046 1725 4099 ad
1759 4061 1846 4101 me

233 4125 522 4196 scripsisti,
553 4127 679 4181 licet
706 4128 844 4196 ipsi,
889 4131 932 4184 si
965 4133 1134 4196 velit,
1189 4132 1497 4188 instantiam
1553 4136 1683 4191 dare
1738 4139 1842 4208 (α),

233 4225 394 4287 atque
425 4219 498 4272 ita
526 4220 791 4274 molestiis
813 4222 1064 4278 omnibus
1087 4223 1300 4295 defungi
1335 4245 1348 4280 :
1384 4226 1512 4280 nihil
1536 4228 1678 4282 enim
1702 4229 1845 4284 aliud

231 4319 500 4378 superest.
557 4310 671 4381 Ego
701 4328 830 4368 vero
859 4315 960 4369 etsi
987 4316 1122 4370 nihil
1149 4318 1438 4372 admodum
1471 4319 1840 4390 proficiebam,

237 4407 419 4456 tamen
445 4401 718 4457 dominam
744 4420 918 4460 meam
950 4407 1264 4462 Pentadiam
1292 4411 1471 4464 monui
1495 4454 1508 4475 ,
1546 4421 1602 4464 ut
1628 4429 1842 4468 omnem

236 4487 568 4560 diligentiam
593 4493 894 4561 adhiberet,
916 4513 1021 4566 quo
1040 4500 1332 4554 calamitati
1356 4502 1602 4556 solatium
1630 4504 1844 4574 aliquod

235 4583 526 4640 inveniret.
579 4587 674 4641 Ais
698 4597 874 4642 autem
907 4596 957 4643 te
977 4631 992 4655 ,
1033 4591 1175 4661 quod
1205 4593 1274 4645 ita
1303 4593 1394 4646 tibi
1426 4595 1494 4646 ab
1521 4610 1584 4648 eo
1614 4595 1843 4662 impera-

237 4682 351 4728 tum
379 4685 545 4740 esset,
576 4675 644 4732 de
664 4677 748 4732 his
771 4680 1031 4736 molestiis
1053 4685 1338 4739 certiorem
1359 4702 1442 4740 me
1468 4687 1642 4744 facere
1659 4705 1842 4744 ausam

234 4781 380 4823 esse.
429 4767 560 4834 Qua:
587 4779 767 4824 autem
796 4772 912 4827 lucc
938 4773 1157 4828 audacia
1186 4775 1305 4830 est?

307 4858 462 4913 Nihil
490 4862 755 4916 molestum
781 4875 965 4935 preter
984 4879 1341 4936 pcecatum.—
1356 4872 1655 4944 Numquam
1686 4875 1845 4944 igitur

230 4950 337 5007 hoc
382 4953 563 5010 dicere
606 4954 808 5022 destiti,
857 4975 957 5015 nec
1003 4959 1280 5027 desistam,
1332 4980 1490 5020 unam
1523 4967 1694 5022 solum
1728 4984 1841 5022 rem

231 5043 518 5100 molestam
561 5061 717 5110 esse,
783 5065 979 5119 nempe
1023 5065 1300 5121 peccatum
1343 5048 1355 5108 Ξ
1405 5057 1606 5126 reliqua
1663 5064 1840 5114 omnia

231 5135 470 5205 pulveris
511 5152 574 5192 ac
623 5138 752 5194 fumi
800 5143 969 5197 instar
999 5160 1136 5199 esse.
1167 5147 1298 5214 Quae
1320 5149 1588 5216 molestia,
1625 5167 1842 5209 carcere

227 5228 406 5283 claudi
434 5244 496 5284 ac
525 5233 728 5288 catenis
754 5235 978 5289 vinciri?
1013 5254 1130 5305 qum
1161 5241 1402 5295 molestia
1446 5244 1840 5300 calamitatibus

290 5365 372 5438 (αλ
403 5367 889 5442 ιη’(ἱςξιξςονὴξιὺςωτ,
931 5380 1055 5442 ξοῡναι
1089 5385 1278 5442 iung“.
1328 5383 1375 5442 ln
1417 5377 1645 5442 Basilicis,
1683 5381 1841 5442 inquit

225 5427 436 5497 Cangius
447 5428 492 5497 in
505 5427 741 5479 Glossariu
755 5427 1046 5492 Graeco,me
1060 5437 1334 5497 signiﬁcant
1349 5439 1559 5490 hazredis
1572 5427 1841 5490 'instituiio;

231 5489 349 5565 nem
375 5501 388 5537 :
411 5489 492 5565 hic
515 5503 654 5565 vero.
677 5500 801 5565 sese:
825 5489 992 5565 ῑνᾳτέισιν
1010 5535 1021 5553 ,
1048 5489 1160 5558 quin
1178 5507 1255 5548 est
1266 5500 1485 5565 juridica
1509 5489 1738 5565 loquendi
1756 5489 1841 5552 ira-

236 5551 321 5624 tio,
347 5548 484 5624 nullo
528 5553 672 5624 modo
717 5559 883 5615 potest
917 5548 1179 5608 hoc'sénsu
1204 5548 1739 5624 acéipi’ﬂ'nitaliaalii};
1765 5548 1838 5614 i5-

227 5611 443 5686 gzendum
461 5611 862 5686 ppittatur,'sosm
886 5629 1081 5686 ῑιστεισιν,
1124 5624 1251 5686 quod
1300 5611 1836 5686 signiﬁcaret,abdica-

233 5674 418 5721 tionem
442 5675 562 5745 dare
582 5689 595 5732 ;
619 5678 701 5748 qui
723 5691 926 5748 “sensus
949 5681 1025 5729 hic
1058 5674 1276 5743 apprime
1308 5674 1588 5748 qnadraret.
1606 5674 1704 5736 'Sed
1727 5674 1836 5737 cum

229 5744 402 5810 omnes
432 5738 633 5785 omnino
663 5738 792 5808 _Editi
835 5750 985 5803 atque
1033 5738 1137 5792 nss‘.
1165 5738 1340 5797 δεταιιὶ
1357 5748 1597 5810 habeant,
1634 5763 1836 5800 sensum

229 5801 420 5846 mutare
444 5810 544 5848 non
569 5801 673 5847 ausi
697 5813 880 5853 smnus.

551 5901 825 5964 ΡΑτιιοι..
875 5906 992 5967 Gn.
1042 5908 1171 5971 ιιι.

1708 317 2087 376 Εριδτοιιιῖ.
3472 321 3576 383 ots
3622 396 3624 399 τ

1970 434 2162 502 premi,
2190 446 2312 486 cum
2336 431 2613 489 calamitas
2646 443 2912 491 tantarum
2939 451 3102 508 opum
3129 453 3292 495 causa
3321 441 3429 496 sit?
3455 447 3574 514 qui

1964 524 2233 590 molestia,
2280 525 2540 594 relegatio
2582 539 2646 582 ac
2703 525 2968 584 bonorum
3023 532 3383 602 proscriptio?
3424 531 3570 592 Mer:

1962 614 2124 669 verba
2173 614 2291 670 haec
2337 626 2484 684 sunt,
2529 631 2710 672 rerum
2740 619 3033 676 acerbitate
3060 637 3227 677 vacua
3256 639 3270 677 :
3301 625 3464 682 verba
3505 641 3568 686 ex

1963 719 2199 762 maerore
2235 706 2495 776 profecta.
2542 708 2675 764 Nam
2705 708 2818 766 sive
2845 719 3075 768 mortem
3110 713 3333 782 dixeris,
3367 725 3560 773 natura

1962 796 2202 853 debitum
2230 798 2384 866 dicis,
2415 800 2560 871 quod
2591 802 2807 872 quidem
2837 806 3060 860 omnino
3101 806 3439 864 subeundum
3468 821 3570 875 est,

1961 890 2172 948 etiamsi
2222 907 2254 946 a
2306 894 2524 949 nemine
2580 895 2845 950 inferatur
2875 913 2888 952 :
2919 897 3035 953 sive
3063 900 3312 955 exsilium
3345 901 3571 973 dixeris,

1961 981 2096 1037 nihil
2139 982 2283 1038 aliud
2332 983 2490 1051 dicis,
2519 1001 2679 1057 quam
2707 988 2946 1059 regionis
2970 1004 3034 1046 ac
3057 992 3345 1050 multarum
3388 997 3573 1052 civita-

1963 1084 2073 1130 tum
2145 1088 2542 1146 prospectum:
2582 1080 2698 1136 sive
2775 1080 3045 1140 bonorum
3119 1081 3570 1161 proscriptionem

1959 1167 2183 1236 dixeris,
2230 1169 2533 1228 libertatem
2575 1171 2733 1242 dicis,
2778 1189 2844 1231 ac
2884 1175 3119 1242 solutum
3165 1189 3224 1237 et
3263 1183 3571 1254 expeditum

1959 1272 2101 1314 esse.

2033 1349 2086 1406 5.
2132 1351 2432 1408 Marutham
2463 1356 2774 1428 episcopum
2810 1357 2911 1432 (α),
2940 1373 3199 1432 quantum
3229 1365 3281 1421 in
3310 1373 3362 1422 te
3390 1368 3572 1440 fuerit,

1959 1441 2209 1497 omnibus
2236 1442 2428 1499 ofﬁciis
2467 1448 2754 1517 complecti
2801 1466 2870 1505 ne
2915 1451 3152 1520 desinas,
3185 1464 3244 1510 ut
3265 1471 3387 1512 eum
3414 1468 3447 1515 ο
3471 1459 3571 1519 h-

1958 1531 2142 1587 rathro
2172 1534 2452 1591 extrahas.
2498 1537 2632 1593 Nam
2659 1540 2778 1610 ejus
2800 1556 2963 1612 opera
2987 1543 3059 1599 ob
3095 1545 3333 1603 Persidis
3359 1553 3572 1621 negotia

1958 1638 2287 1696 magnopere
2315 1642 2469 1698 egeo.
2501 1631 2699 1701 Atque,
2732 1633 2779 1688 si
2809 1634 2863 1689 id
2888 1651 2917 1689 a
2947 1645 3000 1692 te
3031 1637 3148 1693 ﬁeri
3177 1649 3375 1709 potest,
3410 1658 3477 1697 ex
3505 1659 3573 1699 eo

1959 1713 2219 1806 intellige,
2253 1719 2508 1789 quidnam
2534 1723 2645 1777 illic
2672 1724 2839 1796 ipsius
2865 1727 3046 1783 studio
3062 1739 3226 1801 atque
3253 1748 3416 1804 opera
3451 1751 3574 1806 pcr-

1958 1805 2158 1864 fectum
2201 1811 2310 1866 sit:
2343 1822 2399 1868 et
2442 1829 2540 1870 cur
2582 1817 2721 1873 istuc
2762 1821 3035 1890 profectus
3069 1824 3159 1892 sit,
3187 1825 3274 1883 fac
3301 1805 3491 1898 sciam,
3516 1841 3576 1888 et

1961 1914 2089 1954 num
2121 1902 2171 1957 ei
2201 1901 2337 1958 duas
2363 1905 2643 1975 epistolas,
2673 1925 2808 1980 quas
2834 1912 2902 1968 ad
2921 1929 3044 1969 eum
3075 1916 3220 1983 misi,
3246 1920 3568 1991 reddideris;

1958 1991 2001 2046 si
2025 1994 2093 2048 ad
2125 2010 2212 2049 me
2237 1997 2479 2053 scribere
2509 2000 2660 2067 velit,
2695 2019 2911 2058 rursum
2953 2008 3225 2076 scribam;
3258 2013 3341 2066 sin
3372 2017 3572 2071 rescri-

1957 2083 2086 2141 bere
2128 2100 2402 2159 gravetur,
2453 2092 2666 2162 saltem,
2707 2097 2836 2166 quid
2880 2099 2990 2154 illic
3017 2101 3316 2170 profectum
3352 2105 3442 2174 sit,
3477 2109 3573 2165 tibi

1957 2191 2211 2251 exponat,
2241 2190 2296 2238 et
2322 2187 2582 2256 numquid
2613 2203 2800 2245 rursus
2821 2191 3012 2246 eodem
3041 2194 3391 2263 proficiscens
3428 2215 3572 2269 prte-

1957 2272 2182 2339 stiturus
2224 2275 2315 2331 sit.
2365 2277 2498 2333 Nam
2531 2294 2632 2350 ego
2661 2280 2762 2338 hac
2789 2282 2858 2340 de
2887 2301 3047 2343 causa
3079 2288 3254 2359 ipsum
3281 2296 3574 2354 convenire

1956 2365 2266 2424 studebam.
2311 2368 2613 2442 Utcumque
2654 2373 2746 2440 sit,
2790 2377 3047 2448 quidquid
3097 2391 3307 2439 tuarum
3338 2387 3571 2455 partium

1956 2467 2062 2526 est,
2112 2469 2329 2530 praesta,
2375 2479 2683 2534 munusque
2733 2475 2880 2523 tuum
2921 2471 3102 2541 exple,
3133 2475 3344 2532 etiamsi
3383 2493 3574 2536 omnes

1957 2564 2130 2619 prono
2169 2553 2345 2623 capite
2382 2554 2438 2609 in
2485 2572 2729 2628 przeceps
2759 2559 3021 2618 ferantur.
3056 2563 3262 2622 Merces
3305 2569 3452 2625 enim
3481 2581 3570 2627 tua

1959 2645 2198 2697 numeris
2253 2645 2505 2703 omnibus
2561 2648 2809 2706 absoluta
2860 2653 2983 2709 erit.
3040 2655 3179 2712 Eum
3219 2657 3384 2730 igitur
3410 2674 3571 2732 quam

1959 2733 2193 2790 maxime
2233 2738 2457 2806 poteris,
2489 2739 2826 2799 demereare.
2863 2745 2977 2802 Hoc
3004 2759 3185 2805 autem
3216 2753 3358 2821 quod
3395 2754 3572 2810 dictu-

1957 2839 2050 2879 rus
2077 2839 2218 2894 sum,
2249 2842 2316 2883 ne
2346 2839 2658 2900 prmtereas,
2689 2851 2876 2891 verum
2910 2837 2977 2894 de
3006 2855 3072 2894 eo
3103 2857 3358 2914 perquam
3383 2847 3572 2916 ingens

1957 2916 2191 2972 studium
2219 2920 2497 2978 exhibeas.
2531 2923 2899 2984 Narravcrunt
2939 2931 3070 2987 mihi
3100 2933 3259 2990 Marsi
3293 2950 3358 2991 ac
3386 2936 3573 2994 Gotthi

1957 3009 2244 3101 monachi,
2295 3013 2437 3083 apud
2479 3031 2616 3085 quos
2663 3017 2927 3091 Serapion
2971 3025 3259 3096 episcOpus
3307 3040 3573 3101 perpetuo

1957 3098 2324 3170 delitescebat,
2354 3103 2690 3163 Moduarium
2713 3110 2999 3168 diaconum
3026 3115 3259 3185 venisse,
3289 3098 3426 3176 illud
3441 3120 3573 3178 aﬂ‘e—

1957 3204 2189 3259 rentem,
2222 3195 2595 3254 admirandum
2627 3201 2777 3257 illum
2805 3206 3119 3278 episcopum
3150 3208 3384 3280 Unilam,
3409 3229 3570 3285 quem

1958 3304 2064 3342 non
2117 3289 2188 3342 ita
2237 3289 2444 3359 pridem
2494 3295 2738 3350 ordinavi
2794 3309 2955 3369 atque
3013 3302 3065 3356 in
3120 3305 3394 3364 Gottltiam
3423 3310 3570 3375 misi,

1958 3380 2140 3435 multis
2165 3399 2228 3437 ac
2254 3383 2459 3454 magnis
2491 3387 2652 3443 rebus
2681 3392 2866 3460 gestis,
2905 3393 3048 3449 dicm
3076 3410 3234 3452 suum
3266 3410 3570 3458 extremum

1956 3473 2214 3531 clausisse
2240 3494 2253 3531 :
2299 3493 2362 3533 ac
2411 3481 2553 3552 regis
2583 3481 2905 3540 Gotthorum
2932 3487 3121 3544 literas
3147 3493 3418 3561 attulisse,
3448 3497 3573 3565 qui-

1957 3565 2079 3630 bus,
2123 3576 2186 3621 ut
2221 3567 2287 3623 ad
2329 3585 2424 3627 eos
2464 3574 2753 3644 episcopus
2793 3578 3054 3646 mittatur,
3103 3584 3255 3651 petit.
3304 3586 3574 3652 Quoniam

1959 3657 2117 3727 igitur
2143 3658 2208 3713 ad
2240 3661 2646 3720 subversionem
2673 3681 2815 3733 eam,
2852 3671 3002 3740 cujus
3023 3673 3184 3728 minae
3211 3675 3363 3732 nobis
3389 3678 3568 3733 inten-

1960 3757 2158 3819 tantur,
2178 3752 2554 3823 depellendam
2577 3759 2783 3815 nullum
2803 3761 2946 3818 aliud
2964 3764 3028 3819 ad
3030 3765 3333 3834 jumentum
3363 3774 3574 3844 conspi-

1957 3846 2058 3912 cio,
2095 3864 2252 3917 qnam
2291 3854 2692 3910 cunctationem
2723 3872 2788 3912 ac
2816 3858 3128 3916 dilationem
3173 3865 3190 3932 (
3223 3880 3398 3935 neque
3425 3867 3568 3921 enim

1958 3955 2099 3995 nunc
2129 3941 2227 4011 ipsi
2257 3944 2309 3998 in
2342 3944 2699 4016 Bosphorum,
2733 3959 2826 4005 aut
2849 3951 2901 4007 in
2949 3954 3068 4009 illas
3099 3967 3281 4023 partes
3319 3959 3571 4030 navigare

1960 4033 2229 4103 possunt),
2257 4034 2324 4089 da
2355 4050 2573 4106 operam
2603 4049 2661 4095 ttt
2689 4042 2813 4103 illos
2843 4047 3103 4115 tantisper
3144 4049 3213 4103 ob
3241 4049 3453 4107 hiemen
3485 4068 3573 4108 re~

1958 4127 2188 4180 moreris
2229 4144 2242 4180 :
2288 4127 2427 4195 haec,
2475 4147 2690 4200 quaeso,
2740 4151 2809 4190 ne
2858 4138 3190 4209 negligenter
3239 4153 3566 4210 praetereas:

1957 4217 2100 4273 istud
2145 4223 2286 4276 cnim
2333 4226 2550 4280 maximi
2596 4232 2852 4283 momenti
2902 4241 3001 4284 est.
3055 4233 3169 4286 Duo
3196 4237 3393 4305 quippe
3419 4249 3565 4306 sunt,

1957 4325 2077 4380 qua:
2121 4313 2166 4366 si
2209 4316 2540 4385 contingant,
2574 4321 2717 4389 quod
2769 4322 2908 4376 Deus
2939 4332 3166 4391 avertat,
3221 4330 3452 4384 maxime
3481 4346 3571 4385 me

1955 4405 2295 4472 excruciant;
2330 4424 2523 4479 nempe
2550 4421 2605 4466 et
2638 4414 2780 4483 quod
2811 4416 2878 4468 ab
2911 4416 3026 4469 istis
3055 4418 3324 4473 creandus
3353 4420 3446 4476 ille
3476 4423 3568 4489 sit,

1956 4503 2044 4568 qui
2091 4511 2167 4556 tot
2209 4503 2347 4558 mala
2400 4514 2801 4575 perpetrarunt,
2836 4520 2886 4564 et
2937 4526 2966 4564 a
2997 4512 3190 4580 quibus
3221 4515 3392 4568 creari
3417 4518 3569 4572 nefas

1957 4601 2070 4656 est;
2103 4602 2157 4648 et
2186 4595 2327 4663 quod
2361 4595 2677 4667 simpliciter
2707 4602 2968 4669 quispiam
2998 4612 3230 4658 creetur.
3261 4604 3394 4660 Nam
3423 4609 3568 4677 quod

1958 4702 2062 4740 non
2111 4688 2210 4742 hoc
2253 4691 2523 4756 studeant,
2558 4703 2614 4746 ut
2659 4695 2884 4762 probum
2919 4697 3090 4750 virum
3140 4698 3439 4767 instituant,
3473 4701 3566 4756 tibi

1955 4795 2167 4850 quoque
2217 4793 2558 4853 perspectum
2603 4794 2707 4840 est.
2739 4787 2891 4854 Quod
2925 4788 2970 4842 si
3015 4789 3119 4844 hoc
3151 4790 3258 4856 fiat,
3285 4791 3426 4861 quod
3456 4794 3567 4847 uti-

1955 4887 2077 4924 min
2127 4889 2194 4927 ne
2243 4874 2354 4936 liat,
2387 4890 2505 4945 qua:
2551 4876 2808 4949 deinceps
2834 4891 3127 4951 sequentur
3155 4881 3296 4936 haud
3327 4890 3380 4938 te
3409 4881 3565 4955 fugit.

1956 4965 2033 5018 Ac
2077 4965 2323 5033 proinde.
2377 4984 2443 5023 ne
2484 4970 2612 5038 quid
2664 4971 2852 5025 horum
2903 4974 3012 5037 liat,
3046 4974 3191 5028 omni
3223 4974 3399 5029 studio
3437 4990 3569 5031 eon-

1958 5059 2134 5113 lende.
2158 5060 2315 5127 Quod
2344 5062 2387 5115 si
2448 5062 2754 5120 Modnarius
2782 5066 2917 5120 clam
2941 5082 3003 5122 ac
3027 5067 3143 5121 sine
3187 5067 3297 5122 ullo
3339 5070 3568 5140 strepitu

1954 5152 2021 5207 ad
2053 5168 2151 5208 nos
2177 5171 2468 5212 excurrere
2499 5167 2700 5225 posset,
2733 5159 2786 5213 id
2816 5176 2995 5228 operte
3021 5162 3249 5230 pretium
3278 5171 3439 5218 esset.
3470 5164 3566 5218 Sin

1953 5255 2132 5300 autem
2175 5247 2224 5300 id
2271 5258 2522 5318 nequeat,
2555 5249 2704 5314 bant,
2735 5259 2794 5306 ut
2823 5251 2966 5318 licet,
2995 5269 3114 5323 quae
3144 5253 3260 5308 fieri
3291 5262 3566 5324 poterunt.

1954 5335 2085 5390 Nam
2115 5339 2256 5407 quod
2286 5340 2336 5393 in
2371 5341 2611 5409 pecuniis
2635 5356 2734 5396 usu
2757 5343 2918 5408 venit,
2950 5351 3108 5414 atque
3136 5346 3296 5400 etiam
3324 5347 3375 5401 in
3403 5349 3563 5404 vidua

1953 5429 2039 5483 illa
2082 5432 2324 5500 contigit,
2357 5430 2460 5486 hoc
2489 5447 2702 5503 quoque
2730 5434 2780 5486 in
2811 5437 3035 5504 negotiis
3067 5435 3243 5490 locum
3275 5437 3456 5495 habet.
3495 5440 3566 5497 Ut

1953 5524 2095 5577 enim
2143 5524 2229 5577 illa
2271 5524 2484 5580 duobus
2527 5527 2700 5581 obolis
2749 5530 2957 5583 collatis
3008 5545 3219 5596 omnes,
3271 5532 3362 5602 qui
3411 5533 3564 5601 plura

1951 5617 2311 5684 contulerant,
2356 5620 2648 5688 superavit,
2703 5631 2756 5674 ut
2787 5639 2906 5691 tnta:
2939 5623 3217 5678 universas
3258 5639 3384 5679 suas
3430 5640 3563 5695 opes

2015 5749 2088 5813 (α)
2123 5759 2192 5801 De
2219 5752 2432 5823 atarutha
2451 5753 2554 5823 viro
2578 5762 2747 5823 sancto
2786 5757 3017 5823 Episcopo
3058 5758 3436 5822 Martyropoleos
3457 5758 3558 5823 [lu-

1950 5814 2089 5865 ribus
2111 5823 2271 5864 actum
2299 5823 2377 5865 est
2400 5815 2451 5864 in
2477 5815 2573 5865 vita
2596 5814 2915 5881 chrysostOtni

3071 5919 3146 5979 15
