  <div class='ocr_page' id='page_1' title='image "/cluster/home/n/w/nwhite01/storage/ocr_20150623/52/ien.35556001660794/239.png"; bbox 0 0 4078 6444; ppageno 0'>
   <div class='ocr_carea' id='block_1_1' title="bbox 561 335 665 391">
    <p class='ocr_par' dir='ltr' id='par_1_1' title="bbox 561 335 665 391">
     <span class='ocr_line' id='line_1_1' title="bbox 561 335 665 391; baseline 0.01 -1"><span class='ocrx_word' id='word_1_1' title='bbox 561 335 665 391; x_wconf 76' lang='grc'><strong>819</strong></span> 
     </span>
    </p>
   </div>
   <div class='ocr_carea' id='block_1_2' title="bbox 567 453 2145 544">
    <p class='ocr_par' dir='ltr' id='par_1_2' title="bbox 567 453 2145 544">
     <span class='ocr_line' id='line_1_2' title="bbox 567 453 2145 544; baseline -0.012 -19"><span class='ocrx_word' id='word_1_2' title='bbox 567 467 887 544; x_wconf 85' lang='lat' dir='ltr'><strong>profudisset</strong></span> <span class='ocrx_word' id='word_1_3' title='bbox 923 464 1076 539; x_wconf 74' lang='lat' dir='ltr'><strong>(Luc.</strong></span> <span class='ocrx_word' id='word_1_4' title='bbox 1105 460 1198 519; x_wconf 64' lang='lat' dir='ltr'><strong>Il.</strong></span> <span class='ocrx_word' id='word_1_5' title='bbox 1222 459 1279 515; x_wconf 72' lang='grc'><strong>2.</strong></span> <span class='ocrx_word' id='word_1_6' title='bbox 1305 458 1362 532; x_wconf 82' lang='lat'><strong>&#39;5)</strong></span> <span class='ocrx_word' id='word_1_7' title='bbox 1387 475 1402 514; x_wconf 90' lang='lat'><strong>:</strong></span> <span class='ocrx_word' id='word_1_8' title='bbox 1432 455 1514 514; x_wconf 87' lang='lat' dir='ltr'><strong>sic</strong></span> <span class='ocrx_word' id='word_1_9' title='bbox 1547 456 1708 512; x_wconf 89' lang='lat' dir='ltr'><strong>etiam</strong></span> <span class='ocrx_word' id='word_1_10' title='bbox 1735 469 1826 525; x_wconf 75' lang='lat' dir='ltr'><strong>qui</strong></span> <span class='ocrx_word' id='word_1_11' title='bbox 1851 454 1905 508; x_wconf 86' lang='lat' dir='ltr'><strong>in</strong></span> <span class='ocrx_word' id='word_1_12' title='bbox 1936 453 2145 522; x_wconf 86' lang='lat' dir='ltr'><strong>negotia</strong></span> 
     </span>
    </p>
   </div>
   <div class='ocr_carea' id='block_1_3' title="bbox 565 547 2142 623">
    <p class='ocr_par' dir='ltr' id='par_1_3' title="bbox 565 547 2142 623">
     <span class='ocr_line' id='line_1_3' title="bbox 565 547 2142 623; baseline -0.011 -5"><span class='ocrx_word' id='word_1_13' title='bbox 565 563 712 618; x_wconf 90' lang='lat' dir='ltr'><strong>omni</strong></span> <span class='ocrx_word' id='word_1_14' title='bbox 738 561 899 616; x_wconf 91' lang='lat' dir='ltr'><strong>animi</strong></span> <span class='ocrx_word' id='word_1_15' title='bbox 921 556 1264 615; x_wconf 74' lang='lat' dir='ltr'><strong>contentione</strong></span> <span class='ocrx_word' id='word_1_16' title='bbox 1289 553 1622 619; x_wconf 89' lang='lat' dir='ltr'><strong>incumbunt,</strong></span> <span class='ocrx_word' id='word_1_17' title='bbox 1653 559 1908 623; x_wconf 89' lang='lat' dir='ltr'><strong>quantum</strong></span> <span class='ocrx_word' id='word_1_18' title='bbox 1931 547 2142 618; x_wconf 85' lang='lat' dir='ltr'><strong>quidem</strong></span> 
     </span>
    </p>
   </div>
   <div class='ocr_carea' id='block_1_4' title="bbox 564 641 2145 726">
    <p class='ocr_par' dir='ltr' id='par_1_4' title="bbox 564 641 2145 726">
     <span class='ocr_line' id='line_1_4' title="bbox 564 641 2145 726; baseline -0.008 -16"><span class='ocrx_word' id='word_1_19' title='bbox 564 657 619 710; x_wconf 91' lang='lat' dir='ltr'><strong>in</strong></span> <span class='ocrx_word' id='word_1_20' title='bbox 664 656 789 726; x_wconf 83' lang='lat' dir='ltr'><strong>ipsis</strong></span> <span class='ocrx_word' id='word_1_21' title='bbox 837 664 938 717; x_wconf 86' lang='lat' dir='ltr'><strong>est,</strong></span> <span class='ocrx_word' id='word_1_22' title='bbox 983 650 1162 706; x_wconf 80' lang='lat' dir='ltr'><strong>omnia</strong></span> <span class='ocrx_word' id='word_1_23' title='bbox 1201 649 1566 711; x_wconf 84' lang='lat' dir='ltr'><strong>confecerunt,</strong></span> <span class='ocrx_word' id='word_1_24' title='bbox 1613 642 1820 701; x_wconf 86' lang='lat' dir='ltr'><strong>etiamsi</strong></span> <span class='ocrx_word' id='word_1_25' title='bbox 1863 641 1996 698; x_wconf 87' lang='lat' dir='ltr'><strong>nihil</strong></span> <span class='ocrx_word' id='word_1_26' title='bbox 2020 641 2145 697; x_wconf 90' lang='lat' dir='ltr'><strong>inde</strong></span> 
     </span>
    </p>
   </div>
   <div class='ocr_carea' id='block_1_5' title="bbox 562 733 2143 810">
    <p class='ocr_par' dir='ltr' id='par_1_5' title="bbox 562 733 2143 810">
     <span class='ocr_line' id='line_1_5' title="bbox 562 733 2143 810; baseline -0.01 -8"><span class='ocrx_word' id='word_1_27' title='bbox 562 746 801 802; x_wconf 83' lang='lat' dir='ltr'><strong>utilitatis</strong></span> <span class='ocrx_word' id='word_1_28' title='bbox 825 742 1071 807; x_wconf 87' lang='lat' dir='ltr'><strong>manarit,</strong></span> <span class='ocrx_word' id='word_1_29' title='bbox 1101 739 1509 810; x_wconf 85' lang='lat' dir='ltr'><strong>mercedemque</strong></span> <span class='ocrx_word' id='word_1_30' title='bbox 1536 751 1684 793; x_wconf 91' lang='lat' dir='ltr'><strong>suam</strong></span> <span class='ocrx_word' id='word_1_31' title='bbox 1711 735 1947 791; x_wconf 86' lang='lat' dir='ltr'><strong>numeris</strong></span> <span class='ocrx_word' id='word_1_32' title='bbox 1969 733 2143 788; x_wconf 79' lang='lat' dir='ltr'><strong>omni-</strong></span> 
     </span>
    </p>
   </div>
   <div class='ocr_carea' id='block_1_6' title="bbox 560 826 2144 908">
    <p class='ocr_par' dir='ltr' id='par_1_6' title="bbox 560 826 2144 908">
     <span class='ocr_line' id='line_1_6' title="bbox 560 826 2144 908; baseline -0.009 -14"><span class='ocrx_word' id='word_1_33' title='bbox 560 839 659 894; x_wconf 93' lang='lat' dir='ltr'><strong>bus</strong></span> <span class='ocrx_word' id='word_1_34' title='bbox 685 836 986 894; x_wconf 83' lang='lat' dir='ltr'><strong>absolutam</strong></span> <span class='ocrx_word' id='word_1_35' title='bbox 1008 834 1226 908; x_wconf 87' lang='lat' dir='ltr'><strong>habent.</strong></span> <span class='ocrx_word' id='word_1_36' title='bbox 1258 832 1456 887; x_wconf 87' lang='lat' dir='ltr'><strong>llilario</strong></span> <span class='ocrx_word' id='word_1_37' title='bbox 1475 831 1726 901; x_wconf 88' lang='lat' dir='ltr'><strong>episcopo</strong></span> <span class='ocrx_word' id='word_1_38' title='bbox 1747 826 2006 886; x_wconf 77' lang='lat' dir='ltr'><strong>maximas</strong></span> <span class='ocrx_word' id='word_1_39' title='bbox 2023 840 2144 896; x_wconf 86' lang='lat' dir='ltr'><strong>gra-</strong></span> 
     </span>
    </p>
   </div>
   <div class='ocr_carea' id='block_1_7' title="bbox 562 919 2132 1000">
    <p class='ocr_par' dir='ltr' id='par_1_7' title="bbox 562 919 2132 1000">
     <span class='ocr_line' id='line_1_7' title="bbox 562 919 2132 1000; baseline -0.009 -15"><span class='ocrx_word' id='word_1_40' title='bbox 562 930 660 985; x_wconf 86' lang='lat' dir='ltr'><strong>tias</strong></span> <span class='ocrx_word' id='word_1_41' title='bbox 685 943 786 1000; x_wconf 90' lang='lat' dir='ltr'><strong>ago</strong></span> <span class='ocrx_word' id='word_1_42' title='bbox 817 941 950 998; x_wconf 87' lang='lat' dir='ltr'><strong>:per</strong></span> <span class='ocrx_word' id='word_1_43' title='bbox 973 925 1158 982; x_wconf 82' lang='lat' dir='ltr'><strong>literas</strong></span> <span class='ocrx_word' id='word_1_44' title='bbox 1181 925 1324 981; x_wconf 89' lang='lat' dir='ltr'><strong>enim</strong></span> <span class='ocrx_word' id='word_1_45' title='bbox 1367 938 1397 977; x_wconf 91' lang='lat' dir='ltr'><strong>a</strong></span> <span class='ocrx_word' id='word_1_46' title='bbox 1429 938 1514 978; x_wconf 91' lang='lat' dir='ltr'><strong>me</strong></span> <span class='ocrx_word' id='word_1_47' title='bbox 1553 921 1721 990; x_wconf 88' lang='lat' dir='ltr'><strong>petiit,</strong></span> <span class='ocrx_word' id='word_1_48' title='bbox 1750 928 1811 976; x_wconf 92' lang='lat' dir='ltr'><strong>ut</strong></span> <span class='ocrx_word' id='word_1_49' title='bbox 1830 919 1931 975; x_wconf 84' lang='lat' dir='ltr'><strong>sibi</strong></span> <span class='ocrx_word' id='word_1_50' title='bbox 1960 919 2016 973; x_wconf 92' lang='lat' dir='ltr'><strong>in</strong></span> <span class='ocrx_word' id='word_1_51' title='bbox 2049 935 2132 972; x_wconf 90' lang='lat' dir='ltr'><strong>ur-</strong></span> 
     </span>
    </p>
   </div>
   <div class='ocr_carea' id='block_1_8' title="bbox 557 1011 2139 1089">
    <p class='ocr_par' dir='ltr' id='par_1_8' title="bbox 557 1011 2139 1089">
     <span class='ocr_line' id='line_1_8' title="bbox 557 1011 2139 1089; baseline -0.008 -12"><span class='ocrx_word' id='word_1_52' title='bbox 557 1022 678 1077; x_wconf 89' lang='lat' dir='ltr'><strong>bem</strong></span> <span class='ocrx_word' id='word_1_53' title='bbox 696 1034 845 1076; x_wconf 89' lang='lat' dir='ltr'><strong>suam</strong></span> <span class='ocrx_word' id='word_1_54' title='bbox 870 1018 1098 1077; x_wconf 85' lang='lat' dir='ltr'><strong>abeundi</strong></span> <span class='ocrx_word' id='word_1_55' title='bbox 1133 1024 1444 1089; x_wconf 85' lang='lat' dir='ltr'><strong>potestatem</strong></span> <span class='ocrx_word' id='word_1_56' title='bbox 1462 1017 1708 1078; x_wconf 89' lang='lat' dir='ltr'><strong>facerem,</strong></span> <span class='ocrx_word' id='word_1_57' title='bbox 1725 1011 2139 1082; x_wconf 80' lang='lat' dir='ltr'><strong>compositisque</strong></span> 
     </span>
    </p>
   </div>
   <div class='ocr_carea' id='block_1_9' title="bbox 555 1106 2139 1180">
    <p class='ocr_par' dir='ltr' id='par_1_9' title="bbox 555 1106 2139 1180">
     <span class='ocr_line' id='line_1_9' title="bbox 555 1106 2139 1180; baseline -0.008 -9"><span class='ocrx_word' id='word_1_58' title='bbox 555 1115 714 1171; x_wconf 81' lang='lat' dir='ltr'><strong>rebus</strong></span> <span class='ocrx_word' id='word_1_59' title='bbox 735 1128 796 1170; x_wconf 84' lang='lat' dir='ltr'><strong>se</strong></span> <span class='ocrx_word' id='word_1_60' title='bbox 819 1114 885 1170; x_wconf 86' lang='lat' dir='ltr'><strong>ad</strong></span> <span class='ocrx_word' id='word_1_61' title='bbox 912 1128 1010 1169; x_wconf 89' lang='lat' dir='ltr'><strong>nos</strong></span> <span class='ocrx_word' id='word_1_62' title='bbox 1035 1113 1330 1176; x_wconf 54' lang='lat' dir='ltr'><strong>diturum</strong></span> <span class='ocrx_word' id='word_1_63' title='bbox 1353 1108 1656 1180; x_wconf 88' lang='lat' dir='ltr'><strong>spopondit.</strong></span> <span class='ocrx_word' id='word_1_64' title='bbox 1689 1107 1950 1176; x_wconf 89' lang='lat' dir='ltr'><strong>Quoniam</strong></span> <span class='ocrx_word' id='word_1_65' title='bbox 1980 1106 2139 1176; x_wconf 87' lang='lat' dir='ltr'><strong>igitur</strong></span> 
     </span>
    </p>
   </div>
   <div class='ocr_carea' id='block_1_10' title="bbox 557 1198 2136 1276">
    <p class='ocr_par' dir='ltr' id='par_1_10' title="bbox 557 1198 2136 1276">
     <span class='ocr_line' id='line_1_10' title="bbox 557 1198 2136 1276; baseline -0.005 -16"><span class='ocrx_word' id='word_1_66' title='bbox 557 1206 721 1274; x_wconf 71' lang='lat' dir='ltr'><strong>ipsius</strong></span> <span class='ocrx_word' id='word_1_67' title='bbox 748 1204 1024 1276; x_wconf 62' lang='lat' dir='ltr'><strong>presentia</strong></span> <span class='ocrx_word' id='word_1_68' title='bbox 1056 1219 1160 1258; x_wconf 85' lang='lat' dir='ltr'><strong>non</strong></span> <span class='ocrx_word' id='word_1_69' title='bbox 1186 1219 1373 1274; x_wconf 89' lang='lat' dir='ltr'><strong>parum</strong></span> <span class='ocrx_word' id='word_1_70' title='bbox 1421 1202 1564 1256; x_wconf 85' lang='lat' dir='ltr'><strong>utilis</strong></span> <span class='ocrx_word' id='word_1_71' title='bbox 1593 1210 1675 1256; x_wconf 91' lang='lat' dir='ltr'><strong>est</strong></span> <span class='ocrx_word' id='word_1_72' title='bbox 1711 1200 1730 1270; x_wconf 96' lang='lat'>(</span> <span class='ocrx_word' id='word_1_73' title='bbox 1759 1215 1880 1254; x_wconf 90' lang='lat' dir='ltr'><strong>nam</strong></span> <span class='ocrx_word' id='word_1_74' title='bbox 1909 1200 1991 1253; x_wconf 90' lang='lat' dir='ltr'><strong>vir</strong></span> <span class='ocrx_word' id='word_1_75' title='bbox 2019 1198 2136 1267; x_wconf 88' lang='lat' dir='ltr'><strong>pius</strong></span> 
     </span>
    </p>
   </div>
   <div class='ocr_carea' id='block_1_11' title="bbox 552 1292 2137 1370">
    <p class='ocr_par' dir='ltr' id='par_1_11' title="bbox 552 1292 2137 1370">
     <span class='ocr_line' id='line_1_11' title="bbox 552 1292 2137 1370; baseline -0.002 -22"><span class='ocrx_word' id='word_1_76' title='bbox 552 1307 652 1365; x_wconf 73' lang='lat' dir='ltr'><strong>est,</strong></span> <span class='ocrx_word' id='word_1_77' title='bbox 686 1299 1056 1370; x_wconf 77' lang='lat' dir='ltr'><strong>constantique</strong></span> <span class='ocrx_word' id='word_1_78' title='bbox 1102 1311 1163 1352; x_wconf 86' lang='lat' dir='ltr'><strong>ac</strong></span> <span class='ocrx_word' id='word_1_79' title='bbox 1207 1296 1412 1352; x_wconf 89' lang='lat' dir='ltr'><strong>fervido</strong></span> <span class='ocrx_word' id='word_1_80' title='bbox 1439 1293 1681 1366; x_wconf 91' lang='lat' dir='ltr'><strong>animo),</strong></span> <span class='ocrx_word' id='word_1_81' title='bbox 1727 1309 1849 1348; x_wconf 91' lang='lat' dir='ltr'><strong>eum</strong></span> <span class='ocrx_word' id='word_1_82' title='bbox 1895 1292 2137 1346; x_wconf 82' lang='lat' dir='ltr'><strong>hortatus</strong></span> 
     </span>
    </p>
   </div>
   <div class='ocr_carea' id='block_1_12' title="bbox 553 1384 2138 1459">
    <p class='ocr_par' dir='ltr' id='par_1_12' title="bbox 553 1384 2138 1459">
     <span class='ocr_line' id='line_1_12' title="bbox 553 1384 2138 1459; baseline -0.002 -17"><span class='ocrx_word' id='word_1_83' title='bbox 553 1399 670 1446; x_wconf 75' lang='lat' dir='ltr'><strong>sm</strong></span> <span class='ocrx_word' id='word_1_84' title='bbox 691 1391 707 1421; x_wconf 78' lang='grc'>⁸</span> <span class='ocrx_word' id='word_1_85' title='bbox 728 1398 804 1454; x_wconf 87' lang='lat' dir='ltr'><strong>ut,</strong></span> <span class='ocrx_word' id='word_1_86' title='bbox 849 1405 968 1444; x_wconf 93' lang='lat' dir='ltr'><strong>cum</strong></span> <span class='ocrx_word' id='word_1_87' title='bbox 1013 1403 1078 1444; x_wconf 87' lang='lat' dir='ltr'><strong>eo</strong></span> <span class='ocrx_word' id='word_1_88' title='bbox 1120 1386 1390 1459; x_wconf 89' lang='lat' dir='ltr'><strong>profectus</strong></span> <span class='ocrx_word' id='word_1_89' title='bbox 1415 1385 1593 1454; x_wconf 89' lang='lat' dir='ltr'><strong>fuerit,</strong></span> <span class='ocrx_word' id='word_1_90' title='bbox 1622 1385 1799 1440; x_wconf 80' lang='lat' dir='ltr'><strong>statim</strong></span> <span class='ocrx_word' id='word_1_91' title='bbox 1825 1384 2026 1439; x_wconf 89' lang='lat' dir='ltr'><strong>redeat.</strong></span> <span class='ocrx_word' id='word_1_92' title='bbox 2057 1385 2138 1439; x_wconf 81' lang='lat' dir='ltr'><strong>Ac</strong></span> 
     </span>
    </p>
   </div>
   <div class='ocr_carea' id='block_1_13' title="bbox 553 1475 2137 1550">
    <p class='ocr_par' dir='ltr' id='par_1_13' title="bbox 553 1475 2137 1550">
     <span class='ocr_line' id='line_1_13' title="bbox 553 1475 2137 1550; baseline -0.002 -16"><span class='ocrx_word' id='word_1_93' title='bbox 553 1480 776 1550; x_wconf 85' lang='lat' dir='ltr'><strong>proinde</strong></span> <span class='ocrx_word' id='word_1_94' title='bbox 800 1480 864 1535; x_wconf 90' lang='lat' dir='ltr'><strong>da</strong></span> <span class='ocrx_word' id='word_1_95' title='bbox 899 1495 1134 1550; x_wconf 84' lang='lat' dir='ltr'><strong>operam,</strong></span> <span class='ocrx_word' id='word_1_96' title='bbox 1164 1488 1220 1535; x_wconf 90' lang='lat' dir='ltr'><strong>ut</strong></span> <span class='ocrx_word' id='word_1_97' title='bbox 1247 1479 1471 1550; x_wconf 84' lang='lat' dir='ltr'><strong>epistola</strong></span> <span class='ocrx_word' id='word_1_98' title='bbox 1516 1487 1692 1533; x_wconf 82' lang='lat' dir='ltr'><strong>nostra</strong></span> <span class='ocrx_word' id='word_1_99' title='bbox 1720 1485 1776 1532; x_wconf 93' lang='lat' dir='ltr'><strong>et</strong></span> <span class='ocrx_word' id='word_1_100' title='bbox 1808 1475 2056 1541; x_wconf 75' lang='lat' dir='ltr'><strong>celeriter</strong></span> <span class='ocrx_word' id='word_1_101' title='bbox 2083 1482 2137 1531; x_wconf 82' lang='lat' dir='ltr'><strong>et</strong></span> 
     </span>
    </p>
   </div>
   <div class='ocr_carea' id='block_1_14' title="bbox 555 1566 2133 1644">
    <p class='ocr_par' dir='ltr' id='par_1_14' title="bbox 555 1566 2133 1644">
     <span class='ocr_line' id='line_1_14' title="bbox 555 1566 2133 1644; baseline -0.003 -19"><span class='ocrx_word' id='word_1_102' title='bbox 555 1581 667 1627; x_wconf 93' lang='lat' dir='ltr'><strong>tuto</strong></span> <span class='ocrx_word' id='word_1_103' title='bbox 697 1572 797 1644; x_wconf 86' lang='lat' dir='ltr'><strong>ipsi</strong></span> <span class='ocrx_word' id='word_1_104' title='bbox 825 1571 1095 1639; x_wconf 81' lang='lat' dir='ltr'><strong>reddatur,</strong></span> <span class='ocrx_word' id='word_1_105' title='bbox 1118 1586 1187 1626; x_wconf 85' lang='lat' dir='ltr'><strong>ac</strong></span> <span class='ocrx_word' id='word_1_106' title='bbox 1218 1584 1322 1626; x_wconf 91' lang='lat' dir='ltr'><strong>non</strong></span> <span class='ocrx_word' id='word_1_107' title='bbox 1345 1570 1652 1640; x_wconf 85' lang='lat' dir='ltr'><strong>projiciatur</strong></span> <span class='ocrx_word' id='word_1_108' title='bbox 1679 1585 1693 1622; x_wconf 91' lang='lat'><strong>:</strong></span> <span class='ocrx_word' id='word_1_109' title='bbox 1726 1566 1985 1638; x_wconf 87' lang='lat' dir='ltr'><strong>siquidem</strong></span> <span class='ocrx_word' id='word_1_110' title='bbox 2016 1581 2133 1621; x_wconf 86' lang='lat' dir='ltr'><strong>ma-</strong></span> 
     </span>
    </p>
   </div>
   <div class='ocr_carea' id='block_1_15' title="bbox 551 1661 2134 1737">
    <p class='ocr_par' dir='ltr' id='par_1_15' title="bbox 551 1661 2134 1737">
     <span class='ocr_line' id='line_1_15' title="bbox 551 1661 2134 1737; baseline -0.006 -15"><span class='ocrx_word' id='word_1_111' title='bbox 551 1681 656 1737; x_wconf 75' lang='lat' dir='ltr'><strong>gna</strong></span> <span class='ocrx_word' id='word_1_112' title='bbox 679 1682 799 1721; x_wconf 90' lang='lat' dir='ltr'><strong>cum</strong></span> <span class='ocrx_word' id='word_1_113' title='bbox 825 1666 1109 1737; x_wconf 83' lang='lat' dir='ltr'><strong>cupiditate</strong></span> <span class='ocrx_word' id='word_1_114' title='bbox 1127 1679 1194 1720; x_wconf 83' lang='lat' dir='ltr'><strong>ac</strong></span> <span class='ocrx_word' id='word_1_115' title='bbox 1217 1664 1551 1720; x_wconf 79' lang='lat' dir='ltr'><strong>vehementia</strong></span> <span class='ocrx_word' id='word_1_116' title='bbox 1592 1672 1804 1718; x_wconf 90' lang='lat' dir='ltr'><strong>nostras</strong></span> <span class='ocrx_word' id='word_1_117' title='bbox 1829 1661 2012 1716; x_wconf 82' lang='lat' dir='ltr'><strong>literas</strong></span> <span class='ocrx_word' id='word_1_118' title='bbox 2035 1673 2134 1730; x_wconf 88' lang='lat' dir='ltr'><strong>po-</strong></span> 
     </span>
    </p>
   </div>
   <div class='ocr_carea' id='block_1_16' title="bbox 553 1751 2130 1828">
    <p class='ocr_par' dir='ltr' id='par_1_16' title="bbox 553 1751 2130 1828">
     <span class='ocr_line' id='line_1_16' title="bbox 553 1751 2130 1828; baseline -0.003 -16"><span class='ocrx_word' id='word_1_119' title='bbox 553 1758 810 1823; x_wconf 78' lang='lat' dir='ltr'><strong>stulavit,</strong></span> <span class='ocrx_word' id='word_1_120' title='bbox 862 1757 1235 1828; x_wconf 87' lang='lat' dir='ltr'><strong>ingentemque</strong></span> <span class='ocrx_word' id='word_1_121' title='bbox 1287 1755 1453 1825; x_wconf 87' lang='lat' dir='ltr'><strong>ipsius</strong></span> <span class='ocrx_word' id='word_1_122' title='bbox 1518 1754 1799 1824; x_wconf 69' lang='lat' dir='ltr'><strong>praesentia</strong></span> <span class='ocrx_word' id='word_1_123' title='bbox 1852 1751 2130 1809; x_wconf 87' lang='lat' dir='ltr'><strong>utilitatem</strong></span> 
     </span>
    </p>
   </div>
   <div class='ocr_carea' id='block_1_17' title="bbox 551 1846 2135 1919">
    <p class='ocr_par' dir='ltr' id='par_1_17' title="bbox 551 1846 2135 1919">
     <span class='ocr_line' id='line_1_17' title="bbox 551 1846 2135 1919; baseline 0.001 -17"><span class='ocrx_word' id='word_1_124' title='bbox 551 1848 726 1904; x_wconf 64' lang='grc' dir='ltr'><strong>δῦθι-ι.</strong></span> <span class='ocrx_word' id='word_1_125' title='bbox 764 1848 932 1904; x_wconf 82' lang='lat' dir='ltr'><strong>Velim</strong></span> <span class='ocrx_word' id='word_1_126' title='bbox 976 1850 1133 1919; x_wconf 78' lang='lat' dir='ltr'><strong>igitur</strong></span> <span class='ocrx_word' id='word_1_127' title='bbox 1173 1862 1265 1903; x_wconf 86' lang='lat' dir='ltr'><strong>eas</strong></span> <span class='ocrx_word' id='word_1_128' title='bbox 1289 1847 1574 1918; x_wconf 78' lang='lat' dir='ltr'><strong>diligenter</strong></span> <span class='ocrx_word' id='word_1_129' title='bbox 1592 1861 1766 1914; x_wconf 88' lang='lat' dir='ltr'><strong>cures,</strong></span> <span class='ocrx_word' id='word_1_130' title='bbox 1805 1855 1864 1902; x_wconf 88' lang='lat' dir='ltr'><strong>ut</strong></span> <span class='ocrx_word' id='word_1_131' title='bbox 1885 1846 1988 1902; x_wconf 90' lang='lat' dir='ltr'><strong>nisi</strong></span> <span class='ocrx_word' id='word_1_132' title='bbox 2015 1861 2135 1918; x_wconf 84' lang='lat' dir='ltr'><strong>pre-</strong></span> 
     </span>
    </p>
   </div>
   <div class='ocr_carea' id='block_1_18' title="bbox 547 1936 2131 2011">
    <p class='ocr_par' dir='ltr' id='par_1_18' title="bbox 547 1936 2131 2011">
     <span class='ocr_line' id='line_1_18' title="bbox 547 1936 2131 2011; baseline -0.001 -17"><span class='ocrx_word' id='word_1_133' title='bbox 547 1940 732 2011; x_wconf 86' lang='lat' dir='ltr'><strong>sbyter</strong></span> <span class='ocrx_word' id='word_1_134' title='bbox 783 1939 1051 1995; x_wconf 90' lang='lat' dir='ltr'><strong>llelladins</strong></span> <span class='ocrx_word' id='word_1_135' title='bbox 1097 1939 1216 1994; x_wconf 88' lang='lat' dir='ltr'><strong>istic</strong></span> <span class='ocrx_word' id='word_1_136' title='bbox 1259 1940 1348 2006; x_wconf 89' lang='lat' dir='ltr'><strong>sit,</strong></span> <span class='ocrx_word' id='word_1_137' title='bbox 1403 1953 1498 2009; x_wconf 88' lang='lat' dir='ltr'><strong>per</strong></span> <span class='ocrx_word' id='word_1_138' title='bbox 1546 1937 1856 2008; x_wconf 84' lang='lat' dir='ltr'><strong>prudentem</strong></span> <span class='ocrx_word' id='word_1_139' title='bbox 1897 1936 2131 2009; x_wconf 78' lang='lat' dir='ltr'><strong>aliquem</strong></span> 
     </span>
    </p>
   </div>
   <div class='ocr_carea' id='block_1_19' title="bbox 553 2027 1916 2101">
    <p class='ocr_par' dir='ltr' id='par_1_19' title="bbox 553 2027 1916 2101">
     <span class='ocr_line' id='line_1_19' title="bbox 553 2027 1916 2101; baseline -0.001 -19"><span class='ocrx_word' id='word_1_140' title='bbox 553 2029 721 2084; x_wconf 91' lang='lat' dir='ltr'><strong>virum</strong></span> <span class='ocrx_word' id='word_1_141' title='bbox 753 2043 814 2084; x_wconf 90' lang='lat' dir='ltr'><strong>ac</strong></span> <span class='ocrx_word' id='word_1_142' title='bbox 837 2030 1058 2085; x_wconf 88' lang='lat' dir='ltr'><strong>cerebro</strong></span> <span class='ocrx_word' id='word_1_143' title='bbox 1084 2029 1365 2101; x_wconf 74' lang='lat' dir='ltr'><strong>prmditum</strong></span> <span class='ocrx_word' id='word_1_144' title='bbox 1393 2029 1579 2083; x_wconf 86' lang='lat' dir='ltr'><strong>amicis</strong></span> <span class='ocrx_word' id='word_1_145' title='bbox 1602 2027 1916 2086; x_wconf 82' lang='lat' dir='ltr'><strong>reddantur.</strong></span> 
     </span>
    </p>
   </div>
   <div class='ocr_carea' id='block_1_20' title="bbox 635 2118 2040 2193">
    <p class='ocr_par' dir='ltr' id='par_1_20' title="bbox 635 2118 2040 2193">
     <span class='ocr_line' id='line_1_20' title="bbox 635 2118 2040 2193; baseline -0.003 -18"><span class='ocrx_word' id='word_1_146' title='bbox 635 2122 720 2175; x_wconf 77' lang='lat' dir='ltr'><strong>Ad</strong></span> <span class='ocrx_word' id='word_1_147' title='bbox 752 2123 978 2178; x_wconf 83' lang='lat' dir='ltr'><strong>eamdem</strong></span> <span class='ocrx_word' id='word_1_148' title='bbox 1010 2120 1222 2193; x_wconf 83' lang='lat' dir='ltr'><strong>epistola</strong></span> <span class='ocrx_word' id='word_1_149' title='bbox 1246 2119 1299 2176; x_wconf 80' lang='grc' dir='ltr'><em>Χ</em></span> <span class='ocrx_word' id='word_1_150' title='bbox 1313 2119 1373 2174; x_wconf 83' lang='grc' dir='ltr'><strong>γ.</strong></span> <span class='ocrx_word' id='word_1_151' title='bbox 1407 2119 1698 2193; x_wconf 79' lang='lat' dir='ltr'><strong>(Arabisso</strong></span> <span class='ocrx_word' id='word_1_152' title='bbox 1724 2133 1864 2174; x_wconf 92' lang='lat' dir='ltr'><strong>anno</strong></span> <span class='ocrx_word' id='word_1_153' title='bbox 1887 2118 2040 2190; x_wconf 65' lang='lat'><strong>406.)</strong></span> 
     </span>
    </p>
   </div>
   <div class='ocr_carea' id='block_1_21' title="bbox 617 2209 2135 2282">
    <p class='ocr_par' dir='ltr' id='par_1_21' title="bbox 617 2209 2135 2282">
     <span class='ocr_line' id='line_1_21' title="bbox 617 2209 2135 2282; baseline -0.002 -13"><span class='ocrx_word' id='word_1_154' title='bbox 617 2213 787 2280; x_wconf 82' lang='lat' dir='ltr'><strong>Tune,</strong></span> <span class='ocrx_word' id='word_1_155' title='bbox 809 2230 930 2271; x_wconf 92' lang='lat' dir='ltr'><strong>cum</strong></span> <span class='ocrx_word' id='word_1_156' title='bbox 947 2215 1015 2270; x_wconf 87' lang='lat' dir='ltr'><strong>ab</strong></span> <span class='ocrx_word' id='word_1_157' title='bbox 1034 2217 1249 2270; x_wconf 89' lang='lat' dir='ltr'><strong>ineunte</strong></span> <span class='ocrx_word' id='word_1_158' title='bbox 1265 2220 1419 2269; x_wconf 62' lang='lat' dir='ltr'><strong>aetate</strong></span> <span class='ocrx_word' id='word_1_159' title='bbox 1443 2221 1646 2268; x_wconf 86' lang='lat' dir='ltr'><strong>tantum</strong></span> <span class='ocrx_word' id='word_1_160' title='bbox 1665 2209 2010 2282; x_wconf 60' lang='lat' dir='ltr'><strong>philosophiae</strong></span> <span class='ocrx_word' id='word_1_161' title='bbox 2019 2226 2135 2281; x_wconf 87' lang='lat' dir='ltr'><strong>spe-</strong></span> 
     </span>
    </p>
   </div>
   <div class='ocr_carea' id='block_1_22' title="bbox 549 2302 2129 2373">
    <p class='ocr_par' dir='ltr' id='par_1_22' title="bbox 549 2302 2129 2373">
     <span class='ocr_line' id='line_1_22' title="bbox 549 2302 2129 2373; baseline -0.001 -15"><span class='ocrx_word' id='word_1_162' title='bbox 549 2305 720 2359; x_wconf 85' lang='lat' dir='ltr'><strong>cimen</strong></span> <span class='ocrx_word' id='word_1_163' title='bbox 738 2305 969 2371; x_wconf 89' lang='lat' dir='ltr'><strong>dederis,</strong></span> <span class='ocrx_word' id='word_1_164' title='bbox 995 2305 1386 2373; x_wconf 87' lang='lat' dir='ltr'><strong>humanumque</strong></span> <span class='ocrx_word' id='word_1_165' title='bbox 1413 2302 1600 2358; x_wconf 81' lang='lat' dir='ltr'><strong>fasmm</strong></span> <span class='ocrx_word' id='word_1_166' title='bbox 1622 2303 1962 2372; x_wconf 90' lang='lat' dir='ltr'><strong>proculcaris,</strong></span> <span class='ocrx_word' id='word_1_167' title='bbox 1980 2318 2129 2373; x_wconf 86' lang='lat' dir='ltr'><strong>spem</strong></span> 
     </span>
    </p>
   </div>
   <div class='ocr_carea' id='block_1_23' title="bbox 548 2394 2131 2468">
    <p class='ocr_par' dir='ltr' id='par_1_23' title="bbox 548 2394 2131 2468">
     <span class='ocr_line' id='line_1_23' title="bbox 548 2394 2131 2468; baseline -0.001 -18"><span class='ocrx_word' id='word_1_168' title='bbox 548 2397 781 2452; x_wconf 89' lang='lat' dir='ltr'><strong>habebas</strong></span> <span class='ocrx_word' id='word_1_169' title='bbox 797 2397 909 2453; x_wconf 87' lang='lat' dir='ltr'><strong>fore</strong></span> <span class='ocrx_word' id='word_1_170' title='bbox 938 2405 995 2453; x_wconf 93' lang='lat' dir='ltr'><strong>ut</strong></span> <span class='ocrx_word' id='word_1_171' title='bbox 1012 2397 1345 2468; x_wconf 84' lang='lat' dir='ltr'><strong>tranquillam</strong></span> <span class='ocrx_word' id='word_1_172' title='bbox 1363 2410 1427 2452; x_wconf 92' lang='lat' dir='ltr'><strong>ac</strong></span> <span class='ocrx_word' id='word_1_173' title='bbox 1448 2403 1684 2466; x_wconf 86' lang='lat' dir='ltr'><strong>pacatam</strong></span> <span class='ocrx_word' id='word_1_174' title='bbox 1705 2395 1866 2449; x_wconf 89' lang='lat' dir='ltr'><strong>vitam</strong></span> <span class='ocrx_word' id='word_1_175' title='bbox 1882 2394 2131 2450; x_wconf 81' lang='lat' dir='ltr'><strong>duceres?</strong></span> 
     </span>
    </p>
   </div>
   <div class='ocr_carea' id='block_1_24' title="bbox 545 2485 2132 2558">
    <p class='ocr_par' dir='ltr' id='par_1_24' title="bbox 545 2485 2132 2558">
     <span class='ocr_line' id='line_1_24' title="bbox 545 2485 2132 2558; baseline -0.001 -16"><span class='ocrx_word' id='word_1_176' title='bbox 545 2487 647 2555; x_wconf 87' lang='lat' dir='ltr'><strong>Qui</strong></span> <span class='ocrx_word' id='word_1_177' title='bbox 664 2502 792 2544; x_wconf 85' lang='lat' dir='ltr'><strong>vero</strong></span> <span class='ocrx_word' id='word_1_178' title='bbox 813 2487 866 2544; x_wconf 88' lang='lat' dir='ltr'><strong>id</strong></span> <span class='ocrx_word' id='word_1_179' title='bbox 887 2487 1001 2544; x_wconf 84' lang='lat' dir='ltr'><strong>ﬂeri</strong></span> <span class='ocrx_word' id='word_1_180' title='bbox 1015 2488 1217 2558; x_wconf 80' lang='lat' dir='ltr'><strong>posset?</strong></span> <span class='ocrx_word' id='word_1_181' title='bbox 1227 2487 1360 2543; x_wconf 86' lang='lat' dir='ltr'><strong>Nam</strong></span> <span class='ocrx_word' id='word_1_182' title='bbox 1375 2501 1497 2542; x_wconf 90' lang='lat' dir='ltr'><strong>cum</strong></span> <span class='ocrx_word' id='word_1_183' title='bbox 1515 2485 1756 2542; x_wconf 90' lang='lat' dir='ltr'><strong>homines</strong></span> <span class='ocrx_word' id='word_1_184' title='bbox 1771 2498 1892 2540; x_wconf 88' lang='lat' dir='ltr'><strong>cum</strong></span> <span class='ocrx_word' id='word_1_185' title='bbox 1909 2485 2132 2540; x_wconf 84' lang='lat' dir='ltr'><strong>homini-</strong></span> 
     </span>
    </p>
   </div>
   <div class='ocr_carea' id='block_1_25' title="bbox 546 2578 2129 2650">
    <p class='ocr_par' dir='ltr' id='par_1_25' title="bbox 546 2578 2129 2650">
     <span class='ocr_line' id='line_1_25' title="bbox 546 2578 2129 2650; baseline -0.004 -12"><span class='ocrx_word' id='word_1_186' title='bbox 546 2582 646 2638; x_wconf 87' lang='lat' dir='ltr'><strong>bus</strong></span> <span class='ocrx_word' id='word_1_187' title='bbox 669 2581 1046 2646; x_wconf 85' lang='lat' dir='ltr'><strong>colluctantes,</strong></span> <span class='ocrx_word' id='word_1_188' title='bbox 1077 2581 1382 2638; x_wconf 87' lang='lat' dir='ltr'><strong>innumeras</strong></span> <span class='ocrx_word' id='word_1_189' title='bbox 1408 2588 1518 2634; x_wconf 90' lang='lat' dir='ltr'><strong>tum</strong></span> <span class='ocrx_word' id='word_1_190' title='bbox 1547 2579 1600 2635; x_wconf 93' lang='lat' dir='ltr'><strong>in</strong></span> <span class='ocrx_word' id='word_1_191' title='bbox 1632 2579 1894 2650; x_wconf 67' lang='lat' dir='ltr'><strong>palaestris</strong></span> <span class='ocrx_word' id='word_1_192' title='bbox 1933 2587 2044 2634; x_wconf 87' lang='lat' dir='ltr'><strong>tum</strong></span> <span class='ocrx_word' id='word_1_193' title='bbox 2074 2578 2129 2633; x_wconf 90' lang='lat' dir='ltr'><strong>in</strong></span> 
     </span>
    </p>
   </div>
   <div class='ocr_carea' id='block_1_26' title="bbox 548 2673 2128 2746">
    <p class='ocr_par' dir='ltr' id='par_1_26' title="bbox 548 2673 2128 2746">
     <span class='ocr_line' id='line_1_26' title="bbox 548 2673 2128 2746; baseline -0.001 -17"><span class='ocrx_word' id='word_1_194' title='bbox 548 2675 696 2730; x_wconf 87' lang='lat' dir='ltr'><strong>bellis</strong></span> <span class='ocrx_word' id='word_1_195' title='bbox 723 2673 906 2746; x_wconf 87' lang='lat' dir='ltr'><strong>plagas</strong></span> <span class='ocrx_word' id='word_1_196' title='bbox 929 2676 1188 2746; x_wconf 86' lang='lat' dir='ltr'><strong>accipiant</strong></span> <span class='ocrx_word' id='word_1_197' title='bbox 1215 2693 1229 2731; x_wconf 89' lang='lat'><strong>:</strong></span> <span class='ocrx_word' id='word_1_198' title='bbox 1258 2683 1335 2738; x_wconf 90' lang='lat' dir='ltr'><strong>tu,</strong></span> <span class='ocrx_word' id='word_1_199' title='bbox 1361 2690 1482 2746; x_wconf 63' lang='lat' dir='ltr'><strong>quae</strong></span> <span class='ocrx_word' id='word_1_200' title='bbox 1510 2673 1766 2729; x_wconf 88' lang='lat' dir='ltr'><strong>adversus</strong></span> <span class='ocrx_word' id='word_1_201' title='bbox 1801 2673 2128 2744; x_wconf 86' lang='lat' dir='ltr'><strong>principatus</strong></span> 
     </span>
    </p>
   </div>
   <div class='ocr_carea' id='block_1_27' title="bbox 542 2765 2124 2838">
    <p class='ocr_par' dir='ltr' id='par_1_27' title="bbox 542 2765 2124 2838">
     <span class='ocr_line' id='line_1_27' title="bbox 542 2765 2124 2838; baseline -0.002 -15"><span class='ocrx_word' id='word_1_202' title='bbox 542 2778 598 2823; x_wconf 90' lang='lat' dir='ltr'><strong>et</strong></span> <span class='ocrx_word' id='word_1_203' title='bbox 639 2777 951 2838; x_wconf 83' lang='lat' dir='ltr'><strong>potestates,</strong></span> <span class='ocrx_word' id='word_1_204' title='bbox 994 2768 1249 2823; x_wconf 86' lang='lat' dir='ltr'><strong>adversus</strong></span> <span class='ocrx_word' id='word_1_205' title='bbox 1278 2765 1462 2822; x_wconf 90' lang='lat' dir='ltr'><strong>mundi</strong></span> <span class='ocrx_word' id='word_1_206' title='bbox 1505 2774 1744 2821; x_wconf 89' lang='lat' dir='ltr'><strong>rectores</strong></span> <span class='ocrx_word' id='word_1_207' title='bbox 1787 2765 2124 2821; x_wconf 86' lang='lat' dir='ltr'><strong>tenebrarum</strong></span> 
     </span>
    </p>
   </div>
   <div class='ocr_carea' id='block_1_28' title="bbox 537 2855 2125 2928">
    <p class='ocr_par' dir='ltr' id='par_1_28' title="bbox 537 2855 2125 2928">
     <span class='ocr_line' id='line_1_28' title="bbox 537 2855 2125 2928; baseline -0.001 -15"><span class='ocrx_word' id='word_1_208' title='bbox 537 2858 702 2928; x_wconf 84' lang='lat' dir='ltr'><strong>hujus</strong></span> <span class='ocrx_word' id='word_1_209' title='bbox 739 2857 941 2926; x_wconf 75' lang='lat' dir='ltr'><strong>saeculi,</strong></span> <span class='ocrx_word' id='word_1_210' title='bbox 979 2857 1232 2914; x_wconf 87' lang='lat' dir='ltr'><strong>adversus</strong></span> <span class='ocrx_word' id='word_1_211' title='bbox 1257 2857 1549 2927; x_wconf 89' lang='lat' dir='ltr'><strong>spiritualia</strong></span> <span class='ocrx_word' id='word_1_212' title='bbox 1577 2857 1828 2927; x_wconf 75' lang='lat' dir='ltr'><strong>nequitia:</strong></span> <span class='ocrx_word' id='word_1_213' title='bbox 1857 2865 1911 2911; x_wconf 89' lang='lat' dir='ltr'><strong>te</strong></span> <span class='ocrx_word' id='word_1_214' title='bbox 1944 2855 2125 2912; x_wconf 86' lang='lat' dir='ltr'><strong>accin-</strong></span> 
     </span>
    </p>
   </div>
   <div class='ocr_carea' id='block_1_29' title="bbox 545 2947 2128 3023">
    <p class='ocr_par' dir='ltr' id='par_1_29' title="bbox 545 2947 2128 3023">
     <span class='ocr_line' id='line_1_29' title="bbox 545 2947 2128 3023; baseline -0.002 -17"><span class='ocrx_word' id='word_1_215' title='bbox 545 2950 668 3006; x_wconf 83' lang='lat' dir='ltr'><strong>sisti</strong></span> <span class='ocrx_word' id='word_1_216' title='bbox 704 2947 920 3023; x_wconf 75' lang='lat' dir='ltr'><strong>(Ephes.</strong></span> <span class='ocrx_word' id='word_1_217' title='bbox 949 2949 1002 3005; x_wconf 87' lang='lat'><strong>6.</strong></span> <span class='ocrx_word' id='word_1_218' title='bbox 1036 2948 1146 3021; x_wconf 77' lang='grc'><strong>12),</strong></span> <span class='ocrx_word' id='word_1_219' title='bbox 1192 2957 1247 3005; x_wconf 92' lang='lat' dir='ltr'><strong>et</strong></span> <span class='ocrx_word' id='word_1_220' title='bbox 1283 2949 1496 3020; x_wconf 87' lang='lat' dir='ltr'><strong>quidem</strong></span> <span class='ocrx_word' id='word_1_221' title='bbox 1542 2949 1612 3003; x_wconf 88' lang='lat' dir='ltr'><strong>ita</strong></span> <span class='ocrx_word' id='word_1_222' title='bbox 1658 2957 1897 3015; x_wconf 87' lang='lat' dir='ltr'><strong>strenue,</strong></span> <span class='ocrx_word' id='word_1_223' title='bbox 1944 2955 2128 3018; x_wconf 83' lang='lat' dir='ltr'><strong>totque</strong></span> 
     </span>
    </p>
   </div>
   <div class='ocr_carea' id='block_1_30' title="bbox 543 3041 2127 3113">
    <p class='ocr_par' dir='ltr' id='par_1_30' title="bbox 543 3041 2127 3113">
     <span class='ocr_line' id='line_1_30' title="bbox 543 3041 2127 3113; baseline 0.001 -15"><span class='ocrx_word' id='word_1_224' title='bbox 543 3053 744 3113; x_wconf 60' lang='lat' dir='ltr'><strong>tropaea</strong></span> <span class='ocrx_word' id='word_1_225' title='bbox 774 3042 1013 3109; x_wconf 79' lang='lat' dir='ltr'><strong>erexisti,</strong></span> <span class='ocrx_word' id='word_1_226' title='bbox 1040 3057 1102 3097; x_wconf 91' lang='lat' dir='ltr'><strong>ac</strong></span> <span class='ocrx_word' id='word_1_227' title='bbox 1127 3042 1401 3098; x_wconf 75' lang='lat' dir='ltr'><strong>totmodis</strong></span> <span class='ocrx_word' id='word_1_228' title='bbox 1432 3041 1667 3097; x_wconf 84' lang='lat' dir='ltr'><strong>ferocem</strong></span> <span class='ocrx_word' id='word_1_229' title='bbox 1700 3041 1847 3095; x_wconf 89' lang='lat' dir='ltr'><strong>illum</strong></span> <span class='ocrx_word' id='word_1_230' title='bbox 1874 3047 1929 3095; x_wconf 88' lang='lat' dir='ltr'><strong>et</strong></span> <span class='ocrx_word' id='word_1_231' title='bbox 1963 3041 2127 3111; x_wconf 88' lang='lat' dir='ltr'><strong>pesti-</strong></span> 
     </span>
    </p>
   </div>
   <div class='ocr_carea' id='block_1_31' title="bbox 538 3131 2124 3197">
    <p class='ocr_par' dir='ltr' id='par_1_31' title="bbox 538 3131 2124 3197">
     <span class='ocr_line' id='line_1_31' title="bbox 538 3131 2124 3197; baseline -0.002 -6"><span class='ocrx_word' id='word_1_232' title='bbox 538 3136 715 3193; x_wconf 80' lang='lat' dir='ltr'><strong>ferum</strong></span> <span class='ocrx_word' id='word_1_233' title='bbox 742 3135 1038 3192; x_wconf 62' lang='lat' dir='ltr'><strong>damonem</strong></span> <span class='ocrx_word' id='word_1_234' title='bbox 1082 3135 1325 3190; x_wconf 86' lang='lat' dir='ltr'><strong>molestia</strong></span> <span class='ocrx_word' id='word_1_235' title='bbox 1354 3133 1607 3197; x_wconf 72' lang='lat' dir='ltr'><strong>aﬂacisti,</strong></span> <span class='ocrx_word' id='word_1_236' title='bbox 1649 3133 1791 3190; x_wconf 91' lang='lat' dir='ltr'><strong>unde</strong></span> <span class='ocrx_word' id='word_1_237' title='bbox 1830 3131 2043 3188; x_wconf 88' lang='lat' dir='ltr'><strong>tandem</strong></span> <span class='ocrx_word' id='word_1_238' title='bbox 2072 3134 2124 3188; x_wconf 93' lang='lat' dir='ltr'><strong>in</strong></span> 
     </span>
    </p>
   </div>
   <div class='ocr_carea' id='block_1_32' title="bbox 542 3224 2122 3298">
    <p class='ocr_par' dir='ltr' id='par_1_32' title="bbox 542 3224 2122 3298">
     <span class='ocr_line' id='line_1_32' title="bbox 542 3224 2122 3298; baseline -0.003 -14"><span class='ocrx_word' id='word_1_239' title='bbox 542 3242 662 3284; x_wconf 88' lang='lat' dir='ltr'><strong>eam</strong></span> <span class='ocrx_word' id='word_1_240' title='bbox 688 3241 836 3298; x_wconf 85' lang='lat' dir='ltr'><strong>spem</strong></span> <span class='ocrx_word' id='word_1_241' title='bbox 851 3241 1100 3293; x_wconf 78' lang='lat' dir='ltr'><strong>veneras,</strong></span> <span class='ocrx_word' id='word_1_242' title='bbox 1122 3224 1238 3282; x_wconf 82' lang='lat' dir='ltr'><strong>fore</strong></span> <span class='ocrx_word' id='word_1_243' title='bbox 1267 3237 1322 3281; x_wconf 91' lang='lat' dir='ltr'><strong>ut</strong></span> <span class='ocrx_word' id='word_1_244' title='bbox 1339 3225 1680 3296; x_wconf 75' lang='lat' dir='ltr'><strong>tranquillam</strong></span> <span class='ocrx_word' id='word_1_245' title='bbox 1702 3240 1764 3281; x_wconf 91' lang='lat' dir='ltr'><strong>ac</strong></span> <span class='ocrx_word' id='word_1_246' title='bbox 1789 3225 2122 3297; x_wconf 81' lang='lat' dir='ltr'><strong>negotiorum</strong></span> 
     </span>
    </p>
   </div>
   <div class='ocr_carea' id='block_1_33' title="bbox 545 3316 2123 3390">
    <p class='ocr_par' dir='ltr' id='par_1_33' title="bbox 545 3316 2123 3390">
     <span class='ocr_line' id='line_1_33' title="bbox 545 3316 2123 3390; baseline -0.002 -16"><span class='ocrx_word' id='word_1_247' title='bbox 545 3319 800 3375; x_wconf 81' lang='lat' dir='ltr'><strong>molestiis</strong></span> <span class='ocrx_word' id='word_1_248' title='bbox 825 3332 1045 3374; x_wconf 80' lang='lat' dir='ltr'><strong>vacuam</strong></span> <span class='ocrx_word' id='word_1_249' title='bbox 1068 3319 1228 3374; x_wconf 85' lang='lat' dir='ltr'><strong>vitam</strong></span> <span class='ocrx_word' id='word_1_250' title='bbox 1254 3319 1478 3390; x_wconf 77' lang='lat' dir='ltr'><strong>ageres?</strong></span> <span class='ocrx_word' id='word_1_251' title='bbox 1505 3316 1766 3384; x_wconf 85' lang='lat' dir='ltr'><strong>Quocirca</strong></span> <span class='ocrx_word' id='word_1_252' title='bbox 1793 3331 1900 3372; x_wconf 92' lang='lat' dir='ltr'><strong>non</strong></span> <span class='ocrx_word' id='word_1_253' title='bbox 1933 3330 2000 3372; x_wconf 92' lang='lat' dir='ltr'><strong>eo</strong></span> <span class='ocrx_word' id='word_1_254' title='bbox 2025 3331 2123 3371; x_wconf 88' lang='lat' dir='ltr'><strong>no-</strong></span> 
     </span>
    </p>
   </div>
   <div class='ocr_carea' id='block_1_34' title="bbox 538 3409 2121 3484">
    <p class='ocr_par' dir='ltr' id='par_1_34' title="bbox 538 3409 2121 3484">
     <span class='ocr_line' id='line_1_34' title="bbox 538 3409 2121 3484; baseline -0.004 -17"><span class='ocrx_word' id='word_1_255' title='bbox 538 3412 692 3468; x_wconf 84' lang='lat' dir='ltr'><strong>mine</strong></span> <span class='ocrx_word' id='word_1_256' title='bbox 731 3411 1024 3484; x_wconf 88' lang='lat' dir='ltr'><strong>perturbari</strong></span> <span class='ocrx_word' id='word_1_257' title='bbox 1050 3414 1315 3477; x_wconf 79' lang='lat' dir='ltr'><strong>convenit,</strong></span> <span class='ocrx_word' id='word_1_258' title='bbox 1344 3411 1486 3483; x_wconf 91' lang='lat' dir='ltr'><strong>quod</strong></span> <span class='ocrx_word' id='word_1_259' title='bbox 1517 3411 1682 3466; x_wconf 89' lang='lat' dir='ltr'><strong>multa</strong></span> <span class='ocrx_word' id='word_1_260' title='bbox 1703 3409 1933 3481; x_wconf 88' lang='lat' dir='ltr'><strong>undique</strong></span> <span class='ocrx_word' id='word_1_261' title='bbox 1957 3409 2121 3477; x_wconf 81' lang='lat' dir='ltr'><strong>bella,</strong></span> 
     </span>
    </p>
   </div>
   <div class='ocr_carea' id='block_1_35' title="bbox 543 3503 2122 3574">
    <p class='ocr_par' dir='ltr' id='par_1_35' title="bbox 543 3503 2122 3574">
     <span class='ocr_line' id='line_1_35' title="bbox 543 3503 2122 3574; baseline -0.001 -17"><span class='ocrx_word' id='word_1_262' title='bbox 543 3503 798 3574; x_wconf 87' lang='lat' dir='ltr'><strong>multique</strong></span> <span class='ocrx_word' id='word_1_263' title='bbox 835 3503 1089 3558; x_wconf 89' lang='lat' dir='ltr'><strong>tumultus</strong></span> <span class='ocrx_word' id='word_1_264' title='bbox 1134 3518 1199 3558; x_wconf 90' lang='lat' dir='ltr'><strong>ac</strong></span> <span class='ocrx_word' id='word_1_265' title='bbox 1227 3503 1652 3574; x_wconf 86' lang='lat' dir='ltr'><strong>perturbationes</strong></span> <span class='ocrx_word' id='word_1_266' title='bbox 1694 3503 2122 3572; x_wconf 76' lang='lat' dir='ltr'><strong>orianturzquin</strong></span> 
     </span>
    </p>
   </div>
   <div class='ocr_carea' id='block_1_36' title="bbox 544 3592 2126 3665">
    <p class='ocr_par' dir='ltr' id='par_1_36' title="bbox 544 3592 2126 3665">
     <span class='ocr_line' id='line_1_36' title="bbox 544 3592 2126 3665; baseline 0 -18"><span class='ocrx_word' id='word_1_267' title='bbox 544 3594 740 3662; x_wconf 84' lang='lat' dir='ltr'><strong>petius,</strong></span> <span class='ocrx_word' id='word_1_268' title='bbox 786 3593 833 3649; x_wconf 89' lang='lat' dir='ltr'><strong>si</strong></span> <span class='ocrx_word' id='word_1_269' title='bbox 878 3593 1009 3649; x_wconf 89' lang='lat' dir='ltr'><strong>nihil</strong></span> <span class='ocrx_word' id='word_1_270' title='bbox 1041 3594 1230 3650; x_wconf 86' lang='lat' dir='ltr'><strong>horum</strong></span> <span class='ocrx_word' id='word_1_271' title='bbox 1260 3595 1602 3665; x_wconf 76' lang='lat' dir='ltr'><strong>contigisset,</strong></span> <span class='ocrx_word' id='word_1_272' title='bbox 1630 3602 1746 3648; x_wconf 87' lang='lat' dir='ltr'><strong>tum</strong></span> <span class='ocrx_word' id='word_1_273' title='bbox 1771 3592 1984 3650; x_wconf 81' lang='lat' dir='ltr'><strong>demum</strong></span> <span class='ocrx_word' id='word_1_274' title='bbox 2011 3601 2126 3649; x_wconf 80' lang='lat' dir='ltr'><strong>erat</strong></span> 
     </span>
    </p>
   </div>
   <div class='ocr_carea' id='block_1_37' title="bbox 547 3684 2122 3756">
    <p class='ocr_par' dir='ltr' id='par_1_37' title="bbox 547 3684 2122 3756">
     <span class='ocr_line' id='line_1_37' title="bbox 547 3684 2122 3756; baseline -0.002 -15"><span class='ocrx_word' id='word_1_275' title='bbox 547 3699 643 3741; x_wconf 89' lang='lat' dir='ltr'><strong>cur</strong></span> <span class='ocrx_word' id='word_1_276' title='bbox 668 3684 960 3741; x_wconf 85' lang='lat' dir='ltr'><strong>mirareris.</strong></span> <span class='ocrx_word' id='word_1_277' title='bbox 1004 3685 1278 3756; x_wconf 87' lang='lat' dir='ltr'><strong>Siquidem</strong></span> <span class='ocrx_word' id='word_1_278' title='bbox 1323 3685 1503 3741; x_wconf 86' lang='lat' dir='ltr'><strong>virtuti</strong></span> <span class='ocrx_word' id='word_1_279' title='bbox 1547 3685 1699 3740; x_wconf 73' lang='lat' dir='ltr'><strong>labor</strong></span> <span class='ocrx_word' id='word_1_280' title='bbox 1725 3699 1802 3741; x_wconf 78' lang='lat' dir='ltr'><strong>.ac</strong></span> <span class='ocrx_word' id='word_1_281' title='bbox 1835 3684 2122 3740; x_wconf 86' lang='lat' dir='ltr'><strong>discrimen</strong></span> 
     </span>
    </p>
   </div>
   <div class='ocr_carea' id='block_1_38' title="bbox 542 3774 2124 3847">
    <p class='ocr_par' dir='ltr' id='par_1_38' title="bbox 542 3774 2124 3847">
     <span class='ocr_line' id='line_1_38' title="bbox 542 3774 2124 3847; baseline -0.001 -17"><span class='ocrx_word' id='word_1_282' title='bbox 542 3776 804 3832; x_wconf 80' lang='lat' dir='ltr'><strong>adnexum</strong></span> <span class='ocrx_word' id='word_1_283' title='bbox 831 3786 930 3832; x_wconf 90' lang='lat' dir='ltr'><strong>est.</strong></span> <span class='ocrx_word' id='word_1_284' title='bbox 955 3776 1116 3847; x_wconf 87' lang='lat' dir='ltr'><strong>quue</strong></span> <span class='ocrx_word' id='word_1_285' title='bbox 1138 3789 1192 3831; x_wconf 90' lang='lat' dir='ltr'><strong>tu</strong></span> <span class='ocrx_word' id='word_1_286' title='bbox 1221 3777 1365 3846; x_wconf 86' lang='lat' dir='ltr'><strong>prius</strong></span> <span class='ocrx_word' id='word_1_287' title='bbox 1384 3778 1566 3843; x_wconf 88' lang='lat' dir='ltr'><strong>etiam,</strong></span> <span class='ocrx_word' id='word_1_288' title='bbox 1597 3790 1755 3846; x_wconf 89' lang='lat' dir='ltr'><strong>quam</strong></span> <span class='ocrx_word' id='word_1_289' title='bbox 1776 3785 1985 3831; x_wconf 88' lang='lat' dir='ltr'><strong>nostras</strong></span> <span class='ocrx_word' id='word_1_290' title='bbox 2009 3774 2124 3830; x_wconf 84' lang='lat' dir='ltr'><strong>lite-</strong></span> 
     </span>
    </p>
   </div>
   <div class='ocr_carea' id='block_1_39' title="bbox 543 3866 2124 3938">
    <p class='ocr_par' dir='ltr' id='par_1_39' title="bbox 543 3866 2124 3938">
     <span class='ocr_line' id='line_1_39' title="bbox 543 3866 2124 3938; baseline -0.001 -15"><span class='ocrx_word' id='word_1_291' title='bbox 543 3883 632 3923; x_wconf 85' lang='lat' dir='ltr'><strong>ras</strong></span> <span class='ocrx_word' id='word_1_292' title='bbox 658 3868 818 3937; x_wconf 87' lang='lat' dir='ltr'><strong>legas,</strong></span> <span class='ocrx_word' id='word_1_293' title='bbox 845 3877 1178 3938; x_wconf 81' lang='lat' dir='ltr'><strong>perSpectum</strong></span> <span class='ocrx_word' id='word_1_294' title='bbox 1211 3867 1393 3934; x_wconf 81' lang='lat' dir='ltr'><strong>habes,</strong></span> <span class='ocrx_word' id='word_1_295' title='bbox 1425 3883 1526 3923; x_wconf 88' lang='lat' dir='ltr'><strong>nec</strong></span> <span class='ocrx_word' id='word_1_296' title='bbox 1550 3883 1684 3938; x_wconf 90' lang='lat' dir='ltr'><strong>opus</strong></span> <span class='ocrx_word' id='word_1_297' title='bbox 1713 3878 1798 3922; x_wconf 89' lang='lat' dir='ltr'><strong>est</strong></span> <span class='ocrx_word' id='word_1_298' title='bbox 1821 3876 1880 3922; x_wconf 91' lang='lat' dir='ltr'><strong>ut</strong></span> <span class='ocrx_word' id='word_1_299' title='bbox 1905 3867 1974 3921; x_wconf 91' lang='lat' dir='ltr'><strong>ab</strong></span> <span class='ocrx_word' id='word_1_300' title='bbox 2007 3866 2124 3921; x_wconf 84' lang='lat' dir='ltr'><strong>aliis</strong></span> 
     </span>
    </p>
   </div>
   <div class='ocr_carea' id='block_1_40' title="bbox 541 3956 2125 4030">
    <p class='ocr_par' dir='ltr' id='par_1_40' title="bbox 541 3956 2125 4030">
     <span class='ocr_line' id='line_1_40' title="bbox 541 3956 2125 4030; baseline -0.003 -14"><span class='ocrx_word' id='word_1_301' title='bbox 541 3960 753 4016; x_wconf 86' lang='lat' dir='ltr'><strong>discas:</strong></span> <span class='ocrx_word' id='word_1_302' title='bbox 781 3974 901 4014; x_wconf 86' lang='lat' dir='ltr'><strong>nam</strong></span> <span class='ocrx_word' id='word_1_303' title='bbox 931 3975 1030 4015; x_wconf 84' lang='lat' dir='ltr'><strong>nec</strong></span> <span class='ocrx_word' id='word_1_304' title='bbox 1058 3960 1178 4029; x_wconf 84' lang='lat' dir='ltr'><strong>ipsi,</strong></span> <span class='ocrx_word' id='word_1_305' title='bbox 1216 3970 1274 4012; x_wconf 89' lang='lat' dir='ltr'><strong>ut</strong></span> <span class='ocrx_word' id='word_1_306' title='bbox 1292 3960 1632 4030; x_wconf 71' lang='lat' dir='ltr'><strong>ignorantem</strong></span> <span class='ocrx_word' id='word_1_307' title='bbox 1671 3958 1979 4025; x_wconf 83' lang='lat' dir='ltr'><strong>doceamus,</strong></span> <span class='ocrx_word' id='word_1_308' title='bbox 2010 3956 2125 4012; x_wconf 64' lang='lat' dir='ltr'><strong>haec</strong></span> 
     </span>
    </p>
   </div>
   <div class='ocr_carea' id='block_1_41' title="bbox 542 4042 2122 4118">
    <p class='ocr_par' dir='ltr' id='par_1_41' title="bbox 542 4042 2122 4118">
     <span class='ocr_line' id='line_1_41' title="bbox 542 4042 2122 4118; baseline -0.002 -12"><span class='ocrx_word' id='word_1_309' title='bbox 542 4050 844 4106; x_wconf 87' lang='lat' dir='ltr'><strong>scribimus.</strong></span> <span class='ocrx_word' id='word_1_310' title='bbox 894 4049 1103 4106; x_wconf 89' lang='lat' dir='ltr'><strong>Scimus</strong></span> <span class='ocrx_word' id='word_1_311' title='bbox 1142 4042 1307 4118; x_wconf 84' lang='lat' dir='ltr'><strong>enim,</strong></span> <span class='ocrx_word' id='word_1_312' title='bbox 1357 4064 1458 4105; x_wconf 90' lang='lat' dir='ltr'><strong>nec</strong></span> <span class='ocrx_word' id='word_1_313' title='bbox 1505 4048 1773 4115; x_wconf 80' lang='lat' dir='ltr'><strong>exsilium,</strong></span> <span class='ocrx_word' id='word_1_314' title='bbox 1821 4063 1923 4104; x_wconf 90' lang='lat' dir='ltr'><strong>nec</strong></span> <span class='ocrx_word' id='word_1_315' title='bbox 1963 4061 2122 4117; x_wconf 90' lang='lat' dir='ltr'><strong>opum</strong></span> 
     </span>
    </p>
   </div>
   <div class='ocr_carea' id='block_1_42' title="bbox 539 4139 2120 4215">
    <p class='ocr_par' dir='ltr' id='par_1_42' title="bbox 539 4139 2120 4215">
     <span class='ocr_line' id='line_1_42' title="bbox 539 4139 2120 4215; baseline -0.003 -17"><span class='ocrx_word' id='word_1_316' title='bbox 539 4144 819 4215; x_wconf 67' lang='lat' dir='ltr'><strong>iacturam,</strong></span> <span class='ocrx_word' id='word_1_317' title='bbox 865 4142 1005 4215; x_wconf 90' lang='lat' dir='ltr'><strong>quod</strong></span> <span class='ocrx_word' id='word_1_318' title='bbox 1048 4143 1287 4214; x_wconf 87' lang='lat' dir='ltr'><strong>plerique</strong></span> <span class='ocrx_word' id='word_1_319' title='bbox 1339 4139 1726 4197; x_wconf 88' lang='lat' dir='ltr'><strong>intolerandum</strong></span> <span class='ocrx_word' id='word_1_320' title='bbox 1757 4139 1984 4209; x_wconf 90' lang='lat' dir='ltr'><strong>ducunt,</strong></span> <span class='ocrx_word' id='word_1_321' title='bbox 2016 4154 2120 4196; x_wconf 92' lang='lat' dir='ltr'><strong>non</strong></span> 
     </span>
    </p>
   </div>
   <div class='ocr_carea' id='block_1_43' title="bbox 541 4233 2123 4304">
    <p class='ocr_par' dir='ltr' id='par_1_43' title="bbox 541 4233 2123 4304">
     <span class='ocr_line' id='line_1_43' title="bbox 541 4233 2123 4304; baseline -0.002 -13"><span class='ocrx_word' id='word_1_322' title='bbox 541 4235 939 4302; x_wconf 89' lang='lat' dir='ltr'><strong>contumeliam,</strong></span> <span class='ocrx_word' id='word_1_323' title='bbox 981 4250 1086 4290; x_wconf 92' lang='lat' dir='ltr'><strong>non</strong></span> <span class='ocrx_word' id='word_1_324' title='bbox 1129 4234 1287 4290; x_wconf 87' lang='lat' dir='ltr'><strong>aliam</strong></span> <span class='ocrx_word' id='word_1_325' title='bbox 1319 4234 1479 4290; x_wconf 85' lang='lat' dir='ltr'><strong>ullam</strong></span> <span class='ocrx_word' id='word_1_326' title='bbox 1510 4233 1812 4304; x_wconf 88' lang='lat' dir='ltr'><strong>bujusmodi</strong></span> <span class='ocrx_word' id='word_1_327' title='bbox 1847 4234 2123 4289; x_wconf 89' lang='lat' dir='ltr'><strong>calamita-</strong></span> 
     </span>
    </p>
   </div>
   <div class='ocr_carea' id='block_1_44' title="bbox 543 4325 2123 4398">
    <p class='ocr_par' dir='ltr' id='par_1_44' title="bbox 543 4325 2123 4398">
     <span class='ocr_line' id='line_1_44' title="bbox 543 4325 2123 4398; baseline -0.002 -15"><span class='ocrx_word' id='word_1_328' title='bbox 543 4339 650 4383; x_wconf 88' lang='lat' dir='ltr'><strong>tem</strong></span> <span class='ocrx_word' id='word_1_329' title='bbox 699 4336 752 4383; x_wconf 91' lang='lat' dir='ltr'><strong>te</strong></span> <span class='ocrx_word' id='word_1_330' title='bbox 789 4328 1097 4397; x_wconf 88' lang='lat' dir='ltr'><strong>perturbare</strong></span> <span class='ocrx_word' id='word_1_331' title='bbox 1125 4341 1303 4398; x_wconf 82' lang='lat' dir='ltr'><strong>posse.</strong></span> <span class='ocrx_word' id='word_1_332' title='bbox 1332 4325 1463 4382; x_wconf 84' lang='lat' dir='ltr'><strong>Nam</strong></span> <span class='ocrx_word' id='word_1_333' title='bbox 1491 4341 1613 4382; x_wconf 90' lang='lat' dir='ltr'><strong>cum</strong></span> <span class='ocrx_word' id='word_1_334' title='bbox 1642 4341 1857 4392; x_wconf 89' lang='lat' dir='ltr'><strong>eorum,</strong></span> <span class='ocrx_word' id='word_1_335' title='bbox 1890 4326 1978 4395; x_wconf 93' lang='lat' dir='ltr'><strong>qui</strong></span> <span class='ocrx_word' id='word_1_336' title='bbox 2010 4325 2123 4380; x_wconf 65' lang='lat' dir='ltr'><strong>hinc</strong></span> 
     </span>
    </p>
   </div>
   <div class='ocr_carea' id='block_1_45' title="bbox 544 4419 2126 4490">
    <p class='ocr_par' dir='ltr' id='par_1_45' title="bbox 544 4419 2126 4490">
     <span class='ocr_line' id='line_1_45' title="bbox 544 4419 2126 4490; baseline 0 -16"><span class='ocrx_word' id='word_1_337' title='bbox 544 4419 897 4490; x_wconf 88' lang='lat' dir='ltr'><strong>pertulerunt,</strong></span> <span class='ocrx_word' id='word_1_338' title='bbox 921 4421 1052 4476; x_wconf 84' lang='lat' dir='ltr'><strong>socii</strong></span> <span class='ocrx_word' id='word_1_339' title='bbox 1078 4419 1219 4474; x_wconf 88' lang='lat' dir='ltr'><strong>beati</strong></span> <span class='ocrx_word' id='word_1_340' title='bbox 1244 4420 1617 4489; x_wconf 66' lang='lat' dir='ltr'><strong>prmdicentur,</strong></span> <span class='ocrx_word' id='word_1_341' title='bbox 1644 4421 1816 4475; x_wconf 89' lang='lat' dir='ltr'><strong>multo</strong></span> <span class='ocrx_word' id='word_1_342' title='bbox 1842 4429 1987 4475; x_wconf 88' lang='lat' dir='ltr'><strong>certe</strong></span> <span class='ocrx_word' id='word_1_343' title='bbox 2008 4419 2126 4474; x_wconf 86' lang='lat' dir='ltr'><strong>bea-</strong></span> 
     </span>
    </p>
   </div>
   <div class='ocr_carea' id='block_1_46' title="bbox 543 4510 2126 4582">
    <p class='ocr_par' dir='ltr' id='par_1_46' title="bbox 543 4510 2126 4582">
     <span class='ocr_line' id='line_1_46' title="bbox 543 4510 2126 4582; baseline -0.001 -17"><span class='ocrx_word' id='word_1_344' title='bbox 543 4514 713 4568; x_wconf 86' lang='lat' dir='ltr'><strong>tiores</strong></span> <span class='ocrx_word' id='word_1_345' title='bbox 734 4519 861 4566; x_wconf 87' lang='lat' dir='ltr'><strong>sunt</strong></span> <span class='ocrx_word' id='word_1_346' title='bbox 883 4511 973 4582; x_wconf 89' lang='lat' dir='ltr'><strong>qui</strong></span> <span class='ocrx_word' id='word_1_347' title='bbox 1002 4512 1054 4566; x_wconf 92' lang='lat' dir='ltr'><strong>in</strong></span> <span class='ocrx_word' id='word_1_348' title='bbox 1081 4511 1146 4566; x_wconf 89' lang='lat' dir='ltr'><strong>iis</strong></span> <span class='ocrx_word' id='word_1_349' title='bbox 1171 4520 1470 4566; x_wconf 86' lang='lat' dir='ltr'><strong>versantur.</strong></span> <span class='ocrx_word' id='word_1_350' title='bbox 1499 4511 1682 4580; x_wconf 86' lang='lat' dir='ltr'><strong>anue</strong></span> <span class='ocrx_word' id='word_1_351' title='bbox 1710 4510 1778 4566; x_wconf 90' lang='lat' dir='ltr'><strong>de</strong></span> <span class='ocrx_word' id='word_1_352' title='bbox 1805 4524 1964 4566; x_wconf 89' lang='lat' dir='ltr'><strong>causa</strong></span> <span class='ocrx_word' id='word_1_353' title='bbox 1988 4510 2126 4565; x_wconf 82' lang='lat' dir='ltr'><strong>Pau-</strong></span> 
     </span>
    </p>
   </div>
   <div class='ocr_carea' id='block_1_47' title="bbox 541 4602 2125 4675">
    <p class='ocr_par' dir='ltr' id='par_1_47' title="bbox 541 4602 2125 4675">
     <span class='ocr_line' id='line_1_47' title="bbox 541 4602 2125 4675; baseline 0.001 -16"><span class='ocrx_word' id='word_1_354' title='bbox 541 4606 624 4660; x_wconf 91' lang='lat' dir='ltr'><strong>lus</strong></span> <span class='ocrx_word' id='word_1_355' title='bbox 658 4612 882 4673; x_wconf 87' lang='lat' dir='ltr'><strong>utroque</strong></span> <span class='ocrx_word' id='word_1_356' title='bbox 905 4603 1120 4659; x_wconf 90' lang='lat' dir='ltr'><strong>nomine</strong></span> <span class='ocrx_word' id='word_1_357' title='bbox 1157 4617 1253 4660; x_wconf 89' lang='lat' dir='ltr'><strong>eos</strong></span> <span class='ocrx_word' id='word_1_358' title='bbox 1288 4603 1377 4675; x_wconf 91' lang='lat' dir='ltr'><strong>qui</strong></span> <span class='ocrx_word' id='word_1_359' title='bbox 1404 4603 1474 4658; x_wconf 90' lang='lat' dir='ltr'><strong>ab</strong></span> <span class='ocrx_word' id='word_1_360' title='bbox 1498 4602 1842 4659; x_wconf 80' lang='lat' dir='ltr'><strong>Hebraeorum</strong></span> <span class='ocrx_word' id='word_1_361' title='bbox 1870 4604 2125 4674; x_wconf 81' lang='lat' dir='ltr'><strong>religione</strong></span> 
     </span>
    </p>
   </div>
   <div class='ocr_carea' id='block_1_48' title="bbox 540 4693 2124 4763">
    <p class='ocr_par' dir='ltr' id='par_1_48' title="bbox 540 4693 2124 4763">
     <span class='ocr_line' id='line_1_48' title="bbox 540 4693 2124 4763; baseline 0.001 -14"><span class='ocrx_word' id='word_1_362' title='bbox 540 4694 608 4749; x_wconf 89' lang='lat' dir='ltr'><strong>ad</strong></span> <span class='ocrx_word' id='word_1_363' title='bbox 635 4693 991 4750; x_wconf 85' lang='lat' dir='ltr'><strong>Christianam</strong></span> <span class='ocrx_word' id='word_1_364' title='bbox 1027 4693 1186 4752; x_wconf 80' lang='lat' dir='ltr'><strong>fidem</strong></span> <span class='ocrx_word' id='word_1_365' title='bbox 1214 4709 1274 4752; x_wconf 86' lang='lat' dir='ltr'><strong>se</strong></span> <span class='ocrx_word' id='word_1_366' title='bbox 1301 4695 1656 4763; x_wconf 89' lang='lat' dir='ltr'><strong>contulerant,</strong></span> <span class='ocrx_word' id='word_1_367' title='bbox 1687 4695 1771 4751; x_wconf 91' lang='lat' dir='ltr'><strong>his</strong></span> <span class='ocrx_word' id='word_1_368' title='bbox 1804 4696 1980 4752; x_wconf 87' lang='lat' dir='ltr'><strong>verbis</strong></span> <span class='ocrx_word' id='word_1_369' title='bbox 2007 4696 2124 4751; x_wconf 91' lang='lat' dir='ltr'><strong>lau-</strong></span> 
     </span>
    </p>
   </div>
   <div class='ocr_carea' id='block_1_49' title="bbox 539 4786 2128 4858">
    <p class='ocr_par' dir='ltr' id='par_1_49' title="bbox 539 4786 2128 4858">
     <span class='ocr_line' id='line_1_49' title="bbox 539 4786 2128 4858; baseline 0.001 -17"><span class='ocrx_word' id='word_1_370' title='bbox 539 4787 631 4842; x_wconf 87' lang='lat' dir='ltr'><strong>dat</strong></span> <span class='ocrx_word' id='word_1_371' title='bbox 657 4804 671 4841; x_wconf 91' lang='lat'><strong>:</strong></span> <span class='ocrx_word' id='word_1_372' title='bbox 710 4786 1137 4843; x_wconf 80' lang='lat' dir='ltr'><strong>Rememoramini</strong></span> <span class='ocrx_word' id='word_1_373' title='bbox 1160 4789 1398 4857; x_wconf 82' lang='lat' dir='ltr'><strong>pristinos</strong></span> <span class='ocrx_word' id='word_1_374' title='bbox 1418 4789 1546 4855; x_wconf 86' lang='lat' dir='ltr'><strong>dies,</strong></span> <span class='ocrx_word' id='word_1_375' title='bbox 1573 4789 1628 4842; x_wconf 90' lang='lat' dir='ltr'><strong>in</strong></span> <span class='ocrx_word' id='word_1_376' title='bbox 1646 4787 1822 4858; x_wconf 84' lang='lat' dir='ltr'><strong>quibus</strong></span> <span class='ocrx_word' id='word_1_377' title='bbox 1853 4787 2128 4844; x_wconf 85' lang='lat' dir='ltr'><strong>illuminati</strong></span> 
     </span>
    </p>
   </div>
   <div class='ocr_carea' id='block_1_50' title="bbox 541 4880 2127 4951">
    <p class='ocr_par' dir='ltr' id='par_1_50' title="bbox 541 4880 2127 4951">
     <span class='ocr_line' id='line_1_50' title="bbox 541 4880 2127 4951; baseline 0.001 -18"><span class='ocrx_word' id='word_1_378' title='bbox 541 4897 782 4951; x_wconf 80' lang='lat' dir='ltr'><strong>magnum</strong></span> <span class='ocrx_word' id='word_1_379' title='bbox 804 4891 1059 4935; x_wconf 79' lang='lat' dir='ltr'><strong>certamen</strong></span> <span class='ocrx_word' id='word_1_380' title='bbox 1079 4881 1390 4936; x_wconf 66' lang='lat' dir='ltr'><strong>sustinuistis</strong></span> <span class='ocrx_word' id='word_1_381' title='bbox 1415 4883 1721 4951; x_wconf 81' lang='lat' dir='ltr'><strong>passionum,</strong></span> <span class='ocrx_word' id='word_1_382' title='bbox 1749 4882 1802 4935; x_wconf 90' lang='lat' dir='ltr'><strong>in</strong></span> <span class='ocrx_word' id='word_1_383' title='bbox 1826 4880 1984 4936; x_wconf 85' lang='lat' dir='ltr'><strong>altero</strong></span> <span class='ocrx_word' id='word_1_384' title='bbox 2012 4883 2127 4950; x_wconf 87' lang='lat' dir='ltr'><strong>qui-</strong></span> 
     </span>
    </p>
   </div>
   <div class='ocr_carea' id='block_1_51' title="bbox 543 4969 2126 5043">
    <p class='ocr_par' dir='ltr' id='par_1_51' title="bbox 543 4969 2126 5043">
     <span class='ocr_line' id='line_1_51' title="bbox 543 4969 2126 5043; baseline 0.003 -20"><span class='ocrx_word' id='word_1_385' title='bbox 543 4969 660 5024; x_wconf 82' lang='lat' dir='ltr'><strong>dem</strong></span> <span class='ocrx_word' id='word_1_386' title='bbox 688 4970 970 5040; x_wconf 74' lang='lat' dir='ltr'><strong>approbtiis</strong></span> <span class='ocrx_word' id='word_1_387' title='bbox 993 4986 1055 5023; x_wconf 89' lang='lat' dir='ltr'><strong>ac</strong></span> <span class='ocrx_word' id='word_1_388' title='bbox 1082 4969 1488 5026; x_wconf 81' lang='lat' dir='ltr'><strong>tribulationibus</strong></span> <span class='ocrx_word' id='word_1_389' title='bbox 1518 4973 1864 5041; x_wconf 78' lang='lat' dir='ltr'><strong>spectaculum</strong></span> <span class='ocrx_word' id='word_1_390' title='bbox 1900 4974 2043 5043; x_wconf 76' lang='lat' dir='ltr'><strong>facti,</strong></span> <span class='ocrx_word' id='word_1_391' title='bbox 2071 4974 2126 5028; x_wconf 87' lang='lat' dir='ltr'><strong>in</strong></span> 
     </span>
    </p>
   </div>
   <div class='ocr_carea' id='block_1_52' title="bbox 546 5061 2123 5135">
    <p class='ocr_par' dir='ltr' id='par_1_52' title="bbox 546 5061 2123 5135">
     <span class='ocr_line' id='line_1_52' title="bbox 546 5061 2123 5135; baseline 0.003 -22"><span class='ocrx_word' id='word_1_392' title='bbox 546 5061 706 5113; x_wconf 87' lang='lat' dir='ltr'><strong>altera</strong></span> <span class='ocrx_word' id='word_1_393' title='bbox 747 5070 914 5112; x_wconf 87' lang='lat' dir='ltr'><strong>autem</strong></span> <span class='ocrx_word' id='word_1_394' title='bbox 943 5061 1065 5114; x_wconf 85' lang='lat' dir='ltr'><strong>socii</strong></span> <span class='ocrx_word' id='word_1_395' title='bbox 1110 5062 1275 5115; x_wconf 80' lang='lat' dir='ltr'><strong>taliter</strong></span> <span class='ocrx_word' id='word_1_396' title='bbox 1316 5063 1713 5116; x_wconf 79' lang='lat' dir='ltr'><strong>conversantium</strong></span> <span class='ocrx_word' id='word_1_397' title='bbox 1746 5062 1910 5130; x_wconf 56' lang='lat' dir='ltr'><strong>eiecti</strong></span> <span class='ocrx_word' id='word_1_398' title='bbox 1938 5062 2123 5135; x_wconf 83' lang='lat' dir='ltr'><strong>(Hebr.</strong></span> 
     </span>
    </p>
   </div>
   <div class='ocr_carea' id='block_1_53' title="bbox 546 5151 2129 5226">
    <p class='ocr_par' dir='ltr' id='par_1_53' title="bbox 546 5151 2129 5226">
     <span class='ocr_line' id='line_1_53' title="bbox 546 5151 2129 5226; baseline 0.003 -19"><span class='ocrx_word' id='word_1_399' title='bbox 546 5152 634 5208; x_wconf 79' lang='grc'><strong>10.</strong></span> <span class='ocrx_word' id='word_1_400' title='bbox 668 5151 756 5208; x_wconf 70' lang='lat'><strong>52.</strong></span> <span class='ocrx_word' id='word_1_401' title='bbox 786 5153 898 5224; x_wconf 77' lang='lat'><strong>3&#39;5).</strong></span> <span class='ocrx_word' id='word_1_402' title='bbox 929 5151 1011 5210; x_wconf 90' lang='lat' dir='ltr'><strong>Ob</strong></span> <span class='ocrx_word' id='word_1_403' title='bbox 1034 5151 1194 5223; x_wconf 85' lang='lat' dir='ltr'><strong>idque</strong></span> <span class='ocrx_word' id='word_1_404' title='bbox 1223 5168 1290 5208; x_wconf 90' lang='lat' dir='ltr'><strong>ne</strong></span> <span class='ocrx_word' id='word_1_405' title='bbox 1316 5168 1412 5210; x_wconf 88' lang='lat' dir='ltr'><strong>nos</strong></span> <span class='ocrx_word' id='word_1_406' title='bbox 1438 5154 1653 5224; x_wconf 80' lang='lat' dir='ltr'><strong>quidem</strong></span> <span class='ocrx_word' id='word_1_407' title='bbox 1691 5154 1901 5226; x_wconf 82' lang='lat' dir='ltr'><strong>longam</strong></span> <span class='ocrx_word' id='word_1_408' title='bbox 1929 5156 2129 5226; x_wconf 87' lang='lat' dir='ltr'><strong>episto-</strong></span> 
     </span>
    </p>
   </div>
   <div class='ocr_carea' id='block_1_54' title="bbox 547 5242 2124 5321">
    <p class='ocr_par' dir='ltr' id='par_1_54' title="bbox 547 5242 2124 5321">
     <span class='ocr_line' id='line_1_54' title="bbox 547 5242 2124 5321; baseline 0.004 -24"><span class='ocrx_word' id='word_1_409' title='bbox 547 5242 652 5297; x_wconf 91' lang='lat' dir='ltr'><strong>lam</strong></span> <span class='ocrx_word' id='word_1_410' title='bbox 699 5242 1002 5321; x_wconf 81' lang='lat' dir='ltr'><strong>condimus.</strong></span> <span class='ocrx_word' id='word_1_411' title='bbox 1048 5243 1218 5300; x_wconf 81' lang='lat' dir='ltr'><strong>Nemo</strong></span> <span class='ocrx_word' id='word_1_412' title='bbox 1258 5245 1400 5300; x_wconf 82' lang='lat' dir='ltr'><strong>enim</strong></span> <span class='ocrx_word' id='word_1_413' title='bbox 1449 5245 1517 5301; x_wconf 90' lang='lat' dir='ltr'><strong>ad</strong></span> <span class='ocrx_word' id='word_1_414' title='bbox 1564 5261 1685 5302; x_wconf 89' lang='lat' dir='ltr'><strong>eum</strong></span> <span class='ocrx_word' id='word_1_415' title='bbox 1730 5248 1819 5318; x_wconf 89' lang='lat' dir='ltr'><strong>qui</strong></span> <span class='ocrx_word' id='word_1_416' title='bbox 1849 5249 2124 5304; x_wconf 88' lang='lat' dir='ltr'><strong>victoriam</strong></span> 
     </span>
    </p>
   </div>
   <div class='ocr_carea' id='block_1_55' title="bbox 545 5334 2126 5409">
    <p class='ocr_par' dir='ltr' id='par_1_55' title="bbox 545 5334 2126 5409">
     <span class='ocr_line' id='line_1_55' title="bbox 545 5334 2126 5409; baseline 0.005 -21"><span class='ocrx_word' id='word_1_417' title='bbox 545 5334 768 5404; x_wconf 88' lang='lat' dir='ltr'><strong>adeptus</strong></span> <span class='ocrx_word' id='word_1_418' title='bbox 811 5346 913 5399; x_wconf 86' lang='lat' dir='ltr'><strong>est,</strong></span> <span class='ocrx_word' id='word_1_419' title='bbox 940 5349 1003 5390; x_wconf 90' lang='lat' dir='ltr'><strong>ac</strong></span> <span class='ocrx_word' id='word_1_420' title='bbox 1031 5336 1355 5392; x_wconf 85' lang='lat' dir='ltr'><strong>luculentum</strong></span> <span class='ocrx_word' id='word_1_421' title='bbox 1383 5347 1641 5409; x_wconf 68' lang='lat' dir='ltr'><strong>troptnum</strong></span> <span class='ocrx_word' id='word_1_422' title='bbox 1674 5339 1877 5406; x_wconf 88' lang='lat' dir='ltr'><strong>statuit,</strong></span> <span class='ocrx_word' id='word_1_423' title='bbox 1900 5341 2126 5408; x_wconf 87' lang='lat' dir='ltr'><strong>accedit,</strong></span> 
     </span>
    </p>
   </div>
   <div class='ocr_carea' id='block_1_56' title="bbox 547 5423 2130 5499">
    <p class='ocr_par' dir='ltr' id='par_1_56' title="bbox 547 5423 2130 5499">
     <span class='ocr_line' id='line_1_56' title="bbox 547 5423 2130 5499; baseline 0.004 -20"><span class='ocrx_word' id='word_1_424' title='bbox 547 5433 604 5480; x_wconf 91' lang='lat' dir='ltr'><strong>ut</strong></span> <span class='ocrx_word' id='word_1_425' title='bbox 625 5438 780 5495; x_wconf 85' lang='lat' dir='ltr'><strong>opem</strong></span> <span class='ocrx_word' id='word_1_426' title='bbox 807 5423 960 5490; x_wconf 88' lang='lat' dir='ltr'><strong>ferat,</strong></span> <span class='ocrx_word' id='word_1_427' title='bbox 987 5426 1080 5482; x_wconf 87' lang='lat' dir='ltr'><strong>sed</strong></span> <span class='ocrx_word' id='word_1_428' title='bbox 1111 5436 1168 5482; x_wconf 91' lang='lat' dir='ltr'><strong>ut</strong></span> <span class='ocrx_word' id='word_1_429' title='bbox 1190 5427 1401 5484; x_wconf 88' lang='lat' dir='ltr'><strong>laudem</strong></span> <span class='ocrx_word' id='word_1_430' title='bbox 1430 5439 1484 5484; x_wconf 91' lang='lat' dir='ltr'><strong>et</strong></span> <span class='ocrx_word' id='word_1_431' title='bbox 1509 5428 1961 5499; x_wconf 70' lang='lat' dir='ltr'><strong>prmdicationem.</strong></span> <span class='ocrx_word' id='word_1_432' title='bbox 1985 5430 2130 5499; x_wconf 89' lang='lat' dir='ltr'><strong>Quo-</strong></span> 
     </span>
    </p>
   </div>
   <div class='ocr_carea' id='block_1_57' title="bbox 610 5560 2130 5621">
    <p class='ocr_par' dir='ltr' id='par_1_57' title="bbox 610 5560 2130 5621">
     <span class='ocr_line' id='line_1_57' title="bbox 610 5560 2130 5621; baseline 0.005 -11"><span class='ocrx_word' id='word_1_433' title='bbox 610 5561 628 5592; x_wconf 80' lang='grc'>¹</span> <span class='ocrx_word' id='word_1_434' title='bbox 662 5561 734 5610; x_wconf 81' lang='lat' dir='ltr'><strong>Sic</strong></span> <span class='ocrx_word' id='word_1_435' title='bbox 755 5568 860 5612; x_wconf 70' lang='lat' dir='ltr'><strong>Mss.</strong></span> <span class='ocrx_word' id='word_1_436' title='bbox 880 5573 1082 5621; x_wconf 88' lang='lat' dir='ltr'><strong>omnes;</strong></span> <span class='ocrx_word' id='word_1_437' title='bbox 1106 5562 1242 5621; x_wconf 77' lang='lat' dir='ltr'><strong>Editi,</strong></span> <span class='ocrx_word' id='word_1_438' title='bbox 1277 5560 1454 5613; x_wconf 80' lang='lat' dir='ltr'><strong>hortati</strong></span> <span class='ocrx_word' id='word_1_439' title='bbox 1485 5570 1612 5613; x_wconf 82' lang='lat' dir='ltr'><strong>sunt.</strong></span> <span class='ocrx_word' id='word_1_440' title='bbox 1637 5570 1811 5615; x_wconf 82' lang='lat' dir='ltr'><strong>veram</strong></span> <span class='ocrx_word' id='word_1_441' title='bbox 1836 5578 1948 5616; x_wconf 86' lang='lat' dir='ltr'><strong>esse</strong></span> <span class='ocrx_word' id='word_1_442' title='bbox 1970 5574 2130 5618; x_wconf 82' lang='lat' dir='ltr'><strong>Mann-</strong></span> 
     </span>
    </p>
   </div>
   <div class='ocr_carea' id='block_1_58' title="bbox 547 5622 2126 5694">
    <p class='ocr_par' dir='ltr' id='par_1_58' title="bbox 547 5622 2126 5694">
     <span class='ocr_line' id='line_1_58' title="bbox 547 5622 2126 5694; baseline 0.004 -22"><span class='ocrx_word' id='word_1_443' title='bbox 547 5622 830 5692; x_wconf 77' lang='lat' dir='ltr'><strong>scripwrum</strong></span> <span class='ocrx_word' id='word_1_444' title='bbox 866 5622 1127 5694; x_wconf 73' lang='lat' dir='ltr'><strong>lectionem</strong></span> <span class='ocrx_word' id='word_1_445' title='bbox 1164 5631 1298 5694; x_wconf 69' lang='lat' dir='ltr'><strong>t-atet</strong></span> <span class='ocrx_word' id='word_1_446' title='bbox 1341 5636 1409 5694; x_wconf 66' lang='lat' dir='ltr'><strong>ex</strong></span> <span class='ocrx_word' id='word_1_447' title='bbox 1452 5627 1615 5694; x_wconf 73' lang='lat' dir='ltr'><strong>serie:</strong></span> <span class='ocrx_word' id='word_1_448' title='bbox 1644 5627 1918 5688; x_wconf 81' lang='lat' dir='ltr'><strong>Epistolam,</strong></span> <span class='ocrx_word' id='word_1_449' title='bbox 1955 5630 2126 5693; x_wconf 84' lang='lat' dir='ltr'><strong>inquit,</strong></span> 
     </span>
    </p>
   </div>
   <div class='ocr_carea' id='block_1_59' title="bbox 547 5686 2128 5754">
    <p class='ocr_par' dir='ltr' id='par_1_59' title="bbox 547 5686 2128 5754">
     <span class='ocr_line' id='line_1_59' title="bbox 547 5686 2128 5754; baseline 0.008 -22"><span class='ocrx_word' id='word_1_450' title='bbox 547 5696 702 5732; x_wconf 82' lang='lat' dir='ltr'><strong>meam</strong></span> <span class='ocrx_word' id='word_1_451' title='bbox 722 5686 815 5753; x_wconf 64' lang='lat' dir='ltr'><strong>ipsi</strong></span> <span class='ocrx_word' id='word_1_452' title='bbox 836 5686 927 5734; x_wconf 80' lang='lat' dir='ltr'><strong>rita</strong></span> <span class='ocrx_word' id='word_1_453' title='bbox 965 5686 1152 5754; x_wconf 78' lang='lat' dir='ltr'><strong>nn&#39;ttito,</strong></span> <span class='ocrx_word' id='word_1_454' title='bbox 1185 5687 1299 5750; x_wconf 81' lang='lat' dir='ltr'><strong>quia</strong></span> <span class='ocrx_word' id='word_1_455' title='bbox 1329 5686 1383 5736; x_wconf 84' lang='lat' dir='ltr'><strong>in</strong></span> <span class='ocrx_word' id='word_1_456' title='bbox 1425 5697 1486 5736; x_wconf 89' lang='lat' dir='ltr'><strong>ea</strong></span> <span class='ocrx_word' id='word_1_457' title='bbox 1522 5686 1735 5739; x_wconf 78' lang='lat' dir='ltr'><strong>hortatus</strong></span> <span class='ocrx_word' id='word_1_458' title='bbox 1768 5703 1875 5740; x_wconf 80' lang='lat' dir='ltr'><strong>sum</strong></span> <span class='ocrx_word' id='word_1_459' title='bbox 1910 5686 2040 5754; x_wconf 68' lang='lat' dir='ltr'><strong>eunt;</strong></span> <span class='ocrx_word' id='word_1_460' title='bbox 2078 5686 2128 5744; x_wconf 80' lang='lat' dir='ltr'><strong>ut</strong></span> 
     </span>
    </p>
   </div>
   <div class='ocr_carea' id='block_1_60' title="bbox 546 5747 1102 5810">
    <p class='ocr_par' dir='ltr' id='par_1_60' title="bbox 546 5747 1102 5810">
     <span class='ocr_line' id='line_1_60' title="bbox 546 5747 1102 5810; baseline 0.005 -19"><span class='ocrx_word' id='word_1_461' title='bbox 546 5747 898 5810; x_wconf 72' lang='lat' dir='ltr'><strong>quantpt&#39;s&#39;mttttt</strong></span> <span class='ocrx_word' id='word_1_462' title='bbox 920 5747 1102 5798; x_wconf 83' lang='lat' dir='ltr'><strong>redeat.</strong></span> 
     </span>
    </p>
   </div>
   <div class='ocr_carea' id='block_1_61' title="bbox 1342 275 3180 379">
    <p class='ocr_par' dir='ltr' id='par_1_61' title="bbox 1342 275 3180 379">
     <span class='ocr_line' id='line_1_61' title="bbox 1342 275 3180 379; baseline -0.007 -1"><span class='ocrx_word' id='word_1_463' title='bbox 1342 322 1400 379; x_wconf 89' lang='lat' dir='ltr'><strong>s.</strong></span> <span class='ocrx_word' id='word_1_464' title='bbox 1440 316 1717 378; x_wconf 70' lang='lat' dir='ltr'><strong>JOANNIS</strong></span> <span class='ocrx_word' id='word_1_465' title='bbox 1775 307 2244 371; x_wconf 69' lang='lat' dir='ltr'><strong>Cttnrsosrout</strong></span> <span class='ocrx_word' id='word_1_466' title='bbox 2283 309 2602 371; x_wconf 77' lang='lat' dir='ltr'><strong>ARCHIEP.</strong></span> <span class='ocrx_word' id='word_1_467' title='bbox 2640 275 3180 372; x_wconf 71' lang='lat' dir='ltr'><strong>co-NsrAtvrINOP.</strong></span> 
     </span>
    </p>
   </div>
   <div class='ocr_carea' id='block_1_62' title="bbox 3734 303 3853 364">
    <p class='ocr_par' dir='ltr' id='par_1_62' title="bbox 3734 303 3853 364">
     <span class='ocr_line' id='line_1_62' title="bbox 3734 303 3853 364; baseline 0.067 -8"><span class='ocrx_word' id='word_1_468' title='bbox 3734 303 3853 364; x_wconf 71' lang='grc' dir='ltr'><strong>σεο</strong></span> 
     </span>
    </p>
   </div>
   <div class='ocr_carea' id='block_1_63' title="bbox 2256 421 3851 496">
    <p class='ocr_par' dir='ltr' id='par_1_63' title="bbox 2256 421 3851 496">
     <span class='ocr_line' id='line_1_63' title="bbox 2256 421 3851 496; baseline -0.002 -19"><span class='ocrx_word' id='word_1_469' title='bbox 2256 423 2396 478; x_wconf 91' lang='lat' dir='ltr'><strong>niam</strong></span> <span class='ocrx_word' id='word_1_470' title='bbox 2439 425 2604 495; x_wconf 90' lang='lat' dir='ltr'><strong>igitur</strong></span> <span class='ocrx_word' id='word_1_471' title='bbox 2647 439 2747 481; x_wconf 90' lang='lat' dir='ltr'><strong>nos</strong></span> <span class='ocrx_word' id='word_1_472' title='bbox 2784 439 2996 496; x_wconf 89' lang='lat' dir='ltr'><strong>quoque</strong></span> <span class='ocrx_word' id='word_1_473' title='bbox 3039 425 3240 480; x_wconf 87' lang='lat' dir='ltr'><strong>scimus</strong></span> <span class='ocrx_word' id='word_1_474' title='bbox 3265 431 3519 494; x_wconf 83' lang='lat' dir='ltr'><strong>quantam</strong></span> <span class='ocrx_word' id='word_1_475' title='bbox 3551 422 3602 478; x_wconf 92' lang='lat' dir='ltr'><strong>in</strong></span> <span class='ocrx_word' id='word_1_476' title='bbox 3626 421 3693 478; x_wconf 84' lang='lat' dir='ltr'><strong>iis</strong></span> <span class='ocrx_word' id='word_1_477' title='bbox 3717 435 3851 493; x_wconf 68' lang='lat' dir='ltr'><strong>qua:</strong></span> 
     </span>
    </p>
   </div>
   <div class='ocr_carea' id='block_1_64' title="bbox 2217 511 3850 586">
    <p class='ocr_par' dir='ltr' id='par_1_64' title="bbox 2217 511 3850 586">
     <span class='ocr_line' id='line_1_64' title="bbox 2217 511 3850 586; baseline -0.001 -19"><span class='ocrx_word' id='word_1_478' title='bbox 2217 512 2221 517; x_wconf 82' lang='grc'><em>’</em></span> <span class='ocrx_word' id='word_1_479' title='bbox 2251 511 2345 568; x_wconf 89' lang='lat' dir='ltr'><strong>tibi</strong></span> <span class='ocrx_word' id='word_1_480' title='bbox 2386 513 2714 584; x_wconf 87' lang='lat' dir='ltr'><strong>acciderunt,</strong></span> <span class='ocrx_word' id='word_1_481' title='bbox 2744 514 3136 586; x_wconf 82' lang='lat' dir='ltr'><strong>philosophiam</strong></span> <span class='ocrx_word' id='word_1_482' title='bbox 3177 514 3504 579; x_wconf 80' lang='lat' dir='ltr'><strong>exhibueris,</strong></span> <span class='ocrx_word' id='word_1_483' title='bbox 3536 514 3750 570; x_wconf 77' lang='lat' dir='ltr'><strong>beatam</strong></span> <span class='ocrx_word' id='word_1_484' title='bbox 3791 522 3850 567; x_wconf 87' lang='lat' dir='ltr'><strong>te</strong></span> 
     </span>
    </p>
   </div>
   <div class='ocr_carea' id='block_1_65' title="bbox 2249 603 3848 680">
    <p class='ocr_par' dir='ltr' id='par_1_65' title="bbox 2249 603 3848 680">
     <span class='ocr_line' id='line_1_65' title="bbox 2249 603 3848 680; baseline -0.001 -20"><span class='ocrx_word' id='word_1_485' title='bbox 2249 604 2492 661; x_wconf 91' lang='lat' dir='ltr'><strong>ducimus</strong></span> <span class='ocrx_word' id='word_1_486' title='bbox 2535 620 2600 662; x_wconf 91' lang='lat' dir='ltr'><strong>ac</strong></span> <span class='ocrx_word' id='word_1_487' title='bbox 2637 607 2976 678; x_wconf 89' lang='lat' dir='ltr'><strong>suspicimus,</strong></span> <span class='ocrx_word' id='word_1_488' title='bbox 3029 615 3140 680; x_wconf 77' lang='lat' dir='ltr'><strong>tum</strong></span> <span class='ocrx_word' id='word_1_489' title='bbox 3168 607 3240 663; x_wconf 91' lang='lat' dir='ltr'><strong>ob</strong></span> <span class='ocrx_word' id='word_1_490' title='bbox 3268 606 3598 676; x_wconf 87' lang='lat' dir='ltr'><strong>patientiam,</strong></span> <span class='ocrx_word' id='word_1_491' title='bbox 3626 612 3742 660; x_wconf 87' lang='lat' dir='ltr'><strong>tum</strong></span> <span class='ocrx_word' id='word_1_492' title='bbox 3766 603 3848 659; x_wconf 89' lang='lat' dir='ltr'><strong>ob</strong></span> 
     </span>
    </p>
   </div>
   <div class='ocr_carea' id='block_1_66' title="bbox 2249 695 3846 769">
    <p class='ocr_par' dir='ltr' id='par_1_66' title="bbox 2249 695 3846 769">
     <span class='ocr_line' id='line_1_66' title="bbox 2249 695 3846 769; baseline 0.001 -19"><span class='ocrx_word' id='word_1_493' title='bbox 2249 696 2463 766; x_wconf 83' lang='lat' dir='ltr'><strong>praemia</strong></span> <span class='ocrx_word' id='word_1_494' title='bbox 2493 711 2614 768; x_wconf 69' lang='lat' dir='ltr'><strong>qua</strong></span> <span class='ocrx_word' id='word_1_495' title='bbox 2634 697 2759 754; x_wconf 88' lang='lat' dir='ltr'><strong>hinc</strong></span> <span class='ocrx_word' id='word_1_496' title='bbox 2781 699 2874 753; x_wconf 90' lang='lat' dir='ltr'><strong>tibi</strong></span> <span class='ocrx_word' id='word_1_497' title='bbox 2896 699 2948 753; x_wconf 92' lang='lat' dir='ltr'><strong>in</strong></span> <span class='ocrx_word' id='word_1_498' title='bbox 2986 701 3257 769; x_wconf 79' lang='lat' dir='ltr'><strong>posterum</strong></span> <span class='ocrx_word' id='word_1_499' title='bbox 3289 696 3670 754; x_wconf 88' lang='lat' dir='ltr'><strong>reconduntur.</strong></span> <span class='ocrx_word' id='word_1_500' title='bbox 3703 695 3846 764; x_wconf 81' lang='lat' dir='ltr'><strong>Quia</strong></span> 
     </span>
    </p>
   </div>
   <div class='ocr_carea' id='block_1_67' title="bbox 2246 776 3845 847">
    <p class='ocr_par' dir='ltr' id='par_1_67' title="bbox 2246 776 3845 847">
     <span class='ocr_line' id='line_1_67' title="bbox 2246 776 3845 847; baseline -0.001 -4"><span class='ocrx_word' id='word_1_501' title='bbox 2246 797 2424 844; x_wconf 87' lang='lat' dir='ltr'><strong>autem</strong></span> <span class='ocrx_word' id='word_1_502' title='bbox 2471 792 2582 846; x_wconf 83' lang='lat' dir='ltr'><strong>scio</strong></span> <span class='ocrx_word' id='word_1_503' title='bbox 2627 800 2680 844; x_wconf 93' lang='lat' dir='ltr'><strong>te</strong></span> <span class='ocrx_word' id='word_1_504' title='bbox 2723 791 2792 845; x_wconf 92' lang='lat' dir='ltr'><strong>de</strong></span> <span class='ocrx_word' id='word_1_505' title='bbox 2839 806 3015 847; x_wconf 87' lang='lat' dir='ltr'><strong>rerum</strong></span> <span class='ocrx_word' id='word_1_506' title='bbox 3044 776 3346 846; x_wconf 82' lang='lat' dir='ltr'><strong>nostrarum</strong></span> <span class='ocrx_word' id='word_1_507' title='bbox 3383 799 3523 846; x_wconf 77' lang='lat' dir='ltr'><strong>statu</strong></span> <span class='ocrx_word' id='word_1_508' title='bbox 3552 790 3845 846; x_wconf 79' lang='lat' dir='ltr'><strong>certiorem</strong></span> 
     </span>
    </p>
   </div>
   <div class='ocr_carea' id='block_1_68' title="bbox 2248 879 3846 952">
    <p class='ocr_par' dir='ltr' id='par_1_68' title="bbox 2248 879 3846 952">
     <span class='ocr_line' id='line_1_68' title="bbox 2248 879 3846 952; baseline 0.001 -18"><span class='ocrx_word' id='word_1_509' title='bbox 2248 879 2360 936; x_wconf 80' lang='lat' dir='ltr'><strong>fieri</strong></span> <span class='ocrx_word' id='word_1_510' title='bbox 2391 896 2624 949; x_wconf 80' lang='lat' dir='ltr'><strong>cupere;</strong></span> <span class='ocrx_word' id='word_1_511' title='bbox 2666 882 2927 952; x_wconf 82' lang='lat' dir='ltr'><strong>siquidem</strong></span> <span class='ocrx_word' id='word_1_512' title='bbox 2959 882 3048 937; x_wconf 90' lang='lat' dir='ltr'><strong>diu</strong></span> <span class='ocrx_word' id='word_1_513' title='bbox 3093 882 3232 939; x_wconf 87' lang='lat' dir='ltr'><strong>tacui</strong></span> <span class='ocrx_word' id='word_1_514' title='bbox 3259 900 3274 938; x_wconf 89' lang='lat'><strong>:</strong></span> <span class='ocrx_word' id='word_1_515' title='bbox 3307 881 3410 938; x_wconf 92' lang='lat' dir='ltr'><strong>hoc</strong></span> <span class='ocrx_word' id='word_1_516' title='bbox 3434 881 3650 948; x_wconf 88' lang='lat' dir='ltr'><strong>habeto,</strong></span> <span class='ocrx_word' id='word_1_517' title='bbox 3677 894 3781 935; x_wconf 88' lang='lat' dir='ltr'><strong>nos</strong></span> <span class='ocrx_word' id='word_1_518' title='bbox 3811 895 3846 935; x_wconf 91' lang='lat' dir='ltr'><strong>e</strong></span> 
     </span>
    </p>
   </div>
   <div class='ocr_carea' id='block_1_69' title="bbox 2244 970 3843 1043">
    <p class='ocr_par' dir='ltr' id='par_1_69' title="bbox 2244 970 3843 1043">
     <span class='ocr_line' id='line_1_69' title="bbox 2244 970 3843 1043; baseline -0.001 -16"><span class='ocrx_word' id='word_1_519' title='bbox 2244 971 2557 1042; x_wconf 81' lang='lat' dir='ltr'><strong>gravissimo</strong></span> <span class='ocrx_word' id='word_1_520' title='bbox 2583 972 2800 1043; x_wconf 89' lang='lat' dir='ltr'><strong>quidem</strong></span> <span class='ocrx_word' id='word_1_521' title='bbox 2829 972 3019 1028; x_wconf 84' lang='lat' dir='ltr'><strong>morbo</strong></span> <span class='ocrx_word' id='word_1_522' title='bbox 3046 973 3357 1040; x_wconf 87' lang='lat' dir='ltr'><strong>emersisse,</strong></span> <span class='ocrx_word' id='word_1_523' title='bbox 3379 981 3633 1029; x_wconf 69' lang='lat' dir='ltr'><strong>caeterum</strong></span> <span class='ocrx_word' id='word_1_524' title='bbox 3661 970 3843 1027; x_wconf 90' lang='lat' dir='ltr'><strong>morbi</strong></span> 
     </span>
    </p>
   </div>
   <div class='ocr_carea' id='block_1_70' title="bbox 2245 1061 3844 1137">
    <p class='ocr_par' dir='ltr' id='par_1_70' title="bbox 2245 1061 3844 1137">
     <span class='ocr_line' id='line_1_70' title="bbox 2245 1061 3844 1137; baseline 0.001 -18"><span class='ocrx_word' id='word_1_525' title='bbox 2245 1065 2497 1136; x_wconf 80' lang='lat' dir='ltr'><strong>reliquias</strong></span> <span class='ocrx_word' id='word_1_526' title='bbox 2537 1067 2828 1121; x_wconf 88' lang='lat' dir='ltr'><strong>etiamnum</strong></span> <span class='ocrx_word' id='word_1_527' title='bbox 2864 1066 3228 1124; x_wconf 88' lang='lat' dir='ltr'><strong>circumferre.</strong></span> <span class='ocrx_word' id='word_1_528' title='bbox 3259 1066 3503 1137; x_wconf 82' lang='lat' dir='ltr'><strong>Optimos</strong></span> <span class='ocrx_word' id='word_1_529' title='bbox 3541 1061 3690 1122; x_wconf 78' lang='lat' dir='ltr'><strong>certe</strong></span> <span class='ocrx_word' id='word_1_530' title='bbox 3717 1079 3844 1120; x_wconf 82' lang='lat' dir='ltr'><strong>me-</strong></span> 
     </span>
    </p>
   </div>
   <div class='ocr_carea' id='block_1_71' title="bbox 2241 1155 3840 1228">
    <p class='ocr_par' dir='ltr' id='par_1_71' title="bbox 2241 1155 3840 1228">
     <span class='ocr_line' id='line_1_71' title="bbox 2241 1155 3840 1228; baseline -0.001 -17"><span class='ocrx_word' id='word_1_531' title='bbox 2241 1155 2391 1212; x_wconf 90' lang='lat' dir='ltr'><strong>dicos</strong></span> <span class='ocrx_word' id='word_1_532' title='bbox 2439 1169 2637 1228; x_wconf 71' lang='lat' dir='ltr'><strong>prtesto.</strong></span> <span class='ocrx_word' id='word_1_533' title='bbox 2676 1159 2936 1214; x_wconf 89' lang='lat' dir='ltr'><strong>habemus</strong></span> <span class='ocrx_word' id='word_1_534' title='bbox 2975 1175 2990 1213; x_wconf 88' lang='lat'><strong>:</strong></span> <span class='ocrx_word' id='word_1_535' title='bbox 3043 1157 3138 1214; x_wconf 79' lang='lat' dir='ltr'><strong>sed</strong></span> <span class='ocrx_word' id='word_1_536' title='bbox 3182 1157 3606 1214; x_wconf 85' lang='lat' dir='ltr'><strong>necessariarum</strong></span> <span class='ocrx_word' id='word_1_537' title='bbox 3650 1167 3840 1211; x_wconf 81' lang='lat' dir='ltr'><strong>rerum</strong></span> 
     </span>
    </p>
   </div>
   <div class='ocr_carea' id='block_1_72' title="bbox 2243 1247 3840 1317">
    <p class='ocr_par' dir='ltr' id='par_1_72' title="bbox 2243 1247 3840 1317">
     <span class='ocr_line' id='line_1_72' title="bbox 2243 1247 3840 1317; baseline -0.001 -16"><span class='ocrx_word' id='word_1_538' title='bbox 2243 1247 2419 1317; x_wconf 82' lang='lat' dir='ltr'><strong>inopia</strong></span> <span class='ocrx_word' id='word_1_539' title='bbox 2447 1249 2727 1306; x_wconf 72' lang='lat' dir='ltr'><strong>medicinae</strong></span> <span class='ocrx_word' id='word_1_540' title='bbox 2766 1249 3044 1306; x_wconf 85' lang='lat' dir='ltr'><strong>utilitatem</strong></span> <span class='ocrx_word' id='word_1_541' title='bbox 3084 1247 3386 1304; x_wconf 82' lang='lat' dir='ltr'><strong>labefactat.</strong></span> <span class='ocrx_word' id='word_1_542' title='bbox 3418 1248 3517 1304; x_wconf 81' lang='lat' dir='ltr'><strong>Hic</strong></span> <span class='ocrx_word' id='word_1_543' title='bbox 3543 1247 3692 1305; x_wconf 81' lang='lat' dir='ltr'><strong>enim</strong></span> <span class='ocrx_word' id='word_1_544' title='bbox 3727 1263 3840 1300; x_wconf 88' lang='lat' dir='ltr'><strong>non</strong></span> 
     </span>
    </p>
   </div>
   <div class='ocr_carea' id='block_1_73' title="bbox 2241 1336 3840 1418">
    <p class='ocr_par' dir='ltr' id='par_1_73' title="bbox 2241 1336 3840 1418">
     <span class='ocr_line' id='line_1_73' title="bbox 2241 1336 3840 1418; baseline -0.001 -25"><span class='ocrx_word' id='word_1_545' title='bbox 2241 1339 2402 1395; x_wconf 89' lang='lat' dir='ltr'><strong>modo</strong></span> <span class='ocrx_word' id='word_1_546' title='bbox 2443 1341 2884 1418; x_wconf 13' lang='lat' dir='ltr'><strong>necessariorum.</strong></span> <span class='ocrx_word' id='word_1_547' title='bbox 2917 1341 3433 1396; x_wconf 88' lang='lat' dir='ltr'><strong>medicamentorum</strong></span> <span class='ocrx_word' id='word_1_548' title='bbox 3476 1336 3840 1409; x_wconf 51' lang='grc' dir='ltr'><strong>κωλῆνα,</strong></span> 
     </span>
    </p>
   </div>
   <div class='ocr_carea' id='block_1_74' title="bbox 2239 1417 3839 1504">
    <p class='ocr_par' dir='ltr' id='par_1_74' title="bbox 2239 1417 3839 1504">
     <span class='ocr_line' id='line_1_74' title="bbox 2239 1417 3839 1504; baseline -0.002 -18"><span class='ocrx_word' id='word_1_549' title='bbox 2239 1441 2664 1504; x_wconf 73' lang='lat' dir='ltr'><strong>caetemrumque</strong></span> <span class='ocrx_word' id='word_1_550' title='bbox 2709 1417 2888 1490; x_wconf 77' lang='lat' dir='ltr'><strong>rerum</strong></span> <span class='ocrx_word' id='word_1_551' title='bbox 2935 1434 3128 1504; x_wconf 88' lang='lat' dir='ltr'><strong>quibus</strong></span> <span class='ocrx_word' id='word_1_552' title='bbox 3160 1446 3360 1503; x_wconf 80' lang='lat' dir='ltr'><strong>:egrum</strong></span> <span class='ocrx_word' id='word_1_553' title='bbox 3388 1445 3586 1502; x_wconf 86' lang='lat' dir='ltr'><strong>corpus</strong></span> <span class='ocrx_word' id='word_1_554' title='bbox 3604 1429 3839 1486; x_wconf 80' lang='lat' dir='ltr'><strong>relevsri</strong></span> 
     </span>
    </p>
   </div>
   <div class='ocr_carea' id='block_1_75' title="bbox 2241 1522 3841 1595">
    <p class='ocr_par' dir='ltr' id='par_1_75' title="bbox 2241 1522 3841 1595">
     <span class='ocr_line' id='line_1_75' title="bbox 2241 1522 3841 1595; baseline -0.001 -18"><span class='ocrx_word' id='word_1_555' title='bbox 2241 1532 2436 1592; x_wconf 89' lang='lat' dir='ltr'><strong>potest,</strong></span> <span class='ocrx_word' id='word_1_556' title='bbox 2466 1539 2651 1580; x_wconf 90' lang='lat' dir='ltr'><strong>verum</strong></span> <span class='ocrx_word' id='word_1_557' title='bbox 2677 1525 2836 1582; x_wconf 90' lang='lat' dir='ltr'><strong>etiam</strong></span> <span class='ocrx_word' id='word_1_558' title='bbox 2863 1523 3032 1580; x_wconf 90' lang='lat' dir='ltr'><strong>fames</strong></span> <span class='ocrx_word' id='word_1_559' title='bbox 3053 1539 3118 1580; x_wconf 87' lang='lat' dir='ltr'><strong>ac</strong></span> <span class='ocrx_word' id='word_1_560' title='bbox 3135 1523 3302 1595; x_wconf 88' lang='lat' dir='ltr'><strong>pestis</strong></span> <span class='ocrx_word' id='word_1_561' title='bbox 3331 1522 3633 1579; x_wconf 86' lang='lat' dir='ltr'><strong>imminent.</strong></span> <span class='ocrx_word' id='word_1_562' title='bbox 3659 1522 3841 1590; x_wconf 82' lang='lat' dir='ltr'><strong>Atque</strong></span> 
     </span>
    </p>
   </div>
   <div class='ocr_carea' id='block_1_76' title="bbox 2240 1614 3836 1686">
    <p class='ocr_par' dir='ltr' id='par_1_76' title="bbox 2240 1614 3836 1686">
     <span class='ocr_line' id='line_1_76' title="bbox 2240 1614 3836 1686; baseline -0.001 -18"><span class='ocrx_word' id='word_1_563' title='bbox 2240 1615 2355 1670; x_wconf 80' lang='lat' dir='ltr'><strong>ha-c</strong></span> <span class='ocrx_word' id='word_1_564' title='bbox 2383 1614 2522 1671; x_wconf 88' lang='lat' dir='ltr'><strong>mala</strong></span> <span class='ocrx_word' id='word_1_565' title='bbox 2552 1623 2844 1686; x_wconf 90' lang='lat' dir='ltr'><strong>perpetuus</strong></span> <span class='ocrx_word' id='word_1_566' title='bbox 2873 1617 3140 1672; x_wconf 88' lang='lat' dir='ltr'><strong>latronum</strong></span> <span class='ocrx_word' id='word_1_567' title='bbox 3170 1617 3400 1686; x_wconf 90' lang='lat' dir='ltr'><strong>impetus</strong></span> <span class='ocrx_word' id='word_1_568' title='bbox 3437 1614 3549 1685; x_wconf 86' lang='lat' dir='ltr'><strong>jam</strong></span> <span class='ocrx_word' id='word_1_569' title='bbox 3581 1614 3836 1686; x_wconf 87' lang='lat' dir='ltr'><strong>parturit,</strong></span> 
     </span>
    </p>
   </div>
   <div class='ocr_carea' id='block_1_77' title="bbox 2238 1708 3842 1781">
    <p class='ocr_par' dir='ltr' id='par_1_77' title="bbox 2238 1708 3842 1781">
     <span class='ocr_line' id='line_1_77' title="bbox 2238 1708 3842 1781; baseline -0.001 -19"><span class='ocrx_word' id='word_1_570' title='bbox 2238 1708 2328 1777; x_wconf 86' lang='lat' dir='ltr'><strong>qui</strong></span> <span class='ocrx_word' id='word_1_571' title='bbox 2369 1723 2530 1777; x_wconf 89' lang='lat' dir='ltr'><strong>quam</strong></span> <span class='ocrx_word' id='word_1_572' title='bbox 2561 1709 2872 1780; x_wconf 84' lang='lat' dir='ltr'><strong>longissime</strong></span> <span class='ocrx_word' id='word_1_573' title='bbox 2911 1720 3237 1781; x_wconf 83' lang='lat' dir='ltr'><strong>grassantes,</strong></span> <span class='ocrx_word' id='word_1_574' title='bbox 3265 1717 3426 1780; x_wconf 89' lang='lat' dir='ltr'><strong>atque</strong></span> <span class='ocrx_word' id='word_1_575' title='bbox 3452 1720 3643 1764; x_wconf 89' lang='lat' dir='ltr'><strong>omnes</strong></span> <span class='ocrx_word' id='word_1_576' title='bbox 3678 1708 3842 1763; x_wconf 88' lang='lat' dir='ltr'><strong>undi-</strong></span> 
     </span>
    </p>
   </div>
   <div class='ocr_carea' id='block_1_78' title="bbox 2236 1800 3836 1872">
    <p class='ocr_par' dir='ltr' id='par_1_78' title="bbox 2236 1800 3836 1872">
     <span class='ocr_line' id='line_1_78' title="bbox 2236 1800 3836 1872; baseline 0.002 -20"><span class='ocrx_word' id='word_1_577' title='bbox 2236 1814 2341 1870; x_wconf 88' lang='lat' dir='ltr'><strong>que</strong></span> <span class='ocrx_word' id='word_1_578' title='bbox 2368 1802 2481 1856; x_wconf 86' lang='lat' dir='ltr'><strong>vias</strong></span> <span class='ocrx_word' id='word_1_579' title='bbox 2506 1800 2944 1866; x_wconf 87' lang='lat' dir='ltr'><strong>intercludentes,</strong></span> <span class='ocrx_word' id='word_1_580' title='bbox 2975 1803 3100 1857; x_wconf 85' lang='lat' dir='ltr'><strong>hinc</strong></span> <span class='ocrx_word' id='word_1_581' title='bbox 3124 1816 3337 1872; x_wconf 89' lang='lat' dir='ltr'><strong>quoque</strong></span> <span class='ocrx_word' id='word_1_582' title='bbox 3359 1815 3465 1856; x_wconf 90' lang='lat' dir='ltr'><strong>non</strong></span> <span class='ocrx_word' id='word_1_583' title='bbox 3494 1815 3716 1872; x_wconf 85' lang='lat' dir='ltr'><strong>parvum</strong></span> <span class='ocrx_word' id='word_1_584' title='bbox 3745 1801 3836 1865; x_wconf 89' lang='lat' dir='ltr'><strong>iis,</strong></span> 
     </span>
    </p>
   </div>
   <div class='ocr_carea' id='block_1_79' title="bbox 2235 1889 3836 1962">
    <p class='ocr_par' dir='ltr' id='par_1_79' title="bbox 2235 1889 3836 1962">
     <span class='ocr_line' id='line_1_79' title="bbox 2235 1889 3836 1962; baseline 0.001 -18"><span class='ocrx_word' id='word_1_585' title='bbox 2235 1889 2327 1960; x_wconf 89' lang='lat' dir='ltr'><strong>qui</strong></span> <span class='ocrx_word' id='word_1_586' title='bbox 2348 1891 2451 1947; x_wconf 92' lang='lat' dir='ltr'><strong>iter</strong></span> <span class='ocrx_word' id='word_1_587' title='bbox 2471 1890 2694 1961; x_wconf 89' lang='lat' dir='ltr'><strong>faciunt,</strong></span> <span class='ocrx_word' id='word_1_588' title='bbox 2734 1893 3028 1962; x_wconf 89' lang='lat' dir='ltr'><strong>periculum</strong></span> <span class='ocrx_word' id='word_1_589' title='bbox 3066 1903 3272 1949; x_wconf 87' lang='lat' dir='ltr'><strong>creant.</strong></span> <span class='ocrx_word' id='word_1_590' title='bbox 3302 1891 3444 1949; x_wconf 89' lang='lat' dir='ltr'><strong>Sane</strong></span> <span class='ocrx_word' id='word_1_591' title='bbox 3468 1891 3836 1956; x_wconf 82' lang='lat' dir='ltr'><strong>Andronicus,</strong></span> 
     </span>
    </p>
   </div>
   <div class='ocr_carea' id='block_1_80' title="bbox 2236 1982 3838 2055">
    <p class='ocr_par' dir='ltr' id='par_1_80' title="bbox 2236 1982 3838 2055">
     <span class='ocr_line' id='line_1_80' title="bbox 2236 1982 3838 2055; baseline -0.001 -17"><span class='ocrx_word' id='word_1_592' title='bbox 2236 1991 2294 2038; x_wconf 90' lang='lat' dir='ltr'><strong>ut</strong></span> <span class='ocrx_word' id='word_1_593' title='bbox 2334 1982 2450 2055; x_wconf 90' lang='lat' dir='ltr'><strong>ipse</strong></span> <span class='ocrx_word' id='word_1_594' title='bbox 2493 1984 2587 2051; x_wconf 89' lang='lat' dir='ltr'><strong>ait,</strong></span> <span class='ocrx_word' id='word_1_595' title='bbox 2620 1984 2674 2040; x_wconf 91' lang='lat' dir='ltr'><strong>in</strong></span> <span class='ocrx_word' id='word_1_596' title='bbox 2701 1999 2890 2041; x_wconf 91' lang='lat' dir='ltr'><strong>eorum</strong></span> <span class='ocrx_word' id='word_1_597' title='bbox 2932 1999 3123 2041; x_wconf 79' lang='lat' dir='ltr'><strong>manus</strong></span> <span class='ocrx_word' id='word_1_598' title='bbox 3167 1983 3374 2050; x_wconf 88' lang='lat' dir='ltr'><strong>incidit,</strong></span> <span class='ocrx_word' id='word_1_599' title='bbox 3412 1993 3578 2054; x_wconf 85' lang='lat' dir='ltr'><strong>atque</strong></span> <span class='ocrx_word' id='word_1_600' title='bbox 3605 1982 3677 2038; x_wconf 89' lang='lat' dir='ltr'><strong>ab</strong></span> <span class='ocrx_word' id='word_1_601' title='bbox 3701 1983 3838 2054; x_wconf 85' lang='lat' dir='ltr'><strong>ipsis</strong></span> 
     </span>
    </p>
   </div>
   <div class='ocr_carea' id='block_1_81' title="bbox 2234 2075 3833 2148">
    <p class='ocr_par' dir='ltr' id='par_1_81' title="bbox 2234 2075 3833 2148">
     <span class='ocr_line' id='line_1_81' title="bbox 2234 2075 3833 2148; baseline -0.002 -17"><span class='ocrx_word' id='word_1_602' title='bbox 2234 2075 2548 2148; x_wconf 88' lang='lat' dir='ltr'><strong>dispoliatus</strong></span> <span class='ocrx_word' id='word_1_603' title='bbox 2566 2079 2617 2145; x_wconf 74' lang='grc' dir='ltr'><strong>ι,</strong></span> <span class='ocrx_word' id='word_1_604' title='bbox 2665 2076 2743 2133; x_wconf 70' lang='lat' dir='ltr'><strong>ita</strong></span> <span class='ocrx_word' id='word_1_605' title='bbox 2768 2077 2946 2134; x_wconf 80' lang='lat' dir='ltr'><strong>salvus</strong></span> <span class='ocrx_word' id='word_1_606' title='bbox 2988 2077 3180 2134; x_wconf 87' lang='lat' dir='ltr'><strong>evasit.</strong></span> <span class='ocrx_word' id='word_1_607' title='bbox 3206 2076 3567 2146; x_wconf 86' lang='lat' dir='ltr'><strong>Quamobrem</strong></span> <span class='ocrx_word' id='word_1_608' title='bbox 3593 2085 3647 2132; x_wconf 91' lang='lat' dir='ltr'><strong>te</strong></span> <span class='ocrx_word' id='word_1_609' title='bbox 3677 2089 3833 2146; x_wconf 80' lang='lat' dir='ltr'><strong>rugo,</strong></span> 
     </span>
    </p>
   </div>
   <div class='ocr_carea' id='block_1_82' title="bbox 2235 2166 3836 2239">
    <p class='ocr_par' dir='ltr' id='par_1_82' title="bbox 2235 2166 3836 2239">
     <span class='ocr_line' id='line_1_82' title="bbox 2235 2166 3836 2239; baseline 0 -16"><span class='ocrx_word' id='word_1_610' title='bbox 2235 2183 2305 2224; x_wconf 91' lang='lat' dir='ltr'><strong>ne</strong></span> <span class='ocrx_word' id='word_1_611' title='bbox 2329 2183 2486 2239; x_wconf 91' lang='lat' dir='ltr'><strong>quem</strong></span> <span class='ocrx_word' id='word_1_612' title='bbox 2513 2168 2734 2239; x_wconf 90' lang='lat' dir='ltr'><strong>posthac</strong></span> <span class='ocrx_word' id='word_1_613' title='bbox 2761 2169 2868 2226; x_wconf 90' lang='lat' dir='ltr'><strong>huc</strong></span> <span class='ocrx_word' id='word_1_614' title='bbox 2889 2170 3092 2225; x_wconf 85' lang='lat' dir='ltr'><strong>mittas.</strong></span> <span class='ocrx_word' id='word_1_615' title='bbox 3124 2169 3220 2225; x_wconf 86' lang='lat' dir='ltr'><strong>Est</strong></span> <span class='ocrx_word' id='word_1_616' title='bbox 3246 2170 3391 2226; x_wconf 90' lang='lat' dir='ltr'><strong>enim</strong></span> <span class='ocrx_word' id='word_1_617' title='bbox 3413 2166 3735 2235; x_wconf 89' lang='lat' dir='ltr'><strong>verendum,</strong></span> <span class='ocrx_word' id='word_1_618' title='bbox 3765 2183 3836 2223; x_wconf 87' lang='lat' dir='ltr'><strong>ne</strong></span> 
     </span>
    </p>
   </div>
   <div class='ocr_carea' id='block_1_83' title="bbox 2235 2258 3829 2333">
    <p class='ocr_par' dir='ltr' id='par_1_83' title="bbox 2235 2258 3829 2333">
     <span class='ocr_line' id='line_1_83' title="bbox 2235 2258 3829 2333; baseline -0.001 -18"><span class='ocrx_word' id='word_1_619' title='bbox 2235 2259 2583 2330; x_wconf 81' lang='lat' dir='ltr'><strong>profectionis</strong></span> <span class='ocrx_word' id='word_1_620' title='bbox 2621 2261 2689 2329; x_wconf 89' lang='lat' dir='ltr'><strong>ad</strong></span> <span class='ocrx_word' id='word_1_621' title='bbox 2737 2277 2836 2319; x_wconf 83' lang='lat' dir='ltr'><strong>nos</strong></span> <span class='ocrx_word' id='word_1_622' title='bbox 2863 2277 3022 2318; x_wconf 90' lang='lat' dir='ltr'><strong>causa</strong></span> <span class='ocrx_word' id='word_1_623' title='bbox 3063 2263 3132 2328; x_wconf 89' lang='lat' dir='ltr'><strong>ei,</strong></span> <span class='ocrx_word' id='word_1_624' title='bbox 3176 2263 3266 2333; x_wconf 91' lang='lat' dir='ltr'><strong>qui</strong></span> <span class='ocrx_word' id='word_1_625' title='bbox 3308 2263 3412 2318; x_wconf 90' lang='lat' dir='ltr'><strong>iter</strong></span> <span class='ocrx_word' id='word_1_626' title='bbox 3450 2262 3552 2316; x_wconf 91' lang='lat' dir='ltr'><strong>hoc</strong></span> <span class='ocrx_word' id='word_1_627' title='bbox 3581 2258 3829 2330; x_wconf 74' lang='lat' dir='ltr'><strong>suscipit,</strong></span> 
     </span>
    </p>
   </div>
   <div class='ocr_carea' id='block_1_84' title="bbox 2236 2351 3836 2422">
    <p class='ocr_par' dir='ltr' id='par_1_84' title="bbox 2236 2351 3836 2422">
     <span class='ocr_line' id='line_1_84' title="bbox 2236 2351 3836 2422; baseline -0.001 -17"><span class='ocrx_word' id='word_1_628' title='bbox 2236 2365 2422 2406; x_wconf 89' lang='lat' dir='ltr'><strong>necem</strong></span> <span class='ocrx_word' id='word_1_629' title='bbox 2467 2355 2728 2409; x_wconf 85' lang='lat' dir='ltr'><strong>accersat.</strong></span> <span class='ocrx_word' id='word_1_630' title='bbox 2761 2352 2914 2422; x_wconf 86' lang='lat' dir='ltr'><strong>Quod</strong></span> <span class='ocrx_word' id='word_1_631' title='bbox 2943 2353 2989 2408; x_wconf 91' lang='lat' dir='ltr'><strong>si</strong></span> <span class='ocrx_word' id='word_1_632' title='bbox 3018 2352 3246 2418; x_wconf 89' lang='lat' dir='ltr'><strong>accidat,</strong></span> <span class='ocrx_word' id='word_1_633' title='bbox 3278 2367 3382 2407; x_wconf 90' lang='lat' dir='ltr'><strong>non</strong></span> <span class='ocrx_word' id='word_1_634' title='bbox 3413 2361 3464 2407; x_wconf 92' lang='lat' dir='ltr'><strong>te</strong></span> <span class='ocrx_word' id='word_1_635' title='bbox 3501 2351 3637 2422; x_wconf 89' lang='lat' dir='ltr'><strong>fugit</strong></span> <span class='ocrx_word' id='word_1_636' title='bbox 3661 2366 3836 2422; x_wconf 81' lang='lat' dir='ltr'><strong>quan-</strong></span> 
     </span>
    </p>
   </div>
   <div class='ocr_carea' id='block_1_85' title="bbox 2237 2440 3834 2512">
    <p class='ocr_par' dir='ltr' id='par_1_85' title="bbox 2237 2440 3834 2512">
     <span class='ocr_line' id='line_1_85' title="bbox 2237 2440 3834 2512; baseline 0.001 -17"><span class='ocrx_word' id='word_1_637' title='bbox 2237 2450 2346 2496; x_wconf 90' lang='lat' dir='ltr'><strong>tum</strong></span> <span class='ocrx_word' id='word_1_638' title='bbox 2372 2442 2612 2498; x_wconf 88' lang='lat' dir='ltr'><strong>dolorem</strong></span> <span class='ocrx_word' id='word_1_639' title='bbox 2658 2443 2710 2500; x_wconf 93' lang='lat' dir='ltr'><strong>id</strong></span> <span class='ocrx_word' id='word_1_640' title='bbox 2757 2443 2912 2500; x_wconf 90' lang='lat' dir='ltr'><strong>nobis</strong></span> <span class='ocrx_word' id='word_1_641' title='bbox 2939 2443 3224 2499; x_wconf 85' lang='lat' dir='ltr'><strong>allaturum</strong></span> <span class='ocrx_word' id='word_1_642' title='bbox 3247 2442 3336 2497; x_wconf 89' lang='lat' dir='ltr'><strong>sit.</strong></span> <span class='ocrx_word' id='word_1_643' title='bbox 3371 2440 3570 2497; x_wconf 82' lang='lat' dir='ltr'><strong>Verum</strong></span> <span class='ocrx_word' id='word_1_644' title='bbox 3597 2441 3644 2497; x_wconf 87' lang='lat' dir='ltr'><strong>si</strong></span> <span class='ocrx_word' id='word_1_645' title='bbox 3667 2457 3834 2512; x_wconf 88' lang='lat' dir='ltr'><strong>quem</strong></span> 
     </span>
    </p>
   </div>
   <div class='ocr_carea' id='block_1_86' title="bbox 2232 2530 3834 2603">
    <p class='ocr_par' dir='ltr' id='par_1_86' title="bbox 2232 2530 3834 2603">
     <span class='ocr_line' id='line_1_86' title="bbox 2232 2530 3834 2603; baseline -0.001 -16"><span class='ocrx_word' id='word_1_646' title='bbox 2232 2541 2484 2602; x_wconf 67' lang='lat' dir='ltr'><strong>spectatae</strong></span> <span class='ocrx_word' id='word_1_647' title='bbox 2522 2533 2645 2590; x_wconf 81' lang='lat' dir='ltr'><strong>ﬁdei</strong></span> <span class='ocrx_word' id='word_1_648' title='bbox 2687 2533 2961 2590; x_wconf 86' lang='lat' dir='ltr'><strong>hominem</strong></span> <span class='ocrx_word' id='word_1_649' title='bbox 2999 2532 3345 2596; x_wconf 87' lang='lat' dir='ltr'><strong>nanciscaris,</strong></span> <span class='ocrx_word' id='word_1_650' title='bbox 3373 2532 3466 2603; x_wconf 92' lang='lat' dir='ltr'><strong>qui</strong></span> <span class='ocrx_word' id='word_1_651' title='bbox 3505 2530 3576 2587; x_wconf 91' lang='lat' dir='ltr'><strong>ob</strong></span> <span class='ocrx_word' id='word_1_652' title='bbox 3604 2531 3709 2585; x_wconf 81' lang='lat' dir='ltr'><strong>alia</strong></span> <span class='ocrx_word' id='word_1_653' title='bbox 3736 2547 3834 2586; x_wconf 87' lang='lat' dir='ltr'><strong>ne-</strong></span> 
     </span>
    </p>
   </div>
   <div class='ocr_carea' id='block_1_87' title="bbox 2230 2623 3833 2695">
    <p class='ocr_par' dir='ltr' id='par_1_87' title="bbox 2230 2623 3833 2695">
     <span class='ocr_line' id='line_1_87' title="bbox 2230 2623 3833 2695; baseline -0.002 -17"><span class='ocrx_word' id='word_1_654' title='bbox 2230 2625 2376 2693; x_wconf 79' lang='lat' dir='ltr'><strong>gotia</strong></span> <span class='ocrx_word' id='word_1_655' title='bbox 2420 2623 2524 2681; x_wconf 89' lang='lat' dir='ltr'><strong>huc</strong></span> <span class='ocrx_word' id='word_1_656' title='bbox 2562 2640 2623 2682; x_wconf 89' lang='lat' dir='ltr'><strong>se</strong></span> <span class='ocrx_word' id='word_1_657' title='bbox 2658 2625 2917 2692; x_wconf 89' lang='lat' dir='ltr'><strong>conferat,</strong></span> <span class='ocrx_word' id='word_1_658' title='bbox 2960 2639 3058 2695; x_wconf 88' lang='lat' dir='ltr'><strong>per</strong></span> <span class='ocrx_word' id='word_1_659' title='bbox 3089 2639 3234 2691; x_wconf 90' lang='lat' dir='ltr'><strong>eum,</strong></span> <span class='ocrx_word' id='word_1_660' title='bbox 3275 2638 3382 2694; x_wconf 90' lang='lat' dir='ltr'><strong>quo</strong></span> <span class='ocrx_word' id='word_1_661' title='bbox 3409 2631 3552 2679; x_wconf 91' lang='lat' dir='ltr'><strong>statu</strong></span> <span class='ocrx_word' id='word_1_662' title='bbox 3574 2623 3833 2680; x_wconf 84' lang='lat' dir='ltr'><strong>valetudo</strong></span> 
     </span>
    </p>
   </div>
   <div class='ocr_carea' id='block_1_88' title="bbox 2223 2714 3831 2785">
    <p class='ocr_par' dir='ltr' id='par_1_88' title="bbox 2223 2714 3831 2785">
     <span class='ocr_line' id='line_1_88' title="bbox 2223 2714 3831 2785; baseline -0.001 -13"><span class='ocrx_word' id='word_1_663' title='bbox 2223 2715 2322 2772; x_wconf 66' lang='lat' dir='ltr'><strong>Iba</strong></span> <span class='ocrx_word' id='word_1_664' title='bbox 2363 2717 2467 2785; x_wconf 90' lang='lat' dir='ltr'><strong>sit,</strong></span> <span class='ocrx_word' id='word_1_665' title='bbox 2508 2715 2590 2773; x_wconf 91' lang='lat' dir='ltr'><strong>fac</strong></span> <span class='ocrx_word' id='word_1_666' title='bbox 2628 2719 2814 2775; x_wconf 89' lang='lat' dir='ltr'><strong>sciam.</strong></span> <span class='ocrx_word' id='word_1_667' title='bbox 2861 2717 3116 2775; x_wconf 88' lang='lat' dir='ltr'><strong>Privatim</strong></span> <span class='ocrx_word' id='word_1_668' title='bbox 3161 2723 3338 2772; x_wconf 91' lang='lat' dir='ltr'><strong>autem</strong></span> <span class='ocrx_word' id='word_1_669' title='bbox 3363 2729 3427 2772; x_wconf 90' lang='lat' dir='ltr'><strong>ac</strong></span> <span class='ocrx_word' id='word_1_670' title='bbox 3455 2725 3656 2771; x_wconf 71' lang='lat' dir='ltr'><strong>nostra:</strong></span> <span class='ocrx_word' id='word_1_671' title='bbox 3681 2714 3831 2770; x_wconf 86' lang='lat' dir='ltr'><strong>utili-</strong></span> 
     </span>
    </p>
   </div>
   <div class='ocr_carea' id='block_1_89' title="bbox 2232 2809 3832 2884">
    <p class='ocr_par' dir='ltr' id='par_1_89' title="bbox 2232 2809 3832 2884">
     <span class='ocr_line' id='line_1_89' title="bbox 2232 2809 3832 2884; baseline 0 -17"><span class='ocrx_word' id='word_1_672' title='bbox 2232 2812 2354 2884; x_wconf 78' lang='lat' dir='ltr'><strong>tatis</strong></span> <span class='ocrx_word' id='word_1_673' title='bbox 2396 2827 2555 2868; x_wconf 88' lang='lat' dir='ltr'><strong>causa</strong></span> <span class='ocrx_word' id='word_1_674' title='bbox 2585 2827 2746 2869; x_wconf 90' lang='lat' dir='ltr'><strong>nemo</strong></span> <span class='ocrx_word' id='word_1_675' title='bbox 2774 2812 2878 2870; x_wconf 87' lang='lat' dir='ltr'><strong>huc</strong></span> <span class='ocrx_word' id='word_1_676' title='bbox 2920 2815 3131 2876; x_wconf 89' lang='lat' dir='ltr'><strong>veniat,</strong></span> <span class='ocrx_word' id='word_1_677' title='bbox 3163 2811 3234 2868; x_wconf 91' lang='lat' dir='ltr'><strong>ob</strong></span> <span class='ocrx_word' id='word_1_678' title='bbox 3261 2826 3384 2868; x_wconf 92' lang='lat' dir='ltr'><strong>eum</strong></span> <span class='ocrx_word' id='word_1_679' title='bbox 3405 2824 3564 2883; x_wconf 88' lang='lat' dir='ltr'><strong>quem</strong></span> <span class='ocrx_word' id='word_1_680' title='bbox 3593 2809 3832 2876; x_wconf 63' lang='lat' dir='ltr'><strong>dixit“;</strong></span> 
     </span>
    </p>
   </div>
   <div class='ocr_carea' id='block_1_90' title="bbox 2229 2913 2451 2958">
    <p class='ocr_par' dir='ltr' id='par_1_90' title="bbox 2229 2913 2451 2958">
     <span class='ocr_line' id='line_1_90' title="bbox 2229 2913 2451 2958; baseline 0.005 -1"><span class='ocrx_word' id='word_1_681' title='bbox 2229 2913 2451 2958; x_wconf 86' lang='lat' dir='ltr'><strong>metunt.</strong></span> 
     </span>
    </p>
   </div>
   <div class='ocr_carea' id='block_1_91' title="bbox 2337 2994 3720 3068">
    <p class='ocr_par' dir='ltr' id='par_1_91' title="bbox 2337 2994 3720 3068">
     <span class='ocr_line' id='line_1_91' title="bbox 2337 2994 3720 3068; baseline 0 -18"><span class='ocrx_word' id='word_1_682' title='bbox 2337 2995 2418 3050; x_wconf 79' lang='lat' dir='ltr'><strong>Ad</strong></span> <span class='ocrx_word' id='word_1_683' title='bbox 2442 2997 2668 3052; x_wconf 82' lang='lat' dir='ltr'><strong>eamdem</strong></span> <span class='ocrx_word' id='word_1_684' title='bbox 2696 2996 2908 3065; x_wconf 83' lang='lat' dir='ltr'><strong>epistola</strong></span> <span class='ocrx_word' id='word_1_685' title='bbox 2937 2995 2989 3051; x_wconf 83' lang='grc' dir='ltr'><em>Χ</em></span> <span class='ocrx_word' id='word_1_686' title='bbox 3003 2995 3098 3050; x_wconf 82' lang='grc' dir='ltr'><strong>γι.</strong></span> <span class='ocrx_word' id='word_1_687' title='bbox 3130 2996 3363 3067; x_wconf 87' lang='lat' dir='ltr'><strong>(Cucuso</strong></span> <span class='ocrx_word' id='word_1_688' title='bbox 3391 3010 3536 3051; x_wconf 90' lang='lat' dir='ltr'><strong>anno</strong></span> <span class='ocrx_word' id='word_1_689' title='bbox 3563 2994 3720 3068; x_wconf 70' lang='grc' dir='ltr'><strong>ωε.)</strong></span> 
     </span>
    </p>
   </div>
   <div class='ocr_carea' id='block_1_92' title="bbox 2305 3086 3832 3159">
    <p class='ocr_par' dir='ltr' id='par_1_92' title="bbox 2305 3086 3832 3159">
     <span class='ocr_line' id='line_1_92' title="bbox 2305 3086 3832 3159; baseline 0 -19"><span class='ocrx_word' id='word_1_690' title='bbox 2305 3086 2440 3143; x_wconf 86' lang='lat' dir='ltr'><strong>Deus</strong></span> <span class='ocrx_word' id='word_1_691' title='bbox 2471 3105 2560 3158; x_wconf 84' lang='lat' dir='ltr'><strong>per</strong></span> <span class='ocrx_word' id='word_1_692' title='bbox 2589 3088 2705 3142; x_wconf 69' lang='lat' dir='ltr'><strong>lana</strong></span> <span class='ocrx_word' id='word_1_693' title='bbox 2729 3101 2775 3142; x_wconf 89' lang='lat' dir='ltr'><strong>et</strong></span> <span class='ocrx_word' id='word_1_694' title='bbox 2804 3091 3014 3142; x_wconf 82' lang='lat' dir='ltr'><strong>adversa</strong></span> <span class='ocrx_word' id='word_1_695' title='bbox 3052 3090 3251 3159; x_wconf 82' lang='lat' dir='ltr'><strong>piorum</strong></span> <span class='ocrx_word' id='word_1_696' title='bbox 3286 3090 3438 3142; x_wconf 79' lang='lat' dir='ltr'><strong>vitam</strong></span> <span class='ocrx_word' id='word_1_697' title='bbox 3475 3087 3832 3158; x_wconf 78' lang='lat' dir='ltr'><strong>gubernat.—</strong></span> 
     </span>
    </p>
   </div>
   <div class='ocr_carea' id='block_1_93' title="bbox 2232 3178 3826 3249">
    <p class='ocr_par' dir='ltr' id='par_1_93' title="bbox 2232 3178 3826 3249">
     <span class='ocr_line' id='line_1_93' title="bbox 2232 3178 3826 3249; baseline -0.003 -13"><span class='ocrx_word' id='word_1_698' title='bbox 2232 3178 2526 3249; x_wconf 90' lang='lat' dir='ltr'><strong>Utrumque</strong></span> <span class='ocrx_word' id='word_1_699' title='bbox 2570 3179 2852 3235; x_wconf 67' lang='lat' dir='ltr'><strong>ineliabilis</strong></span> <span class='ocrx_word' id='word_1_700' title='bbox 2911 3179 3006 3235; x_wconf 93' lang='lat' dir='ltr'><strong>Dei</strong></span> <span class='ocrx_word' id='word_1_701' title='bbox 3061 3179 3405 3249; x_wconf 80' lang='lat' dir='ltr'><strong>benignitatis</strong></span> <span class='ocrx_word' id='word_1_702' title='bbox 3446 3190 3826 3246; x_wconf 75' lang='lat' dir='ltr'><strong>argumentum</strong></span> 
     </span>
    </p>
   </div>
   <div class='ocr_carea' id='block_1_94' title="bbox 2228 3271 3828 3342">
    <p class='ocr_par' dir='ltr' id='par_1_94' title="bbox 2228 3271 3828 3342">
     <span class='ocr_line' id='line_1_94' title="bbox 2228 3271 3828 3342; baseline -0.002 -15"><span class='ocrx_word' id='word_1_703' title='bbox 2228 3281 2349 3338; x_wconf 89' lang='lat' dir='ltr'><strong>est;</strong></span> <span class='ocrx_word' id='word_1_704' title='bbox 2377 3287 2570 3342; x_wconf 89' lang='lat' dir='ltr'><strong>nempe</strong></span> <span class='ocrx_word' id='word_1_705' title='bbox 2597 3272 2739 3342; x_wconf 89' lang='lat' dir='ltr'><strong>quod</strong></span> <span class='ocrx_word' id='word_1_706' title='bbox 2773 3283 2827 3326; x_wconf 88' lang='lat' dir='ltr'><strong>et</strong></span> <span class='ocrx_word' id='word_1_707' title='bbox 2856 3280 2934 3327; x_wconf 86' lang='lat' dir='ltr'><strong>tot</strong></span> <span class='ocrx_word' id='word_1_708' title='bbox 2963 3272 3053 3326; x_wconf 92' lang='lat' dir='ltr'><strong>tibi</strong></span> <span class='ocrx_word' id='word_1_709' title='bbox 3084 3279 3362 3341; x_wconf 86' lang='lat' dir='ltr'><strong>tantasque</strong></span> <span class='ocrx_word' id='word_1_710' title='bbox 3387 3271 3712 3326; x_wconf 86' lang='lat' dir='ltr'><strong>tentationes</strong></span> <span class='ocrx_word' id='word_1_711' title='bbox 3741 3271 3828 3324; x_wconf 84' lang='lat' dir='ltr'><strong>in-</strong></span> 
     </span>
    </p>
   </div>
   <div class='ocr_carea' id='block_1_95' title="bbox 2230 3360 3825 3434">
    <p class='ocr_par' dir='ltr' id='par_1_95' title="bbox 2230 3360 3825 3434">
     <span class='ocr_line' id='line_1_95' title="bbox 2230 3360 3825 3434; baseline -0.003 -16"><span class='ocrx_word' id='word_1_712' title='bbox 2230 3365 2351 3419; x_wconf 90' lang='lat' dir='ltr'><strong>ferri</strong></span> <span class='ocrx_word' id='word_1_713' title='bbox 2391 3365 2682 3433; x_wconf 83' lang='lat' dir='ltr'><strong>permittit,</strong></span> <span class='ocrx_word' id='word_1_714' title='bbox 2717 3379 2823 3433; x_wconf 89' lang='lat' dir='ltr'><strong>quo</strong></span> <span class='ocrx_word' id='word_1_715' title='bbox 2849 3363 3240 3434; x_wconf 79' lang='lat' dir='ltr'><strong>splendidiores</strong></span> <span class='ocrx_word' id='word_1_716' title='bbox 3279 3375 3510 3417; x_wconf 88' lang='lat' dir='ltr'><strong>coronas</strong></span> <span class='ocrx_word' id='word_1_717' title='bbox 3543 3360 3825 3426; x_wconf 84' lang='lat' dir='ltr'><strong>obtineas,</strong></span> 
     </span>
    </p>
   </div>
   <div class='ocr_carea' id='block_1_96' title="bbox 2229 3451 3830 3526">
    <p class='ocr_par' dir='ltr' id='par_1_96' title="bbox 2229 3451 3830 3526">
     <span class='ocr_line' id='line_1_96' title="bbox 2229 3451 3830 3526; baseline -0.004 -16"><span class='ocrx_word' id='word_1_718' title='bbox 2229 3467 2283 3510; x_wconf 89' lang='lat' dir='ltr'><strong>et</strong></span> <span class='ocrx_word' id='word_1_719' title='bbox 2312 3457 2703 3526; x_wconf 89' lang='lat' dir='ltr'><strong>quamprimum</strong></span> <span class='ocrx_word' id='word_1_720' title='bbox 2734 3456 2814 3509; x_wconf 87' lang='lat' dir='ltr'><strong>his</strong></span> <span class='ocrx_word' id='word_1_721' title='bbox 2837 3465 2889 3511; x_wconf 92' lang='lat' dir='ltr'><strong>te</strong></span> <span class='ocrx_word' id='word_1_722' title='bbox 2918 3455 3128 3519; x_wconf 87' lang='lat' dir='ltr'><strong>liberat,</strong></span> <span class='ocrx_word' id='word_1_723' title='bbox 3163 3469 3231 3509; x_wconf 90' lang='lat' dir='ltr'><strong>ne</strong></span> <span class='ocrx_word' id='word_1_724' title='bbox 3257 3454 3519 3507; x_wconf 88' lang='lat' dir='ltr'><strong>illatarum</strong></span> <span class='ocrx_word' id='word_1_725' title='bbox 3547 3451 3830 3506; x_wconf 82' lang='lat' dir='ltr'><strong>calamita-</strong></span> 
     </span>
    </p>
   </div>
   <div class='ocr_carea' id='block_1_97' title="bbox 2230 3543 3826 3616">
    <p class='ocr_par' dir='ltr' id='par_1_97' title="bbox 2230 3543 3826 3616">
     <span class='ocr_line' id='line_1_97' title="bbox 2230 3543 3826 3616; baseline -0.003 -14"><span class='ocrx_word' id='word_1_726' title='bbox 2230 3559 2340 3602; x_wconf 90' lang='lat' dir='ltr'><strong>tum</strong></span> <span class='ocrx_word' id='word_1_727' title='bbox 2370 3548 2717 3602; x_wconf 89' lang='lat' dir='ltr'><strong>diuturnitate</strong></span> <span class='ocrx_word' id='word_1_728' title='bbox 2760 3561 2970 3602; x_wconf 84' lang='lat' dir='ltr'><strong>rursum</strong></span> <span class='ocrx_word' id='word_1_729' title='bbox 3014 3543 3460 3616; x_wconf 80' lang='lat' dir='ltr'><strong>opprimaris.-Ad</strong></span> <span class='ocrx_word' id='word_1_730' title='bbox 3499 3543 3642 3598; x_wconf 91' lang='lat' dir='ltr'><strong>hunc</strong></span> <span class='ocrx_word' id='word_1_731' title='bbox 3676 3545 3826 3599; x_wconf 90' lang='lat' dir='ltr'><strong>enim</strong></span> 
     </span>
    </p>
   </div>
   <div class='ocr_carea' id='block_1_98' title="bbox 2230 3635 3827 3700">
    <p class='ocr_par' dir='ltr' id='par_1_98' title="bbox 2230 3635 3827 3700">
     <span class='ocr_line' id='line_1_98' title="bbox 2230 3635 3827 3700; baseline -0.003 -6"><span class='ocrx_word' id='word_1_732' title='bbox 2230 3640 2443 3696; x_wconf 90' lang='lat' dir='ltr'><strong>modum</strong></span> <span class='ocrx_word' id='word_1_733' title='bbox 2474 3639 2614 3696; x_wconf 88' lang='lat' dir='ltr'><strong>Deus</strong></span> <span class='ocrx_word' id='word_1_734' title='bbox 2637 3637 2853 3694; x_wconf 90' lang='lat' dir='ltr'><strong>fortium</strong></span> <span class='ocrx_word' id='word_1_735' title='bbox 2883 3638 3044 3695; x_wconf 88' lang='lat' dir='ltr'><strong>etiam</strong></span> <span class='ocrx_word' id='word_1_736' title='bbox 3077 3638 3288 3692; x_wconf 86' lang='lat' dir='ltr'><strong>illorum</strong></span> <span class='ocrx_word' id='word_1_737' title='bbox 3316 3636 3575 3700; x_wconf 88' lang='lat' dir='ltr'><strong>virorum,</strong></span> <span class='ocrx_word' id='word_1_738' title='bbox 3611 3635 3716 3690; x_wconf 90' lang='lat' dir='ltr'><strong>hoc</strong></span> <span class='ocrx_word' id='word_1_739' title='bbox 3739 3646 3827 3689; x_wconf 84' lang='lat' dir='ltr'><strong>est</strong></span> 
     </span>
    </p>
   </div>
   <div class='ocr_carea' id='block_1_99' title="bbox 2228 3726 3827 3800">
    <p class='ocr_par' dir='ltr' id='par_1_99' title="bbox 2228 3726 3827 3800">
     <span class='ocr_line' id='line_1_99' title="bbox 2228 3726 3827 3800; baseline -0.003 -16"><span class='ocrx_word' id='word_1_740' title='bbox 2228 3729 2590 3799; x_wconf 88' lang='lat' dir='ltr'><strong>apostolorum</strong></span> <span class='ocrx_word' id='word_1_741' title='bbox 2620 3738 2675 3785; x_wconf 90' lang='lat' dir='ltr'><strong>et</strong></span> <span class='ocrx_word' id='word_1_742' title='bbox 2703 3729 3080 3800; x_wconf 79' lang='lat' dir='ltr'><strong>prophetarum</strong></span> <span class='ocrx_word' id='word_1_743' title='bbox 3110 3728 3272 3782; x_wconf 90' lang='lat' dir='ltr'><strong>vitam</strong></span> <span class='ocrx_word' id='word_1_744' title='bbox 3302 3726 3649 3797; x_wconf 81' lang='lat' dir='ltr'><strong>gubernavit,</strong></span> <span class='ocrx_word' id='word_1_745' title='bbox 3675 3740 3827 3781; x_wconf 87' lang='lat' dir='ltr'><strong>nunc</strong></span> 
     </span>
    </p>
   </div>
   <div class='ocr_carea' id='block_1_100' title="bbox 2230 3818 3825 3886">
    <p class='ocr_par' dir='ltr' id='par_1_100' title="bbox 2230 3818 3825 3886">
     <span class='ocr_line' id='line_1_100' title="bbox 2230 3818 3825 3886; baseline -0.001 -11"><span class='ocrx_word' id='word_1_746' title='bbox 2230 3821 2424 3876; x_wconf 84' lang='lat' dir='ltr'><strong>ﬂuctus</strong></span> <span class='ocrx_word' id='word_1_747' title='bbox 2461 3821 2682 3878; x_wconf 79' lang='lat' dir='ltr'><strong>excitari</strong></span> <span class='ocrx_word' id='word_1_748' title='bbox 2711 3821 2892 3877; x_wconf 90' lang='lat' dir='ltr'><strong>sinens</strong></span> <span class='ocrx_word' id='word_1_749' title='bbox 2913 3862 2927 3884; x_wconf 95' lang='lat'><strong>,</strong></span> <span class='ocrx_word' id='word_1_750' title='bbox 2957 3835 3100 3886; x_wconf 83' lang='lat' dir='ltr'><strong>nunc</strong></span> <span class='ocrx_word' id='word_1_751' title='bbox 3124 3827 3302 3874; x_wconf 86' lang='lat' dir='ltr'><strong>autem</strong></span> <span class='ocrx_word' id='word_1_752' title='bbox 3344 3818 3694 3874; x_wconf 75' lang='lat' dir='ltr'><strong>adversarum</strong></span> <span class='ocrx_word' id='word_1_753' title='bbox 3730 3833 3825 3873; x_wconf 84' lang='lat' dir='ltr'><strong>re-</strong></span> 
     </span>
    </p>
   </div>
   <div class='ocr_carea' id='block_1_101' title="bbox 2229 3910 3824 3981">
    <p class='ocr_par' dir='ltr' id='par_1_101' title="bbox 2229 3910 3824 3981">
     <span class='ocr_line' id='line_1_101' title="bbox 2229 3910 3824 3981; baseline -0.003 -14"><span class='ocrx_word' id='word_1_754' title='bbox 2229 3928 2348 3967; x_wconf 90' lang='lat' dir='ltr'><strong>rum</strong></span> <span class='ocrx_word' id='word_1_755' title='bbox 2373 3927 2520 3968; x_wconf 90' lang='lat' dir='ltr'><strong>mare</strong></span> <span class='ocrx_word' id='word_1_756' title='bbox 2543 3911 2848 3981; x_wconf 84' lang='lat' dir='ltr'><strong>increpans,</strong></span> <span class='ocrx_word' id='word_1_757' title='bbox 2871 3926 2934 3967; x_wconf 90' lang='lat' dir='ltr'><strong>ac</strong></span> <span class='ocrx_word' id='word_1_758' title='bbox 2957 3927 3152 3966; x_wconf 79' lang='lat' dir='ltr'><strong>saevam</strong></span> <span class='ocrx_word' id='word_1_759' title='bbox 3178 3919 3545 3981; x_wconf 87' lang='lat' dir='ltr'><strong>tempestatem</strong></span> <span class='ocrx_word' id='word_1_760' title='bbox 3567 3910 3623 3964; x_wconf 91' lang='lat' dir='ltr'><strong>in</strong></span> <span class='ocrx_word' id='word_1_761' title='bbox 3644 3923 3824 3965; x_wconf 58' lang='lat' dir='ltr'><strong>amus-</strong></span> 
     </span>
    </p>
   </div>
   <div class='ocr_carea' id='block_1_102' title="bbox 2229 4002 3828 4073">
    <p class='ocr_par' dir='ltr' id='par_1_102' title="bbox 2229 4002 3828 4073">
     <span class='ocr_line' id='line_1_102' title="bbox 2229 4002 3828 4073; baseline -0.001 -15"><span class='ocrx_word' id='word_1_762' title='bbox 2229 4018 2352 4058; x_wconf 90' lang='lat' dir='ltr'><strong>nam</strong></span> <span class='ocrx_word' id='word_1_763' title='bbox 2401 4004 2834 4073; x_wconf 86' lang='lat' dir='ltr'><strong>tranquillitatem</strong></span> <span class='ocrx_word' id='word_1_764' title='bbox 2877 4013 3220 4059; x_wconf 87' lang='lat' dir='ltr'><strong>convertens.</strong></span> <span class='ocrx_word' id='word_1_765' title='bbox 3256 4003 3420 4073; x_wconf 79' lang='lat' dir='ltr'><strong>Igitur</strong></span> <span class='ocrx_word' id='word_1_766' title='bbox 3461 4002 3587 4056; x_wconf 82' lang='lat' dir='ltr'><strong>ﬂere</strong></span> <span class='ocrx_word' id='word_1_767' title='bbox 3627 4015 3692 4056; x_wconf 88' lang='lat' dir='ltr'><strong>ac</strong></span> <span class='ocrx_word' id='word_1_768' title='bbox 3739 4011 3828 4056; x_wconf 88' lang='lat' dir='ltr'><strong>te-</strong></span> 
     </span>
    </p>
   </div>
   <div class='ocr_carea' id='block_1_103' title="bbox 2231 4091 3825 4163">
    <p class='ocr_par' dir='ltr' id='par_1_103' title="bbox 2231 4091 3825 4163">
     <span class='ocr_line' id='line_1_103' title="bbox 2231 4091 3825 4163; baseline -0.001 -15"><span class='ocrx_word' id='word_1_769' title='bbox 2231 4098 2396 4163; x_wconf 86' lang='lat' dir='ltr'><strong>ipsam</strong></span> <span class='ocrx_word' id='word_1_770' title='bbox 2418 4108 2650 4150; x_wconf 76' lang='lat' dir='ltr'><strong>maerore</strong></span> <span class='ocrx_word' id='word_1_771' title='bbox 2668 4092 2935 4149; x_wconf 81' lang='lat' dir='ltr'><strong>conficere</strong></span> <span class='ocrx_word' id='word_1_772' title='bbox 2953 4092 3159 4158; x_wconf 88' lang='lat' dir='ltr'><strong>desine,</strong></span> <span class='ocrx_word' id='word_1_773' title='bbox 3182 4107 3282 4148; x_wconf 91' lang='lat' dir='ltr'><strong>nec</strong></span> <span class='ocrx_word' id='word_1_774' title='bbox 3301 4091 3578 4149; x_wconf 80' lang='lat' dir='ltr'><strong>dumtaxat</strong></span> <span class='ocrx_word' id='word_1_775' title='bbox 3600 4092 3825 4147; x_wconf 78' lang='lat' dir='ltr'><strong>crebras</strong></span> 
     </span>
    </p>
   </div>
   <div class='ocr_carea' id='block_1_104' title="bbox 2227 4182 3823 4258">
    <p class='ocr_par' dir='ltr' id='par_1_104' title="bbox 2227 4182 3823 4258">
     <span class='ocr_line' id='line_1_104' title="bbox 2227 4182 3823 4258; baseline -0.004 -16"><span class='ocrx_word' id='word_1_776' title='bbox 2227 4203 2337 4252; x_wconf 87' lang='lat' dir='ltr'><strong>eas,</strong></span> <span class='ocrx_word' id='word_1_777' title='bbox 2369 4188 2478 4243; x_wconf 92' lang='lat' dir='ltr'><strong>imo</strong></span> <span class='ocrx_word' id='word_1_778' title='bbox 2517 4197 2802 4258; x_wconf 84' lang='lat' dir='ltr'><strong>perpetuas</strong></span> <span class='ocrx_word' id='word_1_779' title='bbox 2829 4187 3150 4243; x_wconf 85' lang='lat' dir='ltr'><strong>acerbitates</strong></span> <span class='ocrx_word' id='word_1_780' title='bbox 3180 4229 3197 4251; x_wconf 95' lang='lat'><strong>,</strong></span> <span class='ocrx_word' id='word_1_781' title='bbox 3224 4200 3344 4257; x_wconf 66' lang='lat' dir='ltr'><strong>qua:</strong></span> <span class='ocrx_word' id='word_1_782' title='bbox 3369 4185 3463 4240; x_wconf 89' lang='lat' dir='ltr'><strong>tibi</strong></span> <span class='ocrx_word' id='word_1_783' title='bbox 3495 4182 3823 4251; x_wconf 80' lang='lat' dir='ltr'><strong>inferuntur,</strong></span> 
     </span>
    </p>
   </div>
   <div class='ocr_carea' id='block_1_105' title="bbox 2227 4274 3823 4350">
    <p class='ocr_par' dir='ltr' id='par_1_105' title="bbox 2227 4274 3823 4350">
     <span class='ocr_line' id='line_1_105' title="bbox 2227 4274 3823 4350; baseline -0.002 -18"><span class='ocrx_word' id='word_1_784' title='bbox 2227 4288 2353 4334; x_wconf 87' lang='lat' dir='ltr'><strong>ante</strong></span> <span class='ocrx_word' id='word_1_785' title='bbox 2393 4279 2580 4334; x_wconf 89' lang='lat' dir='ltr'><strong>oculos</strong></span> <span class='ocrx_word' id='word_1_786' title='bbox 2619 4277 2712 4333; x_wconf 91' lang='lat' dir='ltr'><strong>tibi</strong></span> <span class='ocrx_word' id='word_1_787' title='bbox 2752 4292 3025 4350; x_wconf 84' lang='lat' dir='ltr'><strong>propone,</strong></span> <span class='ocrx_word' id='word_1_788' title='bbox 3059 4292 3241 4332; x_wconf 89' lang='lat' dir='ltr'><strong>verum</strong></span> <span class='ocrx_word' id='word_1_789' title='bbox 3281 4277 3440 4333; x_wconf 91' lang='lat' dir='ltr'><strong>etiam</strong></span> <span class='ocrx_word' id='word_1_790' title='bbox 3481 4274 3823 4330; x_wconf 80' lang='lat' dir='ltr'><strong>celerrimasu</strong></span> 
     </span>
    </p>
   </div>
   <div class='ocr_carea' id='block_1_106' title="bbox 2228 4365 3827 4438">
    <p class='ocr_par' dir='ltr' id='par_1_106' title="bbox 2228 4365 3827 4438">
     <span class='ocr_line' id='line_1_106' title="bbox 2228 4365 3827 4438; baseline -0.003 -14"><span class='ocrx_word' id='word_1_791' title='bbox 2228 4383 2413 4424; x_wconf 81' lang='lat' dir='ltr'><strong>carum</strong></span> <span class='ocrx_word' id='word_1_792' title='bbox 2457 4368 2822 4438; x_wconf 88' lang='lat' dir='ltr'><strong>depulsionem</strong></span> <span class='ocrx_word' id='word_1_793' title='bbox 2851 4409 2867 4434; x_wconf 92' lang='lat'><strong>,</strong></span> <span class='ocrx_word' id='word_1_794' title='bbox 2911 4382 3138 4437; x_wconf 86' lang='lat' dir='ltr'><strong>eamque</strong></span> <span class='ocrx_word' id='word_1_795' title='bbox 3183 4382 3303 4436; x_wconf 69' lang='lat' dir='ltr'><strong>quae</strong></span> <span class='ocrx_word' id='word_1_796' title='bbox 3342 4365 3465 4420; x_wconf 89' lang='lat' dir='ltr'><strong>hinc</strong></span> <span class='ocrx_word' id='word_1_797' title='bbox 3490 4365 3586 4420; x_wconf 85' lang='lat' dir='ltr'><strong>tibi</strong></span> <span class='ocrx_word' id='word_1_798' title='bbox 3617 4365 3827 4436; x_wconf 83' lang='lat' dir='ltr'><strong>paritur</strong></span> 
     </span>
    </p>
   </div>
   <div class='ocr_carea' id='block_1_107' title="bbox 2228 4454 3824 4529">
    <p class='ocr_par' dir='ltr' id='par_1_107' title="bbox 2228 4454 3824 4529">
     <span class='ocr_line' id='line_1_107' title="bbox 2228 4454 3824 4529; baseline -0.003 -15"><span class='ocrx_word' id='word_1_799' title='bbox 2228 4461 2371 4514; x_wconf 87' lang='lat' dir='ltr'><strong>omni</strong></span> <span class='ocrx_word' id='word_1_800' title='bbox 2412 4460 2654 4515; x_wconf 87' lang='lat' dir='ltr'><strong>oratione</strong></span> <span class='ocrx_word' id='word_1_801' title='bbox 2685 4459 3106 4529; x_wconf 70' lang='lat' dir='ltr'><strong>praestantiorem</strong></span> <span class='ocrx_word' id='word_1_802' title='bbox 3150 4455 3657 4512; x_wconf 81' lang='lat' dir='ltr'><strong>remunerationem.</strong></span> <span class='ocrx_word' id='word_1_803' title='bbox 3686 4454 3824 4510; x_wconf 72' lang='lat' dir='ltr'><strong>Nam</strong></span> 
     </span>
    </p>
   </div>
   <div class='ocr_carea' id='block_1_108' title="bbox 2229 4547 3825 4621">
    <p class='ocr_par' dir='ltr' id='par_1_108' title="bbox 2229 4547 3825 4621">
     <span class='ocr_line' id='line_1_108' title="bbox 2229 4547 3825 4621; baseline -0.003 -14"><span class='ocrx_word' id='word_1_804' title='bbox 2229 4555 2370 4621; x_wconf 74' lang='lat' dir='ltr'><strong>tltltld</strong></span> <span class='ocrx_word' id='word_1_805' title='bbox 2399 4568 2606 4608; x_wconf 71' lang='lat' dir='ltr'><strong>aranea:</strong></span> <span class='ocrx_word' id='word_1_806' title='bbox 2637 4552 2762 4618; x_wconf 80' lang='lat' dir='ltr'><strong>te&#39;la,</strong></span> <span class='ocrx_word' id='word_1_807' title='bbox 2790 4561 2843 4606; x_wconf 88' lang='lat' dir='ltr'><strong>et</strong></span> <span class='ocrx_word' id='word_1_808' title='bbox 2871 4551 3080 4615; x_wconf 85' lang='lat' dir='ltr'><strong>umbra,</strong></span> <span class='ocrx_word' id='word_1_809' title='bbox 3113 4559 3168 4604; x_wconf 91' lang='lat' dir='ltr'><strong>et</strong></span> <span class='ocrx_word' id='word_1_810' title='bbox 3197 4551 3370 4604; x_wconf 87' lang='lat' dir='ltr'><strong>fumus</strong></span> <span class='ocrx_word' id='word_1_811' title='bbox 3397 4559 3500 4612; x_wconf 88' lang='lat' dir='ltr'><strong>est,</strong></span> <span class='ocrx_word' id='word_1_812' title='bbox 3529 4557 3584 4603; x_wconf 93' lang='lat' dir='ltr'><strong>et</strong></span> <span class='ocrx_word' id='word_1_813' title='bbox 3611 4547 3657 4603; x_wconf 87' lang='lat' dir='ltr'><strong>si</strong></span> <span class='ocrx_word' id='word_1_814' title='bbox 3692 4549 3825 4618; x_wconf 87' lang='lat' dir='ltr'><strong>quid</strong></span> 
     </span>
    </p>
   </div>
   <div class='ocr_carea' id='block_1_109' title="bbox 2232 4638 3826 4717">
    <p class='ocr_par' dir='ltr' id='par_1_109' title="bbox 2232 4638 3826 4717">
     <span class='ocr_line' id='line_1_109' title="bbox 2232 4638 3826 4717; baseline -0.002 -19"><span class='ocrx_word' id='word_1_815' title='bbox 2232 4645 2314 4699; x_wconf 88' lang='lat' dir='ltr'><strong>his</strong></span> <span class='ocrx_word' id='word_1_816' title='bbox 2353 4644 2508 4700; x_wconf 90' lang='lat' dir='ltr'><strong>vilius</strong></span> <span class='ocrx_word' id='word_1_817' title='bbox 2537 4643 2663 4714; x_wconf 79' lang='lat' dir='ltr'><strong>tingi</strong></span> <span class='ocrx_word' id='word_1_818' title='bbox 2701 4651 2922 4717; x_wconf 86' lang='lat' dir='ltr'><strong>potest,</strong></span> <span class='ocrx_word' id='word_1_819' title='bbox 2952 4641 3054 4698; x_wconf 89' lang='lat' dir='ltr'><strong>hoc</strong></span> <span class='ocrx_word' id='word_1_820' title='bbox 3095 4651 3221 4698; x_wconf 90' lang='lat' dir='ltr'><strong>sunt</strong></span> <span class='ocrx_word' id='word_1_821' title='bbox 3258 4656 3447 4697; x_wconf 88' lang='lat' dir='ltr'><strong>omnes</strong></span> <span class='ocrx_word' id='word_1_822' title='bbox 3477 4640 3568 4696; x_wconf 91' lang='lat' dir='ltr'><strong>tibi</strong></span> <span class='ocrx_word' id='word_1_823' title='bbox 3607 4638 3826 4696; x_wconf 80' lang='lat' dir='ltr'><strong>inﬂictae</strong></span> 
     </span>
    </p>
   </div>
   <div class='ocr_carea' id='block_1_110' title="bbox 2228 4731 3827 4803">
    <p class='ocr_par' dir='ltr' id='par_1_110' title="bbox 2228 4731 3827 4803">
     <span class='ocr_line' id='line_1_110' title="bbox 2228 4731 3827 4803; baseline -0.003 -13"><span class='ocrx_word' id='word_1_824' title='bbox 2228 4735 2544 4791; x_wconf 76' lang='lat' dir='ltr'><strong>acerbitates</strong></span> <span class='ocrx_word' id='word_1_825' title='bbox 2564 4777 2579 4800; x_wconf 95' lang='lat'><strong>,</strong></span> <span class='ocrx_word' id='word_1_826' title='bbox 2607 4735 2652 4789; x_wconf 90' lang='lat' dir='ltr'><strong>si</strong></span> <span class='ocrx_word' id='word_1_827' title='bbox 2679 4749 2800 4790; x_wconf 87' lang='lat' dir='ltr'><strong>cum</strong></span> <span class='ocrx_word' id='word_1_828' title='bbox 2829 4734 2894 4790; x_wconf 90' lang='lat' dir='ltr'><strong>iis</strong></span> <span class='ocrx_word' id='word_1_829' title='bbox 2923 4733 3156 4803; x_wconf 77' lang='lat' dir='ltr'><strong>przemiis</strong></span> <span class='ocrx_word' id='word_1_830' title='bbox 3184 4732 3526 4788; x_wconf 87' lang='lat' dir='ltr'><strong>conferantur</strong></span> <span class='ocrx_word' id='word_1_831' title='bbox 3547 4746 3667 4802; x_wconf 71' lang='lat' dir='ltr'><strong>qua:</strong></span> <span class='ocrx_word' id='word_1_832' title='bbox 3697 4731 3827 4786; x_wconf 89' lang='lat' dir='ltr'><strong>hinc</strong></span> 
     </span>
    </p>
   </div>
   <div class='ocr_carea' id='block_1_111' title="bbox 2231 4823 3827 4894">
    <p class='ocr_par' dir='ltr' id='par_1_111' title="bbox 2231 4823 3827 4894">
     <span class='ocr_line' id='line_1_111' title="bbox 2231 4823 3827 4894; baseline -0.002 -12"><span class='ocrx_word' id='word_1_833' title='bbox 2231 4828 2323 4882; x_wconf 84' lang='lat' dir='ltr'><strong>tibi</strong></span> <span class='ocrx_word' id='word_1_834' title='bbox 2355 4827 2632 4882; x_wconf 84' lang='lat' dir='ltr'><strong>tribuenda</strong></span> <span class='ocrx_word' id='word_1_835' title='bbox 2675 4835 2820 4881; x_wconf 91' lang='lat' dir='ltr'><strong>sunt.</strong></span> <span class='ocrx_word' id='word_1_836' title='bbox 2860 4825 2997 4893; x_wconf 93' lang='lat' dir='ltr'><strong>Quid</strong></span> <span class='ocrx_word' id='word_1_837' title='bbox 3041 4825 3184 4881; x_wconf 90' lang='lat' dir='ltr'><strong>enim</strong></span> <span class='ocrx_word' id='word_1_838' title='bbox 3221 4833 3305 4880; x_wconf 82' lang='lat' dir='ltr'><strong>est</strong></span> <span class='ocrx_word' id='word_1_839' title='bbox 3333 4824 3554 4880; x_wconf 84' lang='lat' dir='ltr'><strong>civitate</strong></span> <span class='ocrx_word' id='word_1_840' title='bbox 3581 4823 3736 4894; x_wconf 85' lang='lat' dir='ltr'><strong>pelli,</strong></span> <span class='ocrx_word' id='word_1_841' title='bbox 3769 4835 3827 4879; x_wconf 89' lang='lat' dir='ltr'><strong>et</strong></span> 
     </span>
    </p>
   </div>
   <div class='ocr_carea' id='block_1_112' title="bbox 2230 4917 3828 4990">
    <p class='ocr_par' dir='ltr' id='par_1_112' title="bbox 2230 4917 3828 4990">
     <span class='ocr_line' id='line_1_112' title="bbox 2230 4917 3828 4990; baseline 0.001 -16"><span class='ocrx_word' id='word_1_842' title='bbox 2230 4939 2292 4975; x_wconf 74' lang='lat' dir='ltr'><strong>ex</strong></span> <span class='ocrx_word' id='word_1_843' title='bbox 2323 4921 2439 4977; x_wconf 84' lang='lat' dir='ltr'><strong>aliis</strong></span> <span class='ocrx_word' id='word_1_844' title='bbox 2471 4921 2602 4976; x_wconf 90' lang='lat' dir='ltr'><strong>locis</strong></span> <span class='ocrx_word' id='word_1_845' title='bbox 2629 4921 2682 4976; x_wconf 89' lang='lat' dir='ltr'><strong>in</strong></span> <span class='ocrx_word' id='word_1_846' title='bbox 2709 4921 2809 4974; x_wconf 89' lang='lat' dir='ltr'><strong>alia</strong></span> <span class='ocrx_word' id='word_1_847' title='bbox 2840 4919 3067 4976; x_wconf 89' lang='lat' dir='ltr'><strong>subinde</strong></span> <span class='ocrx_word' id='word_1_848' title='bbox 3103 4920 3361 4990; x_wconf 86' lang='lat' dir='ltr'><strong>migrare,</strong></span> <span class='ocrx_word' id='word_1_849' title='bbox 3388 4928 3550 4990; x_wconf 87' lang='lat' dir='ltr'><strong>atque</strong></span> <span class='ocrx_word' id='word_1_850' title='bbox 3583 4917 3828 4989; x_wconf 87' lang='lat' dir='ltr'><strong>undique</strong></span> 
     </span>
    </p>
   </div>
   <div class='ocr_carea' id='block_1_113' title="bbox 2231 5011 3827 5086">
    <p class='ocr_par' dir='ltr' id='par_1_113' title="bbox 2231 5011 3827 5086">
     <span class='ocr_line' id='line_1_113' title="bbox 2231 5011 3827 5086; baseline -0.002 -17"><span class='ocrx_word' id='word_1_851' title='bbox 2231 5016 2486 5086; x_wconf 59' lang='lat' dir='ltr'><strong>exagitari</strong></span> <span class='ocrx_word' id='word_1_852' title='bbox 2517 5024 2569 5069; x_wconf 91' lang='lat' dir='ltr'><strong>et</strong></span> <span class='ocrx_word' id='word_1_853' title='bbox 2597 5014 2881 5084; x_wconf 89' lang='lat' dir='ltr'><strong>proscribi,</strong></span> <span class='ocrx_word' id='word_1_854' title='bbox 2908 5025 2962 5069; x_wconf 92' lang='lat' dir='ltr'><strong>et</strong></span> <span class='ocrx_word' id='word_1_855' title='bbox 2987 5012 3054 5068; x_wconf 91' lang='lat' dir='ltr'><strong>ad</strong></span> <span class='ocrx_word' id='word_1_856' title='bbox 3083 5011 3365 5068; x_wconf 88' lang='lat' dir='ltr'><strong>tribunalia</strong></span> <span class='ocrx_word' id='word_1_857' title='bbox 3394 5011 3554 5077; x_wconf 88' lang='lat' dir='ltr'><strong>trahi,</strong></span> <span class='ocrx_word' id='word_1_858' title='bbox 3583 5019 3641 5066; x_wconf 86' lang='lat' dir='ltr'><strong>et</strong></span> <span class='ocrx_word' id='word_1_859' title='bbox 3663 5027 3691 5064; x_wconf 94' lang='lat' dir='ltr'><strong>a</strong></span> <span class='ocrx_word' id='word_1_860' title='bbox 3717 5011 3827 5066; x_wconf 82' lang='lat' dir='ltr'><strong>mi-</strong></span> 
     </span>
    </p>
   </div>
   <div class='ocr_carea' id='block_1_114' title="bbox 2231 5101 3826 5176">
    <p class='ocr_par' dir='ltr' id='par_1_114' title="bbox 2231 5101 3826 5176">
     <span class='ocr_line' id='line_1_114' title="bbox 2231 5101 3826 5176; baseline -0.001 -17"><span class='ocrx_word' id='word_1_861' title='bbox 2231 5106 2244 5159; x_wconf 91' lang='lat' dir='ltr'><strong>l</strong></span> <span class='ocrx_word' id='word_1_862' title='bbox 2273 5106 2412 5160; x_wconf 85' lang='lat' dir='ltr'><strong>tibus</strong></span> <span class='ocrx_word' id='word_1_863' title='bbox 2435 5105 2658 5176; x_wconf 83' lang='lat' dir='ltr'><strong>raptari,</strong></span> <span class='ocrx_word' id='word_1_864' title='bbox 2679 5115 2733 5160; x_wconf 86' lang='lat' dir='ltr'><strong>et</strong></span> <span class='ocrx_word' id='word_1_865' title='bbox 2757 5104 2824 5160; x_wconf 90' lang='lat' dir='ltr'><strong>ab</strong></span> <span class='ocrx_word' id='word_1_866' title='bbox 2847 5105 2911 5161; x_wconf 90' lang='lat' dir='ltr'><strong>iis</strong></span> <span class='ocrx_word' id='word_1_867' title='bbox 2936 5105 3026 5174; x_wconf 90' lang='lat' dir='ltr'><strong>qui</strong></span> <span class='ocrx_word' id='word_1_868' title='bbox 3049 5104 3320 5160; x_wconf 82' lang='lat' dir='ltr'><strong>sexcentis</strong></span> <span class='ocrx_word' id='word_1_869' title='bbox 3345 5101 3619 5157; x_wconf 87' lang='lat' dir='ltr'><strong>beneficiis</strong></span> <span class='ocrx_word' id='word_1_870' title='bbox 3643 5101 3826 5158; x_wconf 83' lang='lat' dir='ltr'><strong>affecti</strong></span> 
     </span>
    </p>
   </div>
   <div class='ocr_carea' id='block_1_115' title="bbox 2233 5193 3828 5268">
    <p class='ocr_par' dir='ltr' id='par_1_115' title="bbox 2233 5193 3828 5268">
     <span class='ocr_line' id='line_1_115' title="bbox 2233 5193 3828 5268; baseline -0.002 -15"><span class='ocrx_word' id='word_1_871' title='bbox 2233 5199 2462 5262; x_wconf 86' lang='lat' dir='ltr'><strong>fuerint,</strong></span> <span class='ocrx_word' id='word_1_872' title='bbox 2495 5199 2761 5255; x_wconf 89' lang='lat' dir='ltr'><strong>contraria</strong></span> <span class='ocrx_word' id='word_1_873' title='bbox 2791 5214 2931 5253; x_wconf 91' lang='lat' dir='ltr'><strong>nunc</strong></span> <span class='ocrx_word' id='word_1_874' title='bbox 2958 5197 3198 5268; x_wconf 91' lang='lat' dir='ltr'><strong>perpeti,</strong></span> <span class='ocrx_word' id='word_1_875' title='bbox 3227 5203 3386 5266; x_wconf 86' lang='lat' dir='ltr'><strong>atque</strong></span> <span class='ocrx_word' id='word_1_876' title='bbox 3413 5204 3524 5249; x_wconf 89' lang='lat' dir='ltr'><strong>tum</strong></span> <span class='ocrx_word' id='word_1_877' title='bbox 3551 5209 3581 5248; x_wconf 90' lang='lat' dir='ltr'><strong>a</strong></span> <span class='ocrx_word' id='word_1_878' title='bbox 3607 5193 3828 5250; x_wconf 88' lang='lat' dir='ltr'><strong>famulis</strong></span> 
     </span>
    </p>
   </div>
   <div class='ocr_carea' id='block_1_116' title="bbox 2229 5285 3824 5357">
    <p class='ocr_par' dir='ltr' id='par_1_116' title="bbox 2229 5285 3824 5357">
     <span class='ocr_line' id='line_1_116' title="bbox 2229 5285 3824 5357; baseline -0.004 -11"><span class='ocrx_word' id='word_1_879' title='bbox 2229 5303 2343 5346; x_wconf 85' lang='lat' dir='ltr'><strong>tum</strong></span> <span class='ocrx_word' id='word_1_880' title='bbox 2372 5305 2402 5344; x_wconf 88' lang='lat' dir='ltr'><strong>a</strong></span> <span class='ocrx_word' id='word_1_881' title='bbox 2431 5291 2615 5345; x_wconf 88' lang='lat' dir='ltr'><strong>liberis</strong></span> <span class='ocrx_word' id='word_1_882' title='bbox 2641 5291 2861 5354; x_wconf 83' lang='lat' dir='ltr'><strong>vexari,</strong></span> <span class='ocrx_word' id='word_1_883' title='bbox 2894 5305 3016 5344; x_wconf 89' lang='lat' dir='ltr'><strong>cum</strong></span> <span class='ocrx_word' id='word_1_884' title='bbox 3057 5287 3251 5343; x_wconf 89' lang='lat' dir='ltr'><strong>horum</strong></span> <span class='ocrx_word' id='word_1_885' title='bbox 3300 5286 3577 5357; x_wconf 61' lang='lat' dir='ltr'><strong>praemium</strong></span> <span class='ocrx_word' id='word_1_886' title='bbox 3629 5285 3824 5342; x_wconf 65' lang='lat' dir='ltr'><strong>caelum</strong></span> 
     </span>
    </p>
   </div>
   <div class='ocr_carea' id='block_1_117' title="bbox 2231 5375 3827 5450">
    <p class='ocr_par' dir='ltr' id='par_1_117' title="bbox 2231 5375 3827 5450">
     <span class='ocr_line' id='line_1_117' title="bbox 2231 5375 3827 5450; baseline -0.003 -15"><span class='ocrx_word' id='word_1_887' title='bbox 2231 5383 2328 5445; x_wconf 84' lang='lat' dir='ltr'><strong>sit,</strong></span> <span class='ocrx_word' id='word_1_888' title='bbox 2353 5389 2406 5436; x_wconf 90' lang='lat' dir='ltr'><strong>et</strong></span> <span class='ocrx_word' id='word_1_889' title='bbox 2434 5380 2715 5450; x_wconf 86' lang='lat' dir='ltr'><strong>purissima</strong></span> <span class='ocrx_word' id='word_1_890' title='bbox 2736 5381 2823 5435; x_wconf 87' lang='lat' dir='ltr'><strong>illa</strong></span> <span class='ocrx_word' id='word_1_891' title='bbox 2849 5380 3007 5445; x_wconf 87' lang='lat' dir='ltr'><strong>bona,</strong></span> <span class='ocrx_word' id='word_1_892' title='bbox 3037 5392 3157 5448; x_wconf 64' lang='lat' dir='ltr'><strong>quae</strong></span> <span class='ocrx_word' id='word_1_893' title='bbox 3178 5391 3278 5434; x_wconf 90' lang='lat' dir='ltr'><strong>nec</strong></span> <span class='ocrx_word' id='word_1_894' title='bbox 3305 5377 3483 5432; x_wconf 90' lang='lat' dir='ltr'><strong>verbis</strong></span> <span class='ocrx_word' id='word_1_895' title='bbox 3507 5376 3631 5431; x_wconf 88' lang='lat' dir='ltr'><strong>ullis</strong></span> <span class='ocrx_word' id='word_1_896' title='bbox 3652 5375 3827 5446; x_wconf 75' lang='lat' dir='ltr'><strong>expli-</strong></span> 
     </span>
    </p>
   </div>
   <div class='ocr_carea' id='block_1_118' title="bbox 2232 5466 3828 5545">
    <p class='ocr_par' dir='ltr' id='par_1_118' title="bbox 2232 5466 3828 5545">
     <span class='ocr_line' id='line_1_118' title="bbox 2232 5466 3828 5545; baseline -0.006 -16"><span class='ocrx_word' id='word_1_897' title='bbox 2232 5473 2341 5529; x_wconf 67' lang='lat' dir='ltr'><strong>cari</strong></span> <span class='ocrx_word' id='word_1_898' title='bbox 2371 5479 2606 5545; x_wconf 91' lang='lat' dir='ltr'><strong>queunt,</strong></span> <span class='ocrx_word' id='word_1_899' title='bbox 2638 5487 2736 5528; x_wconf 90' lang='lat' dir='ltr'><strong>nec</strong></span> <span class='ocrx_word' id='word_1_900' title='bbox 2767 5473 2925 5526; x_wconf 85' lang='lat' dir='ltr'><strong>tinem</strong></span> <span class='ocrx_word' id='word_1_901' title='bbox 2965 5470 3197 5539; x_wconf 89' lang='lat' dir='ltr'><strong>habent,</strong></span> <span class='ocrx_word' id='word_1_902' title='bbox 3236 5485 3422 5526; x_wconf 89' lang='lat' dir='ltr'><strong>verum</strong></span> <span class='ocrx_word' id='word_1_903' title='bbox 3462 5466 3828 5524; x_wconf 87' lang='lat' dir='ltr'><strong>immortalem</strong></span> 
     </span>
    </p>
   </div>
   <div class='ocr_carea' id='block_1_119' title="bbox 2297 5625 3824 5689">
    <p class='ocr_par' dir='ltr' id='par_1_119' title="bbox 2297 5625 3824 5689">
     <span class='ocr_line' id='line_1_119' title="bbox 2297 5625 3824 5689; baseline -0.003 -10"><span class='ocrx_word' id='word_1_904' title='bbox 2297 5633 2313 5663; x_wconf 79' lang='grc'>¹</span> <span class='ocrx_word' id='word_1_905' title='bbox 2351 5630 2484 5679; x_wconf 80' lang='lat' dir='ltr'><strong>Prius</strong></span> <span class='ocrx_word' id='word_1_906' title='bbox 2509 5629 2646 5686; x_wconf 84' lang='lat' dir='ltr'><strong>editi,</strong></span> <span class='ocrx_word' id='word_1_907' title='bbox 2685 5635 2826 5689; x_wconf 80' lang='lat' dir='ltr'><strong>atque</strong></span> <span class='ocrx_word' id='word_1_908' title='bbox 2864 5629 3148 5687; x_wconf 73' lang='lat' dir='ltr'><strong>extricatus,</strong></span> <span class='ocrx_word' id='word_1_909' title='bbox 3175 5627 3276 5686; x_wconf 88' lang='lat' dir='ltr'><strong>vel,</strong></span> <span class='ocrx_word' id='word_1_910' title='bbox 3302 5625 3546 5678; x_wconf 82' lang='lat' dir='ltr'><strong>dimissus.</strong></span> <span class='ocrx_word' id='word_1_911' title='bbox 3571 5633 3675 5675; x_wconf 83' lang='lat' dir='ltr'><strong>Duo</strong></span> <span class='ocrx_word' id='word_1_912' title='bbox 3694 5631 3824 5685; x_wconf 60' lang='lat' dir='ltr'><strong>stat,</strong></span> 
     </span>
    </p>
   </div>
   <div class='ocr_carea' id='block_1_120' title="bbox 2233 5691 3825 5756">
    <p class='ocr_par' dir='ltr' id='par_1_120' title="bbox 2233 5691 3825 5756">
     <span class='ocr_line' id='line_1_120' title="bbox 2233 5691 3825 5756; baseline -0.003 -15"><span class='ocrx_word' id='word_1_913' title='bbox 2233 5701 2376 5756; x_wconf 69' lang='lat' dir='ltr'><strong>atque</strong></span> <span class='ocrx_word' id='word_1_914' title='bbox 2398 5692 2459 5740; x_wconf 87' lang='lat' dir='ltr'><strong>ab</strong></span> <span class='ocrx_word' id='word_1_915' title='bbox 2475 5692 2593 5756; x_wconf 67' lang='lat' dir='ltr'><strong>ipsis</strong></span> <span class='ocrx_word' id='word_1_916' title='bbox 2617 5693 2899 5756; x_wconf 73' lang='lat' dir='ltr'><strong>dlspoliatus</strong></span> <span class='ocrx_word' id='word_1_917' title='bbox 2921 5706 2937 5750; x_wconf 88' lang='lat'><strong><em>;</em></strong></span> <span class='ocrx_word' id='word_1_918' title='bbox 2965 5699 3016 5741; x_wconf 87' lang='lat' dir='ltr'><strong>et</strong></span> <span class='ocrx_word' id='word_1_919' title='bbox 3057 5692 3178 5756; x_wconf 79' lang='lat' dir='ltr'><strong>hanc</strong></span> <span class='ocrx_word' id='word_1_920' title='bbox 3198 5704 3294 5739; x_wconf 89' lang='lat' dir='ltr'><strong>non</strong></span> <span class='ocrx_word' id='word_1_921' title='bbox 3329 5691 3502 5756; x_wconf 81' lang='lat' dir='ltr'><strong>dubito</strong></span> <span class='ocrx_word' id='word_1_922' title='bbox 3524 5702 3688 5756; x_wconf 75' lang='lat' dir='ltr'><strong>veram</strong></span> <span class='ocrx_word' id='word_1_923' title='bbox 3709 5701 3825 5738; x_wconf 71' lang='lat' dir='ltr'><strong>esse</strong></span> 
     </span>
    </p>
   </div>
   <div class='ocr_carea' id='block_1_121' title="bbox 2237 5750 3776 5818">
    <p class='ocr_par' dir='ltr' id='par_1_121' title="bbox 2237 5750 3776 5818">
     <span class='ocr_line' id='line_1_121' title="bbox 2237 5750 3776 5818; baseline -0.004 -14"><span class='ocrx_word' id='word_1_924' title='bbox 2237 5750 2511 5806; x_wconf 57' lang='lat' dir='ltr'><strong>ledtiatcm.</strong></span> <span class='ocrx_word' id='word_1_925' title='bbox 2540 5754 2621 5804; x_wconf 87' lang='lat' dir='ltr'><strong>llic</strong></span> <span class='ocrx_word' id='word_1_926' title='bbox 2642 5750 2823 5818; x_wconf 68' lang='lat' dir='ltr'><strong>quippe</strong></span> <span class='ocrx_word' id='word_1_927' title='bbox 2849 5768 2950 5805; x_wconf 81' lang='lat' dir='ltr'><strong>tuos</strong></span> <span class='ocrx_word' id='word_1_928' title='bbox 2976 5763 3050 5803; x_wconf 75' lang='lat' dir='ltr'><strong>est</strong></span> <span class='ocrx_word' id='word_1_929' title='bbox 3074 5754 3330 5813; x_wconf 72' lang='lat' dir='ltr'><strong>latronum,</strong></span> <span class='ocrx_word' id='word_1_930' title='bbox 3355 5754 3523 5803; x_wconf 79' lang='lat' dir='ltr'><strong>obvios</strong></span> <span class='ocrx_word' id='word_1_931' title='bbox 3543 5750 3776 5814; x_wconf 75' lang='lat' dir='ltr'><strong>spoliare.</strong></span> 
     </span>
    </p>
   </div>
  </div>
