4078 6438
573 332 672 386 6‘3!

573 449 876 524 παρέχοντα
903 446 999 520 τὴν
1027 447 1087 516 ἐξ
1126 449 1312 502 αὐτῶν
1339 449 1633 504 ἀπόλαυσιν
1658 468 1672 518 ;
1714 451 1933 520 Ἇφεῖσα
1964 452 2142 506 τοίνυν

570 546 670 604 τὰς
717 538 1023 606 ἐπιϐουλὰς,
1075 537 1172 602 τὰς
1217 540 1498 612 ἐπηρείας,
1547 540 1647 605 τὰς
1693 540 1802 595 τῶν
1847 539 2143 612 χρημάτων

574 630 793 704 ζημίας,
823 630 923 692 τάς
949 631 1370 702 μεταναστάσεις
1405 631 1503 695 τάς
1547 634 1811 702 συνεχεῖς,
1837 629 1934 702 τὴν
1966 631 2024 684 ἐν
2047 629 2142 684 ἀλ-

573 724 757 797 λοτρίεδι⁸
782 723 1056 794 διαγωγὴν
1089 721 1413 793 λογίζεσθαι,
1445 722 1540 776 καὶ
1571 720 1742 792 πηλοῦ
1776 720 1971 784 παντὸς
1993 720 2143 775 εὐτε-

569 815 822 888 λέστερον
847 816 1018 870 ταῦτα
1043 814 1450 877 καταπατοῦσα,
1481 813 1650 868 ἐννόει
1686 814 1810 878 τοὺς
1848 815 1913 868 ἐκ
1937 811 2141 866 τούτων

571 924 653 962 σοι
678 904 965 979 τεχθέντας
1008 910 1066 962 ἐν
1111 910 1221 973 τοῖς
1264 909 1510 981 οὐρανοῖς
1547 906 1868 979 θησαυροὺς,
1913 904 2008 958 καὶ
2043 905 2141 976 τὴν

567 998 838 1053 ἀνάλωτον
888 999 1302 1071 πραγματείαν,
1354 998 1449 1054 καὶ
1506 997 1598 1052 τὸν
1645 997 1839 1052 ἄσυλον
1888 993 2134 1051 πλοῦτον.

580 1091 738 1147 Ἀλλά
765 1091 826 1145 τὸ
859 1092 1019 1164 σῶμά
1051 1109 1151 1148 σου
1173 1091 1360 1158 κακῶς
1383 1091 1448 1144 ἐκ
1476 1089 1584 1144 τῶν
1609 1089 1784 1143 πόνων
1807 1087 2010 1143 τούτων
2043 1087 2138 1141 καὶ

564 1181 945 1254 ταλαιπωριῶν
970 1181 1200 1254 διετέθη,
1234 1181 1330 1236 κα)⁸
1355 1181 1424 1235 τὰ
1457 1181 1560 1252 τῆς
1580 1180 1890 1251 ἀρρωστίας
1921 1178 2139 1249 ἐπέτρι-

563 1271 670 1339 ψαν
698 1273 752 1325 αί
780 1272 888 1326 τῶν
913 1272 1119 1345 ἐχθρῶν
1141 1271 1420 1326 ἐπιϐουλαί
1443 1289 1458 1339 ;
1500 1271 1668 1329 Πάλιν
1707 1271 1897 1342 ἐτέρας
1937 1287 2024 1340 μοι
2054 1267 2139 1320 λέ-

565 1379 683 1430 γεις
709 1363 978 1436 ἐμπορίας
999 1353 1274 1428 ύπόθεσιν,
1314 1364 1556 1436 μεγάλης
1589 1362 1682 1418 καὶ
1710 1361 1934 1431 ἀφάτου.
1970 1355 2136 1412 υῖσθα

565 1456 693 1525 γάρ,
726 1435 878 1512 οἶσθα
921 1456 1107 1526 σαφῶς
1155 1456 1342 1528 ἡλίκον
1379 1435 1784 1527 ἐστὶσώματος
1834 1449 2137 1524 ἀρρωστίαν

564 1546 824 1616 γενναίως
866 1546 960 1601 καὶ
1001 1547 1140 1617 μετά
1185 1547 1530 1619 εὐχαριστίας
1579 1547 1834 1614 ἐνεγκεῖν.
1882 1541 2072 1607 Τοῦτο,
2109 1541 2139 1595 δ

563 1638 822 1702 πολλάκις
845 1636 1017 1703 εἶπον,
1054 1639 1146 1692 τδν
1176 1640 1424 1712 Λάζαρον
1459 1638 1819 1708 ἐστεφάνωσε,
1855 1634 2012 1690 τοῦτο
2043 1634 2138 1688 ἐπὶ

562 1729 672 1785 τῶν
711 1730 935 1798 ἀγώνων
970 1729 1078 1784 τῶν
1124 1730 1214 1784 τοῦ
1252 1719 1371 1784 Ἰὼϐ
1409 1730 1502 1784 τὸν
1534 1728 1776 1784 διάϐολον
1811 1725 2136 1798 κατῄσχυνε,

564 1822 658 1874 καὶ
683 1821 772 1875 τὸν
799 1820 1032 1893 ἀθλητὴν
1056 1822 1154 1893 τῆς
1189 1822 1482 1894 καρτερίας
1519 1820 1732 1890 ἐκείνης
1761 1817 2139 1889 λαμπρότερον

564 1913 827 1984 ἀπέφηνε.
860 1912 1028 1967 Τοῦτο
1061 1913 1153 1966 καὶ
1185 1911 1565 1984 φιλοπτωχίας,
1614 1913 1708 1965 καὶ
1739 1910 1836 1981 τῆς
1867 1909 1974 1962 τῶν
2005 1924 2140 1979 χρη-

567 2007 750 2074 μάτων
777 2005 1094 2076 ὐπεροψίας,
1133 2005 1228 2059 καὶ
1266 2006 1365 2076 τῆς
1408 2003 1608 2075 ἀθρόας
1631 2001 1846 2072 ἐκείνης
1874 1999 1981 2054 τῶν
2015 1999 2138 2058 παί-

561 2094 666 2148 δων
715 2096 1004 2167 ἀποϐολῆς,
1049 2095 1141 2150 καὶ
1191 2095 1300 2150 τῶν
1352 2094 1559 2166 μυρίων
1593 2092 1893 2147 ἐπιϐουλῶν
1940 2089 2139 2161 μᾶλλον

560 2187 720 2240 αὐτὸν
754 2185 1069 2257 ἀνεκήρυξε,
1119 2185 1212 2241 καὶ
1253 2186 1312 2240 τὸ
1361 2185 1708 2256 ἀναίσχυντον
1756 2182 1852 2235 τοῦ
1901 2180 2136 2251 πονηροῦ

564 2274 682 2350 [60$
699 2271 715 2342 ]
735 2280 980 2348 δαίμονος
1006 2277 1211 2332 ἐκείνου
1239 2278 1414 2349 στόμα
1439 2277 1639 2349 ἐφραξε
1665 2275 1801 2348 μετὰ
1825 2275 2022 2344 πολλῆς
2043 2274 2142 2342 τῆς

561 2371 894 2439 περιουσίας.
934 2370 1095 2424 Ταῦτ’
1153 2367 1245 2425 οῦν
1293 2369 1712 2440 ἀναλογιζομένη
1765 2367 1999 2436 συνεχῶς
2048 2366 2140 2418 καὶ

535 2465 644 2522 ·’ἷ’
669 2483 718 2533 ιι,
753 2465 907 2534 χαῖρε
957 2463 1052 2518 καὶ
1099 2464 1388 2536 εὐφραίνου
1430 2463 1519 2517 τὸν
1551 2461 1806 2534 μέγιστον
1843 2457 2002 2514 ἆθλον
2024 2461 2137 2511 δια-

560 2553 787 2618 νύσασα,
833 2555 926 2607 καὶ
975 2555 1266 2624 κεφάλαιον
1308 2554 1415 2609 τῶν
1457 2553 1777 2625 πειρασμῶν
1819 2552 2007 2622 πράως
2043 2540 2138 2616 φέ-

563 2661 747 2716 ρουσα,
782 2647 873 2698 καλ
913 2646 1051 2718 ὑπὲρ
1082 2645 1284 2700 τούτων
1319 2647 1614 2712 δοξάζουσα
1643 2646 1733 2698 τὸν
1761 2643 2136 2713 φιλάνθρωπον

557 2735 709 2798 Θεὸν,
762 2734 851 2788 τὸν
896 2736 1187 2807 δυνάμενον
1237 2738 1334 2808 μὲν
1390 2737 1581 2809 ἀθρόον
1637 2735 1892 2805 ἀφανίσαι
1942 2734 2136 2802 πάντα,

556 2825 783 2895 ἀφιέντα
822 2827 877 2880 δὲ
900 2827 1163 2896 γίνεσθαι,
1196 2828 1336 2882 ὥστε
1381 2845 1462 2881 σοι
1496 2827 1877 2898 λαμπροτέραν
1905 2829 2001 2892 τὴν
2037 2846 2137 2878 κα..

557 2918 654 2990 λὴν
702 2919 906 2990 ταύτην
951 2920 1200 2988 γενέσθαι
1244 2922 1642 2992 πραγματείαν.
1695 2920 1792 2973 Διά
1831 2919 1986 2972 τοῦτ’,

551 3011 715 3082 ἡμεῖς
763 3030 822 3064 σε
877 3012 1266 3083 μακαρίζοντες
1300 3013 1370 3067 ὀὐ
1426 3012 1731 3083 παυόμεθα.
1766 3011 2046 3081 Ἥσθημελ
2083 3012 2136 3063 δὲ

556 3101 638 3156 δτι
664 3104 758 3156 καὶ
789 3101 894 3156 τῶν
932 3102 1094 3156 δικῶν
1125 3103 1498 3174 ἀπαλλαγεῖσα
1539 3103 1631 3157 καὶ
1674 3103 2031 3174 πραγμάτων,
2063 3101 2137 3164 ὥς

553 3209 640 3247 σοι
671 3193 880 3265 πρέπον
907 3189 994 3265 ἦν,
1024 3193 1166 3248 οὕτω
1189 3193 1267 3266 τῷ
1295 3196 1575 3266 πράγματι
1602 3195 1754 3258 τέλος
1782 3193 2057 3264 ἐπέθηκας
2077 3193 2138 3246 τὸ

556 3287 699 3340 κατά
725 3286 821 3357 τὴν
848 3286 1107 3353 διάλυσιν,
1134 3284 1257 3340 οὐτε
1283 3286 1558 3357 ἀνάνδρως
1587 3287 1725 3340 αὐτά
1757 3285 2052 3358 προϊεμένη
2084 3296 2134 3348 α,

554 3377 667 3432 οὐδ’
709 3373 774 3432 αὖ
831 3376 1174 3448 κατασχοῦσα
1220 3377 1410 3444 πάλιν,
1447 3379 1544 3432 καὶ
1580 3377 1888 3449 ἐμπείρασα
1937 3377 2136 3446 σαυτὴν

556 3468 944 3540 δικαστηρίοις,
983 3470 1076 3523 καὶ
1105 3471 1217 3532 τοῖς
1258 3469 1324 3523 ἐκ
1365 3468 1569 3522 τούτων
1616 3471 1835 3531 κακοῖς·
1870 3467 2002 3520 ἀλλὰ
2035 3469 2134 3537 μέ-

561 3576 661 3629 σην
684 3559 948 3613 ὀδεύσασα
997 3558 1135 3624 ὁδὸν,
1180 3560 1276 3612 καὶ
1319 3560 1417 3629 τήν
1457 3576 1538 3612 σοι
1577 3558 1888 3628 πρέπουσαν
1931 3556 2138 3608 ἐλευθε-

2047 2919 2137 2970 καλ⁸

563 3650 682 3720 ρίαν
703 3652 1128 3723 καρπωσαμένη,
1151 3652 1243 3704 καὶ
1269 3650 1466 3721 πολλὴν
1486 3650 1584 3721 τὴν
1611 3650 1819 3703 σύνεσιν
1843 3651 1900 3702 ἐν
1933 3649 2134 3701 ἅπασιν

559 3741 956 3812 ἐπιδειξαμένη,
997 3745 1087 3795 καὶ
1127 3741 1223 3813 τὴν
1264 3741 1660 3813 μακροθυμίαν,
1696 3742 1788 3794 καὶ
1816 3742 1913 3813 τὴν
1943 3757 2134 3809 καρτε-

563 3835 704 3906 ρίαν,
740 3840 830 3889 κα“ι
861 3838 958 3905 τὴν
1007 3837 1298 3907 ὑπομονὴν,
1335 3836 1427 3888 καὶ
1477 3834 1538 3889 τὸ
1585 3833 1984 3905 ἀνεξαπάτητον
2031 3832 2135 3884 δεί-

563 3925 700 3991 ξασα
719 3925 817 3996 τῆς
847 3926 946 3994 σῆς
986 3927 1268 3988 συνέσεως.

855 4017 1009 4084 Πρὸς
1042 4016 1155 4083 τὴν
1191 4016 1386 4083 αὐτὴν
1415 4012 1705 4080 ἐπιστολὴ
1741 4015 1843 4066 IZ'.

634 4109 797 4163 Οὐδὲν
833 4108 977 4172 ξένον
1003 4108 1030 4146 ι’
1063 4107 1176 4160 οέμδὲ
1216 4106 1438 4169 ἀπεικὸς
1470 4106 1687 4174 γέγονεν
1728 4105 1816 4158 ἐπὶ
1846 4107 1942 4174 τῆς
1983 4105 2124 4155 εἰλα-

566 4204 714 4264 ίὲείας
740 4203 837 4272 τῆς
868 4203 984 4271 σῆς,
1014 4201 1146 4253 ἀλλά
1189 4201 1283 4253 καὶ
1317 4199 1519 4270 σφόδρα
1563 4200 1709 4262 είκδς
1736 4199 1822 4250 καὶ
1851 4198 2135 4251 ἀκόλουθον

566 4294 623 4346 τὸ
653 4297 716 4364 τῇ
753 4295 998 4362 συνεχείᾳ
1034 4291 1140 4344 τῶν
1179 4290 1488 4361 ἐπαλλήλων
1534 4289 1874 4360 πειρασμῶν,
1905 4288 2136 4340 εὐτονώο

565 4387 699 4456 τερά
728 4401 805 4435 σοι
843 4382 1084 4451 γενέσθαι
1125 4381 1221 4451 τῆς
1261 4381 1436 4451 ψυχῆς
1463 4380 1530 4433 τά
1566 4380 1750 4451 νεῦρα,
1783 4379 1876 4432 καὶ
1917 4382 2136 4450 μείζονα

567 4477 702 4546 πρὸς
734 4476 799 4527 τὰ
847 4475 1193 4542 παλαίσματα
1230 4473 1327 4544 τὴν
1370 4471 1673 4544 προθυμίαν
1706 4471 1799 4525 καὶ
1830 4472 1928 4542 τὴν
1964 4473 2133 4540 ἰσχὺν,

573 4567 663 4618 καὶ
698 4564 892 4633 πολλὴν
939 4562 1183 4616 ἐντεῦθεν
1233 4561 1625 4632 καρπώσασθαί
1673 4579 1732 4614 σε
1782 4563 1880 4631 τὴν
1927 4562 2134 4632 ἡδονήν.

571 4659 801 4725 Τοιαύτη
838 4657 939 4725 γὰρ
971 4656 1066 4725 τῆς
1101 4654 1327 4724 θλίψεως
1353 4656 1387 4724 ἡ
1417 4653 1594 4723 φύσις,
1617 4655 1744 4707 ὅταν
1770 4654 2021 4721 γενναίας
2046 4656 2139 4708 καὶ

572 4751 821 4819 νεανικῆς
860 4748 1177 4818 ἐπιλάϐηται
1221 4746 1419 4818 ψυχῆς,
1453 4745 1626 4798 ταῦτα
1667 4746 1995 4818 ἐργάζεσθαι
2044 4748 2138 4798 πέ-

573 4860 760 4912 φυκεν.
818 4843 922 4894 Καὶ
966 4841 1214 4912 καθάπερ
1245 4840 1305 4894 τὸ
1346 4838 1455 4910 πῦρ
1496 4837 1857 4908 δοκιμώτερον
1903 4841 2047 4891 ποιεῖ
2081 4837 2141 4890 τὸ

571 4937 809 5008 χρυσίον,
843 4937 969 4988 ὅταν
1008 4935 1152 5005 αὐτῷ
1183 4933 1532 5004 συγγένηται·
1564 4931 1704 4986 οὐτω
1732 4933 1824 4986 καὶ
1862 4934 1980 4995 ταῖς
2009 4950 2140 5004 χρυ-

574 5029 690 5087 σαῖς
716 5025 910 5095 ψυχαῖς
933 5025 1157 5078 ἐπιοῦσα
1191 5023 1386 5093 θλίψις,
1426 5023 1813 5094 καθαρωτέρας
1851 5021 2017 5085 αὐτὰς
2048 5025 2139 5093 ἐρ-

572 5119 793 5184 γάζεται
826 5117 915 5170 καὶ
959 5115 1344 5186 δοκιμωτέρας.
1391 5114 1482 5167 Διὸ
1524 5115 1616 5167 καὶ
1669 5113 1874 5176 Παῦλος
1928 5113 2136 5182 ἔλεγεν·

582 5210 646 5263 Ἠ
669 5209 876 5275 θλίψις
906 5205 1220 5275 ὑπομονὴν
1246 5204 1671 5274 κατεργάζεται,
1698 5205 1735 5272 ἡ
1769 5205 1836 5257 δὲ
1867 5205 2140 5273 ὑπομονὴ

573 5297 844 5366 δοκιμήν.
874 5298 972 5350 Διὰ
999 5295 1171 5349 ταῦτα
1198 5296 1292 5350 καὶ
1321 5298 1480 5367 ἡμεῖς
1503 5295 1812 5366 σκιρτῶμεν
1846 5296 1937 5347 καὶ
1961 5295 2143 5365 χαίροη

579 5406 695 5458 μεν,
729 5388 818 5440 καὶ
853 5390 948 5459 τῆς
989 5388 1219 5458 ἐρημίας
1251 5387 1451 5458 ταύτης
1491 5386 1749 5457 μεγίστην
1787 5387 2142 5458 καρπούμεθα

576 5481 918 5552 παράκλησιν
941 5481 1032 5534 ἐπὶ
1053 5483 1118 5552 τῇ
1148 5480 1367 5550 ἀνδρείᾳ
1390 5496 1480 5532 σου
1506 5478 1692 5550 ταύτῃ.
1725 5479 1821 5532 Διὰ
1841 5478 2013 5531 ταῦτα
2045 5478 2144 5532 κᾶν

580 5570 760 5642 μυρίοι
786 5589 843 5624 σε
883 5568 1198 5624 κυκλώσωσι
1244 5571 1415 5636 λύκοι,
1459 5570 1554 5623 καὶ
1602 5569 1791 5623 πολλαὶ
1834 5571 2145 5637 συναγωγαὶ

648 5700 664 5721 ¹
692 5697 1214 5764 Ττρξηιςξςᾲηπροεμένη.
1240 5698 1348 5748 Edil.
1385 5696 1652 5760 προϊεμένη.

643 5764 668 5800 b
691 5760 838 5809 Sail.
863 5761 994 5809 οὐδὲν
1012 5760 1212 5814 ἀνάξιον.

1301 335 1358 390 S.
1399 333 1680 391 JOANNIS
1720 332 2207 390 CIIRYSOSTOMI
2245 329 2560 389 ARCHIEP.
2598 332 3144 396 CONSTANTINOP.
3203 411 3212 417 ι

2246 450 2714 522 πονηρευομένων,
2765 454 2919 509 οὐδὲν
2969 454 3316 526 δεδοίκαμεν·
3379 450 3494 507 ἀλλ’
3547 449 3829 523 εὐχόμεθα

2243 541 2344 614 μὲν
2379 544 2472 598 καὶ
2505 546 2631 611 τοὺς
2662 532 2823 612 δντας
2855 548 3144 620 σϐεσθῆναι
3178 545 3536 618 πειρασμούς,
3566 545 3663 598 καὶ
3703 541 3830 599 id.

2245 652 2370 709 ρους
2413 635 2472 692 δέ
2514 636 2589 709 μὴ
2640 638 3031 709 προσγενέσθαι
3051 677 3066 702 ,
3120 635 3434 692 δεσποτικὸν
3486 631 3829 706 πληροῦντες

2240 726 2424 798 νόμον,
2456 727 2548 782 τὸν
2582 727 2871 784 κελεύοντα
2902 728 3155 800 εὔχεσθαι
3180 727 3261 800 μὴ
3297 725 3556 781 είσελθεῖν
3582 724 3670 788 είς
3701 737 3831 777 πεο-

2245 819 2478 890 ρασμόν⁸
2541 820 2590 874 εί
2631 819 2676 874 δ’
2730 818 2840 892 ἀρα
2898 819 3274 892 συγχωρηθείη
3325 816 3579 890 γενέσθαι
3623 813 3824 880 πάλιν,

2241 909 2547 983 θαρροῦμεν
2591 910 2732 982 ὑπὲρ
2771 912 2871 982 τῆς
2913 911 3121 984 χρυσῆς
3170 927 3265 965 σου
3321 908 3533 981 ψυχῆς,
3581 906 3680 979 τῆς
3726 904 3830 959 καὶ

2240 1002 2487 1058 ἐντεῦθεν
2525 1003 2779 1076 μέγιστον
2830 1004 2999 1076 ἑαυτῇ
3040 1002 3377 1074 συναγούσης
3413 998 3661 1055 πλοῦτον.
3703 997 3830 1051 Τίνι

2237 1093 2346 1165 γάρ
2392 1111 2451 1148 σε
2494 1094 2789 1160 δεδίξεσθαι
2831 1094 3169 1167 δυνήσονται,
3213 1095 3263 1148 οί
3306 1091 3451 1166 κατά
3479 1090 3581 1162 τῆς
3613 1088 3832 1144 ἐαυτῶν

2239 1185 2415 1238 πάντα
2438 1185 2742 1258 τολμῶντες
2777 1185 3051 1256 κεφαλῆςς
3088 1185 3272 1256 Ζημία
3311 1181 3643 1254 χρημάτωνς
3683 1175 3830 1231 Ἀλλ’

2236 1269 2298 1330 εὖ
2327 1273 2421 1331 οἷδ’
2450 1277 2532 1331 ὅτι
2561 1276 2708 1342 κόνις
2748 1293 2832 1330 σοι
2873 1274 3068 1339 ταῦτα,
3103 1275 3200 1330 καὶ
3229 1270 3403 1346 πηλοῦ
3445 1269 3646 1334 παντὸς
3670 1269 3832 1322 εὐτε-

2234 1365 2462 1438 λέστερα
2504 1365 2960 1439 εἷναινομίζεται.
3001 1365 3164 1420 Ἀλλά
3186 1364 3447 1437 πατρίδος
3489 1360 3688 1432 ἐκϐολῇ
3728 1358 3832 1413 καὶ

2230 1457 2444 1524 abduc;
2495 1457 2619 1512 Δλλ’
2651 1455 2808 1512 οἶσθα
2838 1459 2902 1513 σὺ
2930 1456 3026 1512 καὶ
3057 1455 3157 1521 τὰς
3185 1455 3427 1528 μεγάλας
3463 1453 3560 1508 καὶ
3588 1449 3830 1508 πολυαν-

2239 1548 2490 1622 θρώπους
2521 1551 2704 1615 πόλεις
2739 1549 2990 1624 καθάπερ
3024 1548 3124 1614 τὰς
3149 1549 3390 1621 ἐρήμους
3427 1543 3601 1609 οὕτως
3630 1543 3827 1602 οἰκεῖν.

2239 1639 2438 1713 ἠσυχίᾳ
2463 1640 2558 1695 καὶ
2588 1638 2990 1713 ἀπραγμοσύνη
3021 1638 3114 1694 τὸν
3142 1637 3360 1694 ᾶπαντα
3389 1634 3672 1706 συζήσασα
3697 1632 3831 1702 χρό-

2238 1747 2327 1786 νον
2347 1770 2363 1793 ,
2405 1729 2502 1785 καὶ
2551 1729 2649 1795 τὰς
2698 1730 2960 1802 βιωτικάς
3011 1728 3451 1799 καταπατήσασα
3499 1723 3826 1794 φαντασίας.

2251 1817 2410 1872 Ἀλλά
2437 1818 2664 1874 θάνατον
2688 1817 3044 1885 ἀπειλοῦσινς
3090 1818 3252 1872 Ἀλλά
3274 1817 3340 1871 σὺ
3378 1814 3476 1871 καὶ
3499 1811 3660 1868 τοῦτο
3689 1827 3829 1882 προ-

2237 1907 2476 1962 λαϐοῦσα
2502 1909 2591 1964 διά
2633 1909 2833 1974 παντὸς
2871 1909 3203 1982 ἐμελέτησας
3229 1907 3324 1962 τοῦ
3359 1906 3578 1979 χρόνου,
3604 1901 3709 1958 κάν
3739 1901 3831 1956 ἐλ-

2239 1999 2477 2054 κύσωσιν
2497 1999 2760 2073 [6051ἐπὶ
2793 2000 3028 2072 σφαγὴν,
3064 1999 3256 2070 νεκρὸν
3266 1997 3366 2052 ἐπὶ
3385 1996 3591 2067 ταύτην
3611 1993 3833 2060 ῑλξουσι

2241 2087 2401 2159 σῶμα
2430 2099 2478 2144 ε.
2506 2089 2570 2142 Τί
2602 2089 2681 2144 δεῖ
2707 2087 2977 2146 τάιπολλά
3004 2088 3216 2158 λέγειν;
3261 2084 3452 2149 Οὐδείς
3475 2101 3535 2138 σε
3558 2082 3710 2137 οὑδδν
3736 2083 3834 2151 ⁸9⁸

2239 2181 2508 2252 γάσασθαι
2535 2180 2822 2252 δυνήσεται
2858 2179 3120 2244 τοιοῦτον,
3155 2170 3218 2232 οὗ
3247 2177 3346 2249 τὴν
3376 2173 3656 2246 ὑπομονὴν
3688 2171 3833 2246 μετά

2241 2273 2439 2344 πολλῆς
2465 2273 2567 2344 οὐχ
2585 2273 2806 2344 εὑρήσει
2838 2272 2938 2342 τῆς
2969 2269 3285 2343 περιουσίας
3329 2269 3387 2323 ἐν
3416 2266 3499 2321 σοὶ
3530 2266 3701 2322 πάλαι
3728 2282 3833 2318 κα-

2239 2365 2620 2437 τορθωθεῖσαν.
2658 2363 2770 2436 Τὴν
2806 2363 2916 2435 γὰρ
2971 2362 3162 2434 στενὴν
3205 2362 3292 2416 ἀεὶ
3329 2360 3422 2415 καὶ
3459 2356 3830 2428 τεθλιμμένην

2238 2455 2505 2508 ὁδεύσασα
2534 2455 2671 2518 ὁδὸν,
2697 2455 2756 2508 ἐν
2778 2453 2982 2508 ἀπασιν
3024 2453 3315 2524 ἐγυμνρὶισω
3352 2449 3582 2513 τούτοις.
3626 2445 3831 2518 Διόπερ

2238 2548 2337 2617 τὴν
2371 2546 2658 2619 καλλίστην
2691 2547 2894 2618 ταύτην
2915 2547 3228 2618 ἐπιστήμην
3268 2545 3326 2598 ἐν
3351 2545 3464 2607 τοῖς
3500 2538 3832 2612 γυμνασίοις

2239 2639 2544 2710 ἀσκήσασα,
2571 2639 2667 2693 νῦν
2699 2639 2758 2692 ἐν
2779 2641 2892 2703 τοῖς
2925 2637 3100 2708 ἀγῶσι
3128 2634 3484 2708 λαμπροτέρα
3525 2629 3828 2702 ἀνεφάνης,

2237 2733 2299 2786 οὔ
2326 2733 2482 2802 μόνον
2505 2731 2654 2784 οὐδὲν
2685 2728 2789 2784 ὑπὸ
2814 2728 2922 2783 τῶν
2943 2727 3241 2800 γινομένων
3265 2724 3660 2799 θορυϐουμένη,
3691 2721 3833 2776 ἀλλά

2239 2825 2332 2877 καὶ
2364 2821 2728 2894 πτερουμένη,
2763 2821 2859 2875 καὶ
2895 2819 3193 2893 σκιρτῶσα,
3226 2821 3321 2873 καὶ
3373 2816 3695 2889 χορεύουσα.
3727 2808 3832 2868 Ὧν

2238 2914 2348 2984 γάρ
2407 2911 2738 2982 προσέλαϐες
2775 2911 2843 2964 τά
2882 2911 3180 2981 γυμνάσια,
3204 2907 3408 2961 τούτων
3448 2905 3575 2969 τοὺς
3608 2903 3832 2974 ἀγῶνας

2243 3000 2381 3071 μετά
2417 2999 2616 3068 πολλῆς
2641 2999 2736 3052 νῦν
2778 2998 3174 3071 μεταχειρίζεις
3213 2999 3312 3068 τῆς
3337 2995 3605 3060 εὐκολίας,
3637 2995 3699 3048 ἐν
3728 3011 3832 3062 γυ-

2239 3091 2461 3161 ναικείῳ
2485 3090 2717 3160 σώματι,
2745 3089 2840 3142 καὶ
2883 3089 3160 3161 ἀραχνίων
3189 3085 3583 3157 ἀσθενεστέρῳ,
3615 3083 3832 3154 ἀνδρῶν

2241 3182 2592 3254 σφριγὼντων
2615 3182 2706 3235 καὶ
2730 3182 2855 3245 τοὺς
2875 3181 3092 3244 ὀδόντας
3120 3181 3426 3252 βρυχόντων
3461 3176 3600 3251 μετά
3627 3175 3830 3232 πολλοῦ

2237 3273 2328 3327 τοῦ
2362 3275 2594 3342 γέλωτος
2630 3273 2729 3344 τὴν
2763 3273 2958 3345 μανίαν
3005 3271 3418 3336 καταπατοῦσα,
3465 3271 3558 3325 καὶ
3605 3268 3831 3324 πλείονα

2238 3363 2424 3434 ἐτοίμη
2455 3359 2588 3418 οὐσα
2618 3364 2828 3428 παθεῖν,
2855 3365 2889 3437 ἦ
2921 3365 3115 3418 ἐκεῖνοι
3142 3361 3676 3434 παρασκευάζονται.
3707 3362 3833 3414 Μαι-

2237 3456 2400 3526 καρία
2443 3457 2506 3508 σὺ
2543 3456 2637 3508 καὶ
2673 3455 3051 3527 τρισμακαρία
3084 3456 3192 3510 τῶν
3232 3453 3484 3508 ἐντεῦθεν
3522 3454 3829 3522 στεφάνων,

2240 3547 2437 3615 μᾶλλον
2463 3545 2518 3600 δὲ
2551 3548 2645 3600 καὶ
2675 3547 2853 3600 αὐτῶν
2884 3548 2992 3601 τῶν
3017 3546 3261 3616 ἀγώνων.
3305 3544 3538 3616 Τοιαύτη
3575 3543 3687 3616 γὰρ
3720 3545 3832 3598 τῶν

2237 3639 2680 3709 παλαισμάτωνή
2713 3638 2874 3707 φύσις
2899 3639 3124 3701 τούτων,
3155 3637 3250 3689 καὶ
3276 3637 3382 3706 πρὸ
3412 3636 3522 3688 τῶν
3559 3632 3832 3706 βραϐείων

2238 3733 2329 3784 καὶ
2350 3735 2405 3784 ὲν
2427 3731 2610 3791 αὐτοῖς
2623 3733 2737 3793 τοῖς
2765 3731 3086 3800 σκάμμασιν
3107 3729 3332 3800 ἔχεικαὶ
3353 3727 3450 3792 τὰς
3475 3725 3714 3798 ἀμοιϐὰς
3735 3726 3834 3780 καὶ

2238 3824 2335 3884 τὰς
2374 3821 2688 3884 ἀντιδόσεις,
2725 3820 2824 3891 τὴν
2851 3819 3064 3891 ἡδονὴν,
3105 3821 3171 3890 ἢν
3209 3816 3518 3890 καρποῦσαι
3567 3814 3684 3880 νῦν,
3730 3817 3832 3886 τὴν

2240 3913 2595 3984 εὐφροσύνην,
2627 3913 2724 3982 τὴν
2755 3912 3027 3983 ἀνδρείαν,
3060 3909 3156 3981 τὴν
3194 3907 3513 3980 καρτερίαν,
3553 3905 3656 3978 τὴν
3696 3907 3831 3960 ὐπο-

2243 4006 2428 4076 μονὴν,
2453 4004 2515 4057 τὸ
2540 4002 2830 4066 ἀνάλωτον,
2854 4001 2913 4054 τὸ
2940 3999 3259 4071 ἀχείρωτον,
3282 3999 3345 4052 τὸ
3375 3999 3591 4051 πάντων
3621 3996 3828 4067 ὁψηλο·

2238 4097 2401 4165 τέραν
2431 4094 2587 4158 εἶναι,
2619 4094 2679 4146 τὸ
2703 4092 2876 4156 οὐτως
2915 4091 3114 4163 ἑαυτὴν
3139 4089 3401 4159 ἀσκῆσαι,
3424 4089 3500 4152 ὡς
3535 4087 3704 4159 μηδὲν
3733 4088 3831 4141 δύ-

2237 4187 2428 4238 νασθαι
2464 4184 2613 4256 παρὰ
2644 4183 2868 4254 μηδενὸς
2895 4181 3087 4236 παθεῖν
3113 4179 3302 4245 δεινὸν,
3321 4180 3381 4234 τὸ
3408 4178 3677 4232 τοσούτων
3702 4178 3831 4233 κλυ-

2237 4275 2439 4328 δωνίων
2467 4273 2770 4343 γενομένων
2820 4272 2912 4324 ἐπὶ
2967 4271 3069 4341 τῆς
3109 4271 3314 4340 πέτρας
3347 4270 3587 4334 ἐστάναι,
3633 4268 3695 4321 τὸ
3728 4261 3832 4338 τῆς

2241 4366 2508 4436 θαλάττης
2536 4364 2866 4436 μαινομένης
2893 4362 3141 4436 ἐξουρίας
3163 4361 3423 4433 φέρεσθαι
3455 4361 3592 4431 μετά
3623 4359 3833 4431 πολλῆς

2239 4460 2338 4528 τῆς
2364 4457 2622 4526 γαλήνης.
2657 4456 2842 4508 Ταῦτα
2869 4457 2968 4525 τῆς
3011 4453 3240 4524 θλίψεως
3272 4454 3365 4506 καὶ
3408 4453 3515 4522 πρὸ
3547 4453 3645 4524 τῆς
3675 4451 3832 4523 βασι-

2241 4547 2390 4611 λείας
2416 4547 2526 4600 τῶν
2557 4546 2800 4616 οὐρανῶν
2837 4545 3095 4613 ἐνταῦθα,
3146 4545 3217 4598 τά
3264 4543 3494 4598 ἔπαθλα.
3527 4538 3659 4598 οἶδα
3692 4544 3827 4614 γάρ.

2243 4635 2356 4692 οἶδα
2385 4639 2466 4691 ὅτι
2497 4637 2592 4691 νῦν
2619 4636 2740 4689 οὐδὲ
2771 4635 3114 4706 περικεῖσθαι
3145 4637 3206 4689 τὸ
3239 4635 3398 4705 σῶμα
3427 4636 3556 4705 ἡγῇ,
3589 4633 3694 4687 ὑπὸ
3726 4634 3832 4703 τῆς

2243 4730 2433 4800 ἡδονῆς
2463 4728 2822 4799 πτερουμένη,
2855 4727 2968 4780 ἀλλ’
3007 4727 3072 4798 ἢν
3113 4725 3301 4798 καιρὸς
3340 4725 3500 4795 καλῇ,
3530 4723 3834 4778 εὐκολώτε-

2248 4838 2337 4891 ρον
2367 4821 2498 4874 αὐτο
2519 4821 2779 4890 ἀποδύσῃ,
2807 4820 2839 4891 ἢ
2867 4821 3042 4891 ἕτεροι
3065 4820 3134 4872 τὰ
3161 4818 3370 4888 ἱμάτια,
3401 4818 3438 4871 ἀ
3465 4817 3828 4888 περίκεινται.

2244 4913 2414 4983 Χαῖρε
2448 4912 2626 4963 τοίνυν
2665 4911 2758 4963 καὶ
2793 4911 3082 4980 εὐφραίνου
3132 4910 3228 4963 καὶ
3275 4909 3414 4979 ὑπὲρ
3457 4908 3681 4978 σαυτῆς,
3732 4911 3833 4962 καὶ

2245 5003 2382 5076 ὑπὲρ
2428 5004 2536 5056 τῶν
2579 5003 2679 5072 τὴν
2734 5002 3008 5073 μακαρίαν
3058 5001 3493 5072 τελευτησάντων
3544 4999 3829 5070 τελευτὴν,

2245 5099 2343 5152 οὐκ
2382 5098 2439 5149 ἐν
2487 5095 2662 5164 κλίνῃ,
2707 5094 2826 5147 οὐδὲ
2867 5095 2922 5146 ἐν
2960 5094 3127 5165 οἰκίᾳ,
3170 5091 3284 5146 ἀλλ’
3332 5094 3389 5144 ἐν
3429 5090 3834 5162 δεσμωτηρίοις

2246 5188 2339 5242 καὶ
2382 5186 2603 5241 ἁλύσεσι
2647 5186 2742 5237 καὶ
2794 5186 3064 5255 βασάνοις.
3110 5185 3308 5256 Θρήνει
3353 5184 3412 5238 δέ
3460 5183 3652 5254 μόνους
3700 5185 3833 5249 τοὺς

2243 5279 2412 5331 ταῦτα
2455 5275 2737 5340 ποιοῦντας
2790 5277 2882 5330 καὶ
2937 5277 3156 5347 δάκρυε.
3215 5278 3325 5330 Καὶ
3372 5275 3478 5346 γὰρ
3532 5275 3835 5332 καὶτοῦτο

2245 5366 2392 5432 ἀξιον
2431 5365 2526 5434 τῆς
2561 5366 2659 5433 σῆς
2701 5365 3031 5435 φιλοσοφίας.
3083 5365 3297 5434 Ἐπειδὴ
3345 5365 3401 5417 δέ
3446 5365 3540 5416 καὶ
3572 5365 3833 5436 περὶτῆς

2246 5457 2338 5510 τοῦ
2373 5457 2621 5526 σώματος
2648 5457 2802 5527 ἡμῶν
2835 5457 3044 5526 ὐγιείας
3093 5457 3270 5528 βούλει
3306 5455 3614 5526 μανθάνειν,
3646 5456 3831 5526 ἀπηλ-

2246 5548 2490 5619 λάγημεν
2543 5548 2679 5610 τέως
2725 5551 2821 5618 τῆς
2873 5547 3062 5620 πρώην
3105 5548 3422 5619 ἐνοχλούσης
3465 5549 3595 5618 ἡμῖν
3639 5549 3833 5619 ἀρρω-

2248 5641 2422 5702 στίας,
2465 5642 2555 5691 καὶ
2597 5643 2725 5709 ῥᾷον
2756 5642 3073 5709 διακείμεθα
3111 5639 3231 5695 νῦψ
3280 5640 3420 5713 πλὴν
3447 5641 3494 5695 εί
3542 5640 3620 5716 μὴ
3666 5644 3832 5695 πάλιν

2317 5761 2341 5785 ⁸
2369 5754 2476 5802 Duo
2501 5769 2596 5804 mss
2637 5757 2790 5810 ἕξουσι
2820 5759 2977 5818 σῶμα.
