4078 6428
264 344 360 399 σειι
1726 316 2103 376 EPISTOL-E.

251 459 485 511 fructum
529 463 691 524 atque
735 449 1148 507 oblectationem
1196 442 1469 516 praebent?
1493 437 1850 505 Quamobrem

255 544 501 611 insidias,
533 543 862 607 vexationes,
894 556 1057 611 opum
1079 538 1363 610 jacturam,
1396 531 1678 589 continuas
1703 527 1853 582 loco-

252 651 377 692 rum
408 636 766 700 mutationes,
793 641 955 704 atque
994 631 1048 686 in
1079 638 1262 685 extera
1293 625 1512 697 regione
1547 634 1854 676 commora-

252 729 459 783 tionetn
481 725 829 784 considerare
853 723 1165 795 supersede,
1196 729 1356 791 atque
1386 717 1504 772 haec
1529 716 1640 770 luto
1667 711 1856 783 quovis

254 819 416 875 vilius
446 818 783 889 proculcans,
811 830 906 872 eos
931 815 1216 871 thesauros
1245 810 1339 882 qui
1369 810 1495 864 hinc
1520 806 1614 861 tibi
1642 804 1695 859 in
1721 801 1855 858 caelo

251 919 531 976 creantur,
563 917 934 980 quaestumque
972 905 1066 976 qui
1103 901 1374 959 exhauriri
1403 909 1458 955 et
1483 894 1728 953 consumi
1758 908 1854 947 ne-

252 1003 406 1072 quit,
431 1012 593 1073 atque
619 1015 751 1075 opes
777 1000 847 1056 ab
873 998 1020 1054 omni
1049 996 1359 1068 praedonum
1390 991 1582 1061 injuria
1624 996 1763 1042 tutas
1801 994 1857 1041 et

255 1094 529 1149 immunes
569 1094 751 1149 animo
780 1089 1072 1163 perpende.
1100 1092 1170 1143 At
1196 1101 1390 1157 corpus
1418 1095 1566 1140 tuum
1595 1082 1665 1136 ob
1705 1078 1854 1134 labo-

256 1198 348 1237 res
373 1193 720 1259 etmrumnas
750 1184 890 1239 male
917 1181 1166 1237 affectum
1194 1188 1316 1245 est,
1355 1177 1693 1243 hostiumque
1722 1169 1856 1226 insi-

255 1276 363 1331 dia:
389 1277 636 1342 morbum
663 1274 1038 1332 adduxerunt?
1063 1271 1329 1328 Nimirum
1361 1267 1593 1338 ingentis
1634 1261 1857 1317 alterius

255 1381 422 1440 atque
449 1369 732 1425 inefl'abilis
755 1378 994 1440 quastus
1024 1364 1302 1421 materiam
1332 1362 1461 1416 mihi
1489 1371 1673 1415 rursus
1703 1369 1856 1411 eom-

258 1476 549 1516 memoras.
597 1461 714 1517 Scis
755 1460 899 1516 enim
921 1500 936 1526 ,
967 1459 1102 1523 scis,
1133 1457 1380 1525 inquam,
1412 1452 1602 1521 plane,
1644 1456 1858 1518 quanta:

259 1551 437 1606 laudis
481 1551 592 1620 sit,
639 1551 886 1622 corporis
925 1549 1172 1605 morbum
1200 1555 1464 1617 generoso
1492 1545 1672 1596 animo
1699 1547 1860 1608 atque

258 1660 385 1700 cum
413 1647 710 1716 gratiarum
740 1645 951 1699 actione
973 1641 1135 1697 ferre.
1165 1641 1308 1704 lloc,
1333 1647 1392 1692 ut
1416 1651 1560 1706 stepe
1584 1633 1729 1699 dixi,
1759 1631 1862 1685 La-

260 1753 390 1791 zaro
417 1753 676 1792 coronam
718 1738 897 1791 attulit
929 1753 943 1790 :
975 1735 1080 1790 hoc
1109 1735 1161 1788 in
1189 1733 1309 1788 .lobi
1337 1728 1721 1786 certaminibus
1746 1725 1862 1780 dia-

258 1829 440 1883 bolum
473 1829 765 1900 ignominia
805 1827 1017 1892 affecit,
1065 1825 1403 1896 pugiletnque
1449 1821 1519 1876 ob
1558 1815 1860 1888 hujusmodi

261 1920 571 1989 [uitietttiam
600 1921 886 1975 clariorem
915 1917 1168 1974 reddidit.
1198 1915 1312 1970 lloc
1340 1912 1508 1982 magis
1533 1925 1690 1983 quam
1726 1923 1859 1978 pau-

262 2013 491 2080 pertatis
527 2026 700 2077 amor,
733 2026 895 2081 opum
935 2009 1298 2078 contemptio,
1338 2021 1401 2060 ac
1443 2003 1723 2073 repentina
1768 1998 1859 2053 illa

261 2105 494 2158 filiorum
523 2103 764 2171 amissio,
792 2113 845 2158 et
871 2111 1140 2158 sexcenta:
1167 2099 1395 2165 insidiae,
1423 2097 1594 2166 ipsum
1624 2091 1779 2149 laude
1799 2105 1862 2146 ac

263 2195 648 2264 praedicatione
697 2195 918 2262 extulit,
946 2204 1105 2264 atque
1135 2192 1420 2262 impudens
1456 2187 1690 2258 perversi
1722 2185 1862 2239 illius

259 2285 523 2341 dmmonis
552 2301 617 2342 os
641 2285 894 2356 perfacile
922 2286 1207 2341 obstruxit.
1239 2285 1364 2340 llaec
1394 2285 1553 2354 igitur
1590 2283 1701 2351 ipsa
1729 2292 1862 2348 quo-

259 2395 368 2447 que
413 2388 674 2448 perpetuo
718 2387 890 2433 tecum
938 2387 1190 2448 reputans
1215 2418 1230 2441 ,
1272 2376 1444 2447 gaude
1475 2384 1528 2429 et
1566 2372 1859 2437 oblectare,

259 2471 406 2540 quod
438 2471 673 2526 maxime
702 2471 999 2525 certamine
1021 2469 1303 2540 perfuncta
1329 2469 1428 2534 sis,
1455 2477 1612 2537 atque
1641 2465 1690 2520 id
1719 2465 1861 2535 quod

263 2563 620 2618 uenationum
650 2569 808 2631 caput
829 2570 931 2626 est,
962 2561 1047 2616 fac
1072 2560 1281 2631 placido
1301 2560 1481 2613 animo
1505 2557 1665 2621 feras,
1688 2571 1864 2627 eoque

261 2657 484 2712 nomine
512 2656 728 2727 benigni
751 2656 845 2711 Dei
869 2655 1091 2727 gloriam
1120 2654 1402 2725 prmdiccs,
1426 2653 1516 2723 qui
1542 2667 1662 2706 cum
1684 2636 1862 2705 omnia

257 2751 441 2805 subito
488 2750 672 2806 delere
708 2765 773 2806 ac
813 2750 881 2804 de
919 2749 1096 2805 medio
1136 2749 1324 2804 tollere
1361 2754 1558 2818 queat,
1589 2760 1651 2799 ea
1684 2753 1863 2799 tamen

258 2841 394 2898 oriri
441 2842 606 2909 sinit,
653 2852 712 2896 ut
749 2840 843 2895 tibi
888 2840 1112 2911 pulcher
1138 2839 1227 2895 hic
1255 2849 1492 2910 quzrstns
1533 2837 1865 2911 splendidior

259 2932 509 2988 exsistat.
537 2931 619 2988 Ob
644 2931 802 3004 idque
844 2931 1056 2988 beatam
1103 2942 1156 2987 te
1199 2931 1493 3001 prmdicare
1533 2929 1750 2986 minime
1776 2929 1863 2983 itt-

262 3025 636 3080 termittimns.
666 3024 804 3081 Illud
834 3033 1013 3080 autem
1040 3023 1193 3079 nobis
1214 3023 1469 3094 voluptati
1501 3022 1616 3088 fuit,
1647 3021 1786 3093 quod
1810 3029 1865 3076 et

262 3118 448 3173 litibus
469 3129 522 3173 et
547 3118 795 3188 negotiis,
827 3127 882 3172 ut
911 3126 963 3173 te
992 3117 1208 3187 dignum
1239 3125 1376 3180 erat,
1410 3115 1681 3181 defuncta,
1714 3115 1863 3184 ejus-

263 3211 408 3266 modi
444 3213 524 3266 rei
556 3210 715 3266 finem
746 3210 1098 3280 imposueris,
1130 3218 1188 3265 ut
1212 3223 1312 3264 nec
1340 3225 1403 3263 ea
1433 3210 1620 3279 ignave
1647 3208 1864 3277 ahjeee-

262 3307 341 3381 ris
365 3347 379 3370 ,
416 3320 518 3359 nec
565 3319 775 3360 rursum
804 3305 1088 3360 retinueris
1113 3346 1127 3370 ,
1168 3319 1232 3358 ac
1268 3303 1621 3358 tribunalibus
1645 3343 1659 3367 ,
1693 3302 1864 3372 iisque

261 3414 385 3470 qua:
417 3399 541 3452 hinc
569 3399 816 3452 oriuntur
840 3397 993 3464 malis
1019 3399 1244 3468 tcipsam
1273 3396 1638 3460 transﬂxcris;
1679 3410 1864 3450 verum

262 3490 500 3546 medium
531 3491 633 3544 iter
658 3489 896 3560 ingressa
926 3489 1002 3545 sis
1023 3530 1038 3554 ,
1065 3503 1326 3559 eamque,
1368 3503 1487 3558 qua:
1532 3486 1626 3540 tibi
1669 3500 1866 3541 conve-

263 3583 482 3646 niebat,
532 3581 834 3636 libertatem
881 3579 1221 3650 perceperis,
1281 3587 1444 3649 atque
1493 3577 1764 3648 ingentem
1809 3577 1863 3632 in

260 3672 518 3727 omnibus
548 3673 709 3728 rebus
738 3671 1077 3743 prudentiam
1119 3686 1229 3741 pra?
1258 3680 1311 3726 te
1352 3671 1562 3738 tuleris,
1607 3669 1753 3726 edito
1785 3671 1864 3724 vi-

256 3763 459 3819 delicet
509 3771 621 3816 tum
652 3761 924 3832 patientins
965 3775 1030 3816 ac
1074 3762 1398 3826 tolerantizn,
1447 3770 1560 3817 tum
1601 3760 1865 3832 ejusmodi

263 3853 588 3924 prudentiae,
620 3867 738 3923 qua:
765 3851 1041 3908 fraudibus
1068 3851 1436 3908 circumscribi
1457 3853 1664 3924 nequit,
1696 3852 1866 3908 docu-

261 3955 470 4001 mento.

260 4039 344 4092 Ad
373 4037 605 4092 eamdem
633 4037 778 4107 epist.
807 4035 854 4091 Χ
875 4035 944 4091 Vl
953 4035 1002 4091 1.
1035 4036 1263 4109 (Scripta
1291 4051 1432 4091 anno
1457 4036 1562 4092 404
1596 4036 1680 4091 vel
1710 4035 1861 4109 405.)

333 4127 614 4184 Catamitus
643 4133 750 4197 pios
781 4129 1086 4182 robustiores
1110 4127 1295 4181 reddit.
1318 4158 1390 4170 —
1408 4127 1550 4184 Nihil
1578 4129 1736 4183 alieni
1760 4131 1774 4160 ¹
1802 4144 1865 4184 ac

264 4219 581 4291 prasposteri
614 4221 665 4274 in
697 4227 747 4275 te
776 4220 1020 4288 contigit,
1050 4220 1175 4290 quin
1207 4222 1382 4291 potius
1409 4221 1548 4292 quod
1575 4221 1865 4278 admodum

271 4311 467 4366 talioni
500 4323 918 4367 consentaneum
950 4322 1129 4376 esset,
1164 4328 1358 4382 nempe
1398 4323 1456 4367 ιιι
1489 4329 1582 4382 per
1620 4315 1865 4372 assiduas

265 4404 592 4457 tentationes
623 4413 738 4456 tuas
764 4403 928 4457 animi
963 4402 1036 4457 tui
1069 4405 1244 4458 nervis
1271 4405 1387 4473 plus
1409 4405 1698 4470 firmitatis,
1724 4406 1867 4475 plus-

264 4510 371 4564 que
414 4494 480 4549 ad
525 4495 804 4550 subeunda
850 4496 1144 4551 certamina
1196 4497 1486 4551 alacritatis
1535 4512 1599 4552 ac
1654 4499 1866 4553 roboris

261 4584 584 4649 accederet,
617 4585 846 4655 hincque
888 4602 1134 4656 magnam
1163 4588 1490 4656 voluptatem
1539 4590 1862 4659 perciperes.

262 4676 398 4731 Nam
450 4675 568 4731 hate
607 4677 924 4731 calamitatis
967 4687 1156 4732 natura
1196 4687 1299 4745 cst,
1338 4688 1393 4733 ut
1433 4695 1553 4733 cum
1584 4680 1774 4734 fortem
1806 4696 1868 4736 ac

263 4778 543 4822 strenuam
575 4767 808 4822 animam
843 4777 995 4822 nacta
1027 4777 1110 4824 est
1133 4812 1147 4836 ,
1178 4768 1294 4825 hate
1333 4770 1547 4827 efﬁcere
1581 4773 1771 4828 soleat.
1801 4775 1869 4829 Et

263 4860 403 4913 sicut
436 4859 573 4930 ignis
603 4874 790 4914 aurum
823 4861 1098 4930 probatius
1127 4861 1293 4918 efﬁcit
1318 4881 1331 4918 :
1361 4864 1550 4919 eodem
1584 4867 1744 4920 modo
1774 4883 1868 4922 ca-

265 4952 502 5015 latnitas,
534 4951 742 5006 animos
768 4967 963 5006 aureos
992 4953 1233 5019 subiens,
1265 4956 1507 5023 puriorcs
1529 4971 1621 5010 eos
1646 4972 1708 5010 ac
1733 4973 1868 5026 pra:-

261 5043 554 5099 stantiores
596 5043 786 5098 reddit.
830 5045 1016 5115 quue
1063 5048 1223 5100 etiam
1276 5048 1491 5103 nomine
1539 5048 1734 5104 Paulus
1783 5051 1867 5105 his

263 5133 448 5188 verbis
484 5130 770 5188 uiebatur:
802 5131 1082 5190 Tribulatio
1120 5137 1416 5205 patientiam
1452 5151 1692 5210 aperatur
1719 5157 1738 5193 :
1769 5159 1865 5212 pa-

265 5224 440 5276 tientia
485 5233 651 5277 autent
690 5227 1037 5295 probationem
1075 5229 1267 5298 (Rom.
1464 5232 1559 5302 4).
1603 5232 1867 5297 Quocirca

264 5329 360 5369 nos
389 5330 604 5386 quoque
634 5318 963 5372 exsullamus
988 5333 1051 5373 ac
1079 5319 1258 5374 ltrtitia
1294 5324 1679 5392 perfundimnr,
1709 5335 1868 5394 atque

263 5422 326 5460 ex
363 5406 463 5462 hac
504 5418 588 5462 tua
619 5410 782 5465 animi
812 5413 1178 5482 magnitudine
1207 5417 1498 5471 maximum
1527 5418 1751 5488 hujusce
1774 5436 1866 5476 so-

263 5497 510 5553 litudinis
556 5501 804 5555 solatium
854 5504 1153 5560 haurimus.
1196 5509 1274 5562 Ac
1320 5509 1581 5575 proinde,
1629 5512 1788 5566 etiam
1822 5513 1868 5568 si

262 5591 408 5646 mille
438 5591 544 5660 lupi
575 5607 639 5646 ac
669 5595 818 5649 multi
848 5607 1142 5652 conventus
1175 5599 1580 5670 malignantium
1624 5610 1675 5657 te
1707 5603 1865 5658 undi.

264 5700 366 5753 que
406 5683 726 5749 obsideant,
758 5687 887 5742 nihil
922 5691 1170 5749 timemus
1202 5711 1212 5749 :
1243 5710 1426 5750 verum
1472 5694 1600 5750 illud
1647 5697 1864 5766 quidem

326 5780 338 5807 ³
377 5773 542 5837 savii,
568 5775 690 5829 nihil
715 5776 917 5844 indigni.

3464 286 3568 342 6‘32

1967 441 2270 500 precamur,
2301 433 2358 478 ut
2381 431 2436 477 et
2467 426 2759 491 prmsetttes
2786 414 3109 470 tentaliones
3132 407 3560 500 exstinguantur,

1963 498 2063 575 nec
2081 519 2202 574 alite
2229 518 2449 584 insuper
2471 511 2768 575 accedant,
2798 505 3122 564 dominicam
3151 502 3360 558 scilicet
3392 498 3562 567 legem

1960 611 2278 681 explentes,
2321 623 2443 678 qua:
2481 620 2615 670 nos,
2659 618 2727 658 ne
2753 601 2806 655 in
2840 598 3193 656 tentationem
3225 590 3563 654 incidamus,

1962 701 2173 772 precari
2205 699 2361 769 jubet
2387 697 2408 768 (
2434 695 2621 751 Matth.
2644 694 2737 749 ‘26.
2761 693 2822 748 41
2847 691 2867 764 )
2892 709 2906 745 :
2936 690 3020 746 sin
3051 696 3234 744 autem
3263 685 3408 741 Deus
3445 696 3566 736 rur-

1959 807 2079 850 sum
2109 792 2310 849 exoriri
2339 791 2515 856 sinat,
2561 788 2630 844 de
2674 801 2838 842 aurea
2881 793 2969 839 tua
3014 781 3222 844 anima,
3276 790 3398 853 quat
3438 773 3566 829 hinc

1959 885 2122 940 etiam
2148 882 2508 953 amplissimas
2534 879 2638 936 sibi
2668 893 2798 947 epes
2826 875 3031 948 aggerit
3050 915 3065 941 ,
3094 872 3238 928 bono
3276 883 3342 924 ac
3379 861 3565 922 ﬁdenti

1961 975 2142 1030 animo
2169 989 2376 1030 sumus.
2394 972 2606 1028 Etenim
2629 985 2859 1040 quanam
2883 984 2943 1022 re
2962 977 3226 1021 terrorem
3249 960 3342 1017 tibi
3371 957 3567 1014 afferre

1961 1075 2233 1139 poterunt,
2257 1068 2347 1138 qui
2377 1068 2431 1122 in
2459 1081 2617 1121 suum
2637 1073 2798 1134 caput
2816 1075 3076 1131 suamque
3102 1055 3393 1129 perniciem
3412 1051 3568 1124 quid-

1962 1163 2044 1218 vis
2064 1162 2302 1232 aggressi
2326 1161 2488 1216 sunt?
2508 1161 2756 1230 Opumne
2769 1152 3135 1212 detrimento?
3155 1152 3226 1206 At
3247 1146 3377 1204 illud
3401 1145 3569 1216 probe

1962 1255 2096 1322 scio,
2129 1265 2182 1310 te
2208 1269 2302 1310 eas
2331 1253 2567 1325 pulveris
2597 1253 2766 1307 instar
2790 1249 3014 1316 habere,
3123 1243 3315 1326 quovis
3344 1241 3456 1295 luto
3483 1239 3566 1290 vi-

1963 1349 2126 1407 liores
2149 1348 2482 1405 existimare.
2514 1347 2598 1401 An
2625 1345 2811 1416 patriae
2837 1359 2902 1399 ac
2925 1342 3120 1398 domus
3150 1333 3478 1392 amissione?
3500 1333 3569 1386 At

1963 1450 2023 1496 tu
2061 1441 2270 1509 amplas
2308 1440 2473 1494 etiam
2513 1454 2580 1494 ac
2616 1437 2928 1506 frequentes
2963 1431 3126 1489 urbes
3163 1445 3272 1484 non
3321 1439 3479 1483 secus
3507 1439 3572 1478 ac

1962 1532 2284 1589 solitudines
2326 1532 2565 1588 incolere
2594 1530 2769 1597 nosti,
2819 1538 2879 1584 ut
2915 1541 3038 1599 quat
3076 1524 3131 1579 in
3161 1524 3273 1580 otio
3298 1536 3364 1576 ac
3389 1518 3572 1590 quiete

1964 1638 2128 1680 omne
2157 1625 2280 1680 vitae
2325 1633 2536 1694 tempus
2565 1621 2932 1693 transegeris,
2974 1626 3138 1690 atque
3179 1614 3405 1685 hujusce
3443 1611 3572 1665 vitae

1965 1732 2191 1788 pompas
2216 1732 2433 1788 semper
2469 1718 2802 1788 protriveris.
2835 1716 2905 1768 At
2936 1719 3166 1768 mortem
3212 1703 3572 1763 tninitantur?

1965 1811 2046 1868 Tu
2075 1827 2202 1868 vero
2229 1819 2570 1866 antevertens
2598 1808 2803 1864 nullum
2831 1815 3043 1875 tempus
3070 1799 3322 1864 omisisti,
3349 1797 3475 1870 quin
3505 1796 3573 1850 de

1965 1918 2028 1959 ea
2044 1903 2306 1973 cogitares
2333 1921 2346 1956 :
2377 1911 2560 1972 atque,
2589 1900 2636 1957 si
2662 1899 2730 1955 ad
2747 1912 2936 1955 necem
2958 1905 3011 1953 te
3032 1893 3316 1960 traxerint,
3338 1889 3572 1947 cadaver

1965 1995 2242 2050 dumtaxat
2270 1993 2338 2049 ad
2358 2007 2476 2049 eam
2504 1992 2719 2048 trahent
2741 1993 2782 2046 '.
2805 1988 2945 2059 Quid
2973 1987 3212 2059 pluribus
3237 1984 3417 2040 verbis
3437 1997 3573 2052 Opus

1966 2087 2083 2144 est?
2119 2085 2287 2142 Nemo
2313 2094 2367 2141 te
2399 2095 2546 2141 tanto
2572 2084 2681 2140 ullo
2719 2084 2862 2140 malo
2903 2082 3119 2138 allicere
3155 2078 3387 2149 poterit,
3429 2074 3570 2146 quod

1966 2195 2075 2234 non
2102 2179 2340 2235 inveniat
2359 2176 2682 2249 jampridem
2714 2193 2744 2230 a
2777 2187 2830 2232 te
2858 2189 3050 2245 magna
3079 2171 3336 2243 patientia
3374 2168 3572 2226 tolera-

1967 2281 2105 2328 tum.
2135 2272 2269 2328 Nam
2292 2286 2416 2327 cum
2445 2285 2543 2342 per
2569 2278 2771 2326 arctam
2797 2277 2852 2324 et
2879 2276 3160 2338 angustam
3190 2265 3330 2319 viam
3357 2275 3573 2330 semper

1967 2367 2071 2422 iter
2093 2367 2302 2432 feceris,
2328 2364 2415 2421 his
2435 2363 2686 2420 omnibus
2703 2363 2954 2419 diuturna
2977 2358 3364 2416 exercitatione
3385 2369 3573 2411 assue-

1966 2459 2109 2515 visti.
2140 2458 2218 2514 Ac
2245 2456 2475 2527 proinde
2502 2470 2624 2512 cum
2654 2455 3070 2526 pulcherrimam
3109 2451 3252 2507 hanc
3290 2447 3569 2504 scientiam

1968 2552 2022 2607 in
2045 2549 2310 2621 palaestris
2333 2548 2589 2615 colueris,
2620 2562 2765 2602 nunc
2790 2547 2842 2602 in
2870 2543 3256 2601 certaminibus
3282 2541 3569 2597 clariorem

1969 2653 2022 2701 te
2053 2642 2326 2715 praebuisti
2353 2660 2367 2697 :
2389 2642 2590 2713 quippe
2615 2655 2736 2711 quae
2765 2640 2835 2695 ob
2862 2654 2927 2694 ea
2956 2653 3077 2708 quae
3098 2635 3440 2704 contingunt,
3462 2646 3569 2687 non

1935 2803 1944 2811 _
1968 2738 2131 2794 modo
2155 2752 2267 2793 non
2295 2734 2656 2800 conturberis,
2679 2746 2866 2790 verum
2887 2730 3050 2787 etiam
3074 2728 3224 2785 velut
3255 2726 3355 2782 alis
3379 2725 3574 2780 instru-

1967 2838 2053 2885 cta
2080 2829 2298 2886 cxsilias
2321 2842 2386 2886 ac
2420 2826 2702 2899 tripudies.
2725 2824 2860 2881 Nam
2888 2836 3116 2895 quarum
3141 2834 3324 2877 rerum
3360 2815 3570 2874 exerci-

1969 2923 2042 2978 tia
2063 2921 2360 2993 occupasti,
2384 2920 2573 2977 barum
2596 2918 2892 2975 certamina
2922 2915 3058 2972 mira
3086 2928 3210 2970 cum
3235 2911 3495 2968 facilitate
3517 2910 3569 2964 in

1969 3014 2220 3070 muliebri
2242 3021 2299 3069 et
2327 3013 2540 3069 araneis
2571 3009 2923 3068 imbecilliore
2965 3019 3196 3077 corpore
3233 3019 3378 3060 nunc
3411 3002 3568 3068 obis,

1968 3106 2461 3162 valentissimorum
2516 3118 2580 3159 ac
2629 3101 2882 3159 dentibus
2927 3097 3273 3155 stridentium
3330 3095 3571 3150 virorum

1969 3197 2208 3253 furorem
2234 3195 2439 3267 ingenti
2469 3209 2592 3250 cum
2619 3193 2730 3250 risu
2755 3192 3007 3248 calcans:
3039 3198 3098 3245 ut
3119 3204 3241 3261 qum
3267 3187 3417 3258 plura
3451 3202 3572 3256 per-

1971 3290 2080 3359 peti
2124 3296 2306 3359 parata
2346 3287 2453 3354 sis,
2499 3301 2660 3357 quam
2704 3285 2784 3341 illi
2831 3284 3033 3340 inferre
3070 3290 3285 3353 parent.
3325 3279 3403 3336 Te
3444 3293 3575 3334 vero

1969 3383 2181 3440 beatam
2207 3424 2224 3449 ,
2267 3396 2332 3438 ac
2373 3389 2456 3436 ter
2494 3381 2738 3448 beatam,
2784 3378 2855 3434 ob
2882 3391 3116 3433 coronas
3152 3390 3274 3448 quae
3303 3372 3432 3428 hinc
3471 3372 3568 3428 tibi

1969 3483 2372 3547 comparantur,
2403 3475 2512 3530 imo
2533 3474 2710 3544 potius
2736 3470 2808 3528 ob
2837 3471 2954 3540 ipsa
2980 3469 3299 3525 certamina.
3327 3466 3401 3521 Ea
3427 3464 3572 3520 enim

1970 3570 2162 3625 horum
2193 3566 2547 3625 certaminum
2571 3574 2768 3636 (natura
2794 3573 2899 3632 est,
2928 3572 2987 3619 ut
3011 3563 3173 3619 etiam
3195 3570 3321 3616 ante
3355 3562 3575 3630 praemia

1970 3667 2027 3720 in
2070 3665 2185 3735 ipsa
2214 3677 2430 3734 quoque
2457 3675 2622 3716 arena
2653 3675 2806 3714 suam
2839 3655 3147 3714 mercedem
3189 3655 3458 3720 habeant,
3490 3653 3576 3707 ni-

1971 3756 2168 3812 tnirum
2196 3755 2548 3826 voluptatem,
2578 3767 2681 3824 qua
2714 3766 2855 3807 nunc
2880 3749 3098 3816 frueris,
3125 3747 3290 3804 animi
3314 3747 3575 3810 lmtitiam,

1972 3848 2368 3915 fortitudinem,
2393 3847 2704 3919 patientiam
2735 3862 2750 3902 :
2781 3844 3020 3915 illudque
3049 3843 3200 3909 item,
3229 3841 3375 3912 quod
3399 3857 3570 3912 expu-

1970 3941 2120 4012 gnari
2161 3950 2323 4012 atque
2359 3939 2593 4012 opprimi
2637 3953 2901 4010 nequeas,
2931 3935 3076 4008 quod
3123 3935 3377 3991 omnibus
3413 3934 3577 3989 rebus

1970 4033 2255 4089 sublimior
2282 4032 2356 4087 sis
2381 4074 2396 4098 ,
2427 4031 2569 4102 quod
2597 4032 2676 4087 sic
2717 4031 2946 4102 tcipsam
2975 4029 3287 4086 exercueris
3308 4070 3324 4096 ,
3357 4037 3415 4082 ιιι
3445 4025 3576 4081 nihil

1972 4127 2068 4183 tibi
2097 4125 2420 4182 incommodi
2443 4139 2474 4180 a
2503 4139 2772 4196 quoquam
2798 4123 2983 4178 inferri
3008 4122 3198 4193 possit,
3221 4119 3364 4192 quod
3387 4130 3576 4176 exorta

1974 4229 2081 4276 tam
2107 4220 2253 4290 gravi
2280 4227 2598 4290 tempestate
2620 4219 2673 4274 in
2697 4228 2844 4289 petra
2871 4219 3157 4284 consistas,
3180 4214 3322 4287 quod
3345 4215 3575 4285 denique

1971 4313 2106 4368 mari
2154 4311 2366 4367 furente
2415 4325 2607 4381 magna
2667 4325 2790 4366 cutn
2844 4309 3227 4378 tranquillitate
3275 4305 3573 4363 secundum

1970 4418 2187 4459 cursum
2218 4412 2422 4459 teneas.
2449 4403 2572 4457 litec
2596 4402 2759 4457 etiam
2790 4410 2914 4456 ante
2937 4402 3190 4456 caelorum
3212 4413 3458 4470 regnum,
3482 4411 3574 4452 ca-

1973 4496 2226 4551 lamitatis
2258 4497 2476 4567 praemia
2525 4494 2578 4550 in
2616 4493 2717 4549 hac
2758 4494 2868 4549 vita
2913 4501 3061 4549 sunt.
3103 4492 3237 4550 lllud
3269 4493 3414 4548 enim
3444 4489 3576 4545 mihi

1973 4587 2459 4658 exploratissimum
2486 4594 2570 4643 est
2592 4627 2607 4653 ,
2642 4595 2696 4642 te
2723 4601 2865 4641 nunc
2893 4587 3074 4642 animo
3107 4585 3178 4641 ita
3207 4592 3574 4654 comparatam

1973 4694 2114 4747 esse,
2142 4689 2204 4734 ut
2238 4695 2306 4736 ne
2337 4693 2566 4749 corpore
2595 4678 2813 4750 quidem
2851 4678 3092 4734 indutam
3135 4688 3185 4734 te
3220 4693 3343 4733 esse
3383 4676 3574 4732 existi-

1973 4786 2090 4828 mes
2109 4813 2124 4838 ,
2157 4772 2230 4827 ita
2264 4780 2317 4828 te
2347 4781 2633 4843 pennatam
2663 4771 2840 4828 reddit
2868 4772 3114 4842 voluptas
3143 4789 3157 4827 :
3189 4786 3252 4826 ac
3290 4771 3335 4826 si
3365 4779 3575 4840 tempus

1975 4864 2028 4919 id
2059 4864 2330 4935 postulet,
2359 4865 2659 4935 promptius
2702 4863 2836 4920 illud
2874 4875 3102 4931 exutura
3145 4865 3254 4930 sis,
3294 4878 3456 4934 quam
3485 4862 3577 4918 alii

1973 4968 2173 5028 vestes,
2204 4958 2396 5030 quibus
2416 4956 2614 5014 obtecti
2639 4966 2784 5013 sunt.
2807 4956 2992 5013 Gaude
3021 4957 3180 5028 igitur
3201 4963 3256 5012 et
3282 4956 3575 5021 oblectare,

1977 5062 2087 5109 tum
2118 5064 2208 5109 tuo
2238 5053 2480 5121 nomine,
2511 5062 2626 5108 tum
2654 5067 2840 5107 eorum
2868 5052 2956 5121 qui
2985 5051 3194 5106 beatam
3222 5061 3449 5105 mortem
3477 5048 3579 5104 ob-

1975 5147 2171 5211 ierunt,
2205 5159 2314 5199 non
2341 5144 2393 5198 in
2426 5145 2584 5208 lecto,
2614 5158 2716 5198 nec
2743 5143 2910 5209 domi,
2943 5141 3039 5197 sed
3069 5144 3122 5197 in
3145 5157 3361 5198 carcere
3387 5151 3441 5198 et
3464 5141 3580 5196 vin-

1976 5239 2112 5293 culis
2137 5253 2201 5292 ac
2230 5236 2530 5293 tormentis.
2560 5237 2666 5291 Eos
2693 5246 2874 5291 autem
2904 5235 3050 5290 solos
3080 5243 3201 5306 iuge
3226 5251 3289 5290 ac
3325 5233 3579 5302 lacrymis

1973 5348 2340 5403 prosequere,
2371 5334 2461 5404 qui
2503 5333 2619 5386 hate
2653 5339 2981 5401 perpetrant.
3009 5329 3141 5385 Nam
3183 5329 3323 5384 istud
3369 5345 3583 5401 quoque

1980 5437 2071 5482 tua
2100 5427 2437 5498 phil050phia
2466 5426 2688 5497 dignum
2729 5435 2830 5481 est.
2861 5424 3127 5494 Quoniam
3152 5435 3333 5480 autem
3359 5424 3427 5480 de
3453 5438 3580 5479 cor-

1975 5519 2121 5590 poris
2142 5535 2352 5588 quoque
2381 5518 2551 5572 nostri
2583 5517 2889 5574 valetudine
2912 5516 3112 5574 certior
3142 5516 3258 5574 fieri
3288 5516 3459 5586 cupis,
3482 5529 3582 5570 nos

1974 5627 2039 5666 ex
2067 5627 2133 5665 eo
2163 5612 2352 5666 morbo
2371 5651 2384 5675 ,
2413 5612 2504 5681 qui
2536 5626 2708 5681 nuper
2733 5610 2888 5666 nobis
2927 5610 3230 5666 molestiam
3259 5609 3579 5677 exhibebat,

1975 5703 2295 5760 cmersimus
2321 5720 2333 5756 :
2360 5719 2605 5773 nuncqne
2632 5705 2855 5760 mcliorc
2889 5703 3193 5762 valetudine
3219 5717 3406 5762 sumus
3425 5744 3440 5770 ,
3467 5718 3577 5760 mon

2045 5795 2057 5826 ’
2098 5801 2196 5845 nuo
2214 5801 2339 5856 Mss,
2373 5795 2622 5848 hebrum.
