4078 6444
559 310 669 367 623

532 426 629 481 ado
674 442 743 481 ne
784 443 965 482 rursus
1012 426 1182 480 hiems
1214 422 1471 480 stomachi
1514 420 1679 476 nostri
1711 415 2125 473 imbecillitatem

556 518 791 574 adventu
817 534 915 574 suo
943 520 1136 575 la-dat:
1167 532 1285 570 nam
1310 516 1378 571 de
1404 514 1616 575 lsauris,
1644 511 1792 566 omni
1816 519 1960 565 metu
1981 507 2128 563 vacui

568 622 772 663 sumus.

765 694 817 751 Χ
834 695 870 747 V
878 694 971 750 111
980 736 994 749 .
1026 694 1280 752 Carlen'tt.
1314 694 1543 765 (CIII'IISO
1572 708 1713 745 anno
1740 691 1893 751 ιθι.)

625 789 749 846 Sive
785 788 1113 860 frequenter,
1139 789 1254 846 sive
1289 805 1412 844 raro
1448 786 1685 852 scribas,
1716 798 1812 838 nos
1840 792 2014 837 tamen
2038 779 2130 850 ju-

552 877 753 936 dicium
782 879 941 945 illud,
968 879 1111 951 quod
1148 879 1217 935 ab
1243 878 1394 933 initio
1417 877 1485 932 de
1511 885 1597 931 tua
1626 875 1846 930 caritate
1874 871 2126 940 fecimus,

552 968 765 1026 llrmum
790 984 855 1025 ac
876 969 1063 1026 stabile
1086 970 1394 1024 retinemus.
1423 967 1480 1023 Id
1506 967 1648 1023 enim
1678 965 2008 1037 exploratum
2031 977 2130 1018 no-

550 1060 637 1116 bis
658 1070 773 1127 est,
798 1067 883 1127 te,
910 1060 1023 1116 sive
1059 1059 1292 1121 scribas,
1319 1060 1435 1116 sive
1456 1059 1615 1115 sileas
1633 1098 1650 1124 ,
1682 1056 1871 1113 eodem
1914 1069 2131 1125 semper

548 1166 675 1222 erga
704 1166 803 1208 nos
835 1152 1012 1207 animo
1035 1167 1099 1208 ac
1124 1151 1300 1208 studio
1325 1166 1467 1208 esse.
1502 1150 1666 1207 Velim
1691 1158 1867 1205 autem
1908 1146 2127 1203 celerri-

548 1255 693 1295 mam
721 1240 814 1296 tibi
840 1242 1126 1299 sanitatan
1141 1242 1282 1299 Deus
1308 1240 1566 1313 praebeat,
1585 1250 1745 1311 atque
1764 1238 1909 1295 omni
1934 1236 2129 1294 morbo

550 1340 604 1386 te
648 1330 857 1387 liberet.
898 1330 1080 1403 Neque
1124 1333 1266 1389 enim
1307 1332 1510 1404 vulgari
1554 1330 1910 1388 sollicitudine
1952 1327 2128 1384 all'ecti

549 1436 735 1477 sumus
754 1460 769 1487 ,
797 1437 917 1478 cum
955 1423 1026 1480 de
1053 1431 1145 1480 tuo
1172 1423 1363 1481 morbo
1390 1423 1457 1479 ad
1496 1437 1595 1479 nos
1619 1422 1837 1478 allatum
1865 1430 1970 1477 est.
2000 1418 2128 1475 Ideo

551 1521 606 1569 te
630 1513 993 1581 obsecramus,
1025 1522 1083 1569 ut
1109 1514 1317 1585 quoties
1344 1514 1589 1580 licuerit,
1617 1512 1687 1569 de
1716 1522 1802 1568 tua
1826 1508 2129 1566 valetudine

550 1618 653 1658 nos
679 1604 933 1659 certiores
954 1602 1149 1669 facias,
1174 1616 1230 1660 et
1257 1619 1383 1659 num
1409 1604 1598 1660 melius
1624 1600 1908 1672 aliquando
1931 1612 2128 1671 corpus

552 1701 699 1748 tuum
731 1707 791 1749 se
817 1692 1009 1749 habeat
1029 1693 1253 1750 indices.
1281 1693 1393 1749 Nec
1415 1694 1557 1749 enim
1589 1703 1642 1748 te
1667 1692 1816 1762 fugit,
1838 1705 1998 1762 quam
2023 1689 2123 1745 do-

547 1782 779 1848 leamus,
821 1797 942 1838 cum
988 1792 1040 1839 te
1081 1782 1267 1838 morbo
1312 1783 1478 1839 teneri
1522 1781 1793 1847 audimus,
1822 1797 1886 1837 ac
1925 1787 2123 1852 quanta

546 1870 728 1925 lmtitia
751 1871 1063 1940 afliciamur,
1088 1888 1153 1929 ac
1180 1888 1288 1943 prie
1309 1873 1579 1943 voluptate
1607 1872 1748 1928 velut
1795 1887 1995 1942 pennas
2038 1870 2123 1926 in-

545 1961 804 2028 duamus,
831 1979 951 2020 cum
982 1976 1033 2021 te
1066 1965 1203 2022 bene
1226 1966 1402 2022 valere
1426 1964 1788 2036 intelligimus.
1815 1964 1940 2020 Hcce
1965 1965 2125 2036 igitur

548 2068 670 2107 cum
701 2053 867 2120 scias,
899 2057 1235 2113 ornatissima
1264 2072 1328 2112 ac
1355 2056 1681 2113 nobilissima
1714 2055 1926 2112 domina
1962 2070 2080 2111 mea
2100 2095 2117 2123 ,

545 2144 754 2211 quoties
780 2143 1000 2201 facultas
1024 2146 1254 2211 dabitur,
1278 2147 1348 2203 ad
1377 2161 1473 2202 nos
1500 2146 1733 2203 scribere
1754 2161 1823 2203 ne
1853 2146 2118 2217 graveris,

543 2249 752 2305 quaque
779 2235 1078 2293 valetudine
1116 2239 1192 2293 sis
1210 2278 1226 2306 ,
1258 2238 1509 2293 indicare.
1537 2237 1720 2308 Neque
1746 2238 1889 2293 enim
1916 2236 2119 2308 vulgari

545 2325 806 2382 beneﬂcio
842 2343 942 2386 nos
978 2329 1180 2387 allicies
1201 2370 1218 2398 ,
1250 2344 1369 2386 cum
1394 2329 1654 2401 ejusmodi
1697 2329 1765 2385 ad
1811 2342 1909 2387 nos
1937 2329 2119 2387 literas

540 2418 773 2475 miseris.

540 2507 702 2564 XIX.
740 2509 996 2566 Marciano
1023 2522 1068 2568 et
1097 2513 1394 2570 Marcellino
1411 2514 1505 2586 (α).
1531 2514 1709 2588 (Αηηο
1735 2514 1840 2571 404
1861 2515 1945 2571 vel
1965 2513 2116 2582 405-)

610 2598 741 2655 Illud
762 2602 973 2671 quidem
994 2618 1327 2676 cuperemus,
1348 2616 1407 2662 ut
1430 2622 1546 2674 vos,
1572 2621 1605 2662 a
1623 2607 1812 2677 quibus
1839 2615 2116 2677 tantopere

536 2707 797 2762 amamur,
827 2707 1117 2765 praesentes
1145 2714 1357 2770 qunque
1384 2713 1749 2756 cerneremus.
1772 2704 1843 2755 At
1864 2699 2113 2769 quoniam

537 2783 591 2839 id
612 2785 830 2843 minime
858 2787 981 2844 licet
1009 2788 1152 2861 (nam
1175 2800 1228 2846 et
1254 2794 1351 2848 vite
1374 2792 1749 2864 longinquitas,
1772 2802 1826 2849 et
1844 2792 2034 2859 hiems,
2061 2802 2115 2848 et

534 2876 844 2945 praedonum
870 2890 1043 2935 metus
1072 2880 1139 2936 ad
1169 2882 1547 2957 profectionem
1588 2883 1974 2955 impediendam
2002 2883 2115 2939 sul-

533 2963 772 3037 ticiunt),
801 2968 928 3023 illud
955 2971 1141 3026 Saltem
1173 2981 1446 3041 optamus;
1494 2984 1551 3029 ut
1586 2989 1679 3029 eos
1722 2975 1811 3045 qui
1856 2974 2036 3030 literas
2081 2990 2112 3031 a

531 3056 690 3113 nobis
707 3059 773 3114 ad
802 3076 895 3115 vos
919 3061 1109 3128 ferant,
1135 3066 1328 3134 sa-pius
1354 3066 1722 3123 nanciscamur
1747 3084 1761 3120 :
1784 3082 1891 3140 quo
1910 3068 2115 3136 cupidi-

532 3157 698 3205 tatem
742 3163 977 3207 nostram
1027 3155 1353 3225 amplissime
1396 3158 1608 3227 explere
1652 3159 1937 3229 possimus.
1979 3160 2111 3227 Quia

528 3251 744 3309 autem,
776 3252 884 3299 tum
922 3245 991 3301 ob
1020 3244 1178 3316 hujus
1205 3247 1306 3304 loci
1333 3250 1707 3317 solitudinem,
1749 3261 1858 3307 tum
1898 3251 2038 3323 quod
2079 3266 2111 3307 a

529 3331 741 3401 publica
784 3334 866 3389 via
913 3337 1096 3405 procul
1136 3336 1327 3408 distet,
1360 3338 1463 3396 hoc
1488 3341 1639 3397 nobis
1662 3342 1968 3413 ademptum
1991 3353 2107 3410 est,

530 3438 563 3477 a
594 3423 745 3480 vobis
768 3435 913 3496 peto,
941 3436 1001 3484 ut
1026 3429 1073 3485 si
1101 3430 1278 3487 minus
1306 3432 1498 3489 crebro
1521 3432 1624 3488 hoc
1649 3433 1925 3503 faciamus,
1954 3436 2109 3493 nobis

528 3517 737 3572 veniam
769 3507 1011 3578 tribuatis
1044 3540 1057 3578 :
1086 3532 1264 3595 atque,
1293 3526 1406 3581 sive
1434 3526 1756 3595 scribamus,
1788 3529 1903 3585 sive
1951 3531 2110 3587 silea-

527 3621 670 3675 mus,
702 3608 841 3666 idem
878 3611 946 3669 de
974 3623 1158 3671 nostra
1180 3631 1306 3687 erga
1335 3632 1430 3673 vos
1456 3617 1826 3677 benevolentia
1847 3621 2105 3692 judicium

531 3695 794 3769 habeatis,
822 3701 952 3758 illud
979 3706 1249 3763 vobiscum
1270 3718 1598 3779 reputantes,
1624 3710 1971 3768 diuturnioris
1997 3716 2109 3784 ple-

530 3802 755 3859 rumque
792 3790 985 3850 silentii
1010 3798 1175 3853 nostri
1202 3814 1415 3855 causam
1446 3801 1546 3857 loci
1570 3804 1746 3873 potius
1765 3805 2107 3863 solitudinem

530 3890 651 3934 esse
668 3919 684 3946 ,
711 3894 868 3948 quam
894 3884 1289 3957 negligentiam.

719 3970 847 4026 XX.
875 3974 1119 4046 Agapeto.
1152 3978 1383 4049 (Scripta
1409 3981 1600 4039 Cucusi
1627 3999 1767 4040 anno
1786 3984 1937 4059 404.)

598 4060 874 4119 Sineerum
891 4074 1048 4137 atque
1064 4068 1359 4140 ardentem,
1378 4073 1590 4145 fucique
1619 4087 1913 4146 expertem,
1931 4094 1991 4133 ac
2006 4094 2105 4150 pu-

527 4164 645 4204 rum
663 4166 898 4211 amorem
912 4165 1057 4212 tuum
1076 4172 1409 4231 perspectum
1428 4164 1599 4222 habeo
1618 4187 1629 4221 :
1645 4169 1892 4239 quodque
1908 4185 2105 4227 necne-

525 4242 791 4308 gotiorum
819 4246 991 4315 turba,
1016 4264 1114 4305 nec
1131 4254 1383 4323 temporis
1398 4256 1761 4327 diuturnitate,
1781 4276 1881 4318 nec
1900 4263 2104 4321 itineris

526 4329 911 4424 longinquitate
931 4337 1197 4397 debilitari
1222 4345 1422 4413 possit;
1453 4348 1565 4404 scio
1591 4350 1719 4405 item
1741 4368 1898 4421 quam
1920 4356 2102 4424 cupias

525 4423 696 4479 oculis
734 4439 833 4481 nos
869 4442 1123 4497 cernere,
1153 4447 1548 4508 congressuque
1584 4451 1770 4497 nostro
1796 4442 1922 4498 frui.
1955 4446 2101 4512 Quo-

523 4513 671 4604 niam
691 4526 868 4573 autcm
896 4535 1056 4587 nunc,
1089 4533 1199 4579 tum
1230 4527 1298 4583 ob
1323 4528 1528 4586 itineris
1556 4531 1963 4604 longitudinem,
1991 4549 2100 4595 tum

521 4602 595 4697 ob
616 4605 742 4660 anni
784 4617 1025 4681 tempus,
1056 4624 1165 4671 tum
1193 4617 1262 4672 ob
1300 4617 1603 4679 Isaurorum
1644 4602 1880 4697 metum,
1921 4630 1971 4685 id
2012 4632 2097 4688 vix

522 4694 639 4749 ﬁeri
683 4706 887 4769 potest,
918 4703 985 4759 da
1022 4719 1275 4776 operam,
1305 4718 1363 4766 ut
1384 4726 1502 4768 eam
1526 4730 1682 4785 quam
1709 4694 1879 4775 literae
1906 4720 2098 4780 ali‘erre

519 4785 696 4842 solent
721 4788 1128 4852 oblectationem
1159 4800 1312 4857 nobis
1356 4806 1596 4874 prtebeas
1615 4850 1630 4875 ,
1664 4810 1891 4867 subinde
1915 4814 1982 4869 de
2008 4823 2093 4871 tua

520 4878 787 4949 totiusque
815 4882 1002 4942 domus
1025 4897 1129 4943 tua:
1148 4891 1452 4950 valetudine
1472 4900 1731 4955 certiores
1752 4917 1849 4957 nos
1872 4903 2091 4961 faciens.

515 4965 652 5022 Nam
679 4970 723 5024 si
762 4970 1064 5042 hujusmodi
1110 4979 1288 5037 literas
1325 4994 1436 5041 ate
1463 4989 1654 5043 crebro
1695 4997 2091 5066 acceperimus,

519 5073 626 5152 non
655 5063 945 5133 vulgarem,
974 5070 1131 5124 etiam
1160 5072 1209 5126 in
1231 5075 1515 5135 solitudine
1543 5081 1818 5152 degentes,
1845 5063 2092 5145 consola;

518 5148 716 5205 tionem
760 5156 1047 5225 capiemus.
1087 5160 1269 5234 Neque
1299 5168 1441 5223 enim
1486 5148 1731 5241 ignoras,
1761 5148 1976 5236 domine
1996 5182 2094 5249 mi,

514 5256 856 5340 summopere
880 5254 1181 5311 venerande
1205 5266 1369 5329 atque
1392 5261 1701 5322 admirando
1720 5309 1736 5335 ,
1765 5280 1964 5340 quanto
1989 5290 2085 5329 no-

513 5331 597 5388 bis
621 5336 796 5392 studio
824 5348 983 5409 atque
1011 5358 1155 5401 curae
1182 5349 1251 5403 sit
1278 5350 1527 5408 valetudo
1553 5363 1663 5412 tua.

826 5430 985 5489 XXI.
1014 5437 1221 5507 Alphio.
1262 5441 1443 5512 (Anno
1480 5446 1615 5504 forte
1640 5451 1790 5525 405.)

568 5514 643 5570 Te
666 5517 873 5576 beatum
891 5538 952 5578 ac
971 5534 1049 5581 ter
1064 5527 1296 5597 beatum,
1315 5542 1473 5606 atque
1488 5541 1645 5597 etiam
1662 5514 1857 5616 smpius
1873 5548 2085 5608 beatum

574 5628 1029 5749 ξξὶὲἓίῗέῗὲἳίυῗι
1057 5645 1817 5749 μᾌῗῗίτιιέῗῃωριηηξιξξῖἒέἱοὲφ.
1838 5670 2088 5749 ἓξϋεεξῑί·

945 5713 1029 5754 um
1057 5711 1180 5769 Mss,
1204 5722 1409 5774 quorum
1429 5729 1524 5780 ope
1546 5721 1702 5775 Editus
1722 5711 1820 5777 non
1841 5711 2079 5785 Emi-3i;

1330 314 1388 367 S.
1426 306 1703 367 JOANNIS
1739 295 2207 362 CIIRYSOSTUMI
2246 294 2559 352 ARClllEP.
2600 294 3125 354 CONSTANTINOP.

3720 293 3838 349 6‘25

2239 408 2330 480 qui
2340 406 2602 479 ejusmodi
2619 422 2704 462 res
2716 407 3071 477 efficis,atque
3084 402 3343 475 ejusmodi
3358 404 3579 474 negotiis
3590 404 3836 459 animum

2233 498 2562 569 adjicis,qu:e
2575 499 2842 568 ingentem
2858 498 2910 551 in
2923 496 3067 553 cazlis
3080 495 3386 551 thesaurum
3402 496 3495 549 tibi
3510 494 3833 550 recondunt.

2231 587 2416 659 Neque
2445 589 2588 644 enim
2609 587 2897 657 vulgariter
2912 587 3145 643 animum
3172 594 3413 642 nostrum
3432 585 3673 649 erexisti,
3704 600 3833 641 eum

2231 679 2301 736 de
2328 681 2546 737 domino
2573 688 2755 736 nostro
2770 678 2979 735 Joanne
2995 676 3309 749 presbytero
3330 677 3483 732 nobis
3510 676 3638 733 illud
3659 690 3834 746 expo-

2232 771 2407 840 suisti,
2435 780 2488 829 te
2508 772 2731 827 multum
2757 784 2941 841 operae
2960 768 3287 833 adhibuisse,
3312 777 3368 822 ut
3388 783 3510 823 eum
3534 768 3829 833 excitares,

2234 872 2395 936 atque
2434 865 2489 921 in
2520 863 2848 920 Pltmniciam
2898 861 3155 917 mitteres.
3201 859 3356 927 Quod
3404 870 3581 913 autem
3628 872 3825 913 aurum

2232 969 2446 1025 quoque
2486 954 2589 1025 ipsi
2626 952 2859 1017 dedisti,
2886 965 3209 1023 quamquam
3250 961 3303 1005 tu
3345 965 3445 1021 pro
3482 957 3676 1005 ctetera
3732 956 3827 1003 tua

2230 1046 2429 1118 pietate
2454 1046 2559 1101 hoc
2582 1044 2864 1109 reticuisti,
2898 1043 3118 1098 minime
3143 1051 3320 1096 tamen
3364 1041 3417 1095 id
3444 1040 3598 1096 nobis
3623 1039 3830 1096 obscu-

2230 1151 2351 1191 rum
2380 1135 2478 1191 luit
2518 1153 2532 1189 :
2580 1150 2717 1189 nam
2749 1134 2801 1190 id
2840 1135 3002 1189 etiam
3043 1142 3377 1203 compertum
3407 1132 3730 1196 habuimus,
3759 1146 3828 1187 ac

2230 1225 2601 1282 liberalitatem
2631 1241 2749 1280 eam
2777 1240 2877 1297 qua
2906 1239 3035 1281 usus
3058 1240 3136 1280 es.
3166 1222 3247 1279 Ob
3272 1240 3499 1295 eamque
3523 1238 3741 1279 causam
3770 1232 3829 1279 te

2231 1315 2485 1372 admirari
2511 1331 2576 1371 ac
2598 1315 2840 1372 laudibus
2869 1316 2921 1370 in
2949 1316 3140 1371 etclam
3179 1314 3319 1370 ferre
3354 1330 3461 1370 non
3490 1314 3824 1381 desinimus,

2231 1408 2374 1479 quod
2404 1408 2457 1463 in
2485 1407 2568 1463 his
2606 1408 2769 1464 rebus
2811 1407 2965 1463 dives
3006 1408 3081 1463 sis
3120 1407 3173 1462 in
3214 1406 3407 1477 quibus
3445 1407 3665 1487 divitem
3694 1419 3825 1460 esse

2229 1499 2498 1565 convenit,
2530 1507 2688 1569 teque
2715 1497 3082 1565 obsecramus,
3104 1507 3164 1552 ut
3190 1497 3384 1553 crebro
3408 1495 3476 1553 ad
3504 1511 3602 1552 nos
3632 1495 3823 1552 literas

2228 1589 2344 1646 des.
2377 1590 2510 1648 Nam
2550 1591 2596 1646 si
2640 1591 2757 1647 ﬁeri
2803 1600 2983 1662 posset
3003 1632 3019 1655 ,
3051 1600 3112 1645 ut
3140 1591 3307 1645 oculis
3338 1600 3391 1644 te
3425 1604 3775 1646 eerneremus
3800 1630 3817 1654 ,

2230 1697 2424 1754 magno
2445 1684 2497 1739 id
2518 1699 2648 1740 sane
2667 1699 2990 1741 emcremus.
3012 1683 3273 1752 Quoniam
3300 1692 3477 1738 autem
3502 1683 3555 1738 id
3577 1682 3821 1738 nondum

2228 1772 2373 1842 licet,
2402 1773 2507 1842 fac,
2534 1790 2717 1851 quaeso
2736 1816 2751 1841 ,
2782 1774 3008 1832 subinde
3031 1774 3101 1830 ad
3129 1789 3229 1829 nos
3257 1775 3462 1831 scribas
3481 1816 3496 1842 ,
3529 1790 3593 1830 ac
3617 1774 3687 1830 de
3728 1784 3822 1829 tua

2226 1866 2497 1933 totiusque
2523 1867 2713 1922 domus
2740 1877 2845 1922 tua:
2873 1866 3180 1923 valetudine
3205 1867 3467 1923 certiores
3495 1882 3595 1922 nos
3625 1867 3817 1922 facias.

2224 1952 2410 2025 Neque
2440 1957 2582 2012 enim
2617 1958 2732 2033 leve
2761 1958 3010 2014 solatium
3048 1960 3321 2028 capiemus
3359 1958 3476 2014 hac
3509 1959 3815 2014 audientes.

2225 2045 2359 2101 Cum
2393 2048 2568 2119 igitur,
2599 2065 2758 2120 quam
2782 2051 2935 2107 nobis
2961 2059 3169 2121 gratum
3203 2052 3438 2106 facturus
3459 2052 3555 2117 sis,
3589 2053 3818 2109 minime

2230 2139 2463 2208 ignores,
2495 2156 2560 2196 ne
2581 2143 2904 2209 committas,
2936 2153 2994 2198 ut
3018 2152 3159 2199 tanta
3192 2144 3374 2198 laetitia
3401 2160 3705 2199 careamus.

2221 2227 2415 2285 ΧΧΙΙ.
2446 2232 2626 2297 Casta,
2668 2233 2886 2302 Valerio,
2913 2233 3230 2305 Diapltanto,
3261 2233 3506 2306 Cyriaco,
3532 2237 3822 2292 Antiocltitz

2562 2326 2883 2396 presbyteris.
2916 2324 3146 2400 (Cucuso
3166 2343 3308 2382 anno
3332 2325 3480 2398 405.)

2291 2413 2445 2482 Quod
2465 2415 2674 2486 longam
2716 2426 2950 2472 nostram
2969 2418 3248 2488 epiStolam
3293 2419 3507 2474 brevem
3545 2420 3815 2487 dixeritis,

2220 2502 2358 2561 haud
2376 2507 2621 2576 equidem
2646 2508 2828 2563 miror.
2850 2508 2925 2562 Ea
2944 2509 3086 2564 enim
3118 2511 3409 2566 amantium
3427 2522 3613 2567 natura
3632 2526 3736 2577 est,
3758 2523 3819 2569 ut

2217 2594 2517 2651 satietatem
2534 2598 2895 2664 nesciant,nec
2906 2616 3157 2670 umquam
3167 2602 3367 2672 expleri
3384 2604 3590 2673 possint
3604 2620 3814 2660 :verutn

2216 2702 2323 2758 quo
2352 2688 2500 2758 plura
2520 2689 2597 2747 ab.
2617 2690 2681 2745 iis
2703 2705 2837 2759 quos
2865 2702 3045 2747 amant
3069 2693 3393 2764 acceperint,
3414 2709 3478 2750 eo
3500 2697 3649 2764 plura
3678 2712 3811 2750 con-

2216 2780 2511 2849 cupiscant.
2544 2782 2625 2838 0b
2644 2798 2867 2854 eamque
2883 2798 3098 2840 causam
3118 2786 3327 2840 etiamsi
3356 2786 3582 2855 decuplo
3612 2788 3809 2858 major,

2219 2886 2376 2940 quam
2408 2874 2572 2943 prior,
2601 2873 2667 2929 ad
2689 2890 2786 2929 vos
2815 2876 3040 2946 epistola
3070 2876 3325 2943 venisset,
3357 2892 3428 2933 ne
3471 2878 3561 2933 illa
3588 2880 3809 2949 quidem

2221 2960 2497 3018 brevitatis
2527 2964 2843 3020 vocabulum
2879 2965 3155 3036 ell'ugisset
3188 2984 3202 3021 :
3235 2982 3421 3023 verum
3453 2968 3567 3038 ipsa
3594 2984 3812 3040 quoque

2216 3067 2381 3123 parva
2409 3066 2596 3111 vocata
2629 3056 2850 3125 fuisset,
2881 3058 2991 3115 imo
3020 3074 3125 3114 non
3151 3067 3340 3114 vocata
3365 3059 3679 3128 dumtaxat,
3710 3062 3810 3117 sed

2214 3145 2377 3200 etiam
2422 3160 2581 3216 parva
2636 3146 2813 3203 habita
2864 3149 3071 3205 fuisset.
3118 3139 3269 3218 Quod
3316 3151 3478 3206 etiam
3525 3152 3657 3206 mihi
3707 3168 3841 3225 usu“

2216 3236 2363 3291 venit
2392 3255 2405 3293 :
2437 3254 2560 3293 nam
2590 3239 2656 3295 ad
2680 3256 3068 3313 quemcumque
3092 3243 3292 3297 amoris
3313 3258 3438 3315 erga
3459 3259 3558 3299 nos
3577 3246 3808 3315 gradum

2216 3331 2606 3398 pervencritis,
2664 3347 2728 3388 eo
2776 3334 2995 3390 minime
3047 3336 3282 3390 contenti
3328 3351 3514 3392 sumus
3558 3353 3573 3391 :
3617 3354 3809 3394 verum

2214 3423 2412 3478 amoris
2460 3425 2783 3481 incrementa
2828 3442 3043 3497 semper
3085 3424 3431 3498 expetimus,
3458 3430 3810 3502 caritatisqne

2215 3512 2476 3581 debitum,
2520 3517 2662 3586 quod
2692 3518 2902 3571 etiamsi
2928 3534 3143 3589 semper
3171 3519 3444 3588 solvatur,
3470 3536 3689 3591 semper
3721 3531 3807 3576 ta-

2212 3619 2337 3660 men
2367 3605 2591 3662 debetur
2622 3607 2862 3681 (Nemini
2904 3609 3045 3664 enim
3072 3651 3087 3676 ,
3136 3611 3307 3679 inquit
3352 3611 3442 3668 ille
3466 3652 3482 3679 ,
3527 3613 3809 3684 quidquam

2213 3698 2451 3767 debeatis,
2483 3702 2580 3755 nisi
2602 3713 2654 3754 ut
2683 3703 2893 3758 invicem
2927 3703 3148 3774 diligatis
3176 3703 3588 3779 [Βοηι.15.8]),
3621 3709 3808 3775 quoti-

2214 3788 2299 3844 die
2324 3804 2353 3844 a
2384 3791 2531 3846 vobis
2555 3790 2925 3864 eiﬂagitamus,
2958 3809 3172 3864 semper
3199 3796 3413 3865 quidem
3445 3796 3573 3851 illud
3599 3797 3805 3854 all'atim

2212 3878 2537 3949 accipientes
2562 3923 2577 3948 ,
2614 3898 2714 3938 nec
2747 3894 2923 3939 tamen
2967 3899 3066 3940 nos
3094 3886 3222 3941 illud
3254 3900 3506 3957 umquam
3543 3891 3693 3944 omni
3735 3906 3804 3946 ex

2212 3980 2363 4039 parte
2400 3973 2672 4043 accepisse
2699 3976 3043 4033 arbitrantes.
3077 3977 3155 4033 Ne
3180 4019 3194 4044 ,
3224 3994 3407 4047 quaeso
3432 4021 3448 4047 ,
3482 3982 3805 4050 praeclarum

2211 4060 2312 4115 hoc
2337 4061 2598 4131 debitum,
2632 4064 3006 4138 duplicemque
3036 4070 3364 4138 voluptatem
3390 4068 3618 4139 habens,
3641 4064 3802 4128 nobis

2210 4154 2514 4221 persolvere
2542 4155 2820 4213 desinatis.
2852 4156 2986 4212 Nam
3036 4168 3090 4214 et
3128 4159 3219 4228 qui
3272 4160 3603 4229 persolvunt,
3630 4172 3685 4218 et
3708 4164 3801 4234 qui

2206 4242 2511 4312 accipiunt,
2549 4260 2732 4315 parem
2758 4247 3082 4317 Voluptatem
3121 4260 3519 4320 consequuntur
3550 4269 3565 4307 :
3596 4254 3802 4324 quippe

2206 4345 2326 4388 cum
2350 4335 2559 4405 utrique
2603 4351 2699 4406 per
2727 4336 3032 4407 huiusmodi
3083 4339 3402 4397 solutionem
3440 4357 3595 4413 teque
3648 4344 3803 4400 locu-

2208 4424 2495 4493 pletenlur.
2523 4426 2675 4494 Quod
2703 4428 2917 4499 quidem
2940 4430 2993 4485 in
3011 4431 3249 4500 pecuniis
3276 4431 3392 4488 ﬁeri
3413 4434 3635 4505 nequit:
3668 4452 3799 4493 nam

2206 4513 2297 4583 qui
2328 4516 2598 4583 persolvit,
2630 4520 2870 4588 egentior
2904 4520 3027 4575 hinc
3056 4520 3320 4589 efﬁcitur;
3355 4524 3399 4578 is
3440 4533 3626 4579 contra
3656 4566 3673 4592 ,
3704 4527 3800 4596 qui

2204 4605 2431 4674 accepit,
2462 4607 2748 4675 copiosior.
2780 4610 2849 4664 At
2891 4611 2944 4665 in
2977 4613 3213 4667 caritatis
3249 4622 3531 4669 contractu
3560 4614 3662 4671 hoc
3693 4631 3803 4672 usu

2204 4695 2386 4751 venire
2428 4697 2647 4754 minime
2675 4700 2831 4756 solet.
2865 4701 3047 4773 Neque
3075 4704 3219 4760 enim
3249 4720 3373 4761 eum
3414 4706 3503 4774 qui
3533 4707 3801 4777 persolvit

2203 4782 2413 4841 inanem
2440 4803 2505 4843 ac
2527 4804 2751 4844 vacuum
2779 4791 3068 4862 relinquit;
3100 4794 3150 4849 id
3180 4794 3319 4865 quod
3349 4798 3575 4866 pecunia
3604 4797 3795 4864 efficit,

2200 4889 2320 4931 cum
2350 4879 2416 4933 ad
2442 4880 2788 4949 accipientem
2827 4884 3054 4954 migrat;
3086 4887 3212 4957 quin
3254 4889 3433 4959 potius
3462 4889 3636 4960 ipsum
3677 4898 3797 4947 tum

2200 4969 2414 5025 demum
2460 4972 2859 5042 locupletiorem
2911 4978 3120 5045 reddit,
3169 4995 3290 5035 cum
3341 4995 3461 5036 eam
3511 4984 3788 5053 persolvit.

2200 5059 2327 5116 llmc
2378 5062 2536 5133 igitur
2583 5080 2704 5121 cum
2742 5068 2923 5124 sciatis
2947 5111 2963 5137 ,
3004 5074 3431 5140 prmstantissinti
3471 5089 3533 5131 ac
3564 5074 3795 5145 piissimi

2200 5149 2401 5205 domini
2432 5154 2557 5216 mei,
2592 5171 2658 5212 ne
2690 5173 2942 5237 umquam
2971 5161 3249 5219 ﬂorentem
3290 5179 3415 5236 erga
3442 5180 3530 5222 me
3556 5167 3796 5225 benevo-

2198 5242 2412 5298 lentiam
2443 5246 2697 5305 exhibere
2728 5250 3040 5308 intermitte.
3082 5253 3213 5309 Nam
3240 5257 3340 5311 etsi
3371 5266 3430 5312 ut
3475 5257 3528 5312 id
3556 5257 3790 5327 faciatis,

2198 5334 2332 5389 nihil
2362 5346 2543 5393 nostra
2587 5339 2958 5400 cohortatione
3004 5344 3251 5416 indigetis
3282 5365 3298 5404 :
3332 5358 3508 5404 tamen
3536 5352 3793 5421 quoniam

2197 5436 2295 5479 vos
2325 5430 2575 5496 apprime
2620 5446 2885 5500 amamus,
2933 5446 3213 5506 propterea
3243 5454 3358 5507 vos,
3387 5441 3546 5496 etiam
3579 5442 3625 5495 si
3654 5443 3790 5498 nihil

2198 5529 2421 5573 necesse
2449 5519 2539 5586 sit,
2586 5520 2961 5592 admonemus,
2989 5536 3047 5582 ut
3097 5542 3241 5600 saepe
3271 5532 3339 5585 ad
3367 5545 3467 5587 nos
3508 5532 3783 5601 scribatis,

2195 5616 2357 5680 atque
2400 5626 2508 5681 quo
2551 5622 2689 5670 statu
2744 5618 2996 5675 valetudo
3042 5632 3219 5677 vestra
3279 5623 3392 5689 sit,
3450 5624 3783 5694 signiﬁcetis.

2195 5701 2447 5765 Quamvis
2468 5706 2612 5760 enim
2642 5708 2774 5764 nihil
2803 5708 2870 5765 ad
2896 5724 3015 5767 eam
3044 5728 3162 5769 rem
3190 5716 3455 5771 monitore
3484 5716 3632 5769 vobis
3648 5733 3788 5786 opus

2198 5797 2287 5860 sit,
2318 5806 2369 5851 at
2397 5811 2496 5853 nos
2527 5807 2703 5858 tamen
2728 5801 2783 5858 id
2823 5818 3056 5876 quoque,
3091 5805 3212 5877 quia
3239 5806 3581 5867 vehementer
3607 5823 3782 5875 espo-
