4078 6428
281 347 387 403 (328

286 465 469 524 timus,
520 456 729 512 avobis
779 451 1054 523 postulare
1094 458 1386 517 numquam
1434 441 1768 498 desinemus.
1815 436 1885 502 Et

283 553 504 625 quidem
553 549 808 620 quoniam
863 554 976 600 tum
1036 549 1256 612 propter
1304 535 1434 590 anni
1489 544 1740 602 tempus,
1775 538 1886 583 tum

287 623 507 716 propter
564 639 774 696 itineris
807 635 1210 700 diflicultatem,
1259 627 1403 684 haud
1446 624 1600 680 multi
1650 623 1888 677 viatores

287 713 435 800 stint,
466 734 558 804 qui
584 731 738 787 vobis
763 728 830 784 ad
859 728 994 782 hanc
1023 740 1139 780 rem
1169 734 1386 792 operam
1416 730 1616 772 navare
1642 713 1884 784 possint,

287 827 428 883 istud
456 802 568 896 jam
605 821 821 878 difficile
848 833 967 874 esse
995 830 1102 871 non
1125 815 1438 884 ignoramus
1471 827 1484 859 :
1514 807 1704 862 saltem
1734 812 1794 858 ut
1819 802 1887 856 li-

285 930 393 984 cet,
411 895 572 988 atque
589 916 642 970 in
666 922 810 969 tanta
827 908 1141 965 difﬁcultate
1167 903 1285 959 fieri
1301 909 1494 973 potest.
1515 911 1614 951 vos
1630 895 1887 950 obsecra-

285 1025 432 1076 mus,
460 1017 701 1077 utquam
728 1001 1026 1073 saepissime
1051 996 1297 1054 scribatis
1319 1036 1334 1060 ,
1363 1002 1524 1063 atque
1557 989 1698 1044 hanc
1736 1000 1766 1039 a
1797 999 1892 1039 ve-

286 1111 398 1155 stra
428 1098 653 1154 caritate
679 1094 904 1166 gratiam
930 1091 1282 1162 postulamus.
1311 1085 1452 1152 Quin
1483 1077 1890 1151 religiosissime

285 1205 506 1261 quoque
534 1188 757 1243 domino
782 1199 904 1239 meo
934 1183 1247 1253 presbytero
1268 1178 1534 1241 Romano,
1553 1180 1612 1228 ut
1633 1169 1887 1241 iussistis,

289 1281 636 1351 scripsimus:
657 1292 831 1347 coque
858 1276 1073 1332 nomine
1103 1272 1375 1342 ingentem
1398 1268 1561 1322 etiam
1589 1261 1742 1318 vobis
1768 1274 1893 1330 gra-

289 1346 420 1429 tiam
447 1371 728 1426 habemus.
746 1346 1189 1436 Quandoquidem
1223 1361 1326 1416 hoc
1352 1369 1564 1428 quoque
1589 1352 1658 1407 ab
1686 1346 1892 1421 ingenti

287 1480 356 1521 ac
379 1463 640 1535 singulari
666 1460 897 1531 quodam
916 1456 1084 1512 nostri
1111 1467 1295 1509 amore
1320 1447 1698 1523 proficiscitur,
1723 1441 1888 1514 quod,

288 1565 348 1611 ut
374 1554 542 1610 tantis
562 1553 692 1607 viris
720 1550 919 1606 arctius
957 1562 1055 1602 nos
1089 1544 1352 1615 copuletis
1375 1583 1390 1608 ,
1423 1557 1519 1611 per
1546 1539 1727 1593 literas
1756 1549 1891 1604 Ope-

285 1663 404 1705 ram
431 1645 591 1710 datis,
619 1655 996 1711 summumque
1015 1639 1082 1694 ad
1123 1636 1174 1691 id
1201 1635 1435 1690 studium
1464 1630 1748 1686 adhibetis.
1780 1627 1893 1683 Ve-

287 1737 384 1793 lim
422 1737 627 1808 itaque,
660 1745 721 1789 ut
744 1749 865 1788 cum
896 1742 1136 1787 nostram
1166 1727 1234 1783 ad
1260 1741 1384 1783 eum
1412 1722 1693 1795 epistolam
1732 1733 1890 1774 acce-

288 1830 499 1902 peritis,
529 1842 651 1884 eam
682 1826 782 1896 ipsi
811 1823 1070 1890 reddatis,
1106 1830 1268 1891 atque
1309 1831 1434 1874 eum
1486 1815 1614 1870 licet
1665 1810 1893 1882 epistola

286 1938 396 1976 non
422 1928 647 1988 accepta
686 1931 810 1973 meo
847 1915 1066 1971 nomine
1089 1912 1353 1969 salutetis.
1379 1906 1707 1978 Iampridem
1748 1903 1891 1959 enim

285 2024 391 2079 est,
424 2011 568 2083 quod
597 2025 721 2067 eum
757 2008 1108 2064 vehementer
1150 2019 1335 2060 amare
1384 2001 1681 2072 coepimus;
1731 1997 1894 2068 idque

287 2115 348 2159 ut
375 2121 442 2159 ex
473 2119 573 2159 ore
598 2111 781 2159 vestro
811 2101 1076 2171 intelligat
1103 2099 1262 2170 cupio
1285 2138 1302 2166 ,
1345 2111 1445 2152 nos
1475 2091 1722 2150 eamdem
1766 2104 1894 2160 erga

285 2212 411 2252 enm
461 2195 894 2253 benevolentiam
919 2195 1178 2258 retinere,
1211 2205 1383 2261 eaque
1419 2189 1474 2243 in
1502 2201 1563 2242 re
1598 2185 1668 2241 de
1709 2183 1896 2240 nobis-

289 2292 419 2359 ipsis
449 2289 654 2359 optime
680 2287 878 2344 mereri
904 2303 919 2353 ;
944 2286 1183 2355 illudque
1207 2291 1487 2354 prmterea,
1523 2294 1622 2335 nos
1651 2292 1759 2332 non
1792 2291 1892 2332 ne-

287 2383 541 2452 gligentia
568 2393 623 2436 et
655 2379 899 2435 socordia
932 2377 1064 2434 nihil
1093 2377 1160 2432 ad
1185 2392 1310 2432 eum
1335 2375 1613 2430 literarum
1642 2370 1856 2426 dedisse
1874 2409 1891 2435 ,

285 2476 382 2529 sed
409 2473 552 2544 quod
579 2473 646 2528 ab
662 2472 830 2542 ipsius
853 2473 1046 2541 pietate
1063 2470 1246 2525 literas
1271 2476 1727 2538 exspectaremus.
1749 2461 1898 2530 Quo-

290 2567 434 2620 niam
463 2572 665 2632 autem,
693 2573 750 2618 ut
785 2565 992 2634 priores
1041 2561 1402 2617 scriberemus
1429 2599 1446 2626 ,
1477 2555 1769 2628 postulavit
1795 2596 1809 2620 ,
1841 2565 1896 2609 et

290 2658 396 2711 hnc
431 2671 647 2728 quoque
677 2655 905 2710 facimus
934 2670 949 2709 :
981 2663 1034 2710 et
1063 2653 1206 2709 idem
1247 2659 1308 2708 ut
1343 2651 1459 2722 ipse
1495 2649 1674 2707 facere
1696 2646 1765 2702 ad
1794 2659 1895 2702 nos

290 2765 397 2804 non
431 2750 776 2813 intermittat,
815 2749 1185 2803 obsecramus.

360 2839 594 2895 XXI“.
626 2838 861 2894 Romano
888 2838 1201 2909 presbytero.
1235 2836 1254 2907 (
1277 2833 1490 2891 Cucuso
1515 2846 1657 2889 anno
1681 2828 1836 2903 405.)

364 2933 486 2986 Scis
511 2939 565 2984 tu
589 2946 801 3002 quoque
817 2930 1077 3001 profecto,
1099 2929 1318 2985 domine
1345 2926 1417 2983 mi
1445 2922 1894 2982 reverendissime

287 3040 352 3076 ac
393 3023 818 3094 religiosissime,
857 3038 1016 3094 quem
1041 3035 1259 3093 semper
1291 3035 1419 3092 erga
1450 3028 1503 3075 te
1529 3017 1765 3072 animum
1797 3015 1895 3068 ha-

291 3113 572 3167 buerimus
596 3129 610 3180 ;
638 3121 692 3167 et
718 3126 830 3183 quo
854 3122 1010 3184 pacto
1046 3125 1263 3182 semper
1288 3111 1528 3166 caritatis
1556 3109 1676 3179 lege
1717 3117 1896 3162 tecum

288 3205 498 3261 asll'lCll
527 3203 803 3272 fuerimus,
835 3219 1048 3260 morum
1088 3212 1301 3260 tuorum
1352 3202 1674 3260 suavitatem
1715 3199 1894 3254 admi-

289 3306 500 3364 rantes,
529 3297 850 3368 virtutisque
896 3306 1021 3364 tuas,
1049 3311 1320 3368 perquam
1350 3309 1539 3352 omnes
1567 3308 1681 3359 eos,
1709 3293 1798 3362 qui
1829 3291 1897 3347 ad

291 3402 345 3444 te
374 3390 661 3457 accedunt,
694 3399 814 3447 tuos
858 3389 1062 3456 reddis,
1091 3389 1544 3461 pulchritudinem
1598 3387 1898 3457 suspicien-

291 3492 393 3538 tes.
421 3482 540 3549 Quo
565 3483 725 3538 etiam
757 3482 838 3551 fit,
889 3491 949 3538 ut
977 3484 1227 3554 quamvis
1257 3483 1420 3553 longo
1460 3497 1492 3536 a
1524 3490 1577 3536 te
1611 3478 1894 3536 intervallo

288 3575 489 3642 dissiti,
523 3576 705 3629 animo
732 3583 910 3630 tamen
935 3583 991 3630 et
1018 3574 1340 3645 cogitatione
1361 3581 1412 3628 te
1429 3570 1893 3637 circumferamus,

292 3677 460 3735 atque
482 3667 534 3720 in
563 3679 960 3736 quamcumque
975 3666 1323 3721 solitudinem
1345 3664 1660 3731 avehamur,
1679 3673 1784 3717 tua:
1815 3670 1898 3715 ta-

290 3774 417 3814 men
459 3759 705 3814 caritatis
756 3758 1000 3815 oblivisci
1053 3759 1274 3814 minime
1303 3759 1591 3829 possimus,
1626 3770 1810 3812 verum
1841 3763 1899 3809 ut

292 3859 615 3920 praesentem
674 3865 737 3904 ac
780 3851 1135 3921 propinquum
1175 3851 1516 3913 intueamur,
1547 3850 1900 3920 caritatisque

289 3942 464 3996 oculis
514 3953 770 4012 perpetuo
814 3953 1283 4012 repraesentemus,
1315 3943 1425 3997 imo
1478 3952 1538 3997 ut
1570 3942 1770 3997 rectius
1814 3941 1899 3995 lo-

290 4049 449 4101 quar.
483 4034 701 4089 assidue
729 4043 780 4090 te
805 4049 1092 4090 cemamus
1114 4075 1128 4102 ,
1156 4043 1318 4105 atque
1346 4033 1486 4106 apud
1515 4049 1703 4090 omnes
1726 4033 1897 4104 pieta-

292 4134 402 4178 tem
449 4134 593 4179 tnam
642 4125 1014 4194 prmdiccmus.
1061 4125 1419 4194 Quamobrem
1460 4126 1556 4181 abs
1588 4137 1639 4181 te
1689 4141 1902 4196 quoque

294 4215 548 4286 petimus,
573 4225 630 4270 ut
660 4219 828 4271 nostri
867 4218 1180 4272 memoriam
1228 4233 1516 4288 numquam
1553 4218 1897 4283 intermittas,

292 4322 524 4377 eamque
555 4307 1008 4376 benevolentiam,
1036 4322 1198 4378 quam
1246 4308 1402 4363 nobis
1451 4323 1666 4378 semper
1691 4309 1903 4378 praesti-

295 4401 429 4463 listi,
462 4415 605 4453 nunc
632 4415 848 4470 quoque
886 4401 1157 4471 vigentem
1205 4414 1529 4466 conserves;
1582 4416 1646 4455 ac
1677 4416 1773 4470 pro
1803 4416 1902 4455 no-

229 4484 240 4488 ’
291 4503 404 4548 stra
438 4491 645 4546 vilitate
695 4493 922 4548 obnixas
974 4493 1041 4547 ad
1093 4493 1260 4548 Deum
1291 4507 1478 4564 preces
1524 4493 1804 4560 adhibeas,
1833 4493 1902 4548 ad

295 4599 525 4654 nosque,
547 4599 669 4640 cum
702 4585 935 4653 licuerit,
962 4585 1144 4640 literas
1172 4585 1367 4653 des,ac
1387 4586 1455 4641 de
1481 4595 1570 4641 tua
1597 4586 1901 4642 valetudine

291 4676 561 4730 certiores
585 4691 685 4731 nos
711 4675 874 4732 facias
905 4695 917 4733 :
953 4692 1082 4748 quo,
1110 4677 1271 4732 etiam
1301 4679 1355 4732 in
1385 4677 1673 4733 solitudine
1701 4678 1900 4734 seden-

295 4780 399 4830 tes,
449 4765 723 4836 ingentem
767 4768 1192 4824 consolationem
1245 4769 1552 4840 capiamus,
1589 4780 1799 4826 tuarum
1822 4772 1903 4825 vi-

294 4857 494 4913 delicet
541 4871 760 4927 precum
812 4859 1052 4915 subsidio
1087 4875 1119 4916 e
1163 4869 1314 4915 tanto
1350 4861 1591 4916 locorum
1625 4862 1904 4919 intervallo

289 4949 560 5005 fruentes.

474 5041 618 5099 XXI
631 5042 695 5098 V.
745 5044 1024 5117 Hesychia.
1070 5044 1090 5118 (
1118 5046 1329 5103 Cucuso
1349 5061 1490 5101 anno
1516 5047 1642 5104 404.
1667 5045 1687 5120 )

370 5135 520 5191 Petis
549 5143 609 5191 ut
653 5136 784 5193 illud
825 5138 921 5192 tibi
950 5138 1244 5208 ignoscam,
1276 5139 1418 5209 quod
1454 5139 1521 5194 ad
1550 5155 1636 5194 me
1669 5154 1778 5195 non
1805 5154 1902 5195 ve-

297 5230 466 5298 neris,
497 5229 671 5284 morbi
699 5231 1045 5286 excusatione
1073 5239 1249 5286 utens.
1303 5230 1417 5302 Ego
1445 5240 1623 5286 autem
1654 5233 1903 5286 volunta-

299 5324 366 5376 tis
391 5323 611 5378 nomine
641 5331 693 5378 te
720 5322 882 5378 laudo
911 5337 975 5378 ac
997 5324 1233 5393 prmdico
1254 5365 1269 5390 ,
1302 5339 1400 5394 per
1435 5339 1596 5394 quam
1622 5326 1784 5380 etiam
1807 5341 1903 5380 ve-

297 5416 447 5480 nisti,
483 5427 646 5486 atque
671 5426 931 5487 quantum
963 5416 1029 5472 ad
1057 5417 1337 5472 caritatem
1365 5418 1556 5473 attinet
1580 5460 1594 5484 ,
1625 5417 1792 5473 nihilo
1816 5418 1900 5472 in-

301 5507 506 5564 feriore
535 5509 676 5579 apud
708 5525 810 5564 nos
840 5509 960 5563 loco
988 5524 1068 5575 es,
1097 5525 1256 5580 quam
1295 5509 1386 5580 qui
1407 5521 1691 5566 venerunt.
1723 5512 1907 5566 Potest

297 5607 479 5653 autem
513 5599 654 5654 Deus
684 5614 749 5654 ex
781 5614 848 5654 eo
893 5599 1082 5654 morbo
1105 5640 1119 5663 ,
1149 5615 1256 5668 quo
1284 5600 1510 5665 teneris,
1563 5611 1613 5656 te
1644 5601 1902 5668 eximere,

298 5703 459 5764 atque
488 5692 711 5764 integra:
731 5692 945 5748 sanitati
974 5693 1278 5759 restituere,
1303 5701 1358 5747 ut
1376 5697 1670 5764 Conspectu
1697 5709 1909 5764 quoque

303 5796 397 5844 tuo
423 5797 584 5859 atque
611 5803 904 5860 congressu
935 5785 1196 5846 fruamur.
1221 5786 1492 5860 Siquidem
1522 5798 1574 5846 te
1604 5787 1786 5845 videre
1821 5798 1904 5844 at-

1754 317 2131 379 EPISTOLE.

3497 295 3602 352 628

1993 448 2099 504 que
2123 428 2430 499 complecti,
2452 438 2743 493 carumque
2764 418 2906 477 istud
2933 417 3087 472 nobis
3108 425 3269 485 caput
3296 413 3610 470 exosculari

1995 523 2257 593 majorem
2285 520 2337 573 in
2373 517 2594 572 modum
2624 527 2868 570 avemus.
2893 508 3162 577 Quamdiu
3183 517 3363 561 autem
3393 504 3466 568 id,
3491 513 3600 558 tum

1995 632 2093 688 per
2122 614 2369 670 morbum
2403 621 2573 675 tuum,
2604 616 2715 663 tum
2751 622 2849 677 per
2876 603 3003 660 anni
3034 613 3245 672 tempus
3289 599 3512 654 minime
3541 599 3605 651 li-

1995 709 2161 776 cebit,
2190 708 2377 764 literas
2405 705 2474 760 ad
2523 713 2576 759 te
2620 703 2771 768 dare,
2803 714 3050 770 eamque,
3083 712 3203 767 quae
3238 696 3364 751 hinc
3396 692 3465 749 ad
3501 709 3603 750 nos

1995 799 2158 864 redit,
2188 799 2517 870 voluptatem
2539 793 2826 864 nobisipsis
2842 805 3160 861 comparare
3183 789 3404 843 minime
3427 786 3604 841 inter-

1996 895 2292 948 mittemus.

2094 982 2200 1037 IX
2216 980 2277 1036 V.
2311 980 2522 1051 Elpidio
2544 978 2824 1049 Ερὶεεορο.
2855 975 2876 1050 (
2916 976 3128 1033 Cucuso
3156 988 3298 1028 anno
3327 971 3450 1028 404.
3487 971 3507 1041 )

2071 1073 2206 1129 lllud
2229 1073 2450 1144 quidem
2481 1072 2765 1138 vellemus,
2795 1068 2954 1122 nobis
2978 1067 3044 1122 ad
3078 1075 3129 1121 te
3156 1080 3315 1136 quam
3361 1062 3608 1133 smpissio

1998 1181 2088 1221 me
2118 1166 2301 1221 literas
2332 1163 2462 1219 dare
2489 1162 2718 1218 liceret:
2751 1160 2912 1229 idque
2951 1159 3067 1229 ipse
3107 1157 3236 1219 scis,
3267 1155 3486 1210 domine
3518 1169 3610 1208 rc-

1999 1256 2412 1313 verendissime.
2460 1253 2614 1320 Quod
2644 1252 2900 1323 quoniam
2956 1250 3113 1306 nobis
3163 1249 3438 1311 adimitur,
3484 1260 3611 1316 pro-

2001 1359 2183 1419 pterea
2217 1346 2361 1417 quod
2398 1359 2560 1400 nemo
2589 1343 2656 1398 ad
2697 1357 2798 1398 nos
2831 1341 3022 1396 crebro
3066 1339 3330 1409 accedat(
3379 1352 3500 1392 nam
3557 1344 3612 1390 et

2001 1439 2186 1511 oppidi
2228 1439 2455 1509 hujusce
2505 1436 2783 1503 solitudo,
2834 1445 2890 1491 et
2935 1435 3202 1490 latronum
3257 1444 3434 1487 metus
3488 1444 3610 1484 eam

1999 1549 2223 1605 augens,
2248 1547 2312 1588 ac
2338 1531 2572 1603 denique
2610 1531 2734 1586 anni
2765 1539 2976 1600 tempus
3003 1529 3193 1582 itinera
3219 1523 3606 1588 intercludens,

2000 1627 2265 1682 Cucusum
2290 1625 2435 1679 omni
2467 1640 2534 1680 ex
2561 1635 2710 1693 parte
2737 1622 2934 1676 inviam
2957 1618 3397 1693 reddit),quoties
3434 1613 3610 1669 tabel-

1999 1719 2192 1774 larium
2222 1717 2602 1783 nanciscimur,
2632 1714 2912 1786 cupiditati
2963 1721 3164 1768 nostrte
3211 1708 3606 1773 satisfacimus,

2002 1812 2056 1865 in
2088 1810 2192 1866 hoc
2214 1810 2422 1865 scilicet
2445 1807 2725 1877 nobisipsi
2751 1821 2911 1878 quam
2927 1803 3297 1875 gratissimum
3325 1799 3606 1856 facientes.

2000 1903 2155 1973 Quod
2179 1903 2396 1975 quidem
2434 1917 2579 1957 nunc
2605 1902 2768 1957 etiam
2794 1915 2889 1970 per
2901 1897 3335 1969 religiosissimos
3359 1893 3609 1949 dominos

2002 2011 2156 2052 meos
2178 1996 2524 2067 presbyteros
2553 1993 2797 2060 facimus,
2824 1991 3082 2047 nimirum
3125 1999 3180 2044 et
3216 1987 3458 2043 debitum
3491 1985 3608 2054 pie-

2003 2091 2096 2145 tati
2127 2099 2230 2145 tuze
2256 2087 2593 2144 salutationis
2617 2100 2815 2142 munus
2835 2084 3228 2155 persolventes,
3250 2092 3304 2136 et
3332 2091 3384 2135 te
3409 2094 3607 2150 rogan-

2003 2194 2086 2240 tes
2109 2225 2125 2250 ,
2157 2193 2235 2251 ut,
2263 2183 2480 2252 quoties
2503 2180 2729 2242 facultas
2758 2177 2996 2244 dabitur,
3032 2184 3088 2230 tu
3131 2188 3345 2244 quoque
3392 2170 3459 2225 ad
3510 2183 3610 2224 nos

2001 2273 2309 2342 scribas,ac
2335 2287 2442 2342 quo
2465 2281 2607 2326 statu
2627 2267 2884 2324 valetudo
2919 2277 3006 2321 tua
3033 2265 3124 2330 sit,
3145 2276 3406 2328 exponas.
3423 2258 3611 2330 Neque

2003 2367 2150 2423 enim
2200 2374 2254 2421 te
2291 2362 2458 2435 fugit,
2492 2359 2946 2418 reverendissime
2973 2372 3038 2412 ac
3083 2353 3495 2426 religiosissime
3522 2351 3608 2404 do-

2002 2460 2168 2524 mine,
2201 2469 2406 2529 quanto
2427 2469 2643 2526 semper
2668 2453 2825 2510 nobis
2863 2449 3042 2506 studio
3067 2459 3230 2520 atque
3257 2461 3402 2502 cura:
3444 2445 3516 2500 sit
3542 2444 3610 2498 de

2003 2568 2065 2609 ea
2091 2552 2293 2621 aliquid
2316 2550 2636 2620 intelligere.
2667 2545 2925 2616 Quamvis
2947 2543 3091 2600 enim
3114 2541 3182 2596 ad
3212 2547 3487 2595 extremos
3519 2550 3612 2591 us-

2003 2660 2107 2716 que
2130 2643 2277 2698 orbis
2318 2641 2490 2698 nostri
2531 2641 2666 2694 fiues
2695 2638 2889 2695 remoti
2933 2636 3102 2692 simus
3121 2676 3137 2701 ,
3168 2641 3349 2688 tamen
3383 2643 3526 2685 vera
3556 2639 3611 2683 et

2004 2735 2266 2802 ardentis,
2297 2749 2363 2788 ac
2407 2734 2635 2788 sincerae
2660 2771 2676 2798 ,
2730 2735 2892 2798 atque
2944 2727 3015 2782 ab
3059 2725 3206 2780 omni
3239 2723 3362 2779 fuco
3418 2720 3610 2776 alienae

2004 2826 2244 2884 caritatis
2310 2833 2416 2879 tua:
2467 2822 2714 2879 oblivisci
2769 2819 2992 2874 minime
3040 2830 3329 2887 possumus
3357 2854 3374 2881 ,
3422 2827 3610 2867 verum

2002 2932 2366 2993 quascumque
2402 2917 2456 2970 in
2508 2924 2682 2970 terras
2730 2911 3122 2976 abscedamus,
3155 2923 3276 2964 eam
3329 2905 3610 2961 nobiscum

2003 3012 2467 3079 circumferimus,
2517 3003 2921 3076 maximumque
2970 3003 3095 3058 hinc
3141 3000 3390 3057 solatium
3435 2997 3613 3068 perci-

2003 3106 2201 3178 pimus.

2107 3194 2326 3253 XXVI.
2359 3193 2551 3266 Magno
2580 3192 2839 3262 episcopo.
2871 3188 2892 3264 (
2916 3188 3128 3244 Cucuso
3155 3184 3489 3255 anno-Idl.)

2082 3290 2197 3347 Etsi
2245 3287 2422 3344 nullas
2471 3285 2571 3340 abs
2619 3293 2673 3340 te
2720 3284 2907 3339 literas
2951 3279 3280 3350 accepimus,
3303 3277 3462 3345 idque
3489 3289 3613 3330 cum

2004 3381 2206 3438 domini
2236 3379 2340 3434 mei
2372 3376 2678 3448 presbyteri
2705 3376 2812 3428 huc
2836 3371 3133 3435 venissent,
3157 3385 3255 3423 nos
3287 3379 3488 3431 tamen,
3515 3379 3610 3419 ve-

2004 3476 2137 3532 teris
2163 3473 2410 3528 amicitite
2454 3482 2726 3525 memores
2747 3508 2762 3533 ,
2793 3475 2906 3522 tum
2935 3478 3146 3520 morum
3185 3471 3401 3517 tuorum
3427 3460 3578 3513 suavi
3603 3490 3613 3499 -

2007 3576 2170 3624 tatem
2191 3565 2460 3636 animique
2500 3558 2869 3617 fortitudinem
2899 3554 3256 3616 admirantes,
3289 3567 3354 3607 ac
3395 3563 3618 3621 pl‘.l‘,tt'l‘-

2005 3675 2067 3716 ea
2098 3674 2224 3715 eum
2255 3671 2380 3728 erga
2435 3669 2537 3710 nos
2571 3666 2836 3718 amorem,
2867 3663 3030 3720 quem
3061 3660 3277 3715 semper
3301 3660 3416 3716 pra:
3444 3657 3496 3697 te
3528 3653 3614 3696 tu-

2005 3751 2114 3806 listi
2139 3792 2153 3816 ,
2179 3756 2520 3821 perspectum
2568 3743 2848 3805 habentes,
2883 3741 3093 3810 priores
3120 3737 3188 3792 ad
3217 3745 3268 3792 te
3291 3735 3577 3791 scribimus
3597 3773 3613 3798 ,

2004 3851 2066 3899 ut
2111 3851 2168 3898 et
2201 3840 2296 3896 tibi
2342 3839 2415 3894 ob
2461 3852 2583 3893 eam
2613 3832 3086 3898 benevolentiam,
3124 3845 3286 3901 quam
3337 3843 3461 3899 erga
3516 3842 3616 3881 nos

2006 3933 2288 3992 ostendisti
2330 3934 2348 4003 (
2379 3945 2557 4002 neque
2585 3928 2728 3985 enim
2759 3941 2881 3991 nos,
2912 3933 3063 3980 tanto
3086 3923 3216 3978 licet
3241 3922 3336 3977 abs
3365 3929 3416 3976 te
3444 3921 3616 3975 inter-

2009 4025 2153 4083 vallo
2179 4025 2480 4095 disjunctos
2505 4063 2520 4090 ,
2578 4020 2683 4075 hoc
2720 4015 2925 4089 fugit),
2976 4015 3178 4086 gratias
3217 4029 3438 4084 agamus
3482 4021 3536 4066 et
3565 4020 3618 4066 te

2009 4133 2252 4185 oremus,
2275 4124 2336 4172 ut
2360 4115 2572 4186 quoties
2592 4111 2808 4167 occasio
2829 4109 3064 4174 dabitur,
3092 4106 3404 4177 frequenter
3424 4105 3491 4158 ad
3520 4119 3619 4159 nos

2010 4210 2221 4265 scribas
2247 4249 2263 4276 ,
2307 4207 2482 4277 deque
2519 4202 2843 4259 valetudinis
2878 4213 3003 4255 tuae-
3026 4208 3167 4253 statu
3208 4197 3470 4253 certiores
3518 4211 3617 4251 nos

2009 4302 2195 4357 facias.
2223 4299 2358 4355 Nam
2388 4313 2512 4354 cum
2543 4312 2661 4363 eos,
2694 4312 2726 4352 a
2756 4295 2950 4367 quibus
2968 4294 3320 4348 vehementer
3350 4304 3615 4352 amamur,

2008 4396 2208 4469 quique
2244 4403 2466 4450 strenuo
2509 4399 2672 4462 atque
2701 4399 2908 4446 attento
2951 4402 3016 4442 ac
3058 4385 3300 4458 vigilanti
3349 4384 3532 4438 animo
3565 4384 3618 4437 in

2011 4489 2380 4546 Ecclesiarum
2423 4500 2612 4542 curam
2643 4483 2975 4545 incumbant,
3017 4493 3180 4535 sanos
3223 4487 3280 4535 et
3320 4475 3621 4532 incolumes

2009 4597 2134 4639 esse
2159 4580 2442 4646 audimus,
2472 4593 2584 4633 non
2624 4591 2844 4648 parvam
2877 4590 2945 4629 ex
2974 4588 3039 4628 ea
3084 4587 3145 4628 re
3191 4568 3624 4627 consolationem

2009 4676 2272 4748 capimus.
2298 4674 2425 4729 Haec
2452 4672 2615 4744 igitur
2653 4686 2774 4727 cum
2805 4669 2952 4724 scias
2970 4709 2986 4734 ,
3015 4667 3235 4722 domine
3259 4665 3332 4720 mi
3361 4678 3587 4720 reveren

2009 4770 2234 4826 dissime
2259 4783 2324 4825 ac
2366 4765 2796 4838 religiosissime,
2820 4778 2890 4819 ne
2933 4770 2988 4818 te
3010 4803 3026 4829 ,
3050 4775 3268 4832 quaeso,
3301 4757 3420 4815 haec
3464 4756 3624 4813 nobis

2009 4878 2174 4934 quam
2224 4859 2524 4932 saepissime
2567 4874 2666 4930 per
2703 4857 2888 4912 literas
2926 4855 3232 4926 significare
3260 4843 3482 4924 "pigeat.
3530 4850 3622 4906 Sic

2011 4958 2156 5013 enim
2203 4957 2296 5011 fiet
2323 4965 2403 5020 ut,
2435 4951 2647 5011 etiamsi
2676 4951 2745 5007 ad
2777 4951 2995 5006 ultimas
3018 4963 3189 5019 usque
3219 4955 3393 5002 terras
3418 4945 3621 5000 aveha-

2011 5066 2171 5116 mur,
2201 5049 2329 5104 dum
2359 5059 2540 5104 tamen
2589 5043 2899 5116 huiusmodi
2941 5040 3242 5098 consolatio
3280 5039 3436 5095 nobis
3485 5051 3619 5093 con-

2013 5145 2248 5200 tinenter
2305 5147 2590 5213 suppetat,
2648 5137 2923 5209 ingentem
2993 5133 3249 5192 mmroris
3295 5130 3619 5187 levationem

2011 5235 2329 5293 sentiamus.

2118 5324 2372 5382 XXVII.
2401 5323 2604 5380 Damno
2623 5324 2886 5395 episcOpo.
2917 5318 3150 5392 (Cucuso
3171 5331 3314 5372 anno
3339 5315 3494 5386 404.)

2083 5419 2304 5489 Magnas
2334 5418 2518 5488 pietati
2547 5427 2674 5482 tum,
2701 5412 3153 5471 reverendissime
3188 5410 3408 5466 domine
3429 5449 3444 5476 ,
3494 5421 3622 5478 gra-

2014 5513 2116 5567 tias
2165 5511 2362 5577 habeo,
2393 5520 2504 5566 tum
2538 5509 2682 5581 quod
2710 5506 3072 5563 venerabilem
3113 5504 3485 5575 presbyterum
3538 5502 3622 5554 vi-

2014 5603 2169 5659 sendi
2198 5603 2369 5659 nostri
2399 5617 2562 5657 causa
2595 5602 2828 5667 miseris,
2861 5609 2971 5654 tum
2999 5598 3142 5669 quod
3167 5596 3236 5653 ad
3269 5610 3367 5652 nos
3389 5595 3599 5664 scripse

2013 5696 2108 5752 ris.
2140 5695 2272 5750 Nam
2301 5705 2589 5765 utrumque
2631 5695 2858 5750 sincerae
2885 5691 3146 5758 caritatis,
3179 5698 3342 5761 atque
3378 5686 3620 5743 ardentis

2020 5788 2413 5845 benevolentia:
2456 5795 2835 5858 argumentum
2858 5795 2960 5844 est.
2995 5783 3122 5842 ldco
3151 5784 3314 5842 etiam
3346 5783 3400 5842 in
3424 5780 3617 5840 solitu-
