4078 6446
489 308 593 364 (³27

480 427 605 483 dine
645 424 920 492 degentes,
958 431 1226 494 Ingentem
1261 420 1386 477 hinc
1428 421 1849 477 consolationem
1881 420 2058 476 hausi-

484 533 621 572 mus.
651 516 921 588 Siquidem
943 529 972 567 a
1005 513 1162 568 tantis
1185 513 1318 568 viris
1343 521 1450 567 tam
1475 513 1716 582 impense
1736 512 1922 580 amari,
1951 527 2059 568 non

490 608 662 663 lcvcm
695 607 780 674 iis,
811 606 900 677 qui
924 614 1189 671 amantur,
1213 604 1634 660 consolationem
1659 603 1832 661 aﬂ‘ert.
1865 605 1942 660 Ac
1964 618 2060 660 cu-

486 712 667 768 perem
707 694 920 767 quidem
982 705 1077 750 tuo
1133 709 1346 765 quoque
1397 703 1620 766 aspectu
1668 709 2062 766 congressuque

486 788 908 856 suavissimaque
960 786 1331 842 benevolentia
1386 795 1476 841 tua
1515 785 1751 841 animum
1799 795 2060 842 saturare.

489 880 750 948 Quoniam
777 887 954 934 autem
985 877 1038 933 id
1067 879 1286 934 minime
1319 877 1442 934 licet
1480 878 1499 948 (
1533 893 1656 932 nam
1679 893 1852 948 neque
1879 877 1930 932 id
1961 893 2062 932 no-

488 972 569 1028 bis
613 971 950 1039 conceditur,
971 985 1082 1029 nec,
1102 971 1197 1027 tibi
1224 972 1351 1026 item
1373 971 1443 1026 ob
1471 969 1729 1026 Ecclesiae
1775 970 1927 1025 istius
1965 984 2064 1026 cu-

489 1079 604 1118 ram
622 1103 641 1132 ,
667 1063 753 1119 cui
781 1079 973 1134 praees,
1009 1061 1166 1118 facile
1191 1060 1319 1135 est),
1345 1060 1412 1116 ad
1441 1060 1729 1116 secundam
1768 1060 2064 1131 navigatio-

499 1168 622 1208 nem
653 1152 955 1210 necessario
982 1153 1258 1218 venimus,
1306 1167 1498 1223 nempe
1545 1162 1604 1206 ut
1643 1151 2066 1208 consolationem

487 1258 632 1312 eam,
669 1257 826 1315 quam
867 1242 1108 1313 epistolae
1139 1241 1366 1298 aderunt
1389 1284 1404 1309 ,
1451 1243 1605 1298 nobis
1650 1241 1779 1312 ipsis
1814 1242 2069 1298 adhibea-

490 1349 630 1389 mus.
657 1335 838 1406 Neque
866 1335 1010 1390 enim
1035 1334 1104 1390 ad
1141 1349 1328 1391 eorum
1367 1335 1578 1391 animos
1595 1376 1611 1402 ,
1637 1335 1728 1405 qui
1752 1335 2068 1406 corporibus

489 1427 741 1494 disjuncti
785 1435 952 1494 sunt,
983 1425 1340 1484 consolandos
1377 1443 1565 1498 parum
1605 1429 1861 1484 momenti
1908 1429 2072 1486 habet

491 1518 736 1590 epistola,
763 1521 968 1575 sincera
991 1519 1214 1576 caritate
1236 1520 1467 1590 perfusa.
1495 1520 1848 1590 Quamobrem
1876 1531 1935 1577 ut
1972 1523 2073 1580 hac

491 1610 854 1665 Consolatione
882 1625 1043 1681 quam
1083 1611 1380 1681 saepissime
1421 1599 1680 1681 fruamur,
1711 1615 1920 1683 quoties
1938 1614 2069 1670 lice-

497 1701 593 1768 bit,
620 1717 682 1757 ac
710 1702 825 1758 fieri
853 1703 1064 1772 poterit,
1097 1703 1165 1759 de
1187 1704 1504 1760 valetudinis
1544 1714 1648 1760 tuae
1682 1713 1823 1762 statu
1862 1706 1930 1762 ad
1973 1722 2072 1763 nos

495 1792 734 1848 scribere
758 1809 824 1848 ne
852 1793 1116 1865 graveris.
1154 1793 1427 1866 Siquidem
1454 1796 1741 1851 amicitiam
1785 1807 1928 1852 tuam
1954 1812 2073 1852 am-

496 1885 790 1956 plissimum
820 1888 1125 1944 thesaurum
1152 1928 1167 1953 ,
1195 1897 1252 1944 et
1296 1888 1559 1944 bonorum
1586 1891 1890 1960 congeriem
1927 1890 2074 1946 omni

497 1976 760 2031 sermonis
789 1977 1035 2033 facultate
1059 1977 1423 2034 sublimiorem
1449 1978 1712 2035 ducimus.
1755 1981 1834 2034 Ac
1857 1981 1901 2034 si
1926 1980 2072 2049 ejus-

496 2064 639 2120 modi
693 2066 872 2121 literas
915 2066 1140 2124 subinde
1177 2070 1520 2139 accipiamus,
1547 2078 1751 2125 tantum
1778 2087 1843 2126 ex
1870 2071 1954 2126 bis
1984 2086 2076 2127 vo-

497 2155 712 2224 luptatis
748 2160 1015 2228 capiemus
1041 2199 1058 2226 ,
1108 2169 1166 2214 ut
1211 2175 1280 2216 ne
1316 2160 1655 2218 solitudinem
1680 2161 1892 2233 quidem
1919 2163 2073 2218 istam

495 2247 806 2302 sentiamus.

558 2336 663 2391 XX
680 2337 748 2392 γι
756 2338 782 2391 1
793 2338 819 2392 1
827 2380 840 2394 .
871 2338 1062 2396 Basilio
1088 2344 1395 2414 presbytero.
1419 2343 1599 2416 (Anno
1627 2344 1837 2401 circiter
1854 2343 2005 2415 404.)

579 2428 690 2482 Etsi
728 2429 882 2483 nobis
910 2441 1198 2500 conspectu
1229 2442 1317 2488 tuo
1346 2443 1508 2503 atque
1532 2449 1823 2505 congressu
1853 2435 1952 2490 frui
1981 2436 2078 2489 mi-

501 2518 643 2572 nime
664 2519 905 2588 contigit,
930 2529 1105 2577 tamen
1128 2537 1247 2576 cum
1275 2522 1342 2578 de
1368 2534 1453 2578 tua
1483 2526 1676 2580 virtute
1701 2526 1767 2580 ad
1795 2541 1891 2581 nos
1921 2526 2080 2582 aifcr-

503 2616 606 2672 tur,
644 2622 707 2662 ac
747 2609 861 2663 zelo
883 2625 969 2676 eo,
1000 2627 1107 2682 quo
1135 2611 1389 2669 adversus
1413 2615 1635 2685 gentiles
1663 2617 1854 2688 flagras
1875 2659 1891 2684 ,
1938 2619 2081 2688 ipso-

502 2715 619 2754 rum
644 2717 881 2757 errorem
909 2717 1152 2759 evertens
1175 2745 1192 2772 ,
1218 2720 1416 2776 eosque
1450 2709 1593 2764 velut
1634 2718 1878 2779 porrecta
1920 2727 2080 2767 manu

503 2789 569 2842 ad
626 2793 903 2847 veritatem
965 2793 1202 2862 ducens,
1261 2811 1365 2852 non
1422 2813 1577 2854 secus
1619 2814 1681 2853 ac
1731 2800 1776 2854 si
1828 2801 2076 2866 adesses,

507 2888 788 2952 tecumque
827 2883 1134 2940 diuturnum
1173 2902 1326 2942 usum
1374 2904 1439 2944 ac
1478 2890 1600 2945 vita:
1641 2892 2079 2949 consuetudinem

507 2974 895 3042 habuissemus,
919 2979 1122 3034 honore
1147 2995 1209 3036 ac
1225 2982 1565 3039 veneratione
1584 2992 1635 3039 te
1653 2985 2078 3054 complectimur.

511 3066 688 3136 linque
714 3067 780 3122 de
807 3083 966 3122 causa
987 3070 1190 3140 priores
1219 3071 1286 3126 ad
1317 3082 1369 3127 te
1397 3073 1730 3143 scripsimus,
1759 3076 1829 3131 ob
1857 3092 1939 3141 ea,
1961 3093 2082 3147 qua:

505 3173 625 3212 cum
648 3159 802 3215 laude
828 3161 991 3230 geris,
1022 3162 1238 3218 beatum
1274 3173 1324 3218 te
1345 3165 1699 3234 praedicantes
1721 3177 1880 3238 atque
1908 3169 2080 3223 admi-

506 3258 706 3315 rantes,
737 3267 800 3306 ac
838 3254 1184 3322 postulantes,
1212 3264 1268 3309 ut
1313 3257 1427 3327 ipse
1467 3273 1678 3328 quoque
1716 3260 1784 3314 ad
1813 3275 1930 3328 nos,
1959 3277 2082 3316 cum

509 3341 711 3406 licebit,
755 3345 976 3399 scribas.
1026 3344 1156 3400 Nam
1182 3347 1283 3401 etsi
1311 3361 1535 3418 corpore
1571 3363 1602 3404 a
1629 3360 1680 3404 te
1715 3349 1964 3419 disjuncti
1994 3369 2082 3407 su-

509 3448 628 3488 mus
654 3473 669 3499 ,
709 3434 943 3490 caritatis
977 3445 1152 3493 tamen
1185 3438 1409 3493 vinculis
1453 3449 1630 3494 tecum
1678 3441 2080 3514 adstringimur,

508 3527 760 3595 pietatem
791 3535 933 3582 tuam
966 3529 1241 3585 nobiscum
1270 3542 1597 3601 reputantes.
1622 3533 1748 3589 Haec
1773 3536 1932 3606 igitur
1960 3551 2080 3591 cum

510 3619 672 3684 scias,
705 3619 862 3674 velim
890 3619 955 3675 ad
984 3635 1081 3676 nos
1116 3622 1343 3678 subinde
1374 3624 1611 3682 scribere
1638 3634 1858 3697 etgesta
1882 3636 1970 3683 tua
2000 3645 2085 3684 re-

513 3709 653 3764 fcrre
708 3728 776 3766 ne
815 3713 1056 3782 graveris
1088 3729 1103 3768 :
1131 3729 1238 3784 quo
1262 3755 1278 3780 ,
1318 3716 1477 3772 etiam
1511 3716 1564 3772 in
1612 3718 1895 3775 solitudine
1939 3736 2086 3776 com-

513 3813 782 3860 nmrantes
811 3847 824 3868 ,
871 3806 1137 3876 ingentem
1187 3807 1312 3863 hinc
1339 3810 1760 3867 consolationem
1791 3814 2081 3882 capiamus.

511 3894 724 3950 XXIX.
750 3895 1023 3951 Chalcidice
1047 3908 1093 3952 et
1123 3899 1442 3970 Asyncritiae.
1472 3903 1489 3969 (
1517 3901 1725 3957 Cucuso
1754 3919 1892 3959 anno
1913 3905 2063 3974 405.)

587 3988 740 4042 Parvi
767 3989 1012 4052 facienda:
1030 3992 1314 4061 sunthujus
1337 3993 1450 4047 uiue
1477 3995 1719 4048 molestia:
1739 4013 1757 4061 ;
1781 3996 1926 4061 nihil,
1954 4013 2087 4066 pra:-

513 4090 586 4133 lcr
627 4092 904 4149 peccatum,
933 4099 1043 4135 vere
1071 4084 1336 4138 molestum
1365 4095 1456 4138 est.
1480 4116 1553 4128 —
1591 4087 1731 4142 Nihil
1778 4103 1842 4142 ex
1870 4087 1950 4142 liis
1977 4105 2091 4142 mo-

513 4173 712 4239 lestiis,
760 4187 891 4242 quas
921 4175 1135 4228 evenire
1181 4176 1480 4245 perSpicitis
1506 4192 1601 4232 vos
1638 4179 1910 4247 perturbet
1948 4196 1961 4233 :
1992 4195 2090 4234 nec

513 4263 662 4318 densi
715 4264 1043 4333 negotiorum
1104 4264 1294 4320 ﬂuctus
1338 4269 1528 4322 animis
1571 4270 1762 4323 vestris
1807 4271 2088 4324 tumultum

513 4352 757 4408 afferant.
790 4355 1058 4424 Ejusmodi
1084 4358 1224 4411 enim
1253 4367 1334 4412 est
1359 4371 1504 4413 arcta
1536 4360 1618 4413 illa
1647 4369 1701 4414 et
1738 4373 1957 4431 angusta
1981 4365 2087 4428 via,

513 4446 818 4515 complures
845 4447 1181 4504 difficultates
1212 4465 1275 4505 ac
1303 4451 1500 4505 multos
1538 4451 1758 4507 sudores
1802 4463 1854 4508 et
1884 4455 2091 4509 labores

514 4537 736 4592 habens.
769 4537 966 4592 Verum
996 4538 1110 4593 hzec
1135 4538 1326 4606 iluunt,
1359 4549 1516 4610 atque
1543 4557 1649 4596 una
1694 4558 1814 4597 cum
1862 4544 1960 4598 hac
1986 4549 2089 4599 vita

511 4629 938 4697 exstinguuntur.
970 4628 1100 4683 Nam
1123 4629 1330 4685 etiamsi
1372 4640 1518 4685 arcta
1550 4632 1629 4685 via
1673 4642 1775 4698 est,
1806 4634 1887 4686 via
1914 4642 2089 4687 tamen

510 4729 592 4772 cst
627 4736 638 4770 :
670 4727 726 4773 ut
764 4721 979 4790 praemia
1012 4720 1122 4787 illa,
1152 4735 1270 4790 quae
1295 4720 1332 4775 ii
1363 4722 1451 4791 qui
1477 4721 1687 4790 placido
1713 4737 1775 4777 ac
1823 4723 1946 4777 forti
1973 4725 2091 4777 ani-

520 4825 608 4866 mo
641 4811 756 4865 luec
782 4810 960 4866 ferunt
990 4810 1378 4881 adipiscuntur,
1411 4823 1665 4883 perpetua
1687 4824 1742 4869 et
1771 4815 2089 4869 immortalia

517 4911 661 4966 sunt,
695 4903 1080 4973 sudoribusque
1129 4904 1287 4975 longe
1324 4907 1547 4976 majora.
1577 4907 1932 4973 Quamobrem
1979 4920 2088 4964 tum

511 4994 830 5048 calamitatis
859 4994 1195 5065 fragilitatem
1239 5012 1303 5051 ac
1331 4997 1674 5066 brevitatem,
1708 5009 1820 5056 tum
1846 5003 2091 5070 praemio-

513 5101 629 5139 rum
657 5087 1058 5156 perpetuitatem
1087 5099 1244 5158 atque
1272 5089 1721 5144 immortalitatem
1755 5094 2090 5150 animadver-

515 5187 707 5244 tentes,
747 5177 871 5232 date
920 5193 1135 5247 cperam
1166 5221 1182 5247 ,
1215 5188 1272 5234 ut
1301 5181 1480 5235 omnia
1521 5195 1786 5251 generoso
1809 5185 1987 5238 animo
2015 5185 2092 5239 fe-

514 5269 665 5334 ratis,
714 5283 815 5324 nec
842 5271 1208 5336 committatis,
1255 5281 1314 5327 ut
1358 5273 1471 5327 ullo
1522 5289 1701 5328 rerum
1749 5275 2090 5331 adversarum

514 5372 708 5416 eventu
749 5363 1149 5431 perturbcmini.
1179 5363 1296 5420 Una
1334 5366 1476 5419 enim
1518 5381 1606 5420 res
1636 5367 1857 5422 molesta
1901 5383 2092 5436 pecca-

515 5461 628 5505 tum
654 5460 739 5506 est
765 5470 777 5505 :
817 5462 1010 5507 caetera
1043 5455 1218 5509 omnia
1245 5497 1260 5520 ,
1306 5454 1408 5510 hoc
1432 5465 1532 5521 est,
1566 5458 1754 5512 exsilia
1783 5499 1797 5523 ,
1828 5458 2088 5513 bonormn

518 5545 954 5616 proscriptiones,
1007 5547 1380 5618 relegationes,
1410 5549 1650 5618 insidiae,
1697 5561 1993 5621 cunctaque
2041 5554 2090 5606 id

516 5651 683 5707 genus
711 5637 815 5690 alia
837 5678 852 5701 ,
880 5637 1063 5691 umbra
1093 5628 1351 5708 quaedam,
1375 5648 1429 5695 et
1452 5638 1719 5708 fumus,et
1749 5658 1957 5698 aranea:
1989 5644 2090 5699 tela

517 5737 734 5796 sunt,ct
761 5728 806 5784 si
835 5728 961 5800 quid
987 5729 1127 5785 aliud
1151 5729 1233 5786 his
1263 5730 1417 5789 vilius
1448 5748 1564 5790 esse
1595 5745 1786 5806 potest.
1806 5734 2088 5805 Quocirca,

1237 303 1298 363 S.
1333 302 1612 364 JUANNIS
1647 300 2119 360 CHRYSOSTOMI
2155 303 2473 362 ARCHIEP.
2517 303 3056 364 CONSTANTINOP.

3652 308 3763 366 628

2169 428 2228 474 ut
2252 419 2478 474 antehac
2516 432 2732 489 quoque
2769 418 2952 474 multis
3000 417 3381 476 tentationlbus
3427 419 3762 492 perferendis

2169 521 2429 579 assuetae,
2483 528 2626 568 nunc
2664 528 2879 585 quoque
2904 553 2919 579 ,
2947 528 3106 582 quam
3159 529 3256 584 par
3304 523 3410 580 est,
3447 515 3763 584 patientiam

2171 613 2440 672 praestate.
2490 602 2764 674 Siquidem
2827 617 2892 658 ea
2938 603 3076 658 hanc
3125 603 3233 658 vim
3275 603 3519 659 habitura
3552 613 3659 671 est,
3706 613 3764 659 ut

2169 708 2266 749 vos
2301 696 2354 748 in
2398 709 2590 764 magna
2615 695 2907 750 securitate
2939 709 3002 751 ac
3025 694 3409 764 tranquillitate
3448 697 3765 759 constituat,

2172 785 2678 856 praestantioresque
2717 785 2937 842 efficiat.
2965 786 3045 841 Ac
3085 785 3131 840 si
3170 800 3306 856 quos
3353 785 3764 850 nanciscamini,

2172 875 2263 945 qui
2283 874 2354 930 ob
2382 890 2477 930 sua
2507 876 2719 947 negotia
2749 875 2856 932 huc
2896 875 3136 938 veniant,
3163 875 3231 932 de
3255 885 3435 931 vestra
3456 874 3771 932 valetudine

2173 967 2241 1022 ad
2289 981 2388 1022 nos
2440 967 2632 1023 crebro
2677 967 2861 1023 literas
2889 966 3034 1024 date.
3065 965 3231 1022 Scitis
3255 967 3402 1022 enim
3430 974 3773 1037 quantopere

2175 1059 2293 1129 ejus
2336 1059 2564 1114 studiosi
2610 1066 2801 1128 simus,
2832 1074 3101 1132 quamque
3120 1059 3317 1116 crebro
3345 1059 3415 1116 de
3456 1075 3521 1116 ea
3562 1057 3770 1130 aliquid

2173 1153 2358 1207 audire
2377 1153 2674 1219 cupiamus.

2313 1241 2491 1298 XXX.
2526 1243 2734 1300 Heartio
2759 1245 3012 1315 episcopo.
3045 1243 3280 1315 (Cucuso
3305 1259 3449 1298 anno
3471 1242 3626 1314 ωι.)

2247 1335 2510 1406 Equidem
2549 1337 2664 1406 ipse
2705 1335 2892 1392 literas
2915 1337 3100 1402 etiam,
3128 1334 3323 1406 quibus
3348 1349 3437 1390 me
3460 1334 3530 1390 de
3555 1342 3647 1390 tua
3675 1347 3748 1387 va

2179 1426 2418 1482 letudine
2457 1427 2740 1482 certiorem
2786 1427 3012 1495 faceres,
3034 1427 3281 1496 accipere
3319 1424 3624 1494 cupiebam.
3649 1423 3775 1480 Scis

2177 1520 2342 1584 enim,
2391 1519 2847 1574 reverendissime
2897 1518 3134 1583 domine,
3174 1531 3282 1588 quo
3325 1531 3542 1586 semper
3587 1515 3776 1569 animo

2179 1628 2301 1682 erga
2336 1621 2386 1667 te
2430 1611 2640 1668 fuerim.
2688 1612 2880 1667 Verum
2922 1610 3174 1681 quoniam
3221 1610 3325 1664 hoc
3365 1607 3770 1664 tabellariorum

2178 1704 2396 1774 penuria
2428 1704 2577 1759 vobis
2599 1693 2840 1759 fortassis
2880 1704 3095 1775 eripuit,
3127 1703 3326 1758 idcirco
3368 1702 3483 1772 ipse
3501 1700 3773 1764 homines,

2179 1796 2267 1867 qui
2297 1790 2459 1850 ad'te
2502 1794 2931 1866 proficiscantur,
2979 1803 3187 1860 nactus,
3241 1793 3410 1849 literis
3444 1802 3498 1848 te
3541 1793 3771 1856 lacesso,

2181 1897 2338 1958 teque
2375 1902 2507 1958 rogo
2539 1896 2595 1942 et
2633 1887 2882 1951 obsecro,
2924 1895 2982 1941 ut
3019 1887 3228 1958 quoties
3269 1885 3494 1941 facultas
3533 1884 3772 1946 dabitur,

2180 1980 2296 2049 ipse
2321 1993 2535 2049 quoque
2558 1977 2626 2033 ad
2652 1993 2752 2033 nos
2787 1993 2944 2048 quam
2973 1979 3266 2048 saepissime
3309 1976 3534 2040 scribas,
3562 1989 3780 2044 quaque

2183 2071 2486 2127 valetudine
2525 2071 2621 2137 sis,
2655 2085 2914 2140 exponas.
2961 2071 3292 2142 Quamquam
3335 2069 3479 2123 enim
3508 2069 3561 2123 in
3592 2069 3780 2122 descr-

2182 2164 2388 2218 tissimo
2432 2162 2579 2218 orbis
2619 2162 2738 2218 loco
2781 2161 3117 2226 habitamus,
3165 2175 3229 2215 ac
3274 2159 3588 2230 pnudonum
3630 2167 3777 2212 metu

2182 2253 2514 2319 obsidemur,
2543 2252 2866 2322 multasque,
2887 2259 2944 2306 ut
2972 2251 3026 2306 in
3049 2259 3270 2306 externa
3296 2251 3531 2319 regione,
3562 2259 3778 2319 tamque

2183 2352 2332 2398 vasta
2379 2343 2684 2411 solitudine,
2730 2342 3061 2396 calamitates
3107 2341 3437 2411 perpetimur
3469 2356 3484 2394 :
3518 2351 3694 2394 tamen
3733 2341 3778 2393 si

2183 2435 2494 2507 frequentes
2519 2451 2547 2489 a
2574 2445 2646 2503 te,
2672 2435 2756 2490 cui
2786 2433 3047 2490 carissimi
3087 2449 3290 2498 sumus,
3324 2433 3503 2486 literas
3547 2430 3782 2499 accipia-

2189 2535 2329 2594 mus,
2354 2543 2472 2596 qua:
2504 2541 2602 2581 nos
2627 2525 2696 2582 de
2726 2535 2814 2580 tua
2843 2524 3146 2580 valetudine
3168 2524 3425 2580 certiores
3455 2521 3672 2586 faciant,
3702 2522 3783 2576 in-

2196 2629 2406 2690 gentem
2435 2618 2580 2682 hinc,
2619 2626 2697 2674 tot
2723 2617 2849 2672 licet
2872 2615 3259 2671 calamitatibus
3283 2615 3547 2685 oppressi,
3587 2627 3782 2668 conso—

2191 2711 2445 2764 lationem
2504 2709 2796 2778 capiemus.
2847 2706 3054 2773 Quanta
3098 2707 3240 2761 enim
3297 2704 3536 2760 caritatis
3590 2703 3673 2756 vis
3713 2701 3783 2757 sit

2189 2802 2521 2872 exploratum
2551 2800 2735 2865 habes,
2763 2798 3012 2870 quodque
3036 2811 3143 2851 non
3172 2796 3465 2851 amicorum
3503 2793 3784 2848 dumtaxat

2187 2894 2491 2966 praesentia,
2518 2891 2611 2946 sed
2638 2891 2798 2946 etiam
2823 2891 2994 2946 litera:
3021 2889 3212 2958 ingens
3237 2887 3482 2942 solatium
3527 2884 3781 2940 afferant.

2187 2989 2317 3054 Quae
2361 3002 2482 3040 cum
2528 2985 2598 3039 ita
2637 2985 2762 3049 sint,
2793 2984 2896 3047 fac,
2919 2996 3120 3052 quaeso,
3150 2980 3288 3033 hanc
3334 2977 3488 3032 nobis
3529 2976 3785 3043 volupta-

2189 3089 2296 3134 tem
2323 3075 2655 3146 frequentius
2695 3074 2992 3143 impertias,
3023 3072 3090 3126 de
3114 3069 3418 3124 valetudine
3443 3077 3551 3131 tua,
3583 3065 3653 3120 dc
3679 3080 3784 3133 qtta

2187 3172 2524 3239 potissimum
2573 3166 2770 3237 aliquid
2819 3165 3006 3222 audire
3044 3164 3324 3234 cupimus,
3376 3161 3638 3216 certiores
3687 3172 3788 3211 nos

2187 3264 2406 3317 faciens.

2415 3353 2631 3408 XXXI.
2663 3351 2984 3406 Marcellino.
3017 3349 3196 3422 (Anno
3221 3346 3358 3402 forle
3383 3342 3535 3411 405.)

2261 3446 2374 3502 Etsi
2401 3446 2656 3500 diuturno
2681 3445 2894 3498 silentio
2917 3445 3055 3496 inter
3084 3456 3182 3496 nos
3211 3449 3434 3508 uterque
3460 3437 3538 3490 usi
3570 3448 3786 3497 sumus,

2191 3551 2368 3596 tamen
2395 3538 2591 3594 veteris
2631 3538 2772 3592 illius
2797 3551 2859 3590 ac
2888 3537 3111 3590 sincerae.
3152 3542 3258 3588 tua:
3298 3521 3536 3585 caritatis
3573 3539 3794 3580 memo-

2191 3635 2326 3689 riam
2357 3633 2577 3688 minime
2610 3629 2922 3700 abiecimus,
2951 3641 3136 3682 verum
3165 3624 3446 3679 florentem
3474 3633 3591 3675 eam
3617 3627 3674 3674 et
3699 3619 3787 3672 in-

2196 3735 2400 3794 tegram
2441 3723 2753 3788 retinemus,
2771 3735 2995 3790 eamque
3016 3731 3352 3789 quocumque
3373 3712 3786 3784 proficiscimur.

2197 3815 2475 3871 nobiscum
2525 3812 2990 3877 circumferimus,
3032 3809 3373 3877 maximoque
3420 3805 3544 3860 hinc
3590 3803 3790 3858 solatio

2195 3906 2478 3960 al’iicimur.
2508 3889 2690 3975 anue
2718 3903 2785 3958 de
2815 3916 2973 3957 causa
3017 3899 3263 3955 homines
3303 3911 3445 3952 nunc
3497 3893 3656 3956 nacti,
3691 3893 3787 3960 qui

2197 3998 2260 4054 ad
2290 4008 2340 4054 te
2370 4014 2427 4053 se
2453 3997 2749 4060 conferant,
2794 3995 3030 4050 debitum
3075 3988 3410 4046 salutationis
3459 3999 3654 4040 munus
3690 3983 3788 4036 tibi

2200 4089 2572 4160 persolvimus,
2621 4085 2859 4156 illudque
2895 4082 3277 4154 significamus,
3326 4092 3426 4134 nos
3464 4074 3673 4132 etiamsi
3716 4073 3790 4126 ait

2197 4189 2473 4234 extremos
2512 4193 2679 4249 usque
2713 4178 2857 4232 orbis
2883 4185 3144 4230 terrarum
3176 4171 3306 4225 lines
3333 4167 3680 4229 abducamur,
3707 4167 3792 4222 sic

2199 4283 2375 4327 tamen
2411 4271 2582 4334 abire,
2615 4279 2673 4325 ut
2703 4280 2756 4324 te
2782 4270 2834 4322 in
2866 4269 3046 4322 animo
3087 4275 3271 4320 nostro
3321 4262 3534 4333 penitus
3580 4260 3791 4313 inscul-

2204 4371 2350 4431 ptum
2381 4370 2680 4414 teneamus.
2705 4358 2968 4426 Quoniam
2994 4364 3172 4411 autem
3206 4355 3289 4419 iis,
3323 4352 3414 4422 qui
3456 4350 3557 4405 hoc
3601 4349 3792 4402 animo

2204 4453 2412 4523 prmditi
2439 4461 2584 4519 sunt,
2614 4468 2720 4507 non
2755 4461 2958 4506 tantum
3003 4450 3264 4515 scribere,
3291 4447 3384 4501 scd
3410 4445 3572 4501 etiam
3601 4445 3667 4497 ab
3697 4443 3790 4510 iis,

2198 4560 2332 4614 quos
2369 4545 2440 4598 ita
2484 4553 2700 4610 ament,
2750 4544 2932 4598 literas
2977 4541 3222 4612 accipere
3268 4536 3650 4610 perjucundum
3678 4544 3792 4602 est,

2201 4637 2339 4692 hanc
2363 4637 2514 4690 nobis
2534 4635 2882 4705 voluptatem,
2900 4629 3120 4687 domine
3134 4629 3441 4700 cumprimis
3455 4625 3793 4692 venerande,

2198 4729 2358 4783 velim
2386 4728 2624 4797 duplices
2655 4745 2668 4781 :
2695 4737 2855 4796 atque
2881 4727 3094 4796 quoties
3122 4723 3347 4779 facultas
3394 4722 3518 4788 erit,
3561 4720 3799 4778 subindo

2201 4821 2266 4874 ad
2296 4835 2394 4874 nos
2423 4819 2646 4884 scribas,
2684 4827 2739 4873 et
2767 4833 2871 4887 qua
2917 4815 3220 4870 valetudine
3263 4815 3337 4867 sis
3376 4827 3638 4882 exponas.
3670 4810 3795 4867 Scis

2201 4914 2343 4967 enim
2373 4928 2531 4983 quam
2563 4910 2718 4964 nobis
2737 4925 2879 4964 cura:
2905 4909 2973 4962 sit
2993 4908 3108 4961 haec
3124 4907 3386 4969 ediscere,
3405 4912 3794 4973 quantamque,

2200 5006 2438 5060 etiamin
2464 5012 2650 5060 extera
2697 5003 2915 5073 regione
2954 4999 3229 5069 degentes,
3278 4996 3697 5052 consolationem
3722 5010 3794 5049 ex

2202 5099 2301 5153 hac
2329 5113 2387 5153 re
2411 5097 2702 5165 capiamus.

2411 5186 2567 5240 XXX
2575 5186 2598 5240 ι
2607 5186 2634 5240 Ι
2643 5226 2656 5239 .
2682 5185 2958 5240 Eutlialiaz.
2986 5182 3216 5254 (Cucuso
3241 5196 3382 5235 anno
3406 5179 3556 5248 ιθι.)

2272 5280 2522 5367 Quamvis
2549 5279 2824 5349 pauciores
2845 5277 2941 5331 abs
2966 5286 3017 5331 te
3044 5275 3298 5345 epistolas
3326 5273 3605 5342 accipiam,
3629 5287 3791 5342 quan:

2201 5373 2268 5428 ad
2296 5363 2346 5427 te
2363 5372 2587 5436 mittam,
2610 5387 2714 5426 non
2745 5379 2923 5424 tamen
2955 5377 3234 5439 prepterea
3263 5363 3499 5421 scribere
3522 5364 3792 5420 desinam.

2201 5463 2323 5517 Milli
2363 5463 2504 5518 enim
2550 5461 2661 5531 ipsc
2705 5472 2912 5531 gratum
2958 5459 3116 5525 facio,
3149 5456 3273 5510 dum
3304 5454 3371 5509 ad
3397 5454 3630 5510 animam
3677 5464 3790 5510 tam

2202 5556 2408 5609 sincera
2457 5569 2580 5623 erga
2620 5567 2705 5606 mc
2748 5549 3120 5605 benevolentia
3159 5545 3434 5617 prteditam
3483 5543 3792 5614 frequenter

2201 5646 2400 5702 scribo.
2437 5647 2500 5699 At
2529 5646 2798 5713 quoniam,
2827 5643 2915 5713 qui
2961 5656 3137 5698 rerum
3168 5650 3378 5695 tuarum
3400 5645 3569 5692 status
3588 5638 3679 5699 sit,
3715 5637 3794 5690 iu-

2207 5739 2441 5811 lclligcre
2466 5737 2807 5794 vcbcmcntcr
2849 5745 3065 5808 expeto,
3097 5736 3296 5794 idcirco
3337 5731 3592 5806 epistolas
3632 5729 3798 5785 etiam
