4078 6430
257 317 362 376 617

262 435 358 489 θεν
383 431 684 504 ἐδεξάμεθα
710 431 808 502 τὴν
837 431 1205 504 παράκλησιν.
1234 430 1310 486 Τδ
1328 431 1434 503 7&9
1463 428 1734 492 τοιούτους
1759 428 1856 483 ἄν-

261 521 400 594 δρας
429 523 575 578 οὑτω
604 523 866 592 σφοδροὺς
905 523 1142 593 ἐραστάς
1167 521 1335 592 ἔχειν,
1366 522 1427 574 οὐ
1456 523 1553 592 τὴν
1583 519 1857 590 τυχοῦσαν

263 615 426 688 φέρει
453 616 568 678 τοῖς
604 613 990 685 ἀγαπωμένοις
1013 612 1388 684 παραμυθίαν.
1419 612 1530 666 Καὶ
1557 611 1857 682 ἐϐουλόμην

265 708 372 780 μιν
396 708 518 763 κατ’
547 705 669 776 δψιν
689 708 1050 778 συντυχεϊντῇ
1073 704 1330 776 εὐλαϐείᾳ
1350 705 1418 775 τῇ
1444 706 1533 775 σῇ,
1561 702 1655 756 καὶ
1684 704 1857 773 ἐμφο-

266 798 501 872 ρηθῆναι
539 796 640 867 τῆς
691 799 916 870 ἡδίστης
966 814 1060 851 σου
1111 796 1428 860 διαθέσεως.
1500 795 1641 849 Ἀλλ’
1669 795 1858 866 ἐπειδὴ

263 892 426 948 τοῦτο
452 893 553 948 οὑκ
583 894 664 950 ἐνι
689 893 970 967 (οὔτεγὰρ
1001 895 1134 966 ἡμίν
1164 893 1408 959 δυνατὸν,
1432 891 1556 947 οὔτε
1586 893 1653 963 τῇ
1682 890 1858 962 τιμιό-

264 985 392 1056 τητί
422 1001 517 1039 σου
543 987 744 1058 ῥᾴδιον,
773 985 863 1040 διά
886 987 986 1056 τὴν
1012 987 1115 1056 τῆς
1173 985 1501 1056 Ἑκκλησίας
1531 983 1632 1055 τῆς
1670 982 1858 1037 αὐτόθι

264 1077 589 1148 πρόνοιαν),
646 1079 740 1131 ἐπὶ
800 1077 894 1133 τὸν
937 1077 1192 1150 δεύτερον
1253 1077 1566 1145 ἀναγκαίως
1621 1075 1858 1147 ἧλθομεν

265 1165 456 1232 πλοῦν,
490 1167 591 1239 τὴν
621 1167 730 1242 ἀπὸ
757 1167 869 1223 τῶν
896 1168 1243 1241 γραμμάτων
1285 1168 1618 1240 παραψυχὴν
1647 1168 1858 1229 ἑαυτοῖς

263 1257 638 1330 χαριζόμενοι.
670 1259 747 1313 Οὑ
772 1259 882 1330 7&9
914 1260 1112 1331 μικρὸν
1133 1260 1228 1315 καὶ
1255 1258 1516 1330 ἐπιστολὴ
1533 1258 1740 1312 δύναιτ’
1767 1257 1854 1322 ἂν,

263 1351 497 1421 γνησίας
523 1351 746 1423 ἀγάπης
764 1352 1250 1424 ἀνακεχρωσμένη,
1272 1353 1352 1416 είς
1381 1352 1726 1424 παράκλησιν
1749 1349 1856 1404 τῶν

261 1441 340 1512 τῷ
391 1443 606 1513 σώματι
652 1445 1094 1516 κεχωρισμένων.
1129 1445 1226 1498 Ἰν’
1257 1439 1352 1498 οὖν
1383 1443 1586 1513 ταύτης
1618 1442 1858 1512 συνεχῶς

261 1533 632 1607 ἀπολαύωμεν
657 1536 759 1606 τῆς
783 1535 1156 1610 παραμυθίας,
1190 1535 1382 1599 ὁσάκις
1412 1537 1480 1590 ἂν
1511 1535 1606 1606 ἐξῇ
1642 1535 1736 1589 καὶ
1769 1534 1860 1588 δυ-

263 1624 424 1679 νατὸν
452 1621 511 1698 ᾗ,
542 1627 777 1697 γράφειν
798 1629 926 1697 ἡμῖν
949 1625 1020 1679 τά
1040 1627 1168 1698 περὶ
1188 1625 1288 1697 τῆς
1310 1626 1501 1695 ὑγείας
1525 1626 1627 1698 τῆς
1653 1626 1752 1698 σῆς
1782 1626 1856 1697 μὴ

263 1716 544 1771 κατόκνει.
575 1719 685 1770 Καὶ
716 1717 823 1789 7&9
857 1717 1128 1788 θησαυρὸν
1172 1715 1427 1787 μέγιστον
1478 1715 1573 1770 καὶ
1627 1713 1859 1769 πλοῦτον

263 1806 471 1876 ἄφατον
499 1807 722 1876 ἀγαθῶν
742 1809 842 1879 τὴν
878 1809 977 1879 σὴν
1009 1807 1290 1880 ἡγούμεθα
1318 1809 1450 1880 ἡμῖν
1473 1803 1613 1861 εἶναι
1649 1806 1855 1878 φιλίαν.

264 1900 386 1954 Κάν
411 1901 653 1970 συνεχῶς
676 1901 931 1955 τοιούτων
973 1901 1338 1972 ἀπολαύωμεν
1391 1899 1636 1968 ἀγαθῶν,
1690 1902 1859 1972 ηγουν

261 1989 370 2042 τῶν
395 1991 763 2062 γραμμάτων,
787 1991 905 2046 οὑδὲ
931 1992 1032 2064 τῆς
1051 1991 1284 2046 ἐνταῦθα
1308 1991 1544 2062 ἐρημίας
1571 1989 1859 2062 ληψόμεθα

260 2082 535 2153 αἴσθησιν,
561 2083 670 2136 ἀπὸ
691 2083 800 2137 τῶν
825 2083 1126 2139 ἐπιστολῶν
1164 2083 1274 2140 τῶν
1320 2083 1432 2138 σῶν
1467 2083 1671 2154 πολλὴν
1719 2100 1857 2155 καρ-

259 2172 360 2225 πιύ
370 2190 525 2244 μενοι
552 2175 652 2246 τὴν
678 2175 1047 2248 εὐφροσύνην.
1597 2183 1611 2194 ’⁵

609 2292 749 2344 KH'.
789 2291 1088 2359 Βασιλείᾳ)
1110 2289 1513 2360 πρεσϐυτέρῳ.

328 2380 394 2433 Et
423 2379 520 2433 καὶ
552 2384 652 2452 τῆς
684 2382 800 2435 κατ’
833 2383 958 2453 ὄψιν
1009 2399 1103 2436 σου
1138 2383 1429 2454 συντυχίας
1462 2382 1565 2436 οὑκ
1609 2380 1859 2452 ἀπηλαύ·

258 2488 459 2544 σαμεν,
519 2473 655 2526 ἀλλά
701 2474 801 2544 τὴν
825 2475 1029 2547 ἀρετήν
1064 2491 1160 2527 σου
1194 2473 1293 2546 τῆς
1319 2475 1501 2546 ψυχῆς
1542 2473 1855 2536 ἀκούοντες,

259 2567 354 2621 καὶ
378 2567 471 2621 τὸν
504 2566 666 2637 ζῆλον
685 2566 744 2620 δν
773 2566 914 2637 ἔχεις
946 2567 1087 2621 κατὰ
1105 2567 1214 2622 τῶν
1257 2568 1545 2638 Ἑλλήνων,
1573 2567 1857 2621 καταλύων

255 2659 442 2712 αὐτῶν
477 2660 578 2730 τὴν
620 2659 849 2730 πλάνην,
883 2661 979 2713 καὶ
1010 2660 1148 2730 πρὸς
1177 2658 1438 2730 ἀλήθειαν
1472 2657 1855 2731 χειραγωγῶν,

254 2750 334 2812 ὡς
363 2751 633 2822 παρόντες
654 2753 746 2805 καὶ
770 2753 1184 2823 συγγενόμενοι,
1209 2754 1303 2806 καὶ
1331 2751 1499 2806 πολύν
1522 2770 1604 2806 σοι
1631 2769 1858 2823 συντρα-

255 2829 454 2910 φένττες
482 2843 694 2912 χρόνον,
718 2842 892 2915 οὑτως
925 2862 984 2897 σε
1008 2844 1307 2915 αἰδούμεθα
1331 2846 1426 2899 καὶ
1459 2845 1729 2916 τιμῶμεν.
1765 2846 1857 2899 Διὸ

255 2934 354 2986 καὶ
389 2936 658 3005 πρότερον
684 2935 1111 3008 ἐπεπηδήσαμεν
1136 2939 1250 3000 τοῖς
1281 2937 1420 3008 πρὸς
1456 2937 1516 2990 σὲ
1537 2937 1853 3008 γράμμασι,

260 3026 662 3097 μακαρίζοντες
707 3044 764 3080 σε
819 3027 959 3097 ὑπὲρ
983 3021 1058 3081 ὧν
1085 3029 1391 3101 κατορθοῖς,
1432 3029 1528 3082 κα.)⁸
1558 3028 1859 3100 θαυμάζον-

254 3132 372 3181 τες,
410 3119 505 3171 καὶ
531 3117 808 3182 αἰτοῦντες
830 3120 925 3173 καὶ
954 3120 1118 3172 αὑτὸν
1151 3122 1282 3191 ἡμῖν
1333 3121 1670 3175 ἐπιστέλλειν
1695 3123 1859 3194 ἡνίκα

258 3210 326 3266 ἂν
356 3210 476 3281 ἐξῇ.
503 3211 613 3265 Καὶ
639 3211 746 3282 γὰρ
766 3213 814 3265 εί
838 3211 934 3265 m1
962 3210 1040 3282 τῷ
1070 3211 1286 3282 σώματί
1314 3227 1408 3265 σου
1444 3213 1856 3283 κεχωρίσμεθα,

255 3305 398 3361 ἀλλά
422 3308 490 3376 τῇ
521 3305 711 3379 ἀγάπῃ
742 3321 823 3358 σοι
859 3303 1259 3374 συνδεδέμεθα,
1295 3305 1722 3377 ἐννοοῦντεςτὴν
1760 3308 1858 3380 σὴν

257 3396 569 3470 εὐλάϐειαν.
627 3396 791 3451 Ταῦτ’
850 3390 947 3450 οῦν
981 3395 1157 3463 εἰδὼς,
1199 3397 1274 3470 μὴ
1303 3397 1559 3452 κατόκνει
1614 3401 1858 3471 συνεχῶς

256 3490 392 3558 ἡμῖν
419 3485 778 3551 ἐπιστέλλειν,
806 3487 901 3541 καὶ
926 3488 995 3540 τά
1015 3487 1419 3559 κατορθώματα
1451 3488 1519 3541 τὰ
1551 3490 1621 3542 σὰ
1640 3490 1856 3560 δηλοῦν,

258 3581 370 3644 ἵνα,
408 3580 503 3633 καὶ
532 3580 591 3632 ἐν
629 3579 838 3651 ἐρημίᾳ
887 3578 1296 3650 διατρίϐοντες,
1358 3580 1562 3651 πολλὴν
1605 3580 1858 3636 ἐντεῦθεν

258 3669 690 3742 καρπωσώμεθα
715 3671 814 3743 τὴν
843 3670 1210 3741 παράκλησιν.

439 3783 746 3857 [611-]ΚΘ’.
785 3783 1084 3852 XaunSlq:
1120 3785 1222 3862 καί
1271 3786 1677 3857 Ἀσυγκριτίᾳ.

328 3889 516 3961 Μηδὲν
548 3890 694 3961 ὑμᾶς
747 3889 1064 3958 ταραττέτω
1094 3889 1204 3944 τῶν
1250 3892 1657 3963 συμϐαινόντων
1691 3892 1859 3964 λυπη-

262 3985 394 4057 ρῶν,
429 3982 567 4054 μηδέ
595 3982 666 4035 τὰ
700 3980 978 4050 ἐπάλληλα
1010 3982 1120 4035 τῶν
1145 3983 1488 4054 πραγμάτων
1519 3987 1740 4056 κύματα
1770 3986 1859 4040 θο-

262 4075 500 4148 ρυϐείτω
520 4072 676 4144 ὑμῶν
698 4071 797 4142 τὴν
827 4070 1086 4126 διάνοιαν.
1111 4073 1346 4145 Τοιαύτη
1370 4075 1480 4145 γὰρ
1514 4079 1546 4145 η
1575 4078 1736 4149 στενὴ
1763 4078 1859 4132 καὶ

255 4167 601 4239 τεθλιμμένη
668 4166 786 4229 ὁδὸς
816 4205 833 4231 ,
884 4165 1087 4237 πολλὴν
1137 4165 1338 4237 ἔχουσα
1387 4171 1487 4240 τὴν
1519 4169 1807 4225 δυσκολίαν
1841 4211 1856 4236 ,

259 4261 492 4323 πολλοὺς
519 4257 649 4323 τοὺς
678 4258 908 4330 ἱδρῶτας
932 4259 1025 4311 καὶ
1053 4259 1180 4323 τοὺς
1212 4260 1430 4324 πόνους.
1487 4262 1648 4316 Ἀλλά
1683 4263 1859 4318 ταῦτα

263 4356 362 4428 μὲν
389 4351 752 4424 παροδεύεται
788 4353 881 4406 καὶ⁹
905 4352 983 4423 τῷ
1007 4352 1234 4424 παρόντι
1259 4355 1698 4421 συγκαταλύεται
1732 4355 1855 4427 βίῳ.

260 4449 381 4502 Κᾶν
418 4447 529 4517 γὰρ
559 4443 720 4514 στενὴ
743 4446 776 4514 ὴ
795 4444 933 4508 ὁδὸς,
961 4444 1076 4496 ἀλλ’
1100 4444 1220 4509 ὁδός
1250 4446 1398 4499 ἐστιν
1418 4465 1430 4481 ·
1473 4447 1541 4500 τὰ
1584 4447 1638 4499 δὲ
1669 4449 1733 4500 ἐκ
1762 4446 1856 4501 τοῦ

257 4537 436 4594 ταῦτα
462 4535 650 4608 φέρειν
679 4533 874 4606 πράως
927 4534 1022 4587 καὶ
1051 4534 1317 4602 γενναίως
1365 4536 1594 4608 βραϐεῑα
1633 4538 1858 4610 διηνεκῆ

260 4633 358 4686 καὶ
392 4629 661 4694 ἀθάνατα,
697 4627 794 4681 καὶ
823 4626 1004 4697 πολλῷ
1034 4626 1258 4698 μείζονα
1284 4628 1394 4682 τῶν
1431 4620 1696 4700 ἱδρώτωνῖ
1740 4632 1860 4685 Ἐν-

261 4723 482 4778 νοοῦσαι
528 4721 710 4776 τοίνυν
764 4720 862 4774 καὶ
888 4720 948 4774 τὸ
975 4721 1242 4792 ἐπίκηρον
1275 4722 1370 4774 καὶ
1412 4722 1474 4775 τὸ
1519 4723 1858 4794 πρόσκαιρον

263 4816 365 4888 τῆς
385 4813 643 4884 θλίψεως,
673 4811 767 4866 καὶ
793 4812 856 4866 τὸ
881 4812 1130 4884 διηνεκὲς
1153 4814 1249 4867 καὶ
1277 4813 1546 4867 ἀθάνατον
1566 4815 1674 4868 τῶν
1698 4817 1855 4886 ἀμοι-

264 4906 396 4972 ϐὦν,
421 4906 620 4977 φέρετε
647 4903 829 4959 πάντα
846 4906 1132 4974 γενναίως,
1164 4905 1357 4976 μηδενὶ
1381 4906 1490 4960 τῶν
1513 4909 1858 4979 συμπιπτόν-

260 5015 371 5053 των
400 4996 684 5069 δυσχερῶν
711 4997 1134 5069 ταραττόμεναι.
1175 4998 1272 5051 ’Ἑν
1302 4999 1412 5071 γάρ
1462 5002 1580 5054 ἐστι
1613 5002 1858 5075 λυπηρὸν

265 5088 514 5161 ἁμαρτία
549 5087 739 5158 μόνον*
784 5086 854 5140 τά
887 5088 943 5140 δέ
980 5087 1118 5142 ἀλλα
1161 5089 1362 5156 πάντα,
1394 5088 1621 5162 ἐξορίαι,
1658 5092 1860 5163 δημεύ-

266 5198 400 5247 σεις,
456 5181 775 5249 ἀπαγωγαὶ,
813 5180 1119 5246 ἐπιϐουλαὶ,
1155 5182 1251 5235 καὶ
1288 5183 1390 5236 ὅσα
1417 5188 1644 5237 τοιαῦτα
1670 5226 1685 5251 ,
1732 5185 1860 5240 σκιά

264 5273 350 5338 τίς
387 5277 537 5328 ἐστιν
569 5275 666 5327 καὶ
693 5273 900 5336 καπνὸς
931 5275 1025 5327 καὶ
1050 5275 1283 5346 ἀράχνη,
1331 5277 1425 5329 καὶ
1455 5277 1509 5329 εἴ
1556 5295 1609 5330 τι
1653 5279 1858 5331 τούτων

265 5367 665 5437 εὐτελέστερον.
702 5367 832 5419 "Are
867 5360 960 5419 οὖν
989 5366 1083 5418 καὶ
1108 5366 1250 5420 κατά
1273 5366 1364 5420 τὸν
1398 5368 1708 5440 ἔμπροσθεν
1735 5372 1862 5440 χρό-

263 5472 350 5511 νον
378 5455 610 5519 πολλοὺς
646 5454 1010 5526 μελετήσασαι
1035 5456 1222 5526 φέρειν
1251 5460 1616 5529 πειρασμοὺς,
1641 5461 1734 5512 καὶ
1765 5460 1859 5512 νῦν

263 5548 365 5619 τὴν
399 5547 775 5619 ἁρμόττουσαν
809 5547 937 5616 ὑμῖν
969 5546 1344 5602 ἐπιδείκνυσθε
1375 5550 1671 5620 ὑπομονήν.
1709 5551 1858 5621 Αὑτη

265 5638 378 5712 γὰρ
399 5641 457 5692 ἐν
485 5637 755 5708 ἀσφαλείᾳ
796 5637 892 5691 καὶ
913 5637 1067 5710 ἀδείᾳ
1096 5640 1187 5692 καὶ
1217 5640 1429 5711 γαλήνῃ
1470 5641 1640 5712 πολλῇ
1690 5659 1860 5696 κατα-

275 5730 470 5802 στῆσαι
512 5731 656 5804 ὑμᾶς
684 5731 995 5804 δυνήσεται,
1037 5733 1130 5787 καὶ
1179 5733 1555 5805 δοκιμωτέρας
1611 5735 1854 5809 ποιῆσαι.

1689 309 2074 370 EPISTOLA‘I.

3448 309 3550 363 6i8

1953 428 2076 481 Καὶ
2106 427 2348 498 γράφετε
2383 427 2623 498 συνεχῶς
2666 430 2797 500 ἡμῖν
2829 427 2898 484 τὰ
2946 429 3200 499 περὶτῆς
3235 428 3424 497 ὑγείας
3453 426 3556 498 τῆς

1956 519 2250 588 ὑμετέρας,
2273 519 2338 573 ἄν
2366 536 2518 582 τινας
2543 518 2742 592 εὕρητε
2764 519 2831 572 δι’
2864 518 3001 573 ίδίαν
3031 517 3222 589 χρείαν
3248 535 3556 589 παραγενο-

1958 611 2156 683 μένους
2182 609 2440 666 ἐνταῦθα.
2475 612 2619 664 Ἰστε
2646 611 2756 681 γὰρ
2789 611 2940 674 ὅπως
2988 611 3159 680 αὑτῆς
3191 609 3553 681 ἀντεχόμεθα,

1955 701 2052 754 καὶ
2079 701 2229 764 ὅπως
2259 699 2564 772 βουλόμεθα
2590 700 2926 773 πυκνότερον
2950 702 3082 772 περὶ
3109 700 3314 773 ταύτης
3346 700 3556 772 μανθά-

1956 808 2093 846 νειν.

2398 906 2446 959 Δ
2466 941 2483 958 .
2529 902 2765 972 Ἑορτίῳ
2794 901 3127 969 ἐπισκόπῳ.

2039 1016 2184 1086 Ἐγὼ
2209 1016 2309 1087 μὲν
2338 1015 2646 1087 ἐπεθύμουν
2673 1017 2770 1070 καὶ
2812 1017 3120 1089 γράμματα
3148 1015 3404 1082 δέξασθαι
3453 1015 3557 1087 τῆς

1957 1110 2058 1179 σῆς
2085 1109 2398 1180 τιμιότητος
2424 1110 2555 1182 περὶ
2581 1111 2685 1182 τῆς
2709 1109 2897 1178 ὑγείας
2927 1111 3028 1180 τῆς
3050 1112 3151 1181 σῆς
3170 1111 3304 1180 ἡμῖν
3332 1107 3558 1181 δηλοῦν-

1955 1221 2040 1258 τα.
2075 1199 2247 1258 Οἷσθα
2269 1205 2376 1275 7&9
2406 1203 2554 1267 ὅπως
2583 1203 2673 1257 ἀεὶ
2694 1203 2823 1274 περὶ
2859 1205 2959 1274 τὴν
2989 1203 3090 1274 σὴν
3120 1202 3441 1272 διετέθημεν
3467 1203 3558 1255 εὑ-

1956 1295 2200 1358 λάϐειαν,
2227 1295 2466 1348 δέσποτα
2494 1294 2813 1367 τιμιώτατε.
2855 1295 2994 1349 Ἀλλ’
3017 1295 3206 1365 ἐπειδὴ
3233 1293 3393 1347 τοῦτο
3422 1295 3556 1356 ἴσως

1956 1387 2065 1441 τῶν
2093 1388 2589 1463 γραμματηφόρων
2646 1389 2791 1460 ὑμᾶς
2834 1386 3141 1458 περιείλετο
3179 1398 3204 1426 ιι
3260 1388 3295 1457 ἡ
3331 1386 3552 1451 σπάνις,

1956 1482 2138 1552 ἡμεῖς,
2175 1480 2525 1550 ἐπιτυχόντες
2549 1464 2658 1534 τῶν
2689 1480 2826 1552 πρὸς
2847 1480 2947 1549 τὴν
2979 1480 3080 1549 σὴν
3108 1477 3395 1532 εὐλάϐειαν
3449 1479 3557 1548 ἀφ-

1957 1571 2322 1642 ικνουμένων,
2356 1571 2611 1644 πρότεροι
2638 1574 2754 1636 τοῖς
2783 1571 3110 1642 γράμμασιν
3133 1569 3560 1641 ἐπεπηδήσαμεν

1955 1666 2070 1727 τοῖς
2105 1664 2244 1735 πρὸς
2280 1664 2380 1735 τὴν
2415 1665 2514 1735 σὴν
2541 1664 2853 1736 τιμιότητα,
2882 1663 2974 1717 καί
3012 1679 3072 1717 σε
3105 1661 3557 1733 παρακαλοῦμεν,

1957 1757 2120 1828 ἡνίκα
2149 1755 2215 1810 ἂν
2249 1756 2365 1826 ἐξῇ,
2402 1757 2499 1809 καὶ
2527 1757 2691 1809 αὑτὸν
2737 1757 2982 1826 συνεχῶς
3029 1755 3162 1825 ἡμῖν
3200 1752 3556 1817 ἐπιστέλλειν,

1955 1848 2208 1918 καὶπερὶ
2244 1847 2346 1917 τῆς
2383 1845 2570 1914 ὑγείας
2607 1849 2709 1917 τῆς
2736 1845 2836 1916 σῆς
2864 1843 3081 1913 δηλοῦν.
3133 1841 3407 1912 Οίκοῦμεν
3448 1839 3560 1910 7&9

1956 1940 2156 2012 χωρίον
2183 1940 2544 2010 ἐρημότατον,
2579 1938 2675 1992 καὶ
2708 1937 2892 2008 πάσης
2915 1937 3016 2007 τῆς
3037 1934 3162 1989 καθ’
3196 1936 3346 2005 ἡμᾶς
3379 1933 3561 1986 οἰκου-

1960 2032 2130 2102 μένης
2150 2031 2487 2102 ἐρημότερον
2508 2045 2522 2059 ο
2553 2027 2994 2101 πολιορκούμεθα
3017 2027 3111 2079 καὶ
3141 2025 3292 2095 φόϐῳ
3321 2021 3558 2094 λῃστῶν,

1956 2125 2052 2179 καὶ
2091 2123 2292 2186 πολλὰς
2341 2123 2419 2186 ὡς
2470 2124 2531 2175 ἐν
2562 2120 2823 2192 ἀλλοτρίᾳ
2860 2120 2956 2174 καὶ
2981 2120 3040 2171 ἐν
3073 2116 3314 2188 τοσαύτῃ
3351 2113 3561 2187 ἐρημία

1957 2217 2166 2287 θλίψεις
2214 2217 2601 2288 ὑπομένομεν·
2653 2213 2796 2285 πλὴν
2839 2213 2935 2266 ἐὰν
2977 2212 3134 2283 ὑμῶν
3187 2209 3296 2264 τῶν
3354 2207 3560 2279 σφόδρα

1953 2313 2106 2383 ἡμᾶς
2137 2308 2478 2379 ἀγαπώντων
2501 2307 2722 2370 πυκνῶς
2739 2305 3194 2376 ἐπιτυγχάνωμεν
3214 2301 3560 2374 γραμμάτων

1954 2405 2022 2458 τὰ
2053 2404 2185 2475 περὶ
2211 2404 2310 2474 τῆς
2343 2402 2535 2470 ὑγείας
2565 2404 2666 2473 τῆς
2689 2400 2962 2471 ὑμετέρας
2984 2399 3314 2470 δηλούντων,
3357 2395 3561 2465 πολλὴν

1956 2497 2052 2551 καὶ
2091 2500 2150 2552 ἐν
2171 2496 2464 2556 τοσαύταις
2499 2493 2894 2567 περιστάσεσιν
2947 2492 3101 2554 δντες
3148 2487 3559 2560 καρπωσόμεθα

1957 2589 2326 2660 παράκλησιν.
2361 2584 2535 2643 Οἶσθα
2560 2588 2670 2659 7&9
2692 2589 2794 2657 ὃση
2833 2587 3056 2656 ἀγάπης
3077 2584 3332 2654 δύναμις,
3359 2582 3453 2636 καὶ
3485 2581 3561 2642 ὡς

1956 2683 2017 2735 ού
2050 2682 2324 2754 παρουσία
2372 2680 2480 2733 τῶν
2537 2679 2838 2751 φιλούντων
2871 2679 3052 2749 μόνον,
3088 2676 3225 2730 ἀλλά
3257 2675 3350 2728 καὶ
3374 2674 3560 2745 γράμ-

1960 2792 2106 2845 ματα
2141 2773 2342 2844 πολλὴν
2369 2773 2525 2844 φέρει
2544 2770 2640 2843 τὴν
2674 2765 3055 2842 πᾶραμυθίαν.
3094 2768 3259 2822 Ταῦτ’
3279 2765 3373 2822 οὖν
3405 2762 3563 2830 είδὼς

1955 2866 2340 2936 ἐπιδαψιλεύου
2376 2864 2585 2936 ταύτην
2613 2866 2746 2934 ἡμῖν
2779 2864 2880 2934 τὴν
2936 2861 3302 2933 εὐφροσύνην,
3339 2861 3561 2929 συνεχέ-

1956 2976 2148 3030 στερον
2174 2958 2245 3013 τά
2278 2957 2410 3029 περὶ
2456 2958 2556 3026 τῆς
2586 2955 2778 3025 ὑγείας
2824 2956 2921 3026 τῆς
2954 2956 3054 3026 σῆς
3094 2955 3294 3025 δηλῶν,
3333 2955 3461 3026 περὶ
3494 2947 3562 3025 ἧς

1958 3051 2195 3122 μάλιστα
2231 3048 2707 3121 περισπούδαστον
2739 3049 2876 3118 ἡμῖν
2921 3047 3237 3118 μανθάνειν.

2369 3160 2518 3234 [612]
2554 3165 2688 3215 ΛΑ’.
2733 3161 3150 3228 Μαρκελλίνῳ.

2027 3272 2268 3346 Μακρὰν
2319 3273 2421 3344 μὲν
2480 3271 2823 3343 ἐσιγήσαμεν
2881 3269 3182 3341 ἀμφότεροι
3219 3267 3378 3339 σιγὴν
3426 3265 3563 3337 πρὸς

1955 3370 2241 3440 ἀλλήλους,
2267 3367 2366 3437 τῆς
2386 3365 2443 3419 δὲ
2471 3366 2693 3435 ἀγάπης
2719 3382 2814 3417 σου
2834 3365 2931 3434 τῆς
2961 3363 3193 3434 ἀρχαίας
3216 3363 3309 3414 καί
3331 3361 3562 3430 γνησίας

1955 3465 2088 3532 ἡμῖν
2123 3461 2339 3533 ἐκείνης
2394 3461 2497 3512 οὑκ
2552 3457 2982 3528 ἐπιλελήσμεθα,
3030 3456 3146 3508 ἀλλ’
3203 3455 3562 3525 ἀκμάζουσαν

1956 3551 2126 3623 αὑτὴν
2157 3548 2550 3621 διατηροῦμεν,
2585 3551 2679 3604 καλ⁸
2709 3551 2954 3618 ὅπουπερ
2987 3546 3054 3599 ἂν
3082 3545 3355 3614 ἀπίωμεν,
3391 3545 3563 3615 αὐτὴν

1955 3641 2354 3714 περιφέρομεν,
2410 3642 2676 3711 μεγίστην
2737 3637 2994 3692 ἐντεῦθεν
3053 3637 3427 3707 καρπούμενοι
3462 3635 3562 3705 τὴν

1959 3737 2330 3808 παράκλησιν.
2357 3738 2456 3802 Διὸ
2482 3735 2545 3807 δὴ
2574 3737 2668 3788 καὶ
2694 3734 2790 3786 νῦν
2809 3717 3158 3802 ἐπιτυχόντες
3176 3732 3282 3783 τῶν
3304 3729 3440 3800 πρὸς
3460 3730 3562 3800 τὴν

1959 3832 2060 3902 σὴν
2077 3831 2362 3900 εὐγένειαν
2381 3827 2824 3899 ἀφικνουμένων,
2846 3827 2948 3896 τήν
2971 3843 3030 3879 τε
3054 3823 3413 3895 ὀφειλομένην
3435 3824 3564 3876 ἀπο-

1956 3923 2210 3994 διδόαμεν
2258 3923 2586 3993 πρόσρησιν,
2629 3921 2722 3973 καὶ
2773 3918 3064 3990 δηλοῦμεν,
3122 3916 3206 3969 ὅτι
3259 3916 3366 3970 κᾶν
3424 3911 3563 3984 πρὸς

1957 4018 2128 4081 αὑτὰς
2171 4015 2563 4086 ἀπενεχθῶμεν
2611 4016 2710 4083 τῆς
2763 4011 3091 4083 οἰκουμένης
3129 4004 3230 4072 τὰς
3278 4007 3557 4078 ἐσχατιάς,

1928 4108 2174 4179 ’ἔχοντές
2197 4126 2256 4162 σε
2289 4109 2496 4178 ἄπιμεν
2529 4110 2586 4160 ἐν
2618 4104 2829 4176 διανοίᾳ.
2871 4101 3355 4172 ἐγκεκολαμμένον
3401 4099 3560 4170 ἡμῶν

1959 4202 2038 4272 τῷ
2071 4201 2356 4255 συνειδότι.
2403 4199 2541 4252 Ἀλλ’
2571 4199 2761 4268 ἐπειδὴ
2787 4199 2903 4259 τοῖς
2937 4195 3080 4248 οὑτω
3107 4192 3472 4261 διακειμένοις
3497 4191 3558 4245 οὑ

1957 4295 2021 4349 τὸ
2040 4296 2274 4365 γράφειν
2319 4294 2501 4363 μόνον,
2557 4291 2693 4346 ἀλλά
2739 4291 2833 4344 καὶ
2875 4290 2937 4342 τὸ
2968 4287 3223 4358 δέχεσθαι
3254 4273 3559 4356 γράμματα

1962 4385 2114 4456 παρά
2142 4384 2251 4437 τῶν
2274 4383 2418 4437 οὕτω
2454 4381 2818 4453 φιλουμένων,
2866 4379 3069 4448 πολλὴν
3107 4376 3262 4448 φέρει
3309 4375 3407 4444 τὴν
3439 4373 3559 4442 ἡδο-

1960 4479 2087 4549 νὴν,
2125 4475 2484 4530 διπλασίασον
2519 4476 2651 4545 ἡμῖν
2690 4474 2789 4542 τὴν
2819 4469 3183 4540 εὐφροσύνην,
3213 4468 3446 4519 δέσποτα
3479 4481 3558 4517 τι-

1964 4571 2202 4642 μιώτατε
2223 4608 2238 4632 ,
2268 4570 2362 4622 καὶ
2385 4569 2547 4638 ἡνίκα
2579 4570 2645 4620 ἂν
2674 4567 2789 4638 ἐξῇ,
2833 4566 3012 4636 γράφε
3043 4561 3282 4631 συνεχῶς
3310 4561 3461 4631 ἡμῖν,
3485 4558 3556 4612 τὰ

1960 4661 2092 4732 περὶ
2124 4661 2224 4729 τῆς
2263 4659 2476 4728 ὑγιείας
2521 4659 2620 4730 τῆς
2654 4658 2756 4728 σῆς
2801 4655 3001 4728 δηλῶν.
3058 4651 3226 4710 Οἶσθα
3256 4653 3365 4721 γὰρ
3407 4653 3556 4714 ὅπως

1961 4758 2093 4826 ἡμῖν
2129 4753 2600 4825 περισπούδαστον
2626 4751 2801 4804 ταῦτα
2833 4749 3145 4822 μανθάνειν,
3173 4749 3266 4802 καὶ
3298 4748 3430 4818 ὅσην
3462 4745 3557 4799 καὶ

1960 4849 2019 4902 ἐν
2044 4846 2302 4918 ἀλλοτρίᾳ
2322 4844 2710 4917 διατρίϐοντες,
2749 4840 2999 4896 ἐντεῦθεν
3023 4836 3431 4911 καρπωώμεθα
3457 4834 3561 4908 τὴν

1961 4941 2332 5014 παράκλησιν.

2526 5031 2637 5087 AB’
2643 5070 2658 5085 .
2701 5030 2992 5098 Εῠθαλίᾳ.
3051 5081 3054 5083 ,

2036 5145 2155 5200 Κᾶν
2181 5145 2440 5209 ἐλάττους
2459 5145 2705 5215 δέχωμαι
2729 5143 3023 5206 ἐπιστολὰς
3045 5142 3195 5214 παρὰ
3210 5141 3310 5214 τῆς
3339 5140 3561 5212 κοσμιό-

1961 5256 2128 5309 τητος
2156 5239 2256 5309 τῆς
2290 5239 2409 5307 σῆς,
2444 5231 2520 5290 ὧν
2539 5237 2704 5300 αὐτὸς
2725 5238 2932 5307 πέμπω
2961 5236 3099 5307 πρὸς
3127 5235 3227 5306 την
3254 5235 3355 5305 σὴν
3385 5233 3560 5314 ἐμμιτ

1960 5334 2133 5398 λειαν,
2168 5333 2269 5386 οὑκ
2301 5332 2685 5402 ἀποστήσομαι
2722 5331 2963 5401 συνεχῶς
2996 5330 3246 5402 γράφων.
3301 5325 3552 5400 Ἐμαυτῷ

1961 5427 2072 5497 γὰρ
2097 5424 2399 5496 χαρίζομαι
2425 5424 2586 5480 τοῦτο
2624 5423 2816 5492 ποιῶν,
2860 5423 2998 5495 πρὸς
3049 5421 3227 5494 ψυχὴν
3249 5420 3393 5475 οὑτω
3425 5438 3558 5492 γνη-

1963 5519 2095 5583 σίως
2125 5520 2255 5589 περὶ
2277 5520 2427 5590 ἡμᾶς
2447 5518 2806 5589 διακειμένην
2827 5518 2924 5572 καὶ
2949 5516 3170 5588 θερμῶς
3197 5514 3291 5569 καὶ
3319 5516 3558 5586 συνεχῶς

1963 5611 2313 5666 ἐπιστέλλων.
2364 5611 2512 5682 Πλὴν
2549 5611 2662 5665 ἀλλ’
2693 5610 2883 5682 ἐπειδὴ
2942 5610 3148 5682 σφόδρα
3213 5612 3342 5681 ἡμῖν
3401 5627 3560 5682 περι-

2031 5759 2056 5787 ⁴¹
2083 5754 2284 5805 Coislin.
2310 5753 2589 5816 περιείλετο,
2614 5758 2768 5803 recte.
2793 5752 2923 5803 Edil.
2950 5750 3216 5816 παρείλετο.
