4078 6446
525 310 633 370 1329

527 425 857 480 σπούδαστον
883 427 1174 495 μανθάνειν
1202 427 1261 480 ἐν
1289 429 1430 480 τίσιν
1457 432 1602 500 ὁρμᾷ
1633 432 1701 484 τὰ
1737 431 1822 496 σά,
1853 429 2091 497 συνεχῶς

523 514 621 568 καὶ
639 515 980 586 γραμμάτων
1013 515 1385 587 ἐπιθυμοῦμεν
1413 520 1728 584 ἀπολαύειν,
1760 521 1845 574 ίνα
1889 519 2092 590 μανθά-

528 621 703 674 νωμεν
725 604 987 675 διηνεκῶς
1015 605 1157 677 ἀπερ
1196 607 1590 677 ἐπιθυμοῦμεν,
1642 611 1723 664 ὄτι
1751 612 1808 663 ἐν
1858 609 2091 680 εὑθυμίᾳ

525 692 617 746 καὶ
668 692 938 762 ἀσφαλείᾳ
959 692 1162 760 διάγεις
1195 694 1383 765 πολλῇ.
1410 695 1627 749 Τούτων
1656 696 1763 765 γὰρ
1793 695 2092 748 ἀπολαύου-

523 796 592 833 σα
616 790 665 845 ι,
697 781 778 832 ὅτι
809 779 1007 849 πολλὴν
1027 782 1152 850 ποιῇ
1185 782 1281 849 τῆς
1300 780 1477 852 ψυχῆς
1499 782 1597 850 τῆς
1625 782 1723 851 σῆς
1751 781 2087 850 ἐπιμέλειαν,

523 869 616 923 καὶ
642 870 750 923 τῶν
800 869 1067 939 βιωτικῶν
1099 871 1447 943 ὑπερορῶσα,
1499 872 1597 943 τήν
1629 874 1708 936 είς
1736 872 1824 926 τὸν
1865 873 2088 944 οὐρανὸν

520 959 637 1012 ὁδὸν
665 959 920 1028 βαδίζεις,
944 961 1095 1017 οὐδὲν
1120 960 1273 1033 οἶμαι
1295 963 1404 1017 δεῖν
1429 964 1807 1034 ἀμφισάλλειν.
1833 959 1963 1018 Οἶδα
1981 965 2088 1035 γάρ

522 1066 615 1103 σου
641 1052 739 1123 τῆς
760 1051 938 1123 ψυχῆς
955 1055 1013 1106 τὸ
1039 1054 1277 1123 εὐγενὲς,
1304 1057 1398 1110 καὶ
1424 1056 1748 1128 ἐλευθέριον,
1781 1057 1875 1109 καὶ
1903 1059 2085 1129 ἀπρα-

520 1137 797 1210 γμοσύνης
841 1141 1029 1211 γέμον,
1064 1142 1157 1196 καὶ
1206 1143 1313 1196 τῶν
1363 1145 1630 1214 βιωτικῶν
1673 1145 2086 1216 ἀπηλλαγμένον

519 1229 832 1300 φροντίδων.
863 1229 1148 1286 Ἐννοοῦσα
1176 1235 1355 1288 τοίνυν
1376 1236 1538 1305 ἡλίκα
1567 1240 1697 1308 ήμῖν
1723 1237 1916 1310 χαρίζῃ
1935 1236 2086 1291 τοῦτο

518 1319 768 1385 ποιοῦσα,
804 1321 967 1393 ἡνίκα
1004 1322 1071 1376 ἂν
1091 1324 1184 1395 ἐξῇ
1219 1327 1311 1379 καὶ
1333 1327 1554 1382 δυνατὸν
1585 1324 1640 1404 ᾗ,
1692 1330 1927 1401 συνεχῶς
1955 1331 2086 1401 ἡμῖν

518 1410 872 1482 ἐπιστέλλειν,
909 1416 1159 1485 καθάπερ
1194 1422 1632 1492 προειρήκαμεν,
1683 1423 2081 1494 παρακλήθητι,

518 1499 657 1555 ὥστε
683 1503 883 1576 πολλὴν
923 1507 1068 1577 ἡμᾶς
1089 1509 1182 1561 καλ⁸
1202 1509 1449 1563 ἐντεῦθεν
1478 1513 1576 1581 τῆς
1599 1513 1832 1583 ἐρημίας
1858 1511 2081 1583 ταύτης,

517 1591 577 1645 ἐν
667 1593 1031 1667 διατρίδομεν,
1061 1597 1244 1652 λαϐεῖν
1277 1601 1649 1672 παραμυθίαν.
1686 1604 1766 1657 Τά
1795 1603 1903 1676 γὰρ
1930 1596 2084 1675 ὑμῶν

515 1682 626 1735 τῶν
652 1683 986 1751 ἀγαπώντων
1007 1689 1158 1758 ἡμᾶς
1187 1691 1489 1760 γράμματα
1513 1685 1637 1746 ὅταν
1657 1695 1895 1764 συνεχῶς
1919 1695 2084 1766 φέρη-

518 1788 604 1825 ται
625 1772 765 1843 πρὸς
791 1776 954 1844 ἡμᾶς,
989 1776 1056 1830 τά
1093 1779 1221 1849 περί⁵
1255 1780 1354 1849 τῆς
1386 1781 1594 1850 ὑγιείας
1617 1783 1770 1854 ὑμῶν
1798 1784 2079 1856 δηλοῦντα,

514 1861 575 1914 οὑ
608 1861 706 1932 τῆς
730 1866 994 1937 τυχούσης
1028 1870 1177 1940 ἡμᾶς
1208 1872 1544 1944 ἐμπίπλησιν
1565 1876 1920 1948 εὐφροσύνης,
1949 1877 2084 1934 ἀλλά

512 1953 782 2027 τοσαύτην
813 1959 944 2029 ἡμῖν
973 1962 1190 2029 ἐμποιεῖ
1209 1963 1306 2035 τὴν
1335 1966 1525 2038 ἡδονήν
1545 2008 1560 2033 ,
1591 1968 1667 2032 ὡς
1702 1970 1837 2039 μηδὲ
1880 1971 2080 2043 μικρὰν

512 2043 765 2133 αἴσθησιν
786 2049 881 2117 τῆς
905 2052 1139 2122 ἐρημίας
1164 2055 1389 2126 ταύτης,
1422 2059 1480 2110 ἐν
1509 2053 1543 2129 ᾖ
1565 2057 2082 2133 διατρίὸομεν,μλαμ-

512 2131 713 2190 ὅάνειν.

1069 2235 1205 2290 ΛΓ.
1249 2237 1497 2308 Ἀδολίςῑ.

580 2314 691 2368 Καὶ
728 2319 897 2393 ταύτῃ
931 2337 1024 2376 σου
1063 2323 1161 2395 τὴν
1191 2327 1414 2398 ἀγάπην
1461 2330 1687 2398 ἔδειξας,
1727 2332 1825 2404 τὴν
1850 2333 2079 2405 γνησίαν

509 2406 602 2459 καὶ
640 2407 864 2481 θερμὴν,
898 2413 979 2465 ὅτι
1010 2415 1102 2468 καὶ
1141 2417 1200 2470 ἐν
1227 2418 1508 2491 ἀρρωστίᾳ
1555 2419 1722 2487 οὖσα,
1764 2425 1907 2480 οὕτω
1952 2443 2077 2481 συν-

507 2499 648 2568 εχῶς
674 2503 804 2572 ἡμῖν
832 2505 1181 2570 ἐπιστέλλεις.
1239 2510 1428 2579 Ἡμεῖς
1457 2513 1513 2566 δέ
1571 2515 1940 2588 ἐπιθυμοῦμεν
1977 2521 2076 2589 τῆς

504 2604 564 2640 τε
589 2590 898 2660 ἀρρωστίας
934 2611 993 2648 σε
1022 2597 1422 2670 ἀπαλλαγῆναι,
1455 2604 1548 2657 καὶ
1575 2605 1807 2659 ἐνταῦθα
1839 2625 2077 2678 παραγε-

503 2679 759 2751 νομένην,
788 2684 914 2736 ὅταν
952 2685 1048 2758 ἐξῇ
1073 2729 1088 2753 ,
1123 2688 1444 2744 θεάσασθαι.
1475 2695 1586 2748 Καὶ
1619 2696 1777 2750 τοῦτο
1805 2694 1957 2752 οἶσθα
1981 2703 2075 2755 καὶ

501 2767 662 2859 αὑτὴ,
695 2771 855 2841 κυρία
881 2790 981 2842 μου
1008 2761 1355 2851 κοσμιωτάτη
1379 2781 1472 2834 καὶ
1497 2783 1886 2859 εὐλαϐεστάτη.
1924 2791 2075 2845 Ἐπεὶ⁵

501 2856 617 2923 οἷν,
673 2862 807 2933 ὅπερ
839 2865 933 2918 καὶ
971 2866 1280 2939 ἔμπροσθεν
1315 2873 1647 2940 ἐπέσταλκα,
1685 2878 1779 2932 νῦν
1829 2856 1886 2933 ἐν
1922 2881 2072 2957 [615]

503 2953 742 3023 φροντίδι
795 2956 1002 3025 μείζονι
1050 2959 1468 3034 καθεστήκαμεν
1511 2968 1637 3038 (καὶ
1670 2970 1778 3042 γάρ
1809 2953 1935 3028 ἀπὸί
1963 2953 2073 3032 τῶν

501 3043 845 3137 γραμμάτων
900 3046 1311 3118 ἐποχασάμεθά
1354 3069 1447 3106 σου
1506 3057 1603 3128 τῆς
1633 3060 1945 3131 ἀρρωστίας
1975 3065 2072 3137 τὴν

501 3131 853 3223 ὑπερβολὴν),
875 3135 963 3189 διά
986 3154 1065 3190 τοι
1103 3139 1279 3206 τοῦτο,
1321 3144 1480 3214 ἡνίκα
1517 3148 1584 3200 ἂν
1607 3150 1750 3218 πρὸς
1771 3153 1832 3206 τὸ
1865 3131 2070 3223 βέλτιον

500 3221 668 3291 ἐπιδῷ
696 3240 778 3277 σοι
828 3225 887 3277 τὸ
947 3225 1124 3296 σῶμα,
1156 3228 1242 3282 διὰ
1291 3232 1488 3302 τάχους
1519 3235 1593 3298 ὡς
1625 3237 1803 3307 βούλει
1833 3221 2071 3313 δηλῶσαι

500 3313 635 3381 ήμῖν
662 3316 1043 3387 παρακλήθητι
1080 3319 1235 3374 τοῦτο
1262 3324 1413 3388 αὑτὸ,
1455 3326 1540 3380 ἴνα
1585 3328 1894 3405 βαρυτάτης
1921 3338 2070 3406 ἡμᾶς

500 3403 753 3474 ἀνεθῆναι
778 3409 1008 3481 ποιήσῃς
1035 3413 1332 3482 φροντίδος.
1369 3417 1489 3472 Ὅτι
1519 3420 1627 3492 γάρ
1653 3424 1746 3476 καὶ
1774 3403 1868 3478 νῦν
1887 3403 1987 3483 οὐκ
2012 3432 2069 3484 ἐν

503 3497 673 3585 μικρᾷ
708 3496 1117 3572 καθεστήκαμεν
1169 3505 1373 3578 ἀθυμίᾳ
1404 3509 1501 3581 τῆς
1540 3512 1850 3585 ἀρρωστίας
1886 3519 2067 3577 ἕνεκεν

506 3584 597 3684 της
626 3585 759 3684 σῆς,
767 3586 888 3643 οὑδέ
919 3593 1054 3663 αὑτὴ
1094 3595 1324 3662 ἀγνοεῖς.
1371 3600 1555 3655 Είδυῖα
1582 3584 1761 3659 τοίνυν
1789 3609 1886 3679 τὴν
1909 3628 2068 3684 φρον-

499 3674 700 3772 τίδα-ἐν
789 3679 884 3734 νῦν
905 3685 1091 3753 ἐσμεν,
1133 3687 1266 3758 ὅπερ
1302 3693 1758 3767 παρεκαλέσαμεν
1777 3739 1792 3764 ,
1842 3672 2068 3772 ποίήσαι

501 3766 819 3824 σπούδασον.
851 3773 912 3825 Εἰ
961 3775 1052 3828 καὶ
1097 3776 1164 3830 τά
1214 3780 1446 3850 μάλιστα
1500 3773 1766 3842 οὐδέν’σοι
1801 3792 1879 3854 είς
1913 3793 2068 3848 τοῦτο

501 3855 581 3908 δεῖ
617 3861 1043 3933 παρακλήσεωςο
1082 3866 1196 3920 ἀλλ’
1225 3865 1283 3922 εὖ
1313 3867 1410 3924 οἷδ’
1442 3873 1525 3927 ὅτι
1555 3875 1693 3930 ὅσων
1719 3879 1784 3932 ἂν
1807 3881 2067 3956 ἐπιτύχῃς

500 3955 1003 4050 γραμματηφόρων,
1027 3957 1086 4010 οὑ
1112 3959 1292 4032 παύσῃ
1323 3963 1389 4016 δι’
1415 3965 1644 4021 ἑκάστου
1673 3970 1803 4041 ήμῖν
1827 3955 2068 4030 ἐπιστέλ-

502 4051 589 4089 δ.ου
597 4054 682 4093 σα.

1025 4138 1153 4190 AA'.
1195 4141 1504 4209 Καρτερία.

569 4221 677 4274 Καὶ
710 4220 867 4317 τοῦτο
894 4224 995 4294 τῆς
1026 4228 1248 4299 ἀγάπης
1291 4232 1389 4301 τῆς
1425 4234 1546 4305 σῆς,
1584 4238 1681 4309 τῆς
1721 4257 2067 4317 μεμεριμνη-

501 4311 667 4408 μένης
706 4313 879 4408 ψυχῆς
911 4318 1012 4386 τῆς
1043 4320 1289 4390 σφοδρῶς
1323 4326 1450 4396 περὶ
1500 4328 1647 4396 ἡμᾶς
1695 4311 2062 4408 διακειμένης,

501 4403 556 4454 τὸ
605 4403 677 4473 μὴ
728 4405 887 4474 μόνον
935 4408 1250 4464 ἀποστεῖλαι
1297 4414 1358 4466 τὸ
1405 4417 1754 4492 πολυάρχιον,
1787 4403 1922 4482 ἀλλά
1972 4403 2065 4485 καὶ

506 4495 769 4586 σκοπῆται
812 4497 962 4560 ὅπως
1007 4499 1071 4553 ἂν
1105 4501 1314 4568 γένοιτο
1338 4509 1628 4579 χρήσιμον,
1666 4517 1982 4586 προσθεῖναί
2003 4541 2063 4576 τε

501 4585 644 4653 sint];
686 4586 746 4638 τό
784 4605 842 4640 τε
888 4590 1153 4661 νάρδινον,
1195 4596 1285 4648 καὶ
1318 4597 1378 4650 τὸ
1422 4585 1715 4666 γλεύκινον
1759 4607 1956 4676 ἔλαιον,
1988 4613 2064 4667 δι-

497 4676 756 4746 ορθοῦντα
779 4679 940 4733 αὑτοῦ
957 4680 1053 4752 τὴν
1071 4685 1177 4738 ἀπὸ
1193 4687 1291 4756 τῆς
1327 4692 1544 4761 μακρᾶς
1568 4695 1872 4769 ἀποδημίας
1902 4702 2060 4774 ξηρά.

501 4785 655 4837 τητα.
712 4771 824 4824 Καὶ
858 4772 920 4826 τὸ
961 4775 1131 4845 αὑτὴν
1169 4779 1262 4831 καὶ
1314 4786 1722 4841 κατασκευάσαι
1767 4791 1941 4858 τοῦτο,
1973 4798 2062 4852 καὶ

502 4857 576 4951 μή
625 4861 830 4931 ἑτέροις
877 4865 1187 4935 ἐπιτρέψαι,
1221 4869 1314 4922 καὶ
1342 4871 1414 4941 μὴ
1450 4874 1550 4944 τῆς
1581 4878 1881 4949 ταχύτητος
1913 4857 2064 4951 γενέ-

501 4949 644 5012 σθαι,
684 4951 820 5005 ἀλλά
844 4953 938 5006 τοῦ
975 4957 1228 5024 γενέσθαι
1267 4962 1553 5016 σπουδαῖον
1582 4966 1735 5033 αὐτὸ,
1769 4972 1862 5025 καὶ
1902 4949 2062 5030 τοῦτο

502 5041 735 5108 μάλιστα
774 5045 1169 5139 ἐκπλήττεσθαι
1189 5052 1344 5139 ,ἡμᾶς
1381 5055 1479 5124 τὴν
1529 5055 1767 5114 διάθεσιν
1792 5063 1889 5132 τὴν
1936 5070 2063 5139 περὶ

500 5132 646 5200 ἡμᾶς
680 5133 965 5203 πεποίηκε.
1000 5137 1098 5190 Διά
1121 5138 1276 5193 τοῦτό
1311 5158 1392 5194 σοι
1426 5145 1655 5215 χάριτας
1693 5132 2063 5227 ὁμολογοῦμεν

499 5221 554 5272 ἒν
591 5221 751 5314 μόνον
787 5226 1162 5294 ἐγκαλοῦντες,
1201 5231 1302 5296 ὅτι,
1338 5232 1365 5284 δ
1413 5236 1647 5302 μάλιστα
1701 5221 2064 5314 περισπούδα-

499 5329 619 5366 στον
647 5307 715 5383 ἦν
755 5315 903 5384 ἡμῖν,
931 5317 1088 5371 τοῦτο
1124 5320 1222 5372 οὑκ
1266 5321 1515 5394 ἔπεμψας
1544 5327 1633 5382 διὰ
1663 5307 2062 5407 τῶν-γραμμάς

497 5419 622 5464 των,
648 5403 713 5456 τὰ
741 5407 1027 5475 εὐαγγέλια
1068 5409 1210 5479 λέγω
1237 5412 1336 5482 τῆς
1376 5415 1476 5483 σῆς
1501 5417 1705 5488 ὑγείας.
1729 5403 1939 5492 Καὶήώς
1956 5403 2061 5486 -νῦν

496 5494 552 5543 ἐν
583 5497 816 5562 φροντίδι
851 5501 1283 5572 καθεστήκαμεν,
1313 5506 1412 5560 οὑκ
1467 5510 1667 5576 εἰδότες
1717 5511 1804 5569 οἷα
1843 5521 1941 5590 τῆς
1969 5523 2038 5594 ἀρ

498 5688 516 5735 >
561 5631 583 5656 ⁸
613 5632 694 5679 Sic
711 5633 804 5683 duo
822 5635 988 5698 optimi
1011 5651 1142 5696 mss.,
1161 5645 1308 5700 atque
1332 5641 1394 5690 ita
1418 5642 1539 5705 legit
1561 5644 1824 5709 lulerpres.
1840 5651 2057 5706 Εᾶ.ἀπο-

527 5708 728 5735 αυοντεε.

527 5708 728 5749 αυοντες.

1219 316 1278 372 S.
1318 314 1601 371 JOANNIS
1630 310 2114 373 CIIRYSUSTOMI
2145 309 2462 367 ARCIIIEP.
2503 311 3050 371 CONSTANTINOP.

3652 314 3768 372 630

2195 427 2429 496 ρωπίας
2459 426 2659 497 ἕστηκε
2692 426 2790 496 τῆς
2826 427 2954 496 σῆς·
2984 427 3154 491 οὕτως
3190 428 3256 482 ἂν
3282 429 3370 483 διά
3405 430 3602 500 τάχους
3631 433 3772 501 ημῖν

2193 517 2413 587 πέμψῃς
2435 519 2735 588 γράμματα
2753 518 3165 586 ἀπαγγέλλοντα
3181 521 3331 590 ἡμῖν,
3351 521 3431 574 ὅτι
3453 521 3669 575 λέλυται
3699 523 3774 576 τά

2189 607 2290 676 τῆς
2322 608 2499 672 νόσου,
2515 609 2585 662 τά
2607 609 2836 678 μέγιστα
2854 610 2988 680 ἡμῖν
3010 613 3196 682 χαριῇ.
3226 612 3408 676 Εἰδυῖα
3423 613 3602 666 τοίνυν
3616 615 3772 676 ὅπως

2191 698 2394 770 σφόδρα
2428 698 2799 769 ἐπιθυμοῦμεν
2831 698 3039 769 μαθεῖν,
3066 701 3148 754 ὅτι
3174 701 3237 770 δὴ
3267 704 3332 754 ἐκ
3357 704 3454 773 τῆς
3481 703 3771 768 ἀσθενείας

2189 789 2389 860 ταύτης
2416 790 2739 859 ἀνήνεγκας,
2781 790 3005 860 χαρίζου
3041 793 3171 862 ἡμῖν
3202 792 3405 863 ταύτην
3436 794 3535 865 τὴν
3570 795 3771 865 εὐφρο-

2192 879 2378 950 σύνην,
2421 881 2479 932 ἐν
2513 881 2578 949 τῇ
2613 878 2973 954 χαλεπωτάτῃ
3014 880 3188 954 ταύτῃ
3220 883 3424 954 ἐρημίᾳ
3447 901 3506 937 τε
3533 886 3628 939 καὶ
3662 902 3768 940 πο-

2189 967 2410 1040 λιορκίᾳ
2433 969 2491 1020 οὑ
2526 968 2728 1039 μικράν
2757 969 3023 1040 ἐσομένην
3045 971 3176 1041 ἡμῖν
3201 971 3568 1044 παράκλησιν.

2765 1083 2899 1142 AE’.
2945 1088 3185 1157 Ἀλφίῳ.

2269 1201 2326 1256 '0
2369 1200 2502 1265 Θεὸς
2541 1218 2622 1254 σοι
2651 1203 2743 1256 τὸν
2776 1203 2966 1273 μισθὸν
3005 1205 3137 1276 δῴη,
3164 1207 3259 1259 καὶ
3307 1208 3365 1260 ἐν
3408 1209 3487 1280 τῷ
3533 1211 3769 1284 παρόντι

2188 1293 2306 1363 βίῳ,
2340 1293 2433 1346 καὶ
2463 1295 2521 1346 ἐν
2545 1292 2622 1362 τῷ
2653 1293 2897 1362 μέλλοντι
2929 1294 3108 1358 αἰῶνι,
3134 1296 3234 1366 τῆς
3249 1298 3477 1368 γνησίας
3509 1301 3603 1353 καὶ
3637 1300 3766 1373 θερ-

2189 1384 2296 1454 μῆς
2326 1385 2453 1454 περὶ
2481 1386 2629 1455 ἡμᾶς
2653 1385 2893 1456 ἀγάπης,
2923 1386 3022 1456 τῆς
3055 1386 3401 1458 εἰλικρινοῦς,
3433 1391 3526 1444 καὶ
3558 1391 3658 1444 ἀνυ
3672 1409 3766 1445 που

2185 1468 2530 1545 κρίτουβτῆς
2582 1475 2859 1545 ἀκινήτου,
2897 1476 2988 1528 καὶ
3035 1477 3453 1548 ἀπεριτρέπτου.
3507 1482 3581 1534 Οὐ
3650 1483 3764 1553 γάρ

2188 1566 2359 1636 μικρά
2384 1565 2652 1636 δείγματα
2681 1567 2782 1637 τῆς
2797 1568 2923 1640 περὶ
2950 1571 3098 1640 ἡμᾶς
3115 1569 3425 1634 διαθέσεως,
3464 1572 3556 1626 καὶ
3585 1572 3764 1627 ταῦτα

2183 1655 2247 1710 ἐκ
2274 1655 2527 1709 τοσούτου
2563 1657 2867 1728 καθήμενος
2884 1659 3274 1731 διαστήματος,
3298 1662 3576 1729 ἐπεδείξω,
3600 1664 3762 1736 κύριέ

2187 1763 2288 1817 μου
2314 1747 2610 1818 τιμιώτατε
2645 1751 2738 1802 καὶ
2764 1751 3138 1818 εὑγενέστατε,
3162 1753 3300 1806 ἀλλά
3335 1755 3428 1808 καὶ
3459 1754 3634 1807 πολλά
3664 1756 3764 1811 καὶ

2185 1840 2414 1909 μεγάλα.
2451 1842 2551 1894 Διά
2586 1842 2745 1896 τοῦτό
2782 1859 2864 1896 σοι
2897 1845 3128 1913 χάριτας
3165 1843 3345 1916 ίσμεν,
3387 1847 3481 1900 καὶ
3519 1847 3763 1918 συνεχῶς

2181 1931 2514 1987 ἐπιστέλλειν
2559 1932 2901 2005 βουλόμεθαν
2922 1935 3038 1988 ἀλλ’
3061 1936 3121 1988 οὑ
3150 1937 3426 2006 δυνάμεθα
3475 1938 3665 2001 ὁσάκις
3693 1939 3765 1992 ἂν

2183 2019 2516 2092 βουλώμεθα,
2550 2023 2831 2093 γράφομεν
2854 2021 2911 2076 δέ
2939 2023 3129 2086 ὁσάκις
3162 2024 3228 2078 ἀν
3253 2023 3552 2096 δυνώμεθα.
3587 2022 3764 2081 Οἶσθα

2179 2112 2289 2183 γὰρ
2320 2113 2412 2166 καὶ
2444 2113 2543 2185 τὴν
2591 2113 2695 2168 ἀπὸ
2719 2115 2811 2168 τοῦ
2844 2114 3129 2186 χειμῶνος,
3164 2115 3259 2168 καὶ
3278 2114 3378 2187 τήν
3391 2115 3498 2170 ἀπὸ
3518 2116 3628 2170 τῶν
3661 2117 3763 2190 λῃ-

2183 2204 2421 2274 στρικῶν
2449 2205 2654 2272 ἐφόδων
2695 2207 2987 2277 γινομένην
3017 2207 3077 2259 ἐν
3114 2208 3234 2270 ταῖς
3266 2206 3405 2270 ὁδοῖς
3442 2207 3759 2262 δυσκολίαν.

2179 2295 2271 2366 Μὴ
2296 2295 2474 2348 τοίνυν
2491 2295 2718 2368 νομίσῃς
2739 2296 3002 2368 ῥᾳθυμεῖν
3025 2299 3192 2368 ἡμᾶς,
3210 2298 3338 2351 ὅταν
3357 2298 3574 2369 μακρὰν
3600 2301 3764 2371 σιγή-

2179 2396 2361 2450 σωμεν
2409 2383 2588 2453 σιγὴν,
2627 2382 2761 2436 ἀλλά
2789 2386 2854 2454 τῇ
2896 2387 3090 2438 σπάνει
3120 2385 3229 2439 τῶν
3259 2389 3764 2460 γραμματηφόρων

2178 2472 2326 2544 [614]
2359 2474 2513 2526 τοῦτο
2534 2473 2768 2542 λογίζου,
2795 2474 2869 2546 μὴ
2891 2478 2956 2546 τῇ
2984 2475 3244 2548 ὀλιγωρίᾳ
3270 2479 3337 2548 τῇ
3368 2478 3634 2551 ἡμετέρᾳ.
3669 2481 3761 2544 Ὠς

2176 2565 2290 2631 εἴγε
2331 2564 2553 2617 δυνατὸν
2601 2561 2670 2637 ἦν
2719 2567 3106 2638 συνεχέστερον
3161 2569 3515 2636 ἐπιστέλλειν,
3544 2571 3646 2625 οὐκ
3689 2571 3762 2627 ἂν

2174 2654 2501 2726 ὠκνήσαμεν
2541 2655 2723 2710 πυκνά
2763 2656 3074 2727 πέμποντές
3105 2676 3186 2714 σοι
3218 2659 3548 2732 γράμματα.
3591 2661 3762 2733 Ἡμῖν

2175 2747 2285 2819 γὰρ
2315 2748 2528 2812 ἐαυτοῖς
2559 2749 2944 2820 ἐχαριζόμεθα,
2972 2751 3073 2822 τὴν
3096 2752 3450 2824 ὀφειλομένην
3472 2770 3554 2807 σοι
3587 2754 3762 2826 πρόσ-

2176 2856 2335 2910 ρησιν
2368 2840 2747 2911 συνεχέστερον
2788 2841 3148 2908 ἀποδιδόντες.
3195 2844 3362 2899 Ταῦτ’
3412 2840 3508 2899 οὖν
3575 2843 3758 2911 εἰδὼς,

2172 2929 2350 2999 γράφε
2381 2930 2515 2999 ἡμῖν
2548 2928 2786 2999 συνεχῶς
2810 2931 2906 2984 καὶ
2944 2932 3106 2997 αὐτὸς
3137 2932 3206 2987 τὰ
3239 2934 3370 3006 περὶ
3403 2937 3504 3005 τῆς
3541 2935 3759 3004 ὑγιείας

2171 3019 2272 3086 τῆς
2301 3021 2420 3092 σῆς.
2442 3021 2618 3092 Ὀπερ
2647 3021 2781 3090 ἔφης
2798 3022 3198 3078 ἀπεσταλκέναι
3223 3026 3376 3097 ἡμῖν,
3399 3024 3559 3080 τοῦτο
3579 3027 3760 3092 οὐδεὶς

2171 3110 2427 3180 ἐκόμισεν
2470 3109 2724 3176 ἐνταῦθα,
2767 3111 2883 3166 ἀλλ’
2932 3112 3320 3186 ὑπέστρεψενὸ
3364 3115 3503 3188 ἔχων
3540 3117 3628 3172 διά
3661 3119 3757 3173 τὸν

2169 3201 2277 3255 τῶν
2308 3202 2520 3275 λῃστῶν
2543 3203 2726 3272 φόϐον.
2768 3204 2915 3276 Πλὴν
2931 3206 3359 3279 παρακαλοῦμέν
3386 3225 3446 3262 σε
3480 3209 3555 3280 μὴ
3577 3213 3757 3265 ποιεῖν

2168 3292 2346 3360 τοῦτο,
2405 3294 2539 3366 μηδέ
2588 3294 2873 3359 δυσκολίας
2930 3297 3109 3369 σαυτῷ
3163 3299 3423 3371 παρέχειν
3455 3302 3552 3355 καὶ
3605 3303 3754 3374 πρά-

2169 3400 2372 3453 γματα.
2402 3385 2481 3439 Τά
2509 3385 2616 3457 γὰρ
2642 3385 2853 3455 μεγάλα
2881 3403 2977 3441 σου
3005 3387 3173 3458 δῶρα,
3196 3391 3256 3444 τὸ
3280 3393 3502 3461 γνήσιόν
3536 3409 3631 3446 σου
3657 3395 3756 3448 καὶ

2170 3475 2369 3546 θερμὸν
2407 3477 2505 3547 τῆς
2546 3476 2856 3544 διαθέσεως,
2911 3474 2973 3533 οὑ
3044 3480 3308 3551 διηνεκῶς
3359 3483 3750 3554 ἀπολαύοντες,

2170 3567 2523 3637 ὲντρυςοῶμλεν
2552 3567 2637 3620 ἀεὶ
2661 3571 2726 3638 τῇ
2764 3570 2952 3640 μνήμῃ
2973 3569 3079 3640 πῆς
3103 3569 3204 3642 σῆς
3227 3573 3468 3644 ἀγάπηςο

2296 3681 2440 3746 ΛΕΤ.
2479 3677 2713 3747 Μάρωνι
2748 3682 3122 3750 πρεσϐυτέρῳ
3154 3683 3252 3738 καὶ
3279 3683 3616 3753 μονάζοντι.

2252 3792 2442 3861 Ἡμεῖς
2469 3793 2535 3863 τῇ
2572 3792 2669 3864 μέν
2698 3794 2886 3866 ἀγάπῃ
2913 3795 3274 3866 συνδεδέμεθά
3307 3814 3390 3850 σοι
3425 3799 3520 3852 καὶ
3544 3802 3609 3871 τῇ
3631 3799 3751 3854 δια-

2171 3882 2336 3948 θέσει,
2368 3884 2459 3937 καὶ
2499 3883 2576 3948 ὡς
2626 3885 2869 3956 παρόντα
2907 3903 2968 3939 σε
3012 3887 3244 3942 ἐνταῦθα
3297 3889 3469 3954 οὑτως
3506 3891 3744 3962 ὁρῶμεν.

2169 3975 2408 4028 Τοιοῦτοι
2434 3975 2542 4048 γάρ
2574 3975 2672 4047 τῆς
2701 3977 2923 4049 ἀγάπης
2964 3979 3013 4032 οἱ
3042 3980 3340 4052 ὀφθαλμοῦ
3373 3982 3473 4053 οὑχ
3504 3983 3606 4053 ὁδῷ
3638 3984 3751 4036 δια-

2167 4067 2476 4129 κόπτονται,
2514 4067 2572 4119 οὑ
2618 4069 2796 4139 χρόνῳ
2848 4070 3218 4140 μαραίνονται.
3281 4072 3644 4146 Ἐϐουλόμεθα
3689 4076 3749 4129 δέ

2168 4159 2262 4211 καὶ
2295 4161 2674 4234 συνεχέστερον
2709 4162 3042 4215 ἐπιστέλλειν
3072 4166 3138 4234 τῇ
3187 4163 3444 4236 εὐλαϐείᾳ
3475 4183 3591 4230 σου,
3628 4167 3746 4221 ἀλλ’

2168 4251 2353 4321 ἐπειδὴ
2388 4252 2545 4306 τοῦτο
2577 4254 2676 4306 οὑκ
2701 4253 2776 4306 ἐνι
2808 4253 2987 4325 ῥᾴδιον
3027 4253 3117 4308 διὰ
3155 4254 3254 4326 τὴν
3286 4257 3386 4326 τῆς
3405 4257 3528 4311 ὁδοῦ
3554 4259 3748 4313 δυσκο-

2166 4343 2304 4410 λίαν,
2339 4346 2429 4398 καὶ
2460 4345 2555 4417 τὴν
2587 4346 2820 4416 ἀπορίαν
2850 4345 2958 4399 τῶν
2997 4346 3310 4419 ὁδοιπόρων,
3349 4350 3514 4420 ήνίκα
3545 4353 3612 4404 ἂν
3643 4353 3742 4424 ἐξῇ

2166 4437 2643 4508 προσαγορεύομέν
2695 4455 2788 4491 σου
2827 4439 2925 4510 τὴν
2973 4440 3284 4511 τιμιότητα,
3317 4441 3410 4494 καὶ
3458 4442 3618 4514 δῆλόν
3659 4462 3745 4498 σοι

2165 4528 2444 4598 ποιοῦμεν,
2475 4531 2554 4582 ὅτι
2583 4529 2844 4600 διηνεκῶς
2877 4530 2970 4583 ἐπὶ
2997 4531 3218 4602 μνήμης
3248 4549 3307 4585 σε
3340 4533 3556 4605 ἔχομεν,
3595 4538 3653 4590 ἐν
3673 4539 3741 4608 τῇ

2163 4620 2308 4693 ψυχῇ
2346 4625 2409 4693 τῇ
2458 4624 2703 4694 ἡμετέρᾳ
2745 4624 3146 4694 περιφέροντες,
3175 4626 3416 4697 ὅπουπερ
3457 4627 3524 4682 ἂν
3567 4622 3741 4700 ὦμεν.

2164 4716 2334 4784 Δήλου
2381 4714 2558 4769 τοίνυν
2607 4715 2701 4768 καὶ
2746 4715 2907 4778 αὑτὸς
2944 4718 3075 4788 ἡμῖν
3107 4720 3489 4792 συνεχέστερον
3514 4721 3583 4776 τά
3612 4727 3746 4797 περὶ

2164 4805 2260 4875 τῆς
2285 4805 2492 4872 ὑγιείας
2513 4805 2610 4875 τῆς
2641 4805 2758 4875 σῆς,
2791 4805 2878 4858 ἴνα
2912 4807 3003 4859 καὶ
3041 4807 3120 4878 τῷ
3154 4807 3364 4878 σώματι
3398 4814 3745 4882 κεχωρισμέ-

2165 4914 2262 4961 νοι,
2302 4896 2661 4966 μανθάνοντες
2695 4897 2932 4967 συνεχῶς
2980 4897 3048 4951 τά
3093 4901 3220 4970 περὶ
3264 4901 3364 4972 τῆς
3395 4901 3611 4972 ῥώσεως
3641 4907 3744 4975 τῆς

2165 4987 2282 5056 σῆς,
2324 4987 2676 5056 εὐθυμότεροι
2710 4987 3006 5057 γινώμεθα,
3051 4991 3146 5043 καὶ⁵
3195 4991 3395 5063 πολλὴν
3437 4995 3494 5046 ἐν
3532 4995 3744 5068 ἐρημίᾳ

2163 5076 2460 5145 καθήμενοι
2487 5074 2771 5146 δεχώμεθα
2790 5078 2889 5150 τὴν
2911 5078 3272 5150 παράκλησιν.
3299 5083 3372 5136 Οὐ
3403 5082 3602 5154 μικρὰν
3629 5084 3744 5157 γὰρ

2162 5169 2293 5238 ἡμῖν
2321 5167 2658 5239 εὐφροσύνην
2677 5169 2888 5240 κομίζει
2910 5171 2971 5224 τὸ
3002 5172 3221 5225 ἀκούειν
3249 5174 3377 5246 περὶ
3404 5175 3503 5247 τῆς
3527 5176 3742 5243 ὑγιείας

2161 5259 2260 5328 τῆς
2286 5260 2404 5329 σῆς.
2443 5261 2551 5312 Καὶ
2579 5260 2683 5331 πρὸ
2725 5261 2938 5316 πάντων
2981 5261 3233 5333 εῦχεσθαι
3277 5267 3416 5338 ὑπὲρ
3463 5265 3618 5339 ἡμῶν
3641 5287 3742 5324 παο

2166 5349 2483 5421 ρακλήθητι.

2499 5508 2626 5561 ΛΖ⁷.
2673 5510 3050 5577 Τραγκυλίιψ
3072 5509 3399 5578 ἑπισκόπῳ.

2235 5621 2335 5674 Τὸν
2364 5619 2553 5690 κύριόν
2585 5637 2684 5689 μου
2727 5621 2815 5674 τὸν
2857 5624 3184 5692 τιμιώτατον
3212 5626 3510 5702 ἐπίσκοπον
3541 5627 3734 5682 Σέλεο-

2167 5726 2260 5771 κον
2289 5712 2494 5766 οἴκοθεν
2520 5712 2617 5782 μὲν
2649 5715 2677 5765 ὁ
2717 5728 2779 5764 πε
2792 5712 2843 5783 ρὶ
2873 5716 3015 5784 ημᾶς
3055 5716 3315 5790 ἀνέστησε
3349 5720 3530 5786 πόθος,
3556 5720 3736 5776 hnc]—
