4078 6444
273 327 379 383 θῖΒ

277 436 509 496 subinde
553 436 797 504 accipere
836 449 989 492 aveo,
1034 447 1141 503 quo
1184 431 1234 486 id
1265 431 1407 502 quod
1451 433 1611 504 cupio
1658 433 1886 490 subinde

280 529 600 599 intelligam,
630 540 827 595 nempe
855 537 905 580 te
933 527 986 578 in
1016 540 1208 595 magna
1231 526 1394 579 animi
1423 524 1803 596 tranquillitate
1823 540 1888 579 ac

281 620 577 678 securitate
623 617 846 672 versari.
892 615 1024 671 Nam
1069 617 1116 671 si
1159 616 1274 671 haec
1305 617 1398 673 tibi
1453 616 1651 681 adsint,
1679 615 1805 686 quin
1832 624 1888 669 tu

277 724 498 766 summa
523 723 653 764 cura
684 718 739 764 et
776 708 954 763 studio
995 708 1188 762 animae
1214 716 1320 763 tua:
1341 707 1614 772 consulas,
1646 717 1890 762 contem-

285 807 499 873 ptisque
560 803 780 871 hujusce
808 801 932 855 vitat
962 799 1125 855 rebus
1146 802 1249 858 iter
1271 799 1488 865 caeleste
1514 805 1720 865 teneas,
1741 797 1888 852 nullo

286 895 449 951 modo
492 894 845 950 dubitandum
866 902 1014 964 puto.
1045 892 1319 963 Siquidem
1346 891 1415 948 de
1442 892 1637 948 animas
1660 897 1768 946 tua
1785 906 1886 947 no-

287 987 493 1041 bilitate
521 995 684 1057 atque
702 985 1030 1056 ingenuitate
1054 984 1184 1039 mihi
1206 991 1290 1039 est
1313 984 1674 1054 exploratum,
1700 997 1888 1053 quam-

285 1089 392 1150 que
417 1094 446 1134 ο
487 1079 826 1150 negotiorum
868 1077 1184 1133 tumultibus
1222 1086 1384 1148 atque
1407 1077 1566 1147 hujus
1590 1077 1716 1132 vitae
1744 1075 1890 1132 curis

288 1173 544 1228 immunis
574 1187 638 1225 ac
669 1170 837 1226 libera
879 1170 975 1226 sis.
1007 1169 1141 1225 Cum
1174 1168 1336 1240 igitur
1375 1177 1630 1240 quantam
1657 1182 1690 1222 a
1712 1166 1889 1230 nobis,

285 1255 504 1331 quando
532 1259 586 1314 id
613 1258 761 1324 facis,
806 1259 1029 1330 gratiam
1068 1257 1238 1324 ineas,
1289 1256 1707 1324 animadvertas,
1753 1271 1890 1328 quo-

287 1352 387 1407 ties
415 1349 642 1406 facultas
666 1350 942 1422 continget
967 1364 1030 1403 ac
1055 1347 1170 1403 ﬁeri
1192 1349 1407 1418 poterit,
1438 1347 1891 1417 quemadmodum

281 1441 394 1512 jam
417 1439 552 1508 dixi,
582 1455 765 1513 quaeso
794 1440 862 1496 ad
893 1454 990 1495 nos
1010 1439 1216 1494 scribas
1241 1455 1256 1492 :
1285 1454 1391 1509 quo
1412 1454 1510 1493 nos
1530 1439 1654 1492 hinc
1679 1452 1893 1509 quoque

281 1533 597 1590 solitudinis
635 1533 813 1603 hujus,
846 1532 900 1587 in
927 1545 1033 1603 qua
1053 1532 1317 1602 degimus,
1355 1530 1676 1587 levationem
1710 1530 1895 1600 capia-

287 1639 432 1681 mus.
451 1623 668 1680 Etenim
689 1624 858 1679 litem
871 1629 1086 1689 vestrm,
1110 1622 1209 1678 hoc
1229 1631 1312 1677 est
1328 1636 1512 1676 eorum
1531 1620 1725 1692 quibus
1744 1620 1895 1675 cordi

287 1730 498 1782 sumus,
539 1723 664 1771 cum
708 1713 901 1770 crebro
944 1713 1012 1768 ad
1052 1729 1151 1768 nos
1186 1712 1505 1779 afferuntur,
1533 1727 1598 1768 ac
1619 1711 1689 1767 de
1716 1719 1895 1766 vestra

293 1806 606 1864 valetudine
627 1806 888 1862 certiores
916 1818 1018 1860 nos
1043 1805 1263 1871 faciunt,
1297 1820 1406 1860 non
1436 1804 1709 1874 vulgarem
1743 1801 1898 1857 nobis

289 1900 622 1969 voluptatem
662 1895 921 1960 afferunt;
949 1910 1138 1951 verum
1163 1902 1312 1950 tanto
1334 1909 1431 1950 nos
1460 1893 1655 1965 gaudio
1677 1893 1899 1965 perfun-

293 1991 445 2056 dunt,
476 1999 535 2046 ut
558 1989 900 2046 solitudinem
926 1988 1088 2056 hanc,
1131 1989 1184 2043 in
1213 2003 1317 2058 qua
1363 2002 1785 2053 eommoramur,
1829 2001 1899 2042 ne

290 2083 557 2138 tantulum
585 2081 801 2152 quidem
832 2081 1147 2136 sentiamus.

395 2171 684 2229 XXXIII.
714 2173 933 2228 Adoliw.
969 2171 1202 2244 (Cucuso
1230 2185 1374 2228 anno
1399 2171 1505 2228 404
1532 2171 1619 2227 vel
1645 2168 1799 2243 405.)

363 2264 444 2320 Tu
471 2265 599 2320 hinc
623 2278 835 2336 quoque
863 2265 1090 2319 sincem
1114 2262 1268 2318 istius
1288 2273 1342 2318 et
1369 2263 1611 2318 ardentis
1637 2272 1742 2317 tua:
1763 2260 1901 2316 cari-

293 2357 424 2412 tatis
448 2357 831 2413 documentum
862 2355 1078 2422 dedisti,
1110 2354 1253 2426 quod
1280 2369 1400 2409 cum
1430 2355 1656 2410 adversa
1692 2353 1895 2408 valetu-

292 2449 421 2504 dine
448 2448 547 2513 sis,
581 2447 763 2502 literas
799 2455 975 2501 tamen
1002 2445 1070 2499 ad
1095 2459 1194 2500 nos
1236 2444 1366 2500 dare
1404 2459 1511 2500 non
1552 2444 1896 2500 intermittas.

292 2539 403 2594 Nos
428 2553 559 2594 vero
581 2547 634 2593 te
663 2537 854 2593 morbo
886 2536 1122 2602 liberari,
1145 2543 1306 2607 atque
1325 2577 1340 2603 ,
1368 2550 1489 2590 cum
1534 2534 1769 2602 licuerit,
1801 2549 1898 2589 ve-

293 2615 534 2687 nientbm
563 2629 666 2682 huc
692 2627 880 2683 videre
922 2630 1185 2698 cupimus.
1223 2626 1386 2697 idque
1429 2628 1538 2697 ipsa
1583 2627 1710 2694 scis,
1744 2641 1904 2681 orna-

293 2712 502 2778 tissima
529 2735 647 2776 mea
670 2735 732 2776 ac
756 2719 1157 2790 religiosissima
1180 2718 1416 2774 domina.
1439 2719 1701 2786 Quoniam
1720 2719 1901 2790 igitur,

293 2824 353 2868 ut
381 2813 546 2868 etiam
582 2811 812 2866 antehac
849 2810 1062 2879 scripsi,
1095 2824 1238 2864 nunc
1263 2809 1318 2865 in
1346 2810 1549 2880 majore
1576 2825 1704 2865 cura
1730 2818 1785 2865 et
1803 2809 1905 2864 solo

293 2904 572 2960 licitudine
612 2902 1118 2973 sumus(siquidem
1145 2917 1215 2957 ex
1259 2902 1430 2957 literis
1476 2903 1580 2956 tuis
1623 2901 1900 2971 ingentem

293 2995 470 3050 morbi
502 2993 578 3048 tui
621 2993 1040 3064 magnitudinem
1086 3006 1209 3048 esse
1252 2991 1645 3062 conjecimus),
1677 2992 1898 3059 idcirco,

294 3101 418 3142 cum
447 3085 672 3140 meliore
697 3084 938 3154 corporis
963 3083 1266 3138 valetudine
1301 3083 1486 3148 fueris,
1519 3083 1680 3138 velim
1708 3082 1901 3138 celeri-

294 3188 381 3234 ter
406 3178 461 3232 id
492 3177 645 3233 nobis
675 3176 963 3247 signiﬁces,
983 3191 1089 3246 quo
1116 3190 1214 3230 nos
1238 3175 1558 3245 gravissima
1580 3189 1706 3230 cura
1730 3175 1900 3230 leves.

297 3271 431 3329 Nam
464 3269 608 3342 quod
633 3285 776 3325 nunc
802 3270 873 3324 ob
902 3269 1147 3324 morbum
1181 3277 1328 3323 tuum
1360 3267 1501 3323 haud
1519 3268 1621 3322 levi
1648 3266 1902 3323 maestitia

297 3363 621 3428 afﬁciamnr,
656 3377 724 3417 ne
747 3362 859 3432 ipsa
887 3362 1103 3431 quidem
1132 3363 1365 3431 ignoras.
1396 3361 1756 3432 QuaprOpter,
1779 3375 1903 3414 cum

294 3469 482 3511 curam
508 3468 650 3520 eam,
682 3469 784 3523 qua
811 3469 954 3507 nunc
983 3455 1294 3524 premimur,
1319 3455 1656 3524 etploralam
1681 3452 1902 3520 habeas,

292 3547 349 3602 id
383 3546 526 3617 quod
554 3546 650 3600 abs
681 3557 732 3600 te
759 3546 1011 3615 petimus,
1047 3547 1226 3601 facere
1259 3548 1434 3602 stude.
1468 3547 1804 3616 Quamquam
1836 3545 1904 3600 ad

299 3639 403 3694 hoc
432 3639 732 3707 prmsertim
754 3637 884 3691 nihil
911 3649 992 3690 est
1015 3653 1112 3691 cur
1139 3649 1188 3691 te
1217 3639 1470 3693 cohorter
1503 3656 1514 3691 :
1543 3653 1718 3709 neque
1760 3639 1904 3692 enim

299 3729 506 3792 dubito,
534 3728 659 3796 quin
692 3729 900 3796 quoties
928 3727 1235 3783 tabellarios
1261 3738 1415 3782 nacta
1444 3727 1627 3794 fueris,
1649 3729 1808 3784 toties
1839 3727 1906 3782 ad

299 3834 401 3875 nos
427 3818 693 3888 scriptura
724 3819 817 3872 sis.

517 3911 787 3966 XXXIV.
832 3910 1097 3966 Carlerial.
1125 3911 1356 3982 (Cueuso
1385 3928 1524 3966 anno
1549 3913 1704 3984 40!.)

375 4004 520 4060 Istud
563 4020 775 4074 quoque
823 4019 921 4073 pro
965 4012 1053 4056 tua
1081 4004 1304 4058 caritate
1344 4005 1618 4075 animique
1647 4004 1908 4059 sollicitu—

301 4099 446 4164 dine,
482 4109 643 4169 atquc
674 4098 874 4166 ingenti
903 4112 1026 4167 erga
1063 4114 1159 4151 ras
1205 4098 1577 4153 ὺ‹·;;‹»γυ1ωιιῑει
1608 4101 1703 4154 abs
1745 4109 1794 4154 te
1833 4099 1910 4151 fa-

303 4203 447 4248 ctum
470 4190 732 4260 est,quod
759 4205 865 4243 non
891 4189 1062 4243 solum
1099 4191 1460 4260 ;,.'Ily31-"llilllll
1487 4191 1784 4263 (a)misisti,
1818 4210 1911 4249 ve-

304 4301 422 4340 rum
440 4284 613 4339 etiam
642 4280 771 4335 illud
814 4283 1086 4351 spectasti,
1116 4299 1346 4350 (μιμιιιηιι
1398 4291 1554 4352 pacto
1597 4285 1752 4338 nobis
1792 4286 1910 4341 usui

309 4391 427 4432 esse
456 4375 648 4445 possit,
681 4383 840 4443 atque
867 4374 968 4443 ipsi
1017 4385 1054 4428 tt
1080 4393 1127 4428 nt
1160 4377 1464 4443 nardinum,
1498 4388 1607 4430 tum
1641 4389 1910 4435 musteum

361 4482 486 4521 eum
537 4464 938 4536 addidisti,quo
973 4466 1140 4535 ipsius
1182 4468 1404 4521 siccitati
1431 4469 1682 4540 exlongo
1723 4471 1912 4526 itinere

305 4566 598 4613 contractae
629 4558 941 4613 medereris.
968 4559 1104 4625 Quin
1140 4559 1240 4615 hoc
1263 4577 1475 4631 quoque
1511 4565 1726 4618 nomine
1767 4574 1912 4620 tuam

310 4665 435 4720 erga
467 4664 562 4703 nos
597 4648 1022 4703 benevolentiam
1055 4666 1397 4721 summopere
1427 4654 1672 4708 admirati
1703 4672 1907 4722 sumus,

306 4744 451 4814 quod
495 4743 723 4813 ipsamet
766 4743 869 4798 hoc
907 4742 1152 4808 effecisti,
1187 4759 1250 4798 ac
1289 4760 1394 4799 non
1443 4747 1565 4801 aliis
1597 4748 1647 4801 id
1675 4747 1914 4804 efﬁcien-

265 4837 436 4892 ..dum
469 4836 754 4899 mandasti,
794 4844 953 4906 atque
983 4844 1042 4890 ut
1072 4837 1236 4905 probe
1264 4840 1440 4906 potius
1468 4855 1530 4893 ac
1561 4841 1712 4904 scite,
1754 4857 1913 4913 quam

310 4938 369 4984 ut
396 4927 714 4984 festinanter
741 4927 911 4994 ﬁeret,
941 4942 1160 4998 operam
1196 4929 1407 4985 dedisti.
1441 4930 1565 4986 Ideo
1590 4934 1789 5003 gratias
1822 4934 1914 4989 tibi

310 5021 541 5091 agimus,
573 5020 625 5074 in
667 5018 769 5074 hoc
807 5019 993 5103 solum.
1030 5030 1081 5076 te
1119 5031 1456 5091 accusantes,
1507 5025 1648 5094 quod
1673 5027 1724 5081 id
1774 5028 1915 5098 quod

311 5114 547 5168 maxime
575 5112 890 5181 optabamus
917 5129 1011 5182 per
1041 5114 1223 5169 literas
1240 5115 1459 5172 minime
1481 5118 1693 5185 misisti,
1713 5120 1816 5174 hoc
1836 5129 1920 5175 est

308 5207 602 5277 jucundum
627 5205 693 5259 de
718 5214 802 5258 tua
827 5206 1057 5259 sanitate
1091 5207 1355 5262 nuntium.
1403 5208 1664 5264 Utautem
1718 5211 1918 5267 idcirco

313 5299 475 5353 anxio
504 5298 685 5350 animo
707 5311 916 5362 sumus,
945 5298 1086 5367 quod
1129 5298 1302 5354 morbi
1355 5301 1426 5354 tui
1465 5311 1662 5356 statum
1702 5305 1915 5357 nescia-

315 5406 434 5447 mus
465 5410 479 5446 :
507 5390 696 5446 eodem
725 5391 907 5453 modo,
938 5392 980 5444 si
1012 5394 1182 5459 primo
1226 5410 1437 5463 quoque
1483 5404 1722 5465 tempore
1763 5397 1918 5453 nobis

317 5485 500 5538 literas
529 5483 761 5550 miseris,
784 5482 977 5552 quibus
1005 5499 1124 5537 eum
1157 5483 1488 5554 profligatum
1517 5497 1572 5541 et
1595 5489 1918 5542 exstinctum

383 5615 460 5677 (α)
496 5620 660 5664 Genus
678 5616 941 5676 unguenti,
959 5616 1085 5676 quod
1110 5615 1226 5663 alibi
1242 5625 1563 5667 memoratum
1591 5631 1687 5666 non
1711 5619 1922 5669 occurrit

320 5680 434 5748 mihi
458 5691 473 5748 ξ
497 5678 758 5748 nardinum
780 5682 826 5748 et
849 5681 1085 5748 musteum
1105 5677 1286 5748 oleum,
1310 5689 1575 5748 unguenta
1597 5693 1733 5748 quae”
1751 5690 1922 5732 essent

325 5741 436 5790 vide
460 5737 510 5786 in
539 5738 823 5800 antiquitate
865 5737 1202 5798 explanatione
1244 5747 1288 5790 et
1327 5737 1644 5792 schematibus
1678 5740 1921 5796 illustrem

326 5812 476 5854 'romo
497 5808 566 5862 ω,
585 5799 707 5865 part.
734 5800 781 5863 2,
809 5799 894 5850 lib.
922 5801 966 5852 l.
984 5813 1089 5870 cap.
1109 5803 1156 5851 3.

1745 317 2128 380 Ερῐδτοωε.

3503 317 3609 375 630

2000 449 2125 491 esse
2151 433 2535 504 intelligamus,
2565 444 2801 487 maximo
2831 445 2929 489 nos
2975 425 3235 484 beneﬁcio
3273 429 3609 487 devinxeris.

1998 527 2131 584 Cum
2172 526 2333 597 igitur
2360 527 2519 592 scias,
2549 542 2708 595 quam
2731 525 3081 580 vehementer
3113 524 3411 596 intelligi-re
3431 526 3612 594 cupia-

2001 633 2143 686 mus,
2174 618 2233 673 te
2263 633 2335 673 ex
2379 619 2481 674 hac
2521 618 2750 674 adversa
2798 618 3105 674 valetudine
3142 616 3256 688 jam
3299 617 3610 682 emersisse.

2003 709 2163 776 hanc,
2199 724 2408 780 quaeso,
2450 711 2781 779 voluptatem
2820 709 2975 765 nobis
3025 708 3222 779 largire
3265 723 3388 779 quas
3429 709 3485 763 in
3515 708 3615 764 hac

2004 801 2384 858 molestissima
2417 802 2706 858 solitudine
2731 813 2788 858 et
2813 802 3094 858 obsidione
3123 817 3230 864 non
3256 817 3476 874 parvam
3510 819 3613 856 no-

2003 893 2086 949 bis
2111 893 2536 949 consolationem
2576 893 2801 949 allatura
2829 903 2933 948 est.

2214 983 2454 1040 XXXV.
2495 985 2706 1056 Alphio.
2740 987 2978 1054 (Cucuso
3007 999 3150 1040 anno
3172 984 3332 1055 405.)

2079 1079 2250 1135 Velim
2292 1080 2385 1135 tibi
2415 1079 2558 1136 Deus
2588 1080 2814 1135 sincerae
2842 1089 3004 1149 atque
3029 1080 3268 1134 ardentis
3295 1092 3360 1134 ac
3383 1092 3531 1150 purae
3557 1087 3613 1134 et

2003 1171 2072 1227 ab
2119 1172 2269 1228 omni
2307 1173 2650 1229 simulatione
2687 1173 2900 1238 aliena,
2927 1173 3204 1244 ﬁrmaeque
3228 1182 3282 1228 et
3311 1175 3614 1229 constantis

2004 1281 2130 1336 erga
2179 1279 2280 1321 nos
2321 1266 2586 1332 caritatis,
2629 1274 2740 1321 tum
2770 1267 2824 1320 in
2850 1266 2952 1321 hac
2976 1266 3234 1337 prasenti
3264 1267 3390 1330 vita,
3420 1277 3531 1322 tum
3560 1266 3614 1320 in

2005 1358 2185 1413 futuro
2206 1372 2346 1425 avo,
2376 1357 2659 1428 praemium
2698 1349 2918 1413 tribuat.
2959 1353 3070 1414 Nec
3119 1360 3263 1414 enim
3303 1361 3474 1428 parva
3508 1367 3615 1412 tu:e

2004 1464 2131 1520 erga
2156 1463 2256 1504 nos
2293 1449 2690 1505 benevolentia:
2714 1448 3059 1515 documenta,
3090 1450 3252 1519 idque
3279 1453 3428 1502 tanto
3455 1463 3485 1501 a
3520 1465 3615 1499 Im-

2005 1540 2087 1596 bis
2116 1541 2356 1596 locornm
2384 1541 2670 1598 intervallo
2702 1541 3024 1613 disjunctus,
3055 1542 3369 1605 exhibuisti,
3398 1542 3616 1595 domine

2005 1634 2080 1689 mi
2110 1633 2526 1690 honoratissime
2566 1649 2632 1692 ac
2667 1635 3086 1706 generosissime
3109 1674 3124 1699 ,
3152 1648 3337 1688 verum
3368 1643 3422 1686 et
3449 1631 3616 1686 multa

2004 1737 2058 1781 et
2084 1726 2363 1799 praeclara.
2402 1728 2589 1799 quue
2630 1729 2851 1784 nomine
2878 1729 3078 1798 gratias
3106 1727 3200 1783 tibi
3233 1720 3536 1791 habemus,
3562 1733 3619 1778 et

2005 1830 2149 1888 sape
2175 1817 2244 1874 ad
2271 1828 2324 1875 te
2350 1818 2588 1875 scribere
2615 1819 2861 1890 cupimus
2887 1838 2900 1874 :
2924 1833 3111 1874 verum
3131 1819 3343 1889 quoties
3368 1817 3619 1873 volumus

2007 1925 2116 1965 non
2140 1911 2284 1979 licet,
2316 1912 2412 1967 sed
2438 1913 2651 1982 quoties
2678 1926 2965 1982 possumus
2991 1910 3298 1966 scribimus.
3329 1909 3448 1964 Scis
3472 1909 3618 1961 enini

2006 2014 2203 2074 quanta
2232 2019 2299 2060 ex
2326 2003 2505 2060 hieme
2529 2018 2594 2082 ac
2622 2003 2936 2073 pmdonum
2963 2004 3169 2070 impetu
3194 2001 3446 2056 itinerum
3479 1999 3621 2054 dini-

2006 2097 2179 2152 cultas
2208 2097 2434 2152 oriatur.
2467 2095 2814 2166 Quapropter
2839 2109 2963 2151 cum
2993 2095 3249 2150 diuturno
3276 2105 3519 2163 tempore
3547 2091 3622 2146 si-

2009 2187 2199 2253 lemus,
2225 2202 2294 2242 ne
2321 2185 2375 2242 id
2405 2185 2728 2257 negligentia
2757 2196 2939 2241 nostra
2966 2185 3079 2241 ﬁeri
3109 2184 3406 2251 existimes,
3432 2197 3621 2236 verum

2010 2280 2416 2335 tabellariorum
2442 2280 2638 2350 inopia:
2665 2278 2830 2346 istud,
2863 2293 2973 2333 non
3002 2277 3267 2332 socordiae.
3297 2285 3497 2330 nostra:
3525 2273 3621 2327 ad-

2009 2371 2234 2426 scribas.
2266 2369 2401 2425 Nam
2427 2370 2474 2425 si
2500 2370 2698 2440 saepius
2723 2370 2793 2424 ad
2823 2377 2877 2424 te
2904 2369 3173 2424 scribendi
3201 2367 3428 2421 facultas
3457 2364 3623 2420 offer-

2008 2469 2177 2527 retur,
2209 2461 2542 2532 frequentius
2567 2460 2636 2515 ad
2663 2471 2714 2516 te
2758 2460 2941 2515 literas
2971 2460 3103 2514 dare
3140 2459 3360 2513 minime
3405 2469 3504 2510 nos
3543 2457 3624 2526 pi-

2007 2555 2227 2625 guisset.
2250 2553 2525 2625 Siquidem
2548 2553 2821 2609 nobismet
2838 2553 3201 2624 gratissimum
3228 2551 3474 2616 facimus,
3500 2564 3626 2605 cum

2008 2644 2192 2701 debito
2222 2643 2315 2700 tibi
2357 2644 2697 2700 salutationis
2735 2659 2963 2699 munere
2999 2643 3196 2713 saepius
3226 2640 3620 2712 perfungimur.

2013 2736 2138 2792 Haec
2167 2751 2289 2790 cum
2318 2737 2490 2802 scias,
2522 2730 2585 2791 tit
2610 2751 2825 2807 quoque
2854 2736 2922 2790 de
2954 2744 3041 2790 tua
3071 2734 3376 2789 valetudine
3413 2732 3482 2787 ad
3525 2746 3624 2786 nos

2010 2831 2249 2886 scribere
2279 2844 2352 2885 ne
2389 2830 2706 2884 intermitte.
2736 2829 2888 2896 Quod
2931 2839 3111 2884 autem
3142 2838 3196 2883 te
3223 2826 3378 2882 nobis
3409 2827 3623 2880 misisse

2011 2922 2202 2977 scribis
2225 2962 2240 2988 ,
2278 2919 2384 2976 hoc
2424 2936 2584 2976 nemo
2615 2920 2721 2975 huc
2747 2919 2965 2987 attulit;
2998 2935 3191 2975 verum
3220 2919 3310 2989 qui
3343 2918 3395 2972 id
3425 2916 3627 2972 affere-

2011 3013 2137 3074 bat.
2165 3013 2486 3084 praedonum
2513 3022 2659 3069 metu
2683 3014 3012 3086 perterritus
3043 3012 3234 3084 pedem
3267 3013 3470 3067 retulit.
3502 3009 3625 3066 Cte-

2010 3115 2187 3163 terum
2203 3108 2247 3163 si
2270 3123 2358 3163 me
2373 3122 2543 3175 amas,
2571 3123 2639 3164 ne
2661 3107 2766 3162 hoc
2789 3105 2978 3175 facias,
3005 3122 3074 3161 ne
3098 3104 3438 3161 difficultates
3466 3111 3630 3177 atque

2011 3201 2228 3273 negotia
2268 3201 2365 3256 tibi
2410 3200 2510 3271 ipsi
2540 3199 2819 3255 exhibeas.
2852 3198 2985 3254 Nam
3033 3197 3330 3268 ingentium
3361 3195 3625 3250 donorum

2011 3291 2135 3348 loco
2177 3292 2444 3347 sinceram
2486 3299 2649 3360 atque
2677 3289 2957 3345 ardentem
3006 3297 3149 3342 tuam
3198 3285 3626 3343 benevolentiam

2011 3384 2193 3441 duco:
2224 3399 2384 3456 quam
2428 3398 2550 3438 cum
2596 3398 2813 3452 semper
2859 3381 3235 3442 obtineamus,
3284 3395 3349 3434 ex
3393 3378 3631 3432 caritatis

2013 3484 2121 3531 tuze
2146 3474 2522 3530 recordatione
2546 3487 2762 3542 semper
2791 3473 3116 3541 voluptatem
3142 3471 3407 3539 capimus.

2012 3565 2285 3621 XXXVI.
2322 3565 2528 3620 Maroni
2556 3567 2570 3595 ²
2605 3563 2893 3635 presbytero
2920 3561 3192 3616 monacho.
3226 3558 3332 3634 (Ab
3354 3574 3498 3614 anno
3528 3560 3632 3614 4οι

2700 3655 2767 3710 ad
2801 3655 2957 3724 407.)

2087 3749 2196 3805 Nos
2212 3748 2452 3805 caritatis
2473 3746 2688 3818 quidem
2713 3762 2776 3802 ac
2797 3745 3184 3803 benevolentim
3207 3743 3433 3797 vinculis
3451 3752 3628 3797 tecum

2016 3843 2419 3912 adstringimur,
2449 3855 2510 3893 ac
2538 3850 2590 3894 te
2614 3848 2670 3893 ut
2700 3839 2786 3893 hic
2809 3848 3132 3907 praesentem
3168 3839 3454 3890 intuentur.
3481 3836 3633 3904 Ejus.

2018 3936 2160 3989 modi
2199 3935 2395 4004 quippe
2429 3931 2667 3987 caritatis
2697 3931 2839 3986 oculi
2871 3940 3016 3994 sunt,
3054 3941 3111 3984 ut
3148 3945 3246 3982 nec
3282 3929 3402 3981 ullis
3428 3929 3629 3981 viarum

2017 4028 2203 4098 spatiis
2218 4028 2697 4094 interrumpantu-r,
2716 4039 2814 4077 nec
2831 4024 3088 4091 temporis
3123 4021 3472 4075 diuturnitate
3490 4020 3634 4074 dehi-

2021 4120 2258 4173 litentur.
2286 4119 2618 4187 Cuperemus
2640 4125 2816 4168 autem
2849 4114 3090 4168 crebrius
3109 4128 3322 4182 quoque
3346 4113 3409 4164 ad
3435 4121 3486 4164 te
3511 4112 3629 4162 lite-

2020 4228 2108 4266 ras
2134 4212 2282 4276 dare;
2305 4226 2486 4265 verum
2508 4210 2760 4280 quoniam
2793 4207 2846 4261 id
2876 4219 2986 4260 tum
3009 4207 3077 4259 ob
3105 4205 3312 4258 itineris
3343 4202 3630 4257 difﬂanlta-

2022 4315 2151 4371 tem,
2184 4315 2293 4358 tum
2317 4304 2386 4357 ob
2415 4319 2602 4358 eorum
2647 4303 2737 4372 qui
2785 4301 2886 4355 iter
2932 4300 3131 4353 faciunt
3171 4299 3447 4352 raritatem
3490 4296 3628 4346 haud

2023 4399 2180 4452 facile
2201 4405 2304 4463 est,
2328 4397 2542 4466 quoties
2570 4396 2695 4447 licet
2727 4404 2776 4448 te
2807 4395 3123 4456 salutamus,
3155 4391 3358 4459 tibique
3390 4389 3513 4440 illud
3555 4387 3629 4438 si.-

2023 4491 2364 4560 gnilicamus,
2387 4503 2484 4542 nos
2508 4487 2584 4539 tui
2607 4501 2897 4555 numquam
2923 4500 3027 4536 non
3051 4483 3382 4543 meminisse,
3402 4488 3558 4546 teque
3579 4478 3629 4529 in

2025 4582 2204 4635 animo
2233 4591 2440 4643 nostro,
2465 4592 2805 4648 quocumque
2830 4576 3042 4629 tandem
3077 4575 3127 4627 in
3162 4574 3283 4626 loco
3311 4574 3497 4629 simus.
3529 4570 3634 4623 cir-

2025 4673 2316 4727 cumferre.
2346 4670 2488 4726 Cura
2514 4669 2672 4739 igitur
2696 4678 2750 4722 tu
2777 4682 3012 4737 quoque,
3037 4675 3094 4720 ut
3120 4665 3187 4719 de
3215 4675 3303 4718 tua
3327 4663 3634 4716 valetudine

2025 4781 2185 4836 quam
2217 4764 2516 4834 smpissime
2540 4762 2800 4818 certiores
2838 4761 3049 4826 ﬁamus,
3085 4774 3214 4830 quo,
3253 4758 3378 4812 licet
3408 4772 3634 4823 corpore

2028 4859 2243 4924 semoti,
2267 4856 2337 4912 de
2359 4864 2447 4911 tua
2484 4853 2794 4909 valetudine
2818 4851 3050 4908 subinde
3093 4849 3292 4920 aliquid
3332 4848 3632 4914 audientes,

2025 4949 2288 5004 alacriore
2314 4947 2495 5002 animo
2518 4947 2707 5012 simus,
2740 4944 3140 5014 ingentemque,
3175 4942 3336 4997 etiam
3364 4942 3416 4995 in
3448 4940 3636 4994 solitu-

2027 5042 2153 5096 dine
2199 5039 2473 5105 sedentes,
2507 5037 2934 5094 consolationem
2986 5036 3282 5106 capiamus.
3331 5032 3443 5088 Nec
3489 5033 3633 5086 enim

2029 5149 2191 5204 parva
2231 5133 2509 5203 voluptate
2536 5131 2820 5196 afﬁcimur,
2862 5144 2984 5184 cum
3015 5137 3067 5183 te
3105 5127 3308 5198 optime
3336 5127 3515 5178 valere
3546 5141 3637 5178 au-

1977 5259 1984 5272 .
2030 5227 2227 5281 dimus.
2263 5227 2403 5281 Ante
2433 5226 2614 5280 omnia
2660 5231 2843 5278 autem
2868 5221 2998 5278 illud
3026 5229 3080 5276 te
3113 5234 3232 5288 oro,
3261 5228 3318 5274 ut
3345 5233 3442 5289 pro
3483 5218 3637 5271 nobis

2031 5333 2221 5390 preces
2251 5319 2316 5372 ad
2349 5318 2517 5372 Detnn
2542 5315 2819 5369 adhibeas.

2031 5410 2335 5467 XXXVII.
2391 5407 2748 5479 Tranquillino
2803 5408 3058 5478 episcopo.
3089 5405 3321 5474 (Cucuso
3365 5417 3529 5462 anno,
3579 5412 3636 5456 ut

2481 5509 2717 5571 putatur,
2742 5500 2864 5562 404,
2896 5499 2981 5552 vel
3008 5497 3159 5567 405.)

2103 5595 2630 5651 Reverendissimum
2673 5593 2949 5647 dominum
2983 5605 3160 5645 meum
3192 5589 3500 5656 episcopum
3535 5585 3628 5633 Se.

2033 5691 2265 5755 leucum,
2296 5699 2350 5742 ut
2375 5688 2557 5740 relicta
2588 5687 2747 5738 deum
2781 5686 2883 5738 huc
2911 5698 2970 5738 se
2996 5683 3264 5736 conferret
3290 5721 3302 5741 ,
3335 5679 3499 5731 nostri
3534 5677 3630 5729 du-

2097 5805 2113 5837 ¹
2149 5803 2294 5852 Sat‘il.
2324 5801 2371 5850 in
2397 5808 2536 5850 textu
2565 5800 2707 5860 ιαμ,
2738 5807 2972 5858 Romano;
3000 5798 3046 5845 in
3070 5807 3244 5857 marg.,
3271 5791 3474 5842 Mnrovtt'.
