4078 6442
511 316 608 373 est
663 332 666 335 ·

518 427 764 484 siderium
814 431 1061 487 excitarit
1087 447 1102 485 :
1131 440 1189 487 ut
1230 442 1410 489 autem
1460 433 1586 490 hinc
1635 448 1826 492 rursus
1867 435 2089 492 domum

513 505 732 585 rediret,
755 521 830 576 tui
851 534 1021 577 amor.
1047 521 1180 578 Nam
1197 523 1282 580 hic
1298 537 1424 581 eum
1444 524 1671 590 induxit,
1689 535 1751 582 ut
1763 533 1819 583 et
1837 526 2091 594 hiemem,

515 615 572 661 et
596 608 800 665 itineris
819 609 1203 680 difﬁcultatem,
1224 622 1278 669 et
1298 615 1674 685 gravissimum
1703 615 1946 672 morbum
1964 629 2094 672 con-

517 703 797 756 temneret.
825 701 1136 760 Collaudato
1159 703 1337 776 itaque
1378 706 1545 777 ipsius
1587 721 1773 762 amore
1803 721 1867 763 ac
1893 707 2090 772 studio,

512 791 728 847 domine
756 793 827 848 mi
856 796 1325 865 praestantissime,
1353 797 1617 854 diuturna:
1660 798 1817 870 hujus
1842 814 2095 856 aerumnae

517 883 790 953 praemium
816 885 918 954 ipsi
954 889 1188 958 repende
1209 930 1225 956 ,
1250 889 1386 945 hanc
1413 891 1662 946 nimirum
1680 930 1698 956 ,
1725 904 1884 961 quam
1907 892 2054 948 soles
2076 931 2091 956 ,

473 974 789 1056 ~caritatem
831 991 957 1047 erga
998 990 1119 1035 eum
1171 979 1478 1059 ostendens.
1525 979 1634 1036 Nos
1679 981 1826 1035 enim
1878 995 2002 1038 eum
2027 981 2093 1036 ad

517 1071 633 1118 tuas
657 1059 868 1133 manus,
898 1070 1041 1124 velut
1069 1069 1136 1124 ad
1166 1070 1506 1140 tranquillum
1535 1072 1816 1142 quemdam
1845 1081 2054 1142 portum
2074 1114 2092 1140 ,
2133 1060 2139 1064 ’

517 1155 924 1224 transmisimus,
952 1161 1146 1230 quippe
1167 1161 1257 1231 qui
1283 1170 1425 1216 tuam
1451 1164 1758 1219 comitatem
1785 1203 1802 1228 ,
1828 1179 1892 1219 ac
1915 1166 2095 1221 since-

515 1256 628 1297 ram
651 1243 1013 1316 ,i‘erveutem,
1045 1248 1255 1305 lirmam
1275 1259 1434 1321 atque
1460 1260 1793 1309 constantem
1821 1255 2096 1311 caritatem

517 1345 846 1405 compertam
875 1339 1183 1398 habeamus.
1213 1343 1291 1398 Ac
1318 1343 1363 1398 si
1400 1345 1662 1416 quispiam
1691 1347 1848 1403 istinc
1873 1347 2050 1403 veniat
2077 1387 2094 1416 ,

517 1425 675 1497 idque
698 1428 850 1484 facile
873 1431 974 1498 sit,
1003 1433 1071 1488 de
1100 1444 1189 1488 tua
1217 1434 1518 1492 valetudine
1545 1438 1702 1492 velim
1726 1439 1792 1494 ad
1823 1455 1921 1496 nos
1959 1441 2094 1496 scri-

514 1517 628 1573 bas.
657 1520 988 1594 Eupsychius
1013 1526 1156 1580 enim
1183 1525 1250 1580 ad
1275 1541 1372 1581 nos
1396 1542 1501 1583 nou
1528 1543 1672 1584 nunc
1694 1532 1951 1588 accessit:
1977 1533 2096 1589 ideo

517 1612 649 1668 nihil
673 1631 740 1671 ex
767 1617 832 1671 iis
859 1634 977 1687 qua:
999 1659 1016 1685 ,
1039 1634 1160 1676 cum
1188 1638 1358 1694 nuper
1387 1624 1455 1680 ad
1484 1640 1583 1681 nos
1607 1627 1897 1696 scriberes,
1919 1630 2093 1686 dictu-

516 1718 635 1760 rum
660 1705 806 1762 illum
831 1709 1030 1778 aiebas,
1061 1712 1200 1768 scire
1226 1715 1513 1783 potuimus,
1538 1717 1682 1787 quod
1712 1720 1961 1776 videlicet
1983 1723 2095 1793 ipse

517 1803 776 1865 nusquam
800 1809 1069 1869 appareat.
1089 1801 1213 1859 Haec
1233 1804 1393 1875 igitur
1423 1819 1545 1862 cum
1567 1808 1658 1862 tibi
1683 1811 1900 1866 minime
1916 1812 2094 1882 ignota

514 1885 655 1952 sint,
689 1896 797 1942 tum
825 1904 888 1945 ea
915 1907 1034 1962 quas
1071 1907 1169 1963 per
1212 1909 1334 1950 eum
1366 1912 1535 1966 nuper
1561 1899 1714 1954 nobis
1751 1901 2092 1970 significanda

517 1989 816 2044 curaveras,
839 1991 948 2034 tum
970 1982 1014 2035 si
1040 1983 1166 2053 quid
1184 1985 1326 2040 aliud
1346 1987 1575 2056 amplius
1600 1997 1697 2043 nos
1719 1992 1856 2045 scire
1875 2007 2096 2050 necesse

513 2062 603 2131 sit,
625 2082 764 2121 nunc
785 2069 971 2125 saltem
997 2070 1080 2128 fac
1101 2072 1350 2139 sciamus,
1372 2091 1435 2132 ac
1449 2077 1518 2133 de
1535 2087 1619 2132 tua
1639 2080 1956 2150 valetudine,
1977 2098 2095 2153 qua:

515 2157 670 2213 nobis
693 2153 913 2216 sum'mze
941 2179 1083 2219 cura:
1106 2175 1209 2231 est,
1231 2168 1375 2223 etde
1404 2185 1527 2240 qua,
1556 2185 1675 2225 cum
1707 2183 1957 2241 perpetua
1983 2177 2092 2230 sol-

514 2245 785 2305 licitudine
825 2250 1145 2320 laboremus,
1179 2266 1436 2328 perpetuo
1481 2275 1693 2331 quoque
1724 2262 1909 2319 audire
1947 2265 2096 2335 cupi-

515 2351 659 2401 mus,
690 2341 887 2410 aliquid
937 2345 1092 2400 nobis
1118 2347 1375 2415 signiﬁca.

515 2426 569 2481 Χ
570 2428 674 2484 XX
689 2430 794 2486 γιι
801 2431 828 2486 1
836 2473 850 2488 .
889 2433 1163 2506 Hymnetio
1185 2439 1260 2510 (α)
1290 2441 1562 2496 archiatro.
1589 2441 1821 2513 (Cucuso
1846 2460 2008 2513 anno,
2037 2454 2097 2503 ut

1114 2537 1346 2597 putatur,
1373 2529 1524 2604 £05.)

579 2610 692 2666 Etsi
721 2628 828 2669 non
862 2616 1054 2673 crebro
1073 2617 1141 2673 ad
1169 2629 1222 2674 te
1259 2613 1441 2676 literas
1465 2621 1728 2694 dedimus,
1761 2632 1817 2680 at
1838 2637 2094 2697 perpetuo

511 2707 687 2757 tamen
725 2705 984 2760 memoria
1013 2715 1065 2762 te
1091 2717 1360 2778 gestamus
1383 2750 1399 2776 ,
1429 2718 1492 2767 ut
1505 2699 1609 2783 'qui
1637 2711 1890 2771 ferventis
1915 2719 1988 2772 tui
2030 2734 2093 2775 ac

510 2791 660 2859 probi
700 2803 754 2847 et
796 2795 992 2851 sinceri
1033 2800 1233 2855 amoris
1270 2801 1455 2872 ingens
1482 2804 1668 2873 paucis
1707 2806 1896 2864 diebus
1922 2809 2090 2865 docu-

513 2892 747 2938 mentum
775 2887 1095 2955 ceperimus.
1127 2889 1315 2961 quue
1342 2894 1560 2951 nomine
1585 2898 2090 2957 reverendissimum

507 2971 779 3030 dominum
805 2992 982 3033 meum
1007 2980 1316 3051 episcopum
1343 2983 1622 3042 Seleucum
1646 2988 1711 3043 ad
1743 2997 1860 3044 tuas
1881 3006 2090 3062 manus,

508 3078 614 3118 non
640 3080 794 3122 secus
819 3078 978 3139 atque
1002 3070 1055 3126 in
1081 3081 1292 3142 portum
1313 3117 1328 3142 ,
1356 3079 1786 3138 transmittimus.
1817 3081 1949 3138 Nam
1976 3084 2091 3154 ipse

505 3153 816 3222 gravissima
855 3161 989 3216 tussi
1016 3175 1236 3220 vexatur
1257 3205 1273 3233 ,
1308 3180 1465 3236 quam
1505 3169 1666 3225 etiam
1694 3171 1934 3230 infestius
1963 3153 2088 3232 anni

508 3252 716 3315 tempus
735 3259 910 3318 auget,
932 3252 1335 3326 gravioremque
1356 3259 1548 3314 reddit.
1571 3259 1703 3318 Cum
1732 3264 1890 3335 igitur
1913 3271 2087 3326 morbi

506 3343 769 3430 naturam
791 3350 1124 3430 perspectam
1169 3344 1368 3404 habeas
1384 3390 1408 3416 ,
1430 3349 1644 3408 domine
1672 3357 1743 3410 mi
1779 3361 2091 3430 cumprimis

505 3427 824 3516 venerande,
842 3429 910 3485 da
937 3446 1173 3502 operam,
1200 3445 1257 3491 ut
1274 3452 1397 3494 eum
1425 3454 1491 3497 ex
1522 3440 1623 3499 hac
1642 3427 1957 3516 tempestaie
1983 3453 2090 3507 eri-

505 3513 638 3581 pias,
657 3517 846 3573 morbo
866 3519 1204 3610 incommodo
1218 3528 1348 3582 artis
1370 3539 1474 3584 tute
1490 3530 1594 3586 vim
1615 3513 1912 3605 opponens,
1934 3542 2087 3610 cujus

503 3618 606 3699 ope
629 3614 787 3677 atque
812 3609 1119 3680 adjumcnto
1139 3616 1333 3672 multos
1357 3632 1520 3690 saepe,
1551 3637 1672 3677 cum
1696 3625 1750 3680 in
1776 3625 1916 3682 idem
1945 3609 2088 3699 peri-

503 3695 694 3791 culum
708 3699 1000 3791 venissent,
1036 3719 1103 3760 ne
1130 3706 1390 3776 ejusmodi
1418 3708 1663 3769 ﬂuctibus
1691 3695 2044 3776 obruerentur
2068 3761 2085 3791 ,

502 3799 534 3838 e
564 3785 836 3857 naufragio
861 3793 1036 3847 statim
1063 3797 1330 3853 exemisti.

573 3872 841 3970 ξΧζΙΧ.
870 3879 1165 3939 ϐΙιαιι-ἱάίω.
1197 3885 1431 3956 (Cucuso
1457 3905 1600 3947 anno
1629 3893 1734 3950 ωε
1756 3896 1843 3951 vel
1870 3897 2024 3970 405.)

573 3963 856 4060 llaritatem
887 3985 1005 4026 eam
1027 4013 1041 4037 ,
1073 3989 1230 4044 quam
1255 3976 1364 4046 jam
1397 3979 1521 4036 inde
1546 3982 1616 4039 ab
1643 3984 1794 4041 initio
1836 4003 1961 4060 erga
1989 3963 2088 4047 nos

505 4053 690 4121 habes,
721 4073 843 4114 non
869 4080 882 4115 :
905 4069 1152 4135 quodque
1178 4069 1444 4138 vigentem
1472 4087 1591 4128 eam
1621 4074 1873 4146 retineas,
1901 4053 1965 4135 ac
1991 4095 2086 4137 cu-

501 4149 833 4208 mnlatiorem
857 4157 1080 4213 subinde
1107 4160 1318 4231 reddas,
1340 4179 1566 4237 eamque
1589 4168 1660 4224 ob
1672 4167 2082 4241 disiunctionem

499 4241 733 4290 nostram
766 4278 783 4304 ,
811 4247 1122 4313 tantumque
1169 4248 1426 4317 temporis
1467 4251 1698 4322 spatium
1724 4294 1739 4320 ,
1769 4270 1874 4312 non
1924 4258 2084 4314 modo

496 4328 770 4385 obscurari
800 4346 906 4387 non
932 4335 1206 4404 sinas,sed
1227 4339 1388 4396 etiam
1415 4343 1584 4414 magis
1603 4344 1920 4405 inﬂammes.
1950 4350 2084 4407 illud

496 4432 707 4488 quoque
741 4421 874 4489 scio,
908 4433 958 4479 te
990 4426 1169 4481 literas
1194 4437 1406 4486 nostras
1432 4447 1619 4504 magna
1647 4449 1768 4491 cum
1795 4439 1956 4494 animi
1984 4456 2080 4496 vo-

497 4508 700 4577 luptate
721 4513 995 4582 accipere;
1025 4525 1200 4588 teque,
1233 4520 1346 4577 sive
1366 4523 1590 4591 scribas,
1615 4527 1733 4584 sive
1757 4535 1954 4598 taceas,
1985 4548 2083 4590 eo-

495 4599 618 4653 dem
648 4608 824 4657 tamen
852 4618 1066 4675 semper
1100 4610 1280 4665 animo
1317 4627 1441 4683 erga
1468 4629 1566 4670 nos
1591 4632 1712 4674 esse
1734 4635 1749 4672 :
1773 4619 1827 4674 id
1857 4623 1999 4678 enim
2028 4633 2084 4680 et

495 4688 677 4744 multis
711 4691 765 4745 in
793 4693 953 4749 rebus
976 4736 992 4762 ,
1019 4704 1074 4752 et
1100 4713 1243 4769 saepe
1269 4715 1387 4756 sum
1415 4714 1691 4774 expertus.
1720 4708 2079 4774 Quamobrem

496 4788 548 4833 te
574 4795 690 4848 oro,
708 4789 767 4837 ut
790 4785 1034 4842 eumdem
1060 4803 1184 4861 erga
1206 4806 1308 4847 nos
1330 4796 1563 4851 animum
1591 4799 1821 4857 retinere
1851 4817 2076 4875 pergas:

493 4871 752 4940 siquidem
770 4874 964 4933 sinceri
991 4879 1064 4934 tui
1092 4885 1293 4939 amoris
1311 4874 1476 4942 multa
1505 4889 1748 4960 pignora,
1772 4871 1937 4951 multa
1949 4871 2078 4953 ino-

493 4959 728 5018 nimenta
755 4964 1031 5036 habemus.
1058 4970 1262 5029 ideirco
1301 4982 1354 5031 te
1382 4959 1654 5050 tamquam
1683 4959 1741 5038 in
1763 4986 1944 5042 animo
1977 5003 2079 5044 no-

553 5371 626 5432 (a)
647 5373 893 5424 Vaticanus
917 5385 968 5428 et
989 5379 1298 5452 Coislinianus
1324 5387 1534 5439 αεθνίι.
1555 5403 1773 5454 semper,
1797 5394 2072 5459 hymethito,

491 5429 686 5504 habent.
731 5438 919 5504 Μρ-ηθι..Δ
934 5438 1189 5504 hynmetto.
1213 5447 1380 5504 Vatic.,
1406 5450 1670 5502 Archiatro.
1689 5464 1764 5504 ..ω
1787 5455 2071 5504 Itunmetius-

495 5452 686 5480 nauem.
731 5452 919 5510 ploret...
934 5452 1189 5504 nynmetto.
1213 5452 1380 5508 Vatic.,
1406 5452 1765 5504 Arcltiatroian
1787 5452 2072 5522 humanius,

491 5493 1250 5582 ξειλεξικιξῖξριξιξξεεξνιέεξῑιέιειεεν
1266 5508 1432 5582 dicere
1575 5516 1744 5582 ausim.
1765 5517 2072 5582 νιιιτοεκεεη

492 5553 779 5645 ἔξῖἔέιεξίτέἐξῖι
803 5553 2072 5645 .Ρ.²Ξ)εξ¹ἑὲ.ίξιιῑ³ξ.,¹ἑὲἒῖέὲίῖιὲίεῖἑὲῖὲι“ιῖτῗὲιῖίὲεἱὲῗέἔέτ’ἔ”ἷῗέῐ

492 5614 848 5695 Ηξὶγμριιρςηω
873 5623 1098 5695 aliaet-vat
1119 5614 1940 5695 lytimasﬁtﬁam'c'e’iféaitiam
1955 5614 2072 5695 lti‘t’t-t:

493 5676 568 5725 ιω
591 5686 666 5725 est
686 5678 748 5728 de
772 5685 1028 5737 comitibus
1051 5697 1102 5739 et
1123 5676 1731 5762 Arciiiati'is'sa'cri'pal‘aﬁi:

1250 320 1309 379 S.
1348 321 1627 382 JOANNIS
1661 321 2127 382 CHRYSOSTOMI
2165 317 2484 381 ARCHIEP.
2522 322 3056 384 CONSTANTINOP.

3679 327 3796 384 631

2200 433 2328 491 Haec
2354 434 2515 507 igitur
2534 450 2656 495 cum
2680 453 2786 496 non
2809 447 2860 496 te
2883 439 3107 511 fugiant,
3133 440 3470 498 ornatissima
3488 449 3545 499 et
3567 442 3795 514 religio-

2197 527 2408 583 sissima
2428 529 2643 586 domina
2667 545 2807 594 nica,
2822 531 3048 589 subinde
3072 547 3284 605 quoque
3300 535 3412 605 ipsa
3430 534 3499 591 de
3522 543 3611 591 tua
3635 537 3794 589 vale-

2199 618 2383 675 tudine
2405 620 2472 676 atl
2490 635 2588 677 nos
2604 621 2798 678 scribe.
2814 623 3147 694 Quamquam
3170 626 3316 681 enim
3341 640 3460 694 nos,
3476 640 3599 682 cum
3625 627 3796 682 nulla:

2199 709 2357 774 nobis
2389 710 2488 766 abs
2518 720 2570 766 te
2596 711 2767 769 litera:
2791 711 3086 768 redduntur
3107 753 3124 780 ,
3147 727 3241 769 eos
3269 713 3360 784 qui
3385 714 3543 771 istinc
3567 717 3798 772 veniunt

2199 801 2267 857 de
2291 801 2392 857 hac
2417 817 2480 859 re
2507 818 2720 875 semper
2747 802 3121 860 sciscitantur:
3150 815 3328 863 tamen
3351 820 3381 860 a
3409 815 3462 863 te
3485 821 3700 878 quoque
3727 809 3796 862 li-

2202 900 2343 948 teras
2365 933 2380 958 ,
2406 908 2525 962 qua:
2550 893 2619 950 de
2648 904 2751 951 tute
2773 895 3093 953 valetudinis
3133 905 3275 954 statu
3316 897 3439 956 lata
3469 899 3624 958 nobis
3652 915 3801 955 nun--

2199 984 2352 1050 tient,
2384 992 2648 1055 perpetuo
2675 985 2920 1057 accipere
2946 1001 3184 1045 avemus.

2476 1100 2596 1156 XL.
2623 1101 2938 1172 Asyncritiw.
2968 1101 3195 1175 (Cucuso
3220 1120 3362 1163 anno
3376 1107 3529 1179 404.)

2269 1190 2346 1247 Te
2374 1192 2428 1247 in
2453 1207 2644 1264 magna
2655 1194 2956 1252 calamitate
2971 1210 3112 1252 nunc
3136 1199 3336 1253 versari
3351 1201 3482 1254 scio.
3506 1202 3576 1256 At
3593 1215 3792 1271 quem-

2199 1280 2488 1338 admodum
2544 1284 2646 1340 hoc
2674 1284 2808 1351 scio,
2855 1285 2935 1341 sic
2960 1294 3014 1342 et
3040 1287 3169 1342 illud
3198 1291 3399 1358 etiam,
3432 1290 3703 1362 ingentem
3739 1303 3797 1348 te

2202 1386 2297 1442 pro
2326 1371 2411 1428 his
2437 1374 2828 1431 calamitatibus
2868 1375 3171 1433 mercedem
3197 1388 3355 1449 atque
3386 1380 3622 1449 amplum
3652 1396 3797 1450 prae-

2202 1467 2366 1520 mimn
2418 1475 2474 1522 et
2519 1468 3004 1524 remunerationem
3050 1483 3291 1526 manere.
3333 1472 3531 1528 Μαι-σι’
3584 1474 3792 1529 etenim

2200 1556 2392 1610 anima:
2414 1557 2690 1613 utilitatem
2711 1557 2884 1624 affert,
2912 1559 3068 1630 eique
3087 1550 3305 1630 praemia
3326 1563 3492 1617 multa
3512 1563 3790 1618 conciliat.

2199 1647 2324 1704 llaec
2353 1648 2512 1726 igitur
2539 1649 2714 1705 sciens
2741 1659 2902 1721 atque
2928 1651 3276 1708 considerans
3296 1694 3312 1720 ,
3344 1653 3631 1708 maximam
3661 1654 3794 1708 hinc

2197 1741 2618 1797 consolationem
2632 1742 2842 1812 accipe:
2857 1758 2956 1799 nec
2973 1745 3328 1801 calamitatum
3343 1746 3618 1802 dumtaxat
3631 1762 3795 1803 acer-

2199 1831 2336 1886 bitas
2362 1834 2454 1888 tibi
2483 1832 2557 1889 ob
2579 1833 2763 1888 oculos
2783 1843 3044 1902 versetur,
3065 1850 3254 1892 verum
3276 1838 3438 1892 etiam
3455 1837 3795 1893 emolumen-

2200 1930 2307 1975 tum
2338 1925 2479 1992 quod
2522 1939 2591 1979 ex
2619 1922 2684 1978 iis
2707 1924 3003 1994 colligitur;
3034 1940 3098 1982 ac
3125 1926 3350 1983 subinde
3375 1926 3441 1982 ad
3471 1943 3571 1984 nos
3599 1929 3668 1984 de
3699 1940 3794 1985 tua

2199 2012 2498 2070 valetudine
2545 2016 2740 2072 scribe.
2771 2014 2952 2087 Neque
2975 2018 3118 2072 enim
3150 2017 3253 2073 levi
3276 2017 3462 2074 dolore
3486 2020 3662 2075 allecti
3694 2035 3796 2075 su-

2198 2119 2338 2171 mus,
2364 2121 2484 2160 cum
2512 2117 2564 2163 te
2588 2108 2808 2164 adversa
2839 2106 3142 2162 valetudine
3166 2122 3286 2164 esse
3313 2109 3637 2180 accepimus.
3664 2111 3798 2166 ideo

2197 2209 2385 2266 magna
2413 2211 2534 2252 cum
2561 2198 2830 2254 celeritate
2854 2197 2994 2255 scire
3008 2199 3352 2256 vehementer
3375 2202 3639 2272 cupimus,
3660 2221 3795 2261 nun;

2198 2284 2266 2340 de
2291 2289 2546 2358 gravitate
2566 2288 2762 2360 aliquid
2788 2291 3075 2356 remiserit,
3093 2303 3200 2362 quo
3220 2304 3282 2345 ea
3307 2305 3455 2358 cura,
3479 2307 3640 2364 quam
3662 2294 3796 2352 hinc

2197 2380 2561 2447 concepimus,
2590 2377 2847 2436 levemur.

2409 2465 2562 2523 XLI.
2579 2466 2841 2524 Valentino
2867 2470 2969 2542 (τι).
3001 2469 3234 2542 (Cucuso
3255 2485 3397 2531 anno
3418 2471 3571 2543 404.)

2270 2557 2503 2614 Tertiam
2536 2559 2671 2615 hanc
2699 2561 2977 2632 epistolam
3009 2565 3163 2619 mitto
3185 2606 3200 2630 ,
3226 2580 3346 2621 cum
3378 2568 3492 2639 ipse
3520 2581 3552 2624 a
3583 2575 3638 2625 te
3661 2567 3793 2627 nul-

2198 2649 2301 2704 lam
2329 2654 2648 2721 acceperim.
2676 2653 2873 2712 Verum
2896 2658 3038 2727 quod
3069 2673 3258 2730 magna
3278 2674 3399 2715 cum
3437 2663 3599 2718 animi
3631 2666 3789 2720 volu-

2197 2750 2340 2811 ptate
2366 2744 2547 2799 literas
2567 2753 2781 2801 nostras
2805 2749 3097 2818 acceperis,
3126 2765 3355 2822 eumque
3375 2753 3466 2823 qui
3489 2768 3583 2809 eas
3606 2755 3790 2810 reddi-

2196 2832 2295 2895 dit,
2321 2850 2426 2902 quo
2448 2835 2673 2890 decebat
2690 2836 2894 2894 honore
2921 2838 3184 2908 all'eceris,
3206 2853 3367 2913 atque
3387 2846 3513 2899 item
3546 2845 3598 2901 id
3624 2862 3791 2904 omne

2197 2924 2336 2993 quod
2355 2934 2563 2981 tuarum
2581 2928 2809 2998 partium
2831 2939 2947 2985 erat
2963 2931 3015 2985 in
3038 2931 3105 2986 iis
3130 2932 3310 3000 rebus,
3330 2950 3449 3006 quae
3466 2945 3609 2992 tuam
3625 2953 3788 3009 opem

2197 3018 2557 3088 requirebant,
2587 3023 2918 3089 praestiteris,
2949 3023 3329 3094 intelleximus,
3360 3043 3460 3085 nec
3495 3032 3787 3102 quidquam

2197 3109 2390 3166 horum
2422 3112 2577 3168 nobis
2603 3112 2758 3169 latuit
2786 3130 2801 3168 :
2831 3115 3043 3173 interim
3071 3124 3251 3175 tamen
3277 3119 3475 3186 nullam
3499 3122 3786 3192 epistolam

2195 3201 2518 3271 accepimus.
2550 3205 2629 3261 Ac
2654 3207 2700 3260 si
2738 3206 2952 3276 quidem
2977 3207 3115 3264 alius
3138 3224 3209 3265 ex
3238 3211 3303 3266 iis
3327 3213 3417 3282 qui
3461 3214 3642 3270 minus
3686 3230 3785 3286 ge-

2193 3307 2389 3350 ueroso
2429 3296 2608 3351 animo
2634 3305 2762 3353 sunt
2781 3339 2799 3367 ,
2826 3297 3132 3369 hujusmodi
3162 3302 3377 3358 silentio
3405 3318 3533 3360 usus
3561 3306 3751 3363 fuisset
3769 3349 3784 3372 ,

2194 3385 2265 3442 ita
2294 3387 2807 3445 existimavissemus
2830 3431 2846 3458 ,
2875 3405 2998 3447 eum
3021 3394 3382 3450 excusationis
3411 3409 3573 3452 causa
3611 3413 3782 3470 nego-

2194 3477 2387 3534 tiorum
2425 3480 2622 3536 molem
2665 3481 3018 3551 praetendere.
3050 3484 3186 3539 Cum
3217 3495 3394 3542 autem
3437 3490 3634 3544 mentis
3679 3499 3788 3548 tua:

2191 3570 2572 3629 sublimitatem
2598 3574 2940 3646 caritatisque
2963 3575 3252 3645 fervorem,
3275 3577 3661 3648 sinceritatem,
3688 3597 3788 3653 pu-

2191 3663 2404 3720 ritatem
2451 3673 2613 3737 atque
2651 3668 3008 3724 constantiam
3056 3670 3389 3740 exploratam
3442 3673 3782 3741 habeamus,

2191 3757 2384 3812 adduci
2426 3773 2532 3823 non
2575 3773 2895 3829 possumus,
2925 3769 2983 3817 ut
3016 3760 3118 3818 hac
3159 3764 3503 3821 excusatione
3543 3769 3783 3824 contenti

2192 3848 2380 3905 simus.
2411 3849 2490 3907 Ne
2539 3851 2667 3906 item
2715 3851 2954 3920 dixeris,
3003 3862 3056 3910 te
3111 3854 3219 3911 illic
3263 3870 3370 3912 non
3416 3870 3782 3914 commorari:

2192 3955 2316 3995 nam
2342 3941 2468 3996 illud
2495 3942 2649 3998 nobis
2673 3952 3007 4013 compertum
3029 3953 3131 4000 est.
3152 3944 3351 4002 Verum
3371 3945 3472 4004 hac
3498 3964 3603 4005 una
3625 3950 3786 4006 dum-

2190 4041 2335 4088 taxat
2361 4048 2420 4090 re
2449 4033 2686 4091 diuturni
2708 4035 2906 4092 silentii
2932 4037 3008 4093 tui
3032 4037 3454 4095 consolationem
3479 4040 3782 4112 capiemus,

2187 4123 2235 4178 si
2264 4123 2314 4178 id
2340 4125 2482 4195 quod
2497 4127 2734 4182 antehac
2757 4127 2854 4183 abs
2885 4135 2939 4184 te
2964 4129 3264 4200 neglectum
3290 4139 3401 4199 est,
3427 4146 3786 4205 compensare

2187 4217 2441 4283 volueris,
2460 4233 2620 4287 quam
2639 4217 2999 4291 plurimasque
3023 4221 3093 4277 ab
3113 4221 3212 4277 ista
3238 4221 3433 4292 lingua,
3457 4238 3525 4280 ex
3543 4240 3652 4296 qua
3666 4227 3782 4282 mel

2188 4315 2369 4361 manat
2393 4347 2407 4371 ,
2438 4306 2582 4363 fusas
2619 4309 2802 4366 literas
2839 4311 3053 4367 mittere
3076 4352 3093 4378 ,
3123 4327 3242 4384 quae
3272 4313 3426 4369 nobis
3454 4314 3784 4374 valetudinis

2187 4408 2291 4455 tua;
2320 4408 2515 4456 statum
2542 4412 2691 4458 certo
2714 4413 3002 4473 exponant.
3033 4404 3365 4475 Quamquam
3391 4407 3534 4462 enim
3567 4407 3620 4464 in
3647 4410 3783 4465 soli-

2188 4491 2370 4548 tudine
2394 4492 2664 4561 sedemus,
2686 4494 2945 4566 gravique
2972 4495 3273 4562 obsidione,
3293 4506 3455 4569 atque
3481 4499 3782 4559 innumeris

2185 4581 2564 4639 acerbitatibus
2601 4585 2836 4656 undique
2879 4586 3041 4642 cincti
3083 4603 3304 4657 sumus,
3334 4589 3402 4646 de
3428 4599 3481 4647 te
3506 4599 3684 4648 tamen
3722 4595 3781 4650 in

2186 4686 2313 4727 cura
2340 4682 2396 4728 et
2418 4675 2781 4732 sollicitudine
2805 4692 2928 4733 esse
2954 4693 3058 4733 non
3083 4679 3380 4736 desinimus
3400 4724 3415 4748 ,
3445 4683 3784 4755 singulisque

2184 4762 2394 4832 diebus,
2425 4774 2481 4821 ut
2503 4781 2562 4822 se
2589 4783 2678 4822 res
2714 4776 2817 4823 tua:
2863 4769 3124 4837 habeant,
3149 4782 3542 4841 percontamur.
3568 4775 3779 4845 Quam-

2184 4856 2367 4913 obrem
2395 4873 2466 4934 ne
2491 4859 2558 4915 ab
2578 4860 2717 4927 aliis,
2738 4875 2920 4916 verum
2946 4862 3043 4918 abs
3057 4870 3130 4932 te,
3153 4863 3306 4935 cujus
3333 4865 3487 4922 nobis
3512 4867 3690 4925 dulcis
3713 4859 3810 4925 ac“

2184 4961 2447 5018 perquam
2464 4951 2650 5005 suavis
2687 4951 3055 5008 benevolentia
3091 4965 3206 5021 est,
3233 4956 3346 5011 haec
3368 4957 3730 5028 intelligamus
3755 5001 3776 5028 ,

2185 5039 2428 5105 subinde,
2461 5056 2662 5111 quaeso,
2693 5043 2761 5098 de
2791 5052 2878 5098 tua
2905 5045 3209 5102 valetudine
3237 5047 3305 5103 ad
3335 5064 3434 5104 nos
3458 5051 3652 5105 scribe.
3685 5050 3776 5106 Ni-

2185 5130 2259 5187 hil
2286 5133 2430 5189 enim
2448 5135 2570 5202 erit,
2593 5135 2734 5206 quod
2763 5152 2867 5192 non
2892 5153 2934 5207 ρ,
2952 5147 3003 5194 te
3026 5140 3298 5209 accepisse
3315 5142 3704 5210 existimemus,
3726 5147 3776 5200 si

2181 5224 2459 5293 epistolas,
2480 5240 2600 5296 quae
2628 5227 2806 5284 iretmu
2830 5228 2972 5287 hunc
3001 5229 3155 5285 nobis
3185 5233 3429 5287 nuntium
3460 5232 3653 5302 ferant,
3680 5251 3778 5291 ac-

2182 5329 2501 5384 ccpcrimus.

2246 5459 2318 5524 (α)
2353 5457 2656 5527 Valentinum
2677 5459 2811 5527 illum
2832 5459 2984 5513 fuisse
3006 5462 3286 5523 prtefectum
3302 5469 3527 5527 praetorio
3549 5475 3629 5516 aut
3663 5470 3774 5521 ητιιί

2178 5521 2584 5591 gonstantipowli
2593 5521 3068 5591 suspicatur-ﬁmum
3090 5521 3316 5591 latemus;
3334 5540 3394 5576 eo
3417 5531 3543 5590 quod
3583 5543 3770 5591 magna.

2177 5582 2387 5647 licentia
2420 5582 2677 5647 honorifico
2701 5585 2932 5634 vocabulo
2954 5582 3300 5646 eompelletur.
3333 5582 3447 5636 Cuni
3486 5605 3604 5638 vero
3637 5582 3772 5643 idem

2179 5645 2348 5710 titulus
2383 5652 2435 5694 et
2466 5645 2740 5710 rectoribus
2761 5645 3130 5710 provinciarum,
3175 5655 3225 5696 et
3270 5651 3494 5710 patriciis,
3533 5659 3772 5704 Frontone

2181 5709 2283 5770 ipso
2306 5707 2508 5770 fatente,
2535 5707 2791 5768 tribuatur,
2817 5721 2900 5758 res
2923 5708 3106 5772 pendet
3128 5707 3330 5761 incerta.
