4078 6452
282 327 386 386 651

282 449 378 500 θεν
407 443 466 499 δὲ
489 444 522 496 δ
542 443 643 515 τῆς
677 443 775 514 σῆς
793 440 1017 514 ἀγάπης
1039 439 1201 513 ἔρως.
1245 433 1415 505 Οὗτος
1453 439 1617 495 αὑτὸν
1647 439 1740 494 καὶ
1769 455 1880 510 χει-

281 536 464 607 μῶνος
514 534 956 606 κατατολμῆσαι,
995 534 1092 587 καὶ
1124 531 1415 596 δυσκολίας
1467 531 1613 596 ὀδοῦ,
1644 532 1742 585 καὶ
1775 532 1877 601 ἀρ·

277 627 523 701 ῥωστίας
552 627 952 699 χαλεπωτάτης
985 625 1297 682 ἀνέπεισεν.
1335 623 1664 688 Ἐπαινέσας
1699 622 1881 677 τοίνυν

275 719 466 784 αὑτὸν,
517 718 759 774 δέσποτά
817 736 918 791 μου
973 717 1294 791 τιμιώτατε,
1351 715 1466 820 ’τοῦΧ
1504 716 1732 788 φίλτρου
1781 710 1882 783 τῆς

277 809 544 880 σπουδῆς,
594 809 791 875 ἀπόδος
850 809 1003 881 αὑτῷ
1049 810 1151 882 τὴν
1205 808 1466 881 άμοιϐὴν¹
1500 808 1603 878 τῆς
1660 809 1882 878 μακρᾶς

280 899 489 971 ταύτης
519 899 916 972 ταλαιπωρίας,
963 899 1064 972 τὴν
1103 899 1360 955 εἰωθυῖαν
1388 899 1519 971 περὶ
1542 896 1708 952 αὑτὸν
1745 897 1885 967 ἀγά-

283 1008 405 1086 πην
441 992 538 1044 καὶ
569 990 672 1086 *νῦν
710 989 1140 1086 ἐπιδειξάμενος.
1181 990 1357 1086 ἐπεὶ-
1378 988 1474 1043 καὶ
1506 989 1671 1086 ἡμεῖς
1803 989 1884 1052 είς

276 1079 479 1153 λιμένα
521 1082 686 1136 αὑτὸν
719 1080 1034 1152 ἀκύμαντον
1065 1087 1145 1146 είς
1175 1081 1275 1146 τὰς
1304 1081 1404 1145 σάς
1437 1079 1885 1152 παρεπέμψαμεν

280 1174 494 1244 χεῖρας,
539 1171 741 1234 ειδότες
783 1187 878 1224 σου
912 1171 1014 1242 τὴν
1049 1170 1254 1243 πολλὴν
1315 1170 1741 1241 φιλοφροσύνην,
1785 1168 1885 1241 τήν

279 1262 518 1334 γνησίαν
547 1262 791 1333 ἀγάπην,
827 1261 928 1333 τὴν
962 1261 1174 1334 θερμὴν
1207 1262 1302 1315 καὶ
1335 1260 1534 1333 ἀκλινῆ
1566 1262 1662 1319 καὶ
1691 1260 1887 1332 ἀπερί-

282 1371 550 1427 τρεπτον.
587 1355 708 1408 Κάν
736 1354 1035 1426 ἀφικνῆταί
1066 1371 1153 1417 τις
1184 1353 1416 1418 ἐκεῖθεν,
1446 1353 1543 1406 καὶ
1593 1352 1776 1424 ῥᾴδιον
1799 1349 1890 1421 γέ-

283 1464 468 1518 νηται,
503 1445 601 1499 καὶ
626 1444 932 1499 ἐπιστεῖλαι
962 1447 1094 1517 ἡμῖν
1123 1443 1511 1517 παρακλήθητι
1535 1442 1604 1498 τά
1631 1443 1889 1516 περὶτῆς

285 1536 514 1609 ῥώσεώς
561 1554 676 1590 σου.
726 1535 998 1608 Εύψύχιος
1026 1535 1137 1607 γάρ
1175 1538 1256 1601 εἰς
1282 1537 1344 1590 τὸ
1379 1535 1553 1606 παρὸν
1585 1536 1687 1590 οὑκ
1711 1535 1890 1607 ἀπήν-

281 1645 419 1700 τησε
439 1644 454 1658 ο
491 1627 575 1681 διὸ
595 1627 718 1681 οὑδὲ
749 1627 942 1699 μαθεῖν
972 1646 1025 1682 τι
1053 1626 1394 1699 δεδυνήμεθα
1425 1620 1502 1681 ὧν
1517 1626 1657 1699 ἔφης
1676 1627 1890 1681 ἐκεῖνον

283 1722 433 1794 ἐρεῖν
468 1719 663 1792 πρώην
715 1721 848 1792 ήμτν
889 1719 1244 1785 ἐπιστέλλων,
1278 1719 1368 1774 διὰ
1420 1720 1482 1774 τὸ
1517 1719 1770 1792 μηδαμοῦ
1798 1720 1892 1774 τὸν

282 1811 578 1884 ἄνθρωπον
631 1812 941 1882 φαίνεσθαι.
996 1811 1165 1866 Ταῦτ’
1223 1809 1317 1866 οὖν
1378 1810 1554 1876 είδὼς,
1615 1811 1804 1866 ἐκεῖνά
1831 1829 1892 1865 τε

285 1900 436 1973 ᾶπερ
486 1901 556 1954 δι’
615 1903 825 1954 ἐκείνου
883 1900 1079 1973 πρώην
1118 1901 1418 1974 ἐδήλωσας,
1442 1901 1537 1956 καὶ
1571 1901 1627 1954 εῐ
1652 1901 1893 1956 τιπλέον

285 1994 437 2064 ἡμᾶς
461 1989 618 2064 [615]
669 1991 875 2061 γνῶναι
925 1993 1251 2059 ἀναγκαῖον,
1300 1991 1397 2046 νῦν
1441 1991 1574 2062 γοῦν
1622 1992 1894 2065 γνωρίσαι

286 2085 425 2155 ἡμῖν
455 2082 867 2154 παρακλήθητι,
904 2083 1001 2137 καὶ
1047 2083 1116 2137 τά
1146 2083 1277 2155 περὶ
1309 2084 1411 2154 τῆς
1438 2083 1630 2151 ὑγείας
1658 2085 1896 2154 σήμαινε

285 2175 387 2246 τῆς
426 2175 550 2247 σῆς,
588 2176 686 2246 τῆς
719 2176 928 2247 σφόδρα
953 2177 1088 2248 ἡμῖν
1117 2176 1723 2247 περισπουδάστου,καὶ
1754 2177 1896 2248 ὑπὲρ

286 2263 359 2341 ἧς
377 2268 467 2322 ἀεὶ
497 2267 898 2338 μεριμνῶντες,
939 2268 1030 2322 ἀεὶ
1054 2268 1350 2339 μανθάνειν
1388 2268 1790 2341 ἐπιθυμοῦμεν.

684 2382 794 2434 ΛΗ
807 2417 823 2433 .
871 2377 1158 2451 Ὺμνητίῳ
1185 2380 1504 2450 ἁρχιητρῷ.

361 2489 430 2547 El
485 2489 579 2545 καὶ
636 2490 714 2564 μὴ
770 2492 1012 2564 συνεχῶς
1047 2494 1470 2566 ἐπεστάλκαμεν
1507 2495 1576 2566 τῇ
1624 2493 1901 2566 τιμιότητί

293 2598 415 2650 σου,
450 2582 591 2636 ἀλλά
623 2573 865 2652 συνεχῶς
909 2600 972 2637 σε
1017 2585 1113 2638 ἐπὶ
1159 2589 1382 2656 μνήμης
1437 2583 1659 2655 ἔχομεν,
1702 2587 1902 2657 πεῖράν

299 2689 397 2727 σου
453 2674 556 2744 τῆς
609 2673 1003 2745 σφοδροτάτης,
1038 2673 1142 2745 τῆς
1187 2673 1508 2740 σπουδαίας,
1537 2675 1637 2746 τῆς
1668 2677 1901 2747 γνησίας

294 2764 480 2838 φιλίας
505 2763 709 2837 πολλὴν
735 2765 793 2818 ἐν
820 2765 1060 2837 ἡμέραις
1081 2764 1289 2834 ὀλίγαις
1311 2763 1587 2831 λαϐόντες.
1614 2767 1713 2822 Διά
1743 2767 1904 2824 τοῦτο

295 2857 396 2914 καὶ
422 2856 518 2912 τὸν
545 2855 741 2928 κύριόν
773 2871 875 2928 μου
905 2858 998 2910 τὸν
1023 2855 1355 2928 τιμιώτατον
1382 2857 1684 2912 ἐπίσκοπον
1710 2859 1904 2913 Σέλευ-

297 2966 396 3004 κον
418 2949 495 3012 ὡς
511 2949 591 3013 είς
609 2948 809 3020 λιμένα
827 2947 929 3012 τὰς
950 2949 1050 3014 σάς
1075 2951 1529 3022 παραπέμπομεν
1552 2954 1765 3024 χεῖρας.
1792 2953 1906 3007 Καὶ

297 3043 410 3115 γὰρ
441 3041 548 3096 ὑπὸ
593 3040 760 3114 βηχὸς
810 3043 1132 3113 πολεμεῖται
1191 3037 1608 3116 χαλεπωτάτης,
1639 3045 1708 3118 ἢν
1740 3047 1776 3118 ή
1804 3043 1904 3099 τοῦ

298 3132 459 3198 ιτους
489 3133 612 3206 ὥρα
646 3133 1006 3205 σφοδρότερον
1036 3133 1333 3207 ἐπιτρίϐει,
1366 3136 1463 3190 καὶ
1513 3136 1907 3208 χαλεπωτέραν

298 3229 468 3283 ποιεῖ.
522 3225 877 3298 Καταμαθὼν
905 3225 1108 3292 τοίνυν,
1142 3226 1380 3283 δέσποτά
1431 3245 1534 3300 μου
1582 3229 1905 3299 τιμιώτατε,

303 3317 402 3374 τοῦ
437 3318 749 3389 νοσήματος
780 3315 882 3388 τὴν
912 3314 1097 3385 φύσιν,
1135 3315 1450 3389 ἐξαρπάσαι
1473 3317 1636 3372 αὑτὸν
1653 3316 1750 3372 τοῦ
1779 3322 1910 3372 κλυο

299 3411 499 3468 δυνίου
529 3410 849 3482 πειράθητι,
884 3413 953 3484 τῇ
979 3412 1081 3480 τῆς
1112 3411 1434 3484 ἀρῥωστίας
1465 3411 1639 3487 βλάϐῃ
1668 3413 1770 3485 τὴν
1796 3410 1908 3468 άπὸ

299 3505 404 3577 τῆς
449 3503 766 3574 ἐπιστήμης
813 3504 915 3576 τῆς
958 3504 1062 3575 σῆς
1096 3505 1439 3576 ἐπιτειχίσας
1462 3505 1716 3577 δύναμιν,
1746 3505 1814 3559 δι’
1839 3501 1910 3579 ἦς

303 3595 541 3660 πολλοὺς
566 3595 830 3660 πολλάκις
862 3595 1322 3660 κινδυνεύσαντας
1375 3597 1483 3650 ὑπὸ
1526 3597 1787 3651 τοιούτων
1813 3615 1911 3650 κυ-

307 3692 500 3765 μάτων
552 3689 920 3763 ὑποϐρυχίους
973 3689 1231 3760 γενέσθαι
1278 3689 1375 3745 τοῦ
1404 3690 1666 3760 ναυαγίου
1699 3690 1912 3762 ταχέως

303 3781 645 3856 ἀπήλὶαξας.

863 3919 1000 3975 ΔΘν.
1039 3917 1352 3989 Χαλκιδίᾳ.

380 4028 516 4090 οἴδα
539 4030 640 4104 τὴν
662 4031 886 4104 ἀγάπην
927 4033 993 4103 ἢν
1028 4032 1186 4105 ἐσχες
1216 4034 1348 4104 περὶ
1370 4033 1524 4104 ἡμᾶς
1558 4031 1768 4088 ἀνωθεν
1813 4031 1913 4087 καὶ

307 4124 373 4191 ἐξ
403 4125 604 4197 ἀρχῆς,
648 4125 746 4177 καὶ
802 4124 886 4178 ὅτι
910 4123 1270 4196 ἀκμάζουσαν
1295 4123 1466 4197 αὐτὴν
1486 4125 1784 4197 διατηρεῖς,
1817 4123 1914 4178 καὶ

310 4217 394 4273 δτι
431 4215 572 4286 αὑτῇ
607 4215 703 4267 καὶ
729 4213 1050 4285 προσθήκας
1076 4214 1308 4286 ἐργάζῃ,
1336 4215 1433 4268 καὶ
1467 4215 1528 4268 οὑ
1566 4214 1727 4285 μόνον
1761 4211 1914 4268 οὐδὲν

310 4304 484 4376 αὐτὴν
514 4303 707 4366 εἴασας
750 4301 1137 4374 ἀμαυροτέραν
1165 4303 1421 4372 γενέσθαι
1455 4303 1563 4356 ἀπὸ
1601 4301 1699 4357 τοῦ
1742 4320 1914 4376 χωρι-

315 4397 481 4470 σμοῦ,
513 4395 611 4450 καὶ
632 4394 729 4450 τοῦ
762 4395 1025 4449 τοσούτου
1054 4395 1273 4469 χρόνου,
1303 4395 1441 4450 ἀλλά
1462 4397 1558 4450 καὶ
1588 4396 1791 4467 μᾶλλον
1823 4396 1915 4452 αὑ-

311 4490 412 4561 τήν
463 4487 747 4551 ἀνάπτεις.
802 4481 915 4541 οἷδ’
965 4487 1048 4541 ὅτι
1104 4488 1197 4541 καὶ
1236 4486 1376 4559 μετὰ
1425 4486 1629 4558 πολλῆς
1654 4486 1786 4560 δέχῃ
1812 4485 1916 4558 τῆς

315 4579 660 4654 εὐφροσύνης
693 4579 763 4633 τά
814 4579 945 4650 παρ’
969 4579 1129 4650 ἡμῶν
1176 4581 1511 4658 γράμματα,
1557 4580 1654 4634 καὶ
1694 4581 1776 4635 δτι
1821 4580 1917 4636 καὶ

316 4676 612 4747 γράφουσα
640 4672 738 4726 καὶ
772 4671 982 4740 σιγῶσα
1010 4669 1215 4742 ὁμοίως
1271 4671 1404 4744 περὶ
1436 4673 1590 4743 ἡμᾶς
1617 4671 1915 4738 διάκεισαι,

319 4763 524 4837 πολλὴν
550 4762 646 4818 τοῦ
677 4762 1006 4836 πράγματος
1045 4762 1142 4817 καὶ
1164 4762 1225 4817 ἐν
1276 4762 1459 4834 πολλῷ
1511 4763 1589 4834 τῷ
1614 4765 1794 4836 χρόνῳ
1816 4763 1917 4836 τὴν

318 4857 518 4927 πεῖραν
550 4853 814 4925 είληφώς.
847 4852 948 4908 Διδ
978 4852 1045 4925 δὴ
1071 4851 1506 4925 παρακαλοῦμεν
1532 4855 1634 4926 τὴν
1668 4855 1922 4940 τιμιότηῖ

317 4949 388 5003 τά
439 4963 533 5002 σου
567 4946 666 5000 καὶ
702 4945 833 5018 περὶ
880 4946 1030 5018 ἡμᾶς
1071 4944 1216 5000 οὕτω
1245 4945 1552 5014 διακεῖσθαι
1567 4948 1783 5005 τπολλά
1809 4948 1918 5022 7&9

319 5037 556 5112 ἐνέχυρά
595 5054 694 5092 σου
731 5038 835 5109 τῆς
884 5038 1118 5110 γνησίας
1156 5038 1380 5110 ἀγάπης
1431 5027 1702 5110 ἔχομεν-ι,
1748 5041 1920 5096 πολλά

321 5131 714 5204 ὑπομνήματα.
757 5129 851 5183 Διὸ
881 5130 977 5185 καὶ
1019 5130 1078 5184 ἐν
1105 5132 1172 5202 τῇ
1201 5130 1349 5202 ψυχῇ
1385 5147 1446 5184 σε
1469 5130 1734 5202 διηνεκῶς
1763 5150 1922 5205 περι-

319 5226 585 5298 φέρομεν,
636 5221 1045 5295 ἐγκολάψαντες
1094 5222 1257 5295 ήμῶν
1296 5225 1363 5297 τῇ
1418 5223 1648 5296 διανοίᾳ,
1683 5226 1779 5280 καὶ
1821 5227 1920 5295 τὴν

323 5319 547 5390 μνήμην
581 5333 677 5372 σου
711 5316 947 5390 ἀληστον
975 5315 1193 5388 ἔχομεν,
1221 5315 1328 5376 κᾶν
1360 5316 1436 5388 μὴ
1473 5313 1740 5387 διῆνεκῶς
1780 5317 1920 5388 γρά-

320 5424 537 5480 φωμεν,
560 5409 649 5464 διά
677 5408 780 5482 τὴν
826 5407 1028 5464 σπάνιν
1063 5407 1176 5463 τῶν
1218 5409 1706 5481 γραμματηφόρων
1765 5410 1926 5478 ἐγκο-

323 5501 610 5573 πτόμ-ενοι.
639 5499 810 5556 Ταῦτ’
862 5495 958 5557 οῦν
999 5500 1197 5566 είδυῖα,
1242 5500 1411 5572 κυρία
1439 5517 1542 5571 μου
1568 5500 1922 5572 κοσμιωτάτη

323 5591 422 5649 καὶ
455 5591 853 5665 εὑλαϐεστάτη,
877 5592 1059 5664 γράφε
1101 5592 1197 5648 καὶ
1231 5591 1372 5666 αὑτὴ
1403 5591 1643 5665 συνεχῶς
1687 5594 1821 5665 ἡμῖν
1853 5593 1922 5648 τὸ

386 5779 549 5832 ιυυυ
571 5793 684 5830 mss.
711 5783 917 5844 γνησίας
927 5785 1081 5846 φιλίας
1106 5783 1294 5846 ἔχομεν.

1800 312 2187 381 EPISTOLAS.

3486 316 3594 376 633

1989 440 2254 514 περὶτῆς
2289 440 2504 512 ὑγιείας
2550 442 2655 514 τῆς
2705 441 2830 514 σῆς-
2881 441 3074 514 Ἥμεῖς
3111 441 3212 513 μὲν
3240 453 3352 513 γαρ
3379 436 3484 495 κᾶν
3516 436 3598 511 μὴ

1993 531 2277 605 δεξώμεθα
2311 535 2642 606 γράμματα,
2672 535 2803 598 τοὺς
2831 535 3043 595 ἐκεῖθεν
3076 533 3408 605 ἐρχομένους
3463 550 3595 587 συν·-

1989 624 2132 696 εχῶς
2174 625 2472 698 ἐρωτῶμεν
2495 625 2655 680 τοῦτο
2675 641 2687 657 ·
2725 625 3032 697 βουλόμεθα
3064 626 3122 679 δέ
3173 628 3268 680 καὶ
3317 625 3470 698 παρά
3495 629 3596 700 τῆς

1988 715 2352 787 κοσμιότητος
2402 717 2506 788 τῆς
2555 718 2661 789 σῆς
2716 717 2963 789 συνεχῶς
2992 717 3248 789 δέχεσθαι
3277 718 3595 783 ἐπιστολὰς,

1989 805 2490 879 εὐαγγελιζομένας
2512 809 2662 881 ήμάς
2692 808 2761 863 τά
2784 809 2914 880 περὶ
2931 808 3031 881 τῆς
3051 808 3275 882 ῥώσεως
3302 809 3404 882 τῆς
3437 812 3556 883 σῆς.

2516 939 2587 999 M'
2596 984 2612 1000 .
2664 942 3075 1014 Ἀσυγιιριτίᾳ.

2067 1067 2202 1128 Οἶδα
2251 1072 2336 1126 ὅτι
2368 1074 2426 1128 ἐν
2459 1071 2629 1146 πολλῇ
2682 1072 2862 1144 θλίψει
2911 1071 3264 1143 καθέστηκας
3295 1070 3414 1126 νῦν.
3453 1071 3618 1126 Ἀλλ’·

1992 1163 2185 1238 ὥσπερ
2209 1164 2369 1218 τοῦτο
2395 1161 2534 1228 οἶδα,
2572 1164 2746 1230 οὕτως
2780 1166 3007 1220 κάκεῖνο
3034 1164 3361 1237 ἐπίσταμαι,
3389 1165 3473 1219 ὅτι
3501 1182 3602 1219 πο-

1992 1257 2091 1324 λύς
2118 1275 2180 1312 σε
2209 1261 2274 1312 ἐκ
2301 1257 2411 1312 τῶν
2446 1257 2680 1328 θλίψεων
2709 1257 2920 1312 τούτων
2949 1257 3215 1328 ἀναμένει
3245 1255 3462 1328 μισθὸς,
3502 1257 3602 1311 καὶ

1997 1348 2210 1422 μεγάλη
2243 1350 2448 1420 ἀμοιϐὴ
2479 1351 2574 1404 καὶ
2592 1350 2862 1414 ἀντίδοσις
2883 1352 3082 1404 κεῖται.
3110 1349 3175 1403 Εί
3207 1349 3318 1421 γάρ
3340 1350 3434 1402 καὶ⁵
3467 1349 3602 1403 ἀθυ-

1999 1441 2120 1512 μία,
2151 1439 2300 1514 [616]
2338 1441 2475 1495 ἀλλά
2507 1441 2607 1512 τὴν
2656 1441 2836 1513 ψυχὴν
2861 1428 3169 1510 ὠφελοῦσα,
3198 1441 3294 1496 καὶ
3325 1439 3498 1495 πολλά
3531 1440 3602 1494 τὰ

1999 1531 2232 1604 βραϐεῖα
2281 1532 2642 1604 προξενοῦσα.
2685 1530 2854 1588 Ταῦτ’
2880 1529 2974 1588 οὖν
2994 1533 3022 1574 1³
3053 1533 3229 1588 εἰδυῖα
3251 1533 3347 1587 καὶ
3396 1531 3602 1601 λογιζς·

2001 1624 2160 1697 μένη,
2202 1625 2468 1696 μεγίστην
2501 1623 2752 1678 ἐντεῦθεν
2793 1624 3014 1697 καρποῦ
3076 1625 3177 1695 τὴν
3222 1623 3600 1697 παράκλησιν,

2002 1717 2078 1790 μὴ
2111 1717 2172 1772 τὸ
2194 1718 2461 1789 ὀδυνηρὸν
2493 1718 2654 1790 μόνον
2685 1719 2875 1791 ὁρῶσα
2909 1718 3020 1773 τῶν
3047 1717 3305 1789 θλίψεων,
3335 1717 3475 1772 ἀλλά
3506 1719 3603 1773 καὶ

1998 1808 2062 1864 τὸ
2099 1809 2166 1864 ἐκ
2214 1798 2419 1864 τούτων
2459 1812 2833 1883 συναγόμενον
2864 1811 3089 1883 κέρδοςο
3123 1813 3218 1865 καὶ
3265 1811 3447 1882 γράφε
3486 1827 3604 1863 συν·

2001 1900 2143 1974 εχῶς
2170 1903 2304 1974 ήμῖν
2335 1901 2465 1975 περὶ
2513 1903 2614 1974 τῆς
2642 1904 2859 1974 ὑγιείας
2881 1907 2983 1977 τῆς
3013 1904 3135 1976 σῆς.
3175 1904 3330 1959 Ἐπεὶ
3369 1903 3465 1957 καὶ
3506 1901 3604 1957 νῦν

2001 1995 2103 2064 οὑχ
2129 1994 2206 2058 ὡς
2238 1993 2432 2065 ἔτυχεν
2459 1995 2806 2068 ήλγήσαμεν,
2830 1996 3169 2061 ἀκούσαντές
3193 2013 3254 2050 σε
3273 1995 3598 2068 ἀρῥωστεῖν.

2001 2086 2094 2138 Διὸ
2125 2086 2222 2139 καὶ
2252 2087 2460 2159 σφόδρα
2501 2087 2872 2160 ἐπιζητοῦμεν
2904 2089 3198 2160 μανθάνειν
3227 2088 3368 2160 μετὰ
3407 2086 3605 2144 πολλοῦ

2002 2175 2097 2228 τοῦ
2133 2176 2359 2246 τάχους,
2403 2179 2453 2231 εί
2501 2179 2632 2250 ῥᾷόν
2671 2197 2755 2233 σοι
2801 2180 3016 2250 διετέθη
3037 2177 3104 2234 τά
3135 2181 3236 2249 τῆς
3268 2179 3606 2253 ἀρῥωστίας,

2006 2267 2150 2322 ὥστε
2184 2268 2285 2340 τῆς
2308 2271 2401 2324 ἐπὶ
2430 2272 2606 2345 ταύτῃ
2635 2273 2917 2343 φροντίδος
2944 2271 3226 2343 ἀνεθῆναι.

2542 2395 2683 2451 MA'.
2707 2398 3070 2466 Βαλεντίνῳ.

2079 2522 2283 2594 Τρίτην
2318 2522 2526 2593 πέμπω
2553 2524 2759 2597 ταύτην
2795 2525 3086 2597 ἐπιστολὴν
3108 2565 3125 2591 ,
3159 2524 3417 2596 οὐδεμίαν
3445 2526 3610 2592 αὐτὸς

2007 2620 2304 2691 δεξάμενος
2334 2620 2488 2694 παρά
2525 2623 2628 2696 τῆς
2665 2623 3145 2695 μεγαλοπρεπείας
3175 2623 3277 2695 τῆς
3305 2627 3424 2695 σῆς.
3471 2624 3612 2677 Ἀλλ’

2008 2721 2092 2775 δτι
2131 2721 2230 2792 μὲν
2266 2719 2408 2792 μετὰ
2431 2720 2635 2792 πολλῆς
2663 2724 2763 2793 τῆς
2790 2719 3135 2793 εὐφροσύνης
3161 2720 3332 2786 ἐδέξω
3361 2720 3519 2793 ήμῶν
3543 2722 3615 2778 τά

2008 2819 2464 2891 γράμματα,’καὶ
2486 2820 2580 2874 τὸν
2598 2819 2985 2892 ἐγχειρίσαντα
3014 2818 3191 2874 ταῦτα
3217 2820 3317 2892 τῆς
3344 2837 3427 2874 σοι
3451 2837 3617 2891 προσ-

2009 2916 2257 2988 ηκούσης
2307 2915 2574 2989 ἐποίησας
2624 2917 2936 2972 ἀπολαῦσαι
2986 2919 3186 2990 τιμῆς,
3223 2918 3318 2973 καὶ
3362 2918 3433 2973 τά
3461 2919 3619 2991 παρά

2016 3013 2215 3074 σαυτοῦ
2271 3013 2453 3068 πάντα
2483 3013 2844 3086 εἰσήνεγκας,
2874 3015 2933 3068 ἐν
2961 3007 3044 3078 οἷς
3069 3014 3240 3070 ἐδεῖτό
3269 3030 3364 3068 σου
3386 3016 3485 3087 τῆς
3520 3013 3617 3068 δυ-

2013 3111 2265 3183 νάμεως,
2295 3109 2543 3181 ἔγνωμεν
2567 3151 2583 3177 ,
2623 3110 2719 3164 καὶ
2743 3110 2896 3165 οὐδὲν
2925 3111 3076 3183 ἡμᾶς
3123 3109 3336 3165 τούτων
3371 3111 3565 3166 ἔλαθεν
3599 3128 3613 3141 ·

2015 3205 2303 3277 ἐπιστολὴν
2335 3205 2393 3260 δέ
2420 3205 2679 3276 οὐδεμίαν
2700 3205 3106 3283 ἐκομισάμεθα.
3143 3207 3256 3261 Καὶ
3288 3208 3338 3261 εί
3374 3209 3473 3280 μέν
3518 3208 3618 3263 ἀλ-

2014 3302 2106 3367 λος
2144 3319 2231 3368 τις
2259 3297 2330 3376 ἦν
2376 3301 2489 3356 τῶν
2521 3302 2584 3357 οὑ
2618 3304 2826 3376 σφόδρα
2852 3303 3117 3373 γενναίων
3146 3305 3175 3358 ό
3211 3304 3497 3377 σιωπήσας
3529 3323 3620 3361 το-

2018 3398 2228 3465 σοῦτον,
2269 3398 2604 3471 ἐνομίσαμεν
2633 3400 2700 3455 ἀν
2732 3399 2884 3471 αὐτῷ
2913 3400 3190 3472 πρόφασιν
3217 3402 3300 3466 είς
3319 3401 3620 3472 ἀπολογίαν

2018 3491 2158 3551 εἶναι
2196 3495 2305 3550 τῶν
2355 3495 2702 3568 πραγμάτων
2726 3496 2819 3550 τὸν
2846 3494 3024 3566 δχλον.
3076 3496 3295 3568 Ἐπειδὴ
3337 3496 3396 3552 δέ
3430 3515 3524 3553 σου
3556 3499 3622 3554 τὸ

2018 3593 2222 3664 ὑψηλὸν
2246 3596 2348 3665 τῆς
2373 3593 2472 3665 σῆς
2495 3594 2736 3659 διανοίας
2759 3603 2783 3633 ο
2815 3594 2996 3666 ῐσμεν,
3028 3593 3093 3648 τδ
3122 3593 3325 3667 θερμὸν
3353 3597 3452 3669 τῆς
3484 3599 3621 3667 ἀγά-

2017 3709 2130 3764 πης
2149 3732 2165 3757 ,
2188 3692 2250 3744 τὸ
2276 3693 2519 3764 γνήσιον,
2545 3691 2608 3746 τὸ
2636 3691 2929 3762 εἱλικρινὲς
2949 3732 2965 3758 ,
2991 3690 3054 3746 τὸ
3081 3692 3302 3766 διαρκὲς
3329 3733 3345 3760 ,
3373 3695 3437 3748 τὸ
3469 3697 3621 3767 μόνι-

2022 3805 2143 3862 μον,
2169 3789 2270 3842 οὑκ
2299 3788 2366 3843 ἂν
2394 3787 2691 3860 δεξαίμεθα
2733 3788 2939 3861 ταύτην
2965 3789 3295 3859 ἀπολογίαν,
3326 3791 3437 3846 οὐδ’
3463 3788 3529 3848 αὖ
3558 3794 3621 3847 τὸ

2021 3886 2098 3956 μὴ
2119 3887 2299 3939 ἐκεῖσε
2327 3882 2625 3957 διατρίϐειν
2648 3901 2742 3938 σου
2773 3885 2871 3955 τὴν
2904 3885 3321 3959 θαυμασιότητα
3339 3904 3355 3922 ο
3391 3890 3487 3942 καὶ
3509 3889 3620 3961 γὰρ

2019 3983 2117 4036 καὶ
2146 3982 2306 4036 τοῦτο
2327 3983 2594 4054 ἔγνωμεν.
2626 3983 2766 4036 Ἀλλ’
2798 3984 2878 4036 ἐνὶ
2906 3985 3054 4056 μόνῳ
3080 3985 3492 4058 καρπωσόμεθα
3517 3987 3621 4058 τῆς

2023 4080 2244 4153 μακρᾶς
2268 4080 2426 4150 σιγῆς
2447 4079 2824 4153 παραμυθίαν,
2851 4083 2900 4135 εί
2923 4080 3248 4154 βουληθείης
3274 4084 3356 4149 είς
3381 4084 3444 4139 τὺ
3467 4085 3621 4141 ἐπιδν

2017 4177 2080 4232 τὸ
2119 4175 2397 4249 παροφθὲν
2434 4177 2494 4230 ἐν
2521 4175 2602 4249 τῷ
2647 4176 2976 4248 παρελθόντι
3021 4178 3202 4251 χρόνῳ
3232 4177 3262 4217 ἀ
3306 4181 3624 4255 ἀνακτήσα-

2023 4275 2171 4340 σθαι,
2204 4274 2298 4328 καὶ
2328 4271 2545 4345 πέμψαι
2567 4273 2798 4344 νιφάδας
2827 4275 3177 4346 γραμμάτων
3203 4275 3356 4346 ἡμῖν,
3383 4277 3493 4331 ἀπὸ
3521 4279 3627 4351 τῆς

2026 4373 2148 4444 μέλι
2189 4369 2424 4445 ῥεούσης
2451 4369 2702 4446 γλώττης
2747 4373 2818 4426 τά
2853 4373 2984 4446 περὶ
3018 4373 3122 4444 τῆς
3160 4373 3374 4443 ὑγιείας
3419 4377 3514 4431 σοῦ
3560 4395 3622 4434 τε

2022 4470 2119 4524 καὶ
2144 4468 2246 4540 τῆς
2273 4468 2578 4538 ἀσφαλείας
2601 4467 2929 4538 δηλούντων.
2968 4471 3032 4524 Et
3059 4469 3169 4543 7&9
3198 4473 3294 4527 καὶ
3323 4474 3382 4527 ἐν
3414 4473 3623 4546 ἐρημίᾳ

2022 4566 2345 4639 καθήμεθα,
2378 4566 2475 4620 καὶ
2502 4564 2791 4637 πολιορκία
2829 4566 3064 4638 χαλεπῇ,
3096 4567 3191 4622 καὶ
3223 4569 3439 4639 μυρίοις
3468 4587 3626 4642 περιρ

2023 4663 2413 4736 εστοιχίσμεθα
2480 4662 2708 4728 δεινοῖς,
2754 4663 2870 4717 ἀλλ’
2904 4664 3055 4736 ὅμως
3095 4667 3158 4720 οὑ
3213 4665 3499 4738 παυόμεθα
3531 4685 3627 4738 με·

2026 4762 2326 4836 ριμνῶντες
2356 4760 2457 4834 τὴν
2491 4759 2591 4834 σὴν
2619 4760 3035 4834 θαυμασιότητα
3059 4778 3074 4794 ο
3116 4763 3210 4818 καὶ
3238 4765 3363 4820 καθ’
3386 4767 3626 4839 ἑκάστην

2025 4858 2413 4930 πυνθανόμεθα
2439 4869 2464 4899 ο
2505 4861 2564 4913 ἐν
2591 4859 2737 4913 τίσιν
2765 4859 2914 4932 ὁρμᾷ
2943 4861 3012 4914 τὰ
3034 4860 3122 4915 σά.
3139 4860 3238 4916 Ἵν’
3266 4860 3360 4916 οὖν
3387 4863 3465 4936 μὴ
3493 4868 3624 4935 παρ’

1992 4980 1993 4983 η
2024 4957 2250 5030 ἐτέρων,
2274 4956 2412 5012 ἀλλὰ
2434 4957 2532 5013 καὶ
2554 4956 2705 5031 παρά
2732 4957 2832 5028 τῆς
2862 4957 3123 5027 γλυκείας
3164 4960 3261 5014 καὶ
3309 4960 3627 5015 ποθεινοτά-

2024 5072 2126 5127 της
2149 5057 2284 5128 ήμῖν
2311 5054 2608 5120 διαθέσεως
2653 5054 2827 5110 ταῦτα
2860 5056 3255 5128 μανθάνωμεν,
3279 5060 3466 5131 ,γράφε
3496 5077 3623 5114 συν-

2026 5151 2168 5225 εχῶς
2197 5153 2334 5224 ημῖν
2356 5151 2428 5206 τά
2448 5153 2578 5225 περὶ
2602 5152 2706 5222 τῆς
2739 5151 2961 5226 ῥώσεως
2989 5153 3090 5223 τῆς
3116 5158 3217 5227 σῆς
3240 5173 3254 5187 ο
3287 5156 3382 5210 καὶ
3426 5156 3487 5210 τὺ
3516 5160 3628 5211 πᾶν

2027 5249 2440 5323 ἀπειλήφαμεν,
2469 5250 2538 5322 ἢν
2581 5249 2869 5323 δεξώμεθα
2897 5250 3190 5317 ἐπιστολάς
3225 5252 3398 5308 ταῦτα
3425 5255 3625 5327 φερού-

2032 5362 2132 5411 σας
2161 5347 2296 5418 ήμῖν
2320 5345 2392 5400 τά
2417 5345 2735 5416 εὐαγγέλια.

2091 5537 2346 5605 ἐμςοίείὶι).
2371 5537 2779 5605 κομίζεείγᾲρλκαὶ
2804 5540 2980 5604 ἀθυμία
3001 5544 3058 5604 τῇ
3099 5542 3230 5604 ψυχῇ
3264 5540 3514 5605 ὠφέλειαν,
3557 5542 3636 5591 καὶ

2029 5602 2186 5664 πολλρ
2220 5601 2279 5648 τά
2301 5600 2518 5664 βραδεῖα.
2542 5600 2688 5664 Ταῦτ’
2712 5602 2818 5657 οὖν.

2100 5665 2123 5692 ο
2147 5661 2407 5720 Βονίιζτῆς
2426 5663 2649 5717 διανοίας.

2095 5723 2122 5764 εἰ
2149 5722 2351 5790 goislin.
2376 5725 2423 5772 ἐν
2454 5725 2524 5790 τῷ
2550 5724 2746 5790 παρόντι
2766 5726 2938 5790 καιρῷ.

2102 5797 2128 5826 ο
2150 5783 2258 5834 Duo
2280 5798 2393 5833 mss.
2413 5783 2766 5850 πυνθανόμενοι.
