4078 6446
512 314 621 374 633

1023 425 1164 478 ΜΗ.
1194 422 1585 488 Κανδιδιανῷ.

586 538 727 591 Πολὺ
757 535 856 604 τῆς
899 532 1019 588 ὁδοῦ
1053 534 1116 587 τὸ
1152 535 1314 605 μέσον
1355 533 1416 587 τὸ
1461 533 1696 604 διεῖργον
1746 533 1931 604 ἡμᾶς,
1985 529 2102 585 ἀλλ’

518 627 642 682 οὐδὲ
672 627 702 679 δ
727 626 915 696 χρόνος
939 623 1144 696 βραχὺς
1169 664 1186 689 ,
1208 623 1269 688 ἐξ
1292 618 1352 679 οὗ
1382 624 1480 694 τῆς
1504 623 1936 695 θαυμασιότητος
1966 621 2104 690 ἐχω·

519 719 785 791 ρίσθημεν
819 716 918 784 τῆς
970 714 1101 784 air
1133 713 1363 769 καὶτῶν
1396 715 1736 785 πραγμάτων
1759 713 1818 766 δέ
1864 711 2032 774 πολὺς
2072 713 2102 764 ό

517 808 818 882 περιεστὼς
847 808 996 878 ἡμᾶς
1016 805 1172 878 ύχλος
1195 843 1210 871 ,
1241 807 1451 877 ἐρημία
1489 806 1687 876 χωρίου
1718 802 2098 875 χαλεπωτάτη,

515 899 800 972 πολιορκία
835 899 1146 969 ἀφόρητος,
1195 896 1414 966 ἔφοδοι,
1466 895 1808 966 καταδρομαὶ
1864 895 2097 967 λῃστῶν,

516 991 677 1062 ἐτέρα
699 990 1044 1060 στενοχωρία,
1079 989 1228 1060 ήτοῦ
1267 989 1520 1059 σώματος
1550 989 1829 1060 ἀρρωστία
1860 999 1908 1042 ⁸.
1935 986 2098 1041 ρἈλλ’

516 1084 666 1154 ὅμως
686 1081 837 1136 οὐδὲν
858 1081 1062 1135 τούτων
1088 1079 1495 1153 ῥᾳθυμοτέρως
1519 1083 1664 1151 ἡμᾶς
1687 1081 1815 1150 περὶ
1841 1079 1939 1151 τὴν
1963 1079 2100 1146 ἀγά-

520 1197 630 1250 πην
650 1179 748 1249 τὴν
784 1177 881 1249 σὴν
905 1176 1224 1246 πεποίηκεν,
1259 1174 1372 1228 ἀλλ’
1399 1174 1756 1244 ἀκμάζουσαν
1790 1171 1961 1242 αὐτὴν
2005 1171 2098 1223 καὶ

519 1269 670 1343 [617]
694 1267 961 1323 ἀνθοῦσαν
990 1265 1372 1338 διατηροῦμεν,
1401 1265 1494 1317 ἐπδ⁹
1517 1264 1758 1327 διανοίας
1789 1279 1848 1316 σε
1877 1261 2102 1334 περιφέ-

514 1378 702 1434 ροντες
721 1403 734 1426 ,
769 1361 1010 1432 ὅπουπερ
1033 1359 1097 1412 ἂν
1127 1355 1297 1429 ὦμεν,
1319 1357 1414 1410 καὶ
1442 1355 1672 1427 ἀληστόν
1707 1372 1801 1408 σου
1822 1354 1922 1426 τὴν
1957 1354 2096 1424 μνή-

515 1469 623 1525 μην
652 1452 863 1523 ἔχοντες
882 1491 896 1514 ,
921 1451 1015 1504 καὶ
1044 1451 1105 1504 τὸ
1131 1448 1348 1520 εὐγενές
1371 1466 1464 1502 σου
1485 1447 1587 1518 τῆς
1617 1447 1794 1518 ψυχῆς
1810 1487 1826 1513 ,
1854 1446 1915 1499 τὸ
1942 1445 2094 1499 ἐλευ-

512 1543 712 1616 θέριον,
748 1545 808 1596 τὸ
829 1545 1115 1612 ἄτρεπτον,
1149 1543 1211 1596 τὸ
1236 1541 1454 1604 ἀκλινές
1481 1539 1584 1609 τῆς
1605 1539 1831 1610 γνησίας
1849 1538 2092 1610 ἀγάπης,

511 1633 575 1688 τὺ
597 1633 795 1704 θερμὸν
824 1635 923 1703 τῆς
941 1634 1234 1697 διαθέσεως
1255 1631 1652 1700 ἐγκολάψαντες
1689 1631 1846 1702 ἡμῶν
1872 1633 1941 1702 τῇ
1976 1631 2094 1684 δια-

511 1724 649 1796 νοίᾳ.
679 1723 866 1787 Οὐτως
890 1723 1122 1779 ἐνταῦθα
1149 1724 1427 1792 διάγομεν,
1455 1723 1717 1793 μεγίστην
1739 1723 2094 1794 παραμυθίαν

509 1815 609 1886 ἰ’ἦς
629 1815 896 1884 τοσαύτης
927 1814 1159 1886 ἐρημίας
1178 1815 1275 1886 τὴν
1301 1817 1523 1885 μνήμην
1547 1814 1655 1866 τῶν
1684 1813 1791 1867 σῶν
1815 1814 2094 1886 κατορθω-

514 1905 698 1978 μάτων
731 1905 963 1977 ἐχοντες.
992 1905 1175 1978 Γράφε
1205 1905 1269 1978 δὴ
1299 1906 1393 1959 καὶ
1437 1905 1598 1969 αὐτὸς
1643 1906 1776 1975 ἡμῖν
1831 1907 2090 1976 συνεχῶς,

507 1998 740 2052 δέσποτά
775 2017 876 2068 μου
922 1997 1338 2070 θαυμασιώτατε
1375 1999 1470 2052 καὶ
1520 1997 2088 2069 μεγαλοπρεπέστατε,

507 2090 578 2144 τὰ
607 2092 734 2162 περὶ
762 2092 862 2161 τῆς
892 2091 1103 2160 ὑγιείας
1127 2091 1226 2161 τῆς
1257 2093 1356 2161 σῆς
1384 2088 1891 2159 εὐαγγελιζόμενος.
1922 2085 2092 2143 Οἶσθα

507 2183 616 2254 γὰρ
636 2184 783 2246 ὅπως
806 2183 977 2252 αὐτῆς
1001 2181 1336 2252 ἀντεχόμεθα
1358 2181 1473 2252 (καὶ
1495 2180 1604 2250 γάρ
1626 2179 2090 2249 περισπούδαστον
2162 2190 2168 2197 ’

508 2275 640 2346 ἡμῖν
667 2273 1028 2348 περὶταύτης
1060 2274 1413 2344 μανθάνειν),
1469 2274 1567 2327 καὶ
1612 2273 1690 2327 ὅτι
1722 2272 1912 2344 διπλῆν
1951 2289 2090 2343 καρ-

510 2365 804 2436 ωσόμεθα
830 2365 928 2436 τὴν
958 2364 1319 2436 εὐφροσύνην,
1341 2364 1417 2435 τῷ
1439 2379 1499 2416 τε
1536 2363 1870 2416 ἐπιστέλλειν
1902 2364 2086 2432 αὐτὸν,

505 2455 585 2525 τῷ
631 2471 691 2507 τε
737 2454 962 2507 τοιαῦτα
1007 2452 1256 2524 δέχεσθαι
1294 2455 1444 2525 ἡμᾶς
1472 2454 1782 2525 γράμματα
1811 2453 1965 2526 παρά
1986 2451 2084 2524 τῆς

509 2545 986 2618 μεγαλοπρεπείας
1014 2545 1115 2615 τῆς
1155 2546 1273 2617 σῆς.
1375 2630 1386 2642 ⁸

1028 2683 1172 2736 Ml".
1208 2680 1552 2750 Βασσιανῆ.

573 2795 724 2866 Αὐτὴ
787 2794 886 2866 μέν
947 2795 1158 2866 μακρὸν
1211 2796 1472 2867 ἐσίγησας
1503 2797 1726 2870 χρόνον,
1781 2797 2087 2853 καὶταῦτα

503 2885 700 2958 εχουσα
723 2887 813 2940 τὸν
836 2885 1024 2958 κύριόν
1050 2904 1150 2956 μου
1177 2887 1270 2940 τὸν
1297 2887 1624 2958 τιμιώτατον
1651 2890 1742 2942 καὶ
1766 2889 2086 2943 εὐλαϐέστα·

500 2993 594 3029 τον
623 2976 876 3030 Θεόδοτον
904 2976 996 3029 τὸν
1029 2975 1296 3040 διάκονον,
1363 2977 1657 3048 δυνάμενον
1691 2978 1890 3049 ῥᾳδίως
1937 2980 2086 3048 εὐρί-

503 3086 655 3124 σκειν
686 3049 809 3130 τοὺς
830 3068 1040 3122 ἐκεῖθεν
1068 3067 1300 3122 ἐνταῦθα
1324 3069 1772 3140 ἀφικνουμένους.
1805 3071 1995 3142 Ἡμεῖς
2026 3073 2084 3126 δὲ

500 3160 622 3214 οὐδέ
654 3159 903 3212 ἐντεῦθεν
929 3159 1309 3232 ὐποπτεύομέν
1362 3178 1456 3214 σου
1486 3163 1587 3233 τὴν
1614 3162 1853 3232 ἀγάπην,
1881 3163 1960 3227 ὡς
1987 3165 2084 3233 ῥᾳ-

503 3251 808 3323 θυμοτέραν
832 3252 1205 3322 γεγενημένην
1235 3254 1363 3324 περὶ
1391 3255 1564 3323 ἡμᾶς·
1599 3254 1797 3324 πολλὴν
1845 3256 1956 3326 γὰρ
1981 3257 2081 3309 αὐ-

500 3343 601 3415 τῆς
630 3347 842 3414 πεῖραν,
878 3343 972 3396 καὶ
1004 3343 1092 3396 διά
1115 3343 1324 3398 πολλῶν
1355 3345 1654 3416 εἰλήφαμεν
1679 3387 1692 3410 ,
1723 3347 1816 3400 καὶ
1838 3348 2083 3419 ἔγνωμεν

501 3433 672 3503 αὐτῆς
698 3433 758 3484 τὸ
803 3432 1052 3503 λαμπρὸν
1083 3433 1179 3487 καὶ
1232 3433 1554 3506 εἰλικρινὲς,
1603 3437 1664 3488 τὸ
1715 3439 1937 3509 γνήσιον
1987 3442 2082 3494 καὶ

501 3523 923 3599 ἀπερίτρεπτον.
955 3523 1044 3576 Διὸ
1092 3523 1197 3577 κᾶν
1226 3526 1444 3595 γράφῃς
1468 3567 1482 3592 ,
1515 3526 1618 3579 κᾶν
1661 3531 1849 3599 σιγᾷς,
1882 3531 2081 3600 ὁμοίως

499 3613 817 3683 διακείμεθα
846 3631 937 3666 σου
984 3614 1110 3684 περὶ
1156 3614 1254 3685 τὴν
1299 3615 1580 3684 εὐγένειαν
1605 3660 1619 3684 ,
1653 3620 1746 3671 καὶ
1771 3619 2080 3692 θαρροῦμεν

499 3705 630 3776 περὶ
662 3706 758 3774 τῆς
787 3705 1075 3767 διαθέσεως
1103 3706 1203 3776 τῆς
1238 3706 1357 3775 σῆς,
1383 3709 1457 3771 ὡς
1482 3710 1740 3780 ἀκεραίου
1773 3713 1865 3764 καὶ
1885 3714 2081 3782 ἀκραι-

501 3794 664 3862 φνοῦς
707 3796 991 3866 μενούσης.
1033 3797 1168 3849 Ἀλλ’
1209 3799 1357 3868 ὅμως
1402 3802 1495 3852 καὶ
1547 3800 1689 3854 οὕτω
1725 3803 2077 3874 διακείμενοι,

502 3886 706 3958 σφόδρα
735 3886 1032 3956 βουλόμεθα
1067 3891 1264 3958 συνεχῆ
1310 3890 1558 3960 δέχεσθαι
1595 3895 1898 3964 γράμματα
1948 3896 2079 3964 παρ’

500 3976 655 4046 ὐμῶν
682 4021 696 4044 ,
741 3978 1201 4048 εὐαγγελιζόμενα
1233 3981 1379 4049 ἡμᾶς
1425 3984 1552 4052 περὶ
1600 3985 1697 4054 τῆς
1729 3986 1939 4053 ὑγιείας
1981 3987 2082 4057 τῆς

501 4068 769 4139 ὑμετέρας
795 4110 807 4130 ,
842 4069 935 4120 καὶ
965 4069 1058 4122 τοῦ
1095 4070 1242 4123 οῐκου
1284 4071 1437 4140 ὐμῶν
1478 4074 1697 4137 παντὸς.
1739 4075 1952 4147 Ἐπειδὴ
1984 4077 2080 4129 κα)⁸

501 4159 703 4231 σφόδρα
739 4160 942 4230 ταύτης
993 4162 1366 4232 ἐπιθυμοῦμεν
1399 4165 1492 4216 καὶ¹
1526 4164 1882 4236 ἀντεχόμεθα,
1911 4169 2080 4223 καθά-

500 4268 606 4320 περ
660 4253 750 4302 καὶ
800 4251 934 4320 αὐτὴ
968 4247 1145 4306 οἶσθα.
1181 4253 1366 4306 Ταῦτα
1394 4249 1486 4307 οὖν
1529 4255 1732 4316 είδυῖα,
1774 4257 1936 4327 κυρία
1975 4277 2076 4329 μου

498 4342 846 4410 κοσμιωτάτη
869 4345 960 4394 καὶ
984 4344 1364 4417 εὐγενεστάτη,
1392 4350 1615 4419 χαρίζου
1643 4352 1739 4420 τὴν
1764 4351 1925 4424 χάριν
1948 4356 2078 4424 ἡμῖν

499 4429 703 4498 ταύτην
727 4469 741 4493 ,
773 4430 978 4499 κούφην
1013 4450 1073 4484 τε
1103 4430 1266 4489 οὖσαν
1299 4438 1392 4488 καὶ
1425 4440 1610 4508 ῥᾳδίαν
1633 4481 1646 4504 ,
1697 4444 1792 4494 καὶ
1835 4442 2076 4511 εὐλογον,

502 4522 596 4572 καὶ
617 4519 813 4590 πολλὴν
844 4523 972 4591 ἡμῖν
1005 4525 1097 4575 καὶ
1124 4527 1179 4577 ἐν
1210 4527 1417 4598 ἐρημίᾳ
1449 4530 1774 4600 καθημένοις
1805 4535 2077 4605 παρέχου-

504 4629 602 4664 σαν
635 4613 731 4683 τὴν
762 4614 1134 4683 παραμυθίαν.

921 4747 1052 4802 ΜΔ’.
1090 4751 1350 4814 Θεοδότῳ
1377 4753 1652 4820 διακόνῳ.

573 4855 702 4911 Οἶδα
731 4857 823 4911 καὶ
856 4860 1014 4923 αὐτὸς
1039 4901 1054 4924 ,
1091 4861 1171 4914 ὅτι
1201 4864 1302 4918 οὐκ
1334 4864 1399 4918 ἂν
1432 4869 1561 4937 ἡμῖν
1610 4869 1698 4922 διὰ
1737 4875 2077 4943 γραμμάτων

505 4950 809 5016 συνεγένου,
843 4953 889 5004 εί
915 4951 1002 5004 διὰ
1026 4956 1325 5021 παρουσίας
1363 4956 1490 5026 ἐξῆν
1510 4975 1524 4988 ·
1551 4961 1684 5015 ἀλλά
1710 4965 1887 5018 πάντα
1919 4968 2076 5034 ἀφεὶς

507 5041 624 5111 μεθ’
653 5042 807 5110 ἡμῶν
835 5042 1052 5113 ἔμελλες
1089 5039 1247 5111 εἶναι,
1281 5049 1328 5100 εί
1362 5050 1436 5119 μὴ
1464 5050 1688 5123 κώλυμα
1722 5051 1809 5126 ἦν,
1847 5059 1941 5112 καὶ
1964 5060 2074 5112 κώ-

501 5132 648 5200 λυμα
674 5135 940 5202 μέγιστον,
972 5137 1062 5188 καὶ
1097 5139 1129 5206 ή
1166 5137 1258 5190 τοῦ
1289 5139 1441 5202 ἔτους
1470 5141 1607 5212 ῶρα,
1648 5148 1740 5199 καὶ
1769 5149 1876 5202 τῶν
1931 5171 2075 5223 πρα-

501 5224 727 5292 γμάτων
769 5226 801 5294 ἠ
857 5225 1140 5293 δυσκολία,
1175 5231 1269 5282 καὶ
1301 5232 1408 5284 τῶν
1449 5236 1679 5288 ἐνταῦθα
1718 5242 1750 5308 ἡ
1788 5243 1908 5297 καθ’
1944 5246 2074 5298 ἑκά.

503 5329 634 5382 στην
662 5314 871 5382 ἡμέραν
909 5319 1285 5391 ἐπιτεινομένη
1329 5326 1462 5394 πρὸς
1510 5329 1568 5380 τὸ
1618 5333 1800 5400 χεῖρον
1844 5336 2069 5405 ἐρῂμία.

502 5403 608 5456 Καὶ
639 5406 787 5456 οὐδὲν
827 5406 1008 5475 δέομαι
1038 5411 1195 5464 τοῦτο
1227 5418 1377 5486 παρὰ
1409 5419 1504 5470 ’σοῦ
1543 5421 1853 5488 μανθάνειν.
1892 5429 2072 5481 Ἐπει-

500 5495 564 5564 δὴ
594 5495 700 5564 γὰρ
731 5495 898 5563 ἔγνων
938 5501 1083 5565 ἆπαξ
1107 5542 1121 5567 ,
1155 5504 1233 5556 ὅτι
1283 5509 1508 5579 σφοδρὸς
1542 5513 1698 5583 ἡμῶν
1739 5518 1970 5590 ἐραστὴς
2000 5517 2069 5585 εἴ,

553 5651 987 5738 3.9316213???
1012 5664 1093 5716 τῆς
1111 5660 1195 5709 τοῖ’
1219 5667 1460 5728 στομάχου
1484 5670 1763 5734 ἀβρωσ-τίας.
1787 5677 1914 5728 Edit.
1936 5683 1964 5738 ἡ
1987 5681 2071 5733 τοῦ

498 5726 716 5770 σωματος
734 5717 993 5778 ἀρρωστία.

1218 308 1278 365 S.
1319 306 1604 366 ιοΑΝΝιε
1641 301 2135 364 CHRYSOSTOMI
2173 300 2498 358 ARCHIEP.
2529 300 3084 361 CONSTANTINOP.

3695 305 3808 366 634

2209 412 2383 484 ἔγνων
2427 415 2522 471 καὶ
2583 417 2740 471 τοῦτο
2795 417 2998 479 καλῶς.
3039 417 3230 490 Ἡμεῖς
3274 417 3374 489 μὲν
3423 413 3518 474 οὖν
3540 459 3556 485 ,
3593 421 3690 475 καὶ
3727 420 3810 493 μὴ

2211 506 2624 578 άναμνήσαντός
2664 525 2757 561 σου
2775 507 2960 580 ,ζπρδς
2991 507 3202 572 πάντας
3231 509 3298 563 ἂν
3343 509 3806 581 ἐπεστάλκαμεν·

2210 598 2601 671 ἐθαυμάσαμεν
2650 601 2708 654 δέ
2740 617 2800 653 σε
2827 601 2923 654 καὶ
2955 601 3163 673 ταύτης
3192 602 3292 672 τῆς
3315 602 3445 673 περὶ
3471 603 3620 674 ἡμᾶς
3649 601 3810 673 φιλο-

2211 691 2470 762 στοργίας
2489 732 2505 755 ,
2540 693 2624 746 ὅτι
2647 695 2742 748 καὶ
2773 695 2850 765 τῷ
2881 693 3028 748 τέλει
3059 694 3161 764 τῆς
3190 694 3483 765 ἐπιστολῆς
3510 697 3808 768 παράκληι

2211 799 2294 836 σιν
2323 783 2464 856 ὑπὲρ
2484 782 2675 836 τούτου
2715 785 3086 858 προσέθηκας.
3123 785 3296 839 Τοῦτο
3331 786 3440 856 γὰρ
3466 787 3644 858 ψυχῆς
3678 788 3809 855 σφό-

2207 873 2309 946 δρα
2358 875 2715 946 μεριμνώσης
2741 878 2810 930 τά
2847 877 3093 948 ἡμέτερα
3114 917 3129 941 ,
3165 877 3591 948 φροντιζούσ-ης,
3625 877 3809 946 κηδοιι

2211 965 2380 1037 μένης
2403 1006 2417 1031 ,
2451 967 2692 1037 γνησίως
2719 967 2940 1039 ἀγαπᾷν
2967 968 3358 1038 ἐπισταμένης.
3399 969 3524 1030 Τοῖς
3561 969 3660 1038 μὲν
3707 964 3807 1022 οὖν

2205 1057 2386 1122 ἄλλοις
2432 1059 2634 1114 ἆπασιν
2670 1058 2824 1132 [618]
2868 1059 3213 1113 ἐπέσταλκα·
3247 1059 3438 1131 ἐπειδὴ
3485 1060 3542 1114 δέ
3591 1061 3686 1114 καὶ
3732 1064 3806 1135 τῇ

2206 1151 2370 1220 κυρίᾳ
2401 1167 2503 1222 μου
2519 1150 2802 1223 Καρτερία
2826 1150 3016 1223 πρώην
3037 1147 3179 1224 ἦμεν
3199 1151 3618 1218 ἐπεσταλκότες,
3637 1152 3808 1221 ἐγνω-

2208 1259 2308 1314 μεν
2343 1243 2398 1296 δέ
2421 1243 2590 1314 αὐτὴν
2622 1244 2696 1316 μὴ
2713 1244 3009 1315 διατρίϐειν
3033 1246 3234 1312 ἐκεῖσε,
3267 1245 3406 1300 ἀλλά
3436 1244 3655 1318 μακρὰν
3678 1245 3805 1299 ὁδὸν

2205 1334 2710 1405 ἀποδεδημηκέναι⁹
2763 1338 2813 1390 εί
2865 1337 2964 1408 μὲν
2992 1331 3106 1391 οἷόν
3163 1355 3224 1392 τε
3275 1337 3666 1408 ἐκπεμφθῆναι
3728 1336 3806 1394 τὰ

2202 1427 2512 1498 γράμματα
2532 1429 2600 1482 τὰ
2632 1427 2881 1501 ἡμέτερα
2908 1431 3045 1492 ἐκεῖ,
3076 1431 3172 1485 καὶ
3203 1429 3362 1484 τοῦτο
3385 1431 3632 1500 γενέσθω
3652 1471 3668 1498 ,
3700 1433 3803 1486 ἐὰν

2203 1516 2538 1593 δοκιμάσῃς’
2566 1521 2615 1574 εί
2651 1520 2710 1574 δέ
2743 1521 2819 1594 μὴ
2844 1521 3067 1577 δυνατὸν
3090 1563 3104 1587 ,
3137 1525 3248 1588 τοῖς
3280 1523 3411 1592 γοῦν
3437 1524 3648 1596 κυρίοις
3691 1541 3802 1595 μου

2201 1613 2554 1682 τιμιωτάτοις
2581 1614 2674 1668 καὶ
2699 1614 3109 1684 εὐγενεστάτοις
3134 1618 3248 1680 τοῖς
3278 1617 3408 1686 περὶ
3447 1617 3804 1688 Μαρκελλια-

2201 1704 2293 1758 νδν
2329 1704 2605 1776 συντυχὼν
2629 1706 2959 1778 διαλέχθητι,
2987 1706 3126 1762 ὥστε
3157 1708 3293 1780 αὐτῇ
3320 1709 3372 1761 εἴ
3395 1725 3526 1762 ποτε
3551 1711 3804 1764 ἐπιστέλ-

2201 1795 2341 1850 λοιεν
2366 1839 2381 1862 ,
2411 1797 2857 1870 ἀπολογήσασθαι
2893 1800 3033 1872 ὐπέρ
3083 1800 3242 1871 ἡμῶν
3263 1841 3278 1867 ,
3313 1801 3390 1864 ώς
3423 1801 3526 1855 οὐκ
3557 1802 3801 1874 ἐρῥᾳθυ-

2205 1889 2478 1960 μηκύτων,
2507 1890 2631 1943 οὐδὲ
2662 1890 2753 1943 τὸν
2783 1891 2986 1963 μεταξύ
3013 1894 3205 1963 χρόνον
3237 1893 3633 1964 σεσιγηκότων,
3673 1893 3800 1948 ἀλλ’

2201 1980 2306 2034 ὐπό
2334 1979 2432 2052 τ”ἦς
2461 1983 2678 2054 μακρᾶς
2707 1983 2877 2054 αὐτῆς
2907 1983 3218 2055 ἀποδημίας
3251 1985 3604 2040 κωλυθέντων
3663 2004 3800 2041 συν·-

2200 2073 2486 2146 εχέστερον
2515 2075 2850 2129 ἐπιστέλλειν
2879 2076 3013 2148 πρὸς
3037 2078 3230 2148 αὐτήν.

2543 2205 2686 2260 ME'.
2705 2204 3007 2276 Συμμάχῳ
3027 2206 3428 2274 πρεσϐυτέρῳ.

2269 2328 2436 2384 Οὐδὲν
2489 2329 2675 2384 καινὸν
2708 2331 2830 2385 οὐδὲ
2878 2332 3103 2396 ἀπεικὸς
3135 2332 3504 2403 τεθλιμμένην
3530 2331 3795 2389 ὀδεύοντα

2196 2421 2310 2474 ὁδὸν
2346 2425 2819 2496 στενοχωρεῖσθαι.
2861 2425 3100 2496 Τοιαύτη
3130 2425 3239 2496 γὰρ
3263 2426 3362 2496 τῆς
3389 2425 3595 2498 ἀρετῆς
3617 2428 3653 2500 ἡ
3686 2428 3794 2498 φύ-

2198 2527 2314 2578 σις,
2344 2512 2520 2566 πόνων
2551 2514 2714 2585 γέμει
2753 2517 2847 2569 καί
2887 2515 3154 2587 ἱδρώτων,
3197 2516 3502 2570 ἐπιϐουλῶν
3535 2519 3630 2572 καὶΙ
3677 2537 3796 2573 κιν·

2196 2599 2389 2656 δύνων.
2431 2603 2570 2656 Ἀλλ’
2593 2605 2628 2675 ἡ
2653 2604 2753 2676 μὲν
2774 2605 2893 2669 ὁδὸς
2914 2603 3138 2676 τοιαύτη
3157 2623 3170 2637 ο
3206 2605 3276 2659 τά
3303 2605 3361 2660 δὲ
3387 2605 3638 2662 ἐντεῦθεν
3666 2610 3794 2662 στέ-

2198 2700 2375 2764 φανοι,
2416 2694 2663 2765 βραδεῖα,
2686 2695 2754 2750 τὰ
2784 2697 3076 2770 άπόρῥητα
3104 2698 3287 2767 ἀγαθά
3309 2739 3324 2764 ,
3359 2699 3455 2753 καὶ
3497 2699 3653 2763 τέλος
3683 2702 3792 2756 οὐκ

2195 2783 2404 2853 ἔχοντα.
2441 2783 2667 2848 Τούτοις
2702 2785 2883 2838 τοίνυν
2939 2786 3134 2840 σαυτὸν
3169 2787 3519 2857 παρακάλει·
3553 2787 3790 2860 καὶγὰρ

2194 2862 2288 2928 καί
2310 2879 2341 2947 ἡ
2374 2876 2553 2940 ἄνεσις
2576 2879 2668 2931 καὶ
2695 2879 2728 2949 ἡ
2755 2877 2932 2948 θλίψις
2962 2881 2996 2950 ὴ
3019 2880 3110 2933 τοῦ
3133 2880 3400 2951 παρόντος
3427 2880 3788 2952 παροδεύεται

2195 2969 2332 3040 βίου,
2375 2971 2469 3022 καὶ
2513 2970 2665 3042 αὐτῷ
2692 2970 2772 3042 τῷ
2826 2971 2928 3044 βίῳ
2980 2974 3438 3043 συγκαταλύεται.
3470 2974 3653 3043 Μηδὲν
3690 2971 3788 3029 οὖν

2197 3061 2331 3132 μηδὲ
2361 3063 2586 3116 ἐκείνων
2612 3063 2860 3131 φυσάτω,
2887 3065 3020 3136 μηδὲ
3066 3065 3274 3119 τούτων
3317 3067 3657 3120 ταπεινούτω
3688 3069 3788 3121 καὶ

2194 3151 2550 3207 συστελλέτω.
2589 3153 2648 3207 '0
2675 3154 2783 3225 γὰρ
2812 3155 3036 3226 ἄριστος
3072 3156 3410 3229 κυϐερνήτης
3432 3157 3554 3210 οὐτε
3588 3160 3646 3211 ἐν
3677 3176 3786 3226 γαο

2191 3242 2327 3317 λήνῃ
2365 3245 2680 3314 χαυνοῦται,
2711 3247 2835 3301 οὐτε
2863 3250 2920 3301 ἐν
2952 3249 3178 3320 χειμῶνι
3208 3252 3560 3322 ταράττεται.
3615 3254 3785 3307 Ταῦτ’

2192 3332 2284 3389 οὖν
2322 3337 2476 3401 εἰδὼς
2507 3340 2813 3411 παρακάλει
2845 3341 3062 3405 σαυτὸν,
3089 3343 3184 3396 καὶ⁷
3211 3345 3563 3416 παραμυθίαν
3592 3346 3783 3400 ἐντεῦ-

2193 3425 2284 3479 θεν
2317 3429 2532 3498 καρποῦ
2586 3431 2684 3500 τὴν
2735 3433 3018 3502 μεγίστην.
3052 3433 3235 3504 Γράφε
3280 3437 3519 3506 συνεχῶς
3557 3439 3686 3507 ἡμῖν
3714 3439 3786 3490 τὰ

2190 3519 2320 3589 περὶ
2348 3520 2445 3588 τῆς
2479 3519 2689 3584 ὑγιείας
2728 3523 2825 3592 τῆς
2851 3525 2970 3594 σῆς.
2999 3526 3060 3578 Et
3095 3525 3202 3596 γὰρ
3232 3527 3327 3579 καὶ
3361 3525 3540 3595 πολλῷ
3568 3525 3646 3596 τῷ
3675 3529 3785 3597 μή·

2191 3625 2275 3661 κει
2300 3609 2401 3679 τῆς
2432 3610 2553 3663 ὁδοῦ
2587 3611 2956 3685 διειργόμεθα.
2984 3619 3078 3670 καὶ
3110 3618 3294 3689 πολύν
3327 3635 3422 3671 σου
3475 3619 3573 3688 τῆς
3606 3620 3785 3689 ἐμμε-

2189 3700 2339 3762 λείας
2371 3703 2782 3776 άπελείφθημεν
2822 3709 3011 3777 χρόνον
3037 3751 3051 3772 ,
3104 3709 3220 3763 ἀλλ’
3252 3688 3313 3762 οὐ
3366 3712 3467 3781 τῆς
3519 3688 3741 3778 ἀγάπης
3765 3750 3780 3774 .

2189 3789 2301 3841 ἀλλ’
2328 3791 2560 3862 άληστον
2583 3797 2749 3866 αὐτὴν
2771 3798 2856 3850 ἀεὶ
2883 3801 3251 3872 περιφέρομεν
3277 3803 3372 3856 καὶ
3395 3802 3779 3872 ἀκμάζουσαν,

2190 3883 2435 3954 ὅπουπερ
2469 3884 2536 3937 ἂν
2567 3880 2719 3957 ὦμεν
2775 3891 3007 3963 ἐπείπερ
3041 3893 3264 3966 τοιαύτη
3299 3895 3393 3948 τοῦ
3440 3895 3614 3968 φιλεῖν
3648 3916 3784 3971 γνη-

2192 3975 2320 4039 σίως
2355 3978 2387 4048 ὴ
2422 3976 2603 4046 φύσις.

2728 4112 2881 4178 ΜΕΓ.
2931 4112 3238 4182 Ῥουφινῳ.

2269 4221 2600 4299 Ἐϐουλόμην
2640 4235 2736 4303 μὲν
2779 4239 3160 4308 συνεχέστερον
3195 4242 3532 4296 ἐπιστέλλειν
3579 4260 3675 4298 σου
3709 4250 3777 4318 τῇ

2186 4323 2440 4393 εὐλαϐείᾳ
2456 4324 2504 4388 b,
2530 4325 2713 4397 ἐπειδή
2741 4345 2799 4380 σε
2832 4330 2990 4397 φιλῶ,
3018 4335 3111 4386 καὶ
3135 4336 3337 4406 σφόδρα
3361 4338 3520 4406 φιλῶ,
3539 4340 3778 4399 δέσποτά

2190 4433 2289 4485 μου
2339 4419 2734 4486 αίδεσιμώτατε
2776 4427 2869 4478 καὶ
2920 4427 3316 4485 εὐλαϐέστατε·
3361 4435 3454 4488 καὶ
3484 4437 3777 4511 ἀμφότερα

2184 4514 2361 4568 ταῦτα
2389 4512 2542 4570 οἶσθα
2575 4521 2667 4574 καὶ
2695 4521 2877 4585 αὐτός.
2924 4525 3063 4578 Ἀλλ’
3104 4529 3292 4599 ἐπειδὴ
3335 4533 3396 4585 τὸ
3424 4534 3524 4604 μὲν
3552 4537 3611 4590 ἐν
3642 4540 3777 4608 ἡμῖν

2187 4614 2381 4677 κεῖται,
2419 4615 2476 4667 τὸ
2502 4615 2558 4668 δέ
2584 4617 2684 4671 οὐκ
2717 4621 2776 4672 ἐν
2799 4622 2961 4692 ἡμῖν’
2993 4623 3084 4677 τοῦ
3119 4625 3219 4695 μὲν
3259 4630 3368 4699 γάρ
3413 4631 3584 4698 φιλεῖν
3607 4637 3778 4705 ἡμεῖς

2188 4709 2402 4782 κύριοι,
2431 4713 2527 4766 τοῦ
2553 4715 2610 4768 δὲ
2641 4717 2880 4789 συνεχῶς
2913 4721 3251 4778 ἐπιστέλλειν
3287 4728 3388 4780 οὐκ
3437 4730 3550 4794 ἔτι,
3585 4733 3677 4787 διά
3714 4753 3775 4790 τε

2181 4807 2284 4876 τῆς
2316 4809 2435 4861 ὁδοῦ
2468 4810 2565 4881 τὴν
2600 4813 2888 4870 δυσκολίαν
2913 4857 2929 4883 ,
2976 4819 3071 4872 καὶ
3115 4821 3223 4912 τοῦ⁵
3260 4824 3413 4890 ἔτους
3446 4830 3544 4901 τὴν
3576 4831 3727 4903 ὥραν
3756 4850 3772 4868 ο

2185 4906 2360 4959 ἐκεῖνο
2387 4907 2491 4977 μὲν
2547 4909 2810 4979 διηνεκῶς
2844 4916 3143 4986 ποιοῦμεν,
3179 4906 3338 4976 τοῦτο
3391 4925 3447 4979 δέ
3494 4928 3657 4998 ἡνίκα
3703 4933 3774 4986 ἂν

2183 4999 2275 5070 ἐξῇ
2302 5017 2315 5031 ·
2353 5003 2553 5072 μᾶλλον
2585 5006 2640 5059 δὲ
2671 5010 2765 5062 καὶ
2794 5011 2953 5066 τοῦτο
2976 5014 3245 5086 διηνεκῶς
3267 5021 3545 5093 ποιοῦμεν.
3573 5027 3634 5080 El
3659 5031 3772 5103 γὰρ

2184 5099 2394 5197 καῖ-μὴ
2447 5102 2634 5170 μέλανι
2670 5108 2803 5177 μηδὲ
2835 5111 3010 5184 χάρτῃ
3065 5117 3305 5186 συνεχῶς
3357 5099 3770 5197 ἐπιστέλλομεν,

2184 5193 2319 5246 άλλά
2345 5197 2538 5272 γνώμῃ
2564 5203 2657 5256 καλ⁵
2685 5205 2894 5278 διανοίᾳ
2914 5226 2927 5241 ο
2953 5213 3196 5270 τοιοῦτον
3223 5216 3332 5288 γὰρ
3353 5219 3414 5272 τὸ
3439 5220 3612 5290 φιλεῖν

2188 5292 2333 5354 σίως.

2668 5427 2818 5502 [619]
2849 5437 2983 5489 MZ'.
3012 5439 3267 5508 Ναμαίᾳ.

2257 5534 2321 5586 Τί
2354 5541 2618 5613 περιέρχῃ
2649 5545 2948 5614 ἀπολογίαν
2995 5553 3264 5623 ζητοῦσα,
3298 5562 3389 5614 καὶ
3433 5566 3774 5639 συγγνώμων

2181 5685 2490 5798 λαξείῗξθ¹¹⁸⁹
2515 5705 2641 5755 me
2681 5710 2989 5767 ωδε-’ταδτῇ
3035 5706 3275 5776 ἐμμελείᾳ.
3317 5712 3448 5765 Edit.
3490 5719 3656 5777 σουτὴ
3685 5721 3769 5769 εὖ-
