4078 6444
224 372 331 430 635

436 485 488 544 Χ
497 485 602 541 LII
611 531 623 543 .
644 486 980 543 Candidiano.
1018 483 1248 554 (Cucuso
1277 496 1418 537 anno
1441 478 1592 552 404).

296 579 486 652 Ingens
509 580 708 635 itineris
730 577 1064 633 intervallum
1098 590 1194 630 nos
1223 574 1442 634 dirimit,
1468 587 1567 626 nec
1588 585 1810 641 parvum

220 683 437 742 tempus
465 679 547 727 est
572 713 586 735 ,
616 686 735 725 eum
763 669 858 723 abs
887 677 938 723 te
961 667 1188 736 sejuncti
1220 667 1411 718 fuimus
1438 681 1451 717 :
1479 664 1608 734 quin
1649 677 1812 732 nego-

219 763 416 817 tiorum
447 777 658 833 quoque
685 775 870 830 magna
899 774 996 814 nos
1024 758 1176 812 tttrba
1206 757 1532 816 circumstat,
1559 753 1813 823 gravissi-

217 869 305 907 ma
334 853 437 907 loci
468 851 700 907 solitudo
721 893 736 917 ,
766 849 1096 906 intoleranda
1124 847 1349 908 obsidio,
1386 846 1614 911 insidim,
1645 845 1808 899 latro-

215 959 345 997 num
379 944 728 1006 incursiones,
757 941 963 1010 aliaque
987 949 1237 1008 praeterea
1267 937 1528 1007 angustia,
1556 936 1808 990 nimirum

214 1036 462 1105 corporis
493 1034 709 1089 morbus
739 1034 780 1086 ¹.
807 1031 916 1088 Nec
944 1041 1117 1086 tamen
1156 1029 1444 1101 quidquam
1485 1027 1674 1082 horum
1712 1040 1811 1080 nos

216 1129 268 1181 in
303 1129 378 1182 tui
417 1141 602 1182 amore
630 1127 904 1196 segniores
943 1123 1120 1178 effecit
1143 1140 1156 1176 :
1180 1122 1305 1192 quin
1335 1121 1507 1191 potius
1539 1121 1808 1189 vigentem

210 1236 336 1274 eum
359 1233 421 1273 ac
442 1220 721 1284 florentem
742 1230 1137 1282 conservemus,
1159 1230 1221 1269 ac
1244 1223 1312 1278 te,
1336 1226 1668 1282 quocumque
1693 1217 1813 1264 tam

212 1313 335 1366 dem
364 1313 417 1366 in
445 1311 566 1366 loco
595 1311 760 1364 simus
782 1350 798 1376 ,
823 1309 1003 1362 animo
1041 1316 1094 1362 et
1130 1305 1448 1376 cogitatione
1477 1301 1808 1358 eireumferi-

211 1417 368 1467 mus,
400 1403 582 1472 tuique
624 1400 936 1456 memoriam
977 1398 1261 1454 oblivionis
1305 1396 1481 1451 omnis
1525 1401 1806 1462 expertem

212 1504 456 1550 tenemus
480 1535 498 1561 ,
527 1493 796 1563 animique
840 1493 913 1546 tui
953 1491 1285 1546 nobilitatem
1325 1498 1381 1544 et
1426 1487 1806 1558 ingenuitatem

209 1586 541 1657 sincerzeque
562 1586 798 1642 caritatis
823 1585 1121 1639 ﬁrmitatem
1145 1591 1302 1652 atque
1322 1581 1695 1643 constantiam,
1713 1579 1808 1632 be-

210 1678 631 1746 nevolentia-que
677 1675 936 1731 fervorem
993 1675 1215 1728 incisum
1265 1673 1316 1726 in
1363 1672 1556 1726 animis
1608 1670 1807 1724 nostris

208 1766 491 1821 habemus.
521 1767 602 1820 Ad
629 1767 767 1819 hunc
792 1765 992 1819 scilicet
1018 1764 1232 1818 modum
1256 1763 1341 1816 hic
1361 1762 1624 1832 degimns,
1651 1776 1802 1815 sum-

207 1874 353 1913 mum
383 1868 542 1914 tanta;
569 1857 867 1912 solitudinis
896 1857 1139 1912 solatium
1164 1857 1214 1910 in
1246 1872 1428 1910 earum
1469 1870 1646 1910 rerum
1683 1869 1802 1924 quae

206 1949 304 2003 abs
333 1958 387 2004 te
413 1958 560 2004 recte
587 1958 843 2017 geruntur
871 1948 1240 2003 recordatione
1269 1948 1494 2015 positum
1525 1946 1800 2000 habentes.

207 2040 286 2094 Tu
315 2055 443 2097 vero
470 2041 536 2095 ad
582 2056 676 2094 nos
718 2056 926 2109 quoque
963 2041 1188 2096 subinde
1233 2041 1441 2104 scribe,
1474 2040 1690 2095 domine
1729 2040 1802 2094 mi

206 2145 549 2200 summopere
574 2131 885 2186 admirande
905 2147 965 2185 ac
982 2131 1281 2200 magnifice,
1305 2132 1370 2186 de
1391 2141 1477 2186 tua
1501 2132 1802 2189 valetudine

207 2223 362 2278 nobis
411 2224 531 2277 laeta
586 2224 855 2279 nuntians.
898 2224 1012 2279 Scis
1059 2224 1202 2279 enim
1255 2234 1580 2295 quantopere
1632 2225 1802 2294 ipsam

205 2314 626 2385 complectamur
672 2316 887 2386 (quippe
926 2316 992 2371 de
1022 2331 1083 2370 ea
1126 2316 1322 2387 aliquid
1365 2317 1550 2372 audire
1596 2333 1802 2387 magna:

207 2405 363 2460 nobis
393 2422 535 2461 cura:
561 2409 687 2477 est),
712 2408 957 2477 quodque
979 2408 1245 2477 duplicem
1266 2409 1590 2478 voluptatem
1617 2412 1801 2478 capie—

204 2511 347 2559 mus,
370 2499 414 2551 si
436 2507 490 2551 et
512 2498 623 2566 ipse
643 2499 869 2567 scribas,
893 2509 946 2553 et
973 2500 1140 2554 literae
1165 2501 1260 2554 abs
1283 2511 1333 2556 te
1359 2501 1459 2556 hoc
1489 2510 1802 2572 argumento

204 2587 274 2640 ad
306 2603 406 2643 nos
435 2589 743 2643 afferantur.

456 2678 672 2737 XLIII.
700 2683 982 2739 Bassiame.
1013 2686 1244 2753 (Cneuso
1270 2702 1412 2740 anno
1437 2688 1586 2757 405.)

276 2773 358 2828 Tu
389 2775 605 2844 quidem
637 2776 820 2845 perdiu
851 2778 1062 2841 siluisti,
1097 2779 1276 2848 idque,
1308 2795 1428 2832 eum
1461 2781 1796 2837 reverendis-

203 2865 399 2918 simum
427 2879 490 2919 ac
515 2866 968 2936 religiosissimum
992 2869 1272 2925 diaconum
1296 2869 1628 2927 Theodotqu
1657 2888 1797 2943 prte-

203 2966 292 3013 sto
314 2955 563 3021 haberes.
586 2972 682 3029 per
697 2974 854 3030 quem
877 2959 1029 3016 facile
1048 2963 1279 3017 nancisci
1299 2978 1504 3032 posses,
1528 2966 1616 3034 qui
1644 2966 1801 3021 istinc

201 3050 269 3104 ad
316 3065 414 3105 nos
462 3053 723 3106 venirent.
752 3053 858 3107 Nos
906 3064 1082 3109 autem
1123 3070 1190 3110 ne
1230 3055 1352 3109 hinc
1392 3056 1606 3125 quidem
1651 3067 1701 3112 te
1746 3058 1798 3112 in

202 3155 388 3195 arnore
412 3157 538 3211 erga
570 3157 667 3196 nos
693 3145 992 3212 segniorem
1015 3145 1278 3200 redditam
1299 3162 1418 3202 esse
1443 3149 1796 3217 suspicamur;

201 3235 400 3304 quippe
429 3235 519 3303 qui
548 3250 783 3305 persaape
810 3252 871 3291 ac
902 3238 1083 3293 multis
1127 3239 1178 3292 in
1210 3239 1368 3295 rebus
1397 3241 1560 3310 ipsius
1583 3241 1795 3310 pericu-

203 3327 310 3382 lum
338 3327 627 3383 fecerimus
646 3369 660 3395 ,
691 3329 908 3400 ejusque
938 3330 1272 3399 Splendorem
1299 3374 1313 3398 ,
1344 3334 1655 3402 puritatem,
1685 3335 1800 3388 sin-

201 3419 481 3473 ceritatem
529 3430 692 3489 atque
719 3423 1074 3476 constantiam
1107 3424 1438 3493 exploratam
1485 3425 1800 3480 habeamus.

202 3508 586 3574 Quamobrem,
616 3510 727 3565 sive
756 3512 980 3577 scribas,
1011 3514 1121 3568 sive
1153 3525 1348 3580 taceas,
1375 3516 1564 3570 eodem
1597 3531 1720 3586 erga
1747 3526 1798 3571 te

202 3602 383 3654 animo
410 3616 617 3663 sumus,
650 3602 819 3672 deque
846 3612 932 3658 tua
963 3605 1164 3674 integra
1193 3615 1246 3659 et
1273 3621 1400 3674 pura
1430 3606 1799 3663 benevolentia

202 3694 426 3747 minime
452 3693 776 3749 dubitamus.
811 3697 1142 3768 Quamquam
1188 3709 1364 3754 autem
1405 3716 1469 3755 eo
1498 3705 1676 3758 animo
1701 3720 1795 3758 su-

203 3800 342 3848 mus,
372 3785 591 3840 crebras
621 3796 796 3841 tamen
824 3788 1004 3843 literas
1023 3831 1038 3855 ,
1070 3805 1188 3860 qua:
1216 3791 1370 3845 nobis
1396 3791 1463 3846 de
1491 3802 1576 3847 tua
1605 3795 1795 3849 totius-

203 3891 305 3945 que
334 3886 440 3930 tu:e
469 3877 661 3932 domus
686 3879 990 3934 valetudine
1011 3924 1023 3945 ,
1050 3896 1168 3950 qua:
1196 3883 1441 3937 volumus
1464 3925 1480 3948 ,
1512 3888 1795 3953 nuntient,

205 3970 449 4037 accipere
487 3969 833 4026 vehementer
870 3973 1133 4041 cupimus.
1178 3975 1616 4046 Quandoquidem
1656 3980 1796 4032 nosti

204 4061 371 4127 ipsam
406 4075 619 4130 quoque
649 4062 799 4116 nobis
829 4063 1114 4118 admodum
1147 4082 1289 4120 cura:
1317 4083 1455 4121 esse.
1490 4069 1612 4124 H:rc
1641 4070 1798 4140 igitur

202 4165 321 4203 cum
373 4150 465 4204 tibi
499 4161 774 4220 perspecta
808 4154 956 4218 sint,
984 4155 1324 4210 ornatissima
1374 4173 1434 4213 ac
1465 4160 1795 4215 nobilissima

202 4241 418 4295 domina
463 4257 578 4294 mea
605 4282 622 4307 ,
655 4243 791 4297 hanc
830 4245 982 4300 nobis
1022 4249 1246 4316 gratiam
1287 4251 1446 4304 velim
1493 4253 1754 4307 concedas
1779 4296 1792 4318 ,

202 4347 319 4400 quae
364 4343 420 4387 et
452 4333 584 4387 levis
609 4377 623 4400 ,
655 4335 824 4390 facilis
866 4348 919 4392 et
961 4355 1111 4408 :equa
1158 4350 1240 4395 est.
1265 4383 1278 4407 ,
1309 4353 1363 4396 et
1391 4345 1544 4398 nobis
1565 4387 1579 4409 ,
1611 4347 1698 4416 qui
1741 4347 1792 4400 in

203 4424 302 4479 hac
331 4426 619 4482 solitudine
645 4427 907 4484 literemus
925 4471 940 4496 ,
976 4431 1239 4500 ingentem
1266 4436 1684 4492 consolationem
1713 4439 1794 4492 af-

201 4515 318 4571 fert.

307 4610 440 4664 XLI
457 4610 515 4662 V.
550 4612 804 4668 Theodoto
835 4615 1069 4669 diacono.
1099 4616 1344 4688 (Cucuso
1365 4635 1506 4675 anno
1528 4621 1677 4691 405.)

271 4704 398 4758 Scio
420 4705 602 4772 utique
633 4714 684 4759 te
714 4721 810 4775 per
834 4708 1014 4762 literas
1038 4723 1135 4763 nos
1166 4712 1386 4767 minime
1408 4725 1794 4770 conventurum

199 4792 386 4858 futsse,
425 4795 471 4848 si
496 4809 675 4849 coram
729 4797 778 4850 id
809 4798 1044 4854 licuisset
1078 4818 1090 4855 :
1125 4817 1308 4856 verum
1338 4806 1585 4859 omnibus
1635 4808 1795 4860 rebus

203 4887 422 4941 omissis
460 4886 526 4941 ad
573 4904 671 4942 nos
698 4897 748 4943 te
786 4890 1081 4958 conferres,
1116 4894 1213 4947 nisi
1238 4905 1291 4949 et
1320 4898 1446 4950 anni
1482 4907 1708 4968 tempus,
1743 4910 1797 4954 ct

201 4979 537 5050 negotiorum
565 4980 871 5048 difficultas,
894 4992 948 5037 et
975 4983 1133 5052 hujus
1170 4987 1267 5040 loci
1296 4989 1529 5042 solitudo
1559 4991 1795 5060 quotidie

201 5073 600 5141 ingravescens,
637 5077 922 5129 maximum
953 5078 1386 5145 impedimentum
1414 5082 1644 5137 afferret.
1689 5084 1796 5138 Nec

201 5180 336 5232 opus
367 5175 471 5227 est,
501 5176 558 5218 ut
583 5181 646 5219 ex
691 5176 742 5220 te
784 5167 884 5221 hoc
914 5168 1168 5223 ediscant.
1211 5171 1342 5226 Nam
1379 5188 1500 5227 cum
1541 5175 1668 5228 illud
1711 5191 1794 5230 se-

202 5257 305 5308 tuel
336 5256 466 5309 mihi
491 5267 821 5325 compertum
855 5261 944 5324 sit,
973 5277 1059 5316 tne
1088 5263 1183 5316 abs
1213 5275 1262 5316 te
1283 5264 1628 5320 vehementer
1647 5283 1796 5320 ama-

201 5363 266 5413 rt,
311 5347 415 5401 hoc
434 5362 648 5416 quoque
667 5352 868 5418 optime
889 5355 1031 5405 novi.
1051 5353 1380 5424 Quamquam
1395 5367 1571 5412 autem
1587 5361 1794 5415 etiamsi

202 5439 423 5493 minime
450 5438 840 5507 admonuisses,
876 5444 1226 5500 nihilominus
1261 5448 1325 5502 ad
1349 5465 1536 5504 omnes
1567 5452 1795 5519 scriptu-

203 5547 292 5584 rus
321 5547 470 5586 eram
500 5552 513 5588 :
545 5543 723 5588 tamen
772 5537 873 5590 hoc
901 5539 1062 5591 etiam
1096 5541 1311 5596 nomine
1343 5551 1487 5610 tuum
1533 5560 1654 5613 erga
1698 5561 1794 5600 nos

201 5637 444 5678 amorem
490 5625 736 5682 admirati
767 5643 972 5696 sumus,
1006 5633 1149 5700 quod
1180 5644 1420 5689 extrema
1456 5645 1541 5689 tua
1571 5639 1794 5706 epistola

204 5779 279 5888 mi
317 5787 496 5831 omnes
533 5789 660 5845 Mss,
698 5785 925 5838 nimirum
947 5789 1180 5840 stomachi
1211 5792 1385 5843 morbi.
1413 5794 1552 5857 Edit.,
1580 5796 1794 5860 corporis

255 5859 400 5894 υνυιιε

299 5859 400 5898 ὐιιὸ

538 5945 806 6007 ΡΑΤιιυι..
842 5952 955 6010 Gn.
996 5953 1124 6012 LH.

1684 365 2059 422 EPISTOLIE.

3409 360 3512 417 ϐω

1925 494 2010 534 me
2035 494 2244 550 quoque
2271 481 2339 536 de
2369 483 2466 538 hac
2498 500 2556 540 re
2582 484 2978 540 exhortandum
3008 477 3225 536 duxisti.
3250 475 3383 531 Nam
3415 479 3514 530 hoc

1922 570 2084 626 animi
2126 582 2210 627 est
2235 573 2582 631 vehementer
2612 578 2844 643 solliciti,
2890 590 2954 629 ac
2998 586 3179 627 rerum
3210 577 3512 623 nostrarum

1923 677 2050 717 cura
2080 663 2405 730 laborantis,
2435 677 2490 722 et
2539 669 2629 738 qui
2657 670 2867 723 sincere
2909 679 3091 721 amare
3122 661 3279 716 norit.
3312 659 3516 727 Quatu-

1923 752 2110 806 obrem
2125 763 2346 822 excepta
2361 755 2582 810 domina
2601 770 2719 809 mea
2743 754 3008 818 Carteria,
3052 755 3121 809 ad
3148 769 3306 822 quam
3348 767 3516 820 nuper

1921 846 2104 901 literas
2155 846 2301 910 dedi,
2334 850 2585 916 omnibus
2625 849 2817 920 scripsi
2849 867 2862 904 :
2891 863 3010 904 eam
3041 857 3218 902 autem
3259 845 3366 899 illic
3411 861 3514 897 non

1920 939 2243 999 commorari
2298 945 2500 1011 accepi,
2534 958 2721 997 verum
2771 943 2982 1013 longam
3031 940 3516 1011 peregrinationem

1921 1029 2122 1086 iniisse.
2145 1032 2403 1098 Quocirca
2425 1034 2470 1088 si
2493 1035 2662 1090 litera:
2679 1045 2877 1090 nostra:
2904 1035 3030 1090 illuc
3055 1032 3277 1103 perferri
3297 1039 3513 1101 queant,

1920 1117 2022 1174 hoc
2043 1136 2274 1193 quoque,
2303 1125 2347 1179 si
2381 1125 2473 1180 tibi
2491 1127 2777 1192 videbitur,
2806 1127 2929 1181 fiat:
2958 1126 3044 1182 sin
3075 1125 3125 1180 id
3155 1124 3267 1178 ficri
3297 1123 3516 1177 minime

1919 1217 2110 1283 possit,
2135 1217 2294 1271 velim
2323 1219 2512 1273 saltem
2541 1219 2851 1275 carissimos
2875 1235 2939 1274 ac
2982 1216 3345 1274 nobilissimos
3369 1215 3517 1267 viros

1919 1307 2315 1365 Marcellianum
2345 1321 2398 1366 et
2427 1313 2631 1367 socium
2662 1312 2740 1383 (α)
2764 1312 3078 1373 convenias,
3113 1321 3272 1381 atque
3301 1324 3421 1362 cum
3452 1307 3515 1361 iis

1917 1414 2065 1469 agas,
2098 1410 2153 1454 ut
2185 1401 2228 1454 si
2257 1403 2473 1472 quando
2499 1403 2566 1457 ad
2610 1419 2728 1458 eam
2765 1405 3028 1468 scribant,
3059 1403 3107 1458 ei
3154 1418 3238 1456 me
3265 1407 3516 1472 purgent,

1918 1491 2082 1560 utqui
2113 1507 2215 1547 non
2264 1509 2358 1561 per
2388 1495 2770 1565 negligentiam
2805 1496 3063 1565 tantisper
3108 1493 3384 1554 tacuerim,
3418 1507 3513 1545 ve-

1916 1598 2033 1637 rum
2062 1585 2219 1655 longa
2252 1586 2418 1654 ipsius
2449 1588 2712 1654 absentia,
2742 1589 3030 1659 quominus
3074 1588 3142 1642 ad
3181 1602 3300 1642 eam
3324 1586 3514 1641 crebro

1913 1675 2224 1744 scriberem,
2254 1678 2542 1748 impeditus
2579 1682 2701 1735 sim.

1948 1787 2121 1843 XLV.
2147 1791 2459 1862 Symmacho
2479 1793 2787 1866 presbytero.
2823 1794 2928 1866 (Ab
2949 1808 3091 1848 anno
3111 1794 3214 1849 404
3231 1792 3298 1847 ad
3323 1791 3479 1862 407.)

1984 1903 2201 1959 Minime
2232 1921 2426 1961 novum
2452 1923 2515 1962 ac
2544 1919 2932 1978 prmposterutn
2965 1907 3135 1962 videri
3160 1907 3335 1970 debet,
3371 1908 3414 1961 si
3447 1907 3509 1972 is,

1911 1997 1998 2067 qui
2027 2006 2310 2068 angustum
2338 2000 2437 2054 iter
2475 2009 2642 2066 tenet,
2673 2002 2952 2069 premitur.
2987 1999 3119 2052 Nam
3167 1999 3280 2054 litec
3306 1999 3513 2052 virtutis

1921 2099 2109 2143 natura
2140 2098 2244 2154 est,
2277 2101 2334 2144 ut
2361 2091 2632 2146 laboribus
2652 2100 2708 2147 et
2733 2092 3017 2146 sudoribus
3045 2100 3204 2160 atque
3234 2089 3439 2144 insidiis
3459 2099 3513 2144 et

1914 2183 2163 2251 periculis
2211 2194 2432 2238 scatent.
2461 2184 2658 2239 Verum
2697 2186 2798 2240 iter
2827 2184 3043 2255 quidem
3088 2195 3170 2238 est
3203 2184 3464 2253 ejusmodi
3496 2206 3510 2239 :

1912 2285 2031 2344 post
2051 2285 2227 2329 autem
2242 2286 2537 2346 sequuntur
2548 2292 2783 2342 coronae,
2811 2278 3051 2347 prmmia,
3066 2285 3123 2332 et
3138 2292 3331 2332 arcana
3351 2277 3509 2340 bona,

1910 2368 2102 2438 quibus
2128 2368 2250 2423 finis
2282 2371 2462 2424 nullus
2492 2381 2574 2424 est
2604 2371 2947 2425 constitutus.
2982 2369 3095 2423 Hac
3127 2369 3283 2439 igitur
3309 2370 3516 2438 cogita-

1911 2461 2055 2514 tione
2085 2469 2138 2514 te
2176 2461 2348 2528 ipsum
2387 2463 2704 2516 consolare:
2741 2479 2863 2516 nam
2898 2463 3174 2531 pratsentis
3203 2462 3323 2515 vita:
3349 2473 3399 2515 et
3420 2477 3511 2513 v0-

1910 2551 2082 2620 luptas
2104 2562 2158 2605 et
2183 2552 2460 2606 calamitas
2477 2569 2580 2606 una
2606 2567 2728 2606 cum
2767 2553 2864 2606 hac
2899 2554 2998 2606 vita
3031 2553 3220 2620 fluunt,
3248 2552 3512 2619 simulque

1907 2657 2027 2696 cum
2051 2657 2113 2696 ea
2133 2643 2421 2696 intereunt.
2445 2642 2522 2698 Ne
2545 2643 2706 2713 igitur
2726 2645 3012 2713 quidquam
3039 2644 3248 2697 illorum
3273 2644 3509 2696 aninuuu

1909 2743 2056 2787 tuum
2087 2733 2256 2800 inflet,
2284 2749 2382 2788 nec
2399 2750 2609 2788 rursum
2634 2735 2923 2805 quidquam
2952 2735 3144 2790 ltorum
3166 2743 3216 2788 te
3245 2734 3511 2802 deprimat

1907 2837 2067 2897 atque
2095 2826 2397 2882 contrahat.
2448 2827 2720 2896 Siquidem
2774 2829 3009 2897 optimus
3054 2827 3382 2897 gubernator
3413 2839 3510 2880 nec

1910 2920 2196 2990 tranquillo
2222 2929 2462 2988 tempore
2492 2920 2769 2973 remissius
2789 2921 2917 2990 agit,
2951 2935 3050 2974 nec
3076 2931 3353 2990 grassante
3378 2929 3510 2973 lem-

1910 3021 2112 3082 pestate
2147 3011 2512 3080 perturbatur.
2570 3011 2694 3064 Hme
2732 3011 2893 3081 igitur
2921 3026 3042 3066 cum
3097 3011 3189 3065 tibi
3231 3023 3506 3080 perspecta

1906 3103 2033 3168 sint,
2077 3101 2520 3171 teipsumsplare,
2575 3100 2970 3171 maximamque
3009 3102 3396 3157 hincmmroris
3426 3103 3506 3156 le-

1905 3197 2171 3250 vationem
2213 3196 2424 3265 capias:
2449 3211 2511 3249 ac
2535 3195 2602 3249 de
2636 3204 2723 3249 tua
2749 3195 3052 3250 valetudine
3081 3195 3164 3250 fac
3189 3211 3288 3251 nos
3328 3197 3508 3251 subin-

1905 3287 1972 3342 de
2001 3289 2279 3341 certiores.
2326 3286 2459 3341 Nam
2486 3289 2584 3341 etsi
2628 3288 2789 3358 longo
2823 3288 3032 3344 itineris
3074 3288 3411 3343 intervallo-a
3455 3301 3505 3343 te

1906 3379 2277 3449 disjungitnur,
2311 3377 2507 3448 diuque
2536 3395 2565 3432 a
2595 3387 2682 3432 tua
2709 3381 2970 3435 suavitate
2996 3379 3284 3446 altfuimus,
3317 3390 3370 3434 at
3401 3397 3505 3434 non

1907 3476 2031 3528 item
2060 3490 2088 3528 a
2119 3484 2204 3528 tua
2234 3474 2456 3528 caritate
2492 3492 2504 3528 :
2529 3488 2715 3527 verum
2745 3489 2861 3529 eam
2894 3475 3072 3528 omnis
3098 3474 3382 3529 oblivionis
3409 3490 3505 3530 ex-

1905 3577 2110 3636 pertem
2162 3582 2224 3620 ac
2251 3576 2545 3630 recentem,
2579 3567 2903 3636 ubicumque
2933 3567 3121 3631 simus,
3161 3583 3375 3637 semper
3401 3567 3503 3621 cir-

1904 3657 2249 3714 cutnferituus
2274 3677 2286 3712 :
2318 3675 2439 3713 nam
2465 3660 2579 3715 haec
2606 3675 2824 3730 quoque
2873 3659 3068 3714 sinceri
3095 3660 3295 3715 amoris
3317 3671 3504 3714 natura

1905 3762 2006 3805 est.

2099 3822 2307 3878 XLVI.
2346 3824 2564 3895 Rufﬁno.
2602 3825 2724 3896 (Ab
2747 3840 2889 3880 anno
2918 3825 3022 3880 405
3051 3824 3116 3879 ad
3150 3825 3274 3880 407.
3302 3823 3321 3896 )

1974 3934 2264 4006 Cupiebam
2305 3940 2522 4009 quidem
2559 3940 2756 4010 saepius
2798 3940 2864 3994 ad
2903 3949 2952 3995 te
2993 3940 3178 3994 literas
3207 3940 3356 4004 dare,
3407 3939 3504 3994 do-

1903 4031 2047 4086 mine
2077 4032 2146 4086 mi
2189 4033 2504 4102 cumprimis
2528 4034 2832 4088 venerande
2873 4048 2938 4087 ac
2975 4033 3245 4102 religiose,
3284 4033 3406 4102 quia
3451 4044 3502 4088 te

1903 4139 2046 4191 amo,
2076 4139 2139 4178 ae
2167 4125 2514 4181 vehementer
2536 4142 2693 4191 amo;
2727 4137 2888 4197 atque
2941 4135 3226 4195 utrumque
3271 4125 3502 4195 hocipse

1902 4234 2112 4288 quoque
2129 4220 2289 4274 nosti.
2319 4221 2580 4286 Quoniam
2618 4231 2797 4275 autem
2827 4221 3056 4275 alterum
3094 4221 3308 4288 quidem
3333 4222 3500 4274 nostri

1901 4313 2102 4367 arbitrii
2128 4322 2228 4379 est,
2263 4315 2489 4367 alterum
2517 4324 2695 4367 autem
2726 4329 2831 4366 non
2863 4313 2913 4367 in
2937 4314 3093 4367 nobis
3120 4315 3278 4367 situm
3302 4322 3384 4382 est
3409 4334 3421 4368 :
3446 4324 3504 4368 ut

1901 4403 2042 4457 enim
2077 4415 2127 4459 te
2153 4420 2417 4471 amemus,
2451 4406 2503 4459 in
2553 4406 2774 4459 arbitrio
2802 4418 2986 4460 nostro
3021 4407 3285 4470 consistit,
3317 4417 3374 4459 ut
3403 4424 3499 4459 au-

1904 4505 2007 4548 tem
2041 4497 2105 4549 ad
2140 4507 2189 4550 te
2213 4512 2355 4567 saepe
2382 4498 2698 4560 scribamus,
2737 4513 2841 4551 non
2875 4498 3023 4561 item,
3061 4507 3170 4552 tum
3198 4498 3267 4552 ob
3296 4501 3501 4553 itineris

1901 4589 2291 4654 difficultatem,
2313 4599 2423 4645 tum
2455 4591 2524 4645 ob
2553 4593 2676 4644 anni
2712 4602 2920 4661 tempus
2945 4609 2957 4642 :
2991 4590 3121 4645 illud
3150 4592 3364 4661 quidem
3389 4608 3501 4661 per-

1902 4692 2065 4752 petuo
2096 4682 2342 4747 facimus,
2377 4684 2479 4739 hoc
2513 4694 2694 4738 autem
2718 4700 2838 4738 eum
2867 4685 3019 4750 licet;
3054 4686 3161 4740 imo
3189 4687 3348 4741 etiam
3379 4702 3500 4755 per-

1903 4784 2062 4844 petuo
2090 4774 2332 4829 facimus.
2369 4775 2499 4829 Nam
2529 4776 2629 4829 etsi
2680 4787 2983 4830 atramento
3009 4787 3168 4846 atque
3192 4777 3373 4832 charta
3395 4794 3498 4831 non

1901 4883 2112 4935 semper
2152 4866 2438 4921 scribimus
2478 4885 2493 4919 :
2547 4877 2601 4921 at
2628 4868 2903 4923 voluntate
2932 4879 3106 4924 tamen
3135 4880 3294 4941 atque
3321 4871 3502 4924 animo

1901 4958 2183 5014 scribimus
2208 4978 2220 5012 :
2249 4974 2311 5013 ea
2333 4960 2535 5029 quippe
2573 4959 2766 5014 sinceri
2804 4962 3002 5016 amoris
3033 4971 3222 5016 natura
3251 4971 3355 5017 est.

2115 5071 2354 5128 XLVII.
2390 5072 2641 5128 Namnam.
2673 5071 2920 5143 (Cucuso
2949 5090 3089 5130 anno
3114 5076 3240 5131 405.
3268 5076 3286 5147 )

1983 5167 2123 5235 Quid
2143 5165 2565 5234 hucillucquete
2579 5163 3009 5229 versas,dumob
3025 5183 3146 5223 eam
3193 5183 3304 5223 rem
3335 5184 3499 5223 excu-

1964 5299 2034 5359 (a)
2068 5305 2233 5362 Graece
2271 5295 2489 5362 legitur,
2511 5314 2594 5356 Τοῖς
2621 5311 3009 5361 mp‘thfapzt).1-.¢v6v.
3049 5307 3184 5362 Stepe
3217 5302 3428 5353 diximus
3452 5307 3500 5353 itt

1900 5360 2014 5426 Edit.
2043 5367 2087 5410 s.
2111 5361 2351 5426 Athanasii
2376 5360 2492 5426 illud
2515 5379 2590 5417 τοῖς
2613 5360 2821 5426 “erraro
2843 5363 2907 5426 de
2934 5375 3028 5411 uno
3051 5360 3155 5412 solo
3192 5365 3304 5424 dici,
3331 5369 3500 5426 δωιιίκ·

1899 5424 2020 5472 sime
2047 5436 2164 5470 vero
2187 5430 2270 5469 aut
2288 5423 2352 5471 de
2377 5423 2566 5470 duobus
2587 5421 2748 5471 autde
2766 5421 2999 5483 pluribus.
3028 5427 3108 5473 Hic
3131 5434 3267 5475 certe
3291 5421 3354 5475 de
3377 5421 3499 5476 duo.

1899 5486 1990 5533 bus
2011 5485 2182 5552 saltem
2208 5498 2485 5552 sermonem
2530 5485 2741 5552 liabere__
2760 5484 3180 5552 planuurvidetur
3206 5502 3266 5538 es
3307 5491 3366 5538 iis
3390 5506 3499 5552 qure

1899 5547 2196 5607 prmcedunt,
2223 5546 2496 5596 carissimos
2519 5560 2576 5596 ac
2593 5545 2910 5596 nobilissimos
2934 5549 3073 5598 rit-os.
3094 5553 3320 5600 Libenter
3343 5545 3500 5603 cretii-

1898 5611 2052 5672 derim
2078 5609 2167 5672 hic»
2184 5622 2335 5668 agere
2367 5609 2750 5672 (‘Lhrysostomum
2790 5611 2853 5658 de
2879 5614 3111 5661 atarciano
3136 5623 3188 5663 ct
3227 5615 3498 5666 Morcellino

1900 5670 1976 5718 vel
2003 5670 2320 5742 Marcelliano,
2365 5670 2580 5742 nanihsic
2604 5685 2797 5741 quoque
2822 5677 3052 5735 scriptum
3077 5677 3122 5742 in
3149 5683 3252 5724 Mss.
3295 5675 3497 5742 legitur,

1899 5735 2088 5799 quando
2113 5733 2169 5799 ad
2194 5742 2455 5799 utrumque
2478 5732 2632 5799 literal.
2675 5732 2944 5799 mittuntur,
2984 5739 3109 5799 quod
3134 5751 3267 5798 smpe
3307 5732 3496 5789 contini

1899 5797 2007 5861 git:
2045 5798 2297 5861 rariusque
2324 5795 2479 5843 literae
2503 5797 2559 5861 ad
2597 5796 2816 5861 singulos
2838 5795 3128 5861 diriguntur.
3155 5795 3218 5850 ut‘
3244 5801 3290 5848 in
3328 5800 3495 5855 hat-uin

1903 5858 2213 5907 epistolarum
2238 5857 2445 5907 decursu
2470 5858 2837 5908 animadvertas.

3071 5959 3145 6020 16
