4078 6436
620 362 723 418 635

616 474 874 530 sationem
903 475 1117 544 quieris,
1148 489 1210 532 ac
1225 477 1431 532 veniam
1451 477 1608 550 petis,
1634 478 1704 533 ob
1731 493 1887 549 quam
1914 488 1964 534 te
1985 493 2179 534 corona

617 567 874 621 donamus
913 581 976 621 ac
1023 567 1372 637 praedicamus
1401 587 1416 625 :
1443 569 1639 640 quippe
1665 569 1778 640 qui,
1819 568 1958 640 quod
1993 570 2059 625 ad
2088 585 2185 626 nos

617 659 914 727 scripseris,
952 667 1158 728 gratum
1199 660 1486 716 habeamus
1524 678 1538 722 :
1586 661 1724 732 quod
1754 673 1928 718 autem
1972 678 2095 718 sero
2123 677 2185 718 ac

617 751 785 816 tarde,
813 750 1011 807 ideirco
1056 751 1148 806 tibi
1178 767 1496 811 succensere
1524 755 1831 824 possimus?
1853 757 2185 827 Quapropter

616 841 658 893 si
708 857 912 911 magna:
940 841 1170 897 audaciae
1217 843 1268 898 id
1321 844 1483 900 fuisse
1507 845 1796 912 existimas,
1827 848 1965 917 quod
1993 848 2059 902 ad
2084 863 2183 903 nos

615 929 797 984 literas
825 931 1052 995 dederis,
1085 932 1187 988 hoc
1222 935 1422 989 omisso
1471 936 1538 990 ad
1569 936 1829 990 tarditatis
1856 941 2054 992 crimen
2082 939 2180 994 de-

617 1022 904 1078 fensionem
952 1023 1210 1082 meditare
1238 1036 1396 1097 atque
1420 1042 1684 1097 compara.
1731 1027 1860 1083 Nam
1886 1045 1992 1100 quo
2017 1032 2183 1099 magis

614 1112 812 1167 dixeris
835 1154 851 1179 ,
894 1121 947 1170 te
975 1123 1086 1170 tum
1116 1129 1420 1186 prtesentes,
1457 1127 1564 1174 tum
1591 1119 1839 1177 absentes
1867 1124 2074 1178 sincere
2097 1124 2183 1178 di-

613 1204 826 1272 lexisse,
853 1219 920 1260 eo
948 1207 1116 1277 magis
1135 1211 1524 1263 accusationem
1547 1213 1777 1267 auxeris.
1808 1212 2018 1269 Etenim
2047 1215 2091 1270 si
2117 1231 2182 1270 ex

614 1309 799 1349 eorum
819 1310 1041 1351 numero
1064 1311 1229 1365 esses,
1261 1313 1482 1369 quorum
1510 1303 1740 1370 vulgaris
1765 1319 1886 1374 erga
1915 1319 2010 1359 nos
2035 1321 2184 1359 amor

613 1397 770 1446 esset.
803 1385 1022 1442 minime
1072 1387 1262 1442 mirum
1293 1389 1423 1444 mihi
1472 1391 1657 1446 fuisset
1714 1403 1764 1448 te
1789 1395 1876 1448 diu
1933 1395 2179 1461 siluisse;

612 1495 732 1534 cum
763 1491 938 1536 autem
971 1491 1025 1538 te
1074 1491 1180 1538 tam
1228 1485 1489 1540 sinceram
1517 1501 1580 1541 ac
1610 1487 1894 1544 ferventem
1922 1505 2045 1560 erga
2085 1505 2183 1545 nos

614 1572 885 1628 caritatem
916 1588 1026 1645 pne
1052 1584 1106 1631 te
1132 1575 1315 1631 tulisse
1358 1591 1566 1632 asseras
1598 1618 1612 1641 ,
1640 1589 1696 1632 ttt
1748 1595 1814 1634 ne
1840 1580 1940 1635 iter
1968 1580 2180 1650 quidem

617 1679 779 1733 usque
806 1665 938 1722 adeo
976 1669 1257 1723 molestum
1291 1677 1470 1738 totque
1492 1670 1796 1738 praedonum
1825 1681 1966 1726 metu
1995 1673 2182 1729 obses-

615 1770 731 1808 sum
762 1757 1031 1828 suscipere
1059 1768 1361 1814 recusatura
1407 1760 1588 1824 fueris,
1628 1760 1724 1814 nisi
1776 1764 1992 1819 morbus
2019 1766 2185 1821 obsti-

619 1847 784 1914 tisset,
809 1865 909 1903 una
930 1850 1035 1920 jam
1056 1853 1210 1917 ratio,
1226 1867 1324 1922 qua
1353 1853 1503 1907 nobis
1522 1853 1834 1918 satisfacias,
1869 1855 1960 1911 tibi
1979 1857 2182 1927 reliqua

615 1948 719 1999 est,
744 1939 987 1993 nimirum
1020 1951 1070 1994 ut
1103 1952 1378 1996 sexcentas
1404 1944 1584 1998 literas
1613 1945 1677 1998 ad
1709 1960 1806 1999 nos
1836 1947 2033 2013 mittas,
2064 1964 2183 2018 quae

615 2030 842 2084 diuturni
866 2032 1062 2086 silentii
1087 2034 1294 2102 culpam
1321 2033 1594 2103 deprecari
1638 2037 1856 2105 possint.
1892 2038 2003 2092 Hoc
2030 2039 2186 2108 igitur

619 2120 697 2172 fac
732 2130 822 2174 :et
849 2121 1055 2189 quidvis
1097 2140 1125 2178 a
1156 2133 1207 2179 te
1238 2128 1646 2195 perceperimus.
1677 2128 1808 2180 Nam
1839 2137 1892 2182 et
1929 2127 2044 2183 hate
2080 2141 2182 2183 tam

617 2223 733 2263 sera
780 2213 999 2280 epistola
1049 2213 1116 2268 ad
1172 2230 1268 2269 nos
1317 2218 1566 2280 veniens,
1612 2220 1861 2287 quoniam
1911 2220 2183 2275 ardentem

617 2303 894 2370 quamdam
921 2306 1193 2360 caritatem
1224 2307 1477 2376 spirabat,
1511 2309 1798 2378 superioris
1819 2326 2028 2381 quoque
2055 2321 2189 2367 tem-

621 2393 762 2459 poris
791 2393 1025 2448 debitum
1053 2396 1310 2450 dissolvit.
1345 2398 1603 2452 Caeterum
1638 2399 1686 2453 id
1713 2400 1851 2465 vide,
1885 2417 1951 2456 ne
1973 2403 2187 2472 reliqua:

623 2485 776 2552 hujus
803 2486 1106 2543 tarditatem
1126 2489 1416 2543 imitentur.
1453 2492 1541 2544 Sic
1566 2492 1705 2545 enim
1735 2493 1848 2546 hare
1875 2496 2032 2548 etiam
2057 2495 2185 2550 illud

621 2578 833 2644 planum
885 2577 1060 2635 facere
1091 2581 1302 2649 poterit,
1334 2596 1392 2636 se
1435 2599 1540 2636 non
1585 2587 1653 2636 ob
1676 2584 1958 2654 pigritiam,
2005 2602 2186 2641 verum

617 2667 685 2718 ob
724 2668 932 2722 inanem
983 2679 1203 2733 metunt,
1245 2671 1686 2740 quemadmodum
1740 2675 1835 2729 abs
1885 2684 1938 2730 te
1980 2691 2190 2747 quoque

618 2755 814 2810 dictum
845 2767 945 2823 est,
975 2760 1142 2814 serius
1176 2761 1403 2824 venisse,
1441 2762 1484 2814 si
1534 2763 1748 2832 reliqua:
1785 2774 1840 2818 et
1874 2766 2115 2835 plurimae
2135 2775 2191 2821 et

619 2848 865 2904 celeriter
888 2851 953 2905 ad
985 2868 1080 2906 nos
1107 2855 1336 2906 veniant.

1143 2987 1241 3042 XL
1254 2988 1393 3044 l'lll
1404 3031 1415 3044 .
1451 2993 1653 3046 Arabio.

693 3155 977 3214 Caritatem
1003 3175 1125 3232 erga
1175 3177 1261 3218 me
1289 3172 1430 3218 tuam
1462 3176 1618 3237 atque
1647 3167 1922 3223 ardentem
1955 3179 2099 3224 tuum
2127 3184 2193 3226 ac

622 3259 824 3311 verum,
850 3249 1114 3304 sincerum
1151 3261 1204 3306 et
1230 3264 1560 3310 constantem
1592 3271 1826 3311 amorem
1857 3261 2188 3328 exploratum

625 3334 1096 3410 habeozilludque
1149 3342 1274 3397 item
1327 3356 1680 3416 perspectum,
1731 3365 1828 3405 nec
1860 3351 2190 3420 negotiorum

625 3427 1011 3497 difficultatem,
1060 3449 1157 3487 nec
1203 3450 1446 3490 curarum
1478 3452 1688 3508 agmen,
1721 3455 1820 3495 nec
1872 3457 2048 3497 rerum
2096 3442 2191 3495 ad-

626 3535 897 3575 versarum
930 3525 1362 3594 magnitudinem,
1383 3545 1480 3584 nec
1503 3533 1754 3600 temporis
1773 3533 2191 3602 diuturnitatem,

629 3627 725 3664 nec
752 3612 954 3668 itineris
987 3615 1419 3687 longinquitatem
1437 3631 1524 3675 tuo
1542 3636 1664 3692 erga
1695 3639 1779 3679 me
1810 3626 1974 3680 amori
2005 3627 2196 3682 obscu-

627 3704 835 3758 ritatem
862 3704 1052 3762 afferre
1091 3724 1265 3776 posse.
1309 3711 1489 3781 quue
1520 3713 1595 3778 fit,
1630 3725 1686 3768 tit
1737 3729 1990 3788 perpetuo
2018 3719 2113 3772 abs
2145 3727 2195 3774 te

629 3794 826 3859 literas,
867 3813 983 3867 qua:
1014 3800 1164 3856 nobis
1193 3817 1254 3856 ea
1287 3802 1353 3857 de
1381 3812 1466 3858 tua
1492 3805 1790 3862 valetudine
1815 3825 1930 3878 quae
1957 3809 2195 3863 volumus

630 3891 892 3954 nuntient,
919 3894 1159 3963 accipere
1191 3896 1534 3956 vehementer
1559 3913 1955 3971 exspectamus.
1977 3904 2125 3972 Quod
2152 3905 2196 3958 si

632 3991 683 4034 te
727 3998 1050 4051 accusamus,
1087 4003 1190 4043 non
1237 3999 1295 4044 ut
1338 3993 1690 4063 negligentem
1717 4011 2048 4060 accusamus,
2105 3996 2199 4050 sed

629 4074 750 4142 quia
783 4076 960 4145 plures
986 4079 1246 4148 ejusmodi
1282 4083 1532 4153 epistolas
1569 4086 1893 4155 appetimus.
1925 4087 2053 4152 Quae
2080 4102 2200 4141 cum

633 4165 848 4220 minime
901 4169 1129 4238 ignores,
1187 4171 1596 4228 honoratissime
1644 4191 1709 4230 ac
1752 4176 2074 4230 nobilissime
2103 4158 2198 4228 do-

633 4256 792 4320 mine,
823 4258 922 4312 hoc
949 4259 1098 4314 nobis
1125 4261 1438 4318 beneficium
1474 4264 1632 4318 velim
1680 4265 1918 4334 prrebeas
1938 4308 1951 4332 ,
1983 4267 2121 4336 quod
2149 4276 2203 4321 et

633 4346 722 4400 tibi
751 4348 864 4403 leve
887 4363 948 4404 ac
964 4350 1113 4406 facile
1132 4361 1230 4418 est,
1265 4362 1321 4408 et
1346 4370 1586 4425 magnam
1610 4356 1780 4422 nobis,
1812 4357 1968 4412 etiam
2001 4359 2053 4411 in
2076 4358 2202 4412 soli-

637 4438 814 4491 tudine
844 4439 1187 4506 hatrentibtts,
1221 4443 1539 4512 voluptatem
1568 4445 1744 4501 a'ert.

845 4611 1048 4669 XLIX.
1078 4617 1284 4686 Alphio.
1315 4620 1516 4687 (Almo,
1541 4631 1596 4674 ut
1616 4630 1846 4692 putatur,
1871 4622 2029 4692 405.)

708 4791 962 4861 Equidem
1012 4793 1337 4866 frequentius
1377 4799 1557 4853 literas
1594 4800 1657 4852 ad
1682 4809 1731 4854 te
1756 4800 1888 4856 dare
1935 4817 2204 4870 cuperem,

645 4895 817 4935 rerum
843 4884 1228 4940 tabellariorum
1251 4891 1466 4957 penuria
1483 4905 1566 4943 me
1593 4889 1727 4945 hanc
1752 4892 2089 4961 cupiditatem
2112 4911 2208 4948 ex-

646 4976 788 5045 tequi
815 4977 1032 5032 minime
1056 4979 1200 5033 sinit.
1228 4981 1358 5035 Nam
1386 4994 1481 5037 nec
1507 4984 1661 5052 hujus
1705 4985 1804 5039 loci
1832 4986 2079 5052 solitudo,
2112 5003 2210 5042 nec

647 5068 937 5120 lsaurorum
970 5066 1161 5133 metus,
1179 5086 1280 5125 nec
1305 5071 1491 5126 hiemis
1511 5075 1770 5141 asperitas
1799 5076 2004 5145 aliquos
2026 5077 2089 5130 ad
2112 5091 2209 5130 nos

641 5158 830 5212 crebro
872 5174 1175 5215 commeare
1213 5163 1409 5216 sinunt.
1460 5163 1806 5219 Nihilominus
1855 5177 2050 5226 tamen.
2099 5167 2210 5221 sive

642 5249 952 5315 scribamus,
993 5253 1106 5306 sive
1149 5263 1432 5320 taceamus,
1473 5256 1713 5310 eamdem
1761 5271 1973 5326 semper
2009 5273 2128 5328 erga
2161 5270 2211 5313 te

646 5343 1060 5398 benevolentiam
1106 5348 1413 5412 retinemus,
1441 5347 1668 5402 studium
1709 5348 1913 5402 scilicet
1941 5357 2099 5417 atque
2124 5365 2213 5404 cu-

645 5449 755 5486 ram
774 5435 1148 5504 intelligentes,
1171 5453 1272 5508 qua
1296 5438 1482 5492 anima:
1507 5449 1607 5492 tua:
1623 5439 1917 5493 commodis
1935 5441 2210 5509 prospicis,

648 5527 770 5578 dum
798 5543 889 5580 eos
913 5529 1002 5596 qui
1031 5543 1152 5582 eum
1196 5530 1388 5599 pietate
1409 5530 1589 5584 vivunt
1619 5545 1866 5585 recreare
1890 5546 1955 5585 ac
1994 5531 2214 5587 reficere

648 5616 848 5678 studes,
877 5627 1036 5688 atque
1075 5621 1128 5672 in
1159 5618 1259 5674 hoc
1281 5622 1536 5689 praeclaro
1563 5635 1782 5676 munere
1803 5623 2050 5676 versaris.
2089 5624 2216 5689 Qua:

651 5720 769 5760 eum
797 5709 885 5762 tibi
914 5711 1185 5777 explorata
1207 5711 1330 5774 sint,
1360 5714 1801 5769 reverendissime
1840 5729 1902 5770 ac
1931 5715 2214 5785 religiosis-

646 5799 781 5853 sime
839 5803 1069 5870 domine,
1124 5803 1189 5860 de
1237 5814 1318 5857 tua
1379 5805 1640 5876 totiusque
1683 5805 1872 5864 domus
1915 5806 2214 5864 valetudine

1279 363 1335 418 S.
1375 362 1647 420 JOANNIS
1683 361 2157 422 CllliYSOSTOHI
2194 361 2508 418 ABCIIIEP.
2551 362 3079 420 CUNSTANTINOP.

2503 224 2629 261 \.

2294 477 2548 533 certiores
2572 492 2669 533 nos
2700 477 2870 532 facere
2920 493 2988 533 ne
3016 475 3350 530 intermittas.
3381 473 3470 532 Sic
3498 475 3639 530 enim
3675 475 3733 531 iu
3769 477 3872 532 hac

2290 585 2501 642 quoque
2534 569 2819 626 solitudine
2851 585 3094 640 magnam
3132 568 3455 638 voluptatem
3493 569 3794 640 capiemus,
3823 571 3872 624 si

2290 663 2548 734 ejusmodi
2577 664 2671 718 abs
2700 674 2750 719 te
2771 664 2948 718 literas
2975 662 3356 730 acceperimus.

2607 797 2667 851 L.
2694 796 2927 868 Diogeni.
2951 796 2970 866 (
2999 795 3204 852 Cucuso
3229 810 3370 850 anno
3395 795 3516 852 401.
3551 797 3570 867 )

2361 934 2686 1002 Quamquam
2736 932 2802 986 de
2833 940 2935 986 tute
2978 945 3101 1002 erga
3141 945 3239 985 nos
3278 930 3514 985 caritatis
3562 929 3879 986 sinceritate

2289 1027 2514 1081 antehac
2540 1025 2694 1081 nobis
2725 1024 3055 1094 exploratum
3105 1033 3238 1087 erat,
3283 1033 3460 1078 tamen
3503 1022 3670 1077 multo
3705 1022 3880 1093 magis

2291 1119 2530 1173 eamdem
2570 1132 2712 1172 nunc
2761 1115 3153 1186 perspeximus,
3193 1129 3313 1169 cum
3357 1123 3498 1168 tanta
3527 1122 3710 1168 coorta
3737 1121 3876 1166 tem-

2292 1217 2512 1278 pestate,
2539 1221 2643 1262 non
2672 1208 2830 1262 modo
2860 1207 3021 1260 nihilo
3046 1206 3365 1275 segniorem,
3393 1204 3484 1259 sed
3514 1205 3674 1260 etiam
3696 1205 3875 1258 multo

2291 1301 2665 1357 studiosiorem
2716 1301 2942 1355 amicum
2982 1307 3034 1352 te
3065 1299 3215 1353 nobis
3248 1297 3536 1367 przebuisti.
3567 1297 3754 1368 quue
3778 1313 3878 1351 no-

2293 1391 2434 1444 mine
2463 1400 2513 1444 te
2541 1391 2884 1452 admiramur,
2936 1388 3277 1458 quotidieque
3306 1385 3595 1456 praedicare
3641 1402 3750 1441 non
3779 1385 3877 1442 de-

2290 1483 2531 1538 sinimus.
2551 1482 2681 1537 Nam
2711 1491 2766 1536 tu
2803 1481 3013 1550 quidem
3055 1495 3082 1533 a
3115 1480 3341 1549 benigno
3399 1480 3529 1545 Deo,
3559 1479 3647 1547 qui
3695 1493 3815 1544 eos,
3843 1494 3876 1533 a

2289 1575 2479 1645 quibus
2519 1575 2642 1629 boni
2689 1572 2886 1644 aliquid
2939 1571 3184 1637 efficitur,
3241 1580 3330 1624 aut
3374 1569 3587 1634 dicitur,
3640 1570 3878 1639 praemiis

2291 1666 2445 1737 longe
2511 1681 2720 1736 semper
2771 1671 3020 1733 superat,
3074 1663 3371 1716 mercedem
3427 1663 3572 1715 omni
3624 1674 3882 1716 sermone

2291 1758 2713 1827 praestantiorem
2745 1764 3055 1824 accepturus
3084 1771 3165 1811 es.
3196 1754 3304 1808 Nos
3332 1763 3532 1817 autem,
3561 1753 3752 1822 quibus
3783 1769 3844 1807 re

2291 1851 2712 1920 .
2762 1849 2981 1918 gratiam
3031 1848 3121 1902 tibi
3172 1846 3532 1915 repenintus,
3575 1855 3751 1901 necte
3777 1846 3877 1900 ad-

2292 1941 2490 2006 mirari,
2549 1940 2782 2006 laudare,
2832 1941 3042 1995 beatum
3093 1940 3398 2009 prmdicare,
3441 1953 3642 2003 amare,
3671 1939 3876 2002 vereri,

2290 2033 2486 2095 colere,
2526 2033 2806 2100 animoque
2828 2041 2876 2084 te
2903 2046 3112 2101 quoquo
3137 2031 3373 2100 gentium
3415 2027 3765 2084 circumferre
3795 2029 3878 2081 in-

2295 2123 2654 2188 ter-mittimus,
2683 2123 2919 2177 caritatis
2941 2121 3186 2175 videlicet
3209 2120 3323 2189 lege
3342 2119 3432 2172 tibi
3454 2119 3685 2187 copulati
3717 2126 3880 2187 atque

2290 2215 2549 2270 adstricti.
2577 2213 2708 2269 Nam
2737 2214 2873 2283 quod
2899 2229 2962 2267 ex
2989 2227 3172 2266 eorum
3202 2226 3422 2265 numero
3446 2225 3660 2278 semper
3699 2209 3870 2264 fueri-

2293 2324 2429 2372 mus,
2471 2307 2562 2377 qui
2613 2317 2664 2362 te
2713 2307 2950 2375 apprime
3003 2304 3243 2374 diligant,
3297 2303 3452 2372 plane
3506 2316 3718 2371 quoque
3763 2301 3880 2370 ipse

2292 2401 2417 2464 scis,
2447 2398 2660 2453 domine
2689 2398 2760 2452 mi
2803 2411 3140 2464 summopere
3179 2393 3479 2448 venerande
3504 2403 3662 2462 atque
3706 2391 3870 2446 admi-

2293 2490 2475 2546 rande.
2520 2490 2853 2559 Quapropter
2880 2502 3064 2542 eorum
3115 2501 3392 2539 munerum
3427 2498 3608 2547 causa,
3660 2497 3782 2552 quae
3811 2482 3879 2536 ad

2293 2600 2389 2638 nos
2419 2583 2628 2648 misisti,
2659 2597 2726 2636 ne
2754 2580 2906 2634 nobis
2935 2593 3279 2632 succenseas.
3337 2577 3688 2644 Posteaquam
3733 2573 3879 2628 enim

2296 2676 2553 2730 honorem
2597 2688 2744 2735 eum,
2788 2672 2877 2742 qui
2926 2672 2993 2724 ab
3045 2670 3171 2738 ipsis
3225 2668 3492 2732 manabat,
3546 2676 3820 2734 tamquam
3849 2681 3880 2718 e

2295 2767 2558 2822 vindemia
2585 2765 2812 2836 quadam
2844 2778 2999 2817 uvam
3029 2762 3395 2831 expressimus
3434 2773 3498 2813 ac
3518 2758 3879 2827 percepimus,

2296 2873 2516 2914 tnunera
2547 2859 2659 2926 ipsa
2686 2855 3037 2915 retnissimus,
3069 2867 3172 2904 non
3201 2849 3341 2920 quod
3367 2858 3418 2904 te
3447 2861 3876 2918 aspernaremur,

2297 2959 2389 3004 aut
2419 2950 2582 3003 animi
2612 2948 2686 3002 tui
2745 2945 3008 3000 nobilitati
3052 2943 3270 2998 minime
3325 2939 3740 3005 confideremtts,
3784 2937 3881 2993 sed

2296 3041 2438 3111 quod
2465 3041 2528 3094 iis
2558 3055 2664 3094 non
2687 3039 3068 3108 indigeremus.
3100 3033 3254 3103 Quod
3283 3034 3440 3088 etiam
3471 3032 3522 3086 in
3552 3029 3735 3085 multis
3764 3030 3883 3085 aliis

2297 3134 2538 3190 fecimus.
2583 3126 2715 3187 Nam
2741 3132 2826 3185 alii
2857 3144 3066 3201 quoque
3091 3125 3463 3198 quamplurimi
3491 3124 3695 3194 tibique
3730 3122 3885 3178 nobio

2297 3225 2445 3280 litate
2471 3238 2645 3294 pares.
2693 3238 2756 3278 ac
2784 3237 2881 3275 nos
2913 3219 3284 3274 ardentissime
3307 3226 3572 3280 amantes,
3599 3223 3658 3269 ut
3685 3214 3884 3282 ampli-

2299 3315 2426 3370 tudo
2457 3325 2542 3369 tua
2583 3313 2776 3384 potet-it
2796 3312 3052 3376 ediscere,
3079 3310 3218 3365 idem
3249 3308 3384 3364 istud
3411 3307 3653 3363 fecerunt
3682 3325 3694 3360 :
3725 3317 3887 3376 atque

2297 3405 2433 3476 apud
2474 3419 2567 3460 eos
2619 3403 2770 3458 nobis
2797 3402 2982 3458 eadem
3015 3402 3128 3456 lucc
3159 3401 3436 3456 excusatio
3460 3397 3690 3462 suffecit,
3722 3411 3885 3467 quam

2301 3506 2352 3552 tu
2379 3512 2591 3567 quoque
2632 3495 2880 3549 admittas
2908 3492 3090 3548 velim.
3118 3491 3248 3546 Nam
3294 3491 3337 3545 si
3365 3491 3420 3544 in
3453 3489 3672 3559 penuria
3699 3502 3888 3542 verse-

2300 3605 2442 3654 tnur,
2471 3588 2662 3658 majori
2691 3600 2827 3644 cum.
2859 3585 3020 3639 animi
3068 3583 3281 3645 fiducia,
3329 3590 3602 3650 tamquam
3630 3579 3675 3632 si
3705 3587 3889 3632 nostra

2299 3687 2516 3744 essent,
2562 3691 2982 3747 exsposcemus:
3030 3673 3194 3742 idque
3243 3681 3300 3726 tu
3348 3671 3521 3738 reipsa
3569 3666 3888 3738 perspicies.

2300 3771 2651 3839 Quamobrem
2672 3784 2733 3823 ea
2754 3767 2954 3835 accipe,
2983 3781 3045 3820 ac
3071 3765 3352 3835 diligenter
3371 3777 3544 3825 serva,
3572 3769 3629 3814 ut
3648 3760 3692 3813 si
3724 3774 3893 3829 quan-

2301 3861 2370 3915 do
2402 3870 2608 3927 tempus
2637 3858 2931 3927 postularit,
2961 3856 3141 3911 fidenti
3188 3870 3250 3910 ac
3279 3855 3446 3908 libero
3493 3854 3673 3907 animo
3700 3865 3766 3905 ea
3795 3849 3892 3906 abs

2305 3962 2359 4008 te
2384 3954 2751 4022 deposcamus.

2602 4101 2694 4156 LI.
2723 4101 2923 4156 Eidem.
2955 4101 2974 4171 (
3006 4100 3210 4157 Cucuso
3235 4117 3373 4155 anno
3541 4100 3585 4174 .)

2375 4239 2506 4291 Cum
2524 4236 2850 4305 superiorem
2877 4234 3150 4303 epistolam
3177 4233 3527 4302 scripsissem,
3551 4241 3715 4304 atque
3738 4250 3895 4292 revo-

2308 4330 2679 4385 rendissimum
2702 4342 2764 4382 ac
2791 4325 3246 4395 religiosissimum
3272 4327 3442 4378 virum
3465 4325 3792 4392 Aphraatem
3822 4329 3891 4383 ita

2309 4424 2460 4477 nobis
2476 4421 2692 4476 affixum
2712 4435 2832 4475 esse
2857 4419 3240 4487 conspicerem,
3347 4433 3445 4474 nec
3471 4418 3592 4473 hinc
3616 4419 3768 4476 abice
3792 4423 3898 4476 vel.

2309 4516 2400 4578 let,
2418 4529 2513 4569 nec
2535 4514 2712 4568 literas
2729 4510 2938 4582 quidem
2957 4525 2983 4562 a
3002 4509 3155 4564 nobis
3169 4520 3503 4578 accepturum
3516 4524 3576 4564 se
3591 4524 3712 4565 esse
3725 4511 3896 4565 mina-

2311 4623 2476 4671 retur,
2494 4607 2591 4662 nisi
2616 4619 2834 4660 munera
2852 4618 3054 4673 ea,qu:e
3071 4603 3135 4657 ad
3160 4617 3255 4656 nos
3276 4602 3894 4670 misisses,accepissem,

2315 4709 2517 4770 typum,
2538 4697 2626 4767 qui
2651 4705 2754 4750 tua:
2774 4693 3029 4748 nobilitati
3057 4692 3286 4746 maxime
3321 4701 3500 4760 gratus
3524 4689 3756 4756 futurus,
3783 4694 3899 4747 ani-

2314 4804 2566 4858 tnumque
2582 4801 2726 4842 tuum
2746 4795 3078 4840 recreaturus
3099 4784 3187 4848 sit,
3217 4782 3340 4836 huic
3351 4781 3426 4835 rei
3451 4781 3708 4849 imposui:
3733 4798 3897 4851 quem

2317 4891 2370 4936 tu
2391 4897 2509 4936 cum
2535 4895 2600 4935 ex
2628 4880 2742 4950 ipso
2760 4877 3098 4938 intellexeris,
3122 4891 3242 4928 eum
3257 4874 3494 4943 pneclari
3522 4873 3745 4942 hujusce
3762 4889 3898 4928 con-

2317 4974 2417 5029 silii
2439 4972 2807 5028 administrum
2840 4968 2950 5023 fleri
2969 4969 3117 5037 jube.
3141 4966 3249 5020 Nec
3273 4966 3412 5021 enim
3438 4976 3488 5019 te
3511 4963 3663 5035 fugit,
3697 4976 3896 5034 quanta

2318 5065 2473 5135 hujus
2499 5065 2573 5119 rei
2602 5063 2799 5117 utilitas
2822 5060 2992 5114 futura
3019 5061 3106 5120 sit,
3133 5067 3239 5112 tum
3259 5056 3327 5110 ob
3355 5057 3518 5126 ipsius
3545 5056 3596 5110 in
3621 5055 3898 5111 Phoenicia

2317 5157 2620 5220 adventum,
2658 5165 2771 5209 tum
2799 5154 2866 5208 ob
2897 5165 3036 5207 tuam
3084 5150 3451 5205 liberalitatem
3481 5163 3544 5202 ac
3575 5149 3896 5202 munificen-

2320 5255 2466 5308 tiam.
2515 5255 2685 5320 Atque
2717 5250 2986 5317 utriusque
3014 5247 3169 5315 hujus
3198 5247 3274 5300 rei
3307 5242 3605 5298 mercedem
3659 5241 3775 5310 ipse
3805 5255 3897 5294 ca-

2320 5347 2430 5416 pies
2511 5344 2675 5412 utqui
2705 5357 2824 5411 erga
2846 5355 2961 5404 eos,
2984 5342 3069 5409 qui
3106 5341 3155 5391 in
3183 5337 3450 5391 thnicia
3489 5334 3714 5404 gentiles
3739 5330 3898 5388 Citri-

2319 5440 2502 5493 stianae
2532 5435 2650 5497 fidei
2685 5432 2992 5487 rudimentis
3020 5431 3281 5492 imbuunt,
3332 5438 3493 5496 atque
3547 5424 3894 5479 ecclesiarum

2320 5525 2700 5585 constructioni
2756 5539 2975 5594 operam
3027 5519 3358 5591 impendunt,
3392 5515 3725 5572 liberalitatis
3791 5525 3894 5568 tute

2321 5624 2589 5694 specimen
2611 5619 2861 5684 edideris,
2892 5633 2954 5672 ac
2983 5625 3240 5686 praeterea
3261 5611 3519 5682 ejusmodi
3549 5610 3719 5662 virum
3746 5608 3893 5662 exci-

2323 5715 2450 5769 taris
2472 5712 2536 5766 ad
2563 5725 2758 5780 eosque
2779 5705 3128 5763 eonSolandos
3157 5704 3398 5758 miseris:
3429 5714 3568 5754 nunc
3599 5699 3892 5768 pra'sertim

2324 5821 2443 5858 cum
2489 5805 2539 5857 in
2570 5813 2710 5856 tanta
2742 5797 3048 5854 difficultate
3095 5805 3397 5862 versantur,
3429 5804 3584 5861 atque
3635 5807 3664 5845 a
3715 5787 3891 5846 multis
