4078 6430
245 375 347 432 633

236 488 469 545 αἰτοῦσα
506 488 650 562 ὑπὲρ
685 483 761 546 ῶν
792 490 959 561 ⁴ἡμεῖς
991 505 1049 542 σε
1085 488 1455 562 στεφανοῦμεν
1494 489 1588 544 καὶ
1618 491 1824 562 ἀνακη-

238 581 510 653 ρύττομεν
529 622 544 645 ,
578 583 660 636 ὅτι
693 583 789 653 μὲν
817 580 1062 651 ἔγραψας
1083 622 1098 647 ,
1153 581 1542 653 ἀποδεχόμενοι
1570 593 1620 646 ι,
1653 582 1736 635 ὅτι
1766 580 1824 635 δὲ

235 672 337 741 όψέ
364 674 463 726 καὶ
505 672 777 745 βραδέως.
811 672 1062 741 ἐγκαλεῖν
1114 672 1366 744 ἔχοντες
1403 673 1564 726 Ὥστε
1591 675 1641 726 εἰ
1675 673 1798 745 νομί
1809 703 1826 715 -

235 763 354 826 ζεις
379 764 594 831 μεγάλα
627 763 1020 833 τετολμηκέναι
1046 761 1126 832 τῷ
1157 762 1364 834 γράψαι
1393 803 1407 827 ,
1434 762 1593 818 τοῦτο
1625 763 1826 832 ἀφεῖσα

237 853 380 923 πρὸς
403 855 468 907 τὸ
498 854 746 926 ἔγκλημα
774 857 872 927 τῆς
901 854 1234 927 βραδύτητας
1263 855 1463 926 μελέτα
1488 897 1503 922 ,
1532 856 1626 910 καὶ
1656 857 1827 909 συντί-

233 945 319 999 θει
347 946 446 1017 τὴν
498 946 811 1014 ἀπολογίαν.
859 949 970 1001 Καὶ
1022 947 1131 1018 γὰρ
1183 948 1402 1018 ὅσῳπερ
1428 947 1496 1002 ἂν
1523 947 1688 1020 λέγῃς
1730 949 1826 1001 καὶ

235 1040 514 1108 παρόντας
542 1039 638 1091 καὶ
658 1039 901 1104 ἀπόντας
921 1039 1270 1110 ἠγαπηκέναι
1291 1039 1529 1111 γνησίως
1545 1081 1559 1104 ,
1585 1040 1824 1111 τοσούτῳ

236 1131 505 1200 μειζόνως
531 1129 715 1196 αὔξεις
741 1132 840 1203 τὴν
875 1130 1230 1203 κατηγορίαν.
1263 1132 1328 1185 Εἰ
1361 1131 1460 1201 μὲν
1492 1132 1601 1206 γάρ
1637 1131 1825 1197 ἀπλῶς

231 1221 346 1275 τῶν
402 1224 535 1294 περί
567 1225 715 1295 ἡμᾶς
749 1223 1107 1295 διακειμένων
1167 1218 1348 1295 ἦσθα,
1400 1223 1551 1278 οὐδὲν
1598 1225 1825 1288 ἀπεικὸς

237 1311 452 1383 μακρὸν
481 1311 674 1383 χρόνον
706 1312 849 1366 οὕτω
880 1313 1102 1383 σιγῆσαι
1131 1329 1144 1343 ·
1181 1313 1369 1386 ἐπειδὴ
1416 1313 1473 1366 δὲ
1523 1313 1666 1368 οὕτω
1694 1331 1825 1385 γνη-

233 1405 356 1458 σίαν
377 1405 476 1458 καὶ
491 1403 700 1476 θερμὴν
723 1405 849 1475 περί
867 1406 900 1476 ὴ
911 1406 1015 1475 μᾶς
1038 1404 1396 1475 ἐπιδεδεῖχθαι
1419 1406 1645 1477 ἀγάπην
1663 1405 1821 1476 ἔφης,

229 1496 307 1558 ῶς
332 1496 471 1565 μηδὲ
495 1496 562 1549 ἂν
585 1496 757 1550 ἐλθεῖν
784 1496 1224 1567 παραιτήσεσθαι
1247 1498 1365 1550 ὁδὸν
1386 1496 1530 1551 οὕτω
1555 1497 1822 1570 χαλεπὴν,

229 1587 325 1640 καὶ
359 1587 512 1658 φόϐῳ
549 1588 760 1660 λῃστῶν
811 1588 1080 1642 τοσούτων
1132 1588 1598 1662 πολιορκουμένην
1623 1631 1636 1654 ,
1669 1593 1716 1644 εἰ
1749 1591 1822 1663 μὴ

227 1678 301 1732 τά
327 1680 428 1751 τῆς
454 1679 768 1753 ἀρρωστίας
793 1680 1096 1746 διέκοπτεν,
1120 1681 1181 1734 ἐν
1209 1698 1290 1736 σοι
1311 1682 1497 1736 λοιπὸν
1525 1682 1822 1752 ἀπολογίας

227 1771 480 1825 λείπεται
507 1769 647 1836 εἶδος
673 1812 688 1837 ,
738 1773 800 1826 τὸ
849 1772 1076 1841 νιφάδας
1106 1774 1239 1844 ἡμῖν
1286 1774 1528 1844 πέμπειν
1559 1776 1823 1845 γραμμά-

227 1881 358 1928 των,
390 1864 707 1935 δυναμένων
733 1865 833 1935 τὴν
872 1866 936 1919 ἐκ
962 1865 1064 1936 τῆς
1111 1868 1332 1937 μακρᾶς
1376 1868 1534 1938 σιγῆς
1565 1885 1822 1939 παραμυ-

229 1955 502 2028 θήσασθαι
532 1957 730 2010 αἰτίαν.
763 1957 936 2012 Τοῦτο
955 1959 1012 2012 δὲ
1049 1958 1216 2021 ποίει,
1248 1961 1343 2011 καὶ
1378 1959 1439 2012 τὸ
1465 1960 1572 2013 πᾶν
1596 1959 1822 2032 ἀπειλή-

231 2066 436 2119 φαμεν.
457 2049 676 2120 Ἐπειδὴ
706 2051 797 2102 καὶ
819 2049 956 2120 αὕτη
993 2050 1182 2122 χρονία
1217 2049 1447 2104 ἐλθοῦσα
1476 2053 1509 2122 ή
1540 2052 1818 2124 ἐπιστολὴ,

232 2140 423 2211 ἐπειδὴ
455 2141 664 2212 θερμῆς
699 2141 851 2194 ἔπνει
905 2142 1006 2211 τῆς
1055 2143 1311 2213 ἀγάπης,
1346 2142 1439 2195 καί
1485 2142 1579 2195 τοῦ
1621 2144 1820 2216 παρελ-

230 2230 418 2293 θόντος
449 2231 644 2302 χρόνου
670 2231 730 2284 τὸ
752 2231 910 2303 χρέος
937 2232 1215 2286 ἀπέτισεν.
1240 2233 1387 2304 Πλὴν
1413 2233 1527 2288 ἀλλ’
1554 2234 1610 2287 αἱ
1636 2235 1820 2288 λοιπαὶ

229 2323 306 2393 μὴ
336 2322 720 2393 μιμείσθωσαν
765 2325 863 2394 τὴν
901 2324 1106 2396 ταύτης
1157 2324 1489 2397 βραδυτῆτα.
1525 2326 1683 2382 Οὕτω
1709 2330 1818 2399 γὰρ

227 2413 321 2465 καὶ
356 2412 497 2483 αῦτη
528 2413 821 2484 δυνήσεται
849 2415 1017 2482 δεῖξαι
1048 2417 1128 2470 ὅτι
1165 2419 1224 2471 οὐ
1257 2417 1328 2472 δι’
1354 2419 1531 2483 ὄκνον,
1564 2421 1702 2474 ἀλλά
1730 2423 1818 2476 διὰ

221 2504 342 2568 δέος
367 2505 618 2575 μάταιον,
655 2506 838 2570 καθὼς
864 2510 960 2562 καὶ
989 2509 1127 2578 αὐτὴ
1160 2509 1296 2580 ἔφης
1317 2551 1331 2575 ,
1357 2512 1548 2583 χρονία
1575 2517 1817 2584 παραγέ-

222 2613 403 2664 γονεν,
429 2599 478 2650 εἰ
512 2600 567 2651 αί
614 2599 798 2652 λοιπαί
833 2600 971 2670 μετά
1016 2601 1215 2672 τάχους
1271 2604 1363 2656 καὶ
1407 2603 1604 2676 πολλῆς
1638 2623 1819 2677 παρα-

221 2688 472 2757 γένοιντο
508 2692 609 2760 τῆς
643 2693 929 2762 συνεχείας
962 2696 1112 2764 ἡμῖν.

793 2785 938 2836 MH'.
981 2785 1245 2850 Ἀραϐίῳ.

295 2867 430 2925 Οἶδά
461 2889 554 2925 σου
582 2871 683 2943 τὴν
709 2874 949 2948 ἀγάπην,
992 2871 1109 2930 οἶδά
1138 2895 1230 2930 σου
1257 2877 1318 2931 τὸ
1345 2879 1566 2950 φίλτρον
1593 2883 1655 2935 τὸ
1688 2882 1813 2955 θερ-

223 2963 344 3032 μὸν,
374 2964 434 3016 τὸ
475 2965 697 3037 γνήσιον
720 3006 737 3032 ,
766 2967 827 3020 τὸ
856 2968 1147 3040 εἰλικρινὲς
1175 3011 1190 3035 ,
1243 2972 1305 3024 τὸ
1335 2972 1556 3045 διαρκὲς
1575 3015 1590 3040 ,
1618 2976 1714 3028 καὶ
1741 2977 1814 3040 ὼς

219 3056 344 3110 οὐτε
379 3057 636 3112 δυσκολία
684 3063 1031 3132 πραγμάτων
1057 3103 1070 3128 ,
1103 3062 1225 3116 οὔτε
1275 3064 1430 3134 δχλος
1497 3071 1811 3144 φροντίδων,

217 3148 344 3203 οὐτε
382 3153 759 3218 περιστάσεων
789 3153 991 3223 πλῆθος
1012 3195 1026 3218 ,
1063 3154 1184 3209 οὐτε
1207 3158 1401 3228 χρόνου
1441 3161 1617 3230 μῆκος
1640 3199 1657 3226 ,
1688 3160 1812 3215 οὐτε
1863 3180 1865 3184 ‘

217 3240 339 3293 ὁδοῦ
372 3241 651 3314 διάστημα
676 3242 899 3298 δύναται
920 3246 1125 3316 ταύτην
1152 3249 1542 3322 ἀμαυροτέραν
1565 3254 1808 3323 ποιῆσαι.

217 3332 319 3385 Διά
367 3331 530 3386 τοῦτο
575 3335 670 3387 καὶ
708 3337 912 3407 σφόδρα
963 3338 1215 3410 ἐπιθυμῶ
1271 3343 1510 3412 συνεχῶς
1561 3343 1812 3415 δέχεσθαι

217 3425 526 3496 γράμματα
549 3427 700 3497 παρὰ
727 3430 824 3498 τῆς
854 3430 1134 3497 εὐγενείας
1166 3433 1264 3503 τῆς
1299 3435 1398 3505 σῆς
1418 3475 1432 3498 ,
1463 3435 1812 3506 εὐαγγελιζό-

219 3533 359 3585 μενα
397 3517 546 3588 ἡμᾶς
575 3519 702 3589 περί
733 3519 832 3591 τῆς
861 3521 1073 3589 ὐγιείας
1107 3523 1207 3592 τῆς
1246 3523 1364 3594 σῆς.
1400 3525 1518 3579 Κᾶν
1560 3528 1808 3596 ἐγκαλῶ-

219 3625 339 3677 μεν.
369 3610 472 3679 οὐχ
505 3609 580 3674 ὡς
607 3611 940 3682 ῥᾳθυμοῦντι
975 3614 1338 3683 ἐγκαλοῦμεν,
1371 3617 1486 3671 ἀλλ’
1511 3619 1584 3684 ὼς
1628 3621 1808 3674 πλειό-

215 3716 321 3752 νων
368 3699 608 3771 ἐρῶντες
654 3704 955 3758 ἐπιστολῶν
984 3706 1256 3760 τοιούτων.
1297 3709 1462 3763 Ταῦτ’
1494 3707 1587 3766 οὖν
1627 3714 1806 3777 εἰδὼς,

214 3788 455 3843 δέσποτά
490 3809 591 3860 μου
636 3795 931 3863 τιμιώτατε
959 3797 1053 3848 καί
1074 3799 1430 3860 εὐγενέστατε
1457 3845 1470 3868 ,
1503 3804 1647 3858 δίδου
1677 3805 1808 3858 ταύ-

215 3898 316 3951 την
343 3885 480 3954 ἡμῖν
514 3883 613 3954 τὴν
660 3885 819 3957 χάριν
848 3928 864 3952 ,
915 3889 1124 3960 κούφην
1153 3907 1210 3943 τε
1240 3888 1406 3946 οὖσαν
1439 3895 1532 3947 καὶ
1561 3895 1803 3962 εὔκολον,

215 3976 307 4027 καὶ
342 3975 544 4046 πολλὴν
577 3978 708 4046 ἡμῖν
758 3979 851 4031 καὶ
895 3981 952 4032 ἐν
1009 3983 1217 4053 ἐρημίᾳ
1276 3983 1610 4055 καθημένοις
1661 4005 1803 4061 παρ·-

215 4066 448 4136 έχουσαν
470 4067 568 4139 τὴν
593 4069 953 4142 εὐφροσύνην.

798 4165 936 4217 ΜΘ.
968 4163 1211 4233 Ἄλφίῳ.

293 4249 440 4318 Ἐγὼ
473 4251 574 4322 μὲν
602 4251 908 4326 ἐϐουλόμην
941 4259 1325 4331 συνεχέστερον
1358 4265 1696 4320 ἐπιστέλλειν
1723 4271 1792 4341 ,ἡ

209 4341 266 4396 δὲ
299 4342 409 4396 τῶν
431 4348 924 4418 γραμματηφόρων
951 4352 1148 4414 σπάνις
1171 4353 1271 4406 οὐκ
1305 4355 1496 4428 ἀφίησι
1542 4362 1642 4431 τὴν
1675 4363 1798 4414 ἐπι-

209 4433 412 4505 θυμίαν
437 4436 640 4507 ταύτην
659 4439 735 4501 εἰς
760 4439 920 4511 ἔργον
935 4441 1111 4494 ἐλθεῖν
1134 4463 1146 4476 α
1179 4448 1270 4500 καὶ
1296 4449 1404 4519 γάρ
1427 4452 1458 4518 η
1479 4452 1572 4504 τοῦ
1599 4454 1798 4524 χωρίου

206 4525 397 4580 τούτου
422 4529 652 4599 ἐρημία,
685 4531 778 4584 καὶ
811 4534 839 4584 ὁ
861 4532 969 4586 τῶν
1000 4535 1262 4608 Ἰσαύρων
1295 4542 1460 4610 φόϐος
1479 4583 1493 4606 ,
1526 4545 1620 4598 καὶ
1645 4546 1677 4616 ἠ
1703 4546 1797 4599 τοῦ

206 4615 478 4686 χειμῶνος
511 4619 812 4691 σφοδρότης
867 4623 965 4676 οὐκ
1020 4626 1304 4696 ἐπιτρέπει
1357 4632 1599 4703 συνεχῶς
1647 4615 1799 4700 τινας

205 4708 339 4776 ημῖν
371 4710 781 4780 ἐπιχωριάζειν.
822 4714 960 4767 Ἀλλ’
987 4716 1134 4788 ὅμως
1163 4760 1177 4785 ,
1229 4722 1322 4773 καὶ
1362 4725 1668 4795 γράφοντες
1703 4732 1797 4784 καὶ

206 4797 503 4866 σιγῶντες,
563 4801 660 4871 τὴν
709 4803 879 4874 αὐτὴν
934 4806 1021 4860 ἀεὶ
1079 4811 1205 4879 περί
1244 4813 1301 4864 σὲ
1351 4814 1591 4870 διάθεσιν
1642 4819 1794 4895 [620]

201 4889 482 4962 τηροῦμεν
504 4891 554 4955 ι’,
575 4892 672 4964 τὴν
699 4895 1009 4967 προθυμίαν
1032 4916 1124 4952 σου
1148 4904 1241 4954 καὶ
1265 4905 1362 4975 τὴν
1394 4889 1793 4983 σπουδὴν-μανλ

204 4980 481 5044 θάνοντες.
507 4983 574 5053 ἢν
600 4984 743 5055 ὑπὲρ
765 4987 863 5057 τῆς
890 4988 1160 5058 ὡφελείας
1189 4995 1287 5065 τῆς
1315 4996 1415 5067 σῆς
1431 4999 1573 5070 ἔχεις
1587 4980 1791 5075 φυχῆς,

201 5072 329 5135 τούς
358 5090 420 5126 τε
457 5077 514 5126 ἐν
549 5075 804 5149 εὐλαϐείᾳ
837 5080 1046 5145 ζῶντας
1079 5086 1376 5142 ἀναπαύειν
1421 5093 1789 5164 ἐσπουδακὼς,

203 5166 297 5218 καὶ
351 5167 450 5238 τὴν
513 5168 683 5260 καλην
720 5172 923 5244 ταύτην
964 5181 1485 5252 πραγματευόμενος
1540 5204 1792 5260 πραγμα-

200 5253 374 5306 τείαν.
393 5254 562 5309 Ταῦτ’
587 5253 680 5311 οὖν
705 5259 859 5324 εἰδὼς
878 5303 892 5326 ,
929 5264 1088 5336 κύριέ
1125 5285 1226 5338 μου
1249 5272 1543 5341 τιμιώτατε
1579 5281 1674 5332 καὶ
1704 5282 1794 5334 εὐ-

202 5339 522 5409 λαϐέστατε,
548 5349 789 5419 συνεχῶς
822 5353 957 5423 ἡμῖν
986 5357 1268 5413 ἐπίστελλε
1297 5339 1366 5415 τά
1394 5367 1522 5436 περί
1561 5370 1660 5439 τῆς
1691 5371 1791 5443 σῆς

203 5433 448 5501 ὑγιείας,
488 5438 585 5490 καὶ
624 5441 715 5494 τοῦ
743 5444 890 5496 οίκου
942 5462 1034 5500 σου
1086 5455 1303 5517 παντός.
1354 5433 1511 5510 Οὓτω
1556 5433 1663 5535 γάρ

261 5561 290 5651 ξ
318 5561 547 5651 ﬁdit;
560 5570 1056 5651 ξοδεχὸμενοι
1077 5580 1304 5642 adjicitur
1326 5586 1408 5634 καὶ
1439 5587 1790 5651 ἀνακηρύττον-

201 5637 1084 5716 ξιηεηξιξειοεξειρεςεεεξεφεηερ
1420 5649 1481 5699 ab
1503 5637 1786 5716 μίιεέιςέέίε

200 5689 502 5806 machum
526 5689 648 5741 Haec
667 5707 813 5755 porro
831 5689 1038 5761 εριεὶοιει
1067 5689 1137 5753 ἱιῖ
1164 5689 1479 5762 ιῆὖιιῖἶιῖεἶ

260 5787 440 5862 mea
455 5827 554 5864 mss
587 5815 791 5867 διάθεσιν
813 5821 1138 5888 διατηροῦμεν.

1655 367 2042 434 Εριετοίιιε.

1930 496 1990 548 ἐν
2015 493 2220 567 ἐρημίᾳ
2253 492 2405 558 ὄντες
2437 492 2637 565 πολλὴν
2687 493 2880 566 ἕξομεν
2923 493 3022 566 τὴν
3069 493 3434 568 εὐφροσύνην,
3465 498 3517 552 εἰ

1925 585 2150 640 τοιαῦτα
2172 586 2326 658 παρά
2344 585 2443 656 τῆς
2462 585 2560 658 σῆς
2575 587 2887 658 τιμιότητος
2898 585 3167 657 δεχόμεθα
3183 588 3513 658 γράμματα.

2534 691 2620 743 N‘.
2652 687 2928 760 Διογένει.

1996 789 2070 844 Τὸ
2094 791 2318 859 γνήσιόν
2346 808 2439 845 σου
2465 793 2566 863 τῆς
2589 792 2814 869 ἀγάπης
2838 792 2938 864 τῆς
2964 795 3094 863 περί
3113 793 3262 863 ἡμᾶς
3290 790 3515 864 ᾔδειμεν

1930 881 2029 950 μέν
2067 882 2163 935 καὶ
2189 881 2533 954 ἔμπροσθεν,
2587 882 2768 953 πολλῷ
2811 880 2868 936 δέ
2906 880 3069 936 πλέον
3107 881 3354 954 ἔγνωμεν
3396 881 3513 945 νῦν,

1926 972 2014 1026 ὅτε
2043 974 2294 1028 τοσοῦτον
2322 974 2415 1029 τοῦ
2441 973 2708 1047 χειμῶνος
2741 973 3001 1046 ἀρθέντος
3025 1016 3039 1039 ,
3063 974 3125 1027 οὐ
3165 974 3327 1046 μόνον
3356 973 3514 1027 οὐδὲν

1931 1064 2334 1136 ῥᾳθυμότερος,
2368 1065 2505 1120 ἀλλά
2542 1067 2638 1120 καὶ
2694 1064 2874 1136 πολλῷ
2930 1065 3348 1137 σπουδαιότερος
3387 1064 3519 1136 περὶ

1926 1157 2076 1228 ἡμᾶς
2117 1157 2394 1227 γεγονὼς,
2456 1159 2626 1230 μείζω
2671 1159 2773 1230 τὴν
2826 1159 3062 1231 στοργὴν
3103 1157 3370 1223 ἐνεδείξω.
3417 1157 3519 1212 Διά

1924 1249 2101 1304 ταῦτά
2155 1267 2213 1302 σε
2261 1261 2284 1290 ο
2321 1250 2714 1322 θαυμάζομεν,
2746 1251 2836 1304 διά
2889 1250 3062 1305 ταῦτα
3115 1250 3236 1304 καθ’
3277 1251 3518 1318 ἑκάστην

1926 1341 2138 1412 ἡμέραν
2169 1343 2637 1416 ἀνακηρύττοντες
2667 1344 2729 1397 οὐ
2764 1343 3068 1414 παυόμεθα.
3101 1344 3206 1396 Τὸν
3264 1343 3362 1412 μὲν
3404 1343 3518 1413 γάρ

1925 1435 2128 1505 ἄφατον
2155 1436 2360 1491 τούτων
2397 1438 2588 1509 μισθὸν
2627 1438 2771 1509 λήψῃ
2814 1438 2966 1510 παρὰ
3000 1437 3094 1491 τοῦ
3128 1435 3516 1508 φιλανθρώπου

1925 1527 2084 1593 Θεοῦ,
2107 1530 2202 1584 τοῦ
2241 1532 2361 1593 ταῖς
2387 1531 2716 1585 ἀντιδόσεσιν
2746 1535 2811 1587 ἐκ
2852 1530 3049 1598 πολλοῦ
3079 1530 3174 1583 τοῦ
3233 1530 3517 1600 περιόντος

1929 1619 2181 1685 νικῶντος
2214 1622 2302 1675 ἀεὶ
2329 1623 2456 1686 τοὺς
2489 1623 2694 1691 ἀγαθόν
2727 1640 2778 1678 τι
2809 1623 3131 1687 ποιοῦντας,
3159 1622 3192 1695 ἢ
3232 1621 3514 1691 λέγοντας.

1934 1713 2130 1784 Ἡμεῖς
2169 1713 2228 1766 δέ
2267 1730 2328 1767 σε
2380 1709 2462 1779 οἷς
2493 1715 2696 1786 ἔχομεν
2726 1715 3104 1787 ἀμειϐόμεθα,
3141 1713 3517 1786 θαυμάζοντές

1926 1819 1985 1856 σε
2011 1845 2026 1867 ,
2076 1805 2452 1871 ἐπαινοῦντες,
2509 1807 2906 1880 μακαρίζοντες
2950 1807 3011 1861 οὐ
3055 1806 3515 1878 διαλιμπάνομεν,

1925 1880 2204 1966 φιλοῦντες
2224 1939 2240 1962 ,
2279 1899 2609 1971 αἰδούμενοι,
2640 1901 2939 1972 τιμῶντες,
2967 1903 3024 1954 ἐν
3064 1899 3274 1972 διανοίᾳ
3304 1917 3516 1955 παντα-

1923 1987 2020 2058 χοῦ
2051 1990 2443 2061 περιφέροντες
2467 2031 2482 2056 ,
2519 1991 2792 2063 ἡνωμένοι
2833 2007 2916 2044 σοι
2979 1991 3076 2044 καὶ
3134 1992 3516 2061 συνδεδεμένοι

1921 2079 2000 2150 τῷ
2041 2082 2140 2151 τῆς
2168 2083 2390 2155 ἀγάπης
2414 2085 2584 2156 νόμῳ.
2619 2084 2741 2138 Ὅτι
2776 2084 2886 2156 γάρ
2914 2101 3009 2137 σου
3061 2083 3170 2138 τῶν
3211 2084 3518 2155 σφοδροτά-

1921 2187 2029 2225 των
2054 2173 2140 2226 ἀεὶ
2161 2175 2468 2247 γεγόναμεν
2488 2176 2733 2250 ἐραστῶν
2755 2217 2770 2243 ,
2794 2173 2952 2232 οἶσθα
2985 2178 3080 2230 καὶ
3114 2177 3277 2242 αὐτὸς
3304 2176 3462 2246 σαφώ
3497 2218 3514 2240 .

1919 2263 2156 2319 δέσποτά
2197 2284 2299 2336 μου
2359 2268 2759 2339 αἰδεσιμώτατε
2804 2269 2898 2323 καὶ
2948 2269 3390 2340 θαυμασιώτατε.
3423 2271 3516 2323 Διὸ

1921 2359 2224 2430 παρακαλῶ
2256 2360 2366 2413 τῶν
2409 2362 2824 2416 ἀποσταλέντων
2863 2362 3026 2415 ἕνεκα
3063 2362 3232 2434 μηδὲν
3277 2362 3516 2434 ἀλγῆσαι

1920 2451 2057 2522 πρὸς
2087 2453 2256 2522 ἡμᾶς.
2293 2453 2684 2530 Τρυγήσαντες
2702 2457 2811 2525 γὰρ
2844 2456 2938 2508 καὶ
2963 2456 3392 2528 καρπωσάμενοι
3416 2456 3514 2528 τὴν

1919 2542 1978 2607 ἐξ
2012 2543 2192 2596 αὐτῶν
2236 2545 2404 2616 τιμὴν
2426 2586 2441 2607 ,
2469 2546 2608 2598 αὐτά
2648 2546 3073 2622 ἀπεστάλκαμεν
3105 2547 3204 2600 οὐκ
3234 2548 3294 2613 ἐξ
3320 2546 3514 2617 ὀλιγω-

1922 2634 2042 2705 ρίας
2067 2676 2083 2701 ,
2114 2636 2236 2688 οὐδέ
2267 2637 2333 2690 ἐκ
2363 2637 2456 2690 τοῦ
2491 2639 2565 2710 μὴ
2601 2637 2823 2711 θαρρεῖν
2854 2657 2948 2693 σου
2981 2642 3046 2712 τῇ
3075 2641 3345 2713 εὐγενείᾳ,
3375 2639 3514 2695 ἀλλά

1916 2727 2004 2781 διὰ
2031 2727 2092 2780 τὸ
2125 2729 2200 2799 μὴ
2234 2728 2568 2785 καθεστάναι
2601 2733 2660 2785 ἐν
2698 2733 2877 2805 χρείᾳ.
2918 2735 2984 2787 Ὀ
3029 2735 3094 2806 δὴ
3142 2738 3237 2790 καὶ
3281 2737 3514 2806 ἐφ’-ἐτέ-

1921 2837 2029 2890 ρων
2057 2821 2269 2875 πολλῶν
2294 2825 2696 2896 πεποιήκαμεν.
2722 2827 2832 2880 Kal
2866 2827 2976 2900 γὰρ
2998 2830 3091 2882 καὶ
3111 2832 3291 2902 ἕτεροι
3323 2832 3512 2886 πολλοὶ

1918 2912 2013 2965 καὶ
2056 2912 2157 2982 τῆς
2193 2913 2293 2982 σῆς
2321 2915 2604 2984 εὐγενείας
2642 2917 2784 2983 ἄξιοι
2807 2959 2820 2982 ,
2855 2922 2950 2972 καὶ
2984 2922 3190 2993 σφόδρα
3234 2922 3392 2994 ήμῶν
3419 2924 3514 2977 ἐκ·

1916 3007 2229 3077 καιόμενοι,
2270 3007 2347 3072 ὡς
2397 3009 2572 3074 ἔξεστί
2609 3028 2701 3064 σου
2732 3015 2796 3084 τῇ
2847 3013 3252 3086 θαυμασιότητι
3306 3015 3514 3086 μανθά-

1915 3115 2048 3161 νειν,
2077 3098 2137 3150 τὸ
2162 3099 2294 3153 αὐτὸ
2339 3101 2403 3173 δὴ
2431 3102 2591 3156 τοῦτο
2630 3107 2986 3176 πεποιήκασι,
3017 3107 3112 3160 καὶ⁸
3140 3108 3345 3180 ἠρκεσε
3372 3108 3514 3181 πρὸς

1914 3191 2112 3253 αὐτοὺς
2150 3195 2282 3262 ἡμῖν
2309 3193 2448 3265 αῦτη
2497 3197 2529 3265 ἡ
2586 3197 2874 3266 ἀπολογία,
2909 3199 2976 3270 ἢν
3005 3202 3098 3252 καί
3147 3200 3312 3255 αὐτὸν
3338 3216 3511 3273 προσ-

1913 3283 2068 3338 έσθαι
2113 3286 2558 3359 παρακαλοῦμεν.
2598 3291 2657 3343 Εί
2718 3291 2828 3364 γὰρ
2876 3293 2941 3365 δὴ
2989 3295 3400 3366 κατασταίημεν
3449 3299 3509 3349 ἐν

1912 3378 2092 3450 χρείᾳ,
2129 3380 2268 3450 μετά
2303 3382 2503 3454 πολλῆς
2537 3385 2936 3457 ἀπαιτήσομεν,
2965 3386 3222 3461 καθάπερ
3247 3390 3304 3455 ἐξ
3337 3389 3503 3456 ἰδίων,

1915 3467 2055 3537 μετά
2100 3468 2344 3532 πλείονος
2377 3470 2405 3510 ἀ
2448 3473 2548 3542 τῆς
2588 3477 2921 3547 παρρησίας,
2960 3478 3054 3530 καὶ
3085 3479 3242 3533 τοῦτο
3267 3481 3388 3550 ὄψει
3420 3481 3507 3534 δια

1911 3561 2011 3631 τῆς
2045 3562 2242 3634 πείρας
2287 3565 2477 3636 αὐτῆς.
2505 3565 2812 3638 Δεξάμενος
2857 3572 3037 3625 τοίνυν
3066 3575 3226 3637 αὐτά,
3267 3575 3504 3644 φύλαττε

1914 3653 2055 3722 μετά
2081 3655 2370 3727 ἀκριϐείας
2391 3697 2405 3721 ,
2447 3659 2510 3711 ἵν’
2555 3662 2738 3714 εἴποτε
2775 3663 2969 3734 καιρὸς
3000 3664 3287 3720 καλέσειεν
3315 3709 3330 3732 ,
3365 3670 3505 3738 μετά

1909 3743 2004 3796 τοῦ
2040 3743 2265 3818 θαρρεῖν
2299 3748 2440 3803 αὐτὰ
2473 3749 2869 3823 ἀπαιτήσωιιεν
2902 3754 3055 3827 παρὰ
3088 3756 3188 3827 τῆς
3224 3760 3323 3831 σῆς
3368 3759 3501 3814 θαυ-

1913 3837 2261 3909 μασιότητος.

2458 3946 2594 4000 ΝΑ’.
2639 3947 2720 4014 Τῷ
2758 3950 2938 4017 αὐτῷ.

1977 4048 2134 4103 Μετά
2159 4050 2220 4103 τὸ
2243 4051 2454 4123 γράψαι
2476 4055 2576 4126 τὴν
2606 4058 2880 4130 προτέραν
2911 4061 3226 4136 ἐπιστολὴν,
3264 4064 3389 4119 ἰδὼν
3409 4067 3501 4122 τὸν

1907 4141 2236 4210 τιμιώτατον
2262 4144 2357 4197 καὶ
2381 4145 2775 4206 εύλαϐέστατον
2802 4153 3119 4225 Ἀφραάτην
3147 4160 3503 4232 προσηλωμέ-

1903 4249 1993 4285 νον
2026 4236 2180 4304 ήμῖν,
2215 4237 2309 4289 καὶ
2336 4237 2436 4289 οὐκ
2467 4241 2790 4311 ἀνεχόμενον
2818 4242 2943 4296 οὔτε
2967 4245 3182 4318 ἀπᾶραι
3223 4248 3498 4320 ἐντεῦθεν,

1903 4326 1998 4377 καὶ
2017 4324 2346 4380 ἀπειλοῦντα
2379 4331 2516 4398 μήτε
2555 4331 2860 4401 γράμματα
2880 4333 3130 4405 δέχεσθαι
3157 4338 3290 4411 παρ’
3312 4340 3496 4412 ήμῶν,

1901 4420 1950 4469 εἰ
1985 4418 2059 4490 μὴ
2113 4419 2444 4490 ἀπολάϐοιμι
2474 4423 2545 4477 τά
2592 4425 2988 4494 ἀποσταλέντα,
3029 4430 3276 4502 ἐπέθηκα
3324 4432 3497 4487 τύπον

1899 4508 1977 4578 τῷ
1999 4512 2284 4582 πράγματι
2316 4513 2521 4586 σφόδρα
2545 4517 2945 4590 κεχαρισμένον
2966 4524 3032 4593 τῇ
3064 4523 3314 4597 εὐγενείᾳ
3342 4523 3497 4600 [621]

1902 4617 1994 4654 σου
2023 4645 2036 4668 ,
2069 4605 2164 4658 καὶ
2197 4606 2550 4661 άναπαύοντά
2602 4627 2696 4663 σου
2732 4611 2831 4684 τὴν
2882 4615 3216 4686 ἐμμέλειαν,
3253 4617 3312 4671 δν
3361 4619 3495 4692 παρ’

1899 4693 2066 4748 αὐτοῦ
2103 4695 2312 4766 μαθὼν,
2343 4700 2600 4755 κέλευσον
2632 4702 2880 4761 διάκονον
2907 4707 3162 4778 γενέσθαι
3191 4711 3292 4782 τῆς
3319 4712 3497 4784 καλῆς

1897 4786 2102 4858 ταύτης
2138 4791 2472 4864 οἰκονομίας.
2525 4791 2694 4849 Οἶσθα
2757 4798 2868 4868 γὰρ
2923 4800 3110 4872 ἡλίκον
3176 4802 3330 4858 ἔσται
3396 4803 3493 4859 τοῦ

1900 4879 2224 4950 πράγματος
2247 4883 2308 4936 τὸ
2337 4885 2528 4956 κέρδος
2572 4890 2665 4942 καὶ
2697 4889 2784 4943 διά
2813 4891 2912 4962 τῆς
2963 4894 3268 4966 παρουσίας
3301 4895 3493 4950 τούτου

1896 4969 1997 5040 τῆς
2021 4974 2099 5036 εἱς
2132 4973 2230 5045 τὴν
2269 4977 2544 5050 Φοινίκην,
2576 4981 2670 5034 καὶ
2699 4980 2789 5035 διὰ
2810 4983 2910 5054 τῆς
2933 4985 3244 5056 φιλοτιμίας
3266 4987 3363 5059 τῆς
3389 4987 3493 5057 σῆς

1901 5065 2402 5138 μεγαλοπρεπείας.
2424 5073 2535 5125 Καὶ
2566 5074 2892 5146 ἀμφοτέρων
2920 5078 3127 5132 τούτων
3155 5081 3317 5145 αὐτὸς
3340 5082 3492 5154 λήψῃ

1894 5156 1986 5211 τ’δν
2015 5160 2205 5229 μισθὸν
2232 5201 2246 5224 ,
2281 5163 2375 5216 ἀτε
2414 5165 2684 5239 τοσαύτην
2719 5169 3002 5239 δαψίλειαν
3047 5173 3492 5245 ἐπιδεικνύμενος

1895 5253 2023 5324 περὶ
2057 5257 2182 5320 τοὺς
2235 5261 2292 5310 ἐν
2328 5259 2548 5333 Φοινίκῃ
2611 5264 2986 5335 κατηχοῦντας
3034 5271 3159 5332 τοὺς
3197 5270 3486 5343 Ἕλληνας,

1894 5347 1988 5398 καὶ
2010 5349 2138 5417 περὶ
2167 5349 2266 5418 τὴν
2287 5352 2575 5423 οἰκοδομὴν
2603 5355 2712 5408 τῶν
2734 5357 3041 5428 ἐκκλησιῶν
3057 5362 3485 5432 ἐσπουδακότας,

1894 5441 1988 5493 καὶ
2018 5440 2188 5512 ἀνδρα
2218 5443 2460 5498 τοιοῦτον
2497 5449 2810 5519 ἀναστήσας
2835 5493 2850 5515 ,
2884 5453 2977 5505 καὶ
3012 5453 3239 5526 πέμψας
3283 5461 3363 5524 εἰς
3391 5477 3488 5514 πα-

1896 5533 2164 5604 ράκλησιν
2188 5535 2391 5602 αὐτῶν,
2421 5539 2517 5592 καὶ
2546 5539 2782 5610 μάλιστα
2822 5543 2917 5596 νῦν
2945 5548 3002 5597 ἐν
3031 5546 3271 5622 τοσαύτῃ
3298 5549 3489 5604 δυσκο-

1957 5667 2170 5746 £11833:
2184 5670 2336 5746 mulli
2356 5673 2651 5746 ⁸πιρὶηῂιιιᾶς
2693 5676 3024 5746 γέγοναςςήδιὰ
3052 5679 3213 5746 ταῦτά
3259 5700 3335 5744 σε,
3360 5690 3484 5746 etc"

1890 5731 2087 5846 «ﬁssis
2127 5729 2450 5795 interpositis'
2479 5729 2580 5787 mis
2607 5729 2791 5800 vchii,
2828 5729 2972 5802 μέαω
3011 5744 3097 5802 τήν
3132 5729 3338 5809 στὸρῆἦῦ

1947 5809 1960 5838 ι
1988 5810 2043 5839 ω.

1947 5809 2043 5839 ιεω.

1953 5851 1981 5892 ἀ
2006 5852 2166 5906 Verba
2192 5857 2309 5919 μετὰ
2328 5859 2542 5920 πλείονος
2569 5864 2706 5914 uncis
2729 5861 2929 5918 inclusit
2949 5864 3144 5932 NonL,
3169 5871 3343 5921 omisit.
3367 5871 3481 5922 δαν.
