  <div class='ocr_page' id='page_1' title='image "/cluster/home/n/w/nwhite01/storage/ocr_20150623/52/ien.35556001660794/257.png"; bbox 0 0 4078 6428; ppageno 0'>
   <div class='ocr_carea' id='block_1_1' title="bbox 611 354 728 412">
    <p class='ocr_par' dir='ltr' id='par_1_1' title="bbox 611 354 728 412">
     <span class='ocr_line' id='line_1_1' title="bbox 611 354 728 412; baseline 0.009 -1"><span class='ocrx_word' id='word_1_1' title='bbox 611 354 728 412; x_wconf 63' lang='grc'>⁸637</span> 
     </span>
    </p>
   </div>
   <div class='ocr_carea' id='block_1_2' title="bbox 621 461 2182 541">
    <p class='ocr_par' dir='ltr' id='par_1_2' title="bbox 621 461 2182 541">
     <span class='ocr_line' id='line_1_2' title="bbox 621 461 2182 541; baseline -0.004 -22"><span class='ocrx_word' id='word_1_2' title='bbox 621 467 717 541; x_wconf 72' lang='grc' dir='ltr'>λίᾳ.</span> <span class='ocrx_word' id='word_1_3' title='bbox 739 466 1169 536; x_wconf 88' lang='grc' dir='ltr'>καθεστηκότων,</span> <span class='ocrx_word' id='word_1_4' title='bbox 1197 465 1291 519; x_wconf 74' lang='grc' dir='ltr'>καὶ</span> <span class='ocrx_word' id='word_1_5' title='bbox 1327 465 1476 534; x_wconf 85' lang='grc' dir='ltr'>παρὰ</span> <span class='ocrx_word' id='word_1_6' title='bbox 1510 463 1719 517; x_wconf 82' lang='grc' dir='ltr'>πολλῶν</span> <span class='ocrx_word' id='word_1_7' title='bbox 1745 461 2182 534; x_wconf 81' lang='grc' dir='ltr'>πολεμουμένων.</span> 
     </span>
    </p>
   </div>
   <div class='ocr_carea' id='block_1_3' title="bbox 631 549 2186 632">
    <p class='ocr_par' dir='ltr' id='par_1_3' title="bbox 631 549 2186 632">
     <span class='ocr_line' id='line_1_3' title="bbox 631 549 2186 632; baseline -0.005 -17"><span class='ocrx_word' id='word_1_8' title='bbox 631 559 922 632; x_wconf 64' lang='grc' dir='ltr'>⁹ινὶννοήσας</span> <span class='ocrx_word' id='word_1_9' title='bbox 963 558 1142 611; x_wconf 91' lang='grc' dir='ltr'>τοίνυν</span> <span class='ocrx_word' id='word_1_10' title='bbox 1179 557 1272 610; x_wconf 85' lang='grc' dir='ltr'>τοῦ</span> <span class='ocrx_word' id='word_1_11' title='bbox 1304 555 1725 626; x_wconf 80' lang='grc' dir='ltr'>κατορθώματος</span> <span class='ocrx_word' id='word_1_12' title='bbox 1746 557 1838 610; x_wconf 79' lang='grc' dir='ltr'>τὸν</span> <span class='ocrx_word' id='word_1_13' title='bbox 1872 555 2036 622; x_wconf 73' lang='grc' dir='ltr'>ὄγκον</span> <span class='ocrx_word' id='word_1_14' title='bbox 2054 591 2071 619; x_wconf 91' lang='grc'>,</span> <span class='ocrx_word' id='word_1_15' title='bbox 2109 549 2186 622; x_wconf 81' lang='grc' dir='ltr'>μὴ</span> 
     </span>
    </p>
   </div>
   <div class='ocr_carea' id='block_1_4' title="bbox 620 644 2187 725">
    <p class='ocr_par' dir='ltr' id='par_1_4' title="bbox 620 644 2187 725">
     <span class='ocr_line' id='line_1_4' title="bbox 620 644 2187 725; baseline -0.008 -16"><span class='ocrx_word' id='word_1_16' title='bbox 620 656 766 725; x_wconf 80' lang='grc' dir='ltr'>ἀφῇς</span> <span class='ocrx_word' id='word_1_17' title='bbox 798 651 931 724; x_wconf 82' lang='grc' dir='ltr'>μηδέ</span> <span class='ocrx_word' id='word_1_18' title='bbox 967 649 1159 721; x_wconf 80' lang='grc' dir='ltr'>μικρὸν</span> <span class='ocrx_word' id='word_1_19' title='bbox 1209 651 1370 702; x_wconf 70' lang='grc' dir='ltr'>αὐτὸν</span> <span class='ocrx_word' id='word_1_20' title='bbox 1399 649 1792 704; x_wconf 83' lang='grc' dir='ltr'>ἀναϐάλλεσθαι</span> <span class='ocrx_word' id='word_1_21' title='bbox 1815 688 1832 712; x_wconf 88' lang='grc'>,</span> <span class='ocrx_word' id='word_1_22' title='bbox 1877 647 1992 701; x_wconf 80' lang='grc' dir='ltr'>ἀλλ’</span> <span class='ocrx_word' id='word_1_23' title='bbox 2021 644 2187 716; x_wconf 87' lang='grc' dir='ltr'>ἀμελ-</span> 
     </span>
    </p>
   </div>
   <div class='ocr_carea' id='block_1_5' title="bbox 619 736 2186 816">
    <p class='ocr_par' dir='ltr' id='par_1_5' title="bbox 619 736 2186 816">
     <span class='ocr_line' id='line_1_5' title="bbox 619 736 2186 816; baseline -0.008 -16"><span class='ocrx_word' id='word_1_24' title='bbox 619 746 740 816; x_wconf 79' lang='grc' dir='ltr'>λητὶ</span> <span class='ocrx_word' id='word_1_25' title='bbox 765 745 863 814; x_wconf 83' lang='grc' dir='ltr'>τῆς</span> <span class='ocrx_word' id='word_1_26' title='bbox 885 741 1004 797; x_wconf 83' lang='grc' dir='ltr'>ὁδοῦ</span> <span class='ocrx_word' id='word_1_27' title='bbox 1029 741 1231 811; x_wconf 81' lang='grc' dir='ltr'>ταύτης</span> <span class='ocrx_word' id='word_1_28' title='bbox 1258 741 1498 810; x_wconf 74' lang='grc' dir='ltr'>ἅψασθαι</span> <span class='ocrx_word' id='word_1_29' title='bbox 1525 740 1963 814; x_wconf 75' lang='grc' dir='ltr'>παρασκεύασον,</span> <span class='ocrx_word' id='word_1_30' title='bbox 1987 736 2186 806; x_wconf 79' lang='grc' dir='ltr'>πολλὴν</span> 
     </span>
    </p>
   </div>
   <div class='ocr_carea' id='block_1_6' title="bbox 619 829 2185 907">
    <p class='ocr_par' dir='ltr' id='par_1_6' title="bbox 619 829 2185 907">
     <span class='ocr_line' id='line_1_6' title="bbox 619 829 2185 907; baseline -0.006 -16"><span class='ocrx_word' id='word_1_31' title='bbox 619 836 802 907; x_wconf 83' lang='grc' dir='ltr'>σαυτῷ</span> <span class='ocrx_word' id='word_1_32' title='bbox 837 834 925 889; x_wconf 88' lang='grc' dir='ltr'>διὰ</span> <span class='ocrx_word' id='word_1_33' title='bbox 951 834 1050 904; x_wconf 82' lang='grc' dir='ltr'>τῆς</span> <span class='ocrx_word' id='word_1_34' title='bbox 1083 833 1250 902; x_wconf 80' lang='grc' dir='ltr'>καλῆς</span> <span class='ocrx_word' id='word_1_35' title='bbox 1291 833 1494 904; x_wconf 86' lang='grc' dir='ltr'>ταύτης</span> <span class='ocrx_word' id='word_1_36' title='bbox 1527 832 1760 902; x_wconf 84' lang='grc' dir='ltr'>σπουδῆς</span> <span class='ocrx_word' id='word_1_37' title='bbox 1784 869 1800 894; x_wconf 87' lang='grc'>,</span> <span class='ocrx_word' id='word_1_38' title='bbox 1822 829 2057 884; x_wconf 77' lang='grc' dir='ltr'>δέσποτά</span> <span class='ocrx_word' id='word_1_39' title='bbox 2083 845 2185 899; x_wconf 90' lang='grc' dir='ltr'>μου</span> 
     </span>
    </p>
   </div>
   <div class='ocr_carea' id='block_1_7' title="bbox 618 918 2186 997">
    <p class='ocr_par' dir='ltr' id='par_1_7' title="bbox 618 918 2186 997">
     <span class='ocr_line' id='line_1_7' title="bbox 618 918 2186 997; baseline -0.004 -17"><span class='ocrx_word' id='word_1_40' title='bbox 618 924 1034 996; x_wconf 75' lang='grc' dir='ltr'>θαυμασιώτατε</span> <span class='ocrx_word' id='word_1_41' title='bbox 1065 964 1079 988; x_wconf 90' lang='grc'>,</span> <span class='ocrx_word' id='word_1_42' title='bbox 1148 925 1644 997; x_wconf 82' lang='grc' dir='ltr'>προαποτιθέμενος</span> <span class='ocrx_word' id='word_1_43' title='bbox 1701 922 1848 994; x_wconf 84' lang='grc' dir='ltr'>παρά</span> <span class='ocrx_word' id='word_1_44' title='bbox 1899 920 1976 992; x_wconf 81' lang='grc' dir='ltr'>τῷ</span> <span class='ocrx_word' id='word_1_45' title='bbox 2053 918 2186 991; x_wconf 87' lang='grc' dir='ltr'>φιλ-</span> 
     </span>
    </p>
   </div>
   <div class='ocr_carea' id='block_1_8' title="bbox 616 1016 1438 1089">
    <p class='ocr_par' dir='ltr' id='par_1_8' title="bbox 616 1016 1438 1089">
     <span class='ocr_line' id='line_1_8' title="bbox 616 1016 1438 1089; baseline 0.002 -17"><span class='ocrx_word' id='word_1_46' title='bbox 616 1017 884 1089; x_wconf 83' lang='grc' dir='ltr'>ανθρώπῳ</span> <span class='ocrx_word' id='word_1_47' title='bbox 908 1016 1026 1087; x_wconf 85' lang='grc' dir='ltr'>Θεῷ</span> <span class='ocrx_word' id='word_1_48' title='bbox 1055 1016 1152 1088; x_wconf 82' lang='grc' dir='ltr'>τὴν</span> <span class='ocrx_word' id='word_1_49' title='bbox 1185 1017 1438 1088; x_wconf 93' lang='grc' dir='ltr'>ἀμοιϐήν.</span> 
     </span>
    </p>
   </div>
   <div class='ocr_carea' id='block_1_9' title="bbox 1185 1127 1605 1196">
    <p class='ocr_par' dir='ltr' id='par_1_9' title="bbox 1185 1127 1605 1196">
     <span class='ocr_line' id='line_1_9' title="bbox 1185 1127 1605 1196; baseline 0 -14"><span class='ocrx_word' id='word_1_50' title='bbox 1185 1129 1318 1182; x_wconf 83' lang='lat' dir='ltr'>NB&#39;.</span> <span class='ocrx_word' id='word_1_51' title='bbox 1363 1127 1605 1196; x_wconf 74' lang='grc' dir='ltr'>Ἆδολίᾳ.</span> 
     </span>
    </p>
   </div>
   <div class='ocr_carea' id='block_1_10' title="bbox 685 1239 2183 1312">
    <p class='ocr_par' dir='ltr' id='par_1_10' title="bbox 685 1239 2183 1312">
     <span class='ocr_line' id='line_1_10' title="bbox 685 1239 2183 1312; baseline -0.001 -18"><span class='ocrx_word' id='word_1_52' title='bbox 685 1242 807 1295; x_wconf 88' lang='grc' dir='ltr'>Ὅτι</span> <span class='ocrx_word' id='word_1_53' title='bbox 849 1241 947 1310; x_wconf 82' lang='grc' dir='ltr'>μὲν</span> <span class='ocrx_word' id='word_1_54' title='bbox 974 1240 1356 1312; x_wconf 81' lang='grc' dir='ltr'>ἡρῤώστησας.</span> <span class='ocrx_word' id='word_1_55' title='bbox 1386 1239 1654 1311; x_wconf 69' lang='grc' dir='ltr'>ἔγνωμεν,</span> <span class='ocrx_word' id='word_1_56' title='bbox 1683 1241 1778 1298; x_wconf 72' lang='grc' dir='ltr'>καὶ</span> <span class='ocrx_word' id='word_1_57' title='bbox 1811 1242 1893 1295; x_wconf 83' lang='grc' dir='ltr'>ὅτι</span> <span class='ocrx_word' id='word_1_58' title='bbox 1928 1239 2183 1311; x_wconf 82' lang='grc' dir='ltr'>χαλεπῶς</span> 
     </span>
    </p>
   </div>
   <div class='ocr_carea' id='block_1_11' title="bbox 614 1325 2182 1400">
    <p class='ocr_par' dir='ltr' id='par_1_11' title="bbox 614 1325 2182 1400">
     <span class='ocr_line' id='line_1_11' title="bbox 614 1325 2182 1400; baseline 0.001 -18"><span class='ocrx_word' id='word_1_59' title='bbox 614 1330 1000 1400; x_wconf 75' lang='grc' dir='ltr'>ἡρῤώστησας,</span> <span class='ocrx_word' id='word_1_60' title='bbox 1034 1327 1288 1398; x_wconf 75' lang='grc' dir='ltr'>καὶπρὸς</span> <span class='ocrx_word' id='word_1_61' title='bbox 1323 1327 1492 1392; x_wconf 86' lang='grc' dir='ltr'>αὑτάς</span> <span class='ocrx_word' id='word_1_62' title='bbox 1515 1325 1676 1399; x_wconf 78' lang='grc' dir='ltr'>ἦλθες</span> <span class='ocrx_word' id='word_1_63' title='bbox 1705 1329 1800 1383; x_wconf 91' lang='grc' dir='ltr'>τοῦ</span> <span class='ocrx_word' id='word_1_64' title='bbox 1831 1331 2056 1384; x_wconf 87' lang='grc' dir='ltr'>θανάτου</span> <span class='ocrx_word' id='word_1_65' title='bbox 2084 1330 2182 1391; x_wconf 86' lang='grc' dir='ltr'>τάς</span> 
     </span>
    </p>
   </div>
   <div class='ocr_carea' id='block_1_12' title="bbox 614 1420 2177 1494">
    <p class='ocr_par' dir='ltr' id='par_1_12' title="bbox 614 1420 2177 1494">
     <span class='ocr_line' id='line_1_12' title="bbox 614 1420 2177 1494; baseline 0 -20"><span class='ocrx_word' id='word_1_66' title='bbox 614 1421 816 1484; x_wconf 84' lang='grc' dir='ltr'>πύλας·</span> <span class='ocrx_word' id='word_1_67' title='bbox 861 1420 996 1475; x_wconf 88' lang='grc' dir='ltr'>ἀλλά</span> <span class='ocrx_word' id='word_1_68' title='bbox 1027 1425 1122 1474; x_wconf 59' lang='grc' dir='ltr'>κοί⁵</span> <span class='ocrx_word' id='word_1_69' title='bbox 1159 1421 1240 1474; x_wconf 81' lang='grc' dir='ltr'>ὅτι</span> <span class='ocrx_word' id='word_1_70' title='bbox 1286 1421 1592 1493; x_wconf 82' lang='grc' dir='ltr'>ἀνήνεγκας</span> <span class='ocrx_word' id='word_1_71' title='bbox 1619 1422 1684 1475; x_wconf 87' lang='grc' dir='ltr'>ἐκ</span> <span class='ocrx_word' id='word_1_72' title='bbox 1719 1422 1813 1491; x_wconf 82' lang='grc' dir='ltr'>τῆς</span> <span class='ocrx_word' id='word_1_73' title='bbox 1853 1422 2177 1494; x_wconf 75' lang='grc' dir='ltr'>ἀρρωστίας,</span> 
     </span>
    </p>
   </div>
   <div class='ocr_carea' id='block_1_13' title="bbox 612 1507 2181 1584">
    <p class='ocr_par' dir='ltr' id='par_1_13' title="bbox 612 1507 2181 1584">
     <span class='ocr_line' id='line_1_13' title="bbox 612 1507 2181 1584; baseline 0.001 -20"><span class='ocrx_word' id='word_1_74' title='bbox 612 1513 707 1564; x_wconf 80' lang='grc' dir='ltr'>καὶ</span> <span class='ocrx_word' id='word_1_75' title='bbox 749 1512 843 1564; x_wconf 91' lang='grc' dir='ltr'>τοῦ</span> <span class='ocrx_word' id='word_1_76' title='bbox 887 1507 1135 1566; x_wconf 78' lang='grc' dir='ltr'>κινδύνου</span> <span class='ocrx_word' id='word_1_77' title='bbox 1182 1511 1369 1566; x_wconf 78' lang='grc' dir='ltr'>λοιπὸν</span> <span class='ocrx_word' id='word_1_78' title='bbox 1416 1511 1788 1580; x_wconf 83' lang='grc' dir='ltr'>ἀπαλλαγεῖσα</span> <span class='ocrx_word' id='word_1_79' title='bbox 1821 1512 1957 1584; x_wconf 83' lang='grc' dir='ltr'>πρὸς</span> <span class='ocrx_word' id='word_1_80' title='bbox 1993 1514 2181 1582; x_wconf 82' lang='grc' dir='ltr'>ὑγείαν</span> 
     </span>
    </p>
   </div>
   <div class='ocr_carea' id='block_1_14' title="bbox 611 1601 2181 1677">
    <p class='ocr_par' dir='ltr' id='par_1_14' title="bbox 611 1601 2181 1677">
     <span class='ocr_line' id='line_1_14' title="bbox 611 1601 2181 1677; baseline -0.001 -19"><span class='ocrx_word' id='word_1_81' title='bbox 611 1604 834 1668; x_wconf 87' lang='grc' dir='ltr'>όδεύεις.</span> <span class='ocrx_word' id='word_1_82' title='bbox 871 1603 1014 1656; x_wconf 82' lang='grc' dir='ltr'>Ἀλλ’</span> <span class='ocrx_word' id='word_1_83' title='bbox 1046 1604 1107 1656; x_wconf 84' lang='grc' dir='ltr'>οὐ</span> <span class='ocrx_word' id='word_1_84' title='bbox 1143 1603 1294 1677; x_wconf 90' lang='grc' dir='ltr'>παρά</span> <span class='ocrx_word' id='word_1_85' title='bbox 1325 1602 1434 1657; x_wconf 91' lang='grc' dir='ltr'>τῶν</span> <span class='ocrx_word' id='word_1_86' title='bbox 1473 1601 1580 1655; x_wconf 88' lang='grc' dir='ltr'>σῶν</span> <span class='ocrx_word' id='word_1_87' title='bbox 1609 1603 1950 1673; x_wconf 83' lang='grc' dir='ltr'>γραμμάτων</span> <span class='ocrx_word' id='word_1_88' title='bbox 1977 1602 2181 1674; x_wconf 78' lang='grc' dir='ltr'>ἔμαθόν</span> 
     </span>
    </p>
   </div>
   <div class='ocr_carea' id='block_1_15' title="bbox 610 1693 2178 1765">
    <p class='ocr_par' dir='ltr' id='par_1_15' title="bbox 610 1693 2178 1765">
     <span class='ocr_line' id='line_1_15' title="bbox 610 1693 2178 1765; baseline -0.001 -16"><span class='ocrx_word' id='word_1_89' title='bbox 610 1714 665 1750; x_wconf 87' lang='grc' dir='ltr'>τι</span> <span class='ocrx_word' id='word_1_90' title='bbox 694 1695 920 1760; x_wconf 88' lang='grc' dir='ltr'>τούτων,</span> <span class='ocrx_word' id='word_1_91' title='bbox 970 1693 1050 1747; x_wconf 85' lang='grc' dir='ltr'>διδ</span> <span class='ocrx_word' id='word_1_92' title='bbox 1089 1694 1183 1747; x_wconf 80' lang='grc' dir='ltr'>καὶ</span> <span class='ocrx_word' id='word_1_93' title='bbox 1210 1693 1414 1765; x_wconf 85' lang='grc' dir='ltr'>σφόδρα</span> <span class='ocrx_word' id='word_1_94' title='bbox 1455 1693 1670 1765; x_wconf 76' lang='grc' dir='ltr'>ἡλγησα</span> <span class='ocrx_word' id='word_1_95' title='bbox 1694 1711 1706 1723; x_wconf 77' lang='grc' dir='ltr'><strong>ο</strong></span> <span class='ocrx_word' id='word_1_96' title='bbox 1738 1693 1854 1747; x_wconf 85' lang='grc' dir='ltr'>ἀλλ’</span> <span class='ocrx_word' id='word_1_97' title='bbox 1895 1694 2178 1765; x_wconf 80' lang='grc' dir='ltr'>ἑτέρωθεν,</span> 
     </span>
    </p>
   </div>
   <div class='ocr_carea' id='block_1_16' title="bbox 612 1782 2180 1855">
    <p class='ocr_par' dir='ltr' id='par_1_16' title="bbox 612 1782 2180 1855">
     <span class='ocr_line' id='line_1_16' title="bbox 612 1782 2180 1855; baseline -0.002 -16"><span class='ocrx_word' id='word_1_98' title='bbox 612 1785 704 1839; x_wconf 79' lang='grc' dir='ltr'>καὶ</span> <span class='ocrx_word' id='word_1_99' title='bbox 748 1785 880 1855; x_wconf 83' lang='grc' dir='ltr'>παρ’</span> <span class='ocrx_word' id='word_1_100' title='bbox 915 1783 1135 1854; x_wconf 85' lang='grc' dir='ltr'>ἐτέρων.</span> <span class='ocrx_word' id='word_1_101' title='bbox 1170 1782 1319 1853; x_wconf 77' lang='grc' dir='ltr'>Πλὴν</span> <span class='ocrx_word' id='word_1_102' title='bbox 1360 1783 1520 1854; x_wconf 88' lang='grc' dir='ltr'>ἀρκεῖ</span> <span class='ocrx_word' id='word_1_103' title='bbox 1548 1785 1627 1846; x_wconf 84' lang='grc' dir='ltr'>είς</span> <span class='ocrx_word' id='word_1_104' title='bbox 1661 1782 2012 1853; x_wconf 76' lang='grc' dir='ltr'>παραμυθίαν</span> <span class='ocrx_word' id='word_1_105' title='bbox 2049 1786 2180 1854; x_wconf 91' lang='grc' dir='ltr'>ήμῖν</span> 
     </span>
    </p>
   </div>
   <div class='ocr_carea' id='block_1_17' title="bbox 610 1871 2177 1944">
    <p class='ocr_par' dir='ltr' id='par_1_17' title="bbox 610 1871 2177 1944">
     <span class='ocr_line' id='line_1_17' title="bbox 610 1871 2177 1944; baseline 0.001 -17"><span class='ocrx_word' id='word_1_106' title='bbox 610 1875 671 1927; x_wconf 80' lang='grc' dir='ltr'>τὸ</span> <span class='ocrx_word' id='word_1_107' title='bbox 698 1874 796 1942; x_wconf 84' lang='grc' dir='ltr'>τῆς</span> <span class='ocrx_word' id='word_1_108' title='bbox 818 1873 1126 1944; x_wconf 78' lang='grc' dir='ltr'>ἀρρωστίας</span> <span class='ocrx_word' id='word_1_109' title='bbox 1158 1871 1503 1941; x_wconf 85' lang='grc' dir='ltr'>ἀπηλλάχθαι</span> <span class='ocrx_word' id='word_1_110' title='bbox 1539 1889 1631 1925; x_wconf 91' lang='grc' dir='ltr'>σου</span> <span class='ocrx_word' id='word_1_111' title='bbox 1654 1873 1751 1943; x_wconf 76' lang='grc' dir='ltr'>τὴν</span> <span class='ocrx_word' id='word_1_112' title='bbox 1781 1872 2084 1927; x_wconf 86' lang='grc' dir='ltr'>εὐλάϐειαν.</span> <span class='ocrx_word' id='word_1_113' title='bbox 2103 1872 2177 1928; x_wconf 80' lang='grc' dir='ltr'>Οὐ</span> 
     </span>
    </p>
   </div>
   <div class='ocr_carea' id='block_1_18' title="bbox 614 1964 2177 2037">
    <p class='ocr_par' dir='ltr' id='par_1_18' title="bbox 614 1964 2177 2037">
     <span class='ocr_line' id='line_1_18' title="bbox 614 1964 2177 2037; baseline 0.001 -20"><span class='ocrx_word' id='word_1_114' title='bbox 614 1966 739 2036; x_wconf 85' lang='grc' dir='ltr'>μὴν,</span> <span class='ocrx_word' id='word_1_115' title='bbox 775 1965 961 2036; x_wconf 80' lang='grc' dir='ltr'>ἐπειδὴ</span> <span class='ocrx_word' id='word_1_116' title='bbox 989 1966 1185 2036; x_wconf 86' lang='grc' dir='ltr'>ἀρκεῖ,</span> <span class='ocrx_word' id='word_1_117' title='bbox 1217 1965 1406 2037; x_wconf 82' lang='grc' dir='ltr'>πράως</span> <span class='ocrx_word' id='word_1_118' title='bbox 1435 1964 1672 2035; x_wconf 80' lang='grc' dir='ltr'>φέρομεν</span> <span class='ocrx_word' id='word_1_119' title='bbox 1705 1965 1805 2034; x_wconf 80' lang='grc' dir='ltr'>τὴν</span> <span class='ocrx_word' id='word_1_120' title='bbox 1840 1964 2055 2036; x_wconf 89' lang='grc' dir='ltr'>μακράν</span> <span class='ocrx_word' id='word_1_121' title='bbox 2086 1981 2177 2019; x_wconf 84' lang='grc' dir='ltr'>σου</span> 
     </span>
    </p>
   </div>
   <div class='ocr_carea' id='block_1_19' title="bbox 609 2055 2180 2128">
    <p class='ocr_par' dir='ltr' id='par_1_19' title="bbox 609 2055 2180 2128">
     <span class='ocr_line' id='line_1_19' title="bbox 609 2055 2180 2128; baseline 0.001 -19"><span class='ocrx_word' id='word_1_122' title='bbox 609 2057 812 2127; x_wconf 87' lang='grc' dir='ltr'>ταύτην</span> <span class='ocrx_word' id='word_1_123' title='bbox 851 2059 1031 2127; x_wconf 88' lang='grc' dir='ltr'>σιγήν.</span> <span class='ocrx_word' id='word_1_124' title='bbox 1075 2055 1438 2128; x_wconf 87' lang='grc' dir='ltr'>Ἐϐουλόμεθα</span> <span class='ocrx_word' id='word_1_125' title='bbox 1463 2055 1591 2127; x_wconf 78' lang='grc' dir='ltr'>γὰρ,</span> <span class='ocrx_word' id='word_1_126' title='bbox 1628 2056 1880 2127; x_wconf 89' lang='grc' dir='ltr'>καθάπερ</span> <span class='ocrx_word' id='word_1_127' title='bbox 1919 2057 2013 2110; x_wconf 73' lang='grc' dir='ltr'>καὶ</span> <span class='ocrx_word' id='word_1_128' title='bbox 2041 2057 2180 2128; x_wconf 79' lang='grc' dir='ltr'>αὐτὴ</span> 
     </span>
    </p>
   </div>
   <div class='ocr_carea' id='block_1_20' title="bbox 608 2142 2178 2216">
    <p class='ocr_par' dir='ltr' id='par_1_20' title="bbox 608 2142 2178 2216">
     <span class='ocr_line' id='line_1_20' title="bbox 608 2142 2178 2216; baseline 0 -18"><span class='ocrx_word' id='word_1_129' title='bbox 608 2142 786 2210; x_wconf 83' lang='grc' dir='ltr'>οῐσθα,</span> <span class='ocrx_word' id='word_1_130' title='bbox 814 2145 909 2197; x_wconf 72' lang='grc' dir='ltr'>καὶ</span> <span class='ocrx_word' id='word_1_131' title='bbox 937 2145 1391 2216; x_wconf 75' lang='grc' dir='ltr'>παραγενομένην</span> <span class='ocrx_word' id='word_1_132' title='bbox 1417 2144 1650 2198; x_wconf 75' lang='grc' dir='ltr'>ἰνταύθα</span> <span class='ocrx_word' id='word_1_133' title='bbox 1681 2144 1826 2198; x_wconf 86' lang='grc' dir='ltr'>ίδεῖν.</span> <span class='ocrx_word' id='word_1_134' title='bbox 1853 2146 1961 2198; x_wconf 75' lang='grc' dir='ltr'>Καὶ</span> <span class='ocrx_word' id='word_1_135' title='bbox 1989 2145 2097 2215; x_wconf 82' lang='grc' dir='ltr'>γάρ</span> <span class='ocrx_word' id='word_1_136' title='bbox 2129 2146 2178 2198; x_wconf 91' lang='grc' dir='ltr'>εί</span> 
     </span>
    </p>
   </div>
   <div class='ocr_carea' id='block_1_21' title="bbox 612 2231 2177 2310">
    <p class='ocr_par' dir='ltr' id='par_1_21' title="bbox 612 2231 2177 2310">
     <span class='ocr_line' id='line_1_21' title="bbox 612 2231 2177 2310; baseline -0.001 -19"><span class='ocrx_word' id='word_1_137' title='bbox 612 2239 687 2308; x_wconf 81' lang='grc' dir='ltr'>μὴ</span> <span class='ocrx_word' id='word_1_138' title='bbox 720 2237 1000 2310; x_wconf 80' lang='grc' dir='ltr'>ἀρρωστία</span> <span class='ocrx_word' id='word_1_139' title='bbox 1029 2237 1389 2307; x_wconf 87' lang='grc' dir='ltr'>παρενέπεσε,</span> <span class='ocrx_word' id='word_1_140' title='bbox 1412 2237 1475 2289; x_wconf 88' lang='grc' dir='ltr'>τὺ</span> <span class='ocrx_word' id='word_1_141' title='bbox 1498 2235 1704 2289; x_wconf 90' lang='grc' dir='ltr'>κωλύον</span> <span class='ocrx_word' id='word_1_142' title='bbox 1729 2236 1881 2289; x_wconf 77' lang='grc' dir='ltr'>οὐδὲν</span> <span class='ocrx_word' id='word_1_143' title='bbox 1907 2231 1998 2306; x_wconf 78' lang='grc' dir='ltr'>ἦν.</span> <span class='ocrx_word' id='word_1_144' title='bbox 2026 2237 2092 2290; x_wconf 84' lang='grc'>’⁷0</span> <span class='ocrx_word' id='word_1_145' title='bbox 2116 2253 2177 2290; x_wconf 88' lang='grc' dir='ltr'>τε</span> 
     </span>
    </p>
   </div>
   <div class='ocr_carea' id='block_1_22' title="bbox 608 2326 2178 2400">
    <p class='ocr_par' dir='ltr' id='par_1_22' title="bbox 608 2326 2178 2400">
     <span class='ocr_line' id='line_1_22' title="bbox 608 2326 2178 2400; baseline -0.001 -18"><span class='ocrx_word' id='word_1_146' title='bbox 608 2330 720 2400; x_wconf 93' lang='grc' dir='ltr'>γάρ</span> <span class='ocrx_word' id='word_1_147' title='bbox 757 2328 963 2399; x_wconf 85' lang='grc' dir='ltr'>χειμὼν</span> <span class='ocrx_word' id='word_1_148' title='bbox 997 2332 1025 2382; x_wconf 85' lang='grc' dir='ltr'>ὁ</span> <span class='ocrx_word' id='word_1_149' title='bbox 1057 2327 1291 2382; x_wconf 87' lang='grc' dir='ltr'>ἐνταῦθα</span> <span class='ocrx_word' id='word_1_150' title='bbox 1319 2327 1418 2399; x_wconf 82' lang='grc' dir='ltr'>ἐαρ</span> <span class='ocrx_word' id='word_1_151' title='bbox 1440 2326 1794 2400; x_wconf 87' lang='grc' dir='ltr'>ἡμερώτατον</span> <span class='ocrx_word' id='word_1_152' title='bbox 1826 2327 1963 2397; x_wconf 80' lang='grc' dir='ltr'>τέως</span> <span class='ocrx_word' id='word_1_153' title='bbox 1995 2330 2178 2399; x_wconf 86' lang='grc' dir='ltr'>μιμεῖ-</span> 
     </span>
    </p>
   </div>
   <div class='ocr_carea' id='block_1_23' title="bbox 606 2419 2176 2492">
    <p class='ocr_par' dir='ltr' id='par_1_23' title="bbox 606 2419 2176 2492">
     <span class='ocr_line' id='line_1_23' title="bbox 606 2419 2176 2492; baseline -0.003 -17"><span class='ocrx_word' id='word_1_154' title='bbox 606 2437 719 2485; x_wconf 85' lang='grc' dir='ltr'>ται,</span> <span class='ocrx_word' id='word_1_155' title='bbox 753 2420 861 2473; x_wconf 89' lang='grc' dir='ltr'>τῶν</span> <span class='ocrx_word' id='word_1_156' title='bbox 893 2438 952 2474; x_wconf 88' lang='grc' dir='ltr'>τε</span> <span class='ocrx_word' id='word_1_157' title='bbox 984 2421 1246 2488; x_wconf 90' lang='grc' dir='ltr'>Ἰσαύρων</span> <span class='ocrx_word' id='word_1_158' title='bbox 1273 2421 1306 2490; x_wconf 88' lang='grc' dir='ltr'>ή</span> <span class='ocrx_word' id='word_1_159' title='bbox 1344 2420 1602 2490; x_wconf 84' lang='grc' dir='ltr'>Ἀρμενία</span> <span class='ocrx_word' id='word_1_160' title='bbox 1631 2419 1996 2492; x_wconf 85' lang='grc' dir='ltr'>ἀπήλλακται.</span> <span class='ocrx_word' id='word_1_161' title='bbox 2039 2419 2176 2472; x_wconf 82' lang='grc' dir='ltr'>Ἀλλ’</span> 
     </span>
    </p>
   </div>
   <div class='ocr_carea' id='block_1_24' title="bbox 605 2509 2177 2583">
    <p class='ocr_par' dir='ltr' id='par_1_24' title="bbox 605 2509 2177 2583">
     <span class='ocr_line' id='line_1_24' title="bbox 605 2509 2177 2583; baseline -0.001 -18"><span class='ocrx_word' id='word_1_162' title='bbox 605 2513 757 2583; x_wconf 75' lang='grc' dir='ltr'>ὅμως</span> <span class='ocrx_word' id='word_1_163' title='bbox 786 2511 939 2565; x_wconf 82' lang='grc' dir='ltr'>οὐδὲν</span> <span class='ocrx_word' id='word_1_164' title='bbox 971 2511 1377 2581; x_wconf 76' lang='grc' dir='ltr'>ἀναγκάζομεν,</span> <span class='ocrx_word' id='word_1_165' title='bbox 1401 2511 1521 2564; x_wconf 73' lang='grc' dir='ltr'>οὐδὲ</span> <span class='ocrx_word' id='word_1_166' title='bbox 1558 2509 1862 2580; x_wconf 78' lang='grc' dir='ltr'>βιαζόμεθα</span> <span class='ocrx_word' id='word_1_167' title='bbox 1886 2510 1958 2581; x_wconf 84' lang='grc' dir='ltr'>μὴ</span> <span class='ocrx_word' id='word_1_168' title='bbox 1993 2510 2177 2580; x_wconf 76' lang='grc' dir='ltr'>βουλοο</span> 
     </span>
    </p>
   </div>
   <div class='ocr_carea' id='block_1_25' title="bbox 609 2595 2174 2673">
    <p class='ocr_par' dir='ltr' id='par_1_25' title="bbox 609 2595 2174 2673">
     <span class='ocr_line' id='line_1_25' title="bbox 609 2595 2174 2673; baseline -0.001 -18"><span class='ocrx_word' id='word_1_169' title='bbox 609 2603 780 2673; x_wconf 81' lang='grc' dir='ltr'>μένην</span> <span class='ocrx_word' id='word_1_170' title='bbox 803 2602 943 2672; x_wconf 78' lang='grc' dir='ltr'>ὑπὲρ</span> <span class='ocrx_word' id='word_1_171' title='bbox 976 2595 1074 2672; x_wconf 79' lang='grc' dir='ltr'>τῆς</span> <span class='ocrx_word' id='word_1_172' title='bbox 1095 2600 1329 2654; x_wconf 87' lang='grc' dir='ltr'>ἐνταῦθα</span> <span class='ocrx_word' id='word_1_173' title='bbox 1363 2600 1687 2671; x_wconf 86' lang='grc' dir='ltr'>παρουσίας.</span> <span class='ocrx_word' id='word_1_174' title='bbox 1721 2600 1861 2653; x_wconf 82' lang='grc' dir='ltr'>Ἀλλ’</span> <span class='ocrx_word' id='word_1_175' title='bbox 1891 2601 2027 2670; x_wconf 78' lang='grc' dir='ltr'>ὅπερ</span> <span class='ocrx_word' id='word_1_176' title='bbox 2051 2599 2174 2654; x_wconf 82' lang='grc' dir='ltr'>οὐτε</span> 
     </span>
    </p>
   </div>
   <div class='ocr_carea' id='block_1_26' title="bbox 619 2686 2175 2759">
    <p class='ocr_par' dir='ltr' id='par_1_26' title="bbox 619 2686 2175 2759">
     <span class='ocr_line' id='line_1_26' title="bbox 619 2686 2175 2759; baseline 0.002 -18"><span class='ocrx_word' id='word_1_177' title='bbox 619 2688 876 2758; x_wconf 86' lang='grc' dir='ltr'>Ἰσαύρων</span> <span class='ocrx_word' id='word_1_178' title='bbox 906 2687 1088 2757; x_wconf 83' lang='grc' dir='ltr'>φόϐος,</span> <span class='ocrx_word' id='word_1_179' title='bbox 1113 2686 1237 2741; x_wconf 78' lang='grc' dir='ltr'>οὐτε</span> <span class='ocrx_word' id='word_1_180' title='bbox 1271 2687 1538 2758; x_wconf 84' lang='grc' dir='ltr'>χειμῶνος</span> <span class='ocrx_word' id='word_1_181' title='bbox 1562 2688 1880 2759; x_wconf 82' lang='grc' dir='ltr'>σφοδρότης,</span> <span class='ocrx_word' id='word_1_182' title='bbox 1905 2688 2027 2743; x_wconf 85' lang='grc' dir='ltr'>οῦτε</span> <span class='ocrx_word' id='word_1_183' title='bbox 2054 2690 2175 2744; x_wconf 85' lang='grc' dir='ltr'>ὁδοῦ</span> 
     </span>
    </p>
   </div>
   <div class='ocr_carea' id='block_1_27' title="bbox 605 2777 2177 2850">
    <p class='ocr_par' dir='ltr' id='par_1_27' title="bbox 605 2777 2177 2850">
     <span class='ocr_line' id='line_1_27' title="bbox 605 2777 2177 2850; baseline 0.002 -18"><span class='ocrx_word' id='word_1_184' title='bbox 605 2779 972 2849; x_wconf 87' lang='grc' dir='ltr'>ταλαιπωρία,</span> <span class='ocrx_word' id='word_1_185' title='bbox 991 2777 1102 2832; x_wconf 81' lang='grc' dir='ltr'>οὐτ’</span> <span class='ocrx_word' id='word_1_186' title='bbox 1128 2777 1260 2833; x_wconf 87' lang='grc' dir='ltr'>ἀλλο</span> <span class='ocrx_word' id='word_1_187' title='bbox 1285 2778 1434 2831; x_wconf 81' lang='grc' dir='ltr'>οὐδὲν</span> <span class='ocrx_word' id='word_1_188' title='bbox 1455 2778 1648 2832; x_wconf 84' lang='grc' dir='ltr'>κωλύει</span> <span class='ocrx_word' id='word_1_189' title='bbox 1667 2791 1716 2844; x_wconf 75' lang='grc' dir='ltr'>ι,</span> <span class='ocrx_word' id='word_1_190' title='bbox 1740 2779 1898 2833; x_wconf 91' lang='grc' dir='ltr'>τοῦτο</span> <span class='ocrx_word' id='word_1_191' title='bbox 1919 2781 2177 2850; x_wconf 75' lang='grc' dir='ltr'>αἰτοῦμεν</span> 
     </span>
    </p>
   </div>
   <div class='ocr_carea' id='block_1_28' title="bbox 605 2869 2176 2943">
    <p class='ocr_par' dir='ltr' id='par_1_28' title="bbox 605 2869 2176 2943">
     <span class='ocr_line' id='line_1_28' title="bbox 605 2869 2176 2943; baseline 0 -19"><span class='ocrx_word' id='word_1_192' title='bbox 605 2872 843 2940; x_wconf 87' lang='grc' dir='ltr'>συνεχῶς</span> <span class='ocrx_word' id='word_1_193' title='bbox 873 2872 1004 2940; x_wconf 83' lang='grc' dir='ltr'>ἡμῖν</span> <span class='ocrx_word' id='word_1_194' title='bbox 1040 2871 1306 2940; x_wconf 80' lang='grc' dir='ltr'>ὑπάρχειν</span> <span class='ocrx_word' id='word_1_195' title='bbox 1344 2869 1416 2923; x_wconf 91' lang='grc' dir='ltr'>τά</span> <span class='ocrx_word' id='word_1_196' title='bbox 1467 2871 1795 2941; x_wconf 86' lang='grc' dir='ltr'>γράμματα,</span> <span class='ocrx_word' id='word_1_197' title='bbox 1823 2870 1894 2924; x_wconf 82' lang='grc' dir='ltr'>τά</span> <span class='ocrx_word' id='word_1_198' title='bbox 1917 2871 2015 2942; x_wconf 84' lang='grc' dir='ltr'>τῆς</span> <span class='ocrx_word' id='word_1_199' title='bbox 2048 2871 2176 2943; x_wconf 79' lang='lat' dir='ltr'>Osp-</span> 
     </span>
    </p>
   </div>
   <div class='ocr_carea' id='block_1_29' title="bbox 607 2956 2176 3030">
    <p class='ocr_par' dir='ltr' id='par_1_29' title="bbox 607 2956 2176 3030">
     <span class='ocr_line' id='line_1_29' title="bbox 607 2956 2176 3030; baseline -0.008 -17"><span class='ocrx_word' id='word_1_200' title='bbox 607 2961 714 3030; x_wconf 83' lang='grc' dir='ltr'>μῆς</span> <span class='ocrx_word' id='word_1_201' title='bbox 749 2977 840 3011; x_wconf 85' lang='grc' dir='ltr'>σου</span> <span class='ocrx_word' id='word_1_202' title='bbox 890 2960 984 3012; x_wconf 77' lang='grc' dir='ltr'>καὶ</span> <span class='ocrx_word' id='word_1_203' title='bbox 1029 2959 1258 3029; x_wconf 87' lang='grc' dir='ltr'>γνησίας</span> <span class='ocrx_word' id='word_1_204' title='bbox 1302 2956 1617 3021; x_wconf 84' lang='grc' dir='ltr'>διαθέσεως.</span> <span class='ocrx_word' id='word_1_205' title='bbox 1669 2959 1772 3011; x_wconf 87' lang='grc' dir='ltr'>Ἦν</span> <span class='ocrx_word' id='word_1_206' title='bbox 1808 2959 1918 3028; x_wconf 80' lang='grc' dir='ltr'>γὰρ</span> <span class='ocrx_word' id='word_1_207' title='bbox 1972 2957 2176 3010; x_wconf 77' lang='grc' dir='ltr'>τούτων</span> 
     </span>
    </p>
   </div>
   <div class='ocr_carea' id='block_1_30' title="bbox 603 3050 2174 3122">
    <p class='ocr_par' dir='ltr' id='par_1_30' title="bbox 603 3050 2174 3122">
     <span class='ocr_line' id='line_1_30' title="bbox 603 3050 2174 3122; baseline 0.002 -19"><span class='ocrx_word' id='word_1_208' title='bbox 603 3050 968 3120; x_wconf 86' lang='grc' dir='ltr'>ἀπολαύωμεν</span> <span class='ocrx_word' id='word_1_209' title='bbox 1006 3050 1268 3120; x_wconf 90' lang='grc' dir='ltr'>συνεχῶς,</span> <span class='ocrx_word' id='word_1_210' title='bbox 1300 3051 1752 3120; x_wconf 82' lang='grc' dir='ltr'>ἀπαγγελλόντων</span> <span class='ocrx_word' id='word_1_211' title='bbox 1783 3051 1913 3122; x_wconf 86' lang='grc' dir='ltr'>ἡμῖν</span> <span class='ocrx_word' id='word_1_212' title='bbox 1939 3050 2008 3103; x_wconf 87' lang='grc' dir='ltr'>τά</span> <span class='ocrx_word' id='word_1_213' title='bbox 2045 3053 2174 3122; x_wconf 73' lang='grc' dir='ltr'>περὶ</span> 
     </span>
    </p>
   </div>
   <div class='ocr_carea' id='block_1_31' title="bbox 604 3141 2173 3214">
    <p class='ocr_par' dir='ltr' id='par_1_31' title="bbox 604 3141 2173 3214">
     <span class='ocr_line' id='line_1_31' title="bbox 604 3141 2173 3214; baseline 0.002 -21"><span class='ocrx_word' id='word_1_214' title='bbox 604 3143 704 3212; x_wconf 84' lang='grc' dir='ltr'>τῆς</span> <span class='ocrx_word' id='word_1_215' title='bbox 738 3142 946 3210; x_wconf 80' lang='grc' dir='ltr'>ὑγιείας</span> <span class='ocrx_word' id='word_1_216' title='bbox 980 3143 1074 3196; x_wconf 78' lang='grc' dir='ltr'>καὶ</span> <span class='ocrx_word' id='word_1_217' title='bbox 1107 3141 1371 3213; x_wconf 84' lang='grc' dir='ltr'>εὐθυμίας</span> <span class='ocrx_word' id='word_1_218' title='bbox 1403 3144 1500 3214; x_wconf 79' lang='grc' dir='ltr'>τῆς</span> <span class='ocrx_word' id='word_1_219' title='bbox 1537 3143 1654 3213; x_wconf 84' lang='grc' dir='ltr'>σῆς,</span> <span class='ocrx_word' id='word_1_220' title='bbox 1683 3142 1746 3195; x_wconf 92' lang='grc' dir='ltr'>οὐ</span> <span class='ocrx_word' id='word_1_221' title='bbox 1779 3143 1878 3212; x_wconf 80' lang='grc' dir='ltr'>τὴν</span> <span class='ocrx_word' id='word_1_222' title='bbox 1906 3143 2173 3211; x_wconf 81' lang='grc' dir='ltr'>τυχοῦσαν</span> 
     </span>
    </p>
   </div>
   <div class='ocr_carea' id='block_1_32' title="bbox 604 3233 2175 3305">
    <p class='ocr_par' dir='ltr' id='par_1_32' title="bbox 604 3233 2175 3305">
     <span class='ocr_line' id='line_1_32' title="bbox 604 3233 2175 3305; baseline 0 -18"><span class='ocrx_word' id='word_1_223' title='bbox 604 3233 696 3287; x_wconf 83' lang='grc' dir='ltr'>καί</span> <span class='ocrx_word' id='word_1_224' title='bbox 723 3233 972 3286; x_wconf 83' lang='grc' dir='ltr'>ἐντεῦθεν</span> <span class='ocrx_word' id='word_1_225' title='bbox 1016 3233 1423 3304; x_wconf 89' lang='grc' dir='ltr'>καρπωσόμεθα</span> <span class='ocrx_word' id='word_1_226' title='bbox 1462 3233 1835 3305; x_wconf 83' lang='grc' dir='ltr'>παραμυθίαν.</span> <span class='ocrx_word' id='word_1_227' title='bbox 1889 3235 2175 3288; x_wconf 88' lang='grc' dir='ltr'>Ἐννοοῦσα</span> 
     </span>
    </p>
   </div>
   <div class='ocr_carea' id='block_1_33' title="bbox 603 3325 2175 3398">
    <p class='ocr_par' dir='ltr' id='par_1_33' title="bbox 603 3325 2175 3398">
     <span class='ocr_line' id='line_1_33' title="bbox 603 3325 2175 3398; baseline 0.003 -20"><span class='ocrx_word' id='word_1_228' title='bbox 603 3325 784 3378; x_wconf 85' lang='grc' dir='ltr'>τοίνυν</span> <span class='ocrx_word' id='word_1_229' title='bbox 818 3325 1016 3396; x_wconf 78' lang='grc' dir='ltr'>ἡλίκην</span> <span class='ocrx_word' id='word_1_230' title='bbox 1051 3327 1182 3396; x_wconf 88' lang='grc' dir='ltr'>ἡμῖν</span> <span class='ocrx_word' id='word_1_231' title='bbox 1211 3329 1375 3398; x_wconf 76' lang='grc' dir='ltr'>χαριῇ</span> <span class='ocrx_word' id='word_1_232' title='bbox 1408 3328 1588 3398; x_wconf 68' lang='grc' dir='ltr'>χάριν,</span> <span class='ocrx_word' id='word_1_233' title='bbox 1628 3328 1702 3398; x_wconf 86' lang='grc' dir='ltr'>μὴ</span> <span class='ocrx_word' id='word_1_234' title='bbox 1729 3327 1981 3382; x_wconf 87' lang='grc' dir='ltr'>κατόκνει</span> <span class='ocrx_word' id='word_1_235' title='bbox 2016 3328 2175 3382; x_wconf 90' lang='grc' dir='ltr'>τοῦτο</span> 
     </span>
    </p>
   </div>
   <div class='ocr_carea' id='block_1_34' title="bbox 605 3414 2171 3488">
    <p class='ocr_par' dir='ltr' id='par_1_34' title="bbox 605 3414 2171 3488">
     <span class='ocr_line' id='line_1_34' title="bbox 605 3414 2171 3488; baseline 0.001 -18"><span class='ocrx_word' id='word_1_236' title='bbox 605 3420 795 3471; x_wconf 85' lang='grc' dir='ltr'>ποιεῖν.</span> <span class='ocrx_word' id='word_1_237' title='bbox 819 3414 988 3470; x_wconf 83' lang='grc' dir='ltr'>Οἶσθα</span> <span class='ocrx_word' id='word_1_238' title='bbox 1027 3415 1137 3488; x_wconf 91' lang='grc' dir='ltr'>γάρ</span> <span class='ocrx_word' id='word_1_239' title='bbox 1173 3418 1320 3481; x_wconf 82' lang='grc' dir='ltr'>ὅπως</span> <span class='ocrx_word' id='word_1_240' title='bbox 1363 3418 1701 3488; x_wconf 88' lang='grc' dir='ltr'>ἀντεχόμεθά</span> <span class='ocrx_word' id='word_1_241' title='bbox 1743 3435 1839 3471; x_wconf 92' lang='grc' dir='ltr'>σου</span> <span class='ocrx_word' id='word_1_242' title='bbox 1875 3419 1975 3488; x_wconf 81' lang='grc' dir='ltr'>τῆς</span> <span class='ocrx_word' id='word_1_243' title='bbox 2013 3419 2171 3487; x_wconf 84' lang='grc' dir='ltr'>εὐγε-</span> 
     </span>
    </p>
   </div>
   <div class='ocr_carea' id='block_1_35' title="bbox 607 3507 2175 3580">
    <p class='ocr_par' dir='ltr' id='par_1_35' title="bbox 607 3507 2175 3580">
     <span class='ocr_line' id='line_1_35' title="bbox 607 3507 2175 3580; baseline 0.002 -21"><span class='ocrx_word' id='word_1_244' title='bbox 607 3508 774 3572; x_wconf 84' lang='grc' dir='ltr'>νείας,</span> <span class='ocrx_word' id='word_1_245' title='bbox 806 3507 899 3561; x_wconf 75' lang='grc' dir='ltr'>καὶ</span> <span class='ocrx_word' id='word_1_246' title='bbox 936 3509 1070 3578; x_wconf 79' lang='grc' dir='ltr'>ὅσην</span> <span class='ocrx_word' id='word_1_247' title='bbox 1095 3507 1182 3561; x_wconf 79' lang='grc' dir='ltr'>ἀεὶ</span> <span class='ocrx_word' id='word_1_248' title='bbox 1209 3509 1337 3580; x_wconf 74' lang='grc' dir='ltr'>περὶ</span> <span class='ocrx_word' id='word_1_249' title='bbox 1367 3507 1465 3580; x_wconf 83' lang='grc' dir='ltr'>τὴν</span> <span class='ocrx_word' id='word_1_250' title='bbox 1495 3509 1596 3579; x_wconf 81' lang='grc' dir='ltr'>σὴν</span> <span class='ocrx_word' id='word_1_251' title='bbox 1629 3508 1927 3579; x_wconf 86' lang='grc' dir='ltr'>ἐμμέλειαν</span> <span class='ocrx_word' id='word_1_252' title='bbox 1966 3509 2175 3563; x_wconf 84' lang='grc' dir='ltr'>ἐπεδει-</span> 
     </span>
    </p>
   </div>
   <div class='ocr_carea' id='block_1_36' title="bbox 606 3598 1209 3670">
    <p class='ocr_par' dir='ltr' id='par_1_36' title="bbox 606 3598 1209 3670">
     <span class='ocr_line' id='line_1_36' title="bbox 606 3598 1209 3670; baseline 0 -18"><span class='ocrx_word' id='word_1_253' title='bbox 606 3598 816 3670; x_wconf 79' lang='grc' dir='ltr'>ξάμεθα</span> <span class='ocrx_word' id='word_1_254' title='bbox 844 3599 941 3668; x_wconf 79' lang='grc' dir='ltr'>τὴν</span> <span class='ocrx_word' id='word_1_255' title='bbox 969 3599 1209 3669; x_wconf 79' lang='grc' dir='ltr'>ἀγάπην.</span> 
     </span>
    </p>
   </div>
   <div class='ocr_carea' id='block_1_37' title="bbox 952 3726 1819 3795">
    <p class='ocr_par' dir='ltr' id='par_1_37' title="bbox 952 3726 1819 3795">
     <span class='ocr_line' id='line_1_37' title="bbox 952 3726 1819 3795; baseline 0 -15"><span class='ocrx_word' id='word_1_256' title='bbox 952 3729 1086 3780; x_wconf 76' lang='grc' dir='ltr'>ΝΓν.</span> <span class='ocrx_word' id='word_1_257' title='bbox 1125 3726 1397 3793; x_wconf 71' lang='grc' dir='ltr'>Νικολάῳ</span> <span class='ocrx_word' id='word_1_258' title='bbox 1423 3727 1819 3795; x_wconf 61' lang='grc' dir='ltr'>πρεσϐυτέρως</span> 
     </span>
    </p>
   </div>
   <div class='ocr_carea' id='block_1_38' title="bbox 587 3857 2172 3930">
    <p class='ocr_par' dir='ltr' id='par_1_38' title="bbox 587 3857 2172 3930">
     <span class='ocr_line' id='line_1_38' title="bbox 587 3857 2172 3930; baseline -0.003 -15"><span class='ocrx_word' id='word_1_259' title='bbox 587 3913 592 3916; x_wconf 85' lang='grc'>,</span> <span class='ocrx_word' id='word_1_260' title='bbox 675 3860 885 3930; x_wconf 75' lang='grc' dir='ltr'>Σφόδρα</span> <span class='ocrx_word' id='word_1_261' title='bbox 903 3860 1051 3929; x_wconf 82' lang='grc' dir='ltr'>ἡμᾶς</span> <span class='ocrx_word' id='word_1_262' title='bbox 1083 3858 1490 3929; x_wconf 87' lang='grc' dir='ltr'>ἀνεπτέρωσας,</span> <span class='ocrx_word' id='word_1_263' title='bbox 1516 3859 1609 3912; x_wconf 78' lang='grc' dir='ltr'>καὶ</span> <span class='ocrx_word' id='word_1_264' title='bbox 1639 3857 1838 3929; x_wconf 82' lang='grc' dir='ltr'>πολλῆς</span> <span class='ocrx_word' id='word_1_265' title='bbox 1873 3857 2172 3929; x_wconf 77' lang='grc' dir='ltr'>ἐνέπλησας</span> 
     </span>
    </p>
   </div>
   <div class='ocr_carea' id='block_1_39' title="bbox 604 3947 2174 4019">
    <p class='ocr_par' dir='ltr' id='par_1_39' title="bbox 604 3947 2174 4019">
     <span class='ocr_line' id='line_1_39' title="bbox 604 3947 2174 4019; baseline -0.001 -17"><span class='ocrx_word' id='word_1_266' title='bbox 604 3950 703 4019; x_wconf 79' lang='grc' dir='ltr'>τῆς</span> <span class='ocrx_word' id='word_1_267' title='bbox 732 3949 942 4018; x_wconf 79' lang='grc' dir='ltr'>ἡδονῆς,</span> <span class='ocrx_word' id='word_1_268' title='bbox 971 3947 1215 4018; x_wconf 78' lang='grc' dir='ltr'>δηλώσας</span> <span class='ocrx_word' id='word_1_269' title='bbox 1254 3949 1334 4000; x_wconf 84' lang='grc' dir='ltr'>ὃτι</span> <span class='ocrx_word' id='word_1_270' title='bbox 1367 3965 1450 4001; x_wconf 89' lang='grc' dir='ltr'>σοι</span> <span class='ocrx_word' id='word_1_271' title='bbox 1481 3947 1647 4016; x_wconf 84' lang='grc' dir='ltr'>πολλὴ</span> <span class='ocrx_word' id='word_1_272' title='bbox 1681 3948 1902 4018; x_wconf 69' lang='grc' dir='ltr'>φροντὶς</span> <span class='ocrx_word' id='word_1_273' title='bbox 1935 3948 2032 4017; x_wconf 87' lang='grc' dir='ltr'>τῆς</span> <span class='ocrx_word' id='word_1_274' title='bbox 2052 3949 2174 4001; x_wconf 83' lang='grc' dir='ltr'>Φοι-</span> 
     </span>
    </p>
   </div>
   <div class='ocr_carea' id='block_1_40' title="bbox 604 4037 2170 4110">
    <p class='ocr_par' dir='ltr' id='par_1_40' title="bbox 604 4037 2170 4110">
     <span class='ocr_line' id='line_1_40' title="bbox 604 4037 2170 4110; baseline -0.003 -17"><span class='ocrx_word' id='word_1_275' title='bbox 604 4042 762 4110; x_wconf 80' lang='grc' dir='ltr'>νίκης</span> <span class='ocrx_word' id='word_1_276' title='bbox 789 4039 926 4104; x_wconf 73' lang='grc' dir='ltr'>ὲστὶ,</span> <span class='ocrx_word' id='word_1_277' title='bbox 948 4039 1042 4092; x_wconf 83' lang='grc' dir='ltr'>καὶ</span> <span class='ocrx_word' id='word_1_278' title='bbox 1070 4040 1135 4092; x_wconf 82' lang='grc' dir='ltr'>ἐκ</span> <span class='ocrx_word' id='word_1_279' title='bbox 1166 4037 1422 4092; x_wconf 91' lang='grc' dir='ltr'>τοσούτου</span> <span class='ocrx_word' id='word_1_280' title='bbox 1451 4037 1757 4107; x_wconf 79' lang='grc' dir='ltr'>καθήμενος</span> <span class='ocrx_word' id='word_1_281' title='bbox 1784 4037 2170 4106; x_wconf 86' lang='grc' dir='ltr'>διαστήματος,</span> 
     </span>
    </p>
   </div>
   <div class='ocr_carea' id='block_1_41' title="bbox 603 4125 2172 4200">
    <p class='ocr_par' dir='ltr' id='par_1_41' title="bbox 603 4125 2172 4200">
     <span class='ocr_line' id='line_1_41' title="bbox 603 4125 2172 4200; baseline -0.003 -17"><span class='ocrx_word' id='word_1_282' title='bbox 603 4131 692 4183; x_wconf 89' lang='grc' dir='ltr'>διά</span> <span class='ocrx_word' id='word_1_283' title='bbox 724 4130 1071 4200; x_wconf 88' lang='grc' dir='ltr'>γραμμάτων</span> <span class='ocrx_word' id='word_1_284' title='bbox 1111 4129 1352 4197; x_wconf 82' lang='grc' dir='ltr'>ἀλείφεις</span> <span class='ocrx_word' id='word_1_285' title='bbox 1394 4129 1522 4192; x_wconf 83' lang='grc' dir='ltr'>τοὺς</span> <span class='ocrx_word' id='word_1_286' title='bbox 1552 4127 1777 4190; x_wconf 84' lang='grc' dir='ltr'>αὐτόθι,</span> <span class='ocrx_word' id='word_1_287' title='bbox 1825 4125 1985 4196; x_wconf 82' lang='grc' dir='ltr'>ζῆλον</span> <span class='ocrx_word' id='word_1_288' title='bbox 2024 4125 2172 4198; x_wconf 71' lang='grc'>[622]</span> 
     </span>
    </p>
   </div>
   <div class='ocr_carea' id='block_1_42' title="bbox 605 4217 2176 4293">
    <p class='ocr_par' dir='ltr' id='par_1_42' title="bbox 605 4217 2176 4293">
     <span class='ocr_line' id='line_1_42' title="bbox 605 4217 2176 4293; baseline -0.003 -19"><span class='ocrx_word' id='word_1_289' title='bbox 605 4221 827 4293; x_wconf 82' lang='grc' dir='ltr'>πληρῶν</span> <span class='ocrx_word' id='word_1_290' title='bbox 860 4219 1237 4274; x_wconf 91' lang='grc' dir='ltr'>ἀποστολικόν.</span> <span class='ocrx_word' id='word_1_291' title='bbox 1268 4221 1365 4272; x_wconf 81' lang='grc' dir='ltr'>Διά</span> <span class='ocrx_word' id='word_1_292' title='bbox 1387 4220 1563 4274; x_wconf 88' lang='grc' dir='ltr'>ταῦτά</span> <span class='ocrx_word' id='word_1_293' title='bbox 1589 4236 1648 4271; x_wconf 88' lang='grc' dir='ltr'>σε</span> <span class='ocrx_word' id='word_1_294' title='bbox 1682 4217 2052 4289; x_wconf 82' lang='grc' dir='ltr'>θαυμάζοντες</span> <span class='ocrx_word' id='word_1_295' title='bbox 2081 4219 2176 4270; x_wconf 76' lang='grc' dir='ltr'>καὶ</span> 
     </span>
    </p>
   </div>
   <div class='ocr_carea' id='block_1_43' title="bbox 609 4312 2174 4384">
    <p class='ocr_par' dir='ltr' id='par_1_43' title="bbox 609 4312 2174 4384">
     <span class='ocr_line' id='line_1_43' title="bbox 609 4312 2174 4384; baseline -0.001 -18"><span class='ocrx_word' id='word_1_296' title='bbox 609 4315 1008 4384; x_wconf 81' lang='grc' dir='ltr'>μακαρίζοντες</span> <span class='ocrx_word' id='word_1_297' title='bbox 1050 4314 1112 4367; x_wconf 91' lang='grc' dir='ltr'>οὐ</span> <span class='ocrx_word' id='word_1_298' title='bbox 1152 4312 1606 4384; x_wconf 89' lang='grc' dir='ltr'>διαλιμπάνομεν,</span> <span class='ocrx_word' id='word_1_299' title='bbox 1652 4313 1734 4366; x_wconf 83' lang='grc' dir='ltr'>ὅτι</span> <span class='ocrx_word' id='word_1_300' title='bbox 1781 4313 1872 4366; x_wconf 70' lang='grc' dir='ltr'>καὶ</span> <span class='ocrx_word' id='word_1_301' title='bbox 1913 4313 2174 4382; x_wconf 83' lang='grc' dir='ltr'>πρότερον</span> 
     </span>
    </p>
   </div>
   <div class='ocr_carea' id='block_1_44' title="bbox 603 4403 2173 4475">
    <p class='ocr_par' dir='ltr' id='par_1_44' title="bbox 603 4403 2173 4475">
     <span class='ocr_line' id='line_1_44' title="bbox 603 4403 2173 4475; baseline -0.001 -16"><span class='ocrx_word' id='word_1_302' title='bbox 603 4408 732 4468; x_wconf 85' lang='grc' dir='ltr'>τοὺς</span> <span class='ocrx_word' id='word_1_303' title='bbox 766 4407 1031 4475; x_wconf 84' lang='grc' dir='ltr'>μοναχοὺς</span> <span class='ocrx_word' id='word_1_304' title='bbox 1063 4404 1335 4474; x_wconf 74' lang='grc' dir='ltr'>ἔπεμψας,</span> <span class='ocrx_word' id='word_1_305' title='bbox 1371 4406 1464 4458; x_wconf 70' lang='grc' dir='ltr'>καὶ</span> <span class='ocrx_word' id='word_1_306' title='bbox 1487 4405 1568 4457; x_wconf 81' lang='grc' dir='ltr'>ὅτι</span> <span class='ocrx_word' id='word_1_307' title='bbox 1598 4403 1714 4467; x_wconf 86' lang='grc' dir='ltr'>νῦν,</span> <span class='ocrx_word' id='word_1_308' title='bbox 1745 4405 1802 4457; x_wconf 92' lang='grc' dir='ltr'>ἐν</span> <span class='ocrx_word' id='word_1_309' title='bbox 1832 4405 2173 4475; x_wconf 87' lang='grc' dir='ltr'>πραγμάτων</span> 
     </span>
    </p>
   </div>
   <div class='ocr_carea' id='block_1_45' title="bbox 603 4495 2170 4567">
    <p class='ocr_par' dir='ltr' id='par_1_45' title="bbox 603 4495 2170 4567">
     <span class='ocr_line' id='line_1_45' title="bbox 603 4495 2170 4567; baseline -0.001 -17"><span class='ocrx_word' id='word_1_310' title='bbox 603 4497 866 4567; x_wconf 77' lang='grc' dir='ltr'>δυσκολία</span> <span class='ocrx_word' id='word_1_311' title='bbox 898 4495 1159 4566; x_wconf 82' lang='grc' dir='ltr'>τοσαύτῃ,</span> <span class='ocrx_word' id='word_1_312' title='bbox 1185 4496 1247 4548; x_wconf 92' lang='grc' dir='ltr'>οὐ</span> <span class='ocrx_word' id='word_1_313' title='bbox 1289 4496 1448 4566; x_wconf 87' lang='grc' dir='ltr'>μόνον</span> <span class='ocrx_word' id='word_1_314' title='bbox 1490 4497 1684 4559; x_wconf 87' lang='grc' dir='ltr'>αὐτοὺς</span> <span class='ocrx_word' id='word_1_315' title='bbox 1727 4497 1828 4549; x_wconf 81' lang='grc' dir='ltr'>οὐκ</span> <span class='ocrx_word' id='word_1_316' title='bbox 1863 4497 2170 4567; x_wconf 86' lang='grc' dir='ltr'>ἀπήγαγες,</span> 
     </span>
    </p>
   </div>
   <div class='ocr_carea' id='block_1_46' title="bbox 604 4587 2174 4664">
    <p class='ocr_par' dir='ltr' id='par_1_46' title="bbox 604 4587 2174 4664">
     <span class='ocr_line' id='line_1_46' title="bbox 604 4587 2174 4664; baseline 0 -22"><span class='ocrx_word' id='word_1_317' title='bbox 604 4590 741 4642; x_wconf 89' lang='grc' dir='ltr'>ἀλλά</span> <span class='ocrx_word' id='word_1_318' title='bbox 768 4589 861 4642; x_wconf 75' lang='grc' dir='ltr'>καὶ</span> <span class='ocrx_word' id='word_1_319' title='bbox 885 4589 1067 4659; x_wconf 88' lang='grc' dir='ltr'>μένειν</span> <span class='ocrx_word' id='word_1_320' title='bbox 1095 4589 1292 4650; x_wconf 82' lang='grc' dir='ltr'>αὐτοὺς</span> <span class='ocrx_word' id='word_1_321' title='bbox 1321 4587 1632 4653; x_wconf 81' lang='grc' dir='ltr'>ἐκέλευσας,</span> <span class='ocrx_word' id='word_1_322' title='bbox 1657 4589 1877 4659; x_wconf 80' lang='grc' dir='ltr'>ἀρίστου</span> <span class='ocrx_word' id='word_1_323' title='bbox 1908 4590 2174 4664; x_wconf 84' lang='grc' dir='ltr'>κυϐερνή-</span> 
     </span>
    </p>
   </div>
   <div class='ocr_carea' id='block_1_47' title="bbox 604 4679 2171 4753">
    <p class='ocr_par' dir='ltr' id='par_1_47' title="bbox 604 4679 2171 4753">
     <span class='ocr_line' id='line_1_47' title="bbox 604 4679 2171 4753; baseline 0.002 -21"><span class='ocrx_word' id='word_1_324' title='bbox 604 4697 700 4732; x_wconf 85' lang='grc' dir='ltr'>του</span> <span class='ocrx_word' id='word_1_325' title='bbox 735 4680 828 4732; x_wconf 76' lang='grc' dir='ltr'>καὶ</span> <span class='ocrx_word' id='word_1_326' title='bbox 883 4679 1069 4750; x_wconf 85' lang='grc' dir='ltr'>ἰατροῦ</span> <span class='ocrx_word' id='word_1_327' title='bbox 1117 4681 1365 4748; x_wconf 90' lang='grc' dir='ltr'>γενναίου</span> <span class='ocrx_word' id='word_1_328' title='bbox 1401 4682 1636 4750; x_wconf 81' lang='grc' dir='ltr'>πρᾶγμα</span> <span class='ocrx_word' id='word_1_329' title='bbox 1677 4681 1865 4735; x_wconf 87' lang='grc' dir='ltr'>ποιῶν.</span> <span class='ocrx_word' id='word_1_330' title='bbox 1909 4683 2017 4734; x_wconf 79' lang='grc' dir='ltr'>Καὶ</span> <span class='ocrx_word' id='word_1_331' title='bbox 2062 4683 2171 4753; x_wconf 91' lang='grc' dir='ltr'>γάρ</span> 
     </span>
    </p>
   </div>
   <div class='ocr_carea' id='block_1_48' title="bbox 607 4769 2169 4846">
    <p class='ocr_par' dir='ltr' id='par_1_48' title="bbox 607 4769 2169 4846">
     <span class='ocr_line' id='line_1_48' title="bbox 607 4769 2169 4846; baseline 0.001 -20"><span class='ocrx_word' id='word_1_332' title='bbox 607 4773 826 4827; x_wconf 88' lang='grc' dir='ltr'>ἐκείνων</span> <span class='ocrx_word' id='word_1_333' title='bbox 855 4771 1100 4837; x_wconf 76' lang='grc' dir='ltr'>ἕκαστος,</span> <span class='ocrx_word' id='word_1_334' title='bbox 1129 4775 1157 4826; x_wconf 86' lang='grc' dir='ltr'>ό</span> <span class='ocrx_word' id='word_1_335' title='bbox 1199 4773 1299 4844; x_wconf 85' lang='grc' dir='ltr'>μὲν</span> <span class='ocrx_word' id='word_1_336' title='bbox 1338 4774 1464 4826; x_wconf 83' lang='grc' dir='ltr'>ὅταν</span> <span class='ocrx_word' id='word_1_337' title='bbox 1490 4773 1572 4846; x_wconf 80' lang='grc' dir='ltr'>ίδῃ</span> <span class='ocrx_word' id='word_1_338' title='bbox 1613 4774 1682 4828; x_wconf 88' lang='grc' dir='ltr'>τά</span> <span class='ocrx_word' id='word_1_339' title='bbox 1711 4773 1928 4843; x_wconf 89' lang='grc' dir='ltr'>κύματα</span> <span class='ocrx_word' id='word_1_340' title='bbox 1959 4769 2169 4846; x_wconf 78' lang='grc' dir='ltr'>ἐγειρόο</span> 
     </span>
    </p>
   </div>
   <div class='ocr_carea' id='block_1_49' title="bbox 611 4864 2167 4937">
    <p class='ocr_par' dir='ltr' id='par_1_49' title="bbox 611 4864 2167 4937">
     <span class='ocr_line' id='line_1_49' title="bbox 611 4864 2167 4937; baseline 0.002 -19"><span class='ocrx_word' id='word_1_341' title='bbox 611 4882 767 4934; x_wconf 85' lang='grc' dir='ltr'>μενα,</span> <span class='ocrx_word' id='word_1_342' title='bbox 791 4867 912 4919; x_wconf 88' lang='grc' dir='ltr'>τότε</span> <span class='ocrx_word' id='word_1_343' title='bbox 940 4865 1135 4936; x_wconf 79' lang='grc' dir='ltr'>μᾶλλον</span> <span class='ocrx_word' id='word_1_344' title='bbox 1163 4864 1361 4936; x_wconf 84' lang='grc' dir='ltr'>πολλὴν</span> <span class='ocrx_word' id='word_1_345' title='bbox 1384 4865 1752 4919; x_wconf 88' lang='grc' dir='ltr'>ἐπιδείκνυται</span> <span class='ocrx_word' id='word_1_346' title='bbox 1772 4865 1870 4936; x_wconf 80' lang='grc' dir='ltr'>τὴν</span> <span class='ocrx_word' id='word_1_347' title='bbox 1901 4867 2131 4937; x_wconf 81' lang='grc' dir='ltr'>σπουδήν</span> <span class='ocrx_word' id='word_1_348' title='bbox 2154 4885 2167 4898; x_wconf 88' lang='grc'><strong>·</strong></span> 
     </span>
    </p>
   </div>
   <div class='ocr_carea' id='block_1_50' title="bbox 605 4956 2169 5028">
    <p class='ocr_par' dir='ltr' id='par_1_50' title="bbox 605 4956 2169 5028">
     <span class='ocr_line' id='line_1_50' title="bbox 605 4956 2169 5028; baseline 0.001 -18"><span class='ocrx_word' id='word_1_349' title='bbox 605 4960 634 5010; x_wconf 84' lang='grc' dir='ltr'>ό</span> <span class='ocrx_word' id='word_1_350' title='bbox 652 4957 707 5010; x_wconf 82' lang='grc' dir='ltr'>δέ</span> <span class='ocrx_word' id='word_1_351' title='bbox 728 4958 855 5009; x_wconf 83' lang='grc' dir='ltr'>ὅταν</span> <span class='ocrx_word' id='word_1_352' title='bbox 875 4957 965 5010; x_wconf 71' lang='grc' dir='ltr'>τὸν</span> <span class='ocrx_word' id='word_1_353' title='bbox 987 4956 1223 5028; x_wconf 85' lang='grc' dir='ltr'>πυρετὸν</span> <span class='ocrx_word' id='word_1_354' title='bbox 1251 4957 1342 5009; x_wconf 77' lang='grc' dir='ltr'>ἐπὶ</span> <span class='ocrx_word' id='word_1_355' title='bbox 1366 4957 1585 5027; x_wconf 88' lang='grc' dir='ltr'>μείζονα</span> <span class='ocrx_word' id='word_1_356' title='bbox 1609 4957 1782 5026; x_wconf 85' lang='grc' dir='ltr'>φλόγα</span> <span class='ocrx_word' id='word_1_357' title='bbox 1805 4958 2169 5028; x_wconf 88' lang='grc' dir='ltr'>διεγερθέντα,</span> 
     </span>
    </p>
   </div>
   <div class='ocr_carea' id='block_1_51' title="bbox 606 5047 2168 5119">
    <p class='ocr_par' dir='ltr' id='par_1_51' title="bbox 606 5047 2168 5119">
     <span class='ocr_line' id='line_1_51' title="bbox 606 5047 2168 5119; baseline 0.003 -20"><span class='ocrx_word' id='word_1_358' title='bbox 606 5047 727 5099; x_wconf 87' lang='grc' dir='ltr'>τότε</span> <span class='ocrx_word' id='word_1_359' title='bbox 772 5048 938 5118; x_wconf 82' lang='grc' dir='ltr'>πολλῇ</span> <span class='ocrx_word' id='word_1_360' title='bbox 985 5048 1250 5118; x_wconf 89' lang='grc' dir='ltr'>κέχρηται</span> <span class='ocrx_word' id='word_1_361' title='bbox 1297 5051 1362 5119; x_wconf 82' lang='grc' dir='ltr'>τῇ</span> <span class='ocrx_word' id='word_1_362' title='bbox 1407 5048 1601 5119; x_wconf 84' lang='grc' dir='ltr'>τέχνῃ·</span> <span class='ocrx_word' id='word_1_363' title='bbox 1635 5051 1727 5101; x_wconf 80' lang='grc' dir='ltr'>καὶ</span> <span class='ocrx_word' id='word_1_364' title='bbox 1755 5049 1917 5112; x_wconf 81' lang='grc' dir='ltr'>αὐτὸς</span> <span class='ocrx_word' id='word_1_365' title='bbox 1968 5050 2168 5118; x_wconf 87' lang='grc' dir='ltr'>τοίνυν,</span> 
     </span>
    </p>
   </div>
   <div class='ocr_carea' id='block_1_52' title="bbox 607 5138 2171 5212">
    <p class='ocr_par' dir='ltr' id='par_1_52' title="bbox 607 5138 2171 5212">
     <span class='ocr_line' id='line_1_52' title="bbox 607 5138 2171 5212; baseline 0.004 -22"><span class='ocrx_word' id='word_1_366' title='bbox 607 5139 762 5209; x_wconf 86' lang='grc' dir='ltr'>κύριέ</span> <span class='ocrx_word' id='word_1_367' title='bbox 815 5157 918 5209; x_wconf 77' lang='grc' dir='ltr'>μου</span> <span class='ocrx_word' id='word_1_368' title='bbox 964 5138 1259 5209; x_wconf 84' lang='grc' dir='ltr'>τιμιώτατε</span> <span class='ocrx_word' id='word_1_369' title='bbox 1307 5143 1399 5194; x_wconf 75' lang='grc' dir='ltr'>καὶ</span> <span class='ocrx_word' id='word_1_370' title='bbox 1445 5139 1844 5201; x_wconf 79' lang='grc' dir='ltr'>εὐλαϐέστατε,</span> <span class='ocrx_word' id='word_1_371' title='bbox 1888 5141 2012 5205; x_wconf 85' lang='grc' dir='ltr'>ἀξια</span> <span class='ocrx_word' id='word_1_372' title='bbox 2072 5143 2171 5212; x_wconf 80' lang='grc' dir='ltr'>τῆς</span> 
     </span>
    </p>
   </div>
   <div class='ocr_carea' id='block_1_53' title="bbox 608 5227 2171 5303">
    <p class='ocr_par' dir='ltr' id='par_1_53' title="bbox 608 5227 2171 5303">
     <span class='ocr_line' id='line_1_53' title="bbox 608 5227 2171 5303; baseline 0.004 -23"><span class='ocrx_word' id='word_1_373' title='bbox 608 5228 802 5282; x_wconf 88' lang='grc' dir='ltr'>σαυτοῦ</span> <span class='ocrx_word' id='word_1_374' title='bbox 844 5231 1148 5299; x_wconf 84' lang='grc' dir='ltr'>πεποίηκας</span> <span class='ocrx_word' id='word_1_375' title='bbox 1181 5230 1411 5303; x_wconf 74' lang='grc' dir='ltr'>ἀρετῆς,</span> <span class='ocrx_word' id='word_1_376' title='bbox 1455 5233 1542 5285; x_wconf 84' lang='grc' dir='ltr'>ὅτε</span> <span class='ocrx_word' id='word_1_377' title='bbox 1583 5230 1652 5284; x_wconf 85' lang='grc' dir='ltr'>τὰ</span> <span class='ocrx_word' id='word_1_378' title='bbox 1702 5234 2002 5303; x_wconf 86' lang='grc' dir='ltr'>πράγματα</span> <span class='ocrx_word' id='word_1_379' title='bbox 2034 5227 2171 5296; x_wconf 76' lang='grc' dir='ltr'>εἶδες</span> 
     </span>
    </p>
   </div>
   <div class='ocr_carea' id='block_1_54' title="bbox 608 5319 2174 5394">
    <p class='ocr_par' dir='ltr' id='par_1_54' title="bbox 608 5319 2174 5394">
     <span class='ocr_line' id='line_1_54' title="bbox 608 5319 2174 5394; baseline 0.003 -22"><span class='ocrx_word' id='word_1_380' title='bbox 608 5319 868 5372; x_wconf 84' lang='grc' dir='ltr'>νοσοῦντα</span> <span class='ocrx_word' id='word_1_381' title='bbox 902 5321 996 5374; x_wconf 75' lang='grc' dir='ltr'>καὶ</span> <span class='ocrx_word' id='word_1_382' title='bbox 1030 5319 1406 5386; x_wconf 82' lang='grc' dir='ltr'>στασιάζοντα,</span> <span class='ocrx_word' id='word_1_383' title='bbox 1438 5324 1556 5376; x_wconf 88' lang='grc' dir='ltr'>τότε</span> <span class='ocrx_word' id='word_1_384' title='bbox 1591 5325 1823 5394; x_wconf 76' lang='grc' dir='ltr'>μάλιστα</span> <span class='ocrx_word' id='word_1_385' title='bbox 1856 5321 2174 5392; x_wconf 76' lang='grc' dir='ltr'>ἐπιθέμενος</span> 
     </span>
    </p>
   </div>
   <div class='ocr_carea' id='block_1_55' title="bbox 607 5411 2170 5486">
    <p class='ocr_par' dir='ltr' id='par_1_55' title="bbox 607 5411 2170 5486">
     <span class='ocr_line' id='line_1_55' title="bbox 607 5411 2170 5486; baseline 0.003 -25"><span class='ocrx_word' id='word_1_386' title='bbox 607 5411 719 5473; x_wconf 86' lang='grc' dir='ltr'>τοῖς</span> <span class='ocrx_word' id='word_1_387' title='bbox 763 5413 940 5463; x_wconf 72' lang='grc' dir='ltr'>ἐκεῖσε</span> <span class='ocrx_word' id='word_1_388' title='bbox 989 5413 1388 5484; x_wconf 88' lang='grc' dir='ltr'>διατρίϐουσιν,</span> <span class='ocrx_word' id='word_1_389' title='bbox 1434 5411 1571 5467; x_wconf 82' lang='grc' dir='ltr'>ὥστε</span> <span class='ocrx_word' id='word_1_390' title='bbox 1609 5417 1682 5486; x_wconf 84' lang='grc' dir='ltr'>μὴ</span> <span class='ocrx_word' id='word_1_391' title='bbox 1712 5413 2170 5485; x_wconf 56' lang='grc' dir='ltr'>λειποτακτῖμαι,</span> 
     </span>
    </p>
   </div>
   <div class='ocr_carea' id='block_1_56' title="bbox 608 5501 2172 5578">
    <p class='ocr_par' dir='ltr' id='par_1_56' title="bbox 608 5501 2172 5578">
     <span class='ocr_line' id='line_1_56' title="bbox 608 5501 2172 5578; baseline 0.003 -23"><span class='ocrx_word' id='word_1_392' title='bbox 608 5501 724 5555; x_wconf 85' lang='grc' dir='ltr'>ἀλλ’</span> <span class='ocrx_word' id='word_1_393' title='bbox 751 5505 1048 5573; x_wconf 82' lang='grc' dir='ltr'>ἐπιμεῖναι,</span> <span class='ocrx_word' id='word_1_394' title='bbox 1080 5508 1174 5559; x_wconf 70' lang='grc' dir='ltr'>καὶ</span> <span class='ocrx_word' id='word_1_395' title='bbox 1202 5507 1272 5559; x_wconf 92' lang='grc' dir='ltr'>τά</span> <span class='ocrx_word' id='word_1_396' title='bbox 1313 5506 1443 5578; x_wconf 89' lang='grc' dir='ltr'>παρ’</span> <span class='ocrx_word' id='word_1_397' title='bbox 1470 5506 1676 5560; x_wconf 77' lang='grc' dir='ltr'>ἑαυτῶν</span> <span class='ocrx_word' id='word_1_398' title='bbox 1710 5508 2062 5575; x_wconf 70' lang='grc' dir='ltr'>εἰσενεγκεῖν.</span> <span class='ocrx_word' id='word_1_399' title='bbox 2093 5508 2172 5559; x_wconf 63' lang='lat' dir='ltr'>Ti</span> 
     </span>
    </p>
   </div>
   <div class='ocr_carea' id='block_1_57' title="bbox 616 5592 2174 5668">
    <p class='ocr_par' dir='ltr' id='par_1_57' title="bbox 616 5592 2174 5668">
     <span class='ocr_line' id='line_1_57' title="bbox 616 5592 2174 5668; baseline 0.003 -24"><span class='ocrx_word' id='word_1_400' title='bbox 616 5592 808 5644; x_wconf 85' lang='grc' dir='ltr'>σαυτοῦ</span> <span class='ocrx_word' id='word_1_401' title='bbox 849 5594 1026 5648; x_wconf 85' lang='grc' dir='ltr'>τοίνυν</span> <span class='ocrx_word' id='word_1_402' title='bbox 1073 5597 1432 5667; x_wconf 82' lang='grc' dir='ltr'>μιμούμενος,</span> <span class='ocrx_word' id='word_1_403' title='bbox 1478 5597 1571 5650; x_wconf 89' lang='grc' dir='ltr'>τόν</span> <span class='ocrx_word' id='word_1_404' title='bbox 1610 5613 1668 5649; x_wconf 90' lang='grc' dir='ltr'>τε</span> <span class='ocrx_word' id='word_1_405' title='bbox 1709 5597 1899 5668; x_wconf 89' lang='grc' dir='ltr'>κύριόν</span> <span class='ocrx_word' id='word_1_406' title='bbox 1935 5613 2040 5667; x_wconf 92' lang='grc' dir='ltr'>μου</span> <span class='ocrx_word' id='word_1_407' title='bbox 2085 5597 2174 5650; x_wconf 81' lang='grc' dir='ltr'>τὸν</span> 
     </span>
    </p>
   </div>
   <div class='ocr_carea' id='block_1_58' title="bbox 608 5682 2172 5762">
    <p class='ocr_par' dir='ltr' id='par_1_58' title="bbox 608 5682 2172 5762">
     <span class='ocr_line' id='line_1_58' title="bbox 608 5682 2172 5762; baseline 0.003 -24"><span class='ocrx_word' id='word_1_408' title='bbox 608 5682 932 5754; x_wconf 73' lang='grc' dir='ltr'>τιμιώτατον</span> <span class='ocrx_word' id='word_1_409' title='bbox 989 5686 1265 5758; x_wconf 84' lang='grc' dir='ltr'>Γερόντιον</span> <span class='ocrx_word' id='word_1_410' title='bbox 1326 5689 1420 5743; x_wconf 86' lang='grc' dir='ltr'>τὸν</span> <span class='ocrx_word' id='word_1_411' title='bbox 1474 5689 1885 5762; x_wconf 88' lang='grc' dir='ltr'>πρεσϐύτερον,</span> <span class='ocrx_word' id='word_1_412' title='bbox 1938 5691 1987 5744; x_wconf 87' lang='grc' dir='ltr'>εί</span> <span class='ocrx_word' id='word_1_413' title='bbox 2043 5691 2172 5762; x_wconf 76' lang='grc' dir='ltr'>ῥᾷον</span> 
     </span>
    </p>
   </div>
   <div class='ocr_carea' id='block_1_59' title="bbox 665 5811 1407 5874">
    <p class='ocr_par' dir='ltr' id='par_1_59' title="bbox 665 5811 1407 5874">
     <span class='ocr_line' id='line_1_59' title="bbox 665 5811 1407 5874; baseline 0.007 -5"><span class='ocrx_word' id='word_1_414' title='bbox 665 5811 691 5839; x_wconf 81' lang='grc'><strong>⁸</strong></span> <span class='ocrx_word' id='word_1_415' title='bbox 717 5815 828 5870; x_wconf 79' lang='lat' dir='ltr'>Duo</span> <span class='ocrx_word' id='word_1_416' title='bbox 853 5832 966 5870; x_wconf 78' lang='lat' dir='ltr'>ms.</span> <span class='ocrx_word' id='word_1_417' title='bbox 990 5821 1121 5871; x_wconf 64' lang='grc' dir='ltr'>οὐδὲν</span> <span class='ocrx_word' id='word_1_418' title='bbox 1140 5824 1407 5874; x_wconf 80' lang='grc' dir='ltr'>διακωλύει.</span> 
     </span>
    </p>
   </div>
   <div class='ocr_carea' id='block_1_60' title="bbox 1339 335 3181 407">
    <p class='ocr_par' dir='ltr' id='par_1_60' title="bbox 1339 335 3181 407">
     <span class='ocr_line' id='line_1_60' title="bbox 1339 335 3181 407; baseline -0.009 0"><span class='ocrx_word' id='word_1_419' title='bbox 1339 351 1396 407; x_wconf 91' lang='lat' dir='ltr'>S.</span> <span class='ocrx_word' id='word_1_420' title='bbox 1433 347 1718 406; x_wconf 76' lang='lat' dir='ltr'>JOANNIS</span> <span class='ocrx_word' id='word_1_421' title='bbox 1765 341 2246 404; x_wconf 70' lang='lat' dir='ltr'>CIIBYSOSTOII</span> <span class='ocrx_word' id='word_1_422' title='bbox 2284 339 2600 397; x_wconf 76' lang='lat' dir='ltr'>ARCHIEP.</span> <span class='ocrx_word' id='word_1_423' title='bbox 2641 335 3181 394; x_wconf 73' lang='lat' dir='ltr'>CONSTANTINOP.</span> 
     </span>
    </p>
   </div>
   <div class='ocr_carea' id='block_1_61' title="bbox 3759 335 3874 393">
    <p class='ocr_par' dir='ltr' id='par_1_61' title="bbox 3759 335 3874 393">
     <span class='ocr_line' id='line_1_61' title="bbox 3759 335 3874 393; baseline 0 0"><span class='ocrx_word' id='word_1_424' title='bbox 3759 335 3874 393; x_wconf 76' lang='lat'>638</span> 
     </span>
    </p>
   </div>
   <div class='ocr_carea' id='block_1_62' title="bbox 2301 449 3878 525">
    <p class='ocr_par' dir='ltr' id='par_1_62' title="bbox 2301 449 3878 525">
     <span class='ocr_line' id='line_1_62' title="bbox 2301 449 3878 525; baseline -0.001 -18"><span class='ocrx_word' id='word_1_425' title='bbox 2301 453 2474 525; x_wconf 85' lang='grc' dir='ltr'>σχοίη,</span> <span class='ocrx_word' id='word_1_426' title='bbox 2519 454 2613 506; x_wconf 75' lang='grc' dir='ltr'>καὶ</span> <span class='ocrx_word' id='word_1_427' title='bbox 2641 451 2778 521; x_wconf 77' lang='grc' dir='ltr'>πρὸς</span> <span class='ocrx_word' id='word_1_428' title='bbox 2821 451 3067 523; x_wconf 75' lang='grc' dir='ltr'>καθαρὰν</span> <span class='ocrx_word' id='word_1_429' title='bbox 3105 450 3294 518; x_wconf 85' lang='grc' dir='ltr'>ὑγείαν</span> <span class='ocrx_word' id='word_1_430' title='bbox 3326 449 3630 515; x_wconf 72' lang='grc' dir='ltr'>ἐπανέλθοι,</span> <span class='ocrx_word' id='word_1_431' title='bbox 3660 451 3878 514; x_wconf 76' lang='grc' dir='ltr'>εὐθέως</span> 
     </span>
    </p>
   </div>
   <div class='ocr_carea' id='block_1_63' title="bbox 2293 539 3878 614">
    <p class='ocr_par' dir='ltr' id='par_1_63' title="bbox 2293 539 3878 614">
     <span class='ocr_line' id='line_1_63' title="bbox 2293 539 3878 614; baseline -0.003 -16"><span class='ocrx_word' id='word_1_432' title='bbox 2293 544 2612 608; x_wconf 82' lang='grc' dir='ltr'>κατέπειξον</span> <span class='ocrx_word' id='word_1_433' title='bbox 2633 545 2732 614; x_wconf 81' lang='grc' dir='ltr'>τῆς</span> <span class='ocrx_word' id='word_1_434' title='bbox 2753 545 2870 596; x_wconf 87' lang='grc' dir='ltr'>ἐκεῖ</span> <span class='ocrx_word' id='word_1_435' title='bbox 2895 541 3136 611; x_wconf 73' lang='grc' dir='ltr'>ἅψασθαι</span> <span class='ocrx_word' id='word_1_436' title='bbox 3157 541 3299 594; x_wconf 86' lang='grc' dir='ltr'>ὁδοῦ.</span> <span class='ocrx_word' id='word_1_437' title='bbox 3331 539 3737 612; x_wconf 82' lang='grc' dir='ltr'>Ἐπιθυμοῦμιν</span> <span class='ocrx_word' id='word_1_438' title='bbox 3758 542 3878 614; x_wconf 86' lang='grc' dir='ltr'>γάρ</span> 
     </span>
    </p>
   </div>
   <div class='ocr_carea' id='block_1_64' title="bbox 2293 633 3873 709">
    <p class='ocr_par' dir='ltr' id='par_1_64' title="bbox 2293 633 3873 709">
     <span class='ocr_line' id='line_1_64' title="bbox 2293 633 3873 709; baseline -0.001 -19"><span class='ocrx_word' id='word_1_439' title='bbox 2293 638 2454 690; x_wconf 84' lang='grc' dir='ltr'>αὐτὸν</span> <span class='ocrx_word' id='word_1_440' title='bbox 2478 638 2640 709; x_wconf 89' lang='grc' dir='ltr'>ἡμεῖς</span> <span class='ocrx_word' id='word_1_441' title='bbox 2678 635 2772 689; x_wconf 76' lang='grc' dir='ltr'>καὶ</span> <span class='ocrx_word' id='word_1_442' title='bbox 2802 634 3036 689; x_wconf 82' lang='grc' dir='ltr'>ἐνταῦθα</span> <span class='ocrx_word' id='word_1_443' title='bbox 3065 633 3510 704; x_wconf 80' lang='grc' dir='ltr'>παραγενόμενον</span> <span class='ocrx_word' id='word_1_444' title='bbox 3553 636 3716 690; x_wconf 68' lang='grc' dir='ltr'>ίδεῖνσ</span> <span class='ocrx_word' id='word_1_445' title='bbox 3751 635 3873 689; x_wconf 79' lang='grc' dir='ltr'>ἀλλ’</span> 
     </span>
    </p>
   </div>
   <div class='ocr_carea' id='block_1_65' title="bbox 2293 723 3879 796">
    <p class='ocr_par' dir='ltr' id='par_1_65' title="bbox 2293 723 3879 796">
     <span class='ocr_line' id='line_1_65' title="bbox 2293 723 3879 796; baseline -0.001 -17"><span class='ocrx_word' id='word_1_446' title='bbox 2293 725 2477 796; x_wconf 79' lang='grc' dir='ltr'>ἐπειδὴ</span> <span class='ocrx_word' id='word_1_447' title='bbox 2517 726 2610 779; x_wconf 78' lang='grc' dir='ltr'>καὶ</span> <span class='ocrx_word' id='word_1_448' title='bbox 2645 724 2950 796; x_wconf 87' lang='grc' dir='ltr'>ταχύτητος</span> <span class='ocrx_word' id='word_1_449' title='bbox 2996 723 3091 776; x_wconf 79' lang='grc' dir='ltr'>καὶ</span> <span class='ocrx_word' id='word_1_450' title='bbox 3125 723 3328 795; x_wconf 82' lang='grc' dir='ltr'>πολλῆς</span> <span class='ocrx_word' id='word_1_451' title='bbox 3357 725 3526 779; x_wconf 83' lang='grc' dir='ltr'>δεῖται</span> <span class='ocrx_word' id='word_1_452' title='bbox 3568 726 3666 796; x_wconf 85' lang='grc' dir='ltr'>τῆς</span> <span class='ocrx_word' id='word_1_453' title='bbox 3699 728 3879 796; x_wconf 73' lang='grc' dir='ltr'>ἀγρυο</span> 
     </span>
    </p>
   </div>
   <div class='ocr_carea' id='block_1_66' title="bbox 2292 814 3876 888">
    <p class='ocr_par' dir='ltr' id='par_1_66' title="bbox 2292 814 3876 888">
     <span class='ocr_line' id='line_1_66' title="bbox 2292 814 3876 888; baseline -0.001 -18"><span class='ocrx_word' id='word_1_454' title='bbox 2292 816 2452 880; x_wconf 88' lang='grc' dir='ltr'>πνίας</span> <span class='ocrx_word' id='word_1_455' title='bbox 2478 817 2548 871; x_wconf 92' lang='grc' dir='ltr'>τά</span> <span class='ocrx_word' id='word_1_456' title='bbox 2567 818 2748 869; x_wconf 82' lang='grc' dir='ltr'>ἐκεῖσε</span> <span class='ocrx_word' id='word_1_457' title='bbox 2771 817 3094 886; x_wconf 89' lang='grc' dir='ltr'>πράγματα,</span> <span class='ocrx_word' id='word_1_458' title='bbox 3120 814 3262 868; x_wconf 90' lang='grc' dir='ltr'>ῶστε</span> <span class='ocrx_word' id='word_1_459' title='bbox 3289 815 3365 887; x_wconf 80' lang='grc' dir='ltr'>μὴ</span> <span class='ocrx_word' id='word_1_460' title='bbox 3395 817 3562 870; x_wconf 83' lang='grc' dir='ltr'>πολὺν</span> <span class='ocrx_word' id='word_1_461' title='bbox 3581 818 3642 871; x_wconf 86' lang='grc' dir='ltr'>ἐν</span> <span class='ocrx_word' id='word_1_462' title='bbox 3667 819 3736 888; x_wconf 80' lang='grc' dir='ltr'>τῇ</span> <span class='ocrx_word' id='word_1_463' title='bbox 3765 815 3876 886; x_wconf 86' lang='grc' dir='ltr'>ὁδῷ</span> 
     </span>
    </p>
   </div>
   <div class='ocr_carea' id='block_1_67' title="bbox 2289 902 3876 978">
    <p class='ocr_par' dir='ltr' id='par_1_67' title="bbox 2289 902 3876 978">
     <span class='ocr_line' id='line_1_67' title="bbox 2289 902 3876 978; baseline -0.003 -18"><span class='ocrx_word' id='word_1_464' title='bbox 2289 905 2629 978; x_wconf 84' lang='grc' dir='ltr'>διατριϐῆναι</span> <span class='ocrx_word' id='word_1_465' title='bbox 2663 902 2692 943; x_wconf 71' lang='grc' dir='ltr'>δ</span> <span class='ocrx_word' id='word_1_466' title='bbox 2725 905 2952 976; x_wconf 88' lang='grc' dir='ltr'>χρόνον,</span> <span class='ocrx_word' id='word_1_467' title='bbox 2997 903 3094 957; x_wconf 75' lang='grc' dir='ltr'>καὶ</span> <span class='ocrx_word' id='word_1_468' title='bbox 3137 903 3228 956; x_wconf 82' lang='grc' dir='ltr'>τὸν</span> <span class='ocrx_word' id='word_1_469' title='bbox 3277 903 3520 973; x_wconf 87' lang='grc' dir='ltr'>χειμῶνα</span> <span class='ocrx_word' id='word_1_470' title='bbox 3570 903 3876 956; x_wconf 75' lang='grc' dir='ltr'>ἐπιστάντα</span> 
     </span>
    </p>
   </div>
   <div class='ocr_carea' id='block_1_68' title="bbox 2289 991 3876 1064">
    <p class='ocr_par' dir='ltr' id='par_1_68' title="bbox 2289 991 3876 1064">
     <span class='ocr_line' id='line_1_68' title="bbox 2289 991 3876 1064; baseline -0.005 -14"><span class='ocrx_word' id='word_1_471' title='bbox 2289 994 2609 1050; x_wconf 84' lang='grc' dir='ltr'>ἀποκλεῖσαι</span> <span class='ocrx_word' id='word_1_472' title='bbox 2647 994 2796 1063; x_wconf 82' lang='grc' dir='ltr'>αὐτῷ</span> <span class='ocrx_word' id='word_1_473' title='bbox 2844 993 2945 1064; x_wconf 83' lang='grc' dir='ltr'>τὴν</span> <span class='ocrx_word' id='word_1_474' title='bbox 2989 993 3136 1060; x_wconf 77' lang='grc' dir='ltr'>ὁδὸν,</span> <span class='ocrx_word' id='word_1_475' title='bbox 3175 991 3604 1064; x_wconf 83' lang='grc' dir='ltr'>παρακαλοῦμέν</span> <span class='ocrx_word' id='word_1_476' title='bbox 3640 1007 3737 1044; x_wconf 82' lang='grc' dir='ltr'>σου</span> <span class='ocrx_word' id='word_1_477' title='bbox 3768 991 3876 1063; x_wconf 76' lang='grc' dir='ltr'>τὴν</span> 
     </span>
    </p>
   </div>
   <div class='ocr_carea' id='block_1_69' title="bbox 2287 1081 3875 1159">
    <p class='ocr_par' dir='ltr' id='par_1_69' title="bbox 2287 1081 3875 1159">
     <span class='ocr_line' id='line_1_69' title="bbox 2287 1081 3875 1159; baseline -0.001 -19"><span class='ocrx_word' id='word_1_478' title='bbox 2287 1087 2576 1159; x_wconf 89' lang='grc' dir='ltr'>τιμιότητα</span> <span class='ocrx_word' id='word_1_479' title='bbox 2621 1085 2782 1139; x_wconf 89' lang='grc' dir='ltr'>αὐτόν</span> <span class='ocrx_word' id='word_1_480' title='bbox 2813 1102 2874 1138; x_wconf 88' lang='grc' dir='ltr'>τε</span> <span class='ocrx_word' id='word_1_481' title='bbox 2910 1085 3175 1156; x_wconf 77' lang='grc' dir='ltr'>ραἲσαντα</span> <span class='ocrx_word' id='word_1_482' title='bbox 3206 1083 3417 1148; x_wconf 84' lang='grc' dir='ltr'>ἐπεῖξαι</span> <span class='ocrx_word' id='word_1_483' title='bbox 3465 1082 3744 1146; x_wconf 84' lang='grc' dir='ltr'>ἀπελθεῖν,</span> <span class='ocrx_word' id='word_1_484' title='bbox 3775 1081 3875 1138; x_wconf 75' lang='grc' dir='ltr'>τόν</span> 
     </span>
    </p>
   </div>
   <div class='ocr_carea' id='block_1_70' title="bbox 2286 1173 3873 1247">
    <p class='ocr_par' dir='ltr' id='par_1_70' title="bbox 2286 1173 3873 1247">
     <span class='ocr_line' id='line_1_70' title="bbox 2286 1173 3873 1247; baseline -0.004 -15"><span class='ocrx_word' id='word_1_485' title='bbox 2286 1195 2347 1232; x_wconf 87' lang='grc' dir='ltr'>τε</span> <span class='ocrx_word' id='word_1_486' title='bbox 2375 1177 2710 1247; x_wconf 89' lang='grc' dir='ltr'>γλυκύτατον</span> <span class='ocrx_word' id='word_1_487' title='bbox 2748 1176 2844 1230; x_wconf 61' lang='grc' dir='ltr'>καὶ⁵</span> <span class='ocrx_word' id='word_1_488' title='bbox 2890 1175 3272 1228; x_wconf 87' lang='grc' dir='ltr'>ποθεινότατον</span> <span class='ocrx_word' id='word_1_489' title='bbox 3309 1174 3566 1244; x_wconf 81' lang='grc' dir='ltr'>Ἰωάννην</span> <span class='ocrx_word' id='word_1_490' title='bbox 3600 1173 3696 1227; x_wconf 79' lang='grc' dir='ltr'>τὸν</span> <span class='ocrx_word' id='word_1_491' title='bbox 3726 1190 3873 1244; x_wconf 82' lang='grc' dir='ltr'>πρε-</span> 
     </span>
    </p>
   </div>
   <div class='ocr_carea' id='block_1_71' title="bbox 2289 1264 3875 1340">
    <p class='ocr_par' dir='ltr' id='par_1_71' title="bbox 2289 1264 3875 1340">
     <span class='ocr_line' id='line_1_71' title="bbox 2289 1264 3875 1340; baseline -0.004 -18"><span class='ocrx_word' id='word_1_492' title='bbox 2289 1269 2449 1322; x_wconf 90' lang='grc' dir='ltr'>σϐύτε</span> <span class='ocrx_word' id='word_1_493' title='bbox 2458 1285 2550 1340; x_wconf 91' lang='grc' dir='ltr'>ρον</span> <span class='ocrx_word' id='word_1_494' title='bbox 2569 1265 2989 1340; x_wconf 85' lang='grc' dir='ltr'>παρασκευάσαι</span> <span class='ocrx_word' id='word_1_495' title='bbox 3009 1265 3417 1335; x_wconf 81' lang='grc' dir='ltr'>συνεφάψασθαι</span> <span class='ocrx_word' id='word_1_496' title='bbox 3436 1265 3535 1335; x_wconf 83' lang='grc' dir='ltr'>τῆς</span> <span class='ocrx_word' id='word_1_497' title='bbox 3555 1264 3875 1335; x_wconf 80' lang='grc' dir='ltr'>ἀποδημίας</span> 
     </span>
    </p>
   </div>
   <div class='ocr_carea' id='block_1_72' title="bbox 2287 1353 3871 1429">
    <p class='ocr_par' dir='ltr' id='par_1_72' title="bbox 2287 1353 3871 1429">
     <span class='ocr_line' id='line_1_72' title="bbox 2287 1353 3871 1429; baseline -0.003 -17"><span class='ocrx_word' id='word_1_498' title='bbox 2287 1358 2454 1429; x_wconf 87' lang='grc' dir='ltr'>αὐτῷ.</span> <span class='ocrx_word' id='word_1_499' title='bbox 2485 1353 2658 1413; x_wconf 82' lang='grc' dir='ltr'>Οἶσθα</span> <span class='ocrx_word' id='word_1_500' title='bbox 2681 1358 2791 1428; x_wconf 78' lang='grc' dir='ltr'>γὰρ</span> <span class='ocrx_word' id='word_1_501' title='bbox 2821 1357 2917 1411; x_wconf 77' lang='grc' dir='ltr'>καὶ</span> <span class='ocrx_word' id='word_1_502' title='bbox 2952 1355 3114 1418; x_wconf 83' lang='grc' dir='ltr'>αὐτὸς</span> <span class='ocrx_word' id='word_1_503' title='bbox 3140 1357 3222 1409; x_wconf 84' lang='grc' dir='ltr'>ὅτι</span> <span class='ocrx_word' id='word_1_504' title='bbox 3253 1355 3350 1409; x_wconf 89' lang='grc' dir='ltr'>νῦν</span> <span class='ocrx_word' id='word_1_505' title='bbox 3382 1355 3618 1426; x_wconf 80' lang='grc' dir='ltr'>μάλιστα</span> <span class='ocrx_word' id='word_1_506' title='bbox 3654 1354 3727 1409; x_wconf 89' lang='grc' dir='ltr'>τά</span> <span class='ocrx_word' id='word_1_507' title='bbox 3765 1356 3871 1408; x_wconf 89' lang='grc' dir='ltr'>αὑ-</span> 
     </span>
    </p>
   </div>
   <div class='ocr_carea' id='block_1_73' title="bbox 2285 1445 3874 1518">
    <p class='ocr_par' dir='ltr' id='par_1_73' title="bbox 2285 1445 3874 1518">
     <span class='ocr_line' id='line_1_73' title="bbox 2285 1445 3874 1518; baseline -0.001 -18"><span class='ocrx_word' id='word_1_508' title='bbox 2285 1448 2402 1502; x_wconf 86' lang='grc' dir='ltr'>τόθι</span> <span class='ocrx_word' id='word_1_509' title='bbox 2452 1447 2665 1502; x_wconf 86' lang='grc' dir='ltr'>πολλῶν</span> <span class='ocrx_word' id='word_1_510' title='bbox 2710 1448 2880 1501; x_wconf 87' lang='grc' dir='ltr'>δεῖται</span> <span class='ocrx_word' id='word_1_511' title='bbox 2919 1445 3030 1500; x_wconf 88' lang='grc' dir='ltr'>τῶν</span> <span class='ocrx_word' id='word_1_512' title='bbox 3077 1445 3554 1518; x_wconf 87' lang='grc' dir='ltr'>διορθωσομένων,</span> <span class='ocrx_word' id='word_1_513' title='bbox 3609 1447 3724 1516; x_wconf 82' lang='grc' dir='ltr'>ὅσῳ</span> <span class='ocrx_word' id='word_1_514' title='bbox 3772 1445 3874 1498; x_wconf 79' lang='grc' dir='ltr'>ἐπὶ</span> 
     </span>
    </p>
   </div>
   <div class='ocr_carea' id='block_1_74' title="bbox 2289 1532 3874 1610">
    <p class='ocr_par' dir='ltr' id='par_1_74' title="bbox 2289 1532 3874 1610">
     <span class='ocr_line' id='line_1_74' title="bbox 2289 1532 3874 1610; baseline -0.002 -17"><span class='ocrx_word' id='word_1_515' title='bbox 2289 1539 2474 1610; x_wconf 87' lang='grc' dir='ltr'>μεῖζον</span> <span class='ocrx_word' id='word_1_516' title='bbox 2508 1535 2664 1610; x_wconf 69' lang='grc' dir='ltr'>είρψε</span> <span class='ocrx_word' id='word_1_517' title='bbox 2712 1537 2782 1592; x_wconf 89' lang='grc' dir='ltr'>τά</span> <span class='ocrx_word' id='word_1_518' title='bbox 2821 1538 2985 1592; x_wconf 84' lang='grc' dir='ltr'>κακά.</span> <span class='ocrx_word' id='word_1_519' title='bbox 3013 1536 3170 1591; x_wconf 82' lang='grc' dir='ltr'>Τοῦτ’</span> <span class='ocrx_word' id='word_1_520' title='bbox 3196 1532 3288 1590; x_wconf 84' lang='grc' dir='ltr'>οὖν</span> <span class='ocrx_word' id='word_1_521' title='bbox 3319 1537 3536 1600; x_wconf 82' lang='grc' dir='ltr'>ἐννοῶν,</span> <span class='ocrx_word' id='word_1_522' title='bbox 3574 1537 3670 1590; x_wconf 72' lang='grc' dir='ltr'>καὶ</span> <span class='ocrx_word' id='word_1_523' title='bbox 3707 1535 3874 1600; x_wconf 81' lang='grc' dir='ltr'>εἰδὼς</span> 
     </span>
    </p>
   </div>
   <div class='ocr_carea' id='block_1_75' title="bbox 2283 1625 3873 1705">
    <p class='ocr_par' dir='ltr' id='par_1_75' title="bbox 2283 1625 3873 1705">
     <span class='ocr_line' id='line_1_75' title="bbox 2283 1625 3873 1705; baseline -0.003 -20"><span class='ocrx_word' id='word_1_524' title='bbox 2283 1632 2473 1705; x_wconf 86' lang='grc' dir='ltr'>ἡλίκον</span> <span class='ocrx_word' id='word_1_525' title='bbox 2522 1633 2640 1684; x_wconf 56' lang='grc' dir='ltr'>ἐστὶ⁵</span> <span class='ocrx_word' id='word_1_526' title='bbox 2693 1631 2936 1702; x_wconf 89' lang='grc' dir='ltr'>σωτηρία</span> <span class='ocrx_word' id='word_1_527' title='bbox 2982 1629 3201 1701; x_wconf 73' lang='grc' dir='ltr'>ψυχῆς,</span> <span class='ocrx_word' id='word_1_528' title='bbox 3231 1630 3324 1682; x_wconf 74' lang='grc' dir='ltr'>καὶ</span> <span class='ocrx_word' id='word_1_529' title='bbox 3367 1625 3454 1683; x_wconf 73' lang='grc' dir='ltr'>οἷα</span> <span class='ocrx_word' id='word_1_530' title='bbox 3509 1627 3873 1698; x_wconf 81' lang='grc' dir='ltr'>κατώρθωται</span> 
     </span>
    </p>
   </div>
   <div class='ocr_carea' id='block_1_76' title="bbox 2287 1719 3850 1792">
    <p class='ocr_par' dir='ltr' id='par_1_76' title="bbox 2287 1719 3850 1792">
     <span class='ocr_line' id='line_1_76' title="bbox 2287 1719 3850 1792; baseline -0.003 -16"><span class='ocrx_word' id='word_1_531' title='bbox 2287 1740 2381 1777; x_wconf 89' lang='grc' dir='ltr'>σου</span> <span class='ocrx_word' id='word_1_532' title='bbox 2406 1723 2471 1792; x_wconf 79' lang='grc' dir='ltr'>τῇ</span> <span class='ocrx_word' id='word_1_533' title='bbox 2503 1722 2776 1792; x_wconf 88' lang='grc' dir='ltr'>τιμιότητι</span> <span class='ocrx_word' id='word_1_534' title='bbox 2813 1721 2902 1774; x_wconf 91' lang='grc' dir='ltr'>διά</span> <span class='ocrx_word' id='word_1_535' title='bbox 2928 1721 3028 1791; x_wconf 84' lang='grc' dir='ltr'>τῆς</span> <span class='ocrx_word' id='word_1_536' title='bbox 3056 1719 3370 1791; x_wconf 74' lang='grc' dir='ltr'>ἔμπροσθεν</span> <span class='ocrx_word' id='word_1_537' title='bbox 3401 1719 3661 1786; x_wconf 84' lang='grc' dir='ltr'>σπουδῆς,</span> <span class='ocrx_word' id='word_1_538' title='bbox 3687 1719 3850 1772; x_wconf 73' lang='grc' dir='ltr'>πάντ(</span> 
     </span>
    </p>
   </div>
   <div class='ocr_carea' id='block_1_77' title="bbox 2288 1804 3876 1885">
    <p class='ocr_par' dir='ltr' id='par_1_77' title="bbox 2288 1804 3876 1885">
     <span class='ocr_line' id='line_1_77' title="bbox 2288 1804 3876 1885; baseline -0.001 -17"><span class='ocrx_word' id='word_1_539' title='bbox 2288 1815 2508 1885; x_wconf 81' lang='grc' dir='ltr'>ποιῆσαι</span> <span class='ocrx_word' id='word_1_540' title='bbox 2551 1815 2646 1866; x_wconf 75' lang='grc' dir='ltr'>καὶ</span> <span class='ocrx_word' id='word_1_541' title='bbox 2673 1813 2760 1867; x_wconf 84' lang='grc' dir='ltr'>διὰ</span> <span class='ocrx_word' id='word_1_542' title='bbox 2799 1811 3020 1878; x_wconf 85' lang='grc' dir='ltr'>σαυτοῦ,</span> <span class='ocrx_word' id='word_1_543' title='bbox 3056 1813 3150 1866; x_wconf 77' lang='grc' dir='ltr'>καὶ</span> <span class='ocrx_word' id='word_1_544' title='bbox 3181 1812 3248 1865; x_wconf 84' lang='grc' dir='ltr'>δι’</span> <span class='ocrx_word' id='word_1_545' title='bbox 3289 1812 3514 1884; x_wconf 86' lang='grc' dir='ltr'>ἐτέρων,</span> <span class='ocrx_word' id='word_1_546' title='bbox 3551 1804 3627 1864; x_wconf 79' lang='grc' dir='ltr'>ὧν</span> <span class='ocrx_word' id='word_1_547' title='bbox 3660 1810 3726 1865; x_wconf 85' lang='grc' dir='ltr'>ἀν</span> <span class='ocrx_word' id='word_1_548' title='bbox 3756 1809 3876 1866; x_wconf 79' lang='grc' dir='ltr'>οἷόν</span> 
     </span>
    </p>
   </div>
   <div class='ocr_carea' id='block_1_78' title="bbox 2285 1898 3872 1975">
    <p class='ocr_par' dir='ltr' id='par_1_78' title="bbox 2285 1898 3872 1975">
     <span class='ocr_line' id='line_1_78' title="bbox 2285 1898 3872 1975; baseline 0.001 -21"><span class='ocrx_word' id='word_1_549' title='bbox 2285 1918 2344 1954; x_wconf 85' lang='grc' dir='ltr'>τε</span> <span class='ocrx_word' id='word_1_550' title='bbox 2386 1898 2456 1975; x_wconf 80' lang='grc' dir='ltr'>ᾖ,</span> <span class='ocrx_word' id='word_1_551' title='bbox 2503 1901 2926 1973; x_wconf 88' lang='grc' dir='ltr'>παρακλὴθητι,</span> <span class='ocrx_word' id='word_1_552' title='bbox 2971 1899 3114 1954; x_wconf 89' lang='grc' dir='ltr'>ῶστε</span> <span class='ocrx_word' id='word_1_553' title='bbox 3150 1899 3220 1954; x_wconf 90' lang='grc' dir='ltr'>τά</span> <span class='ocrx_word' id='word_1_554' title='bbox 3258 1899 3620 1972; x_wconf 86' lang='grc' dir='ltr'>διορθωθέντα</span> <span class='ocrx_word' id='word_1_555' title='bbox 3676 1904 3872 1971; x_wconf 85' lang='grc' dir='ltr'>μεῖναι</span> 
     </span>
    </p>
   </div>
   <div class='ocr_carea' id='block_1_79' title="bbox 2283 1991 3876 2065">
    <p class='ocr_par' dir='ltr' id='par_1_79' title="bbox 2283 1991 3876 2065">
     <span class='ocr_line' id='line_1_79' title="bbox 2283 1991 3876 2065; baseline 0 -19"><span class='ocrx_word' id='word_1_556' title='bbox 2283 1993 2539 2065; x_wconf 89' lang='grc' dir='ltr'>ἀκίνητα,</span> <span class='ocrx_word' id='word_1_557' title='bbox 2565 1994 2756 2065; x_wconf 79' lang='grc' dir='ltr'>ἑτέραν</span> <span class='ocrx_word' id='word_1_558' title='bbox 2804 2011 2864 2046; x_wconf 90' lang='grc' dir='ltr'>τε</span> <span class='ocrx_word' id='word_1_559' title='bbox 2902 1993 3086 2056; x_wconf 91' lang='grc' dir='ltr'>αὐτοῖς</span> <span class='ocrx_word' id='word_1_560' title='bbox 3121 1992 3303 2062; x_wconf 80' lang='grc' dir='ltr'>πολλῷ</span> <span class='ocrx_word' id='word_1_561' title='bbox 3336 1991 3561 2045; x_wconf 84' lang='grc' dir='ltr'>πλείονα</span> <span class='ocrx_word' id='word_1_562' title='bbox 3609 1992 3876 2060; x_wconf 84' lang='grc' dir='ltr'>γενέσθαι</span> 
     </span>
    </p>
   </div>
   <div class='ocr_carea' id='block_1_80' title="bbox 2285 2083 3874 2163">
    <p class='ocr_par' dir='ltr' id='par_1_80' title="bbox 2285 2083 3874 2163">
     <span class='ocr_line' id='line_1_80' title="bbox 2285 2083 3874 2163; baseline -0.001 -24"><span class='ocrx_word' id='word_1_563' title='bbox 2285 2085 2626 2163; x_wconf 70' lang='grc' dir='ltr'>προσθήκην.</span> <span class='ocrx_word' id='word_1_564' title='bbox 2653 2086 2822 2149; x_wconf 74' lang='grc' dir='ltr'>Αὐτὸς</span> <span class='ocrx_word' id='word_1_565' title='bbox 2851 2085 3033 2156; x_wconf 81' lang='grc' dir='ltr'>μέντοι</span> <span class='ocrx_word' id='word_1_566' title='bbox 3065 2085 3173 2137; x_wconf 91' lang='grc' dir='ltr'>τῶν</span> <span class='ocrx_word' id='word_1_567' title='bbox 3207 2083 3441 2138; x_wconf 84' lang='grc' dir='ltr'>ἐνταῦθα</span> <span class='ocrx_word' id='word_1_568' title='bbox 3467 2085 3732 2138; x_wconf 80' lang='grc' dir='ltr'>ἐλθόντων</span> <span class='ocrx_word' id='word_1_569' title='bbox 3765 2085 3874 2138; x_wconf 87' lang='grc' dir='ltr'>οὐκ</span> 
     </span>
    </p>
   </div>
   <div class='ocr_carea' id='block_1_81' title="bbox 2284 2175 3872 2250">
    <p class='ocr_par' dir='ltr' id='par_1_81' title="bbox 2284 2175 3872 2250">
     <span class='ocr_line' id='line_1_81' title="bbox 2284 2175 3872 2250; baseline -0.001 -19"><span class='ocrx_word' id='word_1_570' title='bbox 2284 2178 2504 2232; x_wconf 72' lang='grc' dir='ltr'>ἔλαττον</span> <span class='ocrx_word' id='word_1_571' title='bbox 2549 2179 2694 2248; x_wconf 76' lang='grc' dir='ltr'>ἡμᾶς</span> <span class='ocrx_word' id='word_1_572' title='bbox 2747 2175 3048 2248; x_wconf 73' lang='grc' dir='ltr'>εὑφραναςο</span> <span class='ocrx_word' id='word_1_573' title='bbox 3101 2180 3166 2248; x_wconf 81' lang='grc' dir='ltr'>τῇ</span> <span class='ocrx_word' id='word_1_574' title='bbox 3205 2177 3302 2246; x_wconf 84' lang='grc' dir='ltr'>μὲν</span> <span class='ocrx_word' id='word_1_575' title='bbox 3351 2177 3461 2246; x_wconf 83' lang='grc' dir='ltr'>γάρ</span> <span class='ocrx_word' id='word_1_576' title='bbox 3515 2175 3712 2250; x_wconf 85' lang='grc' dir='ltr'>γνώμῃ</span> <span class='ocrx_word' id='word_1_577' title='bbox 3765 2179 3872 2230; x_wconf 80' lang='grc' dir='ltr'>καὶ</span> 
     </span>
    </p>
   </div>
   <div class='ocr_carea' id='block_1_82' title="bbox 2283 2266 3874 2342">
    <p class='ocr_par' dir='ltr' id='par_1_82' title="bbox 2283 2266 3874 2342">
     <span class='ocr_line' id='line_1_82' title="bbox 2283 2266 3874 2342; baseline -0.001 -19"><span class='ocrx_word' id='word_1_578' title='bbox 2283 2269 2686 2342; x_wconf 79' lang='grc' dir='ltr'>παραγέγονας,</span> <span class='ocrx_word' id='word_1_579' title='bbox 2713 2269 2808 2322; x_wconf 72' lang='grc' dir='ltr'>καὶ</span> <span class='ocrx_word' id='word_1_580' title='bbox 2830 2272 2945 2332; x_wconf 86' lang='grc' dir='ltr'>τοῖς</span> <span class='ocrx_word' id='word_1_581' title='bbox 2972 2269 3072 2339; x_wconf 79' lang='grc' dir='ltr'>τῆς</span> <span class='ocrx_word' id='word_1_582' title='bbox 3103 2266 3321 2338; x_wconf 86' lang='grc' dir='ltr'>ἀγάπης</span> <span class='ocrx_word' id='word_1_583' title='bbox 3351 2284 3410 2320; x_wconf 88' lang='grc' dir='ltr'>σε</span> <span class='ocrx_word' id='word_1_584' title='bbox 3444 2267 3746 2338; x_wconf 84' lang='grc' dir='ltr'>ὀφθαλμοῖς</span> <span class='ocrx_word' id='word_1_585' title='bbox 3773 2270 3874 2322; x_wconf 76' lang='grc' dir='ltr'>καὶ</span> 
     </span>
    </p>
   </div>
   <div class='ocr_carea' id='block_1_83' title="bbox 2285 2359 3873 2434">
    <p class='ocr_par' dir='ltr' id='par_1_83' title="bbox 2285 2359 3873 2434">
     <span class='ocr_line' id='line_1_83' title="bbox 2285 2359 3873 2434; baseline -0.003 -18"><span class='ocrx_word' id='word_1_586' title='bbox 2285 2363 2360 2434; x_wconf 84' lang='grc' dir='ltr'>μὴ</span> <span class='ocrx_word' id='word_1_587' title='bbox 2391 2363 2634 2433; x_wconf 88' lang='grc' dir='ltr'>παρόντα</span> <span class='ocrx_word' id='word_1_588' title='bbox 2661 2359 2990 2432; x_wconf 79' lang='grc' dir='ltr'>σωματικῶς</span> <span class='ocrx_word' id='word_1_589' title='bbox 3026 2362 3191 2430; x_wconf 81' lang='grc' dir='ltr'>ἡμεῖς</span> <span class='ocrx_word' id='word_1_590' title='bbox 3226 2360 3346 2413; x_wconf 87' lang='grc' dir='ltr'>καθ’</span> <span class='ocrx_word' id='word_1_591' title='bbox 3374 2360 3613 2431; x_wconf 78' lang='grc' dir='ltr'>ἑκάστην</span> <span class='ocrx_word' id='word_1_592' title='bbox 3647 2361 3873 2432; x_wconf 81' lang='grc' dir='ltr'>ὁρῶμεν</span> 
     </span>
    </p>
   </div>
   <div class='ocr_carea' id='block_1_84' title="bbox 2281 2447 3869 2520">
    <p class='ocr_par' dir='ltr' id='par_1_84' title="bbox 2281 2447 3869 2520">
     <span class='ocr_line' id='line_1_84' title="bbox 2281 2447 3869 2520; baseline 0.001 -20"><span class='ocrx_word' id='word_1_593' title='bbox 2281 2449 2378 2518; x_wconf 83' lang='grc' dir='ltr'>τὴν</span> <span class='ocrx_word' id='word_1_594' title='bbox 2399 2449 2633 2518; x_wconf 80' lang='grc' dir='ltr'>ἡμέραν,</span> <span class='ocrx_word' id='word_1_595' title='bbox 2654 2450 2747 2501; x_wconf 77' lang='grc' dir='ltr'>ἐπὶ</span> <span class='ocrx_word' id='word_1_596' title='bbox 2768 2450 2867 2520; x_wconf 82' lang='grc' dir='ltr'>τῆς</span> <span class='ocrx_word' id='word_1_597' title='bbox 2887 2449 3125 2511; x_wconf 90' lang='grc' dir='ltr'>διανοίας</span> <span class='ocrx_word' id='word_1_598' title='bbox 3147 2447 3423 2519; x_wconf 87' lang='grc' dir='ltr'>πανταχοῦ</span> <span class='ocrx_word' id='word_1_599' title='bbox 3445 2449 3869 2520; x_wconf 76' lang='grc' dir='ltr'>περιφέροντες.</span> 
     </span>
    </p>
   </div>
   <div class='ocr_carea' id='block_1_85' title="bbox 2285 2539 3871 2612">
    <p class='ocr_par' dir='ltr' id='par_1_85' title="bbox 2285 2539 3871 2612">
     <span class='ocr_line' id='line_1_85' title="bbox 2285 2539 3871 2612; baseline 0.001 -19"><span class='ocrx_word' id='word_1_600' title='bbox 2285 2542 2479 2594; x_wconf 82' lang='grc' dir='ltr'>Ἔσται</span> <span class='ocrx_word' id='word_1_601' title='bbox 2507 2540 2563 2592; x_wconf 87' lang='grc' dir='ltr'>δὲ</span> <span class='ocrx_word' id='word_1_602' title='bbox 2593 2539 2721 2602; x_wconf 72' lang='grc' dir='ltr'>ἴσως</span> <span class='ocrx_word' id='word_1_603' title='bbox 2749 2541 2844 2593; x_wconf 78' lang='grc' dir='ltr'>καὶ</span> <span class='ocrx_word' id='word_1_604' title='bbox 2885 2541 2917 2611; x_wconf 88' lang='grc' dir='ltr'>ἡ</span> <span class='ocrx_word' id='word_1_605' title='bbox 2948 2541 3070 2592; x_wconf 77' lang='grc' dir='ltr'>κατ’</span> <span class='ocrx_word' id='word_1_606' title='bbox 3115 2539 3238 2609; x_wconf 69' lang='grc' dir='ltr'>ὄψιν</span> <span class='ocrx_word' id='word_1_607' title='bbox 3262 2542 3395 2610; x_wconf 87' lang='grc' dir='ltr'>ἡμῖν</span> <span class='ocrx_word' id='word_1_608' title='bbox 3426 2543 3708 2612; x_wconf 84' lang='grc' dir='ltr'>συντυχία,</span> <span class='ocrx_word' id='word_1_609' title='bbox 3737 2544 3871 2594; x_wconf 86' lang='grc' dir='ltr'>ὅταν</span> 
     </span>
    </p>
   </div>
   <div class='ocr_carea' id='block_1_86' title="bbox 2280 2630 3871 2704">
    <p class='ocr_par' dir='ltr' id='par_1_86' title="bbox 2280 2630 3871 2704">
     <span class='ocr_line' id='line_1_86' title="bbox 2280 2630 3871 2704; baseline 0 -18"><span class='ocrx_word' id='word_1_610' title='bbox 2280 2634 2310 2686; x_wconf 71' lang='grc' dir='ltr'><strong>ὁ</strong></span> <span class='ocrx_word' id='word_1_611' title='bbox 2359 2631 2549 2702; x_wconf 82' lang='grc' dir='ltr'>καιρὸς</span> <span class='ocrx_word' id='word_1_612' title='bbox 2593 2631 2884 2702; x_wconf 80' lang='grc' dir='ltr'>ἐπιτρέπῃ.</span> <span class='ocrx_word' id='word_1_613' title='bbox 2925 2631 3012 2694; x_wconf 83' lang='grc' dir='ltr'>Ὠς</span> <span class='ocrx_word' id='word_1_614' title='bbox 3043 2630 3138 2684; x_wconf 89' lang='grc' dir='ltr'>νῦν</span> <span class='ocrx_word' id='word_1_615' title='bbox 3191 2648 3255 2700; x_wconf 91' lang='grc' dir='ltr'>γε</span> <span class='ocrx_word' id='word_1_616' title='bbox 3309 2633 3402 2685; x_wconf 79' lang='grc' dir='ltr'>καὶ</span> <span class='ocrx_word' id='word_1_617' title='bbox 3447 2636 3630 2704; x_wconf 83' lang='grc' dir='ltr'>ἡμεῖς,</span> <span class='ocrx_word' id='word_1_618' title='bbox 3685 2635 3871 2686; x_wconf 88' lang='grc' dir='ltr'>καίτοι</span> 
     </span>
    </p>
   </div>
   <div class='ocr_carea' id='block_1_87' title="bbox 2283 2721 3870 2797">
    <p class='ocr_par' dir='ltr' id='par_1_87' title="bbox 2283 2721 3870 2797">
     <span class='ocr_line' id='line_1_87' title="bbox 2283 2721 3870 2797; baseline 0.002 -22"><span class='ocrx_word' id='word_1_619' title='bbox 2283 2723 2488 2793; x_wconf 89' lang='grc' dir='ltr'>σφόδρα</span> <span class='ocrx_word' id='word_1_620' title='bbox 2515 2721 2890 2793; x_wconf 75' lang='grc' dir='ltr'>ἐπιθυμοῦμεν</span> <span class='ocrx_word' id='word_1_621' title='bbox 2917 2723 3044 2776; x_wconf 87' lang='grc' dir='ltr'>ίδεῖν</span> <span class='ocrx_word' id='word_1_622' title='bbox 3073 2724 3171 2794; x_wconf 83' lang='grc' dir='ltr'>τὴν</span> <span class='ocrx_word' id='word_1_623' title='bbox 3198 2723 3418 2796; x_wconf 82' lang='grc' dir='ltr'>ἀγάπην</span> <span class='ocrx_word' id='word_1_624' title='bbox 3449 2741 3565 2790; x_wconf 90' lang='grc' dir='ltr'>σου,</span> <span class='ocrx_word' id='word_1_625' title='bbox 3588 2725 3685 2778; x_wconf 78' lang='grc' dir='ltr'>καὶ</span> <span class='ocrx_word' id='word_1_626' title='bbox 3707 2743 3870 2797; x_wconf 83' lang='grc' dir='ltr'>περι-</span> 
     </span>
    </p>
   </div>
   <div class='ocr_carea' id='block_1_88' title="bbox 2281 2811 3869 2886">
    <p class='ocr_par' dir='ltr' id='par_1_88' title="bbox 2281 2811 3869 2886">
     <span class='ocr_line' id='line_1_88' title="bbox 2281 2811 3869 2886; baseline 0.003 -21"><span class='ocrx_word' id='word_1_627' title='bbox 2281 2811 2623 2877; x_wconf 79' lang='grc' dir='ltr'>πτύξασθαι,</span> <span class='ocrx_word' id='word_1_628' title='bbox 2658 2814 2962 2882; x_wconf 88' lang='grc' dir='ltr'>ἀναγκαίαν</span> <span class='ocrx_word' id='word_1_629' title='bbox 3005 2811 3142 2867; x_wconf 77' lang='grc' dir='ltr'>εἶναι</span> <span class='ocrx_word' id='word_1_630' title='bbox 3199 2814 3492 2886; x_wconf 83' lang='grc' dir='ltr'>νομίζομεν</span> <span class='ocrx_word' id='word_1_631' title='bbox 3539 2817 3640 2886; x_wconf 83' lang='grc' dir='ltr'>τὴν</span> <span class='ocrx_word' id='word_1_632' title='bbox 3673 2818 3869 2870; x_wconf 79' lang='grc' dir='ltr'>αὐτόθι</span> 
     </span>
    </p>
   </div>
   <div class='ocr_carea' id='block_1_89' title="bbox 2284 2900 3870 2978">
    <p class='ocr_par' dir='ltr' id='par_1_89' title="bbox 2284 2900 3870 2978">
     <span class='ocr_line' id='line_1_89' title="bbox 2284 2900 3870 2978; baseline 0.003 -20"><span class='ocrx_word' id='word_1_633' title='bbox 2284 2922 2376 2958; x_wconf 91' lang='grc' dir='ltr'>σου</span> <span class='ocrx_word' id='word_1_634' title='bbox 2411 2906 2596 2976; x_wconf 86' lang='grc' dir='ltr'>μονήν.</span> <span class='ocrx_word' id='word_1_635' title='bbox 2642 2900 2716 2957; x_wconf 85' lang='grc' dir='ltr'>Εὖ</span> <span class='ocrx_word' id='word_1_636' title='bbox 2749 2905 2856 2976; x_wconf 87' lang='grc' dir='ltr'>γάρ</span> <span class='ocrx_word' id='word_1_637' title='bbox 2899 2904 2994 2957; x_wconf 80' lang='grc' dir='ltr'>οἶδ’</span> <span class='ocrx_word' id='word_1_638' title='bbox 3024 2907 3106 2959; x_wconf 85' lang='grc' dir='ltr'>ὅτι</span> <span class='ocrx_word' id='word_1_639' title='bbox 3141 2906 3202 2960; x_wconf 87' lang='grc' dir='ltr'>οὐ</span> <span class='ocrx_word' id='word_1_640' title='bbox 3246 2906 3430 2978; x_wconf 82' lang='grc' dir='ltr'>παύσῃ</span> <span class='ocrx_word' id='word_1_641' title='bbox 3477 2909 3655 2962; x_wconf 89' lang='grc' dir='ltr'>πάντα</span> <span class='ocrx_word' id='word_1_642' title='bbox 3690 2909 3870 2963; x_wconf 82' lang='grc' dir='ltr'>ποιῶν</span> 
     </span>
    </p>
   </div>
   <div class='ocr_carea' id='block_1_90' title="bbox 2281 2995 3869 3070">
    <p class='ocr_par' dir='ltr' id='par_1_90' title="bbox 2281 2995 3869 3070">
     <span class='ocr_line' id='line_1_90' title="bbox 2281 2995 3869 3070; baseline 0.003 -21"><span class='ocrx_word' id='word_1_643' title='bbox 2281 2997 2380 3049; x_wconf 79' lang='grc' dir='ltr'>καὶ</span> <span class='ocrx_word' id='word_1_644' title='bbox 2411 2998 2950 3066; x_wconf 86' lang='grc' dir='ltr'>πραγματευόμενος,</span> <span class='ocrx_word' id='word_1_645' title='bbox 2989 2995 3132 3049; x_wconf 82' lang='grc' dir='ltr'>ὥστε</span> <span class='ocrx_word' id='word_1_646' title='bbox 3164 2997 3439 3068; x_wconf 85' lang='grc' dir='ltr'>ἐμπλῆσαι</span> <span class='ocrx_word' id='word_1_647' title='bbox 3481 2998 3577 3070; x_wconf 71' lang='grc' dir='ltr'>τὴν</span> <span class='ocrx_word' id='word_1_648' title='bbox 3605 3000 3869 3070; x_wconf 74' lang='grc' dir='ltr'>Φοινίκην</span> 
     </span>
    </p>
   </div>
   <div class='ocr_carea' id='block_1_91' title="bbox 2281 3086 3866 3165">
    <p class='ocr_par' dir='ltr' id='par_1_91' title="bbox 2281 3086 3866 3165">
     <span class='ocr_line' id='line_1_91' title="bbox 2281 3086 3866 3165; baseline 0.003 -25"><span class='ocrx_word' id='word_1_649' title='bbox 2281 3088 2540 3157; x_wconf 88' lang='grc' dir='ltr'>γενναίων</span> <span class='ocrx_word' id='word_1_650' title='bbox 2561 3086 2790 3158; x_wconf 83' lang='grc' dir='ltr'>ἀνδρῶν,</span> <span class='ocrx_word' id='word_1_651' title='bbox 2816 3088 2909 3140; x_wconf 79' lang='grc' dir='ltr'>καὶ</span> <span class='ocrx_word' id='word_1_652' title='bbox 2934 3088 3060 3152; x_wconf 90' lang='grc' dir='ltr'>τούς</span> <span class='ocrx_word' id='word_1_653' title='bbox 3085 3106 3142 3142; x_wconf 89' lang='grc' dir='ltr'>τε</span> <span class='ocrx_word' id='word_1_654' title='bbox 3174 3091 3291 3142; x_wconf 85' lang='grc' dir='ltr'>ἐκεῖ</span> <span class='ocrx_word' id='word_1_655' title='bbox 3320 3091 3700 3163; x_wconf 86' lang='grc' dir='ltr'>μεμενηκότας</span> <span class='ocrx_word' id='word_1_656' title='bbox 3729 3109 3832 3165; x_wconf 82' lang='grc' dir='ltr'>στη</span> <span class='ocrx_word' id='word_1_657' title='bbox 3848 3122 3866 3135; x_wconf 77' lang='grc' dir='ltr'><strong>ο</strong></span> 
     </span>
    </p>
   </div>
   <div class='ocr_carea' id='block_1_92' title="bbox 2281 3178 3868 3251">
    <p class='ocr_par' dir='ltr' id='par_1_92' title="bbox 2281 3178 3868 3251">
     <span class='ocr_line' id='line_1_92' title="bbox 2281 3178 3868 3251; baseline 0.004 -20"><span class='ocrx_word' id='word_1_658' title='bbox 2281 3179 2447 3250; x_wconf 88' lang='grc' dir='ltr'>ρίζων</span> <span class='ocrx_word' id='word_1_659' title='bbox 2495 3180 2586 3232; x_wconf 71' lang='grc' dir='ltr'>ἐπὶ</span> <span class='ocrx_word' id='word_1_660' title='bbox 2621 3179 2802 3242; x_wconf 84' lang='grc' dir='ltr'>πλέον,</span> <span class='ocrx_word' id='word_1_661' title='bbox 2853 3178 2992 3232; x_wconf 84' lang='grc' dir='ltr'>ὥστε</span> <span class='ocrx_word' id='word_1_662' title='bbox 3037 3180 3112 3251; x_wconf 84' lang='grc' dir='ltr'>μὴ</span> <span class='ocrx_word' id='word_1_663' title='bbox 3155 3181 3396 3250; x_wconf 84' lang='grc' dir='ltr'>ἀφέντας</span> <span class='ocrx_word' id='word_1_664' title='bbox 3427 3181 3496 3236; x_wconf 91' lang='grc' dir='ltr'>τά</span> <span class='ocrx_word' id='word_1_665' title='bbox 3527 3183 3717 3236; x_wconf 87' lang='grc' dir='ltr'>αὐτόθι</span> <span class='ocrx_word' id='word_1_666' title='bbox 3762 3185 3868 3238; x_wconf 75' lang='grc' dir='ltr'>ἰπ-</span> 
     </span>
    </p>
   </div>
   <div class='ocr_carea' id='block_1_93' title="bbox 2280 3270 3870 3344">
    <p class='ocr_par' dir='ltr' id='par_1_93' title="bbox 2280 3270 3870 3344">
     <span class='ocr_line' id='line_1_93' title="bbox 2280 3270 3870 3344; baseline 0.003 -20"><span class='ocrx_word' id='word_1_667' title='bbox 2280 3270 2542 3334; x_wconf 86' lang='grc' dir='ltr'>ανελθεῖν,</span> <span class='ocrx_word' id='word_1_668' title='bbox 2569 3271 2696 3334; x_wconf 89' lang='grc' dir='ltr'>τούς</span> <span class='ocrx_word' id='word_1_669' title='bbox 2724 3288 2784 3324; x_wconf 85' lang='grc' dir='ltr'>τε</span> <span class='ocrx_word' id='word_1_670' title='bbox 2816 3272 3043 3340; x_wconf 90' lang='grc' dir='ltr'>πλησίον</span> <span class='ocrx_word' id='word_1_671' title='bbox 3076 3271 3236 3336; x_wconf 77' lang='grc' dir='ltr'>ὄντας</span> <span class='ocrx_word' id='word_1_672' title='bbox 3265 3273 3571 3343; x_wconf 86' lang='grc' dir='ltr'>ἀναζητῶν,</span> <span class='ocrx_word' id='word_1_673' title='bbox 3599 3275 3693 3327; x_wconf 73' lang='grc' dir='ltr'>καὶ</span> <span class='ocrx_word' id='word_1_674' title='bbox 3722 3275 3870 3344; x_wconf 87' lang='grc' dir='ltr'>μετά</span> 
     </span>
    </p>
   </div>
   <div class='ocr_carea' id='block_1_94' title="bbox 2281 3362 3869 3436">
    <p class='ocr_par' dir='ltr' id='par_1_94' title="bbox 2281 3362 3869 3436">
     <span class='ocr_line' id='line_1_94' title="bbox 2281 3362 3869 3436; baseline 0.001 -21"><span class='ocrx_word' id='word_1_675' title='bbox 2281 3362 2484 3432; x_wconf 84' lang='grc' dir='ltr'>πολλῆς</span> <span class='ocrx_word' id='word_1_676' title='bbox 2503 3363 2804 3433; x_wconf 81' lang='grc' dir='ltr'>ἐκπέμπων</span> <span class='ocrx_word' id='word_1_677' title='bbox 2827 3362 3157 3433; x_wconf 85' lang='grc' dir='ltr'>προθυμίας,</span> <span class='ocrx_word' id='word_1_678' title='bbox 3182 3363 3315 3416; x_wconf 81' lang='grc' dir='ltr'>πᾶσί</span> <span class='ocrx_word' id='word_1_679' title='bbox 3341 3381 3400 3416; x_wconf 89' lang='grc' dir='ltr'>τε</span> <span class='ocrx_word' id='word_1_680' title='bbox 3423 3364 3611 3434; x_wconf 85' lang='grc' dir='ltr'>κέρδος</span> <span class='ocrx_word' id='word_1_681' title='bbox 3636 3367 3869 3436; x_wconf 81' lang='grc' dir='ltr'>γινόμε-</span> 
     </span>
    </p>
   </div>
   <div class='ocr_carea' id='block_1_95' title="bbox 2280 3453 3870 3527">
    <p class='ocr_par' dir='ltr' id='par_1_95' title="bbox 2280 3453 3870 3527">
     <span class='ocr_line' id='line_1_95' title="bbox 2280 3453 3870 3527; baseline 0.001 -21"><span class='ocrx_word' id='word_1_682' title='bbox 2280 3470 2372 3516; x_wconf 90' lang='grc' dir='ltr'>νος</span> <span class='ocrx_word' id='word_1_683' title='bbox 2404 3453 2658 3522; x_wconf 87' lang='grc' dir='ltr'>μέγιστον</span> <span class='ocrx_word' id='word_1_684' title='bbox 2681 3455 2796 3516; x_wconf 90' lang='grc' dir='ltr'>τοῖς</span> <span class='ocrx_word' id='word_1_685' title='bbox 2829 3469 2889 3505; x_wconf 88' lang='grc' dir='ltr'>τε</span> <span class='ocrx_word' id='word_1_686' title='bbox 2928 3453 3118 3521; x_wconf 85' lang='grc' dir='ltr'>ἐγγὺς,</span> <span class='ocrx_word' id='word_1_687' title='bbox 3143 3455 3254 3517; x_wconf 84' lang='grc' dir='ltr'>τοῖς</span> <span class='ocrx_word' id='word_1_688' title='bbox 3278 3471 3338 3507; x_wconf 89' lang='grc' dir='ltr'>τε</span> <span class='ocrx_word' id='word_1_689' title='bbox 3364 3455 3604 3525; x_wconf 72' lang='grc' dir='ltr'>μακράν,</span> <span class='ocrx_word' id='word_1_690' title='bbox 3641 3458 3739 3510; x_wconf 71' lang='grc' dir='ltr'>καὶ</span> <span class='ocrx_word' id='word_1_691' title='bbox 3765 3458 3870 3527; x_wconf 67' lang='grc' dir='ltr'>τὴν</span> 
     </span>
    </p>
   </div>
   <div class='ocr_carea' id='block_1_96' title="bbox 2280 3544 3870 3617">
    <p class='ocr_par' dir='ltr' id='par_1_96' title="bbox 2280 3544 3870 3617">
     <span class='ocr_line' id='line_1_96' title="bbox 2280 3544 3870 3617; baseline 0.003 -21"><span class='ocrx_word' id='word_1_692' title='bbox 2280 3544 2388 3596; x_wconf 89' lang='grc' dir='ltr'>τῶν</span> <span class='ocrx_word' id='word_1_693' title='bbox 2417 3544 2723 3615; x_wconf 85' lang='grc' dir='ltr'>ἀρωμάτων</span> <span class='ocrx_word' id='word_1_694' title='bbox 2748 3544 3084 3614; x_wconf 85' lang='grc' dir='ltr'>μιμούμενος</span> <span class='ocrx_word' id='word_1_695' title='bbox 3111 3546 3292 3614; x_wconf 87' lang='grc' dir='ltr'>φύσιν,</span> <span class='ocrx_word' id='word_1_696' title='bbox 3315 3545 3458 3617; x_wconf 76' lang='grc' dir='ltr'>άπερ</span> <span class='ocrx_word' id='word_1_697' title='bbox 3481 3548 3542 3599; x_wconf 92' lang='grc' dir='ltr'>οὑ</span> <span class='ocrx_word' id='word_1_698' title='bbox 3572 3547 3663 3600; x_wconf 82' lang='grc' dir='ltr'>τὸν</span> <span class='ocrx_word' id='word_1_699' title='bbox 3695 3551 3870 3601; x_wconf 83' lang='grc' dir='ltr'>τόπον</span> 
     </span>
    </p>
   </div>
   <div class='ocr_carea' id='block_1_97' title="bbox 2285 3637 3869 3712">
    <p class='ocr_par' dir='ltr' id='par_1_97' title="bbox 2285 3637 3869 3712">
     <span class='ocr_line' id='line_1_97' title="bbox 2285 3637 3869 3712; baseline 0.003 -22"><span class='ocrx_word' id='word_1_700' title='bbox 2285 3637 2444 3708; x_wconf 85' lang='grc' dir='ltr'>μόνον</span> <span class='ocrx_word' id='word_1_701' title='bbox 2471 3638 2562 3689; x_wconf 81' lang='grc' dir='ltr'>τὸν</span> <span class='ocrx_word' id='word_1_702' title='bbox 2596 3637 2991 3707; x_wconf 87' lang='grc' dir='ltr'>ὑποδεχόμενον</span> <span class='ocrx_word' id='word_1_703' title='bbox 3015 3638 3177 3704; x_wconf 83' lang='grc' dir='ltr'>αὐτὰ,</span> <span class='ocrx_word' id='word_1_704' title='bbox 3211 3638 3349 3691; x_wconf 90' lang='grc' dir='ltr'>ἀλλά</span> <span class='ocrx_word' id='word_1_705' title='bbox 3375 3639 3471 3692; x_wconf 77' lang='grc' dir='ltr'>καὶ</span> <span class='ocrx_word' id='word_1_706' title='bbox 3499 3639 3592 3692; x_wconf 78' lang='grc' dir='ltr'>τὸν</span> <span class='ocrx_word' id='word_1_707' title='bbox 3617 3641 3869 3712; x_wconf 76' lang='grc' dir='ltr'>ἀφεστηο</span> 
     </span>
    </p>
   </div>
   <div class='ocr_carea' id='block_1_98' title="bbox 2281 3728 3620 3800">
    <p class='ocr_par' dir='ltr' id='par_1_98' title="bbox 2281 3728 3620 3800">
     <span class='ocr_line' id='line_1_98' title="bbox 2281 3728 3620 3800; baseline 0.001 -19"><span class='ocrx_word' id='word_1_708' title='bbox 2281 3729 2415 3782; x_wconf 87' lang='grc' dir='ltr'>κότα</span> <span class='ocrx_word' id='word_1_709' title='bbox 2450 3728 2588 3796; x_wconf 88' lang='grc' dir='ltr'>ἀέρα</span> <span class='ocrx_word' id='word_1_710' title='bbox 2619 3728 2820 3792; x_wconf 79' lang='grc' dir='ltr'>πολλῆς</span> <span class='ocrx_word' id='word_1_711' title='bbox 2849 3729 3200 3800; x_wconf 78' lang='grc' dir='ltr'>ἐμπίμπλησι</span> <span class='ocrx_word' id='word_1_712' title='bbox 3234 3729 3335 3799; x_wconf 81' lang='grc' dir='ltr'>τῆς</span> <span class='ocrx_word' id='word_1_713' title='bbox 3367 3730 3620 3794; x_wconf 84' lang='grc' dir='ltr'>εὐωδίας.</span> 
     </span>
    </p>
   </div>
   <div class='ocr_carea' id='block_1_99' title="bbox 2531 3834 3610 3907">
    <p class='ocr_par' dir='ltr' id='par_1_99' title="bbox 2531 3834 3610 3907">
     <span class='ocr_line' id='line_1_99' title="bbox 2531 3834 3610 3907; baseline 0.005 -19"><span class='ocrx_word' id='word_1_714' title='bbox 2531 3834 2681 3907; x_wconf 72' lang='grc'>[625]</span> <span class='ocrx_word' id='word_1_715' title='bbox 2722 3838 2849 3891; x_wconf 85' lang='grc' dir='ltr'>ΝΔ’.</span> <span class='ocrx_word' id='word_1_716' title='bbox 2887 3837 3185 3903; x_wconf 83' lang='grc' dir='ltr'>Γεροντίῳ</span> <span class='ocrx_word' id='word_1_717' title='bbox 3211 3839 3610 3907; x_wconf 78' lang='grc' dir='ltr'>πρεσϐυτέρῳ.</span> 
     </span>
    </p>
   </div>
   <div class='ocr_carea' id='block_1_100' title="bbox 2353 3943 3864 4018">
    <p class='ocr_par' dir='ltr' id='par_1_100' title="bbox 2353 3943 3864 4018">
     <span class='ocr_line' id='line_1_100' title="bbox 2353 3943 3864 4018; baseline 0.003 -21"><span class='ocrx_word' id='word_1_718' title='bbox 2353 3944 2460 3997; x_wconf 79' lang='grc' dir='ltr'>Καὶ</span> <span class='ocrx_word' id='word_1_719' title='bbox 2495 3944 2597 4014; x_wconf 75' lang='grc' dir='ltr'>ήδη</span> <span class='ocrx_word' id='word_1_720' title='bbox 2631 3943 2728 4014; x_wconf 81' lang='grc' dir='ltr'>μὲν</span> <span class='ocrx_word' id='word_1_721' title='bbox 2757 3943 3070 3998; x_wconf 75' lang='grc' dir='ltr'>ἐπέσταλκά</span> <span class='ocrx_word' id='word_1_722' title='bbox 3109 3962 3202 3999; x_wconf 88' lang='grc' dir='ltr'>σου</span> <span class='ocrx_word' id='word_1_723' title='bbox 3243 3945 3382 4018; x_wconf 72' lang='grc' dir='ltr'>πρὸς</span> <span class='ocrx_word' id='word_1_724' title='bbox 3423 3947 3522 4017; x_wconf 82' lang='grc' dir='ltr'>τὴν</span> <span class='ocrx_word' id='word_1_725' title='bbox 3548 3946 3864 4012; x_wconf 78' lang='grc' dir='ltr'>εὐλάϐειαν,</span> 
     </span>
    </p>
   </div>
   <div class='ocr_carea' id='block_1_101' title="bbox 2281 4033 3870 4113">
    <p class='ocr_par' dir='ltr' id='par_1_101' title="bbox 2281 4033 3870 4113">
     <span class='ocr_line' id='line_1_101' title="bbox 2281 4033 3870 4113; baseline 0.004 -26"><span class='ocrx_word' id='word_1_726' title='bbox 2281 4037 2507 4106; x_wconf 88' lang='grc' dir='ltr'>νομίσας</span> <span class='ocrx_word' id='word_1_727' title='bbox 2535 4052 2593 4087; x_wconf 88' lang='grc' dir='ltr'>σε</span> <span class='ocrx_word' id='word_1_728' title='bbox 2633 4037 2690 4089; x_wconf 83' lang='grc' dir='ltr'>ἐν</span> <span class='ocrx_word' id='word_1_729' title='bbox 2721 4034 2942 4106; x_wconf 79' lang='grc' dir='ltr'>Φοινίκῃ</span> <span class='ocrx_word' id='word_1_730' title='bbox 2975 4033 3114 4090; x_wconf 80' lang='grc' dir='ltr'>εἶναι</span> <span class='ocrx_word' id='word_1_731' title='bbox 3135 4075 3149 4099; x_wconf 92' lang='grc'>,</span> <span class='ocrx_word' id='word_1_732' title='bbox 3185 4037 3288 4113; x_wconf 63' lang='grc' dir='ltr'>καὶδ</span> <span class='ocrx_word' id='word_1_733' title='bbox 3322 4037 3416 4091; x_wconf 91' lang='grc' dir='ltr'>νῦν</span> <span class='ocrx_word' id='word_1_734' title='bbox 3463 4037 3519 4091; x_wconf 82' lang='grc' dir='ltr'>δὲ</span> <span class='ocrx_word' id='word_1_735' title='bbox 3562 4039 3870 4094; x_wconf 74' lang='grc' dir='ltr'>ἐπιστέλλω</span> 
     </span>
    </p>
   </div>
   <div class='ocr_carea' id='block_1_102' title="bbox 2281 4125 3868 4200">
    <p class='ocr_par' dir='ltr' id='par_1_102' title="bbox 2281 4125 3868 4200">
     <span class='ocr_line' id='line_1_102' title="bbox 2281 4125 3868 4200; baseline 0.004 -21"><span class='ocrx_word' id='word_1_736' title='bbox 2281 4127 2449 4180; x_wconf 89' lang='grc' dir='ltr'>ταύτά</span> <span class='ocrx_word' id='word_1_737' title='bbox 2480 4127 2626 4196; x_wconf 79' lang='grc' dir='ltr'>άπερ</span> <span class='ocrx_word' id='word_1_738' title='bbox 2668 4129 2762 4180; x_wconf 75' lang='grc' dir='ltr'>καὶ</span> <span class='ocrx_word' id='word_1_739' title='bbox 2797 4125 3123 4197; x_wconf 77' lang='grc' dir='ltr'>ἔμπροσθεν,</span> <span class='ocrx_word' id='word_1_740' title='bbox 3152 4129 3232 4182; x_wconf 84' lang='grc' dir='ltr'>ὅτι</span> <span class='ocrx_word' id='word_1_741' title='bbox 3267 4127 3364 4182; x_wconf 90' lang='grc' dir='ltr'>νῦν</span> <span class='ocrx_word' id='word_1_742' title='bbox 3417 4129 3653 4200; x_wconf 86' lang='grc' dir='ltr'>μάλιστα</span> <span class='ocrx_word' id='word_1_743' title='bbox 3684 4132 3868 4185; x_wconf 85' lang='grc' dir='ltr'>πάντα</span> 
     </span>
    </p>
   </div>
   <div class='ocr_carea' id='block_1_103' title="bbox 2281 4219 3867 4295">
    <p class='ocr_par' dir='ltr' id='par_1_103' title="bbox 2281 4219 3867 4295">
     <span class='ocr_line' id='line_1_103' title="bbox 2281 4219 3867 4295; baseline 0.004 -24"><span class='ocrx_word' id='word_1_744' title='bbox 2281 4220 2362 4272; x_wconf 85' lang='grc' dir='ltr'>δεῖ</span> <span class='ocrx_word' id='word_1_745' title='bbox 2398 4224 2571 4273; x_wconf 88' lang='grc' dir='ltr'>ποιεῖν</span> <span class='ocrx_word' id='word_1_746' title='bbox 2604 4220 2697 4274; x_wconf 79' lang='grc' dir='ltr'>καὶ</span> <span class='ocrx_word' id='word_1_747' title='bbox 2733 4219 2985 4290; x_wconf 90' lang='grc' dir='ltr'>πάσχειν,</span> <span class='ocrx_word' id='word_1_748' title='bbox 3014 4219 3156 4274; x_wconf 84' lang='grc' dir='ltr'>ὥστε</span> <span class='ocrx_word' id='word_1_749' title='bbox 3191 4221 3264 4293; x_wconf 82' lang='grc' dir='ltr'>μὴ</span> <span class='ocrx_word' id='word_1_750' title='bbox 3300 4223 3622 4278; x_wconf 80' lang='grc' dir='ltr'>καταλιπεῖν</span> <span class='ocrx_word' id='word_1_751' title='bbox 3652 4224 3867 4295; x_wconf 75' lang='grc' dir='ltr'>ἔρημον</span> 
     </span>
    </p>
   </div>
   <div class='ocr_carea' id='block_1_104' title="bbox 2298 4308 3868 4384">
    <p class='ocr_par' dir='ltr' id='par_1_104' title="bbox 2298 4308 3868 4384">
     <span class='ocr_line' id='line_1_104' title="bbox 2298 4308 3868 4384; baseline 0.005 -25"><span class='ocrx_word' id='word_1_752' title='bbox 2298 4308 2395 4378; x_wconf 83' lang='grc' dir='ltr'>τὴν</span> <span class='ocrx_word' id='word_1_753' title='bbox 2413 4309 2581 4378; x_wconf 77' lang='grc' dir='ltr'>καλὴν</span> <span class='ocrx_word' id='word_1_754' title='bbox 2595 4308 2747 4379; x_wconf 90' lang='grc' dir='ltr'>ὑμῶν</span> <span class='ocrx_word' id='word_1_755' title='bbox 2767 4309 3061 4380; x_wconf 87' lang='grc' dir='ltr'>γεωργίαν,</span> <span class='ocrx_word' id='word_1_756' title='bbox 3072 4310 3237 4380; x_wconf 86' lang='grc' dir='ltr'>μηδὲν</span> <span class='ocrx_word' id='word_1_757' title='bbox 3249 4312 3467 4379; x_wconf 86' lang='grc' dir='ltr'>ἀφεῖναι</span> <span class='ocrx_word' id='word_1_758' title='bbox 3492 4311 3693 4380; x_wconf 86' lang='grc' dir='ltr'>διαφθα</span> <span class='ocrx_word' id='word_1_759' title='bbox 3701 4313 3868 4384; x_wconf 80' lang='grc' dir='ltr'>ρῆναί</span> 
     </span>
    </p>
   </div>
   <div class='ocr_carea' id='block_1_105' title="bbox 2282 4399 3865 4474">
    <p class='ocr_par' dir='ltr' id='par_1_105' title="bbox 2282 4399 3865 4474">
     <span class='ocr_line' id='line_1_105' title="bbox 2282 4399 3865 4474; baseline 0.004 -23"><span class='ocrx_word' id='word_1_760' title='bbox 2282 4416 2404 4452; x_wconf 90' lang='grc' dir='ltr'>τινα</span> <span class='ocrx_word' id='word_1_761' title='bbox 2435 4400 2543 4452; x_wconf 87' lang='grc' dir='ltr'>τῶν</span> <span class='ocrx_word' id='word_1_762' title='bbox 2572 4400 2672 4469; x_wconf 72' lang='grc' dir='ltr'>’ήδη</span> <span class='ocrx_word' id='word_1_763' title='bbox 2701 4399 3318 4471; x_wconf 57' lang='grc' dir='ltr'>κατορθωθέντωνε-Καὶ</span> <span class='ocrx_word' id='word_1_764' title='bbox 3344 4403 3451 4473; x_wconf 89' lang='grc' dir='ltr'>γάρ</span> <span class='ocrx_word' id='word_1_765' title='bbox 3478 4403 3572 4457; x_wconf 79' lang='grc' dir='ltr'>καὶ</span> <span class='ocrx_word' id='word_1_766' title='bbox 3599 4405 3865 4474; x_wconf 82' lang='grc' dir='ltr'>ποιμένες</span> 
     </span>
    </p>
   </div>
   <div class='ocr_carea' id='block_1_106' title="bbox 2279 4489 3866 4564">
    <p class='ocr_par' dir='ltr' id='par_1_106' title="bbox 2279 4489 3866 4564">
     <span class='ocr_line' id='line_1_106' title="bbox 2279 4489 3866 4564; baseline 0.004 -22"><span class='ocrx_word' id='word_1_767' title='bbox 2279 4490 2407 4542; x_wconf 85' lang='grc' dir='ltr'>ὅταν</span> <span class='ocrx_word' id='word_1_768' title='bbox 2443 4490 2595 4543; x_wconf 80' lang='grc' dir='ltr'>ἴδωσι</span> <span class='ocrx_word' id='word_1_769' title='bbox 2624 4489 2826 4560; x_wconf 82' lang='grc' dir='ltr'>πολλὴν</span> <span class='ocrx_word' id='word_1_770' title='bbox 2855 4489 3122 4545; x_wconf 88' lang='grc' dir='ltr'>πάντοθεν</span> <span class='ocrx_word' id='word_1_771' title='bbox 3148 4494 3261 4554; x_wconf 86' lang='grc' dir='ltr'>τοῖς</span> <span class='ocrx_word' id='word_1_772' title='bbox 3295 4493 3590 4564; x_wconf 89' lang='grc' dir='ltr'>προϐάτοις</span> <span class='ocrx_word' id='word_1_773' title='bbox 3619 4496 3866 4549; x_wconf 80' lang='grc' dir='ltr'>ἐπιτιθε-</span> 
     </span>
    </p>
   </div>
   <div class='ocr_carea' id='block_1_107' title="bbox 2285 4580 3865 4656">
    <p class='ocr_par' dir='ltr' id='par_1_107' title="bbox 2285 4580 3865 4656">
     <span class='ocr_line' id='line_1_107' title="bbox 2285 4580 3865 4656; baseline 0.004 -22"><span class='ocrx_word' id='word_1_774' title='bbox 2285 4581 2455 4653; x_wconf 85' lang='grc' dir='ltr'>μένην</span> <span class='ocrx_word' id='word_1_775' title='bbox 2494 4580 2694 4652; x_wconf 90' lang='grc' dir='ltr'>λύμην,</span> <span class='ocrx_word' id='word_1_776' title='bbox 2735 4582 2856 4634; x_wconf 91' lang='grc' dir='ltr'>τότε</span> <span class='ocrx_word' id='word_1_777' title='bbox 2896 4583 3132 4652; x_wconf 83' lang='grc' dir='ltr'>μάλιστα</span> <span class='ocrx_word' id='word_1_778' title='bbox 3157 4584 3503 4656; x_wconf 85' lang='grc' dir='ltr'>ἀγρυπνοῦσι</span> <span class='ocrx_word' id='word_1_779' title='bbox 3531 4587 3628 4638; x_wconf 77' lang='grc' dir='ltr'>καὶ</span> <span class='ocrx_word' id='word_1_780' title='bbox 3662 4587 3865 4655; x_wconf 83' lang='grc' dir='ltr'>διεγεί-</span> 
     </span>
    </p>
   </div>
   <div class='ocr_carea' id='block_1_108' title="bbox 2282 4674 3860 4752">
    <p class='ocr_par' dir='ltr' id='par_1_108' title="bbox 2282 4674 3860 4752">
     <span class='ocr_line' id='line_1_108' title="bbox 2282 4674 3860 4752; baseline 0.005 -26"><span class='ocrx_word' id='word_1_781' title='bbox 2282 4690 2488 4744; x_wconf 87' lang='grc' dir='ltr'>ρονται,</span> <span class='ocrx_word' id='word_1_782' title='bbox 2523 4676 2618 4726; x_wconf 78' lang='grc' dir='ltr'>καὶ</span> <span class='ocrx_word' id='word_1_783' title='bbox 2666 4675 2954 4745; x_wconf 79' lang='grc' dir='ltr'>σφενδόνην</span> <span class='ocrx_word' id='word_1_784' title='bbox 2997 4674 3454 4747; x_wconf 82' lang='grc' dir='ltr'>μεταχειρίζουσι,</span> <span class='ocrx_word' id='word_1_785' title='bbox 3489 4677 3583 4731; x_wconf 76' lang='grc' dir='ltr'>καὶ</span> <span class='ocrx_word' id='word_1_786' title='bbox 3612 4681 3678 4750; x_wconf 78' lang='grc' dir='ltr'>τῇ</span> <span class='ocrx_word' id='word_1_787' title='bbox 3722 4681 3860 4752; x_wconf 75' lang='grc' dir='ltr'>άλλη</span> 
     </span>
    </p>
   </div>
   <div class='ocr_carea' id='block_1_109' title="bbox 2280 4765 3860 4843">
    <p class='ocr_par' dir='ltr' id='par_1_109' title="bbox 2280 4765 3860 4843">
     <span class='ocr_line' id='line_1_109' title="bbox 2280 4765 3860 4843; baseline 0.005 -27"><span class='ocrx_word' id='word_1_788' title='bbox 2280 4766 2578 4835; x_wconf 86' lang='grc' dir='ltr'>κέχρηνται</span> <span class='ocrx_word' id='word_1_789' title='bbox 2608 4765 2792 4837; x_wconf 80' lang='grc' dir='ltr'>τέχνη,</span> <span class='ocrx_word' id='word_1_790' title='bbox 2827 4765 2969 4819; x_wconf 81' lang='grc' dir='ltr'>ὥστε</span> <span class='ocrx_word' id='word_1_791' title='bbox 3000 4769 3180 4820; x_wconf 85' lang='grc' dir='ltr'>πᾶσαν</span> <span class='ocrx_word' id='word_1_792' title='bbox 3212 4767 3313 4837; x_wconf 82' lang='grc' dir='ltr'>τῆς</span> <span class='ocrx_word' id='word_1_793' title='bbox 3351 4768 3553 4839; x_wconf 87' lang='grc' dir='ltr'>ἀγέλης</span> <span class='ocrx_word' id='word_1_794' title='bbox 3579 4770 3860 4843; x_wconf 84' lang='grc' dir='ltr'>ἀπελάσαι</span> 
     </span>
    </p>
   </div>
   <div class='ocr_carea' id='block_1_110' title="bbox 2281 4857 3861 4930">
    <p class='ocr_par' dir='ltr' id='par_1_110' title="bbox 2281 4857 3861 4930">
     <span class='ocr_line' id='line_1_110' title="bbox 2281 4857 3861 4930; baseline 0.006 -22"><span class='ocrx_word' id='word_1_795' title='bbox 2281 4857 2507 4926; x_wconf 87' lang='grc' dir='ltr'>βλάϐην.</span> <span class='ocrx_word' id='word_1_796' title='bbox 2556 4857 2620 4909; x_wconf 78' lang='lat' dir='ltr'>EE</span> <span class='ocrx_word' id='word_1_797' title='bbox 2665 4857 2772 4927; x_wconf 87' lang='grc' dir='ltr'>γὰρ</span> <span class='ocrx_word' id='word_1_798' title='bbox 2822 4858 3072 4928; x_wconf 89' lang='grc' dir='ltr'>πρόϐατα</span> <span class='ocrx_word' id='word_1_799' title='bbox 3121 4859 3291 4928; x_wconf 79' lang='grc' dir='ltr'>ἄλογα</span> <span class='ocrx_word' id='word_1_800' title='bbox 3340 4862 3776 4930; x_wconf 86' lang='grc' dir='ltr'>πεπιστευμένος</span> <span class='ocrx_word' id='word_1_801' title='bbox 3828 4867 3861 4918; x_wconf 84' lang='grc' dir='ltr'>ό</span> 
     </span>
    </p>
   </div>
   <div class='ocr_carea' id='block_1_111' title="bbox 2293 4947 3860 5021">
    <p class='ocr_par' dir='ltr' id='par_1_111' title="bbox 2293 4947 3860 5021">
     <span class='ocr_line' id='line_1_111' title="bbox 2293 4947 3860 5021; baseline 0.003 -19"><span class='ocrx_word' id='word_1_802' title='bbox 2293 4947 2490 5002; x_wconf 83' lang='grc' dir='ltr'>Ἰακὼϐ</span> <span class='ocrx_word' id='word_1_803' title='bbox 2512 4988 2526 5012; x_wconf 95' lang='grc'>,</span> <span class='ocrx_word' id='word_1_804' title='bbox 2575 4948 2669 5016; x_wconf 81' lang='grc' dir='ltr'>ἐτη</span> <span class='ocrx_word' id='word_1_805' title='bbox 2702 4949 3079 5021; x_wconf 89' lang='grc' dir='ltr'>δεκατέσσαρα</span> <span class='ocrx_word' id='word_1_806' title='bbox 3111 4951 3376 5004; x_wconf 87' lang='grc' dir='ltr'>διετέλεσε</span> <span class='ocrx_word' id='word_1_807' title='bbox 3419 4951 3722 5017; x_wconf 84' lang='grc' dir='ltr'>δουλεύων,</span> <span class='ocrx_word' id='word_1_808' title='bbox 3763 4955 3860 5007; x_wconf 74' lang='grc' dir='ltr'>καὶ</span> 
     </span>
    </p>
   </div>
   <div class='ocr_carea' id='block_1_112' title="bbox 2282 5039 3858 5115">
    <p class='ocr_par' dir='ltr' id='par_1_112' title="bbox 2282 5039 3858 5115">
     <span class='ocr_line' id='line_1_112' title="bbox 2282 5039 3858 5115; baseline 0.003 -23"><span class='ocrx_word' id='word_1_809' title='bbox 2282 5040 2477 5094; x_wconf 86' lang='grc' dir='ltr'>θάλπει</span> <span class='ocrx_word' id='word_1_810' title='bbox 2509 5041 2605 5093; x_wconf 76' lang='grc' dir='ltr'>καὶ</span> <span class='ocrx_word' id='word_1_811' title='bbox 2646 5039 2808 5111; x_wconf 76' lang='grc' dir='ltr'>ψύχει</span> <span class='ocrx_word' id='word_1_812' title='bbox 2851 5040 3401 5111; x_wconf 89' lang='grc' dir='ltr'>ταλαιπωρούμενος,</span> <span class='ocrx_word' id='word_1_813' title='bbox 3438 5042 3533 5095; x_wconf 75' lang='grc' dir='ltr'>καὶ</span> <span class='ocrx_word' id='word_1_814' title='bbox 3575 5043 3858 5115; x_wconf 69' lang='grc' dir='ltr'>ἀγρυπνία</span> 
     </span>
    </p>
   </div>
   <div class='ocr_carea' id='block_1_113' title="bbox 2281 5131 3856 5204">
    <p class='ocr_par' dir='ltr' id='par_1_113' title="bbox 2281 5131 3856 5204">
     <span class='ocr_line' id='line_1_113' title="bbox 2281 5131 3856 5204; baseline 0.003 -21"><span class='ocrx_word' id='word_1_815' title='bbox 2281 5131 2478 5200; x_wconf 84' lang='grc' dir='ltr'>πολλῇ,</span> <span class='ocrx_word' id='word_1_816' title='bbox 2502 5131 2594 5182; x_wconf 72' lang='grc' dir='ltr'>καὶ</span> <span class='ocrx_word' id='word_1_817' title='bbox 2622 5131 2720 5200; x_wconf 83' lang='grc' dir='ltr'>τὴν</span> <span class='ocrx_word' id='word_1_818' title='bbox 2744 5133 2980 5201; x_wconf 81' lang='grc' dir='ltr'>ἐσχάτην</span> <span class='ocrx_word' id='word_1_819' title='bbox 3006 5133 3226 5203; x_wconf 87' lang='grc' dir='ltr'>θητείαν</span> <span class='ocrx_word' id='word_1_820' title='bbox 3255 5133 3568 5204; x_wconf 75' lang='grc' dir='ltr'>ἐθήτευσεν,</span> <span class='ocrx_word' id='word_1_821' title='bbox 3595 5136 3856 5204; x_wconf 79' lang='grc' dir='ltr'>ἐννόησον</span> 
     </span>
    </p>
   </div>
   <div class='ocr_carea' id='block_1_114' title="bbox 2279 5225 3855 5300">
    <p class='ocr_par' dir='ltr' id='par_1_114' title="bbox 2279 5225 3855 5300">
     <span class='ocr_line' id='line_1_114' title="bbox 2279 5225 3855 5300; baseline 0.003 -23"><span class='ocrx_word' id='word_1_822' title='bbox 2279 5225 2378 5277; x_wconf 83' lang='grc' dir='ltr'>ὅσα</span> <span class='ocrx_word' id='word_1_823' title='bbox 2413 5225 2508 5276; x_wconf 83' lang='grc' dir='ltr'>καὶ</span> <span class='ocrx_word' id='word_1_824' title='bbox 2561 5227 2732 5276; x_wconf 89' lang='grc' dir='ltr'>ποιεῖν</span> <span class='ocrx_word' id='word_1_825' title='bbox 2779 5226 2874 5278; x_wconf 76' lang='grc' dir='ltr'>καὶ</span> <span class='ocrx_word' id='word_1_826' title='bbox 2911 5226 3141 5295; x_wconf 87' lang='grc' dir='ltr'>πάσχειν</span> <span class='ocrx_word' id='word_1_827' title='bbox 3180 5226 3284 5298; x_wconf 79' lang='grc' dir='ltr'>χρὴ</span> <span class='ocrx_word' id='word_1_828' title='bbox 3321 5227 3451 5291; x_wconf 82' lang='grc' dir='ltr'>τοὺς</span> <span class='ocrx_word' id='word_1_829' title='bbox 3493 5228 3562 5280; x_wconf 88' lang='grc' dir='ltr'>τά</span> <span class='ocrx_word' id='word_1_830' title='bbox 3600 5227 3855 5300; x_wconf 86' lang='grc' dir='ltr'>πρόϐατα</span> 
     </span>
    </p>
   </div>
   <div class='ocr_carea' id='block_1_115' title="bbox 2279 5315 3853 5389">
    <p class='ocr_par' dir='ltr' id='par_1_115' title="bbox 2279 5315 3853 5389">
     <span class='ocr_line' id='line_1_115' title="bbox 2279 5315 3853 5389; baseline 0.001 -21"><span class='ocrx_word' id='word_1_831' title='bbox 2279 5315 2475 5384; x_wconf 85' lang='grc' dir='ltr'>λογικὰ</span> <span class='ocrx_word' id='word_1_832' title='bbox 2507 5315 3050 5387; x_wconf 81' lang='grc' dir='ltr'>ἐμπεπιστευμένους</span> <span class='ocrx_word' id='word_1_833' title='bbox 3073 5358 3087 5382; x_wconf 86' lang='grc'>,</span> <span class='ocrx_word' id='word_1_834' title='bbox 3140 5319 3280 5388; x_wconf 82' lang='grc' dir='ltr'>ὑπὲρ</span> <span class='ocrx_word' id='word_1_835' title='bbox 3312 5317 3407 5372; x_wconf 87' lang='grc' dir='ltr'>τοῦ</span> <span class='ocrx_word' id='word_1_836' title='bbox 3459 5317 3624 5389; x_wconf 69' lang='grc' dir='ltr'>μηδὲν</span> <span class='ocrx_word' id='word_1_837' title='bbox 3667 5320 3853 5372; x_wconf 82' lang='grc' dir='ltr'>αὐτῶν</span> 
     </span>
    </p>
   </div>
   <div class='ocr_carea' id='block_1_116' title="bbox 2279 5407 3848 5482">
    <p class='ocr_par' dir='ltr' id='par_1_116' title="bbox 2279 5407 3848 5482">
     <span class='ocr_line' id='line_1_116' title="bbox 2279 5407 3848 5482; baseline 0.001 -22"><span class='ocrx_word' id='word_1_838' title='bbox 2279 5407 2708 5479; x_wconf 84' lang='grc' dir='ltr'>παραπολέσθαι.</span> <span class='ocrx_word' id='word_1_839' title='bbox 2747 5410 3059 5481; x_wconf 90' lang='grc' dir='ltr'>Παρακαλῶ</span> <span class='ocrx_word' id='word_1_840' title='bbox 3087 5411 3267 5464; x_wconf 90' lang='grc' dir='ltr'>τοίνυν</span> <span class='ocrx_word' id='word_1_841' title='bbox 3297 5427 3389 5463; x_wconf 90' lang='grc' dir='ltr'>σου</span> <span class='ocrx_word' id='word_1_842' title='bbox 3420 5411 3518 5482; x_wconf 83' lang='grc' dir='ltr'>τὴν</span> <span class='ocrx_word' id='word_1_843' title='bbox 3539 5410 3848 5471; x_wconf 85' lang='grc' dir='ltr'>εὐλάϐειαν,</span> 
     </span>
    </p>
   </div>
   <div class='ocr_carea' id='block_1_117' title="bbox 2277 5498 3852 5570">
    <p class='ocr_par' dir='ltr' id='par_1_117' title="bbox 2277 5498 3852 5570">
     <span class='ocr_line' id='line_1_117' title="bbox 2277 5498 3852 5570; baseline 0.003 -20"><span class='ocrx_word' id='word_1_844' title='bbox 2277 5500 2386 5568; x_wconf 83' lang='grc' dir='ltr'>ὅσῳ</span> <span class='ocrx_word' id='word_1_845' title='bbox 2419 5499 2619 5568; x_wconf 85' lang='grc' dir='ltr'>μείζων</span> <span class='ocrx_word' id='word_1_846' title='bbox 2667 5499 2695 5550; x_wconf 87' lang='grc' dir='ltr'>ό</span> <span class='ocrx_word' id='word_1_847' title='bbox 2735 5499 2943 5570; x_wconf 87' lang='grc' dir='ltr'>χειμὼν</span> <span class='ocrx_word' id='word_1_848' title='bbox 2966 5539 2982 5566; x_wconf 87' lang='grc'>,</span> <span class='ocrx_word' id='word_1_849' title='bbox 3037 5501 3134 5554; x_wconf 74' lang='grc' dir='ltr'>καὶ</span> <span class='ocrx_word' id='word_1_850' title='bbox 3172 5499 3394 5554; x_wconf 88' lang='grc' dir='ltr'>πλείονα</span> <span class='ocrx_word' id='word_1_851' title='bbox 3428 5499 3495 5552; x_wconf 89' lang='grc' dir='ltr'>τά</span> <span class='ocrx_word' id='word_1_852' title='bbox 3539 5498 3720 5558; x_wconf 89' lang='grc' dir='ltr'>κακά,</span> <span class='ocrx_word' id='word_1_853' title='bbox 3750 5501 3852 5555; x_wconf 75' lang='grc' dir='ltr'>καὶ</span> 
     </span>
    </p>
   </div>
   <div class='ocr_carea' id='block_1_118' title="bbox 2281 5588 3850 5661">
    <p class='ocr_par' dir='ltr' id='par_1_118' title="bbox 2281 5588 3850 5661">
     <span class='ocr_line' id='line_1_118' title="bbox 2281 5588 3850 5661; baseline 0.002 -20"><span class='ocrx_word' id='word_1_854' title='bbox 2281 5588 2489 5660; x_wconf 87' lang='grc' dir='ltr'>σφοδρά</span> <span class='ocrx_word' id='word_1_855' title='bbox 2511 5588 2582 5641; x_wconf 83' lang='grc' dir='ltr'>τὰ</span> <span class='ocrx_word' id='word_1_856' title='bbox 2608 5589 2925 5661; x_wconf 87' lang='grc' dir='ltr'>κωλύματα,</span> <span class='ocrx_word' id='word_1_857' title='bbox 2967 5594 3061 5646; x_wconf 66' lang='grc' dir='ltr'>καὶ</span> <span class='ocrx_word' id='word_1_858' title='bbox 3086 5591 3272 5646; x_wconf 78' lang='grc' dir='ltr'>πολλοὶ</span> <span class='ocrx_word' id='word_1_859' title='bbox 3301 5594 3350 5646; x_wconf 94' lang='grc' dir='ltr'>οί</span> <span class='ocrx_word' id='word_1_860' title='bbox 3383 5590 3850 5656; x_wconf 85' lang='grc' dir='ltr'>ἐπιϐουλεύοντες,</span> 
     </span>
    </p>
   </div>
   <div class='ocr_carea' id='block_1_119' title="bbox 2279 5681 3840 5756">
    <p class='ocr_par' dir='ltr' id='par_1_119' title="bbox 2279 5681 3840 5756">
     <span class='ocr_line' id='line_1_119' title="bbox 2279 5681 3840 5756; baseline 0.002 -23"><span class='ocrx_word' id='word_1_861' title='bbox 2279 5681 2516 5750; x_wconf 84' lang='grc' dir='ltr'>τοσούτῳ</span> <span class='ocrx_word' id='word_1_862' title='bbox 2557 5681 2758 5751; x_wconf 81' lang='grc' dir='ltr'>μᾶλλον</span> <span class='ocrx_word' id='word_1_863' title='bbox 2786 5683 2882 5736; x_wconf 81' lang='grc' dir='ltr'>καὶ</span> <span class='ocrx_word' id='word_1_864' title='bbox 2907 5685 3070 5739; x_wconf 77' lang='grc' dir='ltr'>αὐτὸν</span> <span class='ocrx_word' id='word_1_865' title='bbox 3094 5685 3472 5756; x_wconf 79' lang='grc' dir='ltr'>διαναστῆσαι,</span> <span class='ocrx_word' id='word_1_866' title='bbox 3501 5684 3595 5737; x_wconf 78' lang='grc' dir='ltr'>καὶ</span> <span class='ocrx_word' id='word_1_867' title='bbox 3622 5683 3840 5756; x_wconf 65' lang='grc' dir='ltr'>ἐτέρους</span> 
     </span>
    </p>
   </div>
   <div class='ocr_carea' id='block_1_120' title="bbox 2340 5817 2920 5888">
    <p class='ocr_par' dir='ltr' id='par_1_120' title="bbox 2340 5817 2920 5888">
     <span class='ocr_line' id='line_1_120' title="bbox 2340 5817 2920 5888; baseline -0.003 -18"><span class='ocrx_word' id='word_1_868' title='bbox 2340 5817 2370 5859; x_wconf 69' lang='grc' dir='ltr'>δ</span> <span class='ocrx_word' id='word_1_869' title='bbox 2392 5817 2516 5870; x_wconf 80' lang='lat' dir='ltr'>Tres</span> <span class='ocrx_word' id='word_1_870' title='bbox 2537 5831 2652 5869; x_wconf 75' lang='lat' dir='ltr'>mss.</span> <span class='ocrx_word' id='word_1_871' title='bbox 2691 5821 2920 5888; x_wconf 82' lang='grc' dir='ltr'>τριϐῆναι.</span> 
     </span>
    </p>
   </div>
  </div>
