4078 6442
204 409 301 466 631

202 529 597 593 oppugnantur.
642 510 1002 585 Quamobrem
1045 502 1380 560 considerata
1415 494 1659 593 praeclari
1691 492 1792 545 hu-

198 589 574 688 jns‘ccinegotii
602 605 981 680 magnitudine,
1023 617 1091 656 ne
1113 614 1234 656 eum
1257 594 1340 650 vel
1373 589 1637 688 tantillum
1665 601 1798 688 cun-

202 677 337 764 ctari
383 677 588 780 patere,
619 677 802 758 verum
855 699 954 752 hoc
996 694 1171 760 cnice,
1205 699 1263 744 ut
1308 686 1450 780 nulla
1473 677 1794 780 interposita

203 815 355 856 mora
384 768 511 853 'hoc
555 768 654 850 iter
681 790 935 858 suscipiat
965 805 978 842 :
1011 787 1090 839 sic
1115 783 1257 838 enim
1307 777 1424 843 tibi,
1456 773 1671 830 domine
1725 768 1797 824 mi

202 903 553 960 summopere
573 881 904 947 admirande,
929 894 1025 949 per
1049 872 1318 946 egregiam
1345 864 1646 960 hujusmodi
1671 875 1801 932 ope-

205 999 347 1047 ram,
395 957 633 1051 amplam
661 974 802 1045 apud
843 972 1129 1040 benignum
1183 965 1351 1020 Deum
1377 957 1682 1017 mercedem
1711 971 1800 1012 re-

203 1076 434 1131 condes.
1443 1126 1461 1141 ἢ

297 1211 440 1270 ιιι.
465 1208 682 1264 Adolic.
713 1204 946 1277 (Cucuso
971 1215 1133 1262 anno.
1162 1206 1220 1253 ut
1248 1203 1482 1268 putatur,
1512 1190 1668 1262 ιω.)

276 1347 435 1416 Quod
459 1347 510 1400 in
531 1342 775 1400 morbum
803 1336 1073 1400 incideris,
1095 1332 1399 1396 didicimus,
1419 1336 1474 1384 et
1501 1325 1716 1400 quidem
1730 1325 1801 1379 ita

204 1455 426 1511 gravem
441 1448 493 1492 et
514 1435 766 1492 acerbum
784 1443 840 1486 ut
852 1429 916 1486 ad
933 1430 1076 1498 ipsas
1089 1440 1300 1498 quoque
1315 1422 1500 1479 mortis
1522 1427 1705 1491 portas
1716 1431 1804 1511 ac-

201 1507 460 1595 cesseris;
478 1530 676 1584 scimus
697 1525 854 1580 etiam
875 1533 926 1576 te
948 1538 980 1576 e
1006 1519 1192 1574 morbo
1207 1513 1560 1576 convaluisse,
1579 1525 1642 1565 ac
1660 1507 1802 1578 peri-

205 1624 328 1680 culo
338 1623 453 1694 jam
471 1621 745 1676 liberatam
763 1616 827 1670 ad
850 1615 1129 1670 sanitatem
1149 1607 1413 1682 progredi.
1435 1606 1507 1660 At
1529 1620 1596 1659 ex
1613 1603 1719 1694 tuis
1742 1601 1806 1694 li-

209 1691 353 1770 teris
369 1713 504 1768 nihil
535 1706 723 1766 horum
765 1704 1033 1769 intellexi;
1059 1702 1287 1771 ideoque
1307 1696 1596 1754 admodum
1623 1691 1764 1748 dolui
1787 1707 1804 1756 ;

209 1823 398 1864 verum
418 1801 654 1870 aliunde,
671 1809 830 1870 atque
857 1798 925 1852 ab
949 1795 1086 1851 aliis.
1109 1793 1378 1850 Cmterum
1401 1788 1530 1844 illud
1560 1786 1714 1842 nobis
1737 1785 1805 1840 ad

207 1899 635 1956 consolationem
665 1891 876 1948 abunde
904 1897 1016 1955 est,
1035 1888 1177 1957 quod
1211 1901 1242 1940 e
1265 1882 1454 1938 morbo
1498 1877 1802 1936 emerseris.

211 1992 328 2048 Etsi
365 1999 547 2045 autem
577 1985 630 2043 id
679 1984 832 2040 nobis
876 1981 1137 2044 suniciat,
1167 1992 1274 2033 non
1308 1986 1589 2047 prepterca
1629 1980 1807 2026 tamen

209 2083 432 2152 longum
463 2079 566 2134 hoc
604 2086 754 2132 tuum
799 2073 1068 2130 silentium
1099 2068 1312 2140 placido
1337 2067 1518 2122 animo
1565 2063 1804 2119 ferimus.

209 2173 493 2229 Vellemus
519 2169 687 2235 enim,
715 2176 772 2223 ut
800 2168 910 2236 ipsa
940 2179 1153 2236 quoque
1179 2161 1339 2224 nosti,
1370 2169 1424 2215 te
1450 2158 1555 2213 huc
1583 2157 1809 2212 venien-

211 2275 320 2321 tem
351 2277 599 2320 cernere.
642 2261 719 2315 Ac
746 2273 905 2321 sane,
936 2256 1038 2311 nisi
1068 2252 1287 2309 morbus
1332 2250 1649 2313 accidisset,
1680 2245 1812 2301 nihil

211 2366 330 2412 erat
366 2354 514 2424 quod
557 2352 858 2422 impediret.
911 2348 1042 2403 Nam
1088 2357 1144 2402 et
1171 2347 1330 2416 hujus
1376 2342 1611 2413 regionis
1640 2341 1812 2396 hiems

211 2447 570 2506 ammaissimi
595 2447 738 2502 veris
763 2443 996 2513 speciem
1039 2441 1302 2496 hactenus
1336 2437 1596 2502 imitatur,
1626 2444 1679 2490 et
1711 2434 1814 2488 Ar-

214 2542 396 2599 menia
421 2539 619 2596 lsauris
643 2537 860 2592 liberata
888 2542 989 2590 est.
1009 2533 1280 2596 Attamen,
1305 2538 1362 2584 ut
1379 2528 1484 2584 huc
1508 2526 1712 2590 venias,
1736 2524 1817 2579 in-

213 2635 384 2688 vitam
415 2646 482 2686 ac
498 2635 882 2700 repugnantem
909 2624 1133 2681 minime
1165 2620 1424 2691 cogimus.
1461 2617 1613 2686 Quod
1635 2625 1815 2671 autem

216 2741 318 2782 nec
346 2725 652 2781 Isaurorum
680 2728 855 2776 metus
895 2733 998 2774 nec
1025 2717 1217 2773 hiemis
1239 2711 1564 2778 acrimonia,
1593 2724 1695 2764 nec
1740 2708 1820 2763 iti-

217 2817 370 2872 neris
399 2828 665 2879 aerumna,
696 2827 798 2868 nec
826 2810 968 2865 aliud
991 2809 1278 2880 quidquam
1307 2804 1559 2876 impedit,
1587 2801 1693 2858 hoc
1719 2815 1816 2872 pc-

218 2909 425 2974 timus,
455 2906 704 2960 nimirum
751 2911 809 2957 ut
850 2918 878 2954 a
905 2913 988 2967 te,
1015 2901 1168 2970 cujus
1218 2897 1414 2952 ardens
1459 2911 1583 2965 erga
1614 2908 1716 2950 nos
1755 2907 1820 2948 ac

217 3000 435 3053 sincera
463 2993 835 3051 benevolentia
865 3000 950 3046 est
971 3032 986 3058 ,
1014 2989 1210 3045 crebro
1245 2988 1429 3042 literas
1469 2984 1815 3055 accipiamus.

217 3091 360 3146 Nam
382 3088 429 3143 si
456 3101 548 3143 cas
571 3129 586 3153 ,
613 3086 682 3142 de
711 3093 800 3139 tua
825 3082 1126 3138 valetudine
1151 3079 1424 3150 animique
1447 3078 1522 3134 tui
1552 3076 1821 3132 hilaritate

219 3198 324 3239 nos
353 3181 614 3237 certiores
658 3178 946 3239 facientes,
975 3188 1121 3244 smpe
1162 3171 1532 3237 obtineamus,
1564 3185 1673 3225 non
1701 3184 1820 3223 me-

217 3275 466 3332 diocrem
497 3271 621 3326 hinc
642 3284 856 3341 quoque
899 3265 1322 3322 consolationem
1350 3262 1643 3333 capiemus.
1685 3259 1820 3316 Cum

221 3370 414 3440 igitur,
441 3375 642 3436 quanto
662 3378 762 3418 nos
789 3359 1050 3417 beneﬁcio
1070 3357 1326 3413 effectura
1356 3356 1451 3424 sis,
1484 3353 1824 3410 animadver-

222 3471 344 3526 tas,
374 3457 426 3513 id
459 3457 635 3512 i‘acere
676 3469 744 3509 ne
786 3451 1050 3524 graveris.
1096 3449 1215 3504 Scis
1237 3448 1380 3502 enim
1402 3461 1561 3518 quam
1596 3454 1648 3501 te
1671 3459 1824 3500 com-

224 3555 546 3622 plectamur,
568 3557 926 3620 quantamque
945 3559 1160 3616 semper
1181 3558 1306 3614 erga
1335 3549 1388 3597 te
1411 3541 1689 3596 caritatem
1714 3555 1826 3610 pra:

225 3645 388 3701 nobis
419 3643 719 3698 tulerimus.

342 3773 515 3832 LIII.
549 3772 768 3828 Nicolao
797 3771 1100 3844 presbytero.
1136 3767 1369 3841 (Cucuso
1394 3781 1536 3820 anno
1561 3763 1713 3835 ωδ).

301 3912 630 3982 ﬂagnopere
676 3922 777 3963 nos
815 3906 1032 3962 erexisti
1056 3945 1072 3970 ,
1116 3913 1276 3974 atque
1315 3901 1518 3973 ingenti
1558 3901 1835 3971 voluptate

229 4003 557 4076 perfodisti,
601 4017 724 4055 cum
772 3999 900 4054 illud
952 3996 1296 4069 signiﬁcasti,
1341 4009 1686 4066 permagnam
1739 3993 1832 4049 tibi

231 4099 529 4155 Pinenicia:
574 4111 759 4150 curam
814 4108 970 4158 esse,
1007 4101 1171 4162 teque
1197 4099 1350 4145 tanto
1383 4089 1508 4144 licet
1547 4088 1834 4144 intervallo

230 4193 508 4255 dissitum,
540 4203 635 4244 eos
662 4187 754 4259 qui
784 4187 892 4242 illic
938 4183 1141 4255 degunt
1169 4197 1267 4252 per
1309 4181 1491 4236 literas
1521 4180 1589 4235 ad
1621 4179 1837 4250 pietatis

231 4283 473 4340 studium
503 4294 699 4335 acuere
734 4287 893 4348 atque
921 4273 1124 4331 hortari
1151 4291 1165 4327 :
1198 4287 1302 4344 qua
1331 4272 1384 4327 in
1422 4287 1483 4328 re
1509 4273 1682 4328 zelum
1706 4286 1839 4343 apo-

234 4379 487 4436 stolicum
518 4383 762 4445 praestas.
794 4373 976 4444 anue
1002 4387 1165 4428 causa
1207 4379 1262 4426 te
1303 4369 1558 4426 admirari
1604 4383 1669 4424 ac
1713 4368 1840 4424 hea-

235 4481 350 4526 tum
379 4466 676 4540 praedicare
718 4465 939 4520 minime
986 4463 1424 4528 intermittimus,
1449 4461 1596 4533 quod
1633 4469 1690 4516 et
1719 4475 1837 4514 mo-

235 4563 445 4619 nachos
481 4568 638 4614 antea
683 4556 905 4621 misisti,
936 4564 993 4612 et
1016 4569 1158 4610 nunc
1183 4594 1199 4621 ,
1232 4553 1287 4609 in
1330 4564 1471 4609 tanta
1504 4553 1838 4624 negotiorum

235 4652 590 4716 difﬁcultate,
616 4665 724 4704 non
765 4647 927 4704 modo
964 4661 1059 4703 eos
1089 4661 1196 4701 non
1218 4644 1484 4702 abduxisti
1505 4685 1521 4712 ,
1551 4644 1646 4700 sed
1676 4645 1841 4700 etiam

239 4759 461 4800 manere
487 4741 746 4812 coegisti,
778 4739 965 4810 Optimi
1002 4737 1252 4793 videlicet
1278 4737 1655 4808 gubernatoris
1679 4745 1841 4807 atque

236 4837 439 4910 egregii
468 4834 660 4890 medici
693 4848 913 4888 munere
934 4832 1276 4903 perfungens.
1306 4829 1377 4885 Ut
1399 4829 1542 4884 enim
1570 4828 1660 4884 ille
1680 4870 1695 4896 ,
1718 4842 1840 4884 cum

239 4934 439 4987 ﬁuctus
470 4927 695 4983 excitari
724 4925 900 4992 videt,
942 4933 1057 4979 tum
1103 4924 1225 4994 plus
1252 4921 1411 4977 studii
1441 4937 1505 4976 ac
1551 4919 1842 4992 diligentias

238 5026 480 5090 adhibet,
531 5031 693 5093 atque
733 5020 824 5075 hic
871 5019 1035 5082 item,
1073 5032 1196 5072 cum
1243 5016 1431 5071 febrim
1481 5016 1535 5070 in
1583 5014 1844 5084 majorem

241 5118 515 5172 ﬂammam
541 5113 809 5169 exarsisse
836 5111 1093 5182 perspicit
1117 5152 1131 5175 ,
1155 5119 1266 5165 tum
1301 5109 1499 5178 majori
1541 5117 1658 5162 arte
1685 5117 1843 5178 atque

241 5207 504 5264 industria
536 5207 699 5260 utitur
731 5222 743 5257 :
770 5202 838 5258 ad
857 5203 1105 5259 eumdem
1134 5201 1351 5257 modum
1379 5210 1436 5257 tu
1464 5215 1678 5272 quoque
1696 5241 1712 5268 ,
1742 5215 1846 5255 no-

241 5300 508 5356 bilissime
550 5312 616 5352 ac
650 5294 1052 5366 religiosissime
1097 5293 1347 5360 domine,
1377 5309 1492 5349 rem
1528 5293 1726 5348 virtute
1754 5300 1845 5347 tua

241 5394 460 5467 dignam
489 5390 684 5457 fecisti,
713 5389 855 5460 quod
884 5404 1004 5445 eum
1032 5404 1204 5460 aegras
1229 5403 1318 5444 res
1343 5403 1465 5445 esse
1489 5403 1553 5444 ac
1581 5387 1846 5444 seditione

244 5486 496 5543 laborare
522 5483 855 5553 conspexisti
883 5525 897 5548 ,
928 5491 1042 5537 tum
1071 5483 1409 5552 potissimum
1435 5497 1656 5552 operam
1687 5481 1842 5537 dedi-

245 5579 334 5643 sti,
355 5586 504 5631 utne
533 5576 591 5642 ii,
611 5576 700 5645 qui
726 5575 832 5630 illic
857 5574 1077 5645 degunt,
1101 5575 1271 5629 aciem
1299 5573 1631 5641 desererent,
1655 5590 1843 5629 verum

253 5679 638 5736 remanerent,
671 5684 735 5724 ac
781 5680 959 5740 partes
989 5684 1115 5724 suas
1154 5668 1453 5738 explerent.
1480 5668 1843 5735 Quamobrem

247 5764 352 5820 tuis
391 5763 508 5835 ipse
546 5761 779 5831 vestigiis
829 5761 1072 5824 hmrens,
1116 5760 1625 5816 reverendissimum
1673 5761 1844 5818 domi-

250 5873 374 5914 num
406 5872 587 5914 meum
616 5855 929 5918 Gerontium
970 5854 1362 5927 presbyterum,
1394 5855 1437 5910 si
1483 5856 1833 5928 convaluerit,

1653 369 2008 434 ενιετοιλε
2024 417 2032 426 .

1903 494 2066 558 atque
2109 482 2178 540 ad
2229 491 2490 554 integram
2543 480 2830 537 saniutem
2866 481 3120 549 redierit,
3171 480 3498 549 confestim,

1901 589 2103 648 quaeso,
2137 590 2288 645 urge,
2316 583 2375 630 ut
2397 575 2498 630 iter
2523 573 2650 629 illud
2674 573 2836 628 ineat.
2865 573 3203 643 Quamquam
3231 573 3376 629 enim
3400 588 3498 630 nos

1903 684 2117 740 quoque
2146 683 2268 722 eum
2297 670 2403 721 huc
2431 666 2617 721 venire
2658 679 2724 720 ac
2748 664 2930 720 videre
2965 664 3213 735 cupimus
3237 682 3258 719 :
3287 674 3502 728 tamen,

1903 762 2156 834 quoniam
2204 757 2443 830 regionis
2472 757 2615 812 illius
2649 756 2862 827 negotia
2912 756 3283 825 celeritatem,
3311 757 3504 827 ingen-

1906 863 2122 924 temque
2157 851 2484 922 vigilantiam
2538 847 2895 918 desiderant,
2942 863 3012 904 ne
3051 848 3106 904 in
3151 848 3238 907 via
3287 848 3504 919 longum

1906 953 2117 1014 tempus
2147 950 2381 1010 teratur,
2413 941 2695 1012 hiemsque
2723 940 3093 997 interveniens
3137 940 3240 997 iter
3283 941 3389 1012 ipsi
3420 942 3503 996 in-

1909 1020 2193 1103 tercludat,
2223 1038 2322 1093 abs
2346 1046 2398 1093 te
2425 1035 2776 1092 vehementer
2800 1034 3035 1106 petimus
3057 1075 3075 1102 ,
3104 1045 3159 1090 ut
3195 1043 3252 1091 et
3279 1049 3402 1090 eum
3421 1077 3436 1100 ,
3459 1035 3523 1090 si.

1907 1145 1973 1185 ex
2003 1129 2191 1184 morbo
2217 1135 2494 1190 recreatus
2517 1126 2608 1195 sit,
2635 1125 2705 1181 ad
2719 1125 3133 1198 suscipiendum
3157 1126 3261 1182 iter
3289 1141 3506 1201 urgeas,

1909 1223 2148 1296 illudque
2170 1237 2348 1290 cures,
2379 1232 2437 1278 ut
2463 1222 2546 1278 vi‘r
2572 1221 2924 1278 suavissimus
2951 1237 3016 1278 ac
3041 1221 3175 1285 mihi
3198 1223 3510 1279 carissimus

1907 1318 2140 1375 Joannes
2167 1318 2447 1390 presbyter
2483 1317 2691 1373 itineris
2715 1315 2968 1372 comitem
2995 1331 3056 1373 se
3102 1317 3201 1387 ipsi
3227 1317 3508 1388 adjnngat.

1909 1409 2028 1467 Scis
2067 1409 2210 1464 enim
2258 1409 2494 1481 regionis
2539 1408 2682 1465 illius
2727 1408 2941 1480 negotia
2987 1424 3129 1464 nunc
3173 1425 3239 1464 eo
3267 1409 3513 1480 pluribus

1908 1501 2305 1557 correctoribus
2352 1501 2609 1572 indigere,
2630 1515 2738 1572 quo
2767 1500 2978 1572 longius
3005 1491 3325 1572 serpserunt
3349 1501 3510 1556 mala.

1912 1593 2038 1649 llazc
2064 1594 2223 1665 igitur
2249 1608 2372 1649 cum
2396 1595 2576 1649 animo
2601 1603 2692 1649 tuo
2719 1604 2995 1664 reputans,
3020 1609 3083 1650 ac
3109 1595 3292 1666 quanti
3317 1595 3514 1650 anima:

1910 1687 2056 1742 salus
2103 1686 2362 1742 momenti
2388 1687 2490 1751 sit,
2518 1686 2884 1758 perspiciens,
2922 1696 3258 1757 quantasque
3295 1701 3382 1744 res
3402 1687 3515 1758 jam

1911 1778 2140 1834 antehac
2167 1777 2346 1833 studio
2373 1788 2466 1833 tuo
2498 1794 2564 1835 ac
2586 1779 2865 1851 diligentia
2906 1779 2982 1834 sis
3007 1791 3392 1851 consequutus.
3421 1795 3518 1837 ve-

1913 1871 2006 1927 lim
2037 1881 2143 1927 tam
2174 1887 2269 1941 per
2297 1879 2351 1928 te
2385 1873 2498 1943 ipse
2522 1887 2683 1944 quam
2712 1864 2961 1942 aliorum,
2982 1889 3121 1946 quos
3149 1873 3399 1931 nancisci
3419 1888 3520 1947 po-

1914 1965 2084 2019 tueris
2106 2005 2122 2031 ,
2145 1978 2309 2034 opera
2336 1973 2502 2035 atque.
2517 1964 2778 2022 industria
2813 1980 2971 2022 cures
2988 2008 3004 2034 ,
3041 1975 3102 2022 ut
3129 1981 3251 2039 quae
3277 1976 3524 2024 correcta

1914 2065 1971 2110 et
1990 2065 2177 2112 sanata
2215 2065 2378 2124 sunt,
2405 2057 2560 2113 ﬁrma
2607 2067 2899 2127 maneant,
2926 2069 3088 2130 atque
3135 2060 3298 2116 etiam
3350 2059 3524 2116 multo

1916 2149 2125 2221 majore
2151 2152 2464 2208 accessione
2505 2153 2867 2210 cumulentur.
2896 2152 2980 2210 Tu
3016 2162 3166 2211 certe
3193 2153 3364 2210 nihilo
3416 2153 3523 2210 mi-

1918 2259 2128 2308 norem,
2155 2259 2314 2316 quam
2345 2243 2415 2312 ii,
2438 2245 2530 2316 qui
2556 2247 2662 2302 huc
2692 2255 2974 2312 venerunt,
2999 2247 3335 2318 voluptatem
3365 2245 3525 2302 nobis

1917 2337 2141 2392 attulisti
2175 2354 2187 2390 :
2221 2336 2486 2407 siquidem
2529 2337 2713 2393 animo
2756 2353 2823 2392 ac
2862 2338 3139 2396 voluntate
3177 2337 3373 2396 venisti
3402 2345 3527 2393 :at-

1918 2441 2025 2499 que
2046 2427 2284 2484 caritatis
2313 2427 2485 2484 oculis
2503 2469 2519 2495 ,
2549 2442 2778 2500 corpore
2805 2427 2930 2486 licet
2971 2429 3274 2498 absentem,
3310 2440 3365 2488 te
3389 2442 3531 2504 quo-

1921 2518 2052 2574 tidie
2116 2517 2429 2585 cernimus,
2480 2519 2769 2590 animoque
2819 2521 3022 2593 passim
3073 2522 3546 2583 circumferimus-

1921 2608 2176 2666 Fortasse
2194 2625 2408 2682 quoque
2425 2611 2581 2666 nobis
2620 2620 2807 2667 mutuo
2831 2622 3124 2683 conspectu
3152 2614 3254 2670 frui
3283 2614 3543 2687 dabitur,,

1922 2718 2046 2760 cum
2070 2714 2284 2776 tempus
2312 2704 2366 2760 id
2400 2706 2696 2776 permittet.
2716 2705 2871 2772 Nam,
2898 2717 2957 2763 ut
2981 2724 3122 2764 nunc
3143 2725 3231 2766 res
3258 2720 3403 2774 sunt,
3428 2714 3540 2769 etsi

1922 2797 2124 2869 alioqui
2170 2799 2243 2853 tui
2283 2798 2500 2854 videndi
2540 2808 2700 2871 atque
2743 2801 3104 2872 amplectendi
3151 2818 3344 2876 magna
3383 2805 3536 2876 cupi-

1923 2889 2092 2945 ditate
2125 2899 2399 2958 tenemur,
2431 2902 2483 2946 te
2512 2900 2694 2948 tamen
2741 2892 2862 2948 istic
2903 2908 3124 2951 manere
3165 2897 3533 2955 necessarium

1925 2998 2048 3040 esse
2085 2982 2351 3040 ducimus.
2381 2982 2493 3040 Nec
2529 2985 2673 3041 enim
2722 2984 3052 3055 dabit-unus,
3075 2989 3206 3061 quin
3255 2999 3309 3046 tu
3349 2993 3534 3050 oninia

1927 3077 2166 3135 facturus
2206 3088 2601 3150 curaturusque
2619 3080 2695 3135 sis
2715 3119 2732 3146 ,
2755 3095 2864 3152 quo
2889 3083 3128 3138 strenuis
3154 3084 3286 3140 viris
3309 3083 3539 3142 Plateni-

1927 3173 2065 3229 ciam
2097 3172 2341 3242 impleas,
2366 3181 2528 3243 atque
2548 3188 2664 3240 eos,
2696 3173 2788 3244 qui
2816 3174 2927 3230 illic
2945 3182 3351 3239 remanserunt,
3369 3178 3547 3250 magis

1928 3279 1993 3321 ac
2021 3267 2191 3335 magis
2221 3264 2408 3320 fulcias
2437 3276 2491 3321 et
2517 3266 2860 3336 eorrobores,
2893 3277 2952 3324 ut
2979 3283 3049 3325 ne
3069 3267 3276 3326 relictis
3301 3270 3551 3342 regionis.

1931 3358 2076 3413 illius
2105 3357 2336 3430 negotiis
2361 3356 2554 3429 pedem
2593 3357 2872 3428 referant,
2902 3367 2958 3417 et
2999 3374 3132 3429 eos,
3155 3362 3246 3432 qui
3277 3361 3439 3418 vicini
3479 3377 3546 3420 ac

1932 3450 2215 3522 propinqui
2254 3459 2413 3516 sunt,
2435 3450 2688 3520 exquiras
2718 3492 2734 3516 ,
2764 3462 2927 3524 atque
2953 3467 3078 3509 cum
3120 3453 3325 3525 ingenti
3369 3455 3538 3510 animi

1932 3541 2210 3597 alacritate
2248 3555 2314 3598 ac
2341 3541 2521 3597 studio
2554 3542 2801 3607 emittas,
2824 3543 3141 3615 cunctisque
3185 3554 3291 3600 tam
3322 3545 3546 3617 propin-

1935 3631 2056 3703 quis
2099 3648 2260 3704 quam
2307 3633 2532 3689 remotis
2575 3633 2966 3704 amplissimam
2991 3635 3278 3692 utilitatem
3306 3637 3502 3693 aiferas
3525 3679 3553 3707 ι

1935 3733 2098 3794 atque
2123 3735 2519 3794 unguentorum
2549 3733 2797 3780 naturam
2820 3725 3066 3793 imiteris,
3084 3743 3208 3799 qua:
3238 3744 3346 3784 non
3378 3728 3546 3785 modo

1939 3814 2117 3869 locum
2145 3829 2416 3886 eum,quo
2445 3815 2921 3886 excipiuntur,sed
2944 3817 3104 3873 etiam
3135 3819 3346 3891 longius
3379 3835 3554 3879 remo-

1941 3915 2053 3960 tum
2083 3919 2263 3960 aerem
2291 3919 2485 3976 magna
2511 3905 2774 3964 suavitate
2802 3906 3153 3979 perfundunt.

2044 4039 2122 4095 LI
2139 4039 2198 4096 γ.
2230 4039 2474 4096 Gerontio
2517 4043 2828 4114 presbytero.
2859 4042 3095 4117 (Cucuso
3123 4060 3269 4104 anno
3295 4047 3451 4122 405.)

2017 4178 2088 4234 Et
2123 4178 2238 4250 jam
2267 4178 2334 4234 ad
2366 4178 2619 4250 pietatem
2662 4188 2808 4236 tuam
2837 4181 3021 4238 literas
3047 4181 3168 4238 dedi
3193 4223 3208 4251 ,
3239 4166 3566 4242 existimans

1943 4279 2000 4328 te
2030 4271 2083 4326 in
2110 4270 2389 4327 thnicia
2409 4285 2530 4327 esse
2556 4279 2648 4328 :et
2665 4288 2811 4330 nunc
2829 4274 2960 4330 item
2990 4274 3201 4343 eadem,
3235 4293 3355 4350 qua;
3380 4279 3553 4350 prius,

1944 4367 2125 4422 scribo
2147 4407 2164 4433 ,
2197 4381 2394 4437 nempe
2416 4366 2571 4422 vobis
2595 4381 2741 4424 nunc
2766 4369 3002 4426 maxime
3028 4371 3242 4442 quidvis
3284 4373 3554 4444 agendum

1945 4474 2009 4515 ac
2036 4456 2415 4529 perferendum
2447 4472 2591 4528 esse,
2623 4468 2681 4514 ut
2705 4475 2776 4516 ne
2803 4471 3041 4532 segetem
3061 4474 3297 4519 vestram
3329 4481 3566 4520 vacuam.

1945 4559 2002 4606 et
2028 4552 2241 4606 inanem
2265 4551 2532 4607 deseratis
2552 4593 2569 4618 ,
2601 4567 2704 4608 nec
2730 4552 3025 4625 quidquam
3056 4569 3244 4612 eorum
3267 4598 3282 4621 ,
3313 4572 3435 4628 qua:
3469 4573 3558 4613 re-

1949 4655 2036 4699 cte
2061 4653 2114 4700 et
2144 4659 2267 4700 cum
2293 4644 2453 4700 laude
2490 4654 2641 4715 gesta
2665 4654 2813 4710 sunt,
2833 4645 3145 4702 labefactari
3184 4656 3344 4718 atque
3388 4648 3558 4705 inter-

1947 4738 2028 4793 ire
2062 4737 2270 4793 sinatis.
2316 4737 2451 4794 Nam
2494 4747 2549 4794 et
2591 4749 2870 4808 pastores,
2899 4753 3022 4793 cum
3071 4739 3342 4810 ingentem
3374 4739 3558 4796 labem

1947 4831 2016 4887 ad
2044 4847 2174 4889 oves
2197 4832 2438 4902 undique
2483 4842 2820 4903 grassantem
2847 4835 3230 4903 censpexerint
3253 4875 3272 4898 ,
3303 4842 3432 4889 tunc
3461 4848 3559 4904 po-

1949 4924 2216 4980 tissimum
2239 4925 2568 4991 excitantur,
2598 4939 2663 4980 ae
2690 4924 2933 4996 vigilant,
2963 4925 3290 4997 funilamque
3315 4937 3558 4994 sumunt,

1949 5019 2267 5090 ueterisque
2308 5020 2514 5075 artibus
2543 5027 2793 5088 utuntur,
2817 5035 2925 5091 quo
2968 5020 3368 5075 incommodum
3396 5035 3562 5077 omne

1950 5127 1981 5167 a
2007 5127 2170 5183 grege
2217 5112 2549 5183 propulsent.
2588 5111 2658 5167 Et
2691 5111 2908 5182 quidem
2939 5127 3062 5166 cum
3088 5112 3253 5168 Jacob
3295 5112 3559 5183 pecudum

1950 5206 2175 5262 rationis
2221 5205 2531 5276 expertium.
2570 5220 2756 5261 curam
2803 5221 3029 5278 gerens,
3085 5214 3225 5261 totos
3267 5205 3458 5261 decem
3503 5219 3558 5262 et

1949 5310 2180 5371 quatuor
2205 5313 2376 5353 annos
2413 5299 2556 5354 servi
2605 5313 2801 5355 munus
2847 5298 3081 5365 obierit,
3110 5309 3355 5370 aestuque
3375 5313 3439 5354 ac
3466 5297 3562 5354 fri-

1952 5405 2082 5463 gore
2101 5398 2157 5446 et
2183 5388 2378 5461 vigiliis
2410 5389 2594 5445 multis
2633 5390 2993 5458 conﬂictatus,
3026 5389 3382 5462 vilissimique
3415 5403 3561 5445 mer-

1952 5483 2152 5539 cenarii
2183 5482 2363 5539 ofﬁcio
2388 5482 2601 5538 functus
2629 5485 2734 5550 sit,
2764 5483 3040 5554 perpende
3069 5483 3274 5551 animo,
3302 5483 3561 5555 quidnam

1953 5576 2011 5644 ii,
2039 5591 2268 5647 quorum
2294 5575 2415 5632 ﬁdei
2441 5590 2571 5631 oves
2591 5575 2800 5631 ratione
2822 5575 3061 5646 praedita:
3080 5577 3388 5631 commissa:
3411 5584 3559 5642 sunt,

1953 5685 2113 5740 agere
2158 5684 2221 5723 ac
2263 5669 2472 5740 perpeti
2516 5667 2778 5736 debeant,
2821 5683 2891 5723 ne
2931 5685 3034 5738 qua
3062 5684 3130 5724 ex
3167 5668 3300 5739 ipsis
3352 5680 3559 5740 pereat.

1953 5764 2214 5830 Quocirca
2248 5773 2301 5820 te
2325 5763 2572 5829 obsecro,
2597 5772 2656 5818 ut
2677 5777 2785 5834 quo
2829 5761 3005 5832 major
3027 5772 3112 5818 est
3151 5772 3444 5834 tempestas
3464 5803 3480 5830 ,
3509 5773 3566 5818 et

1961 5860 2118 5926 plura
2183 5859 2348 5927 mala,
2399 5866 2453 5915 et
2501 5859 2703 5930 majora
2771 5856 3155 5929 impedimenta
3214 5858 3562 5930 objiciuntur,
