4078 6436
560 334 664 390 639

562 452 842 514 pluresque
872 451 994 497 sunt
1034 441 1122 512 qui
1149 440 1364 495 insidias
1403 449 1640 505 struant,
1671 455 1736 496 eo
1769 440 1928 494 etiam
1967 438 2132 509 magis

561 537 674 606 ipse
704 546 756 590 te
774 536 1007 599 excites,
1034 533 1270 603 aliosque
1300 534 1425 586 item
1458 532 1710 596 horteris,
1742 543 1796 586 ut
1823 531 2128 601 praeclaram

563 630 698 683 hanc
724 642 906 682 curam
951 636 1124 682 tecum
1159 627 1472 697 suscipiant,
1519 625 1749 696 illucque
1775 639 1932 694 quam
1956 622 2131 677 celer-

561 720 693 772 rime
719 716 998 788 pervenire
1024 727 1312 771 maturent.
1355 717 1485 770 Nam
1519 715 1735 784 hujusce
1759 727 1964 784 quoque
2006 727 2131 782 pro.

560 806 804 861 lectionis
843 822 948 860 non
981 821 1194 877 parvam
1222 806 1520 861 mercedem
1560 819 1619 859 es
1648 804 1920 859 habiturus
1948 800 2132 871 :‘quod

560 896 607 950 si
655 896 1036 965 profectionis,
1066 896 1234 951 multo
1283 897 1447 965 magis
1498 895 1543 949 si
1587 909 1676 949 res
1721 894 1862 964 ipsas
1903 900 2129 958 tractes,

563 988 892 1057 multumque
941 986 1176 1041 studium
1220 986 1492 1041 adhibeas.
1536 984 1807 1055 Siquidem
1831 982 2132 1052 hujusmodi

563 1077 1015 1146 peregrinationes
1062 1077 1336 1146 suscipere
1376 1075 1531 1145 longe
1578 1075 1917 1144 praestantius
1969 1082 2131 1143 atque

560 1167 946 1221 conducibilius
989 1174 1109 1229 est,
1138 1181 1295 1236 quam
1341 1165 1484 1219 domi
1528 1164 1795 1219 desidere.
1830 1164 1938 1218 Illic
1987 1164 2128 1218 enim

564 1258 763 1326 degens
785 1295 801 1320 ,
831 1256 945 1310 haec
969 1255 1127 1310 ctiam
1170 1254 1368 1310 habere
1394 1262 1544 1324 potes
1565 1296 1579 1321 ,
1606 1270 1725 1326 qua:
1753 1268 1893 1308 nunc
1930 1252 2092 1308 habes
2113 1293 2129 1318 ,

563 1347 662 1399 hoc
690 1355 771 1400 est
793 1344 1071 1415 jejunium,
1098 1346 1320 1415 vigilias,
1345 1354 1642 1415 cretei-aque
1669 1343 1982 1398 Christiana:
2010 1345 2133 1413 phi—

564 1437 821 1507 losophiae
864 1453 1081 1509 genera.
1135 1438 1283 1492 Domi
1329 1445 1506 1493 autem
1535 1436 1785 1493 desidens
1807 1478 1822 1504 ,
1853 1451 1915 1491 ea
1941 1436 2135 1490 lucrari

565 1546 668 1584 non
700 1539 846 1600 poles
871 1573 890 1597 ,
911 1546 1028 1600 quae
1057 1530 1100 1584 si
1124 1531 1176 1584 in
1221 1529 1306 1584 illa
1333 1529 1549 1600 regione
1575 1528 1941 1592 commoreris,
1969 1524 2158 1599 adipi-~

561 1625 634 1677 sei
667 1634 850 1692 potes,
879 1625 1123 1677 nimirum
1156 1631 1230 1677 tot
1251 1622 1544 1677 animarum
1584 1622 1810 1678 salutem
1831 1662 1846 1681 .
1872 1621 2139 1691 periculo-

563 1731 680 1768 rum
710 1715 1009 1770 mercedem
1033 1755 1048 1781 ,
1069 1724 1332 1784 tantaque
1360 1714 1519 1768 animi
1547 1712 1974 1784 promptitudinis
2000 1728 2139 1784 pra-

563 1807 724 1860 mium
752 1822 766 1859 :
794 1819 912 1859 nam
941 1820 1007 1860 ne
1030 1806 1138 1874 ipsa
1172 1805 1384 1875 quidem
1406 1803 1568 1859 animi
1600 1802 1959 1874 promptitudo
1989 1819 2131 1874 pra:-

564 1895 674 1949 mio
723 1904 887 1950 caret.
931 1894 1330 1962 Quamobrem,
1358 1894 1538 1965 quales
1564 1893 1658 1949 tibi
1692 1894 1794 1964 ipsi
1818 1909 2044 1949 coronas
2082 1893 2135 1950 in

561 1985 796 2039 futurum
825 1985 1042 2052 condas,
1074 1996 1246 2040 tecum
1276 1995 1545 2055 reputans,
1572 1999 1661 2052 ne,
1688 1999 1890 2055 quaeso,
1920 1995 2138 2040 cuncte-

562 2075 636 2129 ris
657 2083 748 2129 aut
772 2073 1016 2130 differas:
1043 2090 1226 2130 verum
1246 2075 1334 2130 ubi
1362 2091 1393 2129 e
1418 2075 1606 2130 morbo
1633 2074 1988 2140 convalueris,
2012 2089 2136 2128 mox

561 2168 627 2222 ad
659 2168 759 2222 iter
782 2177 835 2222 te
861 2168 1077 2237 accinge
1095 2208 1111 2234 ,
1138 2167 1206 2222 de
1233 2169 1390 2223 rebus
1413 2166 1478 2222 ad
1507 2181 1660 2221 usum
1695 2174 1842 2221 tuum
1887 2180 2136 2221 necessa-

562 2262 657 2314 riis
678 2259 809 2314 nibil
838 2275 1048 2315 curans.
1101 2260 1156 2315 Si
1195 2260 1406 2330 quidem
1426 2257 1870 2314 reverendissimo
1906 2273 1970 2313 ac
2005 2257 2135 2312 reli-

563 2352 862 2420 giosissimo
887 2352 1200 2423 presbytero
1241 2349 1550 2406 Constantio
1587 2349 1852 2420 negotium
1891 2349 2050 2414 dedi,
2081 2359 2139 2404 ut

565 2440 680 2496 sive
727 2440 792 2494 ad
820 2440 1009 2496 aedium
1041 2444 1422 2496 exstructiones
1443 2482 1458 2506 ,
1491 2440 1602 2495 sive
1647 2439 1712 2494 ad
1762 2439 2135 2495 sublevandam

570 2534 790 2588 fratrum
835 2534 1063 2604 inopiam
1115 2534 1367 2603 impensis
1408 2547 1541 2602 Opus
1587 2533 1691 2597 sit,
1725 2532 1872 2602 large
1898 2532 2051 2586 vobis
2076 2547 2139 2587 ac

561 2622 765 2691 prolixe
809 2623 983 2677 omnia
1041 2623 1384 2693 suppeditet,
1429 2632 1586 2694 atque
1623 2623 1757 2679 adeo
1787 2636 1928 2678 nunc
1974 2624 2134 2678 etiam

563 2714 761 2785 largius
785 2729 849 2770 ac
879 2713 1163 2784 profusius,
1194 2729 1352 2785 quam
1377 2724 1519 2769 ante.
1549 2715 1679 2769 Cum
1726 2714 1884 2786 igitur
1920 2723 1976 2769 et
2010 2730 2139 2785 pro-

564 2818 660 2857 nos
686 2817 748 2857 ac
799 2803 979 2859 faciles
1007 2802 1131 2858 inde
1176 2814 1418 2874 sumptus
1462 2803 1661 2859 habeas
1682 2844 1699 2872 ,
1731 2813 1784 2859 et
1811 2804 1952 2875 quod
1981 2814 2140 2875 caput

561 2905 683 2960 est,
715 2912 828 2952 rem
874 2897 984 2952 Deo
1026 2909 1227 2967 gratam
1278 2896 1513 2953 facturus
1567 2899 1674 2966 sis,
1715 2897 1934 2968 depulsa
1993 2901 2138 2954 omni

561 2988 916 3050 cunctatione,
947 2987 1224 3042 confestim
1254 2989 1352 3042 iter
1384 2998 1614 3043 matures
1642 3004 1821 3059 qureso
1847 3029 1859 3054 ,
1889 3000 2047 3060 atque
2070 3006 2136 3044 ex

563 3079 676 3146 ipsa
703 3077 975 3132 Phoenicia
1002 3077 1103 3131 hoc
1131 3080 1281 3133 nobis
1306 3078 1570 3149 significes
1603 3095 1618 3133 :
1655 3090 1730 3146 ut,
1754 3078 1880 3134 licet
1906 3080 2135 3151 ingravi

560 3185 624 3224 ac
663 3170 886 3226 molesta
937 3171 1223 3227 solitudine
1248 3172 1564 3238 haereamus,
1597 3173 1783 3244 ingens
1809 3182 1986 3229 tamen
2015 3175 2138 3230 hinc

559 3263 806 3317 solatium
861 3278 1267 3334 coiisequamur.
1314 3264 1446 3320 Nam
1495 3267 1539 3320 si
1570 3278 1622 3321 te
1649 3267 1828 3321 animo
1860 3283 1924 3321 ac
1951 3269 2137 3322 volun-

564 3364 670 3408 tate
697 3354 764 3407 ita
792 3364 1154 3424 comparatum
1183 3357 1308 3411 illuc
1351 3357 1545 3412 abiisse
1591 3357 2008 3412 intellexerimus
2033 3401 2048 3424 ,
2083 3368 2138 3412 ut

564 3459 661 3513 pro
707 3448 1000 3500 animarum
1054 3446 1194 3502 illius
1241 3448 1472 3518 regionis
1501 3448 1673 3504 salute
1718 3448 1849 3503 nihil
1877 3449 2049 3505 facere
2077 3465 2138 3505 ac

564 3535 672 3604 pati
698 3551 912 3591 recuses
934 3579 948 3600 ,
980 3546 1123 3592 tanta
1154 3539 1422 3608 voluptate
1451 3538 1847 3608 perfundetnur,
1876 3551 1933 3594 ut
1960 3557 2026 3595 ne
2051 3557 2138 3595 so-

565 3627 834 3682 litudinem
865 3629 1073 3698 quidem
1123 3630 1355 3684 incolere
1387 3645 1481 3685 nos
1519 3631 1901 3687 existimemus.
1935 3631 2135 3699 Quam-

563 3718 644 3773 vis
671 3720 810 3772 enim
840 3728 891 3773 te
915 3735 1123 3790 quoque
1145 3721 1247 3775 huc
1272 3721 1484 3787 venire,
1512 3737 1574 3776 ac
1606 3730 1695 3776 tuo
1715 3734 2006 3791 conspectu
2037 3725 2135 3778 frui

562 3812 837 3880 cupiamus
865 3829 879 3864 z
910 3820 1086 3866 tamen
1107 3854 1119 3876 ,
1153 3813 1272 3883 quia
1317 3814 1417 3869 hoc
1446 3813 1586 3884 quod
1615 3815 1722 3868 dixi
1751 3817 1917 3884 magis
1947 3833 2136 3872 neces-

564 3906 761 3959 sarium
791 3915 891 3970 est,
912 3907 1313 3976 periculumque
1340 3918 1439 3971 est,
1468 3925 1535 3962 ne
1562 3907 1729 3963 hiems
1757 3911 1858 3962 iter
1885 3910 2010 3963 illud
2041 3911 2135 3964 tibi

567 3997 871 4065 praecludat,
897 4008 1169 4068 propterea
1203 4009 1254 4054 te
1283 4015 1548 4071 urgemus,
1581 4010 1758 4070 atque,
1793 4012 1847 4056 ut
1874 4002 2134 4066 proficisci

566 4097 820 4154 matures,
853 4090 1213 4143 obsecramus.

566 4217 682 4272 LV.
711 4219 948 4288 Sytneoni
985 4231 1032 4274 et
1080 4219 1217 4274 Mari
1256 4222 1551 4292 presbyteris
1580 4233 1725 4294 atque
1768 4227 1819 4278 in
1851 4227 2137 4294 Apamiensi

636 4311 836 4380 regione
875 4311 1196 4365 monasticam
1250 4312 1401 4365 vitam
1469 4314 1836 4384 proﬁtentibus.
1885 4315 2135 4388 (Cucuso

636 4417 777 4454 anno
802 4401 959 4472 405.)

638 4533 750 4586 Etsi
784 4549 972 4602 magno
1027 4536 1227 4590 itineris
1278 4537 1448 4604 spatio
1490 4553 1518 4590 a
1567 4539 1716 4593 vobis
1767 4539 2132 4609 disjungimnr,

566 4636 726 4695 atque
766 4626 816 4678 in
845 4628 1133 4694 asperrima
1182 4629 1465 4682 solitudine
1501 4644 1928 4685 commoramur:
1961 4644 2131 4688 tamen

566 4717 773 4784 cognita
825 4716 982 4768 animi
1016 4719 1174 4770 vestri
1207 4718 1396 4772 virtute
1436 4721 1738 4790 ingentique
1766 4722 2093 4792 philosophia
2120 4767 2134 4789 ,

564 4821 830 4875 perquam
855 4809 1100 4861 omnibus
1127 4848 1139 4869 ,
1162 4810 1248 4877 qui
1283 4808 1398 4862 istic
1427 4820 1568 4875 sunt,
1598 4811 1765 4864 lucem
1790 4827 1851 4865 ac
1881 4813 2132 4881 splendo-

570 4913 679 4949 rem
702 4897 916 4961 aﬂ'ertis,
947 4913 1190 4966 magnum
1221 4902 1380 4952 vestri
1407 4915 1641 4953 amorem
1671 4903 2029 4970 concepimus.
2061 4909 2135 4957 Ac

566 4989 836 5057 quoniam,
868 5000 975 5042 tum
1006 4993 1072 5042 ob
1102 4990 1290 5045 hiemis
1311 4991 1667 5059 asperitatem,
1699 5005 1805 5047 tum
1829 4994 1896 5048 ob
1922 4995 2133 5051 itineris

570 5080 946 5149 longitudinem
969 5121 984 5145 ,
1010 5091 1185 5135 vestro
1222 5084 1428 5136 interim
1457 5099 1739 5153 congressu
1790 5087 1886 5140 frtti
1919 5089 2134 5143 minime

568 5176 708 5239 licet,
743 5189 834 5241 per
865 5176 1042 5229 literas
1069 5190 1161 5228 vos
1192 5178 1474 5231 convenire
1500 5177 1796 5232 studuimus
1819 5220 1832 5244 ,
1859 5197 1951 5234 vos
1979 5198 2136 5235 oran-

569 5260 646 5317 tes
662 5272 819 5332 atque
836 5265 1198 5330 obsecrantes,
1230 5274 1287 5318 ut
1307 5277 1356 5319 et
1383 5283 1479 5336 pro
1500 5269 1758 5322 malorum
1789 5286 1994 5338 eorum,
2021 5290 2136 5341 qua:

570 5357 868 5408 universum
910 5366 1166 5410 terrarum
1224 5359 1403 5411 urbem
1448 5362 1782 5427 invaserunt,
1831 5363 2136 5434 depulsione

571 5449 802 5514 prolian
823 5449 887 5502 ad
919 5450 1079 5502 Deum
1103 5466 1288 5517 preces
1317 5453 1631 5519 azlhibeatis,
1661 5467 1714 5508 et
1741 5473 1926 5512 omnes
1949 5476 2132 5528 magna

570 5551 687 5591 cum
717 5539 986 5593 alacritate
1013 5541 1076 5594 ad
1120 5542 1217 5596 hoc
1244 5545 1484 5597 excitetis
1508 5587 1521 5609 ,
1555 5563 1754 5617 nosque
1778 5590 1790 5611 ,
1828 5565 1944 5602 cum
1975 5548 2138 5605 facul-

572 5641 652 5682 tas
701 5631 929 5698 dabitur,
963 5632 1028 5687 de
1071 5644 1246 5690 vestra
1291 5637 1585 5694 valetudine
1629 5655 1722 5708 per
1752 5643 1930 5696 literas
1981 5661 2135 5714 quam

572 5722 860 5789 saepissime
910 5725 1164 5781 certiores
1212 5725 1410 5782 faciatis
1454 5745 1464 5782 :
1503 5741 1588 5799 ut,
1623 5731 1742 5790 licet
1766 5736 1919 5790 etiam
1951 5741 2132 5806 procul

1259 329 1316 385 S.
1353 327 1626 386 JOANNIS
1660 324 2128 386 CHRYSOSTOMI
2165 322 2478 385 ARCHIEP.
2519 327 3039 390 CONSTANTINOP.

3703 339 3817 398 διο

2238 452 2266 491 a
2288 438 2436 494 vobis
2451 439 2644 508 dissiti,
2664 453 2823 514 atque
2849 445 2916 500 ad
2943 447 3155 501 ultimos
3174 463 3383 521 quoque
3407 459 3562 509 terra:
3587 458 3815 526 angulos

2239 530 2486 601 relegati,
2517 549 2758 605 magnam
2799 547 2974 593 tamen
3017 539 3140 596 hinc
3168 542 3582 600 consolationem
3631 546 3818 617 capia-

2237 638 2374 686 mus.
2403 623 2470 680 de
2496 637 2686 681 vestrae
2710 629 3026 686 valetudinis
3053 643 3193 688 statu
3221 649 3459 706 perszepe
3491 639 3688 710 aliquid
3715 656 3816 694 au-

2236 714 2464 771 dientes.
2505 717 2613 774 Nos
2633 720 2847 789 quidem
2891 734 3039 777 certe
3065 739 3348 796 permagna
3375 729 3644 799 voluptate
3682 731 3817 786 affe-

2237 807 2310 863 cit
2353 810 2433 862 vir
2459 810 2762 866 carissimus
2791 824 2844 868 et
2870 815 3216 870 suavissimus
3253 818 3485 876 Joannes
3507 823 3813 893 presbyter,

2237 897 2378 964 quod
2406 899 2458 952 in
2483 909 2623 954 tanta
2650 911 2948 971 temporum
2977 906 3291 965 difficultate
3321 911 3480 965 domo
3505 914 3770 968 excedere
3797 956 3813 979 ,

2236 998 2396 1058 atque
2442 993 2496 1046 in
2542 993 2866 1051 Pbmniciam
2922 999 3184 1066 proficisci
3235 1004 3470 1057 animum
3516 1004 3814 1058 induxerit.

2238 1081 2629 1154 Quapropter'a
2666 1089 2816 1144 vobis
2855 1099 3008 1159 peto,
3051 1101 3108 1146 ut
3146 1095 3386 1162 praeclari
3431 1095 3588 1165 hujus
3633 1097 3818 1166 operis

2238 1175 2600 1242 magnitudine
2647 1179 2827 1232 animo
2858 1195 3115 1250 perpensa
3138 1223 3152 1249 ,
3181 1183 3224 1237 si
3246 1199 3383 1254 quos
3408 1195 3724 1253 praestantes
3752 1202 3819 1243 ac

2238 1277 2527 1332 generosos
2551 1268 2692 1323 viros
2722 1270 3121 1337 nanciscamini,
3151 1275 3238 1341 qui
3270 1275 3335 1329 ad
3357 1278 3690 1347 egregiorum
3714 1277 3815 1331 ha-

2241 1369 2354 1407 rum
2378 1370 2555 1409 rerum
2601 1360 3013 1429 magnitudinem
3049 1364 3358 1420 auxiliarem
3382 1382 3596 1422 manum
3622 1368 3820 1426 afferre

2204 1491 2205 1494 η
2242 1448 2470 1515 possint,
2495 1464 2588 1503 eos
2615 1466 2804 1522 magna
2827 1470 2945 1508 cum
2973 1456 3134 1509 animi
3160 1456 3436 1515 alacritate
3467 1475 3570 1515 una
3599 1475 3722 1515 cum
3746 1475 3819 1516 eo

2226 1539 2487 1602 mittatis,
2515 1551 2767 1610 quantam
2815 1545 2938 1602 hinc
2971 1548 3273 1605 mercedem
3305 1550 3461 1607 laturi
3490 1553 3606 1608 sitis
3627 1595 3642 1620 ,
3664 1555 3819 1626 cogi-

2243 1637 2434 1684 tantes.

2240 1783 2392 1839 LVI.
2421 1787 2640 1843 Romulo
2664 1799 2709 1845 et
2734 1789 2874 1862 Byzo
2892 1793 2908 1824 ί
2934 1798 3212 1852 monachis.
3244 1797 3475 1871 (Cucuso
3494 1815 3635 1854 anno
3663 1802 3820 1874 405.)

2317 1926 2420 1983 Vos
2448 1927 2660 1999 quidem
2692 1930 2795 1986 huc
2820 1947 3030 2004 quoque
3057 1937 3238 1993 venire
3265 1981 3279 2002 ,
3309 1949 3467 2010 atque
3499 1942 3669 1997 oculis
3702 1959 3824 2013 per-

2241 2015 2445 2085 spicere
2468 2019 2652 2074 vellem
2677 2038 2690 2073 :
2716 2034 2908 2078 vestra:
2934 2026 3074 2080 enim
3100 2027 3310 2096 pietatis
3334 2029 3472 2086 fama
3496 2045 3821 2099 commotus,

2243 2110 2439 2181 ingenti
2466 2113 2627 2169 vestri
2670 2131 2854 2172 amore
2904 2117 3131 2185 afficior,
3176 2132 3336 2192 atque
3380 2125 3614 2180 caritatis
3651 2129 3825 2184 oculis

2240 2217 2338 2257 vos
2374 2205 2623 2271 intueor;
2659 2210 2910 2277 quoniam
2957 2222 3168 2278 autem,
3208 2222 3316 2267 tum
3355 2215 3426 2270 ob
3468 2216 3672 2272 itineris
3699 2218 3825 2274 lon-

2240 2294 2607 2366 ginquitatem,
2641 2309 2752 2353 tum
2779 2302 2850 2357 ob
2879 2301 3070 2358 hiemis
3105 2312 3332 2374 tempus,
3367 2316 3476 2361 tum
3512 2307 3582 2362 ob
3606 2307 3827 2364 Isauro-

2240 2401 2357 2440 rum
2393 2398 2614 2454 metum,
2648 2389 2700 2444 id
2742 2407 2882 2446 nunc
2923 2395 3141 2450 minime
3183 2395 3324 2461 licet,
3374 2411 3468 2452 vos
3508 2413 3603 2467 per
3639 2400 3827 2456 literas

2240 2478 2524 2534 convenire
2551 2480 2750 2548 studui,
2770 2498 2940 2537 meam
2964 2500 3085 2555 erga
3119 2500 3212 2541 vos
3241 2488 3663 2546 benevolentiam
3697 2508 3826 2562 per-

2243 2570 2476 2637 Spicuam
2498 2571 2647 2627 vobis
2678 2573 2877 2629 faciens
2904 2594 2913 2628 :
2949 2576 3072 2631 licet
3092 2579 3233 2633 enim
3256 2595 3350 2635 eos
3374 2595 3554 2636 amare
3576 2583 3668 2653 qui
3700 2599 3827 2652 pro-

2242 2661 2326 2714 cul
2356 2663 2512 2731 positi
2543 2679 2639 2718 nec
2668 2681 2914 2736 umquam
2965 2668 3060 2722 visi
3107 2679 3247 2724 sunt.
3279 2671 3412 2726 Nam
3440 2673 3702 2742 ejusmodi
3731 2691 3828 2732 ca-

2245 2751 2414 2805 ritatis
2453 2762 2639 2808 natura
2673 2765 2775 2821 est,
2807 2767 2863 2810 ut
2893 2773 2990 2812 nec
3019 2760 3116 2814 vim
3163 2761 3488 2831 longitudine
3519 2765 3826 2837 dirimatur,

2245 2858 2343 2898 nec
2375 2848 2626 2914 temporis
2654 2846 2999 2904 diuturnitate
3027 2852 3348 2923 debilitctur,
3378 2871 3475 2910 nec
3519 2857 3678 2915 illatis
3704 2871 3826 2914 teu-

2243 2937 2530 2991 tationibus
2560 2937 2895 3009 infringatur,
2924 2958 3105 2997 verum
3150 2944 3265 2998 ham
3302 2949 3477 3001 omnia
3517 2951 3718 3015 vincat,
3760 2967 3826 3008 ac

2242 3042 2397 3096 supra
2424 3030 2600 3082 omnia
2635 3042 2896 3102 assurgat,
2926 3044 3082 3105 atque
3112 3037 3162 3090 in
3201 3037 3578 3096 sublimitatem
3605 3041 3826 3097 inenar-

2241 3118 2461 3173 rabiletn
2506 3118 2796 3175 attollatur.
2845 3122 2925 3178 0b
2973 3141 3196 3196 eamque
3237 3143 3449 3182 causam
3499 3147 3596 3186 nos
3637 3133 3824 3199 etiam,

2240 3209 2661 3280 quandoquidem
2691 3213 2930 3283 apprime
2960 3231 3054 3270 vos
3079 3233 3337 3285 amamus,
3362 3220 3489 3273 nihil
3519 3221 3709 3276 horum
3736 3239 3826 3278 se-

2240 3303 2450 3369 gniores
2479 3304 2651 3358 effecit
2683 3322 2696 3356 :
2723 3307 2847 3375 quin
2877 3308 3050 3376 potius
3090 3318 3142 3363 et
3185 3311 3281 3379 ipsi
3322 3313 3623 3374 scribimus.
3656 3324 3710 3368 et
3739 3317 3826 3370 vi-

2242 3393 2440 3458 cissim,
2471 3404 2527 3448 ut
2564 3395 2630 3449 de
2657 3407 2831 3452 vestra
2873 3400 3041 3454 salute
3067 3403 3322 3457 certiores
3347 3419 3445 3458 nos
3475 3406 3700 3472 faciatis,
3729 3425 3826 3463 vos

2243 3500 2506 3555 rogamus.
2537 3488 2623 3543 Sic
2647 3490 2811 3555 enim,
2840 3492 2996 3544 etiam
3029 3494 3079 3546 in
3107 3494 3388 3551 solitudine
3409 3495 3679 3566 degentes,
3711 3516 3826 3552 ma-

2240 3591 2345 3646 gno
2374 3580 2562 3634 solatio
2604 3581 2919 3648 afficiemur,
2965 3599 3082 3637 cum
3112 3601 3204 3640 eos
3235 3588 3322 3656 qui
3364 3589 3433 3642 ita
3483 3591 3686 3655 vivunt,
3732 3606 3824 3646 ar-

2241 3679 2488 3740 ctumque
2517 3682 2674 3742 atque
2701 3685 2977 3743 angustum
3011 3677 3108 3729 iter
3153 3678 3536 3747 ingrediuntur,
3568 3683 3825 3738 incolumi

2243 3777 2303 3815 ac
2337 3763 2484 3818 firma
2510 3763 2810 3819 valetudine
2840 3780 2957 3820 esse
2986 3768 3424 3824 intellexerimus.

2333 3895 2510 3949 LVII.
2539 3897 2751 3953 Adoliw.
2786 3899 3013 3970 (Cucuso
3040 3917 3194 3966 anno,
3226 3911 3282 3956 ut
3307 3911 3540 3972 putatur,
3572 3904 3726 3977 404.)

2313 4033 2562 4099 Quamvis
2599 4034 2707 4104 ipsa
2737 4052 2858 4089 raro
2891 4037 2954 4090 ad
2985 4052 3081 4090 nos
3107 4038 3326 4105 scribas,
3356 4055 3452 4094 nos
3481 4052 3656 4095 tamen
3685 4058 3827 4113 quo-

2245 4124 2340 4177 ties
2368 4123 2609 4178 homines
2641 4127 3028 4192 nanciscemur,
3059 4130 3145 4197 qui
3174 4130 3294 4184 hinc
3317 4132 3451 4185 istuc
3481 4132 3828 4201 proficiscan-

2244 4226 2344 4275 tur,
2373 4217 2546 4269 literas
2572 4217 2637 4270 ad
2667 4227 2717 4271 te
2747 4217 2873 4271 dare
2903 4221 3118 4274 minime
3148 4222 3473 4278 desinemus.
3508 4228 3579 4278 Ac
3605 4227 3824 4296 quidem

2244 4317 2294 4360 te
2322 4307 2420 4360 huc
2462 4309 2642 4361 venire
2671 4325 2732 4364 ac
2761 4324 2982 4366 cernere
3013 4314 3268 4369 vellemus
3291 4356 3306 4380 ,
3353 4316 3508 4386 idque
3549 4320 3599 4371 in
3640 4321 3827 4390 primis

2243 4409 2502 4465 optamus.
2550 4402 2739 4454 Verum
2783 4407 3031 4472 quoniam
3081 4405 3179 4460 hoc
3223 4408 3444 4463 arduum
3494 4410 3720 4469 fortasse
3763 4429 3828 4470 ac

2243 4491 2458 4544 difficile
2492 4494 2580 4546 tibi
2610 4495 2776 4550 visum
2805 4507 2886 4551 est
2914 4499 3067 4570 (nam
3113 4501 3308 4569 alioqui
3345 4502 3644 4558 lsaurorum
3683 4509 3818 4576 peri.

2243 4585 2415 4638 culum
2441 4586 2647 4655 penitus
2679 4587 2938 4641 sublatum
2962 4591 3086 4661 est),
3119 4607 3212 4644 nos
3237 4603 3381 4648 certe
3406 4598 3827 4653 Consolationem

2244 4691 2381 4738 eam,
2410 4694 2586 4744 quam,
2616 4677 2738 4729 dum
2759 4682 2947 4732 crebro
2970 4682 3032 4734 ad
3064 4691 3113 4734 te
3141 4684 3438 4752 scribimus,
3458 4701 3648 4756 capere
3679 4690 3828 4747 scle-

2245 4782 2382 4831 mus,
2412 4769 2690 4836 nobisipsis
2721 4772 2954 4835 prcebere
2999 4775 3216 4828 minime
3258 4776 3690 4833 inter-mittemus.
3731 4782 3799 4837 Et

2246 4860 2382 4910 enim
2409 4862 2616 4928 quoties
2647 4860 2923 4924 tabellarii,
2958 4866 3041 4930 qui
3073 4864 3204 4919 istuc
3233 4869 3332 4920 iter
3354 4868 3527 4934 faciat,
3553 4871 3709 4926 nobis
3735 4889 3826 4928 eo-

2247 4952 2325 5019 pia
2351 4965 2454 5019 eSI,
2499 4970 2601 5005 non
2631 4953 2895 5022 vulgarem
2931 4958 3246 5025 voluptatem
3287 4965 3556 5029 capimus,
3598 4979 3717 5017 cum
3763 4967 3826 5019 ad

2246 5053 2295 5097 te
2323 5044 2500 5097 literas
2530 5047 2733 5099 (lamus.
2771 5047 2892 5100 lla‘c
2925 5047 3082 5116 igitur
3117 5065 3234 5102 cum
3271 5053 3359 5104 tibi
3392 5055 3662 5121 explorata
3694 5056 3825 5118 sint,

2244 5136 2576 5188 ornatissima
2606 5145 2656 5188 et
2685 5137 3078 5206 religiosissima
3109 5140 3318 5193 domina
3350 5157 3489 5207 mea,
3514 5144 3665 5196 velint
3694 5162 3827 5214 quo-

2245 5242 2346 5295 que
2374 5228 2484 5294 ipsa
2515 5228 2607 5281 des
2634 5245 2868 5296 operam,
2914 5240 2969 5283 ut
2998 5231 3063 5284 de
3092 5241 3176 5284 tua
3224 5234 3521 5288 valetudine
3557 5236 3830 5308 animique

2249 5317 2511 5370 hilaritate
2541 5333 2694 5385 quam
2741 5321 3034 5388 smpissime
3061 5322 3123 5374 ad
3156 5339 3250 5375 nos
3295 5324 3515 5379 scribas.
3554 5326 3832 5392 Quemad-

2248 5407 2458 5459 modum
2487 5408 2625 5458 enim
2649 5408 2712 5461 ile
2745 5411 3067 5475 profectione
3093 5412 3217 5464 nihil
3251 5423 3298 5466 te
3325 5429 3658 5480 accusamus,
3685 5419 3828 5486 quod

2246 5513 2332 5551 res
2359 5513 2419 5551 ca
2452 5497 2809 5553 difficultatem
2849 5503 3042 5556 habere
3086 5503 3174 5556 tibi
3204 5507 3308 5558 visa
3349 5507 3416 5558 sit
3449 5526 3460 5560 :
3494 5507 3678 5561 eodem
3707 5525 3829 5566 mo-

2247 5591 2315 5644 do
2355 5590 2420 5645 de
2460 5591 2616 5662 longo
2654 5594 2863 5648 silentio
2895 5596 2986 5650 tibi
3031 5611 3342 5653 succensere
3374 5599 3589 5656 minime
3617 5599 3832 5657 desine-

2319 5750 2330 5776 ⁸
2367 5758 2541 5798 Omnes
2565 5747 2666 5798 fere
2695 5757 2817 5804 Mss.
2850 5755 2972 5802 [ιω.
