4078 6434
562 322 663 379 641

563 434 722 506 σιγῆς
757 434 942 489 ἕνεκεν
977 437 1077 508 τῆς
1115 436 1332 507 μακρᾶς
1359 437 1422 488 οὐ
1454 436 1776 507 παυσόμεθα
1807 435 2144 507 αἰτιώμενοι.

556 549 642 602 διὰ
667 549 728 602 τὸ
754 550 962 620 σφόδρα
1001 548 1289 620 ἐπιθυμεῖν
1325 550 1562 622 συνεχῶς
1596 549 1889 621 μανθάνειν
1919 551 1988 604 τὰ
2022 551 2150 621 περὶ

556 663 656 734 τῆς
685 661 906 733 ῥώσεως
939 663 1039 734 τῆς
1066 663 1163 734 σῆς
1189 663 1281 717 καὶ
1304 666 1453 718 οἴκου
1483 682 1575 718 σου
1604 666 1828 729 παντός.

893 834 1036 887 NH’.
1081 831 1380 898 Θεοδοσίῳ
1409 833 1528 888 ἀπὸ
1554 832 1810 888 ὃουκῶν.

624 969 830 1026 Πολλοῦ
880 971 976 1024 τοῦ
1027 969 1245 1041 μέλιτος
1289 969 1389 1040 τὴν
1446 967 1738 1038 ἐπιστολὴν
1786 966 2106 1039 ἀνέχρωσας
2130 1007 2145 1032 ,

557 1088 759 1162 μᾶλλον
779 1087 837 1141 δέ
865 1087 959 1141 καὶ
987 1085 1205 1157 μέλιτος
1226 1083 1400 1156 αὐτὴν
1429 1083 1564 1155 ἡδίω
1586 1083 1917 1154 πεποίηκας.
1949 1079 2024 1133 Τὸ
2048 1081 2146 1152 μὲν

551 1205 663 1275 7&9
701 1205 831 1258 ὅταν
897 1201 1284 1272 συνεχέστερον
1330 1199 1571 1272 ὁμιλήσῃ
1614 1199 1729 1261 τοῖς
1783 1195 2145 1250 ἀπολαύουσιν

549 1319 718 1376 αὐτοῦ
739 1319 839 1391 τῆς
870 1317 1231 1388 γλυκύτητος,
1257 1315 1359 1369 οὐκ
1386 1314 1468 1369 ἔτι
1498 1315 1701 1386 ὁμοίως
1729 1314 1829 1387 ἡδὺ
1869 1313 2142 1384 φαίνεται,

547 1435 644 1490 τοῦ
673 1435 840 1507 κόρου
868 1433 968 1505 τὴν
995 1432 1288 1505 τυραννίδα
1310 1431 1411 1502 τῆς
1437 1431 1630 1503 ἡδονῆς
1655 1429 2049 1494 καταλύοντοςο
2075 1429 2145 1482 τά

548 1549 944 1622 δειγράμματα
970 1548 1039 1602 τά
1067 1548 1135 1602 σά
1159 1548 1258 1618 τὴν
1283 1546 1493 1615 ὑγίειαν
1520 1547 1652 1617 ἡμῖν
1676 1544 2145 1616 εὐαγγελιζόμενα

547 1672 650 1740 τὴν
679 1667 803 1741 σὴν,
831 1664 1089 1720 τοσοῦτον
1118 1663 1312 1734 ἀπέχει
1345 1660 1508 1715 τοῦτο
1538 1659 1751 1724 παθεῖν,
1779 1660 1861 1713 ὅτι
1893 1658 1987 1713 καὶ
2017 1658 2141 1711 ἐπι-

545 1781 712 1836 τείνει
750 1779 870 1833 τότε
905 1777 1145 1851 μάλιστα
1171 1778 1308 1849 ἡμῖν
1333 1775 1436 1847 τὴν
1463 1773 1828 1846 εὐφροσύνην,
1857 1773 1986 1827 ὅταν
2018 1789 2142 1828 συν·

546 1895 837 1968 εχέστερον
867 1894 1169 1966 πέμπηται.
1201 1893 1275 1948 Σὺ
1302 1892 1401 1964 μὲν
1425 1887 1520 1946 οῦν
1551 1890 1650 1964 τὴν
1669 1889 1958 1963 ἐπιστολὴν
1981 1873 2140 1963 περι-

546 2009 765 2076 επτύξω
790 2009 888 2082 τὴν
918 2009 1061 2080 ἐμὴν
1083 2023 1104 2058 ·,
1132 2007 1242 2077 ἐγὼ
1274 2007 1334 2061 δέ
1365 2007 1530 2062 αὐτόν
1565 2023 1625 2061 σε
1657 2007 1752 2060 τὸν
1791 2006 2007 2077 πατέρα
2037 2007 2145 2078 τῆς.

545 2121 836 2194 ἐπιστολῆς
861 2122 957 2178 καὶ
981 2118 1456 2192 περιεπτυξάμην,
1489 2119 1585 2174 καὶ
1615 2117 1940 2189 περιέϐαλον
1969 2119 2137 2189 ἄμφω

543 2237 622 2290 τὼ
673 2238 860 2310 χεῖρε,
911 2235 1009 2291 καὶ
1035 2234 1115 2308 τῷ
1175 2234 1438 2307 τραχήλῳ
1489 2232 1844 2306 περιχυθεὶς,
1888 2233 1984 2288 καὶ
2032 2233 2134 2305 τὴν

542 2352 706 2426 φίλην
735 2352 859 2423 ἐμοὶ
906 2352 1143 2423 φιλήσας
1176 2349 1443 2422 κεφαλὴν,
1477 2347 1680 2422 πολλὴν
1718 2349 2135 2421 ἐκαρπωσάμην

539 2464 638 2537 τὴν
674 2463 1049 2536 παραμυθίαν.
1079 2461 1216 2516 Οὐδὲ
1247 2461 1358 2532 7&9
1410 2459 1704 2529 ἐπιστολὴν
1749 2459 2001 2532 ἐνόμιζον
2037 2459 2134 2531 σὴν

539 2580 756 2634 ἐπιέναι
792 2578 972 2651 μόνον,
1010 2575 1147 2630 ἀλλά
1197 2577 1292 2631 καὶ
1338 2576 1502 2632 αὐτὸν
1553 2578 1812 2642 παρεῖναι
1852 2576 1988 2647 ἡμῖν
2038 2574 2133 2628 καὶ

540 2691 913 2762 συγγίνεσθαι.
946 2687 1217 2744 Τοσοῦτον
1265 2686 1458 2760 ῖσχυσε
1497 2688 1596 2756 τῆς
1628 2686 1923 2757 ἐπιπολῆς
1967 2687 2000 2757 ἡ
2037 2684 2132 2739 δύ-

536 2826 723 2880 ναμις.
753 2806 1011 2862 Τοιοῦτον
1047 2803 1159 2877 γὰρ
1192 2805 1292 2876 τῆς
1316 2803 1550 2875 γνησίας
1579 2802 1804 2873 ἀγάπης
1847 2804 1882 2874 ἡ
1924 2800 2088 2871 φύσις
2115 2816 2129 2830 ⁶

535 2924 643 2978 xiv
674 2921 762 2976 διὰ
788 2922 1136 2993 γραμμάτων
1158 2919 1332 2990 αὐτῆς
1368 2917 1582 2989 προχέῃ
1605 2930 1632 2959 ι
1666 2917 1737 2972 τὰ
1768 2916 2006 2988 νάματα,
2040 2917 2135 2970 αὐ-

532 3037 635 3110 τὴν
667 3035 769 3105 τὴν
804 3035 988 3107 πηγὴν
1014 3033 1125 3087 τῶν
1154 3034 1504 3104 γραμμάτων
1536 3030 1908 3102 φαντάζεσθαι
1949 3047 2133 3102 παρα-

536 3150 828 3215 σκευάζει’
884 3150 914 3204 δ
956 3149 1021 3222 δὴ
1084 3150 1178 3203 καὶ
1211 3151 1372 3221 ἡμεῖς
1419 3146 1794 3218 πεπόνθαμεν.
1851 3146 1963 3200 Καὶ
2005 3144 2129 3201 οὐτε

534 3269 730 3340 χρόνου
772 3266 924 3342 [626]
969 3265 1211 3337 πλῆθος,
1246 3264 1372 3319 οὐτε
1407 3264 1532 3319 ὁδοῦ
1564 3265 1739 3336 μῆκος
1762 3303 1779 3329 ,
1828 3262 1954 3317 οὐτε
1989 3279 2133 3331 πρα-

531 3385 761 3455 γμάτων
816 3382 1138 3455 περίστασις
1162 3422 1177 3448 ,
1229 3379 1354 3435 οὐτε
1402 3381 1533 3436 ἀλλο
1583 3380 1740 3435 οὐδὲν
1782 3379 1920 3452 πρὸς
1971 3379 2130 3434 τοῦτο

532 3499 762 3572 κώλυμα
796 3499 1025 3570 γέγονεν
1052 3500 1209 3570 ἡμῖν.
1242 3496 1408 3550 Ταῦτ’
1437 3492 1532 3550 οῦν
1556 3495 1731 3562 εἰδὼς,
1757 3495 1997 3550 δέσποτά
2025 3513 2127 3566 μου

533 3613 993 3685 θαυμασιώτατε,
1037 3612 1376 3667 ἐπιστέλλειν
1421 3613 1555 3683 ἡμῖν
1593 3608 1832 3681 συνεχῶς
1872 3608 1948 3682 μὴ
1993 3625 2129 3662 κατ-

531 3731 700 3796 όκνει,
734 3731 864 3803 περὶ
893 3730 994 3801 τῆς
1031 3729 1221 3798 ὑγείας
1252 3746 1370 3795 σου,
1402 3727 1498 3782 καὶ
1522 3725 1637 3783 ,τοῦ
1670 3723 1823 3779 οἴκου
1858 3741 1952 3778 σου
1983 3741 2126 3778 παν-

529 3846 645 3910 τὸς,
681 3845 777 3899 καὶ
805 3847 906 3917 τῆς
933 3844 1198 3915 εὐθυμίας
1236 3842 1436 3916 δηλῶν.
1472 3837 1644 3897 Οἶσθα
1675 3840 1786 3913 γάρ
1815 3841 1965 3904 ὅπως
1991 3841 2127 3911 ἡμῖν

531 3959 1005 4032 περισπούδαστον
1028 3957 1348 4031 μανθάνειν.

950 4142 1087 4199 ΝΘ’.
1119 4141 1386 4210 Θεοδότῳ
1417 4141 1691 4211 διακόνῳ.

598 4277 824 4350 Ταχέως
855 4277 1016 4350 ἡμῶν
1042 4274 1336 4342 ἐπελάθου,
1365 4273 1446 4346 τῷ
1470 4273 1740 4347 χωρισμῷ
1779 4290 1876 4328 σου
1913 4273 2120 4347 σφόδρα

527 4391 758 4465 λυπηρῷ
787 4395 920 4466 ἡμῖν
947 4390 1308 4464 γεγενημένῳ
1334 4391 1430 4445 καὶ
1457 4390 1557 4460 τὴν
1579 4389 1690 4443 ἀπὸ
1709 4389 1807 4461 τῆς
1829 4389 1993 4460 σιγῆς
2023 4389 2123 4460 τῆς

456 4560 460 4563 _
530 4507 748 4578 μακρᾶς
775 4504 1036 4576 προσθεὶς
1066 4501 1328 4574 ἀθυμίαν.
1351 4500 1457 4556 Καὶ
1471 4501 1593 4555 οὐδὲ
1620 4502 1699 4565 είς
1721 4501 1917 4572 χρόνου
1941 4518 2124 4555 στενο-

526 4620 734 4692 χωρίαν
755 4618 902 4689 ἔχεις
933 4618 1303 4686 καταφυγεῖνο
1332 4613 1516 4668 ἱκανὸν
1544 4614 1653 4686 7&9
1680 4614 1790 4668 τῶν
1812 4614 2037 4687 ἡμερῶν
2060 4617 2122 4669 τὸ

525 4733 730 4805 πλῆθος
783 4731 984 4804 πολλὴν
1033 4731 1300 4804 ὁδοιπόρῳ
1334 4733 1640 4805 παρασχεῖν
1697 4730 1950 4785 εὐκολίαν
1983 4730 2121 4802 πρὸς

526 4848 802 4918 ἐπάνοδον.
857 4848 998 4900 Ἀλλ’
1036 4847 1158 4901 οὐδέ
1212 4847 1280 4901 τά
1339 4846 1620 4919 Ἰσαυρικά
1675 4846 2118 4919 προὸαλλομένου

467 4960 489 4987 ’
521 4963 892 5034 ἁησχοίμεθα
917 4961 1006 5028 ἂν,
1039 4961 1225 5033 ἐπειδὴ
1259 4962 1464 5036 σφόδρα
1486 4979 1545 5015 σε
1575 4961 1858 5034 φιλοῦμεν.
1882 4964 1992 5016 Καὶ
2007 4964 2119 5036 γὰρ

523 5077 712 5132 πολλοὶ
733 5077 782 5128 οί
805 5076 1015 5130 ἐκεῖθεν
1039 5076 1069 5116 b
1099 5075 1242 5147 μετά
1278 5075 1377 5146 τὴν
1413 5076 1512 5146 σὴν
1539 5076 1852 5147 ἀποδημίαν
1881 5077 2116 5131 ἐνταῦθα

524 5187 982 5256 παραγενόμενοι.
1027 5185 1094 5238 Τί
1144 5181 1239 5238 οὐν
1290 5188 1407 5238 ἐστι
1451 5187 1553 5256 τῆς
1605 5188 1764 5258 σιγῆς
1811 5187 1874 5241 τὸ
1906 5190 2113 5256 αῖτιον;

527 5299 722 5360 Ὄκνος
749 5298 844 5350 καὶ
876 5297 1141 5368 ῥᾳθυμία.
1188 5298 1327 5352 Ἀλλ’
1355 5301 1502 5371 ὅμως
1534 5301 1768 5373 ἀφίεμέν
1793 5320 1852 5355 σε
1873 5303 1983 5357 τῶν
2025 5305 2116 5356 ἐπὶ

522 5413 588 5481 τῇ
622 5409 863 5482 προτέρᾳ⁴
901 5411 1163 5484 ὀλιγωρία
1215 5413 1601 5485 ἐγκλημάτων,
1632 5415 1699 5468 ἂν
1742 5414 2010 5487 βουληθῇς
2038 5419 2117 5478 είς

519 5524 584 5577 τὸ
604 5523 757 5576 ἐπιὸν
776 5526 843 5596 τῇ
881 5524 1179 5596 πυκνότητι
1209 5526 1318 5581 τῶν
1349 5529 1696 5599 γραμμάτων
1727 5530 2022 5603 διορθῶσαι
2055 5531 2115 5584 τὸ

581 5747 611 5819 t
639 5748 823 5819 ρφηβε
845 5762 965 5819 ωδεχ
988 5753 1188 5819 προχξη-
1212 5751 1342 5819 Esm-
1367 5755 1644 5819 προκέηται·

581 5803 618 5852 1)
638 5807 834 5862 Coislin.
860 5803 1335 5864 πολλοῖόΓέντεῦθεν.

1279 319 1334 374 S.
1375 319 1660 377 JOANNIS
1690 319 2188 378 CHRYSOSTOMI
2224 285 2546 384 ARCHIE‘P.
2597 330 3150 392 CONSTAN'I'INOP.

3733 352 3845 407 642

2261 441 2559 511 παροφθέν.
2610 442 2780 502 Οἶσθα
2825 451 2932 524 γὰρ
2982 455 3132 518 ὅπως
3187 458 3318 527 ἡμῖν
3356 466 3541 534 χαριῇ,
3600 469 3842 540 συνεχῶς

2258 553 2390 625 ἡμῖν
2415 558 2749 615 ἐπιστέλλων
2780 563 2850 617 τά
2884 567 3010 637 περὶ
3047 569 3146 639 τῆς
3175 571 3363 640 ὑγείας
3407 576 3508 647 τῆς
3545 578 3666 651 σῆς.

2257 943 2580 1013 πειρασμῶν
2614 948 2648 1017 ἡ
2683 949 2952 1020 συνέχεια,
2981 951 3091 1004 τῶν
3129 954 3527 1026 ἐπενεχθέντων
3557 960 3634 1031 τῷ
3663 962 3841 1032 κυρίῳ

2258 1073 2361 1126 μου
2401 1057 2478 1129 τῷ
2509 1062 2824 1134 τιμιωτάτῳ
2877 1066 2972 1120 καὶ
3024 1067 3404 1139 εὐλαϐεστάτῳ
3457 1073 3838 1146 πρεσϐυτέρῳ.

2269 1168 2427 1224 Ἀλλά
2457 1174 2622 1246 μηδὲν
2652 1177 2796 1247 ὑμᾶς
2844 1178 3004 1234 τοῦτο
3053 1181 3369 1254 θορυὸείτω.
3407 1185 3466 1238 ὐ
3499 1187 3607 1258 γὰρ
3626 1187 3714 1241 διά
3741 1189 3836 1243 τὸν

2253 1281 2387 1336 Θεὸν
2443 1285 2618 1342 ταῦτα
2671 1290 2914 1361 πάσχων,
2970 1293 3192 1366 ὅσῳπερ
3244 1296 3311 1350 ἄν
3359 1315 3412 1353 τι
3449 1298 3834 1374 χαλεπώτερον

2253 1397 2401 1469 πάθῃ
2426 1410 2473 1465 ε,
2508 1401 2767 1472 μειζόνων
2793 1407 3055 1464 ἀπολαύει
3081 1413 3380 1482 στεφάνων.
3418 1403 3630 1489 Ἰκανὴν
3653 1419 3838 1473 τοίνυν

2252 1509 2473 1581 ἔχουσαι
2522 1514 2727 1587 ταύτην
2771 1518 2870 1590 τὴν
2909 1522 3275 1595 παράκλησιν,
3329 1526 3524 1600 φέρετε
3568 1531 3839 1598 γενναίως

2251 1624 2346 1676 καὶ
2397 1627 2732 1699 εὐχαρίστως
2767 1630 2835 1684 τά
2894 1635 3275 1706 συμπίπτοντα
3297 1679 3313 1704 ,
3364 1641 3681 1706 δοξάζουσαι
3744 1643 3840 1698 τὸν

2249 1737 2385 1794 Θεὸν
2431 1742 2519 1812 ἐφ’
2550 1744 2722 1801 ἅπασι
2754 1751 2868 1813 τοῖς
2897 1750 3313 1822 συμϐαίνουσιν.
3373 1754 3532 1810 Οὐτω
3585 1757 3698 1831 γὰρ
3736 1760 3838 1814 καὶ

2250 1854 2410 1926 ὑμεῖς
2452 1863 2705 1915 κοινωνοὶ
2748 1865 3050 1937 γενήσεσθε
3101 1867 3210 1924 τῶν
3255 1871 3639 1942 ἀποκειμένων
3681 1872 3838 1945 αὑτῷ

2251 1970 2459 2041 μισθῶν
2491 1977 2587 2029 καὶ
2613 1976 2913 2046 στεφάνων,
2951 1980 3094 2053 ὑπὲρ
3126 1975 3200 2038 ὧν
3221 1985 3484 2054 γενναίως
3507 1987 3602 2040 καὶ
3639 1988 3838 2058 πράως

2246 2087 2517 2158 ἠνέγκατε
2549 2090 2619 2144 τά
2654 2093 2960 2164 συμϐάντα.
2996 2095 3140 2152 ’Ἱστε
3173 2098 3282 2169 7&9
3311 2100 3393 2155 ὅτι
3423 2099 3542 2166 ὁδὸς
3575 2104 3602 2156 ὁ
3639 2103 3839 2176 παρὼν

2247 2201 2383 2272 βίος,
2413 2205 2507 2258 καὶ
2521 2206 2589 2260 τά
2617 2208 2833 2279 χρηστά
2854 2209 3022 2265 αὐτοῦ
3055 2213 3150 2266 καὶ
3174 2213 3245 2268 τὰ
3270 2213 3490 2288 λυπηρά
3534 2216 3838 2287 παροδεύε-

2243 2335 2357 2386 ται,
2403 2320 2500 2374 καὶ
2522 2321 2605 2375 ὄτι
2629 2320 2720 2376 διά
2743 2322 2957 2380 πολλῶν
2988 2325 3225 2396 θλίψεων
3269 2327 3354 2382 δεῖ
3378 2330 3547 2402 ἡμᾶς·
3564 2330 3832 2387 είσελθεῖν

2242 2434 2326 2497 εἰς
2353 2433 2453 2506 τὴν
2500 2433 2779 2505 βασιλείαν
2821 2439 2919 2494 τοῦ
2958 2440 3123 2494 Θεοῦ·
3150 2443 3248 2496 καὶ
3282 2443 3366 2497 ὅτι
3394 2446 3554 2517 στενὴ
3611 2446 3709 2501 καί
3741 2464 3834 2500 τε-

2242 2544 2515 2621 θλιμμένη
2555 2550 2588 2621 ἡ
2621 2549 2762 2616 ὁδὸς,
2802 2552 2837 2622 ἡ
2870 2552 3163 2624 ἀπάγουσα
3182 2556 3263 2621 είς
3291 2556 3392 2626 τὴν
3426 2557 3596 2629 ζωήν.
3639 2561 3833 2633 Παρα-

2241 2661 2526 2732 κληθεῖσαι
2555 2659 2649 2719 οῦν
2681 2665 2777 2720 καὶ
2797 2665 2886 2721 διά
2912 2666 3140 2735 τούτων,
3170 2672 3267 2725 καὶ
3289 2672 3377 2727 διὰ
3390 2674 3490 2744 τῆς
3521 2675 3834 2746 παρουσίας

2240 2777 2427 2844 αὐτοῦ,
2461 2779 2606 2834 ἅπαν
2627 2779 2868 2853 ἀθυμίας
2889 2782 3282 2840 διασκεδάσατε
3301 2787 3483 2856 νέφος,
3507 2789 3826 2861 χαίρουσαι,

2241 2890 2670 2965 εὐφραινόμεναι
2721 2896 2816 2950 ἐπὶ
2860 2899 2976 2963 τοῖς
2999 2897 3192 2954 τούτου
3219 2899 3528 2972 παθήμασι.
3575 2903 3686 2957 Καὶ
3715 2905 3829 2977 γὰρ

2239 3006 2446 3076 ἄφατος
2478 3008 2629 3082 αὐτῷ
2659 3009 2908 3064 ἐντεῦθεν
2960 3011 3205 3068 κείσεται
3245 3017 3274 3070 ό
3303 3016 3513 3088 καρπὸς
3563 3017 3660 3072 καὶ
3682 3017 3828 3092 ἀκὴο

2243 3137 2425 3191 ρατος.

2385 3273 2533 3348 [627]
2573 3277 2702 3332 ΞΑν.
2746 3279 3010 3346 Θεοδότῳ
3045 3280 3166 3336 ἀπὸ
3201 3284 3680 3353 κονσουλαρίω.

2310 3412 2484 3468 Τοῦτο
2522 3415 2727 3486 πατὴρ,
2757 3415 2820 3469 τὸ
2864 3415 2941 3488 μὴ
2983 3417 3144 3488 μόνον
3183 3418 3262 3491 μὴ
3295 3418 3677 3492 δυσχεραίνειν
3726 3420 3828 3476 τοῦ

2238 3526 2429 3590 παιδὸς
2458 3527 2556 3599 τὴν
2590 3528 2765 3600 ἀληθῆ
2812 3531 3136 3602 φιλοσοφίαν
3186 3533 3641 3604 φιλοσοφοῦντος,
3684 3535 3828 3592 ἀλλά

2237 3644 2332 3696 καὶ
2365 3643 2709 3716 συνήδεσθαι,
2745 3644 2842 3698 καὶ
2890 3645 3069 3700 πάντα
3096 3648 3273 3702 ποιεῖν
3292 3686 3310 3712 ,
3340 3648 3490 3712 ὅπως
3517 3649 3600 3712 είς
3651 3648 3827 3721 ἀκρον

2235 3758 2410 3830 αὐτῆς
2455 3759 2740 3830 ἀφίκοιτο·
2781 3761 2880 3814 καὶ
2912 3761 3050 3833 μηδὲ
3085 3761 3167 3833 τῷ
3202 3761 3490 3837 πόρρωθεν
3541 3759 3686 3818 εἶναι
3727 3766 3828 3821 καὶ

2235 3873 2515 3946 πατρίδος,
2547 3874 2644 3928 καὶ
2665 3875 2867 3942 οίκίας,
2889 3875 3120 3931 καὶτῶν
3152 3876 3262 3934 σῶν
3297 3876 3620 3949 ὀφθαλμῶν,
3647 3878 3825 3952 βαρύ-

2234 3987 2420 4042 νεσθαι
2445 4028 2461 4053 ,
2506 3987 2645 4042 ἀλλά
2676 3988 2772 4044 νῦν
2824 3989 3029 4062 μᾶλλον
3080 3989 3246 4046 αὐτὸν
3295 3989 3550 4064 ἡγεῖσθαι
3589 3990 3827 4065 πλησίον

2232 4105 2398 4176 ἔχειν,
2434 4105 2523 4160 ὅτε
2552 4105 2702 4177 αὑτῷ
2731 4104 2801 4159 τὰ
2829 4105 2931 4177 τῆς
2956 4107 3164 4179 ἀρετῆς
3183 4107 3480 4162 ἐπιδίδωσι.
3511 4105 3615 4163 Διά
3641 4109 3827 4166 ταῦτά

2234 4234 2317 4271 σοι
2349 4219 2442 4273 καὶ
2469 4221 2632 4291 ἡμεῖς
2665 4218 2867 4285 πολλὰς
2887 4219 3122 4293 χάριτας
3147 4221 3327 4293 ῖσμεν,
3361 4223 3458 4277 καὶ
3472 4222 3823 4296 τεθαυμάκα-

2235 4348 2334 4401 μεν
2360 4330 2480 4395 πῶς
2507 4329 2751 4385 τοιοῦτον
2775 4334 2909 4404 ἡμῖν
2926 4332 3101 4406 δῶρον
3126 4333 3394 4400 δεδωκὼς,
3419 4334 3512 4388 τὸν
3536 4335 3677 4402 υίδν,
3706 4337 3824 4393 ἐνό-

2233 4462 2401 4516 μισας
2435 4446 2546 4500 δεῖν
2584 4463 2665 4500 σοι
2696 4447 2794 4501 καὶ
2823 4446 3014 4515 ξενίων
3050 4449 3132 4514 εἰς
3183 4448 3349 4522 τιμὴν
3373 4450 3670 4522 ἡμετέραν.
3706 4453 3820 4526 Τὴν

2233 4562 2334 4633 μὲν
2363 4557 2458 4617 οῦν
2479 4562 2647 4636 τιμὴν
2674 4565 2776 4636 τὴν
2805 4566 2870 4618 ἐκ
2905 4563 3016 4619 τῶν
3036 4564 3399 4638 πεμφθέντων
3442 4565 3815 4639 ἐδρεψάμεθα,

2229 4678 2370 4735 αὑτά
2389 4679 2447 4734 δὲ
2470 4680 3022 4751 ἀνταπεστάλκαμεν,
3049 4681 3151 4752 οὑχ
3180 4679 3559 4752 ὑπερορῶντές
3593 4699 3689 4736 σου
3717 4683 3818 4754 τῆς

2228 4795 2509 4865 εὐγενείας
2543 4795 2701 4866 (πῶς
2751 4796 2863 4868 7&9
2896 4797 2994 4851 τοῦ
3018 4796 3165 4852 οὑτω
3190 4795 3436 4868 σφοδρῶς
3462 4796 3622 4868 ἡμῶν
3645 4795 3818 4867 ἐρῶν-

2226 4930 2318 4976 τος
2334 4930 2348 4976 ;
2366 4912 2407 4981 ),
2437 4911 2551 4966 ἀλλ’
2575 4913 2868 4984 ἡγούμενοι
2884 4913 3139 4986 περιττὸν
3163 4909 3302 4967 εἶναι
3325 4912 3531 4966 τούτων
3556 4909 3656 4983 τὴν
3676 4909 3813 4966 ἀπό·

2227 5041 2419 5082 Λαυσιν
2461 5028 2679 5083 διώκειν
2701 5072 2716 5095 ,
2742 5021 2817 5082 ὧν
2840 5030 2897 5081 ἐν
2925 5027 3086 5100 χρείᾳ
3112 5027 3174 5083 οὐ
3211 5027 3647 5100 καθεστήκαμεν.
3707 5025 3814 5081 Τὸν

2230 5142 2415 5212 μέντοι
2447 5141 2611 5195 καλὸν
2651 5141 2921 5196 Θεόδοτον.
2943 5142 3036 5195 τὸν
3079 5141 3440 5213 ἀναγνώστην
3476 5137 3817 5212 ἐϐουλόμεθα

2229 5256 2328 5326 μὲν
2367 5257 2499 5328 παρ’
2530 5257 2747 5320 ἑαυτοῖς
2790 5257 3044 5328 κατέχειν
3086 5257 3181 5310 καὶ
3216 5255 3495 5318 πλάττειν,
3518 5252 3708 5324 ἐπειδὴ
3754 5254 3814 5308 δὲ

2226 5369 2405 5422 πάντα
2426 5369 2496 5424 τά
2519 5368 2756 5422 ἐνταῦθα
2776 5369 2972 5439 φόνων,
3007 5368 3272 5440 ταραχῆς,
3295 5365 3570 5436 αἱμάτων,
3587 5367 3815 5438 ἐμπρη-

2227 5481 2382 5552 σμῶν
2407 5481 2812 5552 ἐμπέπλησται,
2840 5482 2949 5536 τῶν
2993 5480 3253 5552 Ἰσαύρων
3276 5481 3454 5534 πάντα
3485 5481 3690 5552 σιδήρῳ
3713 5482 3814 5536 καὶ

2224 5597 2362 5667 πυρὶ
2389 5597 2811 5664 ἀναλισκόντων,
2834 5598 2928 5652 καὶ
2950 5599 3148 5661 τόπους
3185 5599 3250 5652 ἐκ
3276 5597 3457 5651 τόπων
3478 5594 3813 5668 ἀμείϐομεν,

2300 5825 2322 5855 ε
2338 5822 2536 5876 Coislln.
2564 5823 2746 5889 πάσχῃ.
