4078 6444
515 321 621 377 645

517 431 869 493 necessarium
893 430 1110 502 proinde
1127 443 1245 486 esse
1263 428 1511 485 duximus
1526 428 1791 484 eum-hinc
1808 428 2070 491 emittere,

513 527 730 584 domino
769 538 890 580 meo
929 521 1323 595 religiosissima
1349 519 1572 576 diacono
1601 520 1874 576 Theodoto
1918 520 2075 576 etiam

512 629 672 690 atque
689 617 848 673 etiam
863 613 1195 681 mandantes,
1215 622 1274 668 ut
1294 614 1454 684 ipsius
1472 628 1654 669 curam
1674 613 1883 671 assidue
1907 620 2074 684 gerat,

512 713 567 765 in
596 708 751 780 idque
774 721 966 777 magno
1002 705 1177 762 studio
1201 719 1265 761 ac
1304 705 1573 777 diligentia
1611 704 1896 760 incumbat.
1924 703 2077 773 Quod

511 803 683 871 ipsum
713 809 771 856 ut
800 800 939 857 filius
977 809 1097 855 tuus
1134 810 1506 868 consequatur,
1540 809 1592 852 tu
1621 812 1829 868 quoque
1867 796 2076 852 labores

511 893 667 948 velim
711 910 726 947 :
773 902 932 963 atque
966 892 1182 947 omnino
1225 889 1788 945 consilium'nostrum
1817 887 2073 954 laudabis,

511 983 769 1055 nobisque
804 982 1176 1039 admonitionis
1213 979 1370 1052 hujus
1397 980 1609 1036 nomine
1650 978 1916 1051 ingentem
1949 993 2074 1050 gra-

512 1074 638 1129 tiam
670 1074 908 1130 habebis.

510 1205 694 1264 LXII.
736 1207 904 1274 Ceste,
933 1205 1150 1274 Valerio,
1181 1204 1504 1278 Diophantw,
1534 1202 1766 1277 Cyriaco,
1788 1203 2068 1260 Antiochus

845 1300 1162 1372 presbyteris.
1195 1299 1425 1370 (Cucuso
1447 1298 1588 1364 anno
1607 1296 1756 1370 405.)

581 1435 734 1506 Quod
758 1435 1231 1492 reverendissimus
1256 1449 1317 1489 ac
1340 1433 1767 1507 religiosissimus
1791 1434 2068 1508 presbyter

509 1529 852 1584 Constantius
893 1541 991 1582 nos
1036 1526 1344 1597 reliquerit,
1375 1526 1569 1582 doleo:
1599 1525 1741 1597 quod
1779 1534 1956 1581 autem
1999 1526 2066 1582 ad

513 1634 608 1675 vos
635 1635 694 1676 se
718 1619 1000 1675 contulerit
1018 1661 1032 1684 ,
1061 1620 1240 1685 ltetor;
1269 1634 1331 1674 ac
1358 1619 1524 1690 magis
1563 1619 1689 1675 hinc
1719 1618 1889 1684 laetor,
1912 1632 2069 1689 quam

512 1711 659 1767 illinc
684 1712 858 1767 doleo.
900 1710 1078 1781 Neque
1122 1711 1261 1766 enim
1309 1711 1438 1766 mihi
1463 1711 1678 1767 dubium
1709 1719 1812 1776 est,
1855 1713 1982 1781 quin
2002 1709 2070 1766 ad

511 1803 1096 1876 tranquillum/portum
1115 1842 1130 1869 ,
1161 1802 1264 1858 hoc
1298 1813 1380 1858 est
1408 1803 1474 1857 ad
1513 1812 1742 1858 vestram
1772 1804 2066 1868 caritatem,

507 1894 754 1963 appellat.
793 1893 924 1948 Nam
963 1895 1203 1964 quamvis
1247 1893 1486 1950 sexcenti
1531 1893 1787 1949 tumultus
1827 1909 1924 1950 vos
1971 1911 2071 1949 un-

507 1984 667 2054 dique
691 1985 1067 2051 circumstent,
1095 2000 1425 2056 magnosque
1450 1984 1644 2042 fluctus
1677 1985 1910 2042 excitent
1938 2002 1951 2039 :
1985 1994 2068 2040 ta-

507 2076 914 2146 men‘ejusmodi
941 2087 1079 2134 statu
1105 2094 1190 2133 res
1219 2089 1410 2134 vestra:
1437 2087 1593 2144 sunt,
1621 2087 1678 2134 ut
1703 2078 1773 2134 ob
1799 2093 1935 2143 eam,
1955 2075 2068 2148 'qua

505 2167 710 2238 praediti
738 2170 902 2236 estis,
941 2168 1298 2225 fortitudinem
1344 2179 1400 2224 et
1423 2178 1750 2226 constantem
1793 2171 2064 2225 caritatem

505 2259 774 2331 animique
797 2260 1131 2316 aﬂ‘ectionem
1151 2301 1165 2326 ,
1195 2259 1355 2317 etiam
1387 2263 1440 2315 in
1467 2260 1651 2316 mediis
1674 2260 1920 2330 procellis
1949 2275 2064 2315 ma-

505 2366 607 2422 gna
634 2353 1016 2424 tranquillitate
1054 2353 1322 2408 fruamini.
1350 2352 1701 2421 Quamobrem
1726 2366 1845 2407 cum
1878 2350 1946 2407 ad
1975 2367 2065 2407 ve-

503 2452 670 2499 strum
698 2453 966 2514 aspectum
998 2443 1220 2512 venerit,
1253 2445 1370 2513 ipsi,
1398 2453 1456 2498 ut
1483 2459 1573 2512 par
1599 2452 1701 2510 est,
1730 2443 1904 2497 omnia
1932 2458 2061 2514 sup-

501 2536 753 2609 peditate.
774 2537 930 2592 Scitis
951 2537 1091 2592 enim
1114 2544 1307 2608 quanta
1335 2551 1428 2591 vos
1453 2537 1575 2591 hinc
1603 2551 1806 2592 merces
1829 2545 2060 2603 maneat,

501 2631 546 2684 si
573 2645 695 2686 cum
727 2630 902 2701 inique
924 2638 1173 2687 vexatum
1203 2628 1383 2686 fovere
1406 2631 1682 2687 studeatis.
1714 2631 1895 2703 Neque
1917 2632 2062 2688 enim

501 2721 642 2776 aliud
664 2721 950 2792 quidquam
977 2735 1006 2774 a
1037 2721 1188 2776 vobis
1209 2709 1556 2791 postulamus,
1584 2739 1740 2793 quam
1765 2733 1823 2777 ut
1847 2738 1914 2778 ne
1952 2723 2062 2793 ipse

501 2827 598 2882 per
621 2813 865 2883 injuriam
891 2821 1135 2878 vexetur,
1165 2823 1470 2883 temereque
1492 2813 1593 2869 huc
1620 2825 1777 2885 atque
1803 2815 1926 2869 illuc
1953 2816 2060 2869 eir-

501 2911 828 2976 cumagatur,
850 2917 914 2960 ac
936 2918 1028 2974 per
1046 2902 1281 2974 judicum
1309 2905 1585 2961 tribunalia
1610 2921 1728 2961 eam
1757 2906 1825 2960 ob
1850 2919 2061 2960 oausam

499 2995 842 3058 distrahatur,
887 2995 1362 3065 atque‘laceretur,
1409 2995 1479 3050 ob
1513 3011 1672 3066 quam
1711 3011 1832 3050 eum
1866 3004 2061 3051 corona

498 3086 699 3153 ornari,
729 3099 792 3142 ac
832 3085 1041 3156 Publico
1080 3087 1356 3158 praeconio-
1389 3087 1646 3143 celebrari
1686 3101 1784 3157 par
1826 3098 1958 3143 erat.
1984 3089 2063 3143 Ac

501 3194 598 3249 pro
615 3192 690 3249 99
713 3176 924 3251 quidem
953 3177 1068 3234 haec
1099 3177 1458 3250 postulamus;
1487 3188 1584 3249 pro
1608 3178 1763 3234 nobis
1800 3188 1976 3235 autem
2006 3186 2062 3233 ut

498 3283 644 3340 saepe
665 3269 731 3324 ad
755 3282 852 3324 nos
896 3268 1162 3333 scribatis,
1189 3282 1251 3324 ac
1293 3267 1361 3323 de
1401 3277 1576 3324 vestra
1617 3269 1916 3324 valetudine
1938 3283 2060 3324 cer-

500 3364 661 3417 tiores
686 3376 784 3417 nos
811 3359 1035 3417 faciatis.
1065 3359 1198 3416 Nam
1227 3361 1325 3416 etsi
1367 3361 1524 3431 longo
1552 3361 1754 3417 itineris
1783 3360 2060 3417 intervallo

494 3469 526 3508 a
551 3454 703 3511 vobis
747 3452 1085 3518 divellimur,
1138 3467 1233 3508 vos
1271 3464 1446 3508 tamen
1488 3453 1668 3508 animo
1719 3451 2061 3509 circumferre

496 3546 714 3602 minime
754 3545 1064 3610 desinimus,
1113 3559 1176 3599 ac
1218 3544 1488 3599 vobiscum
1533 3559 1674 3608 esse,
1720 3543 2060 3614 quotidieque

495 3640 716 3694 versari.
764 3638 1035 3709 Ejusmodi
1074 3639 1218 3694 enim
1251 3639 1487 3693 caritatis
1533 3637 1673 3692 oculi
1709 3647 1834 3693 sunt
1874 3636 1928 3691 in
1968 3636 2057 3701 iis,

494 3730 586 3802 qui
611 3733 816 3786 sincere
851 3746 1029 3786 amare
1058 3740 1270 3787 norunt.
1313 3729 1474 3800 idque
1515 3731 1613 3801 ipsi
1659 3729 1936 3806 perspicue
1966 3743 2061 3783 no-

495 3823 614 3888 stis,
640 3823 1067 3892 quandoquidetn
1094 3823 1301 3877 sincere
1333 3837 1540 3892 quoque
1566 3836 1747 3876 amare
1775 3821 1962 3875 nostis.

601 3953 818 4010 LXIII.
858 3954 1224 4025 Tranquillino.
1281 3953 1386 4012 (Ab
1412 3970 1553 4009 anno
1580 3955 1678 4010 404
1708 3955 1774 4010 ad
1801 3953 1954 4025 407.)

562 4087 765 4144 Caetera
808 4087 1020 4159 quidem
1067 4088 1243 4142 omnia
1284 4081 1506 4158 tempori
1547 4086 1769 4154 cedunt,
1810 4102 1873 4142 ac
1907 4094 2059 4142 vetu-

493 4190 684 4238 statem
713 4189 768 4236 et
809 4179 1012 4236 senium
1060 4179 1400 4248 contrahunt,
1432 4180 1533 4236 hoc
1561 4190 1643 4236 est
1666 4179 1905 4235 ﬂorentia
1938 4194 2055 4234 cor-

496 4290 643 4346 pora,
672 4275 776 4330 alta
804 4275 1045 4341 :edificia,
1075 4285 1244 4344 prata,
1272 4286 1325 4329 et
1352 4259 1510 4340 harti,
1537 4289 1600 4329 ac
1619 4273 1846 4344 denique
1875 4273 2049 4327 omnia

495 4382 616 4437 quae
640 4381 702 4421 ex
738 4375 876 4422 terra
906 4369 1147 4421 oriuntur
1175 4385 1189 4420 :
1218 4366 1331 4421 sola
1374 4377 1549 4420 autem
1576 4363 1770 4419 caritas
1815 4363 1883 4418 ab
1911 4363 2054 4434 ejus-

497 4459 639 4514 modi
663 4458 979 4514 detrimento
1004 4459 1250 4514 immunis
1269 4467 1382 4524 est;
1404 4475 1466 4514 ac
1494 4473 1598 4514 non
1624 4459 1782 4514 modo
1809 4445 2059 4529 temporis

494 4553 841 4608 diuturnitate
881 4566 984 4605 non
1027 4552 1336 4612 marcescit.
1376 4552 1467 4605 sed
1519 4569 1584 4606 ne
1627 4562 1798 4607 morte
1843 4552 2056 4622 quidem

496 4649 608 4716 ipsa
636 4645 1057 4715 interrumpitur.
1098 4644 1280 4714 quue
1319 4645 1531 4698 nomine
1570 4659 1665 4697 nos
1695 4659 1935 4714 quoque,
1983 4654 2060 4698 ta-

498 4740 652 4796 metsi
675 4739 936 4797 diuturnos
956 4747 1194 4808 tempore
1232 4754 1262 4792 a
1293 4739 1551 4794 suavitate
1581 4747 1668 4792 tua
1697 4736 2022 4793 abfuerimus
2041 4777 2056 4804 ,

496 4836 756 4902 vigentem
797 4841 970 4886 tamen
1027 4833 1100 4884 tui
1144 4846 1381 4886 amorem
1431 4831 1721 4887 retinemus
1759 4849 1772 4884 :
1819 4846 1882 4886 ac
1921 4846 2060 4887 nunc

497 4925 709 4995 quidem
736 4925 933 4993 lingua,
961 4938 1170 4992 semper
1195 4933 1370 4977 autem
1396 4925 1593 4978 animo.
1617 4924 1796 4994 anue
1817 4924 1882 4978 de
1902 4939 2058 4979 causa

499 5032 655 5087 quam
697 5018 986 5087 sapissime
1010 5016 1074 5069 ad
1117 5016 1364 5085 pietatem
1396 5025 1536 5069 tuam
1571 5015 1751 5070 literas
1793 5014 2056 5069 dedimus.

499 5111 754 5178 Quoniam
796 5120 995 5174 autem,
1026 5125 1131 5180 quo
1162 5119 1300 5163 statu
1339 5109 1584 5164 valetudo
1611 5119 1696 5162 tua
1732 5110 1828 5173 sit,
1864 5108 2059 5164 intelli-

501 5217 626 5272 gere
656 5201 807 5257 valde
832 5202 1126 5270 expetimus
1151 5198 1278 5273 (scis
1305 5201 1444 5255 enim
1476 5202 1590 5271 ipse
1617 5215 1773 5270 quam
1807 5210 1855 5255 te
1879 5200 2058 5258 valere

501 5295 814 5365 cupiamus),
845 5295 886 5349 si
915 5294 1027 5348 ﬁeri
1057 5295 1250 5363 possit,
1280 5293 1535 5365 facileque
1573 5294 1799 5364 aliquem
1827 5293 2056 5348 nancisci

502 5400 686 5453 queas,
731 5386 817 5455 qui
859 5386 1034 5441 literas
1060 5387 1126 5440 ad
1172 5402 1267 5441 nos
1307 5385 1459 5451 ferat,
1487 5387 1645 5442 velim
1692 5395 1766 5450 ut,
1808 5385 2059 5455 quemad-

504 5479 714 5534 modum
743 5477 899 5534 officii
929 5481 1002 5534 tui
1033 5480 1166 5533 ratio
1194 5481 1458 5549 postulat,
1491 5479 1557 5535 de
1586 5494 1650 5535 eo
1680 5495 1778 5535 nos
1802 5481 2059 5546 certiores

505 5569 685 5625 facias.
715 5569 846 5625 Nam
874 5586 958 5627 res
987 5582 1196 5626 nostras
1221 5580 1379 5641 atque
1400 5586 1459 5626 ea
1500 5587 1614 5638 qure
1643 5571 1694 5626 in
1724 5572 1975 5626 Armenia
2003 5581 2060 5627 et

504 5658 729 5718 Thracia
750 5671 1004 5733 geruntur
1022 5704 1036 5729 ,
1061 5665 1281 5719 sincerre
1308 5671 1464 5734 atque
1492 5663 1693 5721 ardenti
1718 5663 1924 5720 caritati
1957 5674 2058 5721 tua:

503 5754 738 5808 narrabit
760 5754 804 5811 is
831 5755 918 5825 qui
944 5755 1034 5811 tibi
1062 5754 1154 5812 has
1186 5755 1366 5811 literas
1391 5755 1590 5814 reddet.

1248 315 1305 373 8.
1330 313 1604 372 JOANNIS
1641 308 2102 372 611Βῖ5051οΜ
2137 311 2445 370 ARCHIEP.
2483 315 3008 374 CONSTANTINOP.

3653 317 3766 376 8N-

2598 433 2723 490 ιιι
2740 433 2802 490 γ.
2831 434 3042 507 Cyriaco
3069 437 3320 510 episcopo.

2254 564 2508 622 Dominus
2542 581 2692 624 meus
2735 569 2993 640 Sopater,
3031 569 3299 626 Armeniae
3347 569 3568 641 hujusce
3604 585 3751 644 pra-

2183 655 2382 726 fectus,
2411 658 2465 714 in
2505 675 2607 730 qua
2643 675 2782 717 nunc
2821 661 3010 717 inclusi
3040 671 3302 729 tenemur,
3329 664 3597 720 Armenia
3631 665 3751 735 quia

2181 747 2302 805 dem
2327 749 2536 820 praefuit
2559 761 2617 806 ut
2646 762 2827 823 pater,
2857 752 2973 824 plus
2997 765 3173 810 autem
3203 753 3360 809 ofﬁcii
3383 769 3508 826 erga
3532 769 3634 813 nos
3656 770 3752 812 cx-

2181 839 2370 906 hibuit,
2417 857 2575 912 quam
2611 857 2641 897 a
2685 852 2833 913 patre
2869 843 3241 914 postulandum
3279 844 3570 900 videretur.
3614 845 3756 903 Huic

2181 931 2356 1003 itaque
2395 934 2610 1002 hujusce
2642 934 3029 992 benevolentiae
3079 937 3247 993 vicem
3285 932 3406 993 cum
3451 939 3756 1009 rependere

2178 1037 2425 1093 cuperem
2469 1033 2524 1080 et
2557 1027 2926 1097 exquirerem.
2955 1027 3210 1098 optimam
3249 1029 3387 1084 viam
3429 1029 3561 1086 mihi
3601 1031 3758 1086 inve-

2179 1116 2325 1170 nisse
2348 1115 2550 1180 videor,
2584 1117 2830 1172 nimirum
2864 1118 3146 1174 sollicitum
3177 1128 3323 1174 tuum
3350 1134 3413 1176 ac
3439 1121 3751 1192 vigilantem

2178 1207 2436 1273 animum,
2480 1208 2634 1278 cujus
2678 1224 2841 1278 opera
2880 1210 3101 1279 gratiam
3148 1210 3249 1280 ipsi
3292 1209 3494 1268 referre
3533 1224 3748 1283 potero.

2175 1299 2276 1366 Qui
2305 1301 2515 1361 tandem
2538 1300 2699 1367 istud,
2723 1310 2778 1358 et
2798 1316 3027 1372 quonam
3058 1305 3252 1372 pacto?
3281 1301 3450 1375 Ipsius
3475 1303 3616 1360 filius
3632 1305 3750 1376 jam

2174 1395 2264 1450 diu
2293 1393 2413 1450 istic
2441 1393 2899 1451 literarum‘causa
2941 1406 3316 1452 commoratur.
3355 1395 3509 1453 Hunc
3535 1397 3584 1454 si
3621 1399 3751 1456 laeto

2173 1494 2332 1555 atque
2359 1483 2522 1540 alacri
2545 1485 2753 1551 animo,
2781 1494 2840 1539 ut
2867 1484 3078 1541 caritati
3107 1484 3214 1542 tute
3257 1486 3536 1555 convenit,
3562 1487 3752 1547 videre

2173 1578 2463 1644 studueris,
2516 1577 2866 1649 hetieilciique
2911 1577 3108 1650 aliquid
3159 1579 3213 1633 in
3259 1593 3382 1635 eum
3425 1581 3744 1650 contuleris,

2172 1669 2350 1725 omnia
2382 1685 2410 1723 a
2437 1668 2587 1725 nobis
2611 1669 2786 1726 debita
2814 1668 2988 1726 officia
3017 1669 3346 1742 rependeris.
3386 1672 3746 1740 Quamobrem

2173 1761 2276 1818 hoc
2302 1761 2494 1817 effice:
2523 1775 2585 1816 ac
2612 1771 2721 1819 tum
2759 1775 2945 1817 eorum
2968 1762 3058 1832 qui
3083 1761 3389 1834 magistratu
3416 1762 3745 1834 funguntur,

2173 1861 2284 1907 tum
2333 1861 2540 1908 tuorum
2584 1850 2941 1918 familiarium,
2983 1853 3181 1923 quique
3214 1853 3315 1924 ipsi
3342 1862 3619 1911 externam
3658 1872 3746 1913 re-

2169 1946 2381 2016 gionem
2405 1943 2569 2013 patria
2595 1943 2971 2013 jucundiorem
3002 1942 3228 2000 reddere
3254 1953 3475 2014 queunt,
3497 1946 3746 2003 notitiam

2171 2034 2270 2105 ipsi
2296 2034 2542 2089 concilia.
2565 2033 2653 2090 Sic
2681 2034 2844 2099 enim,
2867 2042 2920 2088 et
2945 2035 3013 2091 ab
3036 2049 3123 2104 eo,
3153 2044 3209 2091 et
3231 2048 3262 2090 a
3290 2049 3394 2102 me,
3422 2045 3581 2109 atque
3605 2037 3746 2096 adeo

2169 2142 2199 2181 a
2225 2127 2398 2196 teipse
2421 2113 2645 2197 gratiam
2676 2124 2854 2192 inibis,
2884 2126 3107 2195 probum
3128 2127 3336 2184 scilicet
3361 2143 3426 2183 ac
3451 2129 3742 2200 benignum

2121 2211 2150 2294 /
2170 2221 2348 2275 virum
2383 2233 2824 2290 communemque
2859 2227 3149 2291 pauperum
3189 2231 3402 2291 portum
3440 2233 3536 2292 per
3570 2222 3745 2280 filium

2161 2312 2373 2384 juvans.

2188 2444 2285 2502 LX
2300 2445 2358 2502 V.
2389 2444 2653 2501 Marciano
2679 2455 2726 2501 et
2751 2438 3047 2501 Marcellino
3067 2443 3164 2519 (α).
3194 2443 3448 2518 (Cucuso,
3479 2463 3620 2507 anno
3646 2460 3707 2508 ut

2780 2547 2990 2610 potatur
3014 2538 3163 2612 404.)

2231 2677 2373 2735 Satis
2395 2676 2628 2749 amplum
2667 2675 2913 2733 maeroris
2940 2676 3118 2744 illius,
3148 2692 3330 2749 quem,
3371 2686 3432 2735 ut
3465 2693 3531 2736 ex
3565 2679 3742 2739 literis

2166 2771 2360 2826 vestris
2394 2769 2596 2840 accepi,
2636 2768 2939 2835 sustinetis,
2967 2769 3210 2824 solatium
3256 2769 3407 2826 vobis
3429 2780 3514 2827 est
3559 2772 3740 2843 philo-

2163 2859 2381 2932 sophica
2409 2859 2526 2915 haec
2552 2869 2728 2915 vestra
2771 2873 2922 2915 mens
2941 2900 2956 2926 ,
2997 2874 3059 2914 ac
3083 2859 3327 2917 sublimis
3353 2871 3408 2916 et
3432 2862 3584 2917 firma
3607 2878 3743 2921 con-

2163 2961 2415 3022 stansque
2440 2950 2669 3008 aﬂ‘ectio.
2704 2949 2774 3008 Ut
2810 2953 2950 3006 enim
2984 2951 3128 3008 molli
3155 2967 3219 3008 ac
3241 2953 3504 3009 dissoluto
3532 2954 3738 3013 homini

2164 3061 2233 3100 ne
2263 3043 2614 3115 tranquillitas
2637 3041 2849 3114 quidem
2879 3058 2941 3099 ac
2965 3045 3232 3100 secundus
3259 3059 3448 3102 cursus
3485 3063 3736 3120 magnam

2162 3137 2321 3191 ullam
2343 3136 2619 3191 utilitatem
2644 3134 2834 3190 afferre
2860 3143 3063 3204 potest:
3090 3136 3169 3192 sic
3191 3137 3398 3193 tinuum
3424 3147 3480 3194 et
3502 3139 3735 3198 solidum
3812 3183 3818 3187 ρ

2159 3239 2214 3284 et
2245 3228 2548 3299 vigilantem
2575 3229 2745 3282 virum
2773 3242 2841 3282 ne
2861 3228 3034 3298 gravis
3056 3227 3267 3299 quidem
3300 3239 3590 3302 tempestas
3611 3250 3738 3289 um-

2159 3337 2317 3392 quam
2371 3326 2690 3384 commovet,
2739 3333 2922 3374 verum
2967 3320 3245 3376 clariorem
3286 3330 3342 3377 et
3386 3322 3738 3380 illustriorem

2161 3413 2351 3468 reddit.
2393 3412 2468 3468 Ea
2507 3410 2650 3468 enim
2691 3411 3038 3471 tentationum
3065 3421 3397 3480 naturaest,
3439 3423 3495 3469 ut
3530 3416 3597 3470 iis
3637 3417 3733 3488 qui

2161 3505 2282 3560 forti
2308 3505 2487 3560 animo
2510 3519 2602 3559 eas
2626 3501 2830 3566 ferunt,
2861 3502 3025 3557 multa
3055 3504 3274 3573 prtemia
3316 3504 3736 3578 splendidasquc

2159 3610 2384 3651 coronas
2425 3603 2684 3650 accersat.
2727 3593 2849 3649 Haec
2893 3594 3051 3664 igitur
3088 3609 3208 3649 cum
3255 3595 3407 3651 vobis
3453 3610 3733 3670 perspecta

2160 3689 2286 3754 sint,
2317 3686 2743 3742 reverendissimi
2770 3701 2832 3741 ac
2860 3686 3174 3742 nobilissimi
3203 3685 3404 3742 domini
3431 3689 3557 3756 mei,
3582 3705 3736 3748 cuni-

2160 3796 2265 3850 que
2290 3779 2429 3836 hanc
2456 3780 2585 3836 satis
2611 3780 2840 3850 amplam
2883 3780 2934 3835 in
2965 3780 3124 3836 rebus
3156 3781 3366 3838 acerbis
3402 3784 3734 3851 consolatio-

2161 3889 2281 3927 nem
2313 3871 2552 3927 habeatis
2581 3889 2594 3926 :
2636 3872 2767 3927 nihil
2806 3872 3028 3938 horum,
3056 3889 3174 3944 qua
3200 3873 3366 3943 fiunt,
3391 3876 3601 3932 animos
3634 3893 3732 3934 ve-

2160 3973 2302 4021 stros
2327 3965 2634 4034 perturbet,
2656 3973 2816 4034 atque
2840 3979 2997 4035 quam
3026 3965 3319 4035 saepissime
3346 3967 3412 4022 ad
3443 3983 3543 4024 nos
3572 3967 3733 4028 velim

2159 4059 2423 4116 scribatis.
2450 4058 2658 4113 Etenim
2691 4057 2738 4112 id
2767 4058 2978 4128 quidem
3010 4057 3240 4114 maxime
3267 4059 3522 4115 vellemus
3543 4101 3559 4128 ,
3593 4076 3734 4131 pra:-

2160 4164 2340 4208 sentes
2368 4166 2465 4206 vos
2493 4150 2685 4206 intueri
2709 4159 2868 4219 atque
2896 4150 3198 4220 complecti.
3231 4149 3491 4217 Quoniam
3514 4163 3696 4210 autem
3713 4197 3730 4220 ,

2158 4243 2441 4314 quominus
2479 4242 2531 4296 id
2575 4256 2716 4297 nunc
2763 4241 2876 4296 ﬁeri
2901 4243 3090 4313 possit,
3139 4243 3305 4298 multa
3343 4245 3733 4314 impedimento

2158 4313 2302 4401 sunt,
2333 4339 2448 4390 sine
2471 4334 2865 4391 intermissione
2885 4334 2951 4388 ad
2978 4349 3076 4389 nos
3095 4334 3346 4401 scribere,
3371 4313 3436 4390 ac
3459 4335 3528 4392 de
3551 4313 3733 4395 vestra

2160 4426 2462 4482 valetudine
2489 4425 2746 4480 certiores
2790 4438 2890 4479 nos
2919 4423 3094 4481 facere
3124 4441 3190 4481 ne
3221 4427 3541 4496 gravemini.
3570 4429 3734 4488 Scitis

2161 4522 2324 4586 enim,
2353 4507 2625 4588 quantam,
2653 4517 2697 4571 si
2729 4516 2830 4571 hoc
2855 4515 3080 4577 faciatis.
3118 4532 3147 4571 a
3175 4517 3330 4571 nobis
3360 4519 3587 4588 gratiam
3625 4521 3732 4577 ini-

2161 4612 2286 4678 turi,
2316 4619 2616 4680 quantaque
2644 4622 2742 4664 nos
2769 4609 3038 4679 voluptate
3060 4607 3382 4663 cumulaturi
3408 4609 3548 4666 sitis.

2160 4743 2359 4804 LXVI.
2393 4745 2563 4814 Casta,
2599 4743 2813 4810 Valerio,
2836 4743 3161 4814 Diophanta,
3187 4743 3420 4817 Cyridco,
3450 4747 3738 4806 Antiochia

2783 4837 3100 4907 presbyteris.

2229 4978 2430 5047 Lingua
2454 4972 2664 5046 quidem
2700 4987 2821 5028 raro
2850 4970 2915 5026 ad
2940 4985 3036 5026 vos
3076 4971 3298 5039 scripsi;
3340 4972 3518 5027 animo
3549 4983 3732 5029 autem

2159 5071 2349 5127 crebro
2395 5081 2460 5123 ac
2499 5067 2818 5137 frequenter.
2864 5065 3139 5132 Quare'ne
3185 5062 3404 5118 totidem
3452 5063 3735 5121 dumtaxat

2161 5165 2415 5234 epistolas
2441 5169 2648 5216 nostras
2674 5172 2793 5213 esse
2822 5155 3140 5211 existimetis
3158 5195 3174 5220 ,
3205 5165 3336 5226 quot
3362 5171 3460 5226 per
3487 5156 3730 5213 chartam

2161 5267 2216 5315 et
2239 5263 2587 5311 atramentum
2615 5248 2916 5319 accepistis,
2940 5261 3124 5301 verum
3153 5256 3280 5316 quot
3296 5246 3364 5301 ad
3397 5262 3493 5300 vos
3517 5249 3734 5307 mittere

2161 5346 2478 5418 cupivimus.
2505 5340 2634 5396 Nam
2659 5341 2703 5396 si
2745 5355 2858 5394 rem
2887 5339 2958 5392 ita
2991 5348 3236 5406 reputare
3265 5338 3543 5393 volueritis
3561 5381 3577 5405 ,
3608 5356 3732 5396 sex-

2162 5449 2331 5496 centa:
2360 5434 2596 5507 profecto
2621 5435 2791 5489 literae
2811 5431 2877 5487 ad
2899 5445 2994 5485 vos
3022 5447 3051 5485 a
3079 5430 3230 5485 nobis
3262 5430 3438 5486 missa
3462 5441 3606 5487 sunt.
3632 5431 3727 5489 Sin

2162 5541 2339 5588 autem
2368 5541 2523 5582 nemo
2549 5536 2632 5581 est
2667 5525 2758 5594 qui
2794 5523 3045 5594 perferat,
3077 5536 3181 5576 non
3209 5530 3407 5575 nostrze
3433 5522 3725 5586 socordia,

2163 5624 2258 5681 sed
2285 5635 2460 5678 rerum
2485 5617 2784 5674 difﬁcultati
2811 5616 3076 5672 silentium
3108 5621 3348 5670 nostrum
3377 5613 3607 5670 adscribi
3631 5615 3720 5672 de-

2239 5753 2312 5815 ttl)
2335 5753 2556 5812 Coislin.,
2572 5746 2726 5807 Vatis,
2756 5754 2809 5796 et
2828 5747 3012 5799 Fabric.
3033 5708 3232 5805 habent,
3252 5736 3584 5792 Marcellim
