4078 6438
274 354 381 410 843

274 475 397 530 καθ’
430 472 666 544 ἑκάστην
693 465 1140 543 μετανιστάμενοι
1163 461 1260 534 τὴν
1285 461 1520 532 ἡμέραν,
1550 459 1850 528 ἀναγκαῖον

272 563 415 620 εἶναι
444 565 778 635 ἐνομίσαμεν
801 557 1080 629 ἐκπέμψαι
1123 556 1308 618 αὐτὸν,
1345 553 1519 608 πολλά
1543 551 1854 623 παραγγεί-

270 656 466 720 λαντες
495 655 574 727 τῷ
601 653 777 725 κυρίῳ
809 669 909 724 μου
937 650 1017 719 τῷ
1053 646 1434 716 εὐλαϐεστάτῳ
1454 645 1689 714 διακόνῳ
1726 644 1854 698 Θεο-

270 751 411 823 δότῳ
433 744 812 820 ἐπιμελεῖσθαι
839 741 1004 797 αὑτοῦ
1027 739 1312 811 διηνεκῶς,
1336 738 1432 792 καὶ
1458 737 1659 806 πολλὴν
1687 734 1855 790 αὐτοῦ

271 843 546 898 ποιεῖσθαι
569 839 846 911 πρόνοιαν.
864 835 1036 890 Τοῦτο
1057 834 1114 886 δέ
1141 833 1236 887 καὶ
1258 831 1422 893 αὐτὸς
1441 826 1856 899 κατορθωθῆναι

271 934 576 989 σπούδασον
604 928 681 1000 τῷ
721 926 892 990 παιδὶ,
925 924 1022 978 καὶ
1049 923 1267 982 πάντως
1292 917 1449 990 ἡμῶν
1469 914 1736 988 ἐπαινέσῃ
1757 912 1856 985 τὴν

272 1023 608 1096 συμϐουλὴν.
640 1019 736 1074 καὶ
763 1017 962 1089 πολλὴν
989 1017 1110 1087 εῐσῃ
1129 1013 1228 1084 τῆς
1253 1010 1629 1084 παραινέσεως
1649 1007 1855 1078 ταύτης

267 1117 370 1188 τὴν
395 1117 557 1188 χάριν
586 1114 734 1184 ἡμῖν.

341 1243 471 1300 ΞΗ.
513 1243 748 1308 Κάστφ,
780 1241 1100 1307 οὐαλερίφ,
1131 1235 1424 1308 Διοφάντῃ
1445 1277 1459 1297 ,
1488 1232 1781 1303 Κιφιακῷ,

627 1307 1051 1382 πρεσϐυτέροις
1113 1307 1498 1375 Ἀντιοχείας.

343 1407 468 1463 Ὀτι
493 1409 591 1478 μὲν
614 1407 760 1477 ἡμᾶς
790 1404 1054 1458 ἀπέλιπεν
1083 1403 1110 1456 ό
1131 1399 1318 1471 κύριός
1349 1414 1450 1469 μου
1473 1399 1502 1451 ό
1528 1395 1857 1467 τιμιώτατος

271 1500 372 1556 καὶ
401 1498 800 1561 εὐλαϐέστατος
826 1493 1200 1564 πρεσὸύτερος
1227 1489 1606 1552 Κωνστάντιος
1632 1531 1647 1554 ,
1679 1485 1854 1556 ἀλγῶο

271 1593 356 1648 δτι
388 1592 449 1646 δὲ
481 1591 626 1663 ὑμᾶς
658 1588 948 1658 ἀπείληφε,
985 1586 1161 1657 χαίρω
1187 1623 1201 1646 ,
1233 1583 1330 1637 καὶ
1364 1581 1629 1655 μειζόνως
1655 1577 1854 1650 χαίρω,

272 1686 308 1758 ἢ
336 1687 514 1740 ἐκεῖνο
539 1682 690 1752 ἀλγῶ
711 1693 761 1754 ει.
792 1676 868 1733 Εὑ
899 1677 1009 1749 γὰρ
1037 1672 1134 1731 οἷδ’
1173 1676 1255 1728 ὅτι
1295 1675 1374 1738 είς
1420 1671 1735 1742 ἀκύμαντον
1767 1668 1859 1758 69-

276 1757 393 1846 μιεῖ
427 1773 648 1844 λιμένα,
678 1768 776 1839 τὴν
808 1768 1082 1839 ὑμετέραν
1110 1766 1353 1841 ἀγάπην.
1381 1762 1496 1816 Κάν
1525 1761 1636 1830 γὰρ
1667 1757 1858 1831 μυρίαι

276 1862 613 1933 πανταχόθεν
652 1858 1054 1930 περιεστὴκωσι
1095 1853 1356 1926 ταραχαὶ,
1384 1854 1478 1907 καὶ
1508 1851 1677 1906 πολλά
1719 1848 1860 1919 ἐγεί-

277 1972 440 2027 ρηται
470 1953 542 2007 τά
574 1952 815 2023 κύματα,
853 1949 988 2003 ἀλλά
1018 1947 1241 2002 τοιαῦτα
1268 1946 1339 2000 τὰ
1368 1943 1631 2015 ὑμέτερα,
1654 1942 1730 2007 ὡς
1764 1943 1861 1998 καὶ

275 2049 336 2101 ἐν
357 2043 588 2116 χειμῶνι
611 2042 849 2112 γαλήνης
869 2038 1165 2094 ἀπολαύειν
1192 2036 1419 2106 λευκῆς,
1445 2034 1535 2089 διά
1562 2035 1663 2106 τὴν
1694 2050 1862 2105 προσ-

275 2140 444 2194 οὖσαν
469 2138 599 2207 ὑμῖν
633 2135 905 2204 ἀνδρείαν,
943 2133 1038 2186 καὶ
1066 2132 1164 2202 τὴν
1193 2130 1596 2200 ἀπερίτρεπτον
1635 2128 1860 2200 ἀγάπην

277 2232 372 2286 καὶ
395 2228 661 2284 διάθεσιν.
705 2226 926 2289 ’ἰδόντες
952 2224 1133 2278 τοίνυν
1164 2223 1327 2277 αὐτὸν
1357 2221 1433 2285 ὡς
1467 2220 1596 2291 ὑμῖν
1647 2219 1858 2290 πρέπον

276 2324 417 2387 ἐστὶ,
449 2325 629 2379 πάντα
657 2319 808 2390 αὐτῷ
835 2318 1090 2389 γενέσθαι
1135 2314 1550 2387 παρακλήθητε.
1584 2315 1728 2367 Ἴστε
1750 2314 1861 2386 γὰρ

273 2421 401 2481 ὅσος
431 2417 560 2488 ὑμῖν
591 2416 831 2470 κείσεται
866 2411 1077 2485 μισθὸς,
1111 2409 1237 2481 είκῆ
1270 2409 1366 2463 καὶ
1414 2408 1592 2479 μάτην
1623 2409 1864 2478 ἐπηρεα-

274 2509 506 2580 ζόμενον
535 2506 752 2578 ἀνέχειν
786 2502 1198 2568 σπουδάζουσιν.
1235 2499 1371 2555 Οὐδὲ
1413 2498 1520 2571 γὰρ
1547 2500 1708 2569 ἡμεῖς
1735 2496 1863 2552 ἀλλο

272 2617 326 2652 τι
350 2596 648 2670 ζητοῦμεν,
676 2594 790 2650 ἀλλ’
815 2595 956 2649 ὥστε
983 2593 1148 2665 μηδὲν
1181 2591 1344 2646 αὐτὸν
1375 2589 1529 2662 παρὰ
1550 2590 1613 2644 τὸ
1656 2588 1863 2643 δίκαιον

273 2690 712 2762 ἐπηρεασθῆναι,
744 2689 839 2742 καὶ
861 2687 1039 2758 μάτην
1061 2686 1091 2726 ι)
1112 2683 1342 2756 ἄγεσθαι
1367 2685 1460 2738 καὶ
1476 2682 1862 2755 περιάγεσθαι,

273 2786 336 2837 ἐν
391 2781 765 2851 δικαστηρίοις
827 2777 1272 2850 σπαραττόμενον
1307 2777 1444 2848 ὑπὲρ
1468 2769 1542 2829 ὧν
1571 2774 1865 2844 στεφανοῦ-

277 2874 406 2930 σθαι
439 2873 600 2928 αὑτὸν
625 2873 720 2926 καὶ
745 2867 1221 2941 ἀνακηρύττεσθαι
1248 2866 1375 2922 ἔδει.
1430 2867 1541 2922 Καὶ
1567 2867 1710 2938 ὑπὲρ
1765 2865 1864 2934 μὲν

273 2965 472 3020 τούτου
507 2962 684 3019 ταῦτα
708 2961 965 3033 αἰτοῦμεν
987 2978 1000 2990 ο
1029 2961 1169 3031 ὑπὲρ
1197 2959 1256 3013 δέ
1282 2959 1440 3031 ἡμῶν
1476 2958 1657 3012 αὐτῶν
1674 3000 1688 3026 ,
1721 2959 1864 3013 ὥστε

278 3057 523 3130 συνεχῶς
557 3059 690 3128 ἡμῖν
719 3053 1075 3118 ἐπιστέλλειν,
1129 3052 1226 3106 καὶ
1256 3051 1326 3104 τὰ
1359 3051 1488 3122 περὶ
1518 3050 1620 3120 τῆς
1651 3050 1866 3119 ὑγιείας

275 3151 381 3222 τῆς
436 3147 710 3221 ὑμετέρας
763 3143 1233 3214 εὐαγγελίζεσθαι.
1282 3141 1345 3196 El
1396 3143 1505 3215 γὰρ
1549 3143 1645 3196 καὶ
1684 3142 1868 3212 πολλῷ

275 3240 637 3314 διειργόμεθα
659 3239 738 3310 τῷ
765 3238 915 3308 μέσῳ
947 3236 1046 3306 τῆς
1075 3233 1219 3299 ὁδοῦ,
1255 3233 1367 3288 ἀλλ’
1400 3235 1550 3304 ὅμως
1585 3233 1647 3286 οὑ
1697 3232 1868 3285 παυό-

280 3332 423 3404 μεθα
448 3329 711 3403 διηνεκῶς
732 3330 875 3400 ὑμᾶς
896 3328 991 3382 ἐπὶ
1010 3327 1251 3390 διανοίας
1275 3325 1532 3396 φέροντες
1548 3335 1596 3388 ο,
1613 3323 1708 3378 καὶ
1729 3323 1868 3393 πλη·

278 3425 397 3478 σίον
430 3421 586 3494 ὑμῶν
617 3419 770 3494 [6i8]
803 3420 976 3485 ὄντες,
1019 3421 1113 3472 καὶ
1148 3416 1272 3471 καθ’
1307 3415 1546 3488 ἑκάστην
1571 3415 1700 3485 ὑμῖν
1732 3430 1866 3482 συγ-

277 3517 560 3588 γινόμενοι
586 3515 683 3586 τὴν
706 3513 943 3585 ἡμέραν.
1002 3510 1247 3565 Τοιοῦτοι
1291 3509 1400 3580 γάρ
1440 3509 1491 3562 οἱ
1522 3507 1622 3578 τῆς
1648 3506 1870 3576 ἀγάπης

277 3606 553 3677 ὀφθαλμοὶ
576 3604 686 3658 τῶν
699 3604 938 3676 γνησίως
959 3603 1177 3656 είδότων
1202 3602 1398 3671 φιλεῖν.
1428 3601 1541 3654 Καὶ
1560 3599 1721 3653 τοῦτο
1753 3599 1868 3652 ῐστε

281 3704 378 3756 καὶ
405 3701 560 3755 αὐτοὶ
585 3698 792 3770 σαφῶς,
821 3698 1008 3769 ἐπειδὴ
1041 3699 1137 3752 καὶ
1184 3698 1359 3766 φιλεῖν
1389 3697 1503 3750 ἴστε
1536 3694 1796 3766 γνησίως.

761 3813 896 3869 EI".
947 3816 988 3866 Τ
980 3809 1363 3884 ραγκυλίνφά
1376 3851 1387 3862 .

355 3908 440 3963 Τά
473 3909 572 3980 μὲν
602 3906 736 3962 ἀλλα
765 3906 943 3960 πάντα
1004 3906 1141 3958 εἴκει
1195 3903 1371 3976 χρόνῳ
1406 3903 1500 3958 καὶ
1549 3907 1873 3976 παραχωρεῖ

282 4003 663 4072 παλαιούμενα
715 4002 808 4053 καὶ
851 3999 1222 4071 γηράσκοντα,
1263 3996 1360 4049 καὶ
1406 3996 1680 4066 σωμάτων
1711 3997 1871 4066 ἄνθη,

283 4095 380 4149 καὶ
415 4093 865 4164 οἰκοδομημάτων
899 4091 1128 4161 μεγέθη,
1152 4089 1244 4142 καὶ
1267 4089 1553 4160 λειμῶνες,
1572 4090 1668 4143 καὶ
1696 4090 1874 4161 παρά-

283 4189 475 4246 δεισοι,
511 4186 603 4238 καὶ
624 4184 692 4237 τά
717 4183 824 4237 ἀπὸ
849 4183 950 4252 τῆς
975 4183 1078 4253 γῆς
1104 4181 1318 4235 ἅπαντα
1339 4198 1354 4212 ⁸
1391 4181 1525 4253 μόνη
1549 4180 1605 4234 δέ
1628 4184 1659 4253 ἡ
1681 4183 1872 4254 ἀγάπη

284 4283 386 4352 τὴν
422 4278 671 4331 ἐντεῦθεν
695 4277 917 4345 διέφυγε
941 4275 1169 4345 βλάϐην,
1202 4275 1295 4329 καὶ
1320 4275 1381 4327 οὑ
1406 4275 1563 4346 μόνον
1580 4276 1640 4328 οὐ
1672 4276 1874 4347 μαραί-

286 4390 438 4426 νεται
470 4372 664 4446 χρόνου
695 4369 909 4441 πλήθει,
936 4367 1050 4422 ἀλλ’
1073 4368 1193 4420 οὐδέ
1231 4367 1381 4438 αὐτῷ
1412 4368 1764 4424 διακόπτεται
1797 4368 1875 4438 τῷ

286 4466 525 4536 θανάτῳ.
561 4464 658 4518 Διά
684 4463 748 4533 δὴ
777 4462 933 4516 τοῦτο
953 4463 1046 4516 καὶ
1076 4463 1264 4531 ἡμεῖς,
1295 4463 1345 4513 εί
1394 4462 1487 4514 καὶ
1523 4461 1736 4532 μακρὸν
1772 4464 1876 4516 ἀπ-

287 4558 514 4628 ελείφθη
526 4575 621 4627 μεν
642 4556 832 4626 χρόνον
856 4555 953 4626 τῆς
978 4553 1274 4624 ἐμμελείας
1296 4553 1397 4623 τῆς
1421 4554 1540 4623 σῆς,
1561 4551 1680 4606 ἀλλ’
1698 4555 1878 4627 ἀκμά-

288 4647 493 4714 ζουσαν
543 4647 713 4716 αὐτὴν
761 4645 1159 4717 διατηροῦμεν,
1219 4646 1312 4698 καὶ
1344 4643 1559 4718 γλώττῃ
1608 4647 1708 4715 μὲν
1760 4646 1874 4709 νῦν,

292 4741 487 4810 γνώμῃ
513 4740 568 4793 δὲ
596 4740 702 4792 ἀεί.
728 4738 818 4790 Διὸ
858 4739 951 4791 καί
974 4737 1214 4808 συνεχῶς
1243 4737 1663 4809 ὲπεστὰλκαμέν
1695 4756 1788 4793 σου
1811 4743 1875 4811 τῇ

291 4831 571 4901 εὐλαϐείᾳ.
606 4830 823 4900 Ἐπειδὴ
845 4829 900 4882 δέ
928 4830 1064 4900 ἡμῖν
1091 4829 1558 4900 περισπούδαστον
1583 4830 1878 4900 μανθάνειν

291 4923 349 4980 οἷ
366 4926 436 4980 τὰ
486 4926 585 4994 τῆς
609 4925 818 4992 ὑγιείας
846 4925 991 4994 ὁρμᾷ
1018 4934 1040 4961 θ
1072 4923 1173 4990 τῆς
1215 4923 1314 4994 σῆς
1368 4919 1556 4995 (οἶσθα
1590 4924 1698 4994 γάρ
1730 4925 1878 4987 ὅπως

293 5018 466 5086 αὐτῆς
521 5015 880 5086 ἀντεχόμεθα)
909 5055 923 5078 ,
957 5017 1004 5068 εί
1029 5016 1253 5068 δυνατὸν
1291 5016 1520 5084 γένοιτο,
1563 5020 1655 5070 καὶ
1680 5018 1879 5090 ῥᾳδίως

295 5109 576 5179 ἐπιτύχοις
592 5108 734 5172 τινὸς
763 5107 855 5160 τοῦ
883 5107 1293 5177 διακομίζοντυς
1311 5109 1442 5179 ἡμῖν
1465 5109 1530 5163 τὰ
1551 5110 1876 5180 γράμματα,

296 5199 363 5251 τὰ
394 5198 576 5267 σαυτῷ
607 5199 885 5270 πρέποντα
916 5197 1106 5262 ποιῶν,
1132 5197 1289 5268 δῆλον
1317 5197 1473 5251 τοῦτο
1500 5201 1724 5271 ποιῆσαι
1750 5203 1882 5271 ἡμῖν

299 5290 705 5362 παρακλὴθητι.
733 5289 815 5343 Τά
843 5290 952 5362 γὰρ
973 5290 1094 5344 καθ’
1122 5292 1291 5361 ἡμᾶς,
1319 5290 1386 5345 τά
1405 5307 1462 5344 τε
1493 5292 1552 5344 ὲν
1597 5294 1880 5364 Ἀρμενίᾳ,

364 5414 673 5492 ἒίζιζεειηεεξ.
715 5415 745 5472 ἢ
793 5415 967 5488 ἐκεῖνος
1182 5413 1320 5492 ’ΜΟ-ξ
1348 5414 1506 5492 ﬁgis];
1529 5418 1675 5492 ,ὁρμῇ
1699 5419 1880 5492 λιμένα.

303 5477 410 5550 Μόι
442 5478 571 5526 idem
605 5478 692 5524 κᾶν
733 5478 910 5540 μυρίαι,
937 5482 1116 5526 omisso
1140 5477 1247 5540 γάρ,
1272 5483 1324 5525 ει
1346 5476 1470 5526 infra
1496 5476 1627 5527 idem
1652 5476 1884 5541 ἐγείρηται

299 5555 539 5675 κνξῖῗὲθ
561 5613 676 5675 mf“;
706 5601 1048 5675 EMPEFO'OﬁVat
1073 5602 1192 5675 μηδὲ
1210 5603 1311 5660 εἰκῆ
1337 5603 1418 5650 καὶ
1441 5603 1606 5663 μάτην.

368 5664 567 5738 ξράεω
603 5663 1271 5738 έεεὶδιεγτθίαεθεεριφέροντεε
1306 5727 1314 5738 .
1344 5724 1379 5738 -σ
1458 5729 1497 5738 -
1593 5727 1607 5738 ι
1711 5727 1731 5737 -

365 5725 389 5764 δ
413 5725 576 5777 Codex
622 5723 832 5789 fabri'cii
855 5785 864 5789 _
882 5723 1212 5789 Τρανκῦλίνῳη
1235 5724 1433 5789 Coislin.
1457 5727 1757 5788 Τακυλιανῷ.
1786 5726 1886 5776 ne-

305 5789 414 5847 gius
451 5801 577 5836 unus
615 5784 780 5850 dee}
825 5785 896 5834 sic
917 5784 1175 5850 épislolani
1202 5787 1388 5849 incipit,
1427 5789 1486 5835 τὰ
1523 5789 1604 5848 μὲν
1628 5784 1745 5835 ἀ).λά
1769 5790 1886 5850 πρά-

304 5866 458 5909 γματα
479 5851 610 5898 dna.
639 5848 792 5912 Paulo
814 5854 922 5909 post
947 5849 1042 5900 duo
1065 5864 1177 5899 mss.
1205 5848 1595 5912 οἰκοδομημάτων
1623 5851 1703 5898 καὶ
1714 5851 1785 5904 λη.

374 5914 392 5939 θ
420 5913 514 5962 Alli
543 5913 691 5971 ὀοζιεῗ.
722 5911 796 5958 Vol
821 5914 961 5973 ὁςιμῆ.

1727 339 2112 397 ΕΡιετυιᾶι.

3433 331 3546 390 (ιιι

1958 459 2029 513 τά
2046 474 2106 511 τε
2134 458 2194 511 ἐν
2211 456 2424 530 Θρᾴκῃ,
2458 453 2779 527 διηγήσεταί
2801 470 2898 509 σου
2925 456 2991 526 τῇ
3016 452 3218 527 γνησίᾳ
3248 451 3343 508 καὶ
3362 449 3542 528 θερμῇ

1956 548 2146 620 ἀγάπῃ
2169 549 2198 603 ό
2229 546 2299 602 τά
2331 545 2642 620 γράμματα
2677 544 3023 618 ἐγχειρίζων.

2345 655 2468 711 ΞΝ.
2501 652 2778 725 Κυριακῷ
2815 656 3149 722 ἐπισκόπῳ.

2040 747 2098 802 '0
2125 747 2392 820 δεσπότης
2420 765 2523 820 μου
2555 747 2853 819 Σώπατρος
2872 787 2885 810 ,
2921 749 2951 802 ό
2973 747 3074 819 τῆς
3123 745 3419 818 ’Δρμενίας
3444 745 3547 818 ἄρ-

1956 858 2090 910 χων,
2129 841 2425 913 Ἀρμενίας
2452 840 2659 912 ταύτης
2683 843 2741 895 ἐν
2763 835 2909 914 ᾖνῦν
2931 841 3103 912 ἐσμεν
3133 839 3545 913 καθειργμένοι,
3633 823 3653 846 ⁴

1956 928 2089 1005 ἦρξε
2124 933 2223 1003 μέν
2275 930 2568 1004 Ἀρμενίας
2602 932 2678 996 ὡς
2711 931 2918 1004 πατὴρ,
2964 931 3278 999 ἐπεδείξατο
3309 930 3368 985 δέ
3417 930 3551 1002 περὶ

1957 1027 2105 1097 ἡμᾶς
2141 1027 2438 1099 θεραπείαν
2459 1027 2684 1085 πλείονα
2710 1026 2742 1098 ἡ
2780 1028 2987 1100 πατήρ.
3024 1027 3242 1099 Ταύτης
3269 1026 3418 1099 αὐτῷ
3450 1025 3551 1099 τῆς

1957 1118 2172 1182 εὐνοίας
2198 1118 2491 1172 ἀποδοῦναι
2516 1117 2614 1190 τὴν
2640 1118 2877 1191 ἀμοιϐὴν
2914 1118 3234 1184 σπουδάζων
3254 1136 3313 1173 τε
3342 1119 3438 1174 καὶ
3461 1119 3554 1190 ζη·

1956 1210 2088 1277 τῶν,
2119 1211 2413 1282 εὑρηκέναι
2445 1229 2536 1283 μοι
2569 1212 2712 1267 δοκῶ
2744 1211 3040 1286 καλλίστην
3072 1213 3212 1277 ὁδὸν,
3244 1213 3343 1278 τὴν
3373 1229 3552 1284 μεμε.

1961 1303 2306 1378 ριμνημένην
2333 1322 2426 1359 σου
2457 1305 2553 1358 καὶ
2584 1304 2865 1378 ἄγρυπνον
2900 1305 3100 1378 ψυχὴν,
3134 1306 3202 1360 δι’
3229 1297 3552 1378 ¹ἦς’δυνὴςὶο⁴

1963 1413 2061 1466 μαι
2099 1396 2263 1450 αὑτὸν
2314 1396 2674 1468 ἀμείψασθαι.
2706 1395 2834 1462 Πῶς
2867 1398 2964 1452 καὶ
3019 1397 3125 1453 τίνι
3175 1398 3390 1471 τρόττῳς
3425 1397 3555 1462 Υἱός

1959 1489 2109 1541 ἐστιν
2142 1487 2295 1558 αὑτῷ
2324 1488 2619 1558 διατρίδων
2649 1489 2839 1543 αὐτόθι
2868 1489 3063 1561 χρόνον
3111 1489 3213 1562 ἡδη
3257 1489 3429 1545 πολὺν
3458 1490 3556 1545 ἐπὶ

1959 1577 2135 1646 λόγων
2161 1578 2381 1651 κτῆσιν.
2409 1579 2612 1634 Τοῦτον
2628 1579 2724 1636 ἐὰν
2741 1582 3054 1656 σπουδάσῃς
3079 1582 3218 1653 μετὰ
3243 1581 3554 1655 προθυμίας

1964 1666 2092 1721 ίδεῖν
2114 1707 2130 1729 ,
2181 1668 2277 1723 καὶ
2309 1668 2409 1742 τῆς
2443 1669 2528 1724 σοὶ
2558 1669 2879 1743 πρεπούσης
2903 1671 3129 1742 ἀγάπης
3149 1714 3164 1739 ,
3198 1673 3293 1726 καὶ
3318 1672 3556 1744 ποιήσῃς

1960 1759 2267 1815 ἀπολαῦσαί
2293 1778 2441 1824 τινος
2477 1761 2587 1817 τῶν
2616 1762 2871 1835 χρηστῶν
2904 1764 2950 1830 ί,
2977 1765 3040 1819 τδ
3069 1766 3179 1819 πᾶν
3201 1764 3437 1837 ἐσόμεθα
3462 1766 3557 1819 ἐκ·

1960 1850 2252 1916 τετικότες.
2311 1852 2464 1907 Ποίει
2509 1852 2568 1907 δὲ
2621 1851 2817 1919 τοῦτο,
2859 1855 2954 1909 καὶ
3007 1855 3242 1927 καθίστη
3278 1853 3558 1930 γνώριμον

1962 1945 2128 2000 αὐτὸν
2157 1946 2252 2000 καὶ
2276 1948 2389 2011 τοῖς
2429 1948 2489 2002 ὲν
2516 1946 2681 2016 τέλει,
2713 1951 2832 2013 τοῖς
2860 1950 2956 2003 καὶ
2990 1951 3074 2004 σοὶ
3101 1949 3425 2021 γνωρίμοις.
3457 1949 3556 2004 καὶ

1961 2037 2279 2110 δυναμένοις
2300 2038 2450 2111 αὐτῷ
2480 2039 2581 2112 τὴν
2611 2040 2899 2113 ἀλλοτρίαν
2930 2042 3064 2114 ἡδίω
3091 2042 3191 2112 τῆς
3221 2042 3554 2112 ἐνεγκούσης

1966 2130 2211 2200 ποιῆσαι.
2230 2131 2387 2185 Οὕτω
2415 2132 2526 2205 γάρ
2552 2136 2718 2206 χαριῇ
2754 2133 2854 2204 μὲν
2886 2134 3105 2206 ἐκείνῳ,
3135 2138 3301 2207 χαριῇ
3325 2135 3382 2189 δὲ
3409 2136 3555 2207 ἐμοὶ,

1965 2225 2128 2294 χαριῇ
2153 2222 2211 2275 δὲ
2241 2221 2446 2295 σαυτῷ,
2465 2225 2635 2296 ἀνδρα
2660 2225 2897 2299 χρηστὸν
2926 2227 3018 2280 καὶ
3047 2227 3430 2300 φιλάνθρωπον
3463 2230 3559 2283 καὶ

1965 2313 2143 2367 κοινὸν
2167 2312 2275 2367 τῶν
2302 2315 2552 2387 πενήτων
2582 2314 2779 2388 λιμένα
2811 2316 2899 2372 διά
2928 2317 3024 2373 τοῦ
3051 2318 3240 2384 παιδὸς
3273 2319 3521 2390 ὠφελῶν.

2205 2427 2335 2484 ΞΒ.
2377 2429 2699 2500 Μαρκιανῷ
2728 2430 2828 2486 καὶ
2863 2433 3257 2502 Μαρκελλίνῳ
3279 2435 3323 2483 ε.

2049 2528 2352 2601 Ἀρκοῦσαν
2383 2529 2539 2601 έχετε
2566 2531 2925 2603 παραμυθίαν
2943 2533 3047 2604 τῆς
3072 2533 3313 2606 ἀθυμίας
3342 2531 3412 2609 ἧς
3433 2533 3562 2592 ὑπο-

1970 2621 2159 2691 μένετε
2186 2663 2201 2689 ,
2257 2621 2442 2706 καθώς
2496 2623 2897 2690 ἐπεστάλκατε,
2938 2625 3038 2696 τὴν
3073 2626 3365 2697 φιλόσοφον
3405 2627 3561 2700 ὑμῶν

1967 2710 2194 2784 γνώμην
2245 2712 2339 2767 καὶ
2377 2713 2609 2787 ὑψηλήν,
2668 2715 2769 2787 τὴν
2797 2718 3202 2790 ἀπερίτρεπτον
3241 2719 3336 2773 καὶ
3365 2720 3560 2792 ἀκλινῆ

1966 2802 2226 2858 διάθεσιν.
2270 2805 2483 2877 Ὠσπερ
2536 2806 2648 2880 γάρ
2691 2808 2783 2861 τὸν
2813 2809 3010 2880 χαῦνον
3055 2813 3150 2865 καὶ
3175 2810 3563 2883 διαλελυμένον

1967 2898 2090 2953 οὐδὲ
2112 2899 2346 2972 γαλήνη,
2383 2902 2476 2955 καὶ
2515 2901 2576 2954 τὸ
2601 2902 2744 2957 κατά
2763 2903 2892 2975 ῥοῦν
2917 2905 3181 2976 φέρεσθαι
3197 2947 3211 2969 ,
3238 2904 3390 2980 [629]
3418 2907 3565 2978 ὠφε-

1969 2990 2130 3062 λῆσαί
2155 3009 2208 3046 τι
2233 2992 2378 3064 μέγα
2396 2993 2687 3065 δυνήσεται
2712 3011 2724 3025 ·
2754 2995 2897 3049 οὕτω
2919 2998 3011 3050 τὸν
3034 2997 3285 3070 στερρὸν.
3314 3002 3405 3054 καὶ
3427 3017 3562 3071 συγ-

1969 3099 2206 3156 κεκροτη
2216 3085 2396 3155 μένον,
2428 3086 2792 3158 καὶ·νήφοντα
2821 3089 2945 3142 οὐδὲ
2964 3089 3170 3161 χειμὼν
3192 3091 3426 3163 χαλεπὸς
3447 3093 3564 3150 δια-

1971 3176 2188 3235 σαλεύει
2216 3178 2368 3242 ποτὲ,
2404 3178 2542 3234 ἀλλὰ
2563 3180 2656 3234 καὶ
2681 3181 3068 3255 λαμπρότερον
3098 3183 3411 3255 ἐργάζεται.
3436 3187 3564 3241 Τοιο

1971 3269 2110 3341 αύτη
2137 3268 2248 3342 γάρ
2296 3269 2406 3326 τῶν
2455 3271 2846 3345 πειρασμῶνὴ
2902 3273 3098 3343 φύσις·
3134 3279 3248 3341 τοῖς
3300 3278 3565 3346 γενναίως

1971 3363 2173 3426 αὐτοὺς
2203 3363 2428 3436 φέρουσι
2452 3363 2623 3420 πολλά
2650 3365 2866 3436 κομίζει
2908 3367 2978 3420 τά
3021 3367 3265 3440 βραδεῖα,
3296 3369 3390 3423 καὶ
3420 3372 3564 3445 λαμ-

1973 3460 2146 3530 προὺς
2170 3461 2296 3524 τοὺς
2317 3462 2638 3531 στεφάνους.
2665 3461 2831 3516 Ταῦτ’
2858 3457 2952 3516 οῦν
2990 3463 3213 3529 εἰδότες,
3244 3465 3425 3538 κύριοί
3461 3484 3564 3537 μου

1970 3551 2292 3623 τιμιώτατοι
2327 3554 2422 3608 καὶ
2455 3554 2860 3623 εὐγενέστατοι,
2903 3557 2998 3610 καὶ⁹
3051 3557 3331 3628 ἀρκοῦσαν
3363 3560 3423 3612 ἐν
3451 3562 3565 3626 τοῖς

1971 3642 2166 3706 δεινοῖς
2189 3643 2394 3716 ταύτην
2422 3644 2638 3716 ἔχοντες
2664 3648 2766 3718 τὴν
2804 3648 3163 3720 παραμυθίαν
3187 3691 3203 3717 ,
3235 3651 3372 3723 μήτε
3401 3651 3564 3725 θορυ-

1974 3733 2156 3788 δεῖσθέ
2183 3753 2289 3789 τινι
2332 3735 2441 3789 τῶν
2471 3739 2796 3811 γινομένων,
2830 3742 2967 3811 μήτε
3016 3741 3290 3796 διαλίπετε
3326 3746 3564 3816 συνεχῶς

1973 3828 2104 3898 ἡμῖν
2130 3827 2556 3893 ἐπιστέλλοντες.
2607 3830 2979 3904 Ἐδουλόμεθα
3032 3831 3133 3904 μὲν
3160 3834 3270 3905 γὰρ
3300 3836 3393 3888 καὶ
3421 3854 3566 3910 παρο

1975 3920 2132 3984 όντας
2155 3921 2298 3992 ὑμᾶς
2331 3920 2458 3974 ίδεῖν
2479 3923 2576 3976 καὶ
2595 3923 3052 3995 περιπτύξασθαι.
3086 3925 3303 3999 Ἐπειδὴ
3326 3927 3382 3982 δὲ
3405 3927 3565 3984 τοῦτο

1974 4013 2111 4076 τέως
2149 4015 2251 4068 οὐκ
2283 4013 2385 4078 ἔνι,
2426 4015 2562 4095 ἀλλὰ
2617 4013 2791 4072 πολλά
2841 4019 2912 4072 τὰ
2962 4019 3287 4089 κωλύματα,
3324 4022 3569 4095 συνεχῶς

1977 4108 2109 4176 ἡμῖν
2133 4105 2470 4160 ἐπιστέλλειν
2511 4108 2586 4180 μὴ
2619 4112 2955 4175 κατοκνεῖτε,
2985 4111 3054 4166 τὰ
3092 4115 3220 4185 περὶ
3241 4115 3341 4186 τῆς
3357 4115 3569 4183 ὑγιείας

1975 4197 2262 4268 δηλοῦντες
2289 4199 2390 4266 τῆς
2448 4200 2738 4271 ὑμετέρας.
2779 4204 2925 4257 Ἴστε
2982 4205 3093 4277 γὰρ
3141 4207 3328 4278 ἡλίκον
3359 4204 3388 4245 ¹¹
3436 4209 3568 4278 ἡμῖν

1980 4288 2255 4360 χαριεῖσθε
2278 4287 2437 4342 τοῦτο
2468 4289 2772 4356 ποιοῦντες,
2798 4293 2894 4346 καὶ
2919 4293 3051 4364 ὅσης
3077 4296 3225 4367 ἡμᾶς
3258 4296 3569 4368 ἐμπιπλᾶτε

1978 4382 2079 4450 τῆς
2110 4383 2468 4454 εὐφροσύνης.

2017 4495 2155 4563 Ξςῖκ
2186 4494 2422 4564 Κάστῳ,
2462 4499 2786 4572 Οὐαλερίῳ,
2815 4500 3121 4572 Διοφάντῳ
3157 4500 3200 4566 ί,
3235 4503 3529 4572 Κυριακῷ,

2351 4569 2780 4638 πρεσϐυτέροις
2818 4571 3204 4640 Ἀντιοχείας.

2050 4660 2128 4730 Τῇ
2154 4658 2368 4732 γλώττῃ
2410 4662 2508 4732 μὲν
2537 4661 2782 4731 ὀλιγάκις
2804 4661 2960 4733 ὑμῶν
3000 4665 3287 4719 ἐπέστειλα
3318 4669 3384 4739 τῇ
3411 4667 3575 4721 εὐλσσ

1982 4751 2128 4821 θείᾳ,
2173 4756 2240 4824 τῇ
2273 4752 2469 4825 γνώμῃ
2523 4754 2580 4808 δὲ
2640 4756 3027 4830 συνεχέστερον
3087 4759 3182 4812 καὶ
3216 4763 3571 4835 πυκνότερον.

1983 4842 2074 4914 Μὴ
2104 4841 2168 4914 δὴ
2196 4844 2464 4908 τοσαύτας
2497 4846 2509 4894 i
2570 4841 2709 4900 εἶναι
2761 4847 3010 4918 νομίζετε
3045 4850 3202 4922 ἡμῶν
3231 4852 3329 4916 τὰς
3361 4855 3578 4911 ἐπιστο-

1982 4935 2101 4998 λὰς,
2127 4936 2258 5000 ὅσας
2291 4937 2626 5002 ὑπεδέξασθε
2675 4940 2766 4994 διὰ
2813 4943 3017 5014 χάρτου
3045 4943 3141 4996 καὶ
3174 4944 3424 5016 μέλανος,
3460 4947 3576 5002 ἀλλ*

1984 5030 2112 5093 ὅσας
2146 5031 2530 5101 ἐπεθυμοῦμεν
2563 5035 2693 5105 ὑμῖν
2728 5034 3166 5106 διαπέμψασθαι.
3211 5040 3272 5091 Εἰ
3299 5041 3409 5107 γάο
3435 5041 3580 5096 οὕτω

1987 5122 2338 5194 βουληθείητε
2371 5125 2613 5191 δικάσαι,
2641 5128 2864 5196 νιφάδες
2891 5131 3239 5201 γραμμάτων
3262 5133 3391 5205 παρ’
3423 5135 3580 5206 ἡμῶν

1988 5215 2122 5285 πρὸς
2150 5217 2294 5286 ὑμᾶς
2337 5219 2720 5291 ἐπέμφθησαν.
2765 5221 2828 5274 El
2855 5221 2912 5274 δὲ
2936 5222 3115 5287 οὐδεὶς
3165 5225 3194 5275 ὁ
3223 5224 3578 5298 διακομίζων,

1985 5308 2045 5360 οὐ
2069 5309 2166 5378 τῆς
2184 5311 2465 5381 ἡμετέρας
2483 5311 2800 5383 ὀλιγωρίας,
2824 5313 2961 5368 ἀλλά
2986 5314 3087 5385 τῆς
3108 5314 3218 5370 τῶν
3239 5320 3581 5390 πραγμάτων

1989 5479 2044 5536 δὴ
2055 5413 2230 5527 ίτὲἒεέε
2255 5431 2369 5468 mss.
2393 5419 2663 5471 ἀπολαῦσαί
2683 5439 2806 5480 τινος
2827 5423 3056 5488 χρηστοῦ.
3085 5425 3207 5476 Ibid.
3233 5427 3434 5481 Coislin.
3459 5434 3584 5484 ποίει

2055 5542 2078 5579 ε
2105 5541 2305 5616 Εοίειὶρ.
2336 5542 2494 5616 γειὶο.
2533 5553 2586 5594 ει
2609 5545 2801 5597 Fabric.
2848 5551 3196 5616 Μαρκελλιανῷ
3233 5551 3437 5604 habent.
3472 5555 3584 5606 Mox

1993 5611 2095 5667 tres
2256 5606 2314 5662 ἣν
2337 5607 2611 5667 ὑπομένετε.

2057 5665 2083 5730 Ι)
2107 5665 2232 5730 '_l‘_re5
2250 5679 2367 5715 mss.
2385 5665 2548 5727 ἡλίκα,
2570 5684 2696 5720 unus
2715 5672 2900 5730 ἡλίκην.

2032 5727 2076 5801 hi
2111 5725 2542 5801 “9919509de
2563 5725 2764 5801 s_e_mpef
2788 5725 2972 5801 habet;
3009 5739 3057 5786 in
3083 5738 3207 5801 Reg.
3232 5740 3382 5789 eliam
3419 5740 3483 5789 ila
3509 5741 3585 5791 le-

1995 5791 2144 5865 gum;
2169 5789 2298 5865 Equi
2321 5789 2563 5865 A‘Léqaivf‘g’
2584 5789 2690 5854 hic“;
2719 5809 2830 5846 nam
2872 5797 2997 5847 intra
3020 5789 3266 5865 Διοφάῗρτῳ
3286 5801 3490 5852 habent.

2067 5851 2080 5922 ί
2112 5851 2369 5927 ίῖοίει..μή
2415 5851 2685 5927 ξίρσαῦταςί
2710 5872 2831 5927 qua;
2869 5851 3146 5927 sgqnunlu'r
3167 5866 3215 5914 in
3242 5851 3582 5927 'aliquotimsa.

2001 5916 2159 5963 vitiata
2181 5921 2311 5968 sum.
2338 5917 2424 5966 sed
2446 5916 2574 5967 bene
2613 5916 2789 5969 habent
2822 5923 2867 5970 in
2903 5916 3042 5970 Hum
