4078 6430
559 345 664 398 6ίῦ

555 459 891 528 δυσκολίαςή
928 459 1050 528 σιγὴ
1075 457 1297 526 γίνεται.
1353 460 1533 514 Ταῦτα
1562 462 1619 514 δὲ
1669 459 1840 526 εἷπον,
1880 465 1968 518 ἵνα
2009 464 2104 518 καὶ

555 549 868 618 γραφόντων
897 549 1069 619 ἡμῶν,
1094 552 1186 602 καὶ
1212 550 1507 618 σιγώντων,
1529 554 1628 623 τὴν
1654 554 1821 624 αὑτὴν
1855 556 1979 625 περὶ
2008 555 2106 623 τῆς

555 640 824 710 ἡμετέρας
875 640 1093 711 ἀγάπης
1137 641 1235 712 τῆς
1290 641 1416 712 περὶ
1468 644 1613 713 ὑμᾶς
1664 643 1866 715 φέρητε
1903 644 2102 713 ψῆφον.

565 730 751 798 Ἡμεῖς
781 731 886 800 7&9
911 731 1152 802 ὅπουπερ
1185 731 1252 784 ἂν
1295 725 1466 802 ὦμεν,
1502 732 1900 802 ἐγκολάψαντες
1948 731 2106 802 ἡμῶν

549 822 614 890 τῇ
639 820 842 892 διανοίᾳ
866 823 963 892 τὴν
989 823 1208 892 μνήμην
1231 823 1329 893 τὴν
1356 823 1627 894 ὑμετέραν
1654 821 1924 893 πανταχοῦ
1948 839 2105 892 περι-

549 912 804 981 φέρομεν.
845 913 953 965 Καὶ
992 911 1085 964 νῦν
1117 913 1173 966 δὲ
1207 913 1366 984 χάριν
1425 914 1553 984 ὑμῖν
1585 913 1740 984 ῖσμεν
1779 911 1996 984 πολλὴν,
2022 913 2106 967 ὅτι

547 1003 635 1055 τὸν
659 1003 817 1055 καλὸν
845 1003 1073 1073 μοναχὸν
1104 1005 1196 1057 καὶ
1229 1004 1366 1075 μετά
1387 1005 1483 1074 τῆς
1513 1004 1825 1075 πρεπούσης
1861 1005 1988 1074 ὑμῖν
2016 1003 2106 1058 εύ-

546 1095 693 1158 νοίας
742 1094 1085 1160 ὑπεδέξασθε,
1136 1096 1228 1148 καὶ¹
1279 1097 1404 1159 τοὺς
1459 1095 1814 1166 βουλομένους
1861 1096 2104 1166 ἀκαίρως

546 1185 679 1255 πρὸς
699 1185 855 1239 αὑτὸν
881 1185 1201 1254 φιλονεικεῖν
1222 1187 1598 1257 ἡμερωτέρους
1617 1189 1968 1256 πεποιήκατε.
1990 1188 2104 1240 Οὑκ

543 1277 650 1344 ἀρα
677 1277 850 1346 μάτην
871 1274 1071 1342 ἔλεγον,
1096 1275 1214 1328 οὑδέ
1235 1275 1544 1329 κολακεύων
1577 1277 1739 1345 ὑμᾶς,
1770 1278 1850 1329 ὅτι
1877 1276 1978 1330 κᾶν
2003 1295 2103 1347 μυ-

545 1366 633 1436 ρία
652 1366 980 1436 πανταχόθεν
1007 1369 1282 1437 ἐγείρηται
1305 1367 1546 1436 κύματα,
1564 1369 1622 1420 ὲν
1647 1369 1851 1439 γαλήνῃ
1872 1368 1940 1421 τὰ
1965 1367 2102 1438 ὑμέ-

538 1473 691 1527 τερα.
726 1459 788 1509 Οἱ
825 1456 933 1528 7&9
960 1456 1102 1510 οὑτω
1137 1458 1334 1530 ῥᾳδίως
1359 1457 1567 1528 ἐτέροις
1602 1459 1834 1527 ναυάγια
1861 1459 2102 1512 διαλύον-

540 1564 650 1611 τες,
680 1546 896 1618 εῦδηλον
944 1549 1024 1601 ὅτι
1073 1549 1261 1619 πόρρω
1318 1549 1427 1601 τῶν
1460 1549 1760 1603 κλυδωνίων
1810 1550 2098 1620 ἑστήκατε.

539 1639 782 1711 Γράφετε
832 1639 896 1710 δὴ
929 1641 1164 1710 συνεχῶς
1206 1643 1335 1712 ἡμῖν
1369 1642 1436 1696 τὰ
1470 1641 1725 1712 περὶτῆς
1767 1641 1974 1711 ὑγιείας
2001 1642 2101 1712 τῆς

540 1731 829 1802 ὑμετέρας.
847 1733 987 1784 Ἱστε
1014 1733 1119 1801 7&9
1144 1733 1290 1795 ὅπως
1308 1734 1438 1803 ἡμῖν
1465 1733 1924 1803 περισπούδαστον
1943 1733 2101 1787 τοῦτο

541 1821 848 1892 μανθάνειν.
885 1821 1158 1892 Τοσαύτην
1192 1823 1299 1894 γάρ
1336 1822 1449 1892 ἔχει
1477 1823 1576 1894 τήν
1615 1825 1768 1894 ίσχὺν
1811 1824 1880 1878 τὰ
1914 1824 2096 1896 γράμ-

539 1927 682 1980 ματα
705 1911 878 1982 ὑμῶν,
903 1913 972 1966 τά
1001 1913 1099 1985 τὴν
1130 1915 1296 1985 ρῶσιν
1323 1915 1475 1987 ὑμῶν
1499 1918 1634 1988 ἡμῖν
1667 1916 2095 1986 ἀπαγγέλλοντα,

534 2002 618 2055 ὅτι
639 2004 732 2056 καὶ
753 2003 1022 2068 τοσούτοις
1042 2007 1566 2078 περιεστοιχισμένοι
1586 2007 1799 2072 δεινοῖς,
1821 2008 2094 2080 πολέμοις,

535 2090 800 2163 θορύϐοις,
827 2097 1111 2166 ταραχαῖς,
1136 2096 1383 2160 θανάτοις
1412 2097 1822 2170 καθημερινοῖς,
1847 2100 2009 2171 ἡνίκα
2029 2100 2096 2154 ἂν

532 2182 797 2248 τοσαύτας
825 2185 976 2256 ὑμῶν
1002 2186 1280 2258 δεξώμεθα
1309 2189 1618 2255 ἐπιστολὰς,
1650 2190 1743 2242 καὶ
1763 2191 2096 2262 ἀναπτεροῦ-

534 2275 675 2346 μεθα
700 2275 806 2330 ὑπὸ
839 2277 937 2346 τῆς
984 2277 1196 2349 ἡδονῆς,
1236 2281 1331 2332 καὶ
1377 2278 1640 2350 μεγίστην
1671 2280 1919 2334 ἐντεῦθεν
1955 2297 2094 2352 καρ-

531 2363 781 2439 πούμεθα
809 2367 904 2440 τὴν
947 2369 1297 2440 παραμυθίαν
1320 2382 1368 2426 ι.
1418 2370 1669 2425 Τοιοῦτον
1699 2371 1809 2444 γάρ
1829 2373 1890 2426 τὸ
1919 2373 2092 2443 φιλεῖν

529 2459 785 2530 γνησίως,
815 2461 891 2524 ὡς
938 2460 1032 2513 καὶ
1083 2459 1170 2514 διὰ
1211 2463 1550 2533 γραμμάτων
1586 2462 1844 2518 δύνασθαι
1890 2463 2001 2517 τῶν
2025 2465 2092 2518 τά

526 2550 749 2606 τοιαῦτα
776 2550 1067 2620 εὐαγγέλια
1102 2550 1333 2621 ἐχόντων
1361 2553 1489 2618 τοὺς
1519 2553 1597 2625 τῷ
1624 2553 1836 2626 σώματι
1861 2571 2093 2626 κεχωρι-

530 2644 753 2715 σμένους
783 2641 1118 2696 ἀνακτᾶσθαι
1151 2642 1366 2713 ῥαδίως.

846 2733 994 2806 [63G]
1027 2733 1154 2788 .EZ'.
1191 2735 1453 2799 Θεοδότῳ
1480 2735 1755 2805 διακόνῳ.

596 2822 767 2887 Αὐτὸς
797 2823 915 2894 μὲν,
955 2822 1111 2894 κύριέ
1142 2840 1254 2893 μου.
1275 2823 1570 2894 τιμιώτατε
1593 2825 1690 2878 καὶ
1710 2824 2090 2889 εὑλαϐέστατε,

526 2915 636 2970 τῶν
666 2915 796 2985 γοῦν
824 2917 880 2970 ἐν
923 2914 1184 2986 Ἀρμενίᾳ
1213 2914 1536 2987 ἀπηλλάγης
1580 2914 1788 2982 κακῶν,
1836 2917 1982 2987 ἡμᾶς
2033 2914 2093 2969 δὲ

531 3006 667 3078 μετά
696 3005 804 3060 τῶν
827 3004 1057 3060 ἐνταῦθα
1086 3003 1347 3077 θορύϐων,
1381 3005 1579 3076 μᾶλλον
1609 3006 1668 3061 δέ
1695 3007 1804 3063 τῶν
1849 3007 2094 3063 θανάτων

526 3099 633 3153 τῶν
659 3096 1059 3169 καθημερινῶν,
1089 3097 1184 3167 οὑχ
1202 3096 1277 3161 ὡς
1300 3096 1457 3167 ἔτυχε
1481 3097 1643 3152 λυπεῖ
1666 3098 1841 3153 καὶτὸ
1871 3098 1972 3170 τῆς
1994 3099 2092 3170 σῆς

525 3190 858 3262 κεχωρίσθαι
886 3188 1239 3261 γλυκύτητος,
1263 3188 1358 3243 καὶ
1371 3190 1468 3260 τῆς
1494 3189 1721 3260 γνησίας
1748 3192 1842 3246 καὶ
1865 3189 2092 3263 είλικρι-

527 3281 649 3345 νοῦς
674 3279 980 3342 διαθέσεως.
1028 3277 1224 3346 Γέγονε
1267 3277 1324 3332 δὲ
1349 3279 1442 3332 καὶ
1475 3278 1638 3350 έτέρα
1686 3278 1863 3352 λύπης
1888 3279 2092 3351 ταύτης

526 3371 810 3444 προσθήκη
830 3370 879 3434 δ,
909 3371 942 3440 ή
969 3369 1155 3439 μακρά
1187 3385 1280 3422 σου
1302 3368 1400 3440 τῆς
1439 3369 1733 3440 ἐμμελείας
1763 3371 2006 3443 σιγή.Ἐξ
2031 3367 2092 3428 οῦ

525 3466 635 3535 γὰρ
663 3462 907 3517 ἐντεῦθεν
953 3461 1204 3533 ἀπῆρας,
1253 3461 1510 3534 δευτέραν
1554 3461 1759 3534 ταύτην
1791 3463 2094 3537 ἐδεξάμεθα

530 3556 698 3626 μόνην
717 3553 1001 3622 ἐπιστολήν
1017 3569 1031 3584 ·
1069 3553 1162 3606 καὶ
1184 3551 1355 3607 ταῦτα
1387 3554 1488 3607 οὑκ
1507 3553 1756 3624 ἐγκαλῶν
1775 3553 1942 3624 λέγω,
1974 3555 2092 3611 ἀλλ’

525 3645 724 3714 ἀλγῶν.
753 3646 877 3699 Ὅτι
917 3644 1015 3716 μὲν
1047 3643 1158 3714 7&9
1211 3643 1408 3708 ἄϐατος
1444 3645 1814 3719 ¹όδοιπόροιςή
1852 3646 2092 3702 ἐνταῦθα

526 3739 765 3810 φέρουσα
791 3737 927 3801 ὁδὸς,
949 3735 1122 3798 οὐδεὶς
1148 3737 1330 3805 ἀγνοεῖ
1357 3749 1374 3766 ⁸
1397 3737 1532 3791 ἀλλά
1556 3737 1717 3793 τοῦτο
1737 3738 1836 3825 μὲν
1851 3741 1932 3806 είς
1953 3740 2090 3794 ἀπο·

524 3829 709 3897 λογίαν
743 3828 842 3898 σὴν
860 3827 1114 3898 ἀποχρῶν
1141 3828 1208 3882 ἀν
1231 3829 1316 3899 εῐη
1341 3839 1390 3894 ο,
1418 3830 1498 3892 είς
1531 3828 1590 3884 δι
1617 3830 1891 3904 ἡμετέραν
1911 3849 2090 3902 παρα-

530 3918 725 3989 μυθίαν
745 3917 993 3989 οὑδαμῶς
1009 3935 1025 3950 ·
1057 3918 1195 3972 ἀλλά
1213 3920 1307 3972 καὶ
1328 3919 1394 3972 δι’
1423 3921 1555 3974 αὑτὸ
1574 3921 1674 3992 μὲν
1689 3917 1784 3976 οὖν
1808 3923 1965 3978 τοῦτο
1990 3925 2095 3995 μά-

526 4011 682 4063 λιστα
705 4007 996 4078 ἀλγοῦμεν,
1033 4009 1115 4062 δτι
1145 4011 1240 4063 καὶ
1275 4008 1373 4080 τὴν
1405 4010 1734 4082 λειπομένην
1762 4015 1895 4084 ἡμῖν
1917 4031 2095 4084 παρα-

523 4103 702 4174 ψυχὴν
725 4103 824 4174 τῆς
846 4103 1154 4176 ἀποδημίας
1171 4104 1270 4174 τῆς
1293 4104 1394 4172 σῆς
1414 4105 1506 4158 καὶ
1519 4103 1723 4175 ταύτην
1737 4104 2088 4177 ἀφῃρήμεθα.

525 4194 679 4246 Ἐπεὶ
713 4189 807 4246 οὖν
839 4192 997 4246 τοῦτο
1027 4191 1250 4262 λυθῆναι
1307 4193 1449 4255 τέως
1500 4193 1602 4246 οὑκ
1633 4192 1712 4245 ἔνι
1759 4192 1821 4245 τὸ
1865 4193 2090 4266 ἄπορον,

525 4284 639 4338 ἀλλ’
657 4283 982 4337 ἐπιτείνεται
1001 4281 1123 4336 καθ’
1142 4282 1375 4354 ἑκάστην
1408 4283 1704 4355 ἡμέραντά
1735 4282 1901 4349 δεινά,
1921 4285 2091 4356 ἐτέρῳ

525 4376 712 4445 τρόπῳ
725 4374 820 4445 τὴν
849 4376 914 4427 ἐκ
940 4372 1041 4443 τῆς
1068 4375 1282 4445 μακρᾶς
1307 4375 1463 4446 σιγῆς
1479 4373 1714 4446 ἀθυμίαν
1737 4375 2090 4446 ἐγγινομένην

527 4468 659 4536 ἡμῖν
690 4464 1181 4537 παραμυθήσασθαι
1209 4465 1613 4536 παρακλὴθητι,
1659 4467 2002 4538 μεμνημένος
2027 4483 2090 4521 τε

526 4556 684 4628 ἡμῶν
718 4555 997 4626 διηνεκῶς,
1023 4557 1116 4610 καὶ
1137 4556 1302 4628 ἡνίκα
1351 4557 1418 4611 ἂν
1456 4558 1693 4629 γράφης,
1749 4560 2091 4632 μακροτέρας

527 4647 696 4700 ποιῶν
724 4646 822 4709 τὰς
850 4647 1158 4712 ἐπιστολὰς,
1180 4649 1272 4701 καὶ
1296 4652 1406 4712 τοῖς
1425 4650 1552 4720 περὶ
1579 4649 1802 4726 τῆςνσῆς
1825 4651 2008 4719 ὑγείας
2029 4670 2089 4706 τε

526 4740 619 4791 καὶ
638 4737 899 4808 εὐθυμίας
922 4738 1016 4791 καὶ
1041 4738 1336 4806 ἀσφαλείας
1361 4738 1707 4809 ἐνδιατρίϐων
1735 4738 2084 4812 διηγήμασιν.

527 4828 678 4882 Οῦτω
704 4828 813 4899 7&9
849 4828 1048 4900 δυνήσῃ
1084 4828 1146 4882 τὺ
1167 4827 1354 4881 λεῖπον
1393 4830 1522 4899 ἡμῖν
1550 4830 1616 4882 ἐκ
1644 4828 1739 4882 τοῦ
1764 4830 1973 4902 χρόνου,
2023 4834 2088 4886 ἐκ

526 4921 618 4973 τοῦ
653 4921 857 4992 μήκους
887 4919 1386 4994 παραμυθήσασθαι
1405 4919 1514 4973 τῶν
1547 4920 1862 4974 ἐπιστολῶν.

1065 5013 1198 5067 EH'.
1244 5010 1327 5077 Τῷ
1371 5009 1549 5075 αὐτῷ.

596 5103 706 5156 Καὶ
728 5104 882 5156 τοῦτο
920 5102 1011 5156 σὸν
1034 5103 1127 5156 τοῦ
1158 5103 1491 5174 θερμοτάτου
1524 5101 1620 5156 καὶ
1666 5100 1896 5174 σφοδροῦ
1931 5102 2085 5175 ἡμῶν

528 5193 776 5266 ἐραστοῦ.
806 5195 960 5248 Μετά
986 5195 1082 5265 μέν
1113 5195 1171 5247 τὸ
1199 5195 1296 5265 τὴν
1327 5195 1597 5265 προτέραν
1630 5195 1934 5263 ἀναγνῶναι
1975 5198 2087 5249 ἐπιο

529 5286 737 5349 στολὴν,
785 5285 1049 5355 ἐδεξάμην
1105 5284 1198 5337 καί
1231 5283 1512 5354 δευτέραν,
1548 5287 1605 5338 ἐν
1640 5285 1740 5355 μιᾷ
1770 5285 2084 5357 ἀμφοτέρας

525 5378 725 5451 ἡμέρα,
754 5379 845 5430 καὶ
875 5377 1076 5448 σφόδρα
1103 5377 1296 5448 ἡσθην.
1326 5374 1449 5447 Εἶχε
1476 5378 1584 5447 γάρ
1606 5393 1659 5429 τι
1694 5377 1853 5432 πλέον
1888 5381 1921 5449 ἡ
1965 5379 2085 5433 δευ-

587 5492 609 5564 ξ
639 5489 821 5564 9n)ng
837 5490 1138 5564 καρπούμεθα
1159 5493 1479 5564 παραψυχήν.Δ
1499 5491 1628 5542 Εσὶι.
1653 5494 1964 5555 παραμυθίαν.

585 5550 613 5589 δ
638 5550 834 5601 Coislin.
859 5550 992 5613 ἑτέρα
1024 5550 1144 5613 λύπῃ
1167 5550 1311 5599 ταύττί
1338 5550 1501 5615 προσθ.
1725 5550 1734 5554 ⁷
1784 5550 1794 5555 ⁷

590 5615 614 5686 ξ
641 5611 764 5661 Edit.
786 5614 855 5686 εἰς
879 5614 1129 5686 ἀπολογίαν
1153 5617 1257 5686 σὴν⁹
1278 5586 1498 5686 ἀποχρῶν
1519 5615 1692 5686 ἂνῠείη.
1716 5616 2084 5686 [ἶρίοῇη.“ἀπο-

523 5675 741 5737 ῑρώντως
780 5674 948 5737 ἀνείη.
975 5674 1095 5737 Reg.
1126 5677 1224 5737 σήν
1238 5674 1522 5737 ἀποχρῶσαν
1561 5677 1695 5735 εἶναι,
1728 5678 1792 5732 εἰς
1815 5679 1881 5727 δέ.
1925 5679 2080 5731 Valic.

522 5734 769 5846 ἕξινυιῗνὲίο
789 5734 935 5787 habet
955 5755 968 5792 ;
989 5735 1108 5785 ἀλλὰ
1145 5734 1285 5785 τοῦτο
1302 5734 1440 5800 ’ίσμεν
1473 5734 1729 5801 ἀπολογίαν
1749 5740 1836 5798 σήν
1857 5741 2079 5808 ἀποχρῶ-

632 5813 653 5845 ε
731 5813 764 5845 ι.

632 5813 746 5845 ειναι
755 5830 764 5845 ι

1251 346 1307 400 S.
1346 344 1626 402 JOANNIS
1661 345 2145 403 CHRYSOSTOMI
2185 347 2501 406 ARCHIEP.
2540 351 3075 409 CONSTANTINOP.

3661 361 3769 418 θίϐ

2217 467 2369 538 τέρα,
2393 469 2510 539 οὑχὶ
2536 471 2753 541 ῥήματα
2783 470 2849 525 σά
2886 471 3060 543 μόνον,
3086 471 3219 526 ἀλλά
3250 474 3341 527 καὶ
3376 475 3678 548 γράμματα
3701 479 3774 533 σά

2215 555 2345 623 ἡμῖν
2373 556 2716 611 ἐπιδεικνῦσα
2737 575 2752 589 ·
2778 557 2806 610 δ
2837 561 2930 610 καὶ
2955 559 3268 631 προσθήκην
3292 562 3424 631 ἡμῖν
3470 563 3776 636 πεποίηκεν

2213 641 2425 711 ἡδονῆς,
2453 643 2533 695 ὅτι
2559 642 2633 714 μὴ
2660 645 2758 715 τῆς
2794 645 2967 714 ψυχῆς
2996 663 3090 698 σου
3121 639 3282 714 μόνον
3316 648 3416 719 τῆς
3443 648 3655 720 θερμῆς
3677 651 3777 703 καὶ

2213 730 2461 799 γνησίας,
2498 730 2634 784 ἀλλὰ
2678 733 2771 786 καὶ
2816 732 2912 801 τῆς
2943 731 3122 799 δεξιᾶς
3177 736 3317 805 μετά
3362 735 3640 807 δαψιλείας
3667 737 3779 809 τὴν

2213 815 2394 869 είκόνα
2417 817 2774 886 ἐθεασάμεθα.
2806 819 2952 872 Ποίει
2975 821 3219 892 δήτοῦτο
3261 822 3519 893 συνεχῶς,
3547 824 3644 876 καὶ
3671 822 3779 894 τὴν

2213 905 2581 975 παραμυθίαν.
2603 905 2669 976 ήν
2701 907 2860 969 αὐτὸς
2884 908 3011 978 ἡμῖν
3033 908 3128 961 καὶ
3148 907 3336 963 τοῦτον
3358 909 3660 978 ἐπενόησας
3676 910 3778 964 τὸν

2211 992 2430 1062 τρόπον,
2478 993 2612 1062 μετά
2661 993 2936 1062 δαψιλείας
2982 996 3208 1065 πάρεχε.
3247 995 3514 1051 Ἐνταῦθα
3566 997 3678 1067 γάρ
3711 1013 3776 1050 σε

2212 1080 2433 1133 ἑλκύσαι
2457 1080 2637 1133 λοιπὸν
2665 1081 2724 1133 οὑ
2751 1081 3033 1152 τολμῶμεν
3050 1097 3062 1109 ·
3088 1082 3324 1135 τοσαῦτα
3349 1082 3448 1154 τῆς
3481 1083 3778 1153 Ἀρμενίας

2210 1169 2277 1222 τὰ
2301 1169 2466 1231 κακά,
2483 1170 2574 1222 καὶ
2601 1169 2805 1239 χειμὼν
2834 1170 3016 1240 ἐτερος
3045 1169 3258 1224 ἅπαντα
3278 1169 3564 1235 διεδέξατο.
3591 1170 3778 1224 Ὅπου

2209 1255 2317 1324 γὰρ
2354 1256 2418 1308 ἀν
2455 1273 2538 1319 τις
2563 1257 2846 1328 ἀφίκηται,
2874 1258 3205 1328 χειμάρρους
3244 1257 3530 1328 αίμάτων,
3565 1256 3778 1327 πλῆθος

2210 1343 2473 1413 σωμάτων
2491 1342 2716 1408 νεκρῶν,
2734 1343 2904 1404 οἰκίας
2927 1343 3403 1415 κατεσκαμμένας,
3461 1343 3649 1408 πόλεις
3677 1344 3778 1397 ἀν-

2205 1444 2311 1503 ῃρη
2321 1429 2484 1499 μένας
2499 1431 2703 1499 ὄψεται.
2719 1429 2908 1500 Ἡμεῖς
2920 1430 2976 1482 δὲ
2999 1430 3257 1502 δοκοῦμεν
3277 1430 3334 1484 ἰν
3351 1431 3617 1504 ἀσφαλείᾳ
3631 1426 3777 1485 εἶναι

2207 1517 2393 1587 ὥσπερ
2429 1519 2487 1570 ἐν
2519 1518 2872 1592 δεσμωτηρίῳ
2900 1518 3139 1589 χαλεπῷ,
3188 1519 3267 1590 τῷ
3317 1519 3561 1590 φρουρίῳ
3591 1519 3777 1590 τούτῳ

2205 1604 2716 1672 κατακεκλεισμένοι
2734 1622 2748 1636 ο
2765 1606 2826 1659 οὑ
2847 1605 2953 1676 μὴν
2967 1605 3149 1670 ἀδείας
3161 1605 3454 1660 ἀπολαύειν
3468 1605 3774 1678 δυνάμεθα,

2203 1691 2292 1744 διὰ
2318 1692 2443 1754 τοὺς
2476 1691 2872 1763 καθημερινοὺς
2909 1691 3127 1762 φόϐους,
3173 1691 3263 1746 διά
3298 1693 3399 1757 τάς
3430 1693 3617 1764 φήμας
3658 1691 3777 1747 τῶν

2204 1776 2448 1832 θανάτων
2478 1778 2770 1850 γεμούσας,
2793 1779 2882 1833 διὰ
2905 1780 3003 1850 τὴν
3041 1780 3276 1851 συνεχῶς
3313 1779 3777 1852 προσδοκωμένην

2200 1866 2311 1919 τῶν
2352 1866 2607 1939 Ἰσαύρων
2629 1867 2835 1937 ιφοδον,
2861 1866 2950 1920 διὰ
2975 1868 3075 1937 τὴν
3106 1868 3201 1921 τοῦ
3231 1865 3500 1938 σώματος,
3604 1866 3777 1939 μέχρι

2203 1954 2297 2010 νῦν
2349 1955 2809 2028 προσπαλαίομεν,
2844 1956 3145 2012 ἀσθένειαν.
3190 1957 3328 2012 Ἀλλ’
3385 1957 3534 2028 ὅμως
3571 1959 3668 2012 καὶ
3708 1961 3781 2012 ἐν

2200 2043 2472 2108 τοσούτοις
2519 2043 2670 2107 ὄντες
2711 2047 2921 2109 κακοῖς,
2971 2044 3032 2097 οὑ
3085 2044 3286 2115 μικρὰν
3316 2045 3411 2098 καὶ
3441 2045 3501 2100 ἐν
3525 2045 3778 2119 τοσαύτῃ

2201 2132 2518 2204 περιστάσει
2546 2131 2902 2205 καρπούμεθα
2945 2132 3330 2204 παραμυθίαν,
3365 2133 3495 2188 ὅταν
3538 2133 3610 2187 τὰ
3637 2133 3776 2207 περὶ

2198 2219 2300 2291 τῆς
2331 2220 2538 2289 ὑγιείας
2561 2220 2660 2291 τῆς
2681 2219 2781 2292 σῆς
2807 2219 3266 2291 εὑαγγελιζόμενα
3296 2220 3444 2292 ἡμᾶς
3483 2220 3774 2292 δεχώμεθα.

2199 2311 2525 2380 γράμματα.

2453 2414 2602 2488 [651]
2635 2416 2763 2470 ΞΘν.
2802 2414 3077 2479 Νικολάῳ
3104 2414 3498 2485 πρεσϐυτέρῳ.

2267 2507 2376 2561 Καὶ
2403 2506 2560 2562 τοῦτο
2579 2508 2676 2579 τῆς
2702 2508 2927 2577 γνησίας
2952 2523 3044 2559 σου
3075 2507 3169 2561 καὶ
3198 2506 3406 2580 θερμῆς
3436 2507 3682 2579 ἀγάπης,
3705 2507 3771 2562 τὸ

2196 2595 2263 2649 ἐκ
2321 2593 2574 2648 τοσούτου
2632 2593 2940 2666 καθήμενον
2994 2594 3361 2666 διαστήματος
3413 2594 3775 2666 περιτρέμειν

2195 2683 2354 2756 ήμῶν
2366 2685 2466 2756 τῆς
2481 2683 2752 2757 σωτηρίας
2762 2683 2812 2736 ἀ.
2831 2683 3028 2755 Πρώην
3053 2684 3149 2754 μὲν
3168 2680 3262 2738 οὖν
3275 2683 3474 2748 τόπους
3501 2685 3565 2738 ἐκ
3581 2685 3776 2738 τόπων

2196 2772 2515 2844 ἀμείϐοντες
2550 2774 2609 2824 ἐν
2629 2772 2765 2844 αὐτῇ
2799 2769 2894 2825 τοῦ
2923 2771 3190 2842 χειμῶνος
3229 2773 3295 2842 τῇ
3323 2772 3474 2843 ἀκμῇ
3495 2811 3510 2833 ,
3541 2770 3636 2825 νῦν
3667 2772 3777 2842 μιν

2195 2864 2255 2917 ἐν
2283 2861 2524 2928 πόλεσιν,
2565 2860 2661 2915 νῦν
2686 2861 2744 2915 δὲ
2773 2862 2832 2914 ἐν
2864 2859 3103 2932 φάραγξι
3132 2859 3225 2912 καὶ
3259 2876 3457 2924 ναπαις
3498 2860 3769 2932 διετρίϐο-

2199 2965 2326 3021 μεν,
2347 2948 2453 3003 ὑπὸ
2475 2949 2576 3019 τῆς
2596 2945 2703 3000 τῶν
2735 2947 2994 3018 Ἰσαύρων
3017 2945 3207 3016 ἐφόδου
3240 2945 3572 3017 πανταχόθεν
3602 2947 3766 3002 ἐλαυ-

2194 3035 2426 3104 νόμενοι.
2453 3034 2579 3103 ’0ψέ
2593 3033 2652 3087 δέ
2670 3050 2802 3087 ποτε
2817 3034 2968 3103 λωφη
2976 3033 3181 3087 σάντων
3199 3033 3392 3106 μικρὸν
3407 3033 3515 3088 τῶν
3531 3032 3778 3089 ἐνταῦθα

2194 3122 2400 3189 κακῶν,
2454 3121 2554 3187 τάς
2591 3122 2822 3194 ἐρημίας
2877 3121 3126 3190 ἀφέντες,
3170 3122 3263 3176 ἐπὶ
3305 3122 3405 3192 τὴν
3446 3121 3772 3193 ’Δραϐισσῦν

2195 3212 2627 3286 κατεδράμομεν,
2661 3211 3062 3285 ἀσφαλέστερον
3085 3209 3189 3284 μὲν
3219 3211 3326 3265 τῶν
3350 3209 3526 3264 ἀλλων
3550 3211 3771 3283 χωρίων

2193 3303 2255 3357 τὸ
2279 3306 2336 3358 ἐν
2372 3304 2510 3375 αὐτῇ
2534 3303 2793 3375 φρούριον
2817 3302 3067 3374 εὑρόντες
3099 3300 3252 3372 (οὐδὲ
3288 3300 3395 3373 7&9
3425 3303 3483 3354 ἐν
3517 3303 3582 3372 τῇ
3613 3301 3774 3355 πόλει

2193 3391 2474 3463 διάγομεν,
2502 3391 2802 3461 ἐπειδήπερ
2834 3389 2954 3444 οὑδδ
2975 3389 3136 3443 τοῦτο
3168 3389 3449 3460 ἀσφαλὲς),
3492 3389 3772 3460 δεσμωτη-

2197 3480 2314 3551 ρίου
2341 3478 2401 3534 δέ
2430 3478 2629 3542 παντὸς
2677 3480 2899 3550 χείρονα
2927 3478 3293 3550 ὑπομένοντες
3321 3477 3553 3548 οἴκησιν.
3608 3476 3768 3531 Μετά

2193 3570 2303 3643 7&9
2332 3567 2428 3624 106
2466 3569 2586 3622 καθ’
2616 3569 2874 3640 ἑκάστην,
2912 3568 2990 3632 ὼς
3051 3571 3246 3634 εἰπεῖν,
3281 3567 3379 3639 τήν
3416 3568 3628 3639 ἡμέραν
3675 3569 3770 3623 ἐπὶ

2194 3659 2388 3730 θύραις
2421 3660 2551 3729 ἡμῖν
2579 3653 2720 3711 εἶναι
2744 3659 2835 3712 τὸν
2864 3657 3116 3723 θάνατον,
3146 3657 3258 3711 τῶν
3299 3655 3560 3728 Ἱσαύρων
3586 3657 3769 3712 πάντα

2193 3745 2477 3809 ἐπιόντων,
2494 3746 2588 3799 καὶ
2616 3745 2750 3816 πυρὶ
2779 3745 2873 3799 καὶ
2905 3745 3108 3818 σιδήρῳ
3135 3745 3229 3800 καὶ
3254 3745 3480 3817 σώματα
3509 3746 3602 3800 καὶ
3618 3747 3769 3800 οίκο-

2193 3833 2483 3905 δομήματα
2507 3833 2894 3903 ἀφανιζόντων,
2922 3835 3018 3890 καὶ
3053 3832 3209 3905 λιμὸν
3236 3833 3547 3904 δεδοίκαμεν
3571 3875 3586 3899 ,
3627 3833 3689 3887 δν
3731 3835 3767 3905 ἡ

2196 3923 2526 3995 στενοχωρία
2544 3925 2636 3977 καὶ
2663 3923 2723 3977 τὸ
2749 3922 2947 3996 πλῆθος
2961 3921 3070 3976 τῶν
3096 3921 3328 3978 ἐνταῦθα
3351 3922 3766 3994 συνδραμόντων

2194 4015 2368 4066 ποιεῖν
2397 4010 2626 4067 ἀπειλεῖ.
2682 4011 2792 4065 Καὶ
2817 4011 3128 4083 ἀρρωστίαν
3167 4011 3225 4064 δὲ
3277 4009 3497 4082 μακρὰν
3523 4011 3627 4081 τὴν
3655 4012 3767 4066 ἀπὺ

2193 4098 2287 4153 τοῦ
2321 4099 2584 4170 χειμῶνος
2613 4099 2707 4152 καὶ
2744 4097 2845 4170 τῆς
2875 4097 3129 4168 συνεχοῦς
3172 4099 3353 4168 φυγῆς
3397 4098 3765 4170 ἐγγενομένην

2193 4189 2323 4258 ἡμῖν
2347 4187 2755 4258 ὑπομείναντες,
2787 4185 2882 4239 νῦν
2910 4184 2971 4239 τὸ
2994 4185 3094 4257 μιν
3121 4185 3356 4256 χαλεπὸν
3381 4185 3551 4256 αὐτῆς
3576 4186 3764 4242 διαπε-

2193 4276 2473 4347 φεύγαμεν
2499 4317 2515 4342 ,
2567 4275 2722 4345 ὀλίγα
2772 4274 2830 4329 δὲ
2871 4274 3040 4346 αὑτῆς
3090 4274 3462 4347 περιφέρομεν
3509 4274 3761 4346 λείψανα.

2192 4366 2334 4418 Ἀλλ’
2364 4367 2512 4435 ὅμως
2535 4367 2630 4418 καὶ
2651 4368 2709 4419 ἐν
2735 4362 3010 4427 τοσούτοις
3033 4363 3184 4426 ὄντες
3216 4366 3407 4428 κακοῖς
3432 4375 3458 4404 ο
3485 4364 3580 4420 καὶ
3607 4365 3763 4437 τηλι-

2193 4453 2420 4517 καύταις
2440 4453 2811 4525 περιστάσεσι,
2835 4451 3096 4523 μεγίστην
3116 4451 3477 4524 καρπούμεθα
3502 4469 3765 4525 παραμυ-

2193 4541 2315 4596 οεαν
2336 4543 2400 4595 ἐκ
2421 4540 2521 4613 τῆς
2546 4541 2816 4612 ὑμετέρας
2842 4539 3084 4610 ἀγάπης,
3111 4539 3212 4610 τῆς
3238 4539 3472 4612 θερμῆς,
3511 4542 3606 4596 καὶ
3626 4557 3764 4613 γνη-

2193 4631 2335 4695 σίας,
2359 4631 2452 4684 καὶ
2478 4629 2898 4700 ἀπεριτρέπτου.
2929 4627 3095 4683 Ταῦτ’
3119 4624 3214 4683 οὖν
3249 4629 3451 4692 ειδότες
3468 4668 3484 4693 ,
3520 4631 3763 4701 συνεχῶς

2191 4720 2324 4790 ἡμῖν
2345 4715 2788 4787 εὐαγγελίζεσθαι
2815 4716 2832 4756 ί
2865 4717 2993 4789 περὶ
3013 4717 3112 4788 τῆς
3139 4716 3349 4786 ὑγιείας
3370 4717 3469 4787 τῆς
3491 4718 3763 4789 ὑμετέρας

2194 4807 2271 4879 μή
2301 4806 2632 4860 κατοκνεῖτε.
2693 4805 2756 4858 El
2810 4804 2920 4876 7&9
2949 4804 3043 4858 καὶ
3098 4806 3164 4858 ἐκ
3188 4805 3440 4858 τοσούτου
3473 4804 3765 4875 καθήμεθα

2190 4895 2581 4965 διαστήματος,
2608 4891 2720 4946 ἀλλ’
2752 4892 2898 4963 ὅμως
2924 4894 2991 4964 τῇ
3015 4891 3116 4962 τῆς
3138 4891 3358 4962 ἀγάπης
3401 4890 3590 4945 ἀλύσει
3623 4894 3766 4962 μετά

2192 4981 2393 5053 πολλῆς
2440 4981 2569 5052 ὑμῖν
2624 4977 2982 5052 συνδεδέμεθα
3005 4979 3107 5048 τῆς
3141 4979 3446 5051 ἀκριϐείας.
3479 4979 3656 5049 Χάριν
3702 4979 3764 5032 δὲ

2192 5069 2302 5141 ἔχω
2327 5086 2419 5122 σου
2433 5067 2644 5136 «πολλὴν
2666 5069 2732 5138 τῇ
2773 5067 3065 5138 τιμιότητι,
3090 5066 3171 5120 δτι
3210 5067 3305 5120 καὶ
3330 5065 3439 5119 τῶν
3461 5066 3519 5120 ἐν
3538 5065 3764 5139 Φοινίκῃ

2194 5157 2554 5228 πραγμάτων,
2586 5157 2677 5210 καὶ
2703 5157 2763 5211 ἐν
2798 5156 3087 5218 τοσαύταις
3122 5154 3197 5209 ὢν
3223 5156 3512 5226 ταραχαῖς,
3557 5153 3762 5226 πολλὴν

2193 5250 2319 5319 ποιῇ
2350 5247 2602 5316 σπουδήν.
2633 5247 2728 5301 "Av
2759 5243 2852 5301 οὖν
2872 5263 2925 5300 τι
2950 5244 3114 5298 πλέον
3135 5243 3344 5297 ἐκεῖθεν
3369 5241 3759 5313 ἐπαγγελθείη,

2169 5336 2426 5407 ίδηλῶσαι
2451 5338 2584 5407 ἡμῖν
2615 5336 2690 5407 μὴ
2729 5334 3089 5404 κατοκνήσης.
3131 5332 3290 5404 Ἡμῖν
3317 5331 3428 5401 γὰρ
3460 5329 3634 5394 οὐδεὶς
3669 5330 3762 5383 06-

2189 5424 2422 5497 δαμόθεν
2467 5423 2675 5494 ταχέως
2724 5420 3110 5496 ἐπιχωριάζειν
3144 5419 3437 5490 ἀνέχεται,
3461 5417 3571 5473 τῶν
3620 5417 3762 5473 ὁδῶν

2250 5561 2280 5597 (ι
2300 5557 2430 5607 Εόίῑ.
2455 5557 2740 5623 περιτρέμειν
2760 5556 2897 5623 ἡμῶν
2915 5560 2999 5623 τῆς
3021 5553 3270 5623 σωτηρῇις.
3290 5550 3500 5623 βοῇεῐὶη.
3526 5556 3580 5599 el
3606 5547 3758 5623 ξυμ.

2188 5623 2239 5696 1ο
2257 5627 2400 5670 textu
2422 5613 2559 5696 ἡμῶν
2591 5613 2657 5681 ’τῇ
2699 5613 2930 5682 σωτὴρίᾳ.
2959 5615 3082 5679 Reg.
3108 5613 3167 5665 δι’
3191 5613 3340 5666 Savil.
3366 5615 3415 5662 in
3438 5625 3592 5676 marg.
3621 5613 3759 5675 ἡμῶν

2188 5685 2272 5742 τήν
2293 5685 2548 5743 σωτηρίαν.

2258 5757 2282 5784 ο
2307 5744 2430 5791 Tres
2453 5755 2565 5790 mss.
2597 5742 2724 5797 ὄντες
2745 5742 2929 5797 δεινοῖς.

2259 5803 2279 5846 ί
2307 5805 2500 5862 Coislin.
2525 5808 2647 5865 ἡμᾶς
2668 5802 3051 5865 εὐαγγελίζεσθαι.
