4078 6430
280 348 388 406 643

278 471 388 527 bet.
421 465 550 524 Haec
579 471 758 521 autem
784 459 922 526 dixi,
960 468 1020 514 ut
1060 457 1174 513 sive
1203 455 1526 520 scribamus,
1559 454 1672 510 sive
1697 461 1872 506 tacea-

277 578 422 630 mus,
453 559 700 618 eamdem
727 557 797 613 de
821 564 1003 610 nostra
1027 567 1154 622 erga
1178 565 1274 607 vos
1300 549 1523 604 caritate
1550 543 1870 602 sententiam

279 655 486 713 feratis.
513 651 624 709 Nos
648 651 814 716 enim,
844 659 1183 718 quocumque
1203 643 1256 698 in
1286 642 1407 696 loco
1430 641 1616 703 simus,
1648 637 1870 692 incisam

299 762 334 799 n
377 746 561 800 animo
604 751 790 797 nostro
833 739 999 794 vestri
1049 735 1372 793 memoriam
1418 729 1869 787 circumferimus.

284 837 361 892 Ac
403 851 546 891 nunc
574 832 789 904 quidem
821 829 1092 901 ingentem
1141 826 1293 881 vobis
1321 824 1544 895 gratiam
1589 822 1868 883 habemus,

281 927 430 999 quod
455 925 681 998 probum
707 923 1028 977 monachum
1049 935 1170 974 cum
1197 932 1282 984 ea,
1312 932 1431 986 quae
1451 931 1478 967 a
1507 913 1660 969 vobis
1688 921 1872 982 postu-

281 1025 517 1090 labatur,
567 1017 941 1076 benevolentia
993 1012 1327 1083 suscepistis,
1366 1024 1587 1080 eosque,
1633 1007 1723 1078 qui
1768 1006 1871 1061 im-

282 1125 520 1184 portune
557 1110 815 1166 adversus
863 1123 985 1162 eum
1037 1104 1201 1161 rixari
1259 1101 1584 1172 cupiebant,
1634 1098 1873 1152 mitiores

281 1203 620 1262 reddidistis.
648 1203 826 1270 Quare
865 1217 970 1255 non
1004 1198 1239 1264 frustra,
1275 1209 1374 1249 nec
1404 1189 1658 1248 adulandi
1697 1189 1873 1243 studio

283 1296 414 1353 illud
443 1295 713 1359 dicebam,
739 1308 856 1358 vos,
885 1290 1095 1346 etiamsi
1125 1286 1391 1343 innumeri
1425 1285 1657 1352 undique
1683 1279 1874 1335 fluctus

280 1388 621 1454 excitentur,
666 1386 721 1440 in
755 1383 1138 1453 tranquillitate
1173 1389 1354 1435 tamen
1397 1392 1538 1433 esse.
1579 1374 1713 1430 Nam
1752 1387 1874 1427 cum

279 1482 349 1536 ab
377 1480 501 1535 aliis
531 1477 807 1548 naufragia
834 1475 988 1530 facile
1021 1472 1377 1543 propulsetis,
1407 1485 1512 1522 non
1541 1475 1625 1522 est
1652 1464 1872 1519 dubium

279 1572 412 1642 quin
453 1569 558 1641 ipsi
589 1567 774 1640 procul
802 1582 830 1619 a
858 1571 1176 1634 tempestate
1201 1560 1402 1616 remoti
1433 1559 1570 1613 sitis.
1601 1556 1710 1610 Vos
1749 1569 1877 1608 vero

283 1680 448 1736 quam
483 1661 804 1733 saepissime,
836 1671 1050 1728 quaeso,
1085 1655 1155 1710 de
1182 1662 1358 1708 vestra
1385 1651 1525 1706 bona
1565 1645 1878 1703 valetudine

287 1756 357 1812 ad
390 1770 491 1811 nos
516 1755 701 1810 literas
723 1751 866 1806 date.
894 1749 1077 1819 Neque
1115 1746 1257 1802 enim
1289 1743 1458 1814 ignari
1484 1741 1647 1807 estis,
1679 1747 1878 1808 quanto

285 1847 443 1902 nobis
472 1845 648 1900 studio
672 1843 742 1896 sit
769 1841 820 1897 id
847 1841 1005 1897 scire.
1034 1839 1204 1894 Tanta
1244 1836 1387 1891 enim
1414 1841 1720 1889 vestrarum
1752 1829 1877 1885 lite-

286 1953 490 2001 rarum,
521 1951 642 1990 cum
671 1934 879 1989 firmam
909 1941 1144 1987 vestram
1173 1927 1537 1983 valetudinem
1561 1923 1718 1979 nobis
1743 1937 1883 1977 nun-

289 2035 446 2095 tiant,
477 2031 558 2084 vis
586 2043 650 2083 ac
700 2026 932 2082 facultas
961 2033 1080 2091 est,
1110 2033 1170 2078 ut
1198 2021 1442 2093 quamvis
1485 2026 1562 2073 tot
1590 2015 1879 2080 aerumnis,

285 2122 465 2184 hellis.
507 2120 840 2183 tumultibus,
887 2113 1414 2189 perturbationibus,
1455 2107 1882 2180 quoddianisqne

289 2213 552 2271 mortibus
574 2213 806 2282 undique
831 2212 1130 2280 cingantur,
1162 2218 1340 2262 tamen
1367 2219 1488 2259 cum
1513 2213 1591 2256 tot
1617 2197 1883 2271 ejusmodi

290 2304 495 2362 avobis
519 2303 773 2374 epistolas
810 2300 1122 2371 accipimus,
1169 2313 1282 2368 prae
1320 2294 1515 2366 gaudio
1563 2288 1883 2357 voli'temus,

291 2396 696 2464 maximamque
738 2393 864 2448 hinc
901 2389 1322 2448 consolationem
1351 2387 1662 2443 sentiamus.
1691 2381 1886 2453 Hujus-

291 2487 444 2543 modi
468 2487 665 2557 quippe
688 2495 774 2542 est
801 2485 1047 2540 sincerus
1074 2497 1227 2537 amor
1245 2523 1260 2549 ,
1292 2489 1354 2536 ut
1383 2480 1544 2536 etiam
1582 2493 1676 2548 per
1705 2476 1888 2530 literas

295 2581 478 2635 letum
506 2579 647 2632 hunc
675 2577 919 2631 nuntium
946 2574 1256 2640 afferentes,
1279 2587 1374 2627 eos
1399 2571 1489 2642 qui
1519 2582 1746 2638 corpore
1773 2565 1885 2621 dis-

293 2670 462 2742 iuncti
483 2679 609 2725 sunt
631 2667 886 2741 perfacile
915 2681 1162 2722 recreare
1191 2680 1252 2720 ac
1273 2663 1496 2718 reticere
1527 2660 1714 2731 pnasit.

367 2808 609 2868 LXVII.
635 2809 891 2865 Theodoto
917 2808 1150 2862 diacono.
1171 2802 1471 2876 (Ambisso,
1494 2809 1554 2856 ut
1575 2808 1816 2871 putatur,

931 2914 1072 2954 anno
1109 2896 1261 2968 406).

368 3041 490 3114 Ipse
531 3038 746 3111 quidem
766 3078 782 3103 ,
812 3033 1261 3093 reverendissime
1285 3045 1349 3088 ac
1385 3027 1791 3101 religiosissime
1819 3024 1895 3081 mi

298 3135 544 3199 domine,
590 3133 656 3188 iis
681 3131 871 3188 saltem
919 3128 1108 3196 malis,
1137 3126 1331 3198 quibus
1356 3123 1612 3180 Armenia
1651 3121 1892 3185 laborat,

304 3226 594 3284 defunctus
621 3240 718 3280 es:
747 3237 846 3278 nos
889 3228 1067 3276 autem
1097 3226 1293 3288 praeter
1330 3231 1426 3272 eos
1467 3216 1758 3280 tumultus,
1787 3212 1897 3266 imo

304 3317 642 3391 quatidianas
691 3322 896 3370 mortes
938 3326 1060 3382 qum
1105 3309 1193 3365 hic
1219 3308 1421 3379 vigent,
1463 3306 1593 3361 illud
1633 3319 1740 3360 non
1783 3303 1900 3358 vnl-

305 3415 508 3486 gariter
531 3410 853 3475 discruciat,
896 3406 1039 3479 quod
1081 3420 1112 3460 a
1158 3412 1248 3459 tua
1274 3417 1489 3473 quoque
1526 3400 1808 3464 suavitate,
1835 3411 1898 3451 ac

304 3522 429 3563 vera
454 3513 512 3563 et
535 3506 750 3560 sincera
791 3499 1162 3558 benevolentia
1191 3497 1384 3552 divulsi
1418 3510 1624 3551 sumus.
1656 3491 1901 3548 Accessit

303 3598 468 3652 etiam
500 3595 569 3649 ad
598 3593 757 3664 hujus
793 3591 1048 3648 maeroris
1076 3589 1351 3644 cumulum
1393 3587 1707 3641 diuturnum
1747 3595 1899 3638 tuum

303 3688 601 3745 silentium.
626 3685 758 3741 Nam
782 3699 850 3740 ex
871 3699 977 3753 quo
999 3683 1086 3737 die
1111 3681 1237 3736 hinc
1258 3678 1573 3740 discessisti,
1605 3675 1896 3732 secundam

306 3780 448 3834 hanc
473 3777 755 3833 dumtaxat
783 3774 1066 3845 epistolam
1097 3771 1404 3842 accepimus
1433 3785 1447 3823 :
1488 3783 1588 3823 nec
1627 3781 1758 3822 vero
1784 3765 1901 3820 haec

306 3870 596 3928 accusandi
637 3872 712 3922 tul
751 3881 916 3922 causa
955 3878 1342 3927 commemoro,
1384 3859 1480 3916 sed
1519 3859 1707 3914 dolore
1747 3872 1899 3913 corn-

306 3973 510 4019 motus.
534 3960 668 4017 Nam
691 3958 834 4031 quod
856 3959 958 4014 iter
976 3955 1120 4012 istud
1141 3955 1209 4012 ad
1232 3969 1329 4009 nos
1343 3953 1637 4008 viatoribus
1658 3950 1901 4006 clausum

309 4054 403 4121 sit,
433 4053 709 4109 neminem
735 4049 912 4120 fugit:
942 4062 1129 4103 verum
1158 4056 1219 4101 ut
1242 4045 1344 4101 hoc
1375 4045 1469 4100 tibi
1500 4043 1901 4098 excusationem

309 4147 489 4214 alfert,
523 4147 596 4200 ita
629 4158 726 4199 nos
767 4158 873 4198 non
903 4140 1129 4214 perinde
1176 4138 1520 4204 consolatur;
1553 4137 1678 4207 quin
1726 4134 1904 4206 potius

312 4240 418 4295 hoc
447 4239 566 4308 ipso
591 4251 805 4308 quoque
839 4234 1057 4288 nomine
1085 4230 1420 4303 potissimum
1449 4229 1728 4298 angimur,
1762 4223 1905 4296 quod

313 4349 376 4390 ea
403 4345 620 4404 quoque
644 4329 917 4399 digressus
946 4327 1018 4380 tui
1041 4335 1200 4397 atque
1228 4324 1486 4378 absentia:
1510 4319 1902 4383 consolatione,

321 4439 445 4495 qua:
475 4425 631 4479 unica
661 4421 815 4476 nobis
840 4428 977 4486 erat,
1007 4433 1273 4472 caremus.
1301 4415 1563 4482 Quoniam
1604 4413 1763 4482 igitur
1788 4411 1907 4466 hzec

315 4517 606 4573 difcultas
650 4514 704 4569 in
748 4511 1035 4584 praesentia
1083 4509 1278 4565 discuti
1325 4523 1430 4564 non
1474 4515 1670 4577 potest,
1721 4520 1906 4559 verum

317 4605 556 4680 pericula
602 4605 840 4678 quotidie
889 4605 1302 4674 ingravescunt,
1348 4599 1508 4654 velim
1549 4598 1654 4653 alia
1701 4599 1909 4651 ratione

317 4701 634 4758 maestitiam
679 4713 832 4762 eam,
883 4711 1042 4767 quam
1081 4710 1148 4750 ex
1188 4694 1348 4763 longo
1395 4701 1487 4746 tuo
1530 4690 1747 4746 silentio
1781 4703 1912 4743 con-

321 4792 616 4856 traximus,
641 4788 983 4846 minuendam
1005 4800 1168 4842 cures
1189 4826 1204 4851 ,
1229 4784 1482 4839 nimirum
1511 4791 1570 4836 ut
1601 4781 1772 4836 nostri
1798 4795 1912 4835 me-

319 4885 550 4942 moriam
579 4897 868 4952 numquam
905 4879 1251 4945 intermittas,
1283 4885 1340 4933 et
1380 4892 1503 4931 cum
1531 4874 1598 4929 ad
1639 4888 1739 4928 nos
1779 4872 1914 4927 scri-

321 4979 438 5043 bes,
467 4975 740 5046 longiores
783 4972 1041 5044 epistolas
1083 4969 1277 5034 facias,
1308 4976 1469 5038 atque
1509 4966 1561 5021 in
1593 4963 1914 5035 exponendo

321 5067 650 5126 valetudinis
704 5075 808 5121 tuae
859 5072 1034 5128 statu,
1095 5062 1366 5131 animique
1419 5057 1806 5128 tranquillitate
1856 5064 1914 5110 et

324 5162 613 5220 securitate
648 5172 854 5213 moram
889 5156 1089 5210 trahas.
1135 5153 1226 5208 Sic
1266 5152 1442 5216 enim,
1469 5149 1614 5218 quod
1658 5147 1814 5202 nobis
1846 5162 1915 5201 ex

329 5265 570 5323 tempore
597 5251 814 5318 deficit,
845 5265 912 5306 ex
953 5247 1301 5319 epistolarum
1345 5242 1674 5313 longitudine
1714 5241 1916 5296 sarcire

329 5346 552 5421 poteris.

520 5481 616 5536 LX
630 5480 798 5538 .
839 5479 1043 5536 Eidem.
1089 5478 1365 5553 (Arahisso
1390 5491 1530 5531 anno
1557 5473 1711 5546 .)

402 5619 460 5676 Id
489 5633 703 5691 quoque
731 5628 878 5674 tuum
907 5628 988 5673 est
1009 5660 1025 5686 ,
1057 5617 1159 5673 hoc
1180 5625 1263 5672 est
1285 5615 1516 5670 hominis
1544 5614 1739 5669 acriter
1762 5621 1923 5683 atque

332 5713 584 5771 ardenter
626 5728 725 5769 nos
772 5713 1018 5767 amantis.
1065 5711 1228 5767 Lecta
1265 5709 1409 5765 enim
1447 5708 1624 5778 priore
1671 5705 1920 5779 epistola.

335 5805 626 5863 secundam
679 5805 900 5876 insuper
949 5803 1172 5877 accepi,
1222 5800 1411 5860 eodem
1467 5809 1747 5872 utramque
1779 5803 1866 5860 die

1725 329 2105 395 EPISTOLJZ.

3455 342 3562 398 (iiii

1978 459 2273 518 magnaque
2302 441 2482 498 laetitia
2511 452 2628 492 sum
2654 436 2896 492 allectus.
2946 439 3183 497 llahebat
3206 443 3351 500 enim
3387 457 3566 516 poste.

1977 539 2088 596 rior
2117 538 2367 610 quiddam
2408 536 2637 606 amplius
2667 555 2680 590 :
2713 537 2910 607 quippe
2945 551 3052 592 ncn
3100 537 3255 591 verba
3295 537 3573 594 dumtaxat

1978 640 2064 685 tua
2085 670 2100 692 .
2129 629 2223 684 sed
2263 629 2425 682 etiam
2453 628 2708 698 scriptum
2739 637 2886 682 tuum
2913 628 3068 683 nobis
3092 627 3397 694 indicabat;
3426 631 3567 700 quod

1977 722 2188 792 quidem
2215 719 2540 790 voluptatem
2571 722 2730 774 etiam
2768 720 2921 774 nobis
2947 722 3096 774 auxit
3125 737 3138 774 :
3166 735 3269 777 nec
3295 723 3434 775 enim
3467 722 3567 776 fen-

1978 813 2157 868 ventis
2189 810 2467 865 dumtaxat
2509 825 2571 865 ac
2609 809 2836 864 sincera:
2864 812 3057 865 animae
3100 821 3235 871 tuae,
3275 810 3370 867 sed
3408 813 3569 865 etiam

1977 903 2194 972 insuper
2222 917 2413 957 manus
2448 901 2731 972 imaginem
2771 903 3167 971 conspeximus.
3209 902 3385 969 Quare
3411 917 3570 974 quam

1977 995 2273 1070 saepissime
2308 994 2362 1049 id
2391 993 2555 1049 facias
2581 1035 2597 1060 ,
2626 1008 2812 1064 quaeso
2836 1032 2854 1061 ,
2882 1008 2945 1048 ac
2975 994 3224 1050 solatium
3250 995 3403 1060 illud,
3429 995 3572 1065 quod

1978 1089 2133 1144 nobis
2176 1087 2277 1142 hac
2320 1101 2533 1158 quoque
2569 1085 2776 1144 ratione
2814 1086 3164 1156 excogitasti,
3215 1086 3420 1156 prolixe
3466 1087 3570 1141 im-

1977 1181 2197 1252 pertias.
2249 1180 2361 1234 lluc
2386 1181 2530 1234 enim
2563 1187 2615 1234 te
2640 1176 2854 1234 trahere
2879 1178 3097 1233 minime
3127 1177 3236 1249 jam
3275 1178 3532 1234 audemus
3558 1198 3570 1232 :

1980 1283 2056 1328 tot
2083 1274 2352 1328 Armenia:
2395 1272 2533 1326 mala
2574 1278 2737 1338 sunt,
2766 1285 2831 1326 ac
2869 1279 3162 1340 tempestas
3188 1271 3354 1327 altera
3395 1274 3572 1327 omnia

1979 1365 2212 1435 excepit.
2255 1363 2387 1418 Nam
2415 1377 2752 1433 quocumque
2782 1362 2996 1417 tandem
3043 1363 3308 1433 quispim
3345 1365 3574 1430 venerit,

1979 1465 2232 1512 cruentos
2259 1464 2525 1510 torrentes
2544 1496 2561 1522 ,
2606 1455 2926 1509 cadaverum
2960 1453 3169 1524 agmina
3193 1497 3208 1520 ,
3241 1454 3431 1510 domos
3459 1458 3574 1512 solo

1979 1559 2246 1618 aquatas,
2291 1546 2452 1602 urbes
2481 1561 2697 1601 eversas
2723 1545 3026 1616 perSpiciet.
3056 1544 3166 1602 Nos
3191 1556 3368 1601 autem
3392 1586 3408 1612 ,
3437 1555 3577 1607 tam-

1980 1641 2081 1695 etsi
2129 1637 2367 1708 periculo
2393 1637 2547 1692 vacui
2593 1651 2714 1692 esse
2759 1636 3056 1703 videamur,
3091 1636 3144 1691 in
3170 1636 3273 1692 hoc
3301 1637 3572 1707 praesidio,

1983 1741 2252 1800 tamquam
2280 1730 2432 1801 gravi
2462 1729 2693 1801 quodam
2721 1744 2940 1785 carcere
2968 1729 3210 1786 conclusi
3235 1771 3250 1795 ,
3298 1739 3477 1786 tamen
3509 1733 3578 1785 ob

1982 1822 2320 1892 quotidianos
2362 1830 2572 1891 metus,
2602 1821 2674 1878 ob
2706 1837 2951 1878 rumores
2985 1821 3222 1877 czedibus
3257 1821 3476 1891 plenos,
3511 1824 3581 1877 ob

1984 1926 2270 1986 perpetuas
2314 1915 2671 1971 lsauricarum
2714 1918 3090 1970 excursionum
3125 1915 3578 1985 exspectationes,

1983 2012 2054 2066 ob
2079 2011 2321 2080 corporis
2341 2010 2573 2081 denique
2595 2009 3036 2074 imbecillitatem,
3064 2024 3186 2065 cum
3214 2024 3318 2079 qua
3345 2009 3414 2064 ad
3441 2009 3584 2064 hunc

1985 2119 2157 2172 usque
2199 2101 2340 2157 diem
2391 2101 2691 2166 luctamur,
2748 2102 3130 2166 tranquillitate
3179 2115 3243 2155 ac
3292 2100 3581 2155 securitate

1988 2195 2089 2250 frui
2137 2195 2360 2250 minime
2405 2208 2710 2264 possumus.
2761 2194 2868 2250 Sed
2913 2205 3094 2249 tamen
3124 2196 3287 2250 etiam
3333 2194 3474 2249 inter
3508 2201 3586 2248 tot

1988 2289 2128 2343 mala
2170 2303 2279 2344 non
2322 2303 2550 2358 parvum
2592 2287 2844 2344 solatium
2892 2289 3174 2358 capimus,
3231 2305 3353 2344 cum
3400 2289 3584 2344 literas

1990 2380 2170 2435 Ianum
2217 2380 2286 2435 de
2327 2389 2415 2435 tua
2460 2380 2613 2435 firma
2654 2379 2959 2436 valetudine
3005 2381 3252 2436 nuntium
3299 2379 3586 2437 afferentes

1989 2475 2304 2543 accipimus.

2063 2604 2270 2661 LXIX.
2315 2603 2534 2660 Nicolao
2564 2605 2873 2677 presbytero.
2905 2604 3185 2676 (Arabisso
3203 2618 3346 2660 anno
3359 2602 3513 2674 .)

2063 2739 2209 2796 Istud
2238 2755 2449 2811 quoque
2475 2740 2700 2796 sincerae
2728 2751 2833 2795 tua:
2860 2755 2926 2795 ac
2953 2738 3208 2796 ferventis
3231 2738 3469 2796 caritatis
3484 2749 3589 2808 est,

1991 2833 2138 2906 quod
2161 2849 2283 2889 cum
2315 2842 2464 2888 tanto
2491 2848 2521 2887 a
2543 2833 2699 2888 nobis
2735 2834 3016 2888 intervallo
3040 2833 3259 2889 dissitas
3283 2835 3380 2900 sis,
3413 2842 3589 2890 tamen

1994 2928 2062 2984 de
2100 2927 2271 2984 salute
2307 2936 2490 2982 nostra
2520 2927 2594 2982 sis
2623 2927 2904 2983 sollicitus.
2958 2926 3134 2997 Nuper
3162 2928 3375 2999 quidem
3403 2943 3592 2998 asper-

1995 3021 2130 3076 rima
2184 3019 2364 3075 hieme
2413 3020 2530 3074 loca
2574 3018 2804 3074 subinde
2853 3029 3284 3085 commutantes,
3339 3035 3482 3075 nunc
3536 3020 3589 3075 in

1997 3113 2238 3179 urbibus,
2270 3127 2412 3168 nunc
2443 3113 2495 3166 in
2524 3121 2679 3166 terra:
2705 3111 2948 3166 faucibus
2986 3121 3041 3167 et
3085 3111 3247 3182 sylvis
3276 3111 3595 3167 commorati

1998 3221 2204 3271 sumus,
2233 3203 2302 3260 ab
2321 3203 2620 3260 Isaurorum
2652 3204 2953 3259 incursibus
2973 3204 3343 3274 undecumque
3361 3203 3592 3273 expulsi.

1999 3299 2240 3355 Tandem
2267 3308 2448 3354 autem
2481 3299 2769 3368 aliquando
2810 3297 2894 3354 bis
2924 3298 3079 3353 malis
3107 3297 3346 3352 nonnihil
3376 3296 3594 3364 sedatis,

2001 3392 2118 3448 loca
2160 3392 2373 3448 deserta
2413 3392 2822 3461 relinquentes,
2870 3391 3186 3446 Arabissum
3235 3387 3594 3459 confugimus,

2002 3483 2146 3553 quod
2183 3482 2430 3538 videlicet
2470 3481 2612 3536 illius
2658 3481 2839 3553 Oppidi
2881 3497 3060 3536 arcem
3105 3481 3326 3551 reliquis
3353 3480 3484 3535 locis
3514 3491 3597 3535 tu.

2004 3578 2194 3632 tiorem
2222 3576 2610 3630 invenissemus
2636 3593 2648 3630 :
2674 3590 2848 3645 neque
2869 3576 3013 3629 enim
3033 3575 3084 3628 in
3110 3573 3308 3644 oppido
3329 3573 3594 3644 degimus,

2005 3670 2128 3737 quia
2158 3683 2225 3722 ne
2252 3666 2303 3722 id
2330 3666 2545 3738 quidem
2576 3677 2746 3721 tutum
2787 3677 2901 3733 est;
2949 3676 3033 3722 cst
3065 3675 3244 3722 autem
3284 3666 3440 3721 nobis
3486 3667 3602 3720 haec

2005 3760 2163 3816 sedes
2186 3761 2375 3830 quovis
2407 3773 2626 3814 carcere
2657 3757 2913 3815 deterior.
2964 3758 3168 3814 Przeter
3206 3758 3258 3813 id
3285 3759 3429 3813 enim
3457 3758 3602 3829 quod

2007 3852 2245 3923 singulos
2274 3851 2328 3907 in
2357 3851 2503 3918 dies,
2547 3862 2604 3906 ut
2650 3851 2723 3906 ita
2765 3851 2940 3906 dicam
2967 3893 2980 3916 ,
3029 3867 3126 3921 pro
3176 3851 3378 3908 foribus
3407 3852 3607 3908 nostris

2007 3959 2155 4000 mors
2183 3952 2299 4011 est,
2353 3942 2548 3999 lsauris
2578 3945 2758 3999 omnia
2783 3943 3190 4010 invadentibus,
3222 3953 3382 4014 atque
3407 3944 3513 4016 igni
3549 3956 3606 4002 et

2009 4038 2153 4092 ferro
2178 4045 2287 4092 tum
2318 4050 2544 4106 corpora
2569 4077 2584 4102 ,
2633 4045 2745 4090 tum
2778 4036 3002 4091 aedilicia
3035 4035 3336 4092 delentibus
3360 4077 3373 4101 ,
3403 4037 3600 4093 uitem

2010 4129 2169 4183 etiam
2191 4169 2208 4196 ,
2247 4143 2408 4198 quam
2439 4128 2544 4182 loci
2585 4128 2825 4198 angustia
2854 4137 2908 4182 et
2941 4143 3127 4183 eorum
3157 4128 3246 4197 qui
3290 4127 3393 4182 huc
3418 4129 3585 4183 confo

2013 4220 2163 4291 giunt
2201 4219 2484 4274 multitudo
2518 4219 2794 4285 minatur,
2840 4221 3288 4290 pertimescimus.
3341 4223 3420 4275 Ac
3471 4237 3607 4290 prat-

2015 4323 2158 4368 terea
2187 4311 2441 4367 diuturno
2469 4312 2656 4366 morbo
2677 4354 2691 4378 ,
2721 4327 2880 4381 quem
2924 4312 3079 4366 nobis
3119 4312 3290 4367 hiems
3321 4323 3374 4368 et
3405 4327 3600 4385 perpe

2016 4415 2103 4459 tua
2124 4406 2240 4476 fuga
2264 4405 2490 4476 peperit,
2521 4402 2808 4458 conictati
2834 4446 2848 4471 ,
2878 4405 2974 4457 etsi
2999 4405 3106 4458 vim
3131 4405 3298 4473 ipsius
3319 4413 3372 4458 et
3392 4406 3603 4460 acerbi-

2018 4509 2176 4554 tatem
2206 4513 2348 4554 nunc
2379 4497 2690 4568 effugimus,
2721 4497 3006 4552 nonnullas
3031 4507 3210 4552 tamen
3235 4497 3412 4553 adhuc
3443 4498 3608 4568 ipsius

2017 4589 2271 4662 reliquias
2297 4588 2745 4644 circumferitnus.
2788 4588 2894 4643 Sed
2920 4604 3240 4658 quamquam
3267 4589 3320 4643 in
3349 4598 3427 4644 tot
3453 4591 3608 4644 malis

2018 4697 2082 4736 ac
2109 4682 2269 4736 tantis
2289 4679 2552 4736 molestiis
2576 4694 2880 4746 versamur,
2914 4694 3160 4750 magnam
3194 4688 3369 4733 tamen
3401 4695 3466 4734 cx
3500 4679 3610 4734 fer-

2020 4774 2166 4828 venti
2191 4783 2367 4826 vestra
2397 4780 2449 4826 et
2481 4771 2686 4826 sincera
2715 4780 2874 4840 atque
2913 4771 3179 4824 constanti
3215 4772 3437 4827 caritate
3474 4783 3610 4826 cen-

2022 4862 2337 4918 solationem
2363 4862 2624 4932 capimus.
2669 4862 2799 4928 Quae
2823 4876 2945 4916 cum
2967 4863 3165 4925 sciatis,
3194 4876 3283 4927 ne,
3313 4876 3515 4931 quaeso,
3547 4861 3615 4917 de

2022 4968 2199 5012 vestra
2229 4958 2457 5012 sanitate
2482 4971 2642 5026 quam
2674 4955 2970 5024 saepissime
3006 4955 3073 5008 ad
3103 4970 3203 5011 nus
3233 4955 3468 5010 scribere
3492 4969 3616 5026 gra-

2024 5049 2244 5102 vemini.
2287 5046 2544 5114 Quamvis
2571 5047 2712 5101 enim
2759 5057 2907 5100 tanto
2935 5061 2964 5098 a
2987 5046 3139 5100 vobis
3182 5048 3358 5114 spatio
3385 5047 3611 5103 divella-

2027 5157 2150 5195 mur
2179 5159 2192 5193 :
2221 5140 2534 5194 arctissimo
2568 5149 2746 5193 tamen
2791 5138 3032 5192 caritatis
3079 5137 3292 5192 vinculo
3338 5139 3614 5193 vobiscum

2028 5234 2260 5291 devincti
2307 5248 2512 5288 sumus.
2571 5232 2687 5286 Tibi
2722 5246 2850 5286 vero
2890 5231 3158 5300 ingentem
3201 5232 3423 5299 gratiam
3457 5231 3623 5286 habe-

2028 5342 2185 5392 mus,
2231 5325 2374 5398 quod
2428 5340 2550 5379 cum
2596 5325 2648 5378 in
2698 5332 2775 5377 tot
2822 5323 3091 5393 tantisque
3133 5323 3621 5392 perturbationibus

2028 5420 2297 5486 verseris,
2350 5433 2456 5474 non
2489 5431 2703 5488 parvam
2735 5426 2913 5471 tamen
2955 5415 3290 5484 negotiorum
3333 5414 3623 5471 Phtcniciae

2031 5528 2218 5569 curam
2244 5510 2405 5584 geris.
2435 5510 2776 5580 Quapropter
2800 5509 2846 5565 si
2874 5506 3001 5580 quid
3032 5508 3151 5562 novi
3177 5508 3324 5562 illinc
3347 5506 3620 5576 a'eratur,

2030 5623 2100 5663 ne
2143 5607 2297 5663 nobis
2342 5605 2393 5661 id
2434 5605 2738 5674 significare
2783 5603 3030 5674 pigreris.
3074 5601 3174 5657 Vix
3216 5602 3359 5658 enim
3404 5601 3508 5656 ulla
3558 5618 3625 5659 ex

2031 5709 2184 5762 parte
2209 5701 2485 5772 quisquam
2507 5698 2572 5752 ad
2598 5712 2695 5752 nos
2714 5711 3021 5752 commeare
3049 5695 3231 5763 audet,
3262 5693 3402 5768 quod
3431 5709 3622 5751 omnes

2033 5814 2134 5853 via.-
2153 5839 2168 5865 ,
2201 5811 2318 5866 qua:
2348 5793 2451 5849 huc
2482 5791 2696 5860 ferunt,
2726 5789 2960 5864 undique
2985 5789 3187 5846 clausa:
3209 5787 3336 5846 sint.
3381 5788 3627 5842 Attamen
