4078 6430
540 339 647 400 θη

1235 335 1294 393 S.
1332 331 1609 392 JOANNIS
1644 330 2118 390 CllRYSOSTOMI
2153 331 2468 392 ARCHIEP.
2501 335 3031 398 CONSTANTINOP.
3667 343 3769 405 ὃ.-

541 459 638 515 etsi
666 457 856 514 crebro
879 453 944 510 ad
970 467 1068 509 nos
1085 451 1269 508 literas
1293 450 1502 506 mittere
1528 448 1744 505 dil‘licile
1767 449 1836 504 sit
1854 490 1868 512 ,
1897 450 2102 518 quoties
2207 449 2350 506 modi
2377 453 2672 513 rationibus
2691 457 2933 515 confecta
2973 460 3357 519 medicamenta
3378 471 3490 520 tum
3517 465 3630 530 tibi.
3656 475 3775 526 tum

540 560 738 621 poteris
759 589 778 614 ,
819 547 922 603 hoc
945 543 1100 600 velim
1128 542 1289 598 facias
1307 583 1323 610 ,
1355 552 1512 613 atque
1538 551 1594 597 et
1630 541 1755 612 quid
1791 541 1901 609 illic
1922 556 2098 597 rerum

543 649 757 706 geratur
781 676 799 701 ,
842 649 1112 706 exponas,
1151 643 1205 692 et
1227 634 1294 691 de
1329 643 1502 690 vestra
1538 633 1866 701 valetudine,
1905 632 1974 688 de
1997 646 2098 704 qua

540 729 883 786 vehementer
905 726 1117 784 solliciti
1144 739 1346 793 sumus,
1373 727 1632 782 certiores
1659 741 1757 783 nos
1786 724 1966 779 iacias.

532 880 707 940 LXX.
745 881 1064 950 Apktltonio,
1097 876 1390 945 Theodoto,
1424 875 1674 945 Charm,
1715 873 2008 947 presbyteris

857 969 1135 1027 monachis.
1175 967 1449 1042 (Arabisso
1469 982 1608 1022 anno
1633 964 1782 1036 ιοϐ.)

606 1104 863 1180 Equidem
901 1105 1015 1176 ipse
1049 1117 1262 1175 quoque
1289 1115 1385 1158 vos
1423 1098 1528 1156 huc
1569 1099 1782 1161 venire.
1830 1113 1892 1154 ac
1917 1097 2096 1153 videre

535 1213 782 1270 cuperem
805 1212 819 1252 :
842 1197 1090 1268 quoniam
1116 1201 1293 1249 autem
1315 1193 1476 1248 multa
1501 1201 1623 1247 sunt
1649 1205 1765 1262 quae
1785 1189 2091 1259 impediam,

537 1292 638 1348 hoc
682 1288 892 1360 quidem
938 1302 1079 1342 nunc
1118 1300 1408 1355 exposcere
1453 1283 1668 1338 minime
1709 1280 1922 1336 audeo:
1966 1279 2094 1335 illud

532 1389 708 1435 autem
733 1394 765 1433 a
795 1378 945 1433 vobis
969 1386 1112 1447 peto,
1152 1385 1212 1430 ut
1242 1373 1481 1445 quamvis
1503 1371 1683 1442 procul
1708 1371 1845 1434 sitis,
1878 1385 2094 1440 precum

532 1482 706 1528 tamen
730 1475 1042 1533 vestrarum,
1068 1480 1188 1537 quae
1211 1465 1430 1520 multum
1457 1462 1651 1529 valent,
1667 1462 1917 1517 auxilium
1942 1459 2096 1516 nobis

531 1559 782 1615 alferatis.
831 1557 963 1615 Nam
1004 1557 1105 1613 hoc
1147 1556 1440 1613 subsidium
1482 1569 1584 1611 nec
1616 1562 1874 1610 vetustate
1898 1552 2093 1608 debili-

531 1663 692 1720 tatur,
722 1668 822 1709 nec
849 1653 1052 1708 itineris
1078 1649 1403 1721 longitudine
1427 1647 1729 1703 dirimitur:
1751 1661 1934 1701 verum
1961 1660 2095 1718 quo-

529 1758 754 1813 cumque
792 1743 845 1797 in
888 1742 1004 1796 loco
1029 1741 1287 1811 quispiam
1327 1737 1517 1793 ﬁducia
1556 1751 1682 1809 erga
1711 1737 1898 1803 Deum,
1927 1737 2094 1792 instar

530 1835 686 1890 vestri
711 1875 727 1901 ,
759 1831 1010 1903 praeditus
1037 1839 1278 1888 versetur
1299 1870 1315 1893 ,
1362 1829 1425 1884 iis
1454 1827 1614 1884 etiam
1639 1827 1728 1897 qui
1768 1827 1952 1897 procul
1977 1827 2092 1883 dis-

527 1926 615 1980 siti
659 1935 782 1980 sunt
830 1921 933 1979 hac
973 1922 1180 1992 ratione
1225 1933 1548 1991 magnopere
1593 1917 1846 1989 prodesse
1892 1926 2089 1987 potest.

525 2015 690 2072 Simul
718 2023 893 2070 autem
922 2027 1041 2068 cum
1089 2011 1332 2082 precibus
1370 2010 1550 2064 literas
1585 2022 1796 2079 quoque
1826 2008 1984 2064 velim
2024 2007 2090 2062 ad

526 2123 624 2162 nos
645 2106 817 2171 detis,
847 2120 967 2176 qua:
1005 2104 1072 2159 de
1097 2112 1276 2158 vestra
1317 2099 1618 2156 valetudine
1657 2113 1756 2154 nos
1796 2113 1939 2168 saepe
1966 2113 2088 2154 cer-

526 2199 689 2254 tiores
725 2195 939 2252 faciant.
981 2196 1308 2264 Quamquam
1338 2192 1481 2247 enim
1519 2189 1670 2245 multi
1699 2188 1889 2244 fluctus
1917 2189 2086 2244 unde-

522 2304 748 2360 cumque
794 2303 890 2344 nos
926 2287 1176 2357 cingunt,
1220 2285 1468 2340 nimirum
1511 2291 1568 2338 et
1603 2282 1705 2338 loci
1733 2279 1962 2336 solitudo
1983 2321 2000 2348 ,
2033 2288 2088 2336 et

522 2380 746 2445 obsidio,
770 2389 824 2434 et
851 2379 1149 2434 lsaurorum
1182 2376 1407 2446 impetus
1429 2417 1445 2441 ,
1485 2383 1539 2429 et
1564 2373 1865 2445 quotidiana
1900 2387 2082 2438 mors;

522 2487 643 2528 nam
669 2480 922 2543 perpetuo
949 2486 1069 2525 cum
1099 2478 1268 2524 morte
1296 2467 1523 2522 vivimus
1544 2508 1558 2531 ,
1589 2467 1640 2520 in
1677 2465 1777 2522 hac
1799 2481 1944 2531 arce,
1977 2481 2083 2520 non

519 2575 672 2618 secus
691 2575 753 2616 ac
783 2563 835 2615 in
855 2575 1066 2615 carcere
1085 2558 1312 2629 quodam
1343 2557 1529 2612 inclusi
1555 2597 1571 2622 ,
1603 2564 1758 2626 atque
1786 2571 1906 2610 cum
1935 2555 2081 2627 gravi

515 2651 751 2723 corporis
768 2649 1078 2722 aegritudine
1100 2650 1446 2704 colluctantes
1472 2665 1487 2702 :
1515 2646 1860 2704 nihilominus
1879 2657 2079 2713 tamen,

515 2743 720 2800 etiamsi
745 2743 924 2797 multa:
944 2743 1051 2796 sint
1083 2749 1278 2796 nostra:
1308 2739 1654 2805 calamitates,
1693 2737 1834 2792 haud
1858 2753 2080 2810 parvum

517 2830 816 2901 hujusmodi
839 2833 1094 2885 maiorum
1120 2831 1362 2884 solatium
1395 2831 1446 2883 in
1483 2815 1704 2885 caritate
1731 2839 1904 2884 vestra
1938 2830 2085 2898 posi-

515 2934 624 2980 tum
654 2923 926 2980 habemus.
967 2923 1216 2992 Quamvis
1242 2923 1382 2978 enim
1413 2920 1552 2976 haud
1575 2920 1876 2976 diuturnam
1900 2921 2080 2978 vobis.

510 3030 632 3071 cum
673 3014 1105 3070 consuetudinem
1139 3011 1476 3068 habuerimus
1516 3030 1531 3068 :
1559 3020 1737 3066 tamen
1767 3013 1989 3068 sincera
2014 3027 2080 3068 ac

511 3105 759 3161 ferventis
785 3105 1045 3176 melleque
1072 3103 1324 3158 dulcioris
1351 3111 1404 3158 et
1427 3102 1594 3158 arma:
1609 3111 1768 3172 atque
1786 3104 2079 3158 constantis

510 3198 922 3262 benevolentiae,
964 3212 1122 3268 quam
1148 3204 1202 3252 et
1226 3210 1403 3252 coram
1430 3236 1447 3262 ,
1488 3203 1544 3251 et
1572 3195 1818 3252 absentes
1841 3194 2078 3251 ostendi-

508 3291 596 3358 tis,
626 3290 913 3360 periculum
938 3303 1078 3358 saepe
1104 3286 1343 3343 fecimus.
1375 3287 1712 3357 Quapropter
1731 3286 1852 3343 licet
1877 3302 1906 3340 a
1927 3287 2074 3342 vobis

508 3383 693 3455 procul
721 3382 946 3446 remoti,
992 3395 1056 3436 ac
1091 3389 1167 3435 tot
1196 3379 1457 3449 tantisque
1485 3393 1664 3435 rerum
1697 3378 2075 3435 acerbitatibus

511 3476 824 3541 constricti,
878 3486 1052 3530 tamen
1097 3476 1149 3527 in
1198 3473 1406 3528 virtutis
1445 3482 1637 3528 vestrae
1685 3471 2069 3540 recordatione,

508 3585 612 3625 non
641 3584 796 3625 secus
823 3577 978 3639 atque
1002 3567 1052 3622 in
1081 3576 1232 3637 portu
1265 3567 1282 3598 ⁸
1317 3565 1546 3636 quodam
1570 3563 1891 3636 quiescimus
1913 3604 1930 3631 ,
1958 3580 2072 3619 am-

506 3662 725 3733 plissimi
769 3660 1006 3717 thesauri
1033 3660 1196 3715 instar
1219 3669 1446 3714 vestram
1477 3657 1750 3713 caritatem
1779 3657 1932 3713 nobis
1951 3672 2071 3713 esse

503 3754 882 3810 existimantes.
921 3754 999 3808 Ac
1024 3751 1236 3822 quidem
1267 3760 1450 3806 exacta
1476 3749 1858 3821 hieme,.atque
1883 3759 2071 3805 exorto

504 3861 657 3913 vere,
709 3845 856 3916 gravi
904 3843 1089 3900 morbo
1139 3843 1345 3899 liberati
1389 3857 1571 3897 sumus
1616 3859 1632 3896 :
1671 3855 1854 3897 verum
1903 3841 2070 3910 ipsius

505 3935 750 4008 reliquias
789 3935 960 3991 adhuc
1004 3933 1456 3998 circumlerimns,
1497 3946 1630 4003 quas
1671 3941 1866 4003 augent
1908 3933 2068 3988 etiam

505 4027 718 4084 Isaurici
763 4028 1038 4093 tumultus,
1085 4025 1174 4097 qui
1220 4039 1506 4095 numquam
1536 4025 1913 4080 intermittunt.
1943 4024 2070 4081 Haec

504 4121 661 4192 igitur
680 4118 907 4175 scientes
925 4160 942 4185 ,
971 4117 1177 4174 etiamsi
1207 4118 1384 4186 procul
1415 4131 1446 4172 a
1477 4115 1629 4171 nobis
1654 4115 1871 4180 abestis,
1902 4117 2067 4171 nostri

503 4217 676 4264 tamen
698 4247 716 4275 ,
741 4223 938 4278 qmeso,
972 4223 1182 4278 semper
1219 4207 1544 4274 meminisse,
1570 4215 1747 4277 atque,
1776 4222 1895 4261 cum
1936 4207 2066 4261 lice-

503 4299 594 4366 bit,
619 4300 832 4356 crebras
857 4300 1035 4354 literas
1055 4339 1071 4364 ,
1101 4300 1275 4353 laetum
1304 4298 1457 4353 nobis
1476 4297 1542 4353 de
1564 4307 1737 4353 vestra
1766 4295 2066 4353 valetudine

499 4393 742 4449 nuntium
763 4391 1065 4456 afferentes,
1089 4390 1155 4446 ad
1180 4405 1277 4446 nos
1305 4389 1515 4445 mittere
1547 4404 1616 4445 ne
1641 4386 1956 4460 gravemini.

709 4523 913 4582 LXXI.
954 4525 1178 4582 latebo.
1218 4524 1325 4597 (Ab
1342 4539 1483 4580 anno
1501 4523 1606 4582 ιοι
1628 4523 1695 4580 ad
1719 4522 1871 4596 407.)
1928 4612 1942 4627 ⁸

571 4662 683 4720 Nec
722 4663 956 4719 animum
995 4661 1196 4730 dejiee,
1243 4675 1343 4717 nec
1391 4661 1852 4731 praeclarissimum
1896 4661 2066 4720 beata

501 4756 622 4813 ﬁlim
646 4765 752 4812 tua
777 4755 1068 4813 discessum
1100 4756 1329 4825 peccatis
1350 4756 1453 4810 tuis
1471 4755 1734 4813 adscribc.
1760 4756 1968 4814 Etenim
1998 4759 2065 4814 ad

498 4845 835 4918 tranquillum
863 4855 1068 4917 portum
1095 4847 1316 4917 appulit,
1340 4857 1496 4917 atque
1523 4846 1575 4902 in
1595 4862 1714 4904 eam
1740 4849 1924 4914 vitam,
1947 4865 2066 4921 qua

498 4939 696 4994 nullum
722 4939 830 5009 jam
857 4939 1011 4994 nem
1039 4938 1280 4994 habitura
1307 4948 1423 5005 est,
1453 4941 1712 5008 pervenit,
1743 4955 1806 4997 ac
1833 4957 2064 5013 prasen-

499 5032 567 5087 tis
602 5031 724 5086 vitae
759 5029 1006 5086 fluctibus
1048 5041 1228 5099 erepta
1255 5071 1270 5094 ,
1318 5030 1372 5085 in
1419 5039 1567 5100 petra
1608 5040 1750 5099 stat,
1798 5048 1860 5089 ea
1886 5036 2060 5089 omnia

497 5125 634 5178 bona
674 5137 792 5192 qua:
823 5121 1073 5193 collegit,
1115 5131 1375 5192 tamquam
1421 5123 1475 5178 in
1512 5122 1774 5180 tutissimo
1816 5125 2064 5183 thesauro

497 5214 746 5285 deinceps
772 5213 992 5270 habens.
1021 5214 1202 5285 quue
1227 5215 1440 5272 nomine
1461 5216 1692 5287 gaudere
1719 5226 1773 5273 et
1797 5219 2062 5276 exsultare

499 5319 563 5359 ac
590 5303 769 5359 lmtitia
809 5302 1050 5376 perfundi
1079 5305 1326 5362 convenit
1349 5347 1364 5370 ,
1415 5307 1556 5378 quod
1603 5309 1771 5379 ipsius
1807 5310 2058 5378 animam,

500 5395 645 5450 velut
665 5397 894 5472 optimus
919 5397 1145 5468 agricola
1173 5409 1438 5454 maturum
1483 5397 1708 5455 fructum
1733 5443 1749 5468 ,
1795 5404 2061 5460 communi

500 5485 730 5545 omnium
761 5487 984 5546 Domino
1007 5488 1311 5547 exhibuisti.
1363 5489 1489 5546 Haec
1513 5490 1724 5563 aliaque
1764 5507 1831 5548 ex
1870 5490 2060 5565 hujus-

491 5681 808 5806 minuma
847 5692 983 5748 It...
1014 5692 1168 5750 prato.
1209 5693 1385 5741 τηατ
1427 5695 1657 5754 me
1697 5688 1890 5743 videtur
1926 5700 2018 5744 vox
2038 5728 2058 5759 ,

2206 545 2558 604 ornatissima:
2605 548 2833 606 dominae
2888 565 3021 607 mete
3072 553 3238 624 ipsius
3287 558 3442 613 matri
3492 558 3776 626 adhibens,

2205 635 2503 693 mercedem
2527 653 2623 708 pro
2648 638 2912 698 bisrebus
2936 643 3086 700 vobis
3111 647 3436 703 reconditam
3465 649 3726 720 ampliﬁce
3758 670 3776 708 :

2205 737 2262 783 ut
2290 743 2398 784 non
2427 738 2629 788 tantum
2667 736 2881 806 optimae
2915 735 3244 796 educationis
3269 743 3484 797 nomine
3506 785 3523 808 ,
3555 759 3778 801 verum-

2202 821 2363 875 etiam
2411 822 2552 892 quod
2593 823 2801 894 placido
2837 837 2892 884 et
2940 838 3090 899 grato
3135 831 3315 887 animo
3357 833 3778 902 pulcherrimum

2038 887 2100 929 ⁸⁸
2202 909 2368 979 ipsius
2390 887 2548 969 evita
2573 887 2866 973 discessum
2897 887 3158 988 tuleritis,

2202 1001 2315 1058 Deo
2341 1004 2642 1061 mercedem
2670 1007 2962 1078 accipiatis.

2447 1135 2683 1194 LXXII.
2725 1140 2931 1212 Alphio.
2973 1141 3202 1216 (Cucuso
3224 1161 3364 1203 anno
3387 1146 3536 1221 404.)

2269 1257 2381 1321 Etsi
2415 1269 2598 1338 procul
2639 1285 2667 1325 a
2711 1279 2764 1327 te
2809 1275 3032 1343 sejuncti
3071 1293 3289 1346 sumus,
3331 1291 3506 1338 tamen
3550 1299 3614 1340 ea
3652 1301 3778 1356 qum

2196 1372 2319 1414 cum
2346 1359 2503 1415 laude
2529 1362 2671 1431 geris
2688 1405 2702 1426 .
2738 1374 2900 1441 atque
2929 1367 3196 1436 ingentem
3221 1386 3339 1426 eam
3367 1371 3766 1437 liberalitatem.

2197 1463 2300 1521 qua
2323 1450 2377 1507 in
2414 1463 2628 1523 egentes
2674 1457 2868 1524 uteris,
2913 1459 3222 1529 audientes,
3263 1464 3455 1534 gaudio
3493 1476 3549 1522 et
3587 1466 3773 1523 laetitia

2197 1542 2539 1601 exsultamus.
2590 1547 2668 1604 Ac
2700 1550 2852 1606 nobis
2877 1551 3090 1623 quidem
3119 1553 3173 1608 in
3204 1557 3346 1613 votis
3367 1567 3528 1625 esset,
3559 1569 3613 1616 te
3638 1575 3778 1632 quo-

2196 1645 2301 1701 que
2327 1634 2645 1704 convenire,
2688 1652 3011 1712 magnasque
3055 1647 3303 1713 presenti
3347 1647 3547 1718 gratias
3589 1663 3770 1721 agere.

2196 1723 2455 1791 Quoniam
2482 1735 2660 1784 autem
2689 1729 2739 1785 id
2767 1731 2983 1789 minime
3013 1734 3168 1800 licet;
3213 1737 3439 1794 lsaurica
3467 1741 3608 1796 enim
3631 1743 3774 1798 mala

2196 1815 2561 1886 ingravescunt
2581 1861 2596 1886 ,
2620 1831 2780 1892 atque
2804 1838 2992 1881 omnes
3015 1827 3115 1882 vite
3145 1829 3445 1887 interclusa:
3470 1842 3594 1888 sunt
3618 1849 3636 1901 ;
3669 1850 3773 1892 nec

2196 1907 2336 1961 enim
2364 1906 2547 1964 dubito
2571 1949 2587 1975 ,
2613 1912 2740 1980 quin
2763 1912 2960 1984 alioqui
2985 1915 3090 1972 huc
3117 1917 3231 1989 ipse
3262 1921 3580 1978 accessisses
3600 1965 3616 1990 ,
3649 1940 3769 1979 ma-

2193 2010 2460 2070 gnumque
2495 1999 2725 2056 studium
2773 2003 3136 2076 adhibuisses,
3175 2017 3232 2063 ut
3255 2009 3321 2065 ad
3357 2026 3454 2067 nos
3481 2029 3650 2085 usque
3673 2030 3772 2071 ac-

2193 2102 2481 2145 curreres:
2523 2106 2706 2147 verum
2737 2093 2790 2148 id
2837 2111 2976 2152 nunc
3015 2097 3128 2153 fieri
3178 2101 3400 2171 nequit;
3446 2102 3644 2158 idcirco
3677 2121 3773 2173 per

2195 2178 2370 2242 literas
2397 2189 2448 2237 te
2471 2183 2780 2248 salutamus,
2808 2198 2966 2258 atque
3003 2205 3251 2259 oramus,
3299 2202 3356 2248 ut
3400 2208 3520 2249 cum
3565 2195 3766 2261 licebit,

2192 2285 2348 2339 quam
2373 2272 2697 2332 creberrime
2721 2275 2787 2330 ad
2816 2293 2914 2334 nos
2939 2282 3159 2340 scribas.
3177 2281 3351 2354 deque
3383 2293 3474 2340 tua
3499 2287 3771 2358 totiusque

2191 2360 2378 2417 demus
2403 2365 2505 2419 tum
2529 2367 2826 2423 valetudine
2853 2371 3110 2427 certiores
3143 2388 3241 2428 nos
3283 2375 3460 2430 iacias.
3490 2375 3598 2432 Nec
3620 2379 3766 2433 enim

2189 2455 2490 2524 vulgarem,
2544 2457 2631 2514 hic
2671 2475 2884 2532 quoque
2924 2463 3211 2533 degentes,
3253 2481 3325 2522 ex
3365 2467 3628 2538 ejusmodi
3657 2473 3769 2526 tuis

2189 2545 2354 2602 literis
2375 2549 2790 2607 consolationem
2819 2554 3191 2625 percipiemus.

2387 2681 2659 2740 LXXIII.
2698 2686 2944 2758 Agapeto.
2985 2689 3214 2758 (Cucuso
3243 2705 3384 2746 anno
3409 2692 3561 2764 ιοι.)

2255 2816 2368 2872 Etsi
2409 2817 2520 2888 jam
2559 2819 2772 2891 longum
2815 2831 3024 2891 tempus
3052 2821 3258 2879 efﬂuxit
3278 2866 3294 2889 ,
3324 2839 3444 2881 cum
3470 2827 3565 2882 abs
3589 2836 3645 2885 te
3667 2843 3762 2886 se-

2182 2904 2349 2974 juncti
2385 2922 2598 2977 sumus,
2643 2921 2801 2982 atque
2829 2915 2986 2967 etiam
3030 2929 3222 2985 magno
3252 2916 3453 2972 itineris
3479 2918 3761 2977 intervallo

2183 3015 2214 3054 a
2242 3008 2293 3056 te
2318 2997 2615 3057 dirimimur
2643 3022 2656 3057 :
2683 3006 2902 3060 caritate
2930 3014 3102 3063 tamen
3131 3016 3306 3063 tecum
3343 3009 3756 3083 adstringimur,

2181 3100 2340 3163 atque
2383 3093 2435 3145 in
2481 3094 2776 3163 propinquo
2817 3109 3250 3165 commoramur,
3287 3099 3432 3167 imo,
3477 3110 3534 3156 ut
3557 3102 3760 3160 rectius

2182 3178 2367 3250 loquar
2388 3222 2404 3247 ,
2448 3182 2503 3238 in
2535 3185 2647 3254 ipsa
2673 3197 2887 3253 mente,
2915 3203 3249 3260 quocumque
3295 3192 3505 3250 tandem
3536 3194 3589 3249 in
3631 3194 3754 3253 loco

2178 3273 2363 3340 simus,
2395 3281 2448 3329 te
2473 3275 2912 3332 circumferimus.
2945 3278 3257 3350 Usqueadeo
3283 3279 3580 3340 ferventem
3609 3286 3754 3343 illam

2175 3373 2230 3419 et
2252 3365 2510 3420 sinceram
2535 3382 2598 3422 ac
2621 3367 2988 3426 vehementem
3012 3381 3066 3427 et
3084 3381 3414 3429 constantem
3439 3376 3752 3445 amicitiam,

2175 3469 2293 3525 quae
2327 3456 2418 3512 tibi
2459 3457 2774 3529 jampridem
2814 3471 2972 3533 atque
2996 3463 3064 3518 ab
3107 3465 3255 3519 initio
3279 3465 3551 3523 nobiscum
3582 3468 3754 3525 inter-

2174 3549 2355 3616 cessit,
2387 3548 2572 3614 intimo
2601 3562 2812 3620 pectore
2841 3552 3149 3622 impressam
3182 3555 3458 3612 habemus.
3481 3557 3619 3626 Quin
3650 3561 3752 3630 ipsi

2174 3651 2384 3708 quoque
2406 3679 2421 3702 ,
2469 3638 2684 3694 domine
2724 3641 2793 3694 mi
2827 3643 3259 3710 praestantissime
3295 3658 3359 3700 ac
3406 3662 3750 3718 summopere

2174 3728 2514 3794 admirande,
2564 3731 2795 3785 vividam
2837 3743 2962 3803 erga
3001 3743 3054 3789 te
3094 3735 3518 3794 benevolentiam
3550 3741 3750 3796 retine»

2175 3833 2315 3886 mus,
2359 3835 2459 3876 nec
2482 3835 2597 3875 eam
2624 3821 2707 3877 vel
2745 3822 2814 3878 ob
2842 3825 3094 3893 temporis
3125 3827 3538 3898 magnitudinem
3569 3830 3650 3884 vel
3677 3830 3752 3886 οι-

2175 3911 2380 3972 itineris
2431 3913 2863 3985 longinquitatem
2893 3917 3152 3975 debilitari
3193 3929 3350 3991 atque
3383 3923 3646 3995 exstingui
3671 3925 3736 3979 si-

2175 4003 2365 4057 nimus.
2397 4003 2749 4070 Quamobrem
2782 4023 2812 4062 a
2855 4018 2906 4063 te
2931 4011 3188 4079 petimus.
3222 4023 3279 4067 ut
3298 4028 3419 4069 cum
3447 4013 3646 4080 licebit,
3677 4017 3730 4072 d.

2173 4101 2258 4146 tua
2300 4093 2597 4152 valetudine
2633 4098 2821 4154 crebro
2864 4099 2930 4154 ad
2973 4115 3070 4155 nos
3106 4103 3339 4159 scribere
3378 4119 3444 4160 ne
3483 4107 3743 4176 graveris.

2171 4182 2286 4239 Scis
2315 4185 2455 4240 enim
2486 4195 2735 4257 quantum
2762 4191 2878 4258 ejus
2905 4191 3123 4246 studiosi
3163 4194 3327 4248 simus
3345 4236 3360 4260 ,
3385 4205 3747 4268 quantamque

2168 4289 2198 4328 a
2225 4277 2378 4333 nobis
2406 4279 2625 4347 gratiam
2655 4279 2878 4336 initurus
2904 4283 3010 4347 sis,
3046 4282 3346 4354 hujusmodi
3385 4285 3454 4343 ad
3495 4303 3594 4344 nos
3619 4290 3744 4346 lite-

2169 4382 2257 4423 ras
2283 4369 2522 4423 mittens.

2368 4502 2549 4560 LXXI
2563 4504 2621 4561 ν,
2662 4504 2934 4580 Hesychia.
2975 4507 3206 4581 (Cueuso
3228 4525 3369 4567 anno
3392 4513 3540 4585 tet.)

2238 4634 2496 4710 Equidem
2522 4642 2634 4711 ipse
2667 4651 2719 4698 te
2755 4642 2937 4698 videre
2957 4659 3228 4716 cuperem,
3258 4661 3448 4716 meque
3473 4662 3572 4704 nec
3597 4648 3743 4705 Isau-

2169 4744 2346 4785 rorum
2389 4739 2598 4797 metus,
2657 4747 2757 4789 nec
2802 4735 3039 4803 corporis
3084 4735 3412 4793 imbecillitas
3454 4738 3745 4808 prohibere.

2169 4835 2366 4896 posset,
2391 4828 2436 4881 si
2465 4825 2594 4881 mihi
2621 4827 2820 4882 licitum
2851 4836 3026 4897 esset,
3051 4843 3157 4901 quo
3181 4831 3371 4886 vellem
3396 4872 3410 4898 ,
3440 4832 3740 4902 proﬁcisci;

2169 4928 2221 4976 te
2243 4929 2418 4976 autem
2444 4962 2460 4988 ,
2486 4934 2606 4975 cum
2633 4920 2825 4992 alioqui
2854 4921 2907 4976 id
2935 4921 3133 4977 arbitrii
3162 4924 3232 4977 tui
3265 4925 3367 4988 sit,
3412 4940 3480 4979 ne
3515 4925 3594 4980 sic
3617 4927 3740 4995 qui-

2167 5011 2288 5068 dem
2327 5010 2477 5069 trabo
2503 5053 2518 5077 ,
2567 5028 2666 5068 nec
2702 5023 2758 5066 ut
2794 5011 2955 5068 domo
2985 5015 3176 5084 migres
3197 5055 3210 5079 ,
3244 5025 3404 5085 atque
3429 5015 3495 5070 ad
3524 5029 3622 5070 nos
3652 5031 3744 5070 ac-

2167 5117 2387 5168 curras,
2439 5112 2490 5159 te
2527 5119 2674 5175 rogo.
2733 5103 2840 5160 Sed
2881 5105 3124 5176 quamvis
3167 5105 3217 5161 id
3259 5122 3354 5176 per
3381 5108 3503 5162 anni
3530 5117 3743 5179 tempus

2169 5193 2358 5258 liceat,
2400 5203 2561 5265 tuque
2601 5195 2739 5250 istud
2775 5198 2875 5251 iter
2917 5196 3060 5251 brevi
3099 5197 3316 5267 exsequi
3347 5199 3514 5266 possis
3541 5201 3741 5273 (neque

2168 5288 2307 5342 enim
2349 5301 2540 5358 magno
2584 5288 2863 5345 intervallo
2899 5289 3149 5360 disiuncti
3191 5291 3432 5362 sumus),
3467 5301 3640 5348 tamen
3667 5295 3744 5350 ob

2167 5379 2469 5434 Isaurorum
2522 5389 2720 5436 metum
2779 5379 2881 5435 huc
2937 5390 2988 5436 te
3033 5380 3247 5437 trahere
3289 5382 3506 5438 minime
3551 5385 3738 5441 velim.

2170 5468 2364 5524 Verum
2385 5468 2490 5525 hoc
2506 5469 2720 5526 demum
2749 5471 2845 5527 abs
2863 5481 2914 5527 te
2938 5483 3084 5542 peto,
3112 5480 3171 5527 ut
3211 5472 3280 5530 de
3320 5481 3407 5529 tua
3433 5475 3744 5532 valetudine

2168 5559 2356 5616 crebro
2390 5561 2457 5617 ad
2502 5576 2601 5618 nos
2645 5563 2883 5618 scribas:
2912 5580 3084 5636 neque
3127 5566 3268 5621 enim
3293 5607 3312 5634 ,
3354 5566 3640 5637 quominus
3683 5568 3733 5626 it?

2167 5651 2343 5709 lacere
2371 5655 2543 5724 possis
2563 5696 2579 5717 ,
2610 5656 2919 5728 przedonum
2941 5658 3183 5714 incursus
3211 5660 3589 5731 impedimento
3611 5661 3729 5720 erit.

2168 5743 2518 5813 Quamobrem
2546 5744 2646 5802 hoc
2686 5754 2791 5804 nos
2817 5747 3103 5820 beneflcio,
3134 5762 3350 5824 quaso,
3376 5750 3526 5807 allec
3545 5791 3566 5821 ,
3594 5769 3705 5827 quo
