4078 6434
321 324 424 397 'm

319 453 678 527 πανταχόθεν,
707 457 818 513 τῶν
845 459 1080 516 ἐνταῦθα
1109 462 1408 536 φερουσῶν,
1457 464 1911 539 ἀποτετειχισμέ-

321 563 445 603 ww.
514 549 655 604 Ἀλλ’
704 552 854 624 ὅμως
907 556 954 607 εἰ
1004 556 1098 609 καὶ
1122 557 1358 629 ἐργῶδες
1411 556 1472 610 τὸ
1505 559 1746 629 πέμπειν
1776 562 1912 634 πρὸς

321 640 476 712 ἡμᾶς
500 642 760 713 συνεχῶς,
788 643 949 714 ἡνίκα
969 645 1036 700 ἂν
1065 646 1182 718 ἐξῇ,
1211 647 1369 702 τοῦτο
1406 649 1572 713 ποίει,
1592 651 1662 704 τά
1688 668 1748 703 τε
1769 652 1913 705 ἐκεῖ-

323 729 418 783 θεν
442 731 620 786 πάντα
641 733 836 804 δηλῶν,
873 735 967 788 καὶ
999 738 1125 810 περὶ¹
1153 739 1252 809 τῆς
1289 738 1502 808 ὑγιείας
1529 740 1686 809 ὑμῶν
1712 742 1914 814 γνωρί-

323 819 458 886 ζων,
479 822 608 895 περὶ
631 817 699 895 ἧς
723 824 928 896 σφόδρα
951 828 1418 899 περισπούδαστον
1443 831 1576 902 ἡμῖν
1597 831 1908 903 μανθάνειν.

330 913 410 970 ον.
455 913 758 984 ’Δςρθονιιμ
789 917 1076 992 Θεοδότῳ,
1094 919 1330 992 Χαιρέᾳ,
1359 922 1792 992 πρεσϐυτέροις
1811 925 1912 978 καὶ

919 990 1306 1057 μονάζουσιν.

412 1074 742 1148 Ἐϐουλόμην
775 1079 871 1132 καὶ
898 1082 1061 1146 αὐτὸς
1111 1086 1595 1156 παραγενομένους
1632 1085 1777 1157 ὑμᾶς
1829 1089 1916 1140 ἐν·

331 1163 504 1220 ταῦθα
531 1167 686 1222 ἰδεῖν·
734 1171 849 1224 ἀλλ’
882 1173 1068 1246 ἐπειδὴ
1101 1175 1269 1228 πολλὰ
1318 1175 1387 1229 τά
1421 1176 1718 1237 κωλύοντα,
1755 1176 1914 1231 τοῦτο

335 1256 438 1330 μὲν
458 1259 518 1312 οὐ
546 1259 732 1332 τολμῶ
756 1261 851 1316 νῦν
884 1264 1154 1330 ἀπαιτεῖν,
1203 1266 1340 1334 ἀξιῶ
1375 1268 1462 1333 δέ,
1491 1271 1584 1322 καὶ
1630 1269 1915 1341 πόρρωθεν

331 1351 510 1416 ὕντας,
543 1352 641 1424 τὴν
675 1353 783 1408 ἀπὸ
803 1354 910 1409 τῶν
934 1359 1510 1430 πεπαρῤησιασμένων
1552 1361 1728 1432 εὐχῶν
1755 1362 1912 1434 ὑμῶν

330 1443 594 1514 παρέχειν
620 1446 937 1518 συμμαχίαν
966 1449 1098 1519 ἡμῖν
1128 1449 1296 1522 (αὐτη
1329 1451 1438 1522 γὰρ
1469 1451 1592 1505 οὔτε
1617 1454 1793 1526 χρόνῳ
1816 1473 1912 1525 μα-

333 1536 574 1605 ραίνεται
606 1540 640 1609 ἡ
670 1539 908 1610 βοήθεια,
937 1540 1062 1595 οὔτε
1095 1542 1214 1596 ὁδοῦ
1248 1546 1416 1615 μήκει
1440 1545 1778 1616 διείργεται,·
1798 1546 1909 1600 ἀλλ’

329 1627 574 1700 ὅπουπερ
600 1629 668 1682 ἂν
691 1629 851 1702 διάγῃ
883 1649 967 1696 τις
994 1635 1308 1705 παρρησίαν
1325 1636 1461 1707 πρὸς
1483 1637 1571 1690 τὸν
1601 1636 1733 1690 Θεὸν
1754 1637 1911 1709 ἔχων,

333 1718 585 1791 καθάπερ
616 1717 707 1774 οὖν
737 1724 829 1776 καὶ
864 1724 1042 1794 ὑμεῖς,
1080 1724 1308 1781 δύναται
1343 1730 1437 1783 κα)⁸
1467 1731 1594 1792 τοὺς
1629 1730 1914 1802 πόρρωθεν

331 1807 493 1874 ὄντας
527 1812 772 1865 ἐντεῦθεν
800 1813 870 1867 τά
913 1815 1145 1885 μέγιστα
1177 1817 1454 1890 ὠφελεῖν),
1505 1810 1643 1890 μετά
1681 1820 1735 1874 δὲ
1762 1820 1911 1893 [652]

331 1901 439 1955 τῶν
467 1903 640 1974 εὐχῶν
667 1906 758 1959 καὶ
788 1907 1088 1978 γράμματα
1120 1911 1251 1980 ἡμῖν
1286 1913 1547 1983 παρέχειν
1581 1913 1650 1966 τά
1675 1915 1914 1984 συνεχῶς

331 1995 460 2066 περὶ
487 1997 586 2067 τῆς
607 1997 796 2065 ὑγείας
835 1999 989 2068 ὑμῶν
1013 2001 1476 2074 εὐαγγελιζόμενα
1505 2016 1553 2058 ⁸.
1594 2005 1655 2059 Εἰ
1687 2005 1795 2075 γὰρ
1822 2007 1916 2058 καὶ

332 2085 503 2139 πολλά
523 2087 590 2140 τά
612 2089 949 2159 πανταχόθεν
980 2092 1114 2161 ἡμῖν
1132 2097 1644 2166 περιεποιχισμένα
1667 2096 1735 2150 κύ
1744 2115 1911 2168 ματα,

332 2177 426 2231 καὶ
463 2179 666 2250 ἐρημία
691 2181 878 2244 τόπου,
911 2183 1004 2235 καὶ
1027 2183 1334 2255 πολιορκία,
1364 2188 1458 2240 καὶ
1493 2187 1755 2260 ’ῐσαύρων
1786 2189 1915 2257 ἐφο-

331 2271 442 2334 δος,
470 2273 565 2324 καὶ
593 2272 960 2344 καθημερινὸς
990 2275 1218 2341 Θάνατος
1244 2278 1494 2352 (Θανάτῳ
1533 2281 1641 2352 γὰρ
1665 2282 1915 2353 συζῶμεν

331 2361 602 2432 διηνεκεῖ,
637 2365 888 2434 καθάπερ
926 2368 984 2420 ἐν
1011 2369 1374 2442 δεσμωτηρίῳ
1400 2412 1414 2436 ,
1463 2373 1522 2425 ἐν
1570 2372 1642 2443 τῷ
1673 2375 1915 2445 φρουρίῳ

331 2453 508 2525 τούτῳ
543 2457 1050 2528 συγκεκλεισμένοι.
1099 2462 1194 2514 καὶ
1231 2462 1484 2533 σώματος
1522 2463 1778 2538 ἀσθενείᾳ
1811 2483 1917 2520 πα-

333 2543 576 2611 λαίοντες
601 2548 858 2621 χαλεπῇ),
912 2550 1028 2604 ἀλλ’
1052 2553 1202 2623 ὅμως
1235 2557 1284 2607 εἰ
1318 2556 1411 2609 καὶ
1440 2556 1633 2610 πολλαὶ¹
1671 2559 1726 2611 αἱ
1759 2576 1914 2629 περιρ

337 2636 575 2702 στάσεις,
608 2641 668 2692 οὑ
707 2639 908 2712 μικρὰν
940 2645 1020 2706 είς
1055 2645 1411 2716 παραμυθίαν
1439 2647 1545 2700 τῶν
1577 2649 1762 2702 κακῶν
1792 2649 1916 2703 τού-

333 2743 441 2779 των
467 2728 565 2799 τὴν
591 2730 860 2801 ὑμετέραν
890 2731 1086 2804 ἔχομεν
1119 2736 1358 2808 ἀγάπην.
1394 2739 1456 2792 Εἰ
1484 2739 1594 2812 γὰρ
1625 2742 1719 2795 καὶ
1763 2741 1918 2809 ὀλίγα

334 2817 464 2889 ὑμῖν
492 2823 909 2894 συνεγενόμεθα,
942 2826 1077 2880 ἀλλά
1116 2829 1316 2900 πολλὴν
1365 2833 1561 2903 πεῖραν
1613 2833 1767 2903 ὑμῶν
1819 2835 1919 2906 τῆς

330 2907 624 2976 διαθέσεως
678 2915 1001 2987 εἰλήφαμεν,
1053 2919 1154 2988 τῆς
1185 2921 1416 2992 γνησίας
1447 2924 1542 2977 καὶ
1583 2923 1791 2997 θερμῆς
1824 2929 1919 2981 καὶ

337 2998 552 3068 μέλιτος
574 3001 936 3076 γλυκυτέρας,
961 3007 1061 3076 τῆς
1078 3008 1499 3081 ἀπεριτρέπτου,
1519 3012 1616 3082 τῆς
1641 3015 1918 3086 σταθηρᾶς

334 3090 431 3142 καὶ
457 3093 789 3163 πεπηγυίας.
818 3096 885 3166 ἢν
907 3097 1002 3152 καὶ
1026 3099 1294 3167 παρόντες
1332 3103 1427 3156 καὶ
1453 3104 1684 3169 ἀπόντες
1718 3108 1918 3160 ἐπιδεί-

336 3181 552 3236 κνυσθε.
591 3184 688 3238 Διά
718 3185 888 3239 ταῦτα
909 3189 1085 3242 καίτοι
1118 3189 1212 3244 καὶ
1234 3190 1516 3263 πόρρωθεν
1553 3195 1706 3264 ὑμῶν
1743 3195 1916 3261 ὄντες,

335 3273 430 3327 καὶ
461 3274 736 3340 τοσούτοις
771 3279 1117 3350 συνεχόμενοι
1168 3280 1385 3346 δεινοῖς,
1435 3283 1622 3357 ὥσπερ
1654 3289 1711 3340 ἐν
1739 3287 1918 3359 λιμένι

333 3367 440 3420 τινὶ
470 3366 500 3407 δ
534 3369 603 3440 τῇ
636 3370 824 3444 μνήμῃ
861 3374 960 3442 τῆς
1013 3372 1287 3446 ὑμετέρας
1330 3375 1529 3447 ἀρετῆς
1573 3373 1918 3433 ἐπαναπαυό-

338 3457 499 3527 μεθα,
523 3457 796 3533 θησαυρὸν
824 3462 1079 3533 μέγιστον
1108 3464 1205 3536 τὴν
1227 3466 1499 3539 ὑμετέραν
1524 3469 1748 3542 ἀγάπην
1777 3467 1917 3525 εἶναι

335 3549 669 3620 νομίζοντες.
717 3552 828 3622 Τῆς
869 3554 967 3623 μὲν
991 3551 1082 3608 οὖν
1112 3554 1357 3628 χαλεπῆς
1401 3560 1712 3631 ἀρρωστίας
1744 3562 1920 3632 ἀπηλ-

334 3639 605 3711 λάγημεν,
635 3641 730 3695 τοῦ
755 3644 1021 3714 χειμῶνος
1046 3646 1428 3718 παρελθόντος,
1470 3651 1562 3704 καὶ
1595 3653 1919 3719 ἐπιστάντος

334 3733 432 3787 τοῦ
456 3729 612 3804 ἦρος,
635 3733 714 3787 ἐτι
738 3735 794 3788 δὲ
817 3736 888 3788 τά
909 3735 1132 3807 λείψανα
1162 3741 1330 3811 αὐτῆς
1354 3742 1744 3814 περιφέρομεν,
1777 3745 1921 3818 άπερ

336 3825 607 3894 ἐπιτρίϐει
634 3825 742 3880 τῶν
785 3828 1106 3900 ἰσαυρικῶν
1127 3829 1426 3906 θορύϐωνὴ
1459 3837 1728 3907 συνέχεια.
1754 3837 1921 3894 Ταῦτ’

334 3912 432 3971 οὖν
461 3917 680 3982 εἰδότες.
720 3921 813 3972 καὶ
843 3921 1125 3993 πόρρωθεν
1157 3922 1309 3989 ὄντες
1343 3928 1652 3998 μεμνῆσθαί
1674 3947 1733 3984 τε
1762 3931 1921 4002 ἡμῶν

335 4009 604 4081 διηνεκῶς
630 4011 704 4082 μὴ
733 4017 1067 4080 κατοκνεῖτε,
1093 4015 1187 4069 καὶ
1219 4016 1453 4087 γράφειν
1497 4019 1631 4090 ἡμῖν
1659 4023 1919 4093 συνεχῶς,

341 4103 503 4171 ἡνίκα
554 4101 620 4158 ἃν
673 4104 790 4175 ἐξῇ,
826 4103 895 4159 τά
928 4105 1054 4179 περὶ
1109 4107 1210 4178 τῆς
1267 4109 1478 4178 ὑγιείας
1521 4111 1621 4183 τῆς
1651 4114 1923 4186 ὑμετέρας

337 4195 836 4267 εὐαγγελιζόμενοι.

895 4293 1022 4345 οΑσ.
1063 4291 1310 4362 Μάλχῳ.

406 4379 565 4450 Μήτε
604 4379 825 4452 ἀθύμει,
864 4385 1001 4454 μήτε
1028 4384 1325 4456 ἁμαρτίαις
1355 4387 1570 4457 λογίζου
1599 4390 1696 4462 τὴν
1735 4391 1921 4446 καλλί-

342 4485 475 4542 στην
497 4472 806 4545 ἀποδημίαν
827 4474 923 4544 τῆς
950 4477 1227 4547 μακαρίας
1256 4479 1523 4552 θυγατρός
1549 4499 1664 4537 σου.
1699 4484 1793 4547 Εἰς
1814 4485 1923 4555 γὰρ

339 4564 651 4636 ἀκύμαντον
673 4568 1008 4624 κατέπλευσε
1038 4582 1060 4611 ο
1090 4571 1307 4642 λιμένα,
1341 4574 1590 4644 καὶπρὸς
1624 4575 1768 4646 ζωὴν
1791 4573 1921 4649 ἦλθε

343 4658 541 4728 μηκέτι
572 4661 750 4733 πέρας
781 4661 1027 4733 ἔχουσαν,
1075 4667 1172 4718 καὶ
1211 4665 1317 4720 τῶν
1365 4665 1508 4720 κατά
1548 4666 1639 4719 τὸν
1681 4669 1923 4738 παρόντα

343 4747 458 4817 βίον
491 4751 749 4820 κυμάτων
771 4753 1170 4824 ἀπαλλαγεῖσα,
1196 4756 1429 4828 ἐστηκεν
1460 4759 1553 4811 ἐπὶ
1572 4759 1672 4830 τῆς
1697 4761 1921 4832 πέτρας,

341 4839 444 4895 δσα
467 4843 773 4914 συνήγαγεν
799 4845 996 4914 ἀγαθὰ,
1016 4845 1205 4919 ῶσπερ
1228 4851 1285 4902 ἐν
1314 4849 1497 4921 ἀσύλῳ
1516 4849 1701 4904 λοιπὸν
1725 4850 1924 4922 ἐχουσα

343 4932 622 5006 θησαυρῷ.
659 4937 769 4989 Καὶ
797 4937 876 4990 δεῖ
908 4939 1116 5010 χαίρειν
1139 4941 1279 5012 ὑπὲρ
1308 4943 1532 5006 τούτων,
1556 4945 1648 4996 καὶ
1673 4947 1920 5017 σκιρτᾷν,

343 5025 438 5078 καὶ
471 5027 882 5098 εὐφραίνεσθαι,
914 5031 996 5084 ὅτι
1041 5032 1142 5104 τὴν
1189 5035 1406 5106 ἐκείνης
1432 5036 1630 5107 ψυχὴν,
1676 5037 1924 5109 καθάπερ

341 5119 590 5189 γεωργὸς
618 5121 837 5192 ἀριστος
880 5124 1091 5194 καρπον
1123 5125 1351 5198 ῶριμον,
1386 5127 1465 5194 τῷ
1510 5129 1674 5199 κοινῷ
1706 5131 1924 5184 πάντων

344 5209 695 5280 παρέστησας
725 5215 988 5288 Δεσπότῃ.
1016 5218 1200 5271 Ταῦτα
1236 5220 1328 5273 καὶ
1344 5220 1412 5273 τά
1439 5223 1502 5273 ἐκ
1531 5219 1638 5272 τῶν
1667 5222 1923 5276 τοιούτων

345 5302 622 5373 λογισμῶν
645 5307 910 5373 ἐπιτιθεὶς
940 5310 1204 5382 φάρμακα
1235 5313 1332 5365 καὶ
1367 5311 1570 5382 σαυτῷ,
1598 5314 1695 5366 καὶ
1724 5317 1791 5385 τῇ
1835 5333 1924 5369 κυ·

347 5394 440 5466 ρίᾳ
482 5411 582 5465 μου
623 5400 690 5468 τῇ
738 5404 1091 5476 κοσμιωτάτῃ
1129 5404 1296 5476 μητρὶ
1323 5404 1514 5472 αὑτῆς,
1545 5405 1803 5471 πλεόναζε
1834 5407 1923 5461 τὸν

345 5485 488 5558 ὑπὲρ
509 5486 714 5542 τούτων
745 5493 1107 5563 ἀποκείμενον
1143 5498 1271 5566 ὑμῖν
1305 5496 1495 5566 μ.σθὸν
1517 5513 1530 5526 ·
1559 5498 1646 5550 ἵνα
1667 5497 1741 5568 μὴ
1766 5500 1924 5568 μόνον

681 5604 946 5685 ἡμῖν
971 5609 1374 5685 εὑαγγελιζὸμινα.
1401 5611 1557 5662 Valic.
1583 5614 1717 5661 ὑμῶν
1737 5618 1863 5677 ἡμᾶς
1888 5656 1920 5668 ..

347 5659 680 5734 Ηριιςοὶειξο.
709 5659 823 5734 ἡμῖν
843 5659 1414 5734 περιεστοίχισίκὺματα.

325 5735 340 5762 ι
407 5722 438 5794 ξ
851 5722 1043 5794 λείμῶνί
1065 5722 1169 5782 τῖνι.

409 5783 680 5865 ξ-Ξοίξίξηι.
1207 5778 1511 5849 κατέπλευσε.
1541 5799 1762 5850 Priorem
1804 5808 1921 5865 pulo

339 5853 506 5892 veram
531 5860 645 5902 esse
667 5852 951 5905 lectionem.

1774 349 2152 411 EPISTOLzE.

3493 346 3598 402 M8

2011 471 2112 539 τῆς
2144 467 2435 538 καλλίστης
2466 468 2796 539 ἀνατροφῆς,
2826 465 2963 521 ἀλλά
2997 466 3091 519 καὶ
3123 463 3218 518 τοῦ
3266 462 3456 534 πράως
3504 463 3644 516 καὶ-Α

2011 560 2352 632 εὐχαρίστως
2383 561 2625 628 ἐνεγκεῖν
2647 555 2675 596 ἀ
2720 557 2820 629 τὴν
2853 555 3144 624 καλλίστην
3181 553 3385 623 ταύτην
3428 552 3601 625 αὐτῆς

2013 650 2344 722 ἀποδημίαν,
2382 649 2584 720 πολλὴν
2619 649 2771 720 παρά
2798 645 2892 701 τοῦ
2924 644 3310 718 φιλανθρώπου
3333 644 3468 698 Θεοῦ
3495 644 3601 699 λά·-

2013 744 2146 816 6ητε
2172 745 2271 814 τὴν
2296 743 2583 797 ἀντίδοσιν.

2597 837 2724 888 OB'.
2780 833 3010 900 Ἆλφίῳ.

2099 926 2292 997 Ἡμεῖς
2316 928 2364 980 εί
2389 928 2483 982 καὶ
2505 926 2694 998 πόρρω
2721 942 2816 979 σου
2840 924 3147 995 καθήμεθα,
3166 923 3280 978 ἀλλ’
3309 920 3601 985 ἀκούοντές

1951 1032 1956 1036 '
2018 1037 2113 1074 σου
2139 1017 2210 1073 τά
2235 1018 2659 1090 κατορθώματα,
2692 1018 2785 1071 καὶ
2814 1017 2912 1088 τὴν
2940 1016 3137 1088 πολλὴν
3172 1013 3598 1087 μεγαλοψυχίαν.

2017 1114 2082 1184 ἢν
2112 1114 2240 1183 περὶ
2267 1112 2393 1175 τοὺς
2425 1110 2708 1180 δεομένους
2737 1109 3128 1170 ἐπιδείκνυσαι,
3158 1105 3490 1178 σκιρτῶμεν,
3511 1105 3604 1158 εὑ-

2019 1206 2386 1280 φραινόμεθα,
2413 1205 2702 1275 χαίρομεν.
2737 1203 2850 1256 Καὶ
2877 1199 3209 1272 ἐϐουλόμεθα
3236 1199 3332 1269 μὲν
3359 1198 3451 1252 καὶ
3481 1197 3601 1250 κατ’

2015 1301 2138 1371 ὄψιν
2170 1302 2454 1369 συντυχεῖν
2489 1315 2584 1352 σου
2613 1299 2676 1368 τῇ
2703 1296 2997 1367 τιμιότητι,
3031 1294 3126 1348 καὶ
3147 1292 3346 1355 πολλὰς
3377 1289 3603 1360 παρόντι

2017 1391 2165 1466 [655]
2200 1391 2476 1463 παρόντας
2520 1388 2853 1461 ὁμολογῆσαί
2889 1405 2970 1441 σοι
3010 1382 3256 1458 χάριτας.
3301 1381 3520 1452 Ἐπειδὴ
3548 1381 3604 1434 δὲ

2013 1484 2173 1538 τοῦτο
2201 1485 2338 1547 τέως
2375 1482 2474 1535 οὑκ
2508 1479 2609 1545 ἔνι,
2646 1478 2736 1532 διὰ
2768 1477 2831 1530 τὸ
2865 1477 2935 1531 τά
2978 1474 3256 1545 Ἰσαυρικά
3293 1473 3390 1542 μὲν
3415 1472 3604 1523 ἐπιτα-

2015 1577 2173 1648 θῆναι
2207 1576 2392 1638 πλέον,
2428 1575 2524 1630 καὶ
2577 1577 2760 1628 πᾶσαν
2811 1569 3251 1640 ἀποτετειχίσθαι
3288 1568 3388 1638 τὴν
3447 1565 3564 1620 ὁδόν
3586 1579 3600 1593 ·

2014 1664 2074 1722 εὖ
2105 1668 2213 1740 γὰρ
2244 1664 2338 1721 οἷδ’
2366 1669 2450 1719 ὅτι
2478 1669 2526 1720 εί
2565 1665 2639 1736 μὴ
2661 1665 2820 1718 τοῦτο
2849 1658 2937 1733 ἦν,
2963 1663 3055 1716 καὶ
3082 1661 3244 1724 αὐτὸς
3272 1657 3601 1730 παρεγένου.

2014 1761 2110 1814 καὶ
2152 1759 2354 1831 πολλὴν
2402 1759 2644 1829 ἐποιήσω
2698 1755 2936 1826 σπουδὴν
2983 1755 3207 1824 δραμεῖν
3254 1751 3361 1814 ’έως
3412 1748 3603 1820 ἡμῶνο

2014 1851 2130 1904 ἀλλ’
2164 1849 2352 1921 ἐπειδὴ
2387 1849 2545 1902 τοῦτο
2593 1847 2732 1910 τέως
2757 1848 2817 1899 οὐ
2863 1844 3107 1904 δυνατὸν,
3153 1843 3248 1896 καὶ
3295 1841 3604 1912 γράφομεν,

2014 1944 2106 1997 καὶ
2139 1939 2620 2012 προσαγορεύομέν
2665 1955 2759 1990 σου
2792 1939 2892 2007 τὴν
2929 1936 3242 2006 τιμιότητα,
3280 1936 3372 1987 καὶ
3421 1949 3605 2004 παρα-

2013 2033 2286 2102 καλοῦμεν
2324 2031 2584 2101 συνεχῶς,
2616 2029 2781 2100 ἡνίκα
2815 2025 2880 2080 ἂν
2914 2027 3031 2099 ἐξῇ,
3073 2025 3409 2080 ἐπιστέλλειν
3447 2026 3603 2094 ἡμῖν,

2014 2125 2111 2177 καὶ
2141 2124 2210 2176 τὰ
2238 2123 2366 2192 περὶ
2400 2123 2500 2192 τῆς
2543 2123 2728 2190 ὑγείας
2765 2138 2880 2182 σου,
2909 2120 3004 2173 καὶ
3035 2118 3128 2171 τοῦ
3162 2117 3310 2170 οἴκου
3343 2133 3437 2170 σου
3468 2113 3605 2168 παν-

2012 2216 2106 2279 τὸς
2141 2218 2272 2285 ἡμῖν
2313 2212 2782 2282 εὐαγγελίζεσθαι.
2816 2212 2890 2264 οὐ
2921 2213 3029 2281 γὰρ
3060 2209 3160 2282 τὴν
3187 2207 3475 2278 τυχοῦσαν,
3510 2205 3605 2258 καὶ

2015 2302 2249 2356 ἐνταῦθα
2293 2303 2614 2372 καθήμενοι,
2649 2300 2756 2353 ἀπὸ
2812 2299 2919 2352 τῶν
2965 2298 3221 2350 τοιούτων
3262 2295 3605 2367 γραμμάτων

2014 2399 2111 2470 τῆς
2144 2398 2243 2469 σῆς
2270 2399 2582 2469 τιμιότητος
2610 2394 3017 2470 καρπωσόμεθα
3043 2393 3143 2446 τὴν
3173 2390 3543 2464 παράκλησιν.

2562 2495 2691 2545 ΟΓ’.
2748 2489 3069 2561 Ἀγαπητῷ.

2085 2585 2150 2638 Εἰ
2183 2585 2279 2638 καὶ
2319 2584 2487 2648 πολὺς
2525 2583 2728 2654 μεταξὺ
2763 2585 2974 2654 χρόνος,
3007 2581 3064 2648 ἐξ
3093 2576 3154 2635 οὗ
3186 2579 3283 2650 τῆς
3309 2574 3607 2648 θαυμασιό-

2015 2693 2179 2747 τητος
2216 2676 2599 2748 ἐχωρίσθημεν
2645 2678 2742 2746 τῆς
2778 2676 2899 2745 σῆς,
2928 2674 3017 2728 καὶ
3041 2675 3139 2744 τῆς
3182 2673 3303 2727 ὁδοῦ
3335 2671 3391 2725 δὲ
3434 2669 3607 2739 αὐτῆς

2017 2769 2152 2821 πολὺ
2187 2767 2247 2820 τὸ
2296 2769 2459 2839 μέσον
2497 2780 2519 2806 ο
2569 2769 2630 2820 τὸ
2682 2768 2919 2838 διεῖργον
2970 2768 3138 2837 ἡμᾶς,
3193 2765 3307 2818 ἀλλ’
3348 2763 3498 2834 ὅμως
3536 2763 3603 2832 τῇ

2015 2861 2206 2931 ἀγάπῃ
2232 2859 2445 2913 συνδεδέ
2455 2860 2597 2929 μεθά
2623 2877 2724 2920 σοι,
2744 2861 2838 2913 καὶ
2867 2859 3095 2930 πλησίον
3118 2877 3210 2913 σου
3230 2855 3603 2927 διατρίϐομεν,

2020 2953 2223 3024 μᾶλλον
2257 2953 2314 3006 δέ
2346 2954 2443 3005 καὶ
2485 2954 2541 3005 ἐν
2582 2953 2718 3022 αὐτῇ
2762 2969 2820 3004 σε
2857 2951 3055 3021 ἔχομεν
3107 2955 3172 3022 τῇ
3213 2950 3443 3022 διανοίᾳ,
3473 2966 3607 3002 παν-

2016 3046 2182 3118 ταχοῦ
2230 3045 2620 3118 περιφέροντες
2649 3046 2895 3115 ὅπουπερ
2943 3037 3206 3115 ἀνῶμεν.
3257 3042 3362 3096 Καὶ
3401 3043 3499 3114 τὴν
3550 3042 3609 3107 ἐξ

2016 3139 2192 3209 ἀρχῆς
2223 3156 2305 3192 σοι
2355 3138 2490 3208 πρὸς
2535 3139 2685 3207 ἡμᾶς
2713 3137 3089 3206 γεγενημένην
3116 3136 3321 3205 φιλίαν.
3352 3136 3450 3206 τὴν
3485 3133 3610 3206 03p-

2021 3234 2128 3302 μὴν
2159 3233 2255 3284 καὶ
2293 3229 2548 3300 γνησίαν,
2593 3229 2691 3299 τὴν
2736 3228 2974 3299 σφοδρὰν
3018 3230 3113 3281 καὶ
3155 3227 3348 3297 ἀκλινῆ
3385 3227 3611 3295 ἐγκολά-

2016 3323 2215 3392 ψαντες
2233 3321 2390 3393 ἡμῶν
2413 3320 2610 3391 ἔχομεν
2632 3319 2710 3390 τῷ
2734 3319 3020 3373 συνειδότι.
3043 3319 3154 3372 Καὶ
3172 3320 3326 3372 αὐτοὶ
3343 3318 3400 3371 δὲ
3425 3319 3610 3389 ἀκμά-

2018 3410 2216 3476 ζουσαν
2263 3411 2359 3482 τὴν
2396 3411 2527 3481 περὶ
2568 3409 2625 3461 σέ
2664 3409 2905 3464 διάθεσιν
2945 3408 3332 3480 διατηροῦμεν,
3373 3407 3611 3461 δέσποτα

2017 3504 2318 3574 τιμιώτατε
2353 3503 2448 3556 καὶ
2479 3502 2919 3574 θαυμασιωτατε,
2944 3501 3094 3554 οὐδὲν
3121 3501 3228 3554 ἀπὸ
3254 3500 3347 3553 τοῦ
3370 3500 3608 3572 πλήθους

2017 3599 2112 3651 τοῦ
2143 3597 2359 3668 χρόνου,
2400 3597 2518 3650 οὐδὲ
2551 3598 2659 3650 ἀπὸ
2688 3596 2781 3649 τοῦ
2822 3598 3031 3667 μήκους
3064 3595 3156 3649 τοῦ
3190 3595 3333 3649 κατά
3362 3594 3464 3666 τὴν
3491 3593 3610 3648 ὁδὸν

2020 3692 2270 3760 ἀφιέντες
2313 3689 2481 3761 αὐτὴν
2528 3689 2926 3760 ἀσθενεστέραν
2971 3688 3248 3758 γενέσθαι.
3299 3686 3611 3759 Παρακαλῶ

2019 3783 2216 3848 τοίνυν,
2247 3781 2412 3853 ἡνίκα
2435 3781 2501 3834 ἂν
2537 3781 2656 3852 ἐξῇ,
2698 3782 2792 3833 καί
2818 3781 3051 3852 γράφειν
3089 3781 3224 3850 ἡμῖν
3259 3779 3496 3848 συνεχῶς
3534 3778 3610 3850 μὴ

2021 3871 2272 3924 κατώκνει
2303 3871 2555 3942 περὶτῆς
2581 3870 2794 3940 ὑγιείας
2835 3871 2937 3940 τῆς
2970 3871 3090 3941 σῆς.
3123 3867 3294 3924 Οἶσθα
3328 3871 3436 3942 γὰρ
3462 3863 3612 3932 ὅπως

2020 3963 2191 4033 αὑτῆς
2238 3963 2600 4034 ἀντεχόμεθα,
2646 3963 2741 4017 καὶ
2786 3963 2982 4034 ἡλίκην
3029 3964 3164 4034 ἡμῖν
3213 3965 3378 4034 χαριῇ
3429 3964 3609 4043 χάριν,

2019 4055 2244 4109 τοιαῦτα
2279 4055 2415 4121 πρὸς
2443 4057 2590 4128 ἡμᾶς
2620 4056 3064 4126 διαπεμπόμενος
3094 4055 3422 4127 γράμματα.

2611 4153 2731 4203 ΟΔ’.
2763 4149 3038 4218 Ἠσυχίῳ.

2105 4239 2246 4309 Ἐγὼ
2283 4241 2387 4312 μέν
2431 4259 2490 4295 σε
2525 4243 2622 4295 καὶ
2663 4243 2791 4295 ἰδεῖν
2822 4243 3155 4314 ἐπεθύμουν,
3185 4242 3280 4298 καὶ
3309 4242 3410 4296 οὐκ
3446 4243 3511 4297 ἀν
3544 4259 3610 4313 με

2024 4331 2295 4385 ἐκώλυσεν
2344 4331 2467 4406 οὔτε
2505 4335 2532 4386 ό
2580 4334 2689 4386 τῶν
2741 4335 3003 4405 Ἰσαύρων
3051 4334 3235 4402 φόϐος,
3269 4333 3392 4386 οὔτε
3440 4335 3472 4403 ἡ
3515 4333 3608 4386 τοῦ

2025 4420 2277 4490 σώματος
2307 4422 2582 4486 ἀσθένεια,
2613 4424 2664 4476 εί
2687 4441 2749 4492 γε
2777 4426 2863 4476 ἐπ’
2887 4426 3010 4494 ἐμοὶ
3033 4425 3094 4477 τὸ
3122 4425 3410 4486 κινεῖσθαι,
3448 4425 3612 4478 ὃπου-

2024 4530 2130 4583 περ
2181 4513 2505 4586 ἐΰουλόμην,
2543 4517 2751 4569 ἐκειτοο
2799 4517 2858 4569 σέ
2907 4517 2986 4578 δὲ,
3041 4517 3222 4570 καίτοι
3265 4516 3453 4586 κύριον
3482 4517 3610 4570 ὅντα

2022 4604 2241 4666 τούτου,
2291 4606 2414 4660 οὑδὲ
2461 4605 2635 4671 οὕτως
2681 4608 2846 4672 ἐλκω,
2896 4609 3017 4662 οὐδὲ
3059 4609 3359 4679 ἀναστῆναι
3402 4607 3611 4661 οἴκοθεν

2024 4696 2350 4769 παρακαλῶ,
2381 4699 2475 4752 καὶ
2511 4701 2645 4772 πρὸς
2674 4703 2821 4771 ἡμᾶς
2850 4702 3080 4773 δραμεῖν
3113 4701 3158 4755 ι.
3199 4701 3358 4755 Ἀλλά
3392 4699 3610 4770 καὶτῆς

2023 4788 2171 4860 ῶρας
2199 4790 2292 4844 τοῦ
2315 4791 2469 4855 ἔτους
2501 4793 2663 4846 τοῦτο
2690 4795 3115 4866 ἐπιτρεπούσης,
3152 4796 3246 4848 καὶ
3271 4795 3372 4864 τῆς
3402 4793 3609 4864 ἀποδη-

2027 4882 2156 4952 μίας
2177 4883 2242 4936 δι’
2275 4883 2457 4952 ὀλίγου
2482 4901 2564 4937 σοι
2593 4888 2882 4957 γινομένης
2913 4888 2995 4957 (οὐ
3025 4887 3132 4958 γὰρ
3165 4888 3343 4958 πολλῷ
3373 4887 3609 4960 διειργό-

2028 4976 2167 5045 μεθα
2193 4976 2272 5046 τῷ
2322 4978 2516 5048 μέσῳ),
2562 4981 2710 5049 ὅμως
2755 4980 2978 5035 ἑλκύσαι
3020 4999 3079 5034 σε
3124 4981 3354 5035 ἐνταῦθα
3394 4984 3494 5035 οὑκ
3544 4983 3610 5035 ἂν

2025 5067 2268 5138 ἐλοίμην,
2312 5069 2401 5122 διὰ
2435 5071 2525 5122 τὸν
2555 5072 2662 5124 τῶν
2705 5073 2966 5144 Ἰσαύρων
2997 5074 3180 5142 φόϐον.
3214 5074 3529 5145 Παρακαλῶ
3551 5075 3608 5128 δὲ

2026 5161 2264 5231 συνεχῶς
2297 5163 2429 5232 ἡμῖν
2472 5164 2540 5217 τὰ
2588 5165 2711 5236 περὶ
2742 5167 2842 5236 τῆς
2893 5167 3101 5235 ὑγιείας
3141 5169 3474 5221 ἐπιστέλλειν
3509 5167 3607 5237 τῆς

2027 5251 2127 5322 σῆς
2147 5268 2159 5281 ⁸
2189 5254 2248 5305 οὑ
2274 5254 2383 5324 γάρ
2430 5255 2600 5326 δήπου
2634 5260 2728 5311 καὶ
2756 5259 2890 5328 πρὸς
2923 5259 3082 5314 τοῦτο
3113 5260 3345 5332 κώλυμα
3376 5260 3484 5312 τῶν
3514 5261 3608 5330 λη-

2027 5343 2168 5397 στῶν
2197 5345 2350 5398 ἔσται
2384 5364 2466 5400 σοι
2499 5353 2530 5418 ἡ
2582 5350 2922 5422 καταδρομὴ.
2955 5352 3107 5405 Δίδου
3139 5353 3203 5424 δὴ
3237 5352 3440 5424 ταύτην
3474 5355 3607 5423 ἡμῖν

2090 5495 2115 5534 (1
2141 5495 2337 5559 Coislin.
2363 5499 2650 5559 ὑπενεγκεῖν.
2665 5525 2676 5536 τ

2096 5558 2372 5624 ε-Ξίιεῃιεε.
2390 5558 2562 5607 omnes
2587 5583 2596 5608 ;
2624 5564 2672 5608 in
2699 5560 2827 5610 Edil.
2855 5564 2911 5611 τὸ
2942 5565 3088 5624 μέσον
3111 5564 3499 5613 desiderabatur.
3525 5560 3581 5611 In

2028 5618 2096 5690 [ra
2121 5618 2319 5690 (Eoislin.
2350 5623 2470 5690 ὅπου
2491 5638 2579 5690 περ
2619 5626 2675 5690 ἀν
2695 5624 2854 5690 ὦμεν-γ
2883 5618 3033 5690 οὕτως
3055 5628 3142 5684 τήν
3165 5627 3210 5683 ἐξ
3232 5627 3381 5690 ἀρχῆς
3413 5639 3491 5674 σοι
3512 5628 3609 5690 ’καὶ

2028 5682 2614 5752 ἀνωθεν-γενομένην-πρὸς
2634 5682 2759 5747 ἡμᾶς
2797 5688 2968 5749 φιλίαν.
2997 5684 3087 5737 Sic
3106 5682 3401 5752 etiam'ﬂ'ég.
3438 5687 3610 5752 eth;

2024 5744 2222 5866 gﬁqui
2265 5752 2430 5794 tamen
2470 5744 2576 5795 hic
2605 5744 2945 5811 lrdnspobuul,
2967 5751 3093 5800 οὕτω
3117 5754 3202 5809 τὴν
3230 5744 3405 5802 ἄνωθὶν
3441 5751 3524 5800 καὶ
3561 5750 3608 5806 ει

2083 5821 2113 5866 κ
2152 5823 2188 5860 ἶ·

2098 5867 2110 5903 ί
2147 5867 2351 5918 ίῖοἱδιὶη.
2378 5870 2662 5931 ἀναδραμεῖν
