4078 6440
558 312 667 373 σιν

556 427 657 497 τὴν
694 424 871 497 χάριν,
908 422 1098 497 ρᾳδίαν
1126 438 1186 476 τε
1226 421 1413 487 οὖσαν,
1455 421 1548 475 καὶ
1577 419 1815 482 εὔκολον,
1846 417 1942 471 καὶ
1982 417 2113 472 πολ-

556 516 653 589 λὴν
703 516 1041 586 παρέχουσαν
1081 516 1211 586 ἡμῖν
1237 513 1339 586 τὴν
1389 512 1745 585 εὐφροσύνην.
1785 505 1954 564 Οἶσθα
2008 508 2117 580 γὰρ

555 605 718 675 ἡλίκα
740 606 872 676 ἡμῖν
900 605 1087 676 χαριῇ,
1110 601 1319 674 ταύτην
1351 604 1478 675 περί
1503 602 1650 674 ἡμᾶς
1675 598 2118 671 ἐπιδεικνύμενος

550 695 652 767 τὴν
681 695 1009 767 φιλοτιμίαν.

1098 786 1219 839 OE'.
1272 784 1563 855 Ἁρματίῳ.

622 876 688 928 Τί
718 876 906 943 τοῦτο;
940 879 1059 932 Ἵνα
1093 878 1191 948 μὲν
1226 875 1363 948 μετά
1383 874 1565 939 ἀδείας
1593 874 1971 943 ἐπιτάττωμεν
2002 871 2114 933 τοῖς

554 967 637 1019 σοὶ
659 969 1027 1039 προσήκουσιν
1054 968 1380 1039 ἀνθρώποις,
1406 968 1463 1019 ἐν
1481 961 1562 1028 οἷς
1577 965 1642 1018 ἂν
1667 961 1935 1035 δεώμεθα,
1959 959 2112 1034 [654]

552 1056 750 1129 πολλὴν
778 1059 1049 1129 παρέσχες
1078 1060 1174 1129 τὴν
1221 1058 1496 1125 ἐξουσίαν’
1529 1050 1590 1112 οὗ
1622 1056 1677 1111 δέ
1711 1056 1943 1127 μάλιστα
1965 1055 2112 1108 ἐδεό-

556 1150 714 1220 μεθα,
763 1150 951 1204 τούτου
984 1152 1130 1220 ἡμᾶς
1169 1150 1569 1221 ἀπεστέρησας,
1611 1148 1720 1202 τῶν
1766 1147 2110 1220 γραμμάτων

552 1241 692 1310 λέγω
726 1240 833 1294 τῶν
858 1240 986 1305 σῶν,
1022 1240 1128 1295 τῶν
1166 1242 1291 1312 περί
1334 1242 1433 1311 τῆς
1464 1240 1673 1309 ὑγιείας
1699 1242 1797 1311 τῆς
1828 1239 1928 1310 σῆς
1978 1239 2110 1309 ἡμῖν

550 1332 1022 1401 ἀπαγγελλόντων.
1050 1333 1163 1386 Οὐκ
1191 1330 1346 1386 οῐσθα
1376 1334 1457 1386 ὅτι
1489 1335 1601 1395 τοῖς
1636 1331 1868 1402 μάλιστα
1898 1329 2109 1399 φιλοῦσι

550 1421 785 1490 γνησίως
800 1421 955 1475 τοῦτο
983 1422 1214 1492 μάλιστα
1237 1420 1702 1494 περισπούδαστον
1728 1421 1822 1475 καὶ
1838 1420 2105 1484 ποθεινὸν,

549 1514 797 1586 καθάπερ
830 1510 921 1569 οὖν
956 1515 1051 1567 καὶ
1086 1492 1216 1585 ἡμῖν
1254 1492 1386 1581 νῦν;
1434 1516 1499 1568 Εἰ
1532 1515 1711 1569 τοίνυν
1755 1512 1932 1583 βούλει
1978 1514 2108 1584 ἡμῖν

546 1604 892 1677 χαρίσασθαι,
926 1605 1162 1659 δέσποτά
1191 1622 1300 1682 μου,
1339 1604 1655 1675 τιμιώτατε,
1698 1606 1856 1674 ἀφεὶς
1902 1604 1964 1657 τὸ
2018 1620 2108 1657 κε-

547 1697 721 1751 λεύειν
753 1700 862 1761 τοίς
894 1701 1009 1762 σοῖς
1034 1696 1341 1769 ἀνθρώποις
1365 1696 1688 1767 θεραπεύειν
1716 1698 1863 1766 ἡμᾶς
1894 1697 1953 1749 ἐν
1985 1697 2106 1759 ταῖς

544 1789 754 1861 χρείαις
787 1793 907 1853 ταῖς
936 1791 1274 1860 σωματικαῖς
1297 1788 1541 1860 (οὐδενὸς
1578 1789 1686 1860 γὰρ
1723 1787 1953 1857 δεόμεθα
1980 1788 2105 1841 τού-

542 1899 671 1948 των,
699 1881 834 1936 ἀλλά
859 1882 1036 1935 πάντα
1064 1884 1096 1951 ἡ
1106 1884 1195 1952 μίν
1224 1882 1301 1946 ὼς
1328 1884 1392 1935 ἐκ
1423 1880 1616 1952 πηγῶν
1644 1882 1899 1954 ἐπιρρεῖ),
1942 1880 2105 1944 αὐτὸς

540 1974 628 2030 διὰ
656 1977 856 2048 χάρτου
889 1977 1085 2049 μικροῦ
1133 1978 1227 2031 καὶ
1276 1978 1501 2048 μέλανος
1531 1978 1629 2047 τὴν
1679 1977 1940 2048 μεγίστην
1971 1977 2102 2047 ἡμῖν

540 2066 747 2140 πάρεχε
774 2069 952 2140 χάριν,
977 2071 1072 2123 καί¹
1109 2065 1199 2142 ἦς.
1224 2069 1458 2139 μάλιστα
1490 2068 1786 2123 ἀπολαύειν
1814 2066 2103 2139 ἐπιθυμοῦ-

543 2174 663 2229 μεν.
690 2157 836 2229 Αὕτη
862 2159 919 2213 δέ
949 2162 1063 2213 ἐστι
1086 2140 1148 2213 τό
1174 2140 1410 2231 συνεχῶς
1439 2163 1568 2232 ἡμῖν
1587 2160 1819 2231 γράφειν
1848 2160 1974 2229 περὶ
2001 2157 2101 2227 τῆς

541 2248 749 2317 ὑγιείας
791 2250 894 2320 τῆς
942 2251 1059 2321 σῆς,
1100 2252 1194 2305 καὶ
1220 2251 1315 2305 τοῦ
1343 2252 1491 2305 οἴκου
1522 2267 1614 2305 σου
1653 2250 1870 2313 παντός.
1907 2248 1969 2302 Εἰ
2003 2249 2100 2320 μὲν

538 2340 647 2412 γάρ
670 2342 889 2397 δυνατὸν
925 2339 991 2416 ἦν
1020 2346 1114 2396 καὶ
1144 2342 1498 2413 συγγενέσθαι
1525 2344 1671 2414 ἡμᾶς
1699 2341 1963 2413 ἀλλήλοις,
1996 2339 2099 2393 κᾶν

539 2435 811 2506 ἀνέστησά
840 2452 899 2488 σε
919 2434 1148 2499 οἴκοθεν,
1176 2422 1278 2488 κᾶν
1307 2435 1364 2487 ἐν
1397 2433 1659 2504 μεγίστης
1680 2433 1856 2503 ᾔτησα
1879 2433 2099 2502 χάριτος

542 2527 718 2597 μέρει,
749 2527 811 2580 τὸ
834 2527 924 2579 τὸν
952 2526 1154 2597 θερμόν
1188 2543 1248 2579 σε
1274 2538 1301 2566 ι
1336 2524 1508 2588 οὕτως
1534 2524 1767 2595 ἐραστὴν
1790 2523 1948 2595 ἡμῶν
1970 2524 2099 2577 ὄντα

537 2619 632 2672 καὶ
674 2620 791 2672 κατ’
823 2618 943 2688 δψιν
987 2618 1112 2672 ἰδεῖν
1171 2618 1358 2691 αὐτήν.
1402 2616 1557 2671 Ἐπεὶ
1602 2617 1659 2670 δὲ
1714 2616 1869 2670 τοῦτο
1911 2619 1940 2667 ό
1990 2616 2098 2669 τῶν

546 2704 805 2777 Ἰσαύρων
835 2705 1074 2759 ἐκώλυσε
1106 2706 1291 2775 φόϐος,
1334 2704 1431 2776 τὴν
1461 2704 1588 2774 γοῦν
1612 2704 1720 2758 ἀπὸ
1766 2706 1872 2758 τῶν
1916 2722 2098 2775 γραμ-

537 2798 722 2868 μάτων
746 2801 876 2869 ἡμῖν
898 2798 1253 2871 παραμυθίαν
1278 2800 1483 2870 πάρεχε
1507 2796 1764 2867 δαψιλῶς,
1796 2796 1965 2850 καὶτὸ
1987 2798 2095 2851 πᾶν

530 2890 933 2961 ἀπειλήφαμεν.

1073 2982 1211 3049 οςο.
1244 2979 1551 3047 Χαλκιδίᾳ.

615 3071 754 3139 Ἐγὼ
789 3070 888 3142 μὲν
936 3070 1139 3141 σφόδρα
1190 3070 1444 3141 ἐπιθυμῶ
1501 3072 1597 3125 σὺν
1652 3071 1782 3141 ἡμῖν
1824 3065 1961 3124 εἶναι
2001 3069 2092 3123 τδν

530 3163 795 3233 δεσπότην
826 3180 925 3234 μου
962 3162 1053 3218 τὸν
1088 3161 1416 3234 τιμιώτατον
1450 3161 1820 3235 πρεσϐύτερον
1851 3162 1901 3217 1).
1932 3162 1994 3216 El
2033 3161 2091 3216 δὲ

530 3255 591 3307 τὺ
620 3256 1020 3325 παραγενέσθαι
1048 3254 1233 3309 αὐτόθι
1253 3253 1441 3308 τοῦτον
1462 3250 1618 3307 οίσθα
1633 3253 1927 3318 λυσιτελὲς,
1957 3269 2091 3325 προ-

530 3347 675 3418 τιμῶ
699 3348 797 3419 τῆς
822 3347 1054 3401 ἐνταῦθα
1078 3345 1241 3402 αὑτοῦ
1258 3346 1555 3417 παρουσίας
1573 3345 1671 3417 τὴν
1697 3346 1878 3400 άδειαν
1901 3346 2086 3412 αὐτοῦ,

530 3443 625 3495 καὶ
659 3443 720 3495 τὸ
756 3444 853 3515 τῆς
889 3442 1241 3512 ἐπικειμένης
1278 3443 1657 3515 ἀπαλλαγῆναι
1700 3444 1963 3513 ταραχῆς.
1998 3443 2087 3514 Μὴ

525 3532 706 3584 τοίνυν
731 3530 957 3603 νομίσῃς
988 3530 1149 3584 αὐτὸν
1188 3532 1490 3586 κωλύεσθαι
1523 3530 1653 3603 παρ’
1677 3530 1852 3601 ήμῶν,
1884 3535 1932 3585 εί
1961 3533 2085 3602 βού-

525 3622 665 3676 λοιτο
689 3622 1007 3694 ἀποδημεῖν.
1043 3623 1233 3693 Ἡμεῖς
1266 3622 1375 3694 γάρ
1406 3622 1509 3685 ἓως
1556 3620 1651 3675 τοῦ
1684 3623 1778 3677 νῦν
1805 3623 1892 3677 διὰ
1928 3624 2088 3677 τοῦτο

525 3715 686 3768 αὐτὸν
720 3715 1043 3785 ἐπέσχομεν,
1073 3713 1150 3777 ὡς
1178 3714 1239 3767 οὑ
1282 3713 1485 3784 σφόδρα
1512 3713 1614 3782 τῆς
1637 3714 1747 3767 τοῦ³
1765 3717 2085 3787 πράγματος

526 3805 738 3874 φύσεως
766 3804 1099 3874 ἀπαιτούσης
1130 3804 1295 3857 αὐτοῦ
1320 3803 1417 3874 τὴν
1444 3803 1764 3874 παρουσίαν,
1801 3806 1895 3858 καὶ
1920 3806 2085 3857 δεδοι-

525 3896 681 3957 κότες
721 3896 928 3965 μήποτε
954 3896 1033 3957 εἰς
1056 3894 1154 3957 τὰς
1180 3893 1288 3947 τῶν
1336 3892 1592 3965 Ἰσαύρων
1622 3892 1833 3965 ἐμπέσῃ
1875 3898 2080 3965 χεῖρας.

523 3988 587 4041 El
617 3987 673 4040 δὲ
703 3985 875 4050 οὕτως
899 3987 1193 4054 ἀναγκαῖον
1219 3985 1280 4037 τὸ
1309 3984 1497 4039 αὐτόθι
1538 3986 1962 4055 παραγενέσθαι,
1989 3987 2084 4040 καὶ

524 4077 941 4147 παρακαλοῦμεν
962 4078 1053 4130 καὶ
1072 4075 1491 4148 πρωρεπόμεθα
1513 4087 1535 4115 ο
1572 4077 1809 4145 ἅψασθαι
1830 4078 1931 4147 τῆς
1949 4079 2082 4131 ἀπο-

520 4172 737 4241 δημίας.
775 4171 894 4225 Κᾶν
922 4170 1029 4241 γάρ
1068 4168 1144 4240 τῷ
1192 4167 1406 4239 σώματι
1460 4169 1854 4239 κεχωρισμένοι
1906 4164 2076 4240 ὦμεν,

519 4263 655 4316 ἀλλά
698 4265 763 4333 τῇ
808 4263 906 4333 τῆς
951 4262 1168 4331 ἀγάπης
1212 4260 1399 4315 ἀλύσει
1447 4244 1680 4332 μένομεν
1733 4263 1867 4334 πρὸς
1916 4264 2077 4318 αὑτὸν

522 4354 910 4424 συνδεδεμένοι.
954 4352 1136 4422 Μηδέν
1163 4368 1223 4405 σε
1255 4350 1569 4422 θορυϐείτω,
1613 4352 1934 4421 παρακαλῶ,
1967 4355 2077 4407 τῶν

523 4424 939 4513 συμπιπτόντων
970 4440 1240 4511 χαλεπῶν.
1277 4442 1426 4511 Ὂσῳ
1452 4441 1561 4512 7&9
1590 4441 1805 4505 πλείους
1836 4445 1892 4497 αἰ
1925 4462 2077 4516 περι-

519 4535 757 4597 στάσεις,
811 4532 1046 4601 τοσούτῳ
1090 4548 1170 4585 σοι
1210 4532 1415 4602 μείζων
1468 4534 1499 4601 ἡ
1554 4532 1923 4602 πραγματεία,
1982 4535 2077 4587 καὶ

518 4627 716 4680 πλείων
746 4628 774 4679 ό
824 4623 1033 4695 μισθὸς,
1080 4624 1175 4677 καὶ
1202 4625 1235 4694 ὴ
1282 4623 1549 4688 ἀντίδοσις
1582 4624 1731 4695 παρὰ
1765 4623 1857 4677 τοῦ
1886 4626 2074 4693 φιλαν-

517 4717 732 4790 θρώπου
759 4716 914 4774 Θεοῦ.
947 4715 1013 4768 ἂν
1052 4714 1384 4786 εὐχαρίστως
1407 4714 1579 4786 φέρῃς
1606 4717 1698 4769 καὶ
1722 4716 1979 4784 γενναίως
2007 4717 2074 4771 τά

517 4807 879 4878 συμϐαίνοντα
906 4804 955 4856 ἀ.
986 4802 1140 4857 Οὑτω
1170 4804 1277 4872 γὰρ
1302 4804 1396 4858 καὶ
1419 4804 1591 4858 ταῦτα
1631 4805 2072 4873 εὐκαταγώνιστα

512 4900 683 4963 ἔσται,
714 4898 805 4951 καὶ
833 4899 941 4950 όέκ
966 4897 1066 4966 τῆς
1096 4894 1297 4949 τούτων
1336 4896 1611 4967 ὑπομονῆς
1650 4916 1731 4951 σοι
1758 4899 2071 4971 τικτόμενος

512 4988 717 5057 καρπὸς
740 4987 796 5038 ἐν
824 4987 931 5047 τοῖς
951 4985 1199 5055 οὐρανοῖς
1226 4982 1447 5055 δαψιλὴς
1471 4984 1641 5051 ἔσται,
1674 4987 1768 5039 καὶ
1796 4987 1927 5042 πολὺ
1956 4990 2072 5059 μεί-

512 5078 621 5143 ζων
643 5076 749 5129 τῶν
784 5074 1139 5145 παθημάτων.

573 5206 597 5234 ⁸
623 5198 1054 5280 ίέοὲξιὲηᾉοιξιρέεξτ
1080 5198 1160 5280 *3}
1202 5198 1361 5280 ἤιξὲγρε
1386 5201 2066 5280 M31939civim“

510 5265 657 5339 μέρει.
682 5262 877 5339 τῖὖγῖὸν
900 5262 1064 5339 ηξρθόν
1098 5275 1178 5335 (τε,
1218 5267 1369 5339 longe:
1383 5262 1910 5339 di‘veII-sotsensu.nM9'i
1936 5262 2060 5318 Editi

509 5320 588 5373 καί
624 5323 728 5371 κατ’
767 5323 872 5383 ὄψιν
914 5320 1027 5368 ἰδεῖν
1068 5321 1228 5378 αὐτήν.
1273 5320 1371 5370 Sed
1392 5323 1537 5381 αὐτήν
1557 5322 1695 5373 abest
1726 5339 1753 5373 a
1783 5327 1978 5376 Coislln.
2013 5336 2066 5379 et

508 5396 915 5444 supervacaneum
941 5387 1034 5430 est.

511 5446 713 5527 ...⁵33³3
730 5442 2064 5527 Ξὲξξιέἷηῗῖῗὶῗῖἕίἱσέξῗτὲρῗεὲτὲξίιέἳηὲιδθέἓῖίὲἒνρείι¹ἒ·

511 5510 577 5556 lio
602 5512 703 5554 tum
729 5504 854 5565 apud
875 5504 1285 5566 Chrysoswmum',
1310 5510 1414 5554 tum
1434 5504 1572 5558 alibi.
1592 5507 1667 5559 Ib.
1694 5504 1893 5561 Coislini
1910 5504 2063 5561 ἀὐτό-

508 5570 567 5627 θι,
587 5569 737 5630 τούτῳ
756 5568 904 5615 οἶσθα.
1093 5626 1102 5630 _
1312 5628 1339 5630 _

572 5626 882 5702 fDuQJnss.
932 5626 1266 5690 προτρέπομιν.
1310 5628 1465 5681 Paulo
1492 5634 1601 5694 post
1645 5630 1793 5684 ﬁdem
1836 5633 1936 5692 ταῖς
1980 5642 2062 5695 τῆς

505 5691 687 5753 ἀγάπης
705 5690 915 5736 ἁλύσεσι.

566 5749 596 5792 d
614 5750 808 5803 Colslin.
832 5751 890 5797 τὰ
922 5749 1257 5811 συμπίπτοντα.

1220 311 1282 368 S.
1316 307 1599 369 JOANNIS
1630 306 2119 366 CHRYSUSTOIII
2153 307 2473 367 ARCHIEP.
2512 309 3053 370 CUNSTANTINOP.

3675 312 3792 370 650

2711 429 2837 483 OZ'.
2889 426 3285 497 Ἀσυγκριτίᾳ.

2283 516 2393 571 Καὶ
2441 517 2752 591 ἔμπροσθεν
2799 518 3108 572 ἐπέσταλκα
3154 534 3249 570 σου
3280 519 3347 588 τῇ
3378 516 3671 587 τιμιότητι,
3697 520 3789 574 ὅτι

2212 599 2307 651 καί
2339 599 2399 652 σὲ
2442 602 2581 672 μετὰ
2614 600 2725 655 τῶν
2755 600 3209 674 παραγενομένων
3257 598 3596 671 ἀριθμοῦμεν
3637 600 3789 654 κατὰ

2215 680 2365 756 [6³5]
2395 684 2486 738 τὸν
2518 687 2617 758 τῆς
2642 686 2859 758 ἀγάπης
2903 686 3079 755 λόγον,
3111 686 3204 739 καὶ
3238 685 3333 736 νῦν
3368 686 3429 736 τὸ
3456 682 3586 736 αὐτὸ
3628 684 3789 752 λέγο-

2215 782 2335 835 μεν,
2363 767 2537 839 ὅτιτῇ
2574 768 2767 841 γνώμῃ
2811 770 3209 844 παραγέγονας.
3256 767 3319 820 El
3364 766 3422 819 δὲ
3454 768 3486 835 ἡ
3523 767 3788 821 ἀσθένεια.

2212 846 2305 900 τοῦ
2338 848 2587 919 σώματος
2602 852 2915 917 διεκώλυσε,
2940 852 3032 907 καί
3052 852 3102 905 οἰ
3130 850 3348 920 θόρυϐοι
3374 851 3424 902 οἰ
3447 850 3545 921 τὴν
3579 850 3786 921 Ἀρμε-

2210 931 2330 986 νίαν
2358 935 2769 1006 κατειληφότες,
2800 939 2960 1007 ἡμεῖς
2996 936 3104 989 ἀπὸ
3148 935 3246 1005 τῆς
3280 933 3507 1004 γνώμης
3544 933 3636 987 καὶ
3679 933 3784 1003 τῆς

2211 1017 2583 1087 προαιρέσεως
2611 1020 2711 1088 τὴν
2745 1021 2913 1090 αὐτὴν
2946 1018 3075 1091 περὶ
3100 1019 3201 1088 τῆς
3243 1016 3532 1079 διαθέσεώς
3557 1033 3651 1069 σου
3673 1016 3767 1087 ψῆ-

2212 1116 2311 1168 φον
2340 1100 2557 1173 ἔχομεν,
2592 1104 2767 1175 ἥνπερ
2792 1106 2889 1158 καὶ
2916 1092 3366 1175 ἐμπροσθενίΜὴ
3397 1101 3575 1153 τοίνυν
3603 1117 3779 1153 κατα-

2211 1182 2399 1253 φρόνει
2430 1186 2668 1255 συνεχῶς
2701 1189 2833 1259 ἡμῖν
2856 1185 3207 1248 ἐπιστέλλειν,
3250 1184 3344 1237 καί
3375 1182 3429 1239 εἴ
3448 1199 3528 1235 σοι
3556 1182 3779 1235 λέλυται

2205 1266 2275 1318 τὰ
2307 1266 2407 1337 τῆς
2435 1270 2768 1341 ἀρρωστίας,
2801 1271 3047 1341 καὶπερὶ
3087 1270 3183 1338 τῆς
3211 1268 3409 1336 ὑγείας⁸
3432 1284 3526 1320 σου
3555 1266 3775 1339 δηλοῦν.

2218 1348 2371 1404 Ἐπεὶ
2403 1354 2496 1406 καὶ
2522 1353 2615 1407 νῦν
2651 1356 2853 1426 σφόδρα
2887 1356 3227 1426 ὴλγήσαμεν,
3263 1350 3591 1414 ἀκούσαντές
3620 1368 3681 1403 σε
3712 1351 3776 1403 ἒν

2204 1431 2491 1508 ἀρρωστίᾳ
2511 1434 2669 1494 εἶναι.
2700 1439 2792 1493 ’Ῑν’
2814 1436 2907 1497 οὖν
2932 1442 3005 1509 μὴ
3033 1434 3384 1508 μεριμνῶμεν
3400 1441 3529 1505 περὶ
3556 1436 3773 1501 τούτου,

2200 1516 2291 1571 διὰ
2313 1520 2510 1591 τάχους
2539 1525 2669 1595 ἡμῖν
2695 1525 2952 1597 δήλωσον,
2989 1527 3038 1578 εἰ
3072 1524 3206 1593 πρὸς
3234 1519 3421 1588 ὑγείαν
3461 1536 3544 1572 σοι
3575 1520 3645 1573 τά
3673 1522 3775 1591 τῆς

2203 1602 2512 1673 ἀρρωστίας
2541 1608 2956 1679 μεταϐέϐληται.

2520 1719 2644 1775 OH'.
2697 1723 2972 1793 Ῥωμανῷ
3009 1724 3407 1793 πρεσϐυτέριε).

2272 1809 2347 1862 οὐ
2381 1808 2539 1882 μέχρι
2577 1813 2677 1882 τῆς
2712 1813 3005 1884 Ἀρμενίας
3053 1814 3210 1885 μόνον
3232 1826 3275 1875 θ,
3311 1814 3431 1869 οὐδέ
3477 1812 3578 1881 τῆς
3607 1811 3769 1862 Καπ-

2201 1889 2448 1946 παδόκων
2478 1892 2678 1965 χώρας,
2726 1895 2863 1949 ἀλλὰ
2897 1897 2992 1951 καὶ
3027 1897 3381 1971 πορρωτέρω,
3420 1895 3516 1965 τῆς
3544 1894 3770 1962 ἀγάπης

2202 1988 2294 2026 σου
2324 1975 2417 2027 καὶ
2447 1978 2548 2047 τῆς
2580 1977 2890 2045 διαθέσεως,
2919 1981 2987 2052 ῆν
3016 1982 3143 2051 περὶ
3169 1982 3317 2053 ἡμᾶς
3348 1977 3607 2041 ἐπεδείξω
3645 1976 3768 2047 διη-

2199 2057 2394 2123 νεκῶς.
2428 2060 2724 2130 σάλπιγγος
2750 2061 3164 2136 λαμπροτέραή
3199 2065 3353 2134 φήμη
3395 2061 3763 2132 παραγέγονε-

2197 2140 2398 2211 Διόπερ
2427 2143 2521 2219 καὶ
2545 2144 2707 2213 ἡμεῖς
2731 2145 2933 2217 σφόδρα
2963 2144 3416 2216 καλλωπιζόμεθα
3442 2144 3535 2196 ἐπὶ
3558 2146 3621 2213 τῇ
3647 2142 3769 2194 δια-

2198 2220 2341 2275 θέσει
2386 2225 2486 2294 τῆς
2529 2226 2815 2291 εὐλαϐείας
2856 2246 2970 2296 σου,
3008 2230 3099 2284 καὶ
3146 2228 3539 2301 μακαρίζοντές
3591 2243 3650 2279 σε
3701 2226 3765 2278 οὐ

2194 2304 2643 2380 διαλιμπάνομεν,
2669 2311 2763 2364 καί
2790 2328 2883 2365 σου
2899 2313 3131 2384 δεόμεθα
3159 2311 3395 2381 συνεχῶς
3428 2308 3767 2363 ἐπιστέλλειν

2193 2391 2326 2460 ἡμῖν
2356 2392 2483 2463 περὶ
2512 2394 2612 2463 τῆς
2634 2395 2822 2463 ὑγείας
2853 2396 2956 2466 τῆς
2988 2397 3106 2468 σῆς.
3134 2397 3198 2450 Εί
3228 2395 3336 2464 γὰρ
3366 2396 3458 2449 καί
3480 2395 3539 2447 ἐν
3555 2392 3767 2463 ἐρημίᾳ

2195 2473 2502 2545 καθήμεθα,
2533 2478 2629 2531 καὶ
2659 2479 2845 2551 πόρρω
2875 2481 3027 2551 ὑμῶν
3058 2478 3443 2549 ἀπῳκίσμεθα,
3468 2477 3583 2532 ἀλλ’
3610 2477 3765 2545 ὅμως

2193 2557 2258 2626 τῇ
2288 2557 2385 2627 τῆς
2415 2558 2633 2629 ἀγάπης
2659 2560 2844 2615 ἁλύσει
2867 2561 3224 2633 συνδεδέμεθά
3252 2578 3355 2623 σοι,
3384 2562 3449 2631 ἢν
3480 2559 3540 2624 ἐξ
3582 2559 3763 2629 ἀρχῆς

2191 2636 2429 2692 διάθεσιν
2456 2642 2583 2711 περὶ
2612 2643 2713 2713 τὴν
2741 2645 2839 2714 σὴν
2866 2645 3155 2715 τιμιότητα
3187 2642 3597 2713 ἐπεδειξάμεθα,
3628 2640 3763 2693 ταὺ-

2190 2736 2311 2790 την,
2342 2722 2541 2791 μᾶλλον
2572 2724 2628 2777 δὲ
2670 2727 2764 2778 καὶ
2794 2726 2970 2797 πολλῷ
3014 2727 3234 2781 πλείονα
3281 2726 3374 2781 καὶ
3421 2724 3761 2796 θερμοτέραν

2191 2801 2286 2854 νῦν
2326 2804 2559 2874 ἔχοντες.
2611 2807 2776 2861 Οὐδὲν
2821 2809 2927 2880 7&9
2955 2809 3097 2879 ὑμᾶς
3144 2810 3267 2863 οὔτε
3302 2806 3395 2862 τοῦ
3452 2807 3643 2879 χρόνου
3697 2804 3763 2858 τὸ

2189 2884 2414 2955 πλῆθος,
2463 2888 2585 2942 οὕτε
2613 2892 2711 2960 τῆς
2758 2891 2877 2944 όδοῦ
2908 2893 2969 2945 τὸ
3005 2893 3183 2962 μῆκος
3221 2891 3627 2963 ῥᾳθυμοτέρως
3676 2891 3760 2951 εἰς

2187 2967 2344 3023 τοῦτο
2391 2972 2708 3042 πεποίηκεν,
2751 2974 2886 3027 ἀλλὰ
2930 2975 3025 3027 καὶ
3068 2974 3536 3045 σπουδαιοτέρους.
3590 2972 3758 3025 Ταῦτ’

2185 3047 2280 3105 οὖν
2307 3052 2483 3119 εἰδὼς,
2519 3055 2754 3111 δέσποτά
2790 3075 2889 3128 μου
2916 3056 3209 3128 τιμιὼτατε
3242 3056 3337 3111 καὶ
3368 3056 3758 3120 εὐλαϐέστατε,

2186 3138 2281 3190 καὶ
2309 3135 2664 3208 λογισάμενος
2693 3141 2885 3212 ἡλίκην
2915 3144 3046 3213 ἡμῖν
3074 3144 3237 3213 χαριῇ
3257 3142 3417 3212 χάριν
3442 3141 3759 3210 συνεχέστεο

2185 3236 2278 3291 ρον
2325 3222 2676 3288 ἐπιστέλλων,
2719 3225 2899 3297 γράφε
2957 3229 3089 3297 ἡμῖν
3139 3227 3208 3279 τὰ
3256 3226 3385 3295 περὶ
3432 3226 3531 3295 τῆς
3563 3224 3756 3292 ὑγείας

2184 3300 2284 3371 τῆς
2317 3304 2434 3374 σῆς,
2463 3305 2556 3358 καὶ
2592 3309 3013 3379 προηγουμένως
3040 3307 3300 3378 διηνεκῶς
3329 3310 3388 3360 ἐν
3413 3311 3533 3370 ταῖς
3568 3308 3757 3374 ἁγίαις

2188 3400 2281 3437 σου
2318 3390 2663 3458 μεμνημένος
2704 3392 2887 3461 εὐχαῖς
2911 3406 2922 3418 ·
2955 3392 3043 3446 ἴνα
3091 3391 3183 3445 καὶ
3229 3394 3292 3445 ἐκ
3327 3393 3581 3444 τοσούτου
3617 3390 3755 3444 καθ-

2183 3468 2373 3539 ήμενοι
2398 3471 2780 3544 διαστήματος,
2812 3474 3010 3547 πολλὴν
3043 3478 3137 3530 καὶ
3159 3474 3406 3529 ἐντεῦθεν
3439 3474 3752 3546 καρπωσῶ-

2184 3552 2324 3623 μεθα
2348 3554 2447 3625 τὴν
2486 3556 2821 3627 συμμαχίαν.

2736 3671 2838 3723 ΟΘ¹
2846 3710 2859 3723 .
2892 3669 3193 3739 Γεμέλλῳ.

2250 3756 2316 3809 Τί
2345 3756 2536 3823 τοῦτο;
2569 3759 2701 3812 Ὅτε
2740 3762 2773 3830 ἡ
2828 3761 3063 3832 τοσαύτη
3108 3765 3201 3815 καὶ
3248 3761 3549 3833 τηλικαύτη
3594 3762 3751 3825 πόλις

2182 3842 2373 3913 ἑορτὴν
2402 3841 2522 3909 ἄγει
2542 3841 2803 3915 λαμπρὰν
2828 3842 3004 3914 (τοῦτο
3024 3845 3132 3915 γὰρ
3152 3846 3251 3915 τὴν
3278 3848 3451 3917 ἀρχὴν
3472 3847 3620 3899 καλῶ
3649 3848 3750 3917 τὴν

2183 3924 2324 3995 σὴν),
2359 3924 2481 3976 τότε
2532 3927 2677 3995 ἡμᾶς
2717 3927 2773 3980 ἐν
2818 3928 3023 3981 πλείονι
3069 3928 3406 3998 κατέστησας
3452 3930 3744 4002 κατηφείᾳ,

2182 4007 2397 4076 μακρὰν
2426 4006 2567 4061 οὕτω
2601 4011 2829 4080 σιγήσας
2861 4013 3052 4083 σιγήνς
3098 4014 3205 4065 Καὶ
3238 4015 3286 4064 εἰ
3336 4014 3432 4082 μὲν
3467 4012 3625 4075 ἄλλος
3662 4030 3746 4076 τις

2177 4085 2245 4160 ἦν
2292 4090 2398 4144 τῶν
2430 4090 2640 4144 πολλῶν
2680 4095 2709 4145 ὁ
2747 4094 2905 4148 τοῦτο
2943 4096 3243 4157 πεπονθὼς.
3274 4096 3369 4149 καί¹
3414 4098 3512 4167 τὴν
3565 4096 3746 4151 αἰτίαν

2177 4175 2374 4247 ρᾳδίως
2410 4175 2476 4229 ἂν
2508 4170 2688 4247 εὗρον.
2724 4177 2820 4241 Τίς
2854 4179 2911 4231 δέ
2952 4181 3097 4234 ἐστιν
3145 4180 3319 4251 αῦτης
3370 4181 3636 4235 Εἰώθασιν
3691 4187 3743 4235 οἰ

2174 4258 2360 4311 πολλοί
2409 4260 2517 4312 τῶν
2568 4259 2892 4332 ἀνθρώπων,
2938 4263 3102 4333 ἡνίκα
3146 4263 3211 4317 ἂν
3270 4264 3512 4334 μείζονος
3566 4267 3744 4337 ἀρχῆς

2173 4340 2559 4407 ἐπιλάϐωνται,
2594 4346 2689 4397 καὶ
2723 4347 2781 4397 ἐν
2805 4346 2954 4416 ὖγκῳ
2979 4346 3325 4418 φρονήματος
3349 4348 3592 4417 γίνεσθαι
3621 4350 3743 4419 μεί-

2173 4422 2321 4487 ζονι·
2375 4426 2465 4479 ἐπὶ
2502 4426 2561 4478 δέ
2612 4429 2714 4494 τῆς
2751 4429 2852 4498 σῆς
2904 4430 3378 4501 μεγαλοπρεπείας
3429 4432 3759 4501 φιλοσοφεῖν

2173 4510 2394 4575 εἰδυίας,
2446 4511 2540 4564 καὶ
2571 4511 2817 4582 ἀκριϐῶς
2864 4512 3262 4585 διεσκεμμένης
3312 4515 3421 4569 τῶν
3460 4519 3743 4589 ἐπικήρων

2173 4592 2377 4647 τούτων
2410 4596 2505 4648 καί
2536 4596 2765 4665 ρεόντων
2793 4597 3133 4667 πραγμάτων
3172 4600 3267 4668 τὴν
3298 4601 3480 4668 φύσιν,
3516 4602 3610 4654 καὶ
3639 4603 3742 4655 οὐκ

2172 4678 2540 4748 ἀπατωμένης
2556 4682 2670 4743 τοῖς
2683 4681 2867 4750 ἐπιτρί
2875 4698 2911 4750 μ
2918 4698 3050 4751 μασι
3073 4684 3163 4735 καί
3176 4687 3292 4745 ταῖς
3316 4686 3661 4756 ὑπογραφαῖς
3690 4685 3709 4723 τ
3721 4728 3736 4751 ,

2172 4761 2304 4814 ἀλλὰ
2331 4762 2514 4831 γυμνὰ
2541 4762 2648 4815 τῶν
2680 4762 2983 4831 προσώπων
3012 4766 3079 4820 τὰ
3104 4768 3405 4837 πράγματα
3455 4786 3738 4839 καταμαν-

2171 4845 2460 4917 θανοὺσηςξ
2502 4846 2599 4917 τὴν
2636 4847 2815 4901 αἰτίαν
2838 4850 2896 4901 οὐ
2924 4849 3159 4921 δύναμαι
3203 4853 3302 4922 τῆς
3339 4854 3497 4924 σιγῆς
3528 4856 3733 4926 εὑρεῖν.

2181 4929 2320 4982 Ἀλλ’
2348 4930 2428 4983 ὅτι
2470 4930 2568 4999 μὲν
2596 4932 2742 5001 ἡμᾶς
2766 4932 2965 5001 ὁμοίως
2998 4936 3127 5005 ἐρᾷς
3169 4937 3260 4988 καὶ
3293 4938 3387 4989 νῦν
3414 4937 3602 5008 ῶσπερ
3641 4939 3736 4991 καὶ

2167 5015 2494 5087 ἔμπροσθεν,
2522 5015 2669 5087 [656]
2707 5019 2905 5087 μᾶλλον
2932 5020 2989 5072 δὲ
3025 5022 3285 5090 μειζόνως
3315 5022 3410 5075 νῦν
3448 5024 3481 5092 ἢ
3522 5023 3731 5095 ἔμπρο·

2168 5100 2313 5163 σθεν,
2344 5095 2460 5152 οἷδα
2492 5102 2695 5169 σαφῶς.
2725 5103 2880 5167 Τίνος
2906 5104 2962 5157 δὲ
2997 5106 3179 5158 ἕνεκεν
3207 5105 3350 5159 οὓτω
3390 5108 3730 5177 διακείμενος

2164 5182 2421 5237 τοσοῦτον
2458 5183 2717 5253 ἐσίγησας
2744 5187 2956 5258 χρόνον,
2989 5190 3161 5242 εἰπεῖν
3187 5191 3287 5243 οὐκ
3315 5190 3441 5259 ἔχω,
3475 5192 3609 5245 ἀλλά
3638 5196 3732 5246 καὶ

2163 5266 2230 5319 δι’
2282 5265 2412 5318 αὐτὸ
2461 5266 2559 5335 μὲν
2594 5264 2685 5321 οὖν
2724 5270 2880 5323 τοῦτο
2927 5271 3159 5341 μάλιστα
3189 5274 3399 5344 ἀπορῶ.
3454 5276 3630 5329 Λῦσον
3663 5276 3727 5347 δὴ

2165 5352 2295 5419 ἡμῖν
2330 5350 2392 5401 τὸ
2435 5349 2661 5419 αἴνιγμα
2702 5353 2768 5405 δι’
2816 5355 3121 5424 ἐπιστολῆς,
3167 5358 3215 5408 εἰ
3268 5356 3340 5426 μὴ
3383 5356 3540 5425 βαρὺ,
3592 5360 3726 5427 μηδέ

2163 5432 2417 5503 ἐπαχθές.
2445 5433 2554 5486 Καὶ
2572 5434 2675 5507 πρὸ
2701 5436 2797 5507 τῆς
2825 5438 3112 5508 ἐπιστολῆς
3138 5440 3350 5510 ἐκείνης
3374 5443 3498 5503 τοὺς
3522 5442 3729 5511 ταύτην

2227 5581 2250 5608 ο
2273 5568 2606 5639 Βυοᾼιηεεκῂοὐ
2639 5573 2771 5639 μέχρι
2794 5580 2876 5631 τῆς
2924 5573 3181 5639 ξΑρμενίων
3202 5580 3361 5639 μόνον.
3402 5576 3527 5626 Infra
3551 5590 3727 5629 omnes

2160 5630 2739 5699 ωεξ.-ξιρςίι“ἱ“σάλπιγγόξ
2752 5630 3070 5699 λαμπρότερον
3094 5641 3123 5695 ἡ
3151 5630 3297 5699 φήμη.

2225 5690 2245 5729 ι
2273 5694 2366 5740 Καὶ
2403 5692 2516 5761 τοιῖς⁴
2546 5690 2823 5758 ἐπιγραφαῖς
2852 5690 3051 5748 tibialia.
3091 5690 3225 5749 lbi'dL‘
3261 5690 3457 5752 Coislin.
3498 5705 3553 5748 et
3606 5698 3729 5761 Reg.

2162 5757 2254 5803 τῶν
2274 5754 2599 5818 προσωπείων.
