4078 6432
281 306 386 363 618

283 431 339 475 et
377 420 468 474 tibi
513 418 666 474 facile
705 433 766 472 ac
794 429 1020 487 pronum
1045 420 1128 468 cst
1153 422 1206 466 ct
1236 412 1504 481 ingentem
1543 408 1696 462 nobis
1727 408 1878 460 volu-

285 523 485 583 ptatem
511 511 685 565 affert.
715 509 824 564 Nec
848 508 990 563 enim
1022 517 1074 562 te
1106 505 1267 574 fugit,
1300 519 1460 574 quam
1491 512 1695 571 gratam
1725 501 1880 553 nobis

283 619 398 659 rem
426 603 660 658 facturus
679 601 773 667 sis,
807 601 906 654 hac
932 598 1256 668 benignitate
1284 611 1346 649 ac
1367 595 1729 649 muniﬁcentia
1752 607 1878 664 erga

281 710 384 750 1108
414 705 586 749 1118118.

499 825 648 883 LXX
665 825 724 880 V.
762 825 1050 879 Ilarmatio.
1088 821 1319 890 (Cucuso
1361 837 1500 877 anno
1531 819 1682 889 404.)

359 965 498 1034 Quid
547 963 648 1017 hoc
676 976 796 1017 esse
820 960 992 1014 dicam
1017 1000 1030 1022 ,
1059 957 1200 1028 quod
1228 966 1286 1010 ut
1319 955 1622 1010 hominibus
1654 953 1758 1008 tuis
1778 995 1792 1020 ,
1829 954 1879 1006 in

281 1057 348 1111 iis
379 1055 558 1119 rebus,
593 1054 646 1108 in
689 1052 880 1122 quibus
919 1065 1108 1104 eorum
1141 1062 1302 1116 Opera
1337 1047 1491 1099 nobis
1521 1061 1656 1115 opus
1698 1045 1878 1105 fuerit,

278 1149 540 1204 arbitratu
591 1154 775 1199 nostro
816 1143 1179 1210 imperemus,
1235 1139 1390 1192 nobis
1431 1135 1745 1192 concessisti
1781 1153 1794 1186 :
1830 1137 1880 1188 id

280 1252 463 1296 autem
494 1237 637 1309 quod
667 1250 989 1306 magnopere
1008 1232 1412 1301 expctcbamus,
1437 1230 1593 1285 nobis
1614 1228 1880 1299 eripuisti,

279 1333 388 1387 hoc
425 1340 528 1397 est,
564 1331 746 1384 literas
774 1337 913 1391 tuas,
937 1341 1056 1396 quae
1085 1339 1182 1379 nos
1208 1323 1278 1379 de
1311 1333 1396 1376 tua
1433 1321 1738 1378 valetudine
1758 1337 1881 1375 ccr-

281 1426 448 1479 tiores
491 1420 764 1476 facerent?
805 1421 887 1474 An
933 1418 1109 1473 nescis
1155 1417 1256 1471 hoc
1301 1417 1386 1482 iis,
1444 1416 1532 1485 qui
1577 1414 1880 1468 sincerissi-

279 1531 370 1570 me
404 1524 624 1578 amant,
673 1526 899 1566 summa:
951 1525 1096 1564 cura:
1141 1520 1302 1579 atque
1342 1508 1622 1578 cupiditati
1652 1521 1795 1571 esse,
1827 1517 1883 1558 ut

281 1623 426 1662 mtnc
453 1621 670 1678 quoque
699 1604 853 1660 nobis
878 1603 1012 1659 est?
1049 1602 1410 1670 Quamobrem
1448 1601 1494 1654 si
1531 1600 1684 1654 nobis
1716 1598 1884 1669 grati-

281 1700 429 1756 ﬁcari
461 1709 544 1755 est
568 1700 800 1763 animus,
826 1695 1274 1752 reverendissime
1309 1694 1380 1748 mi
1403 1692 1640 1752 domine.
1673 1691 1881 1752 desine.

279 1807 488 1863 qumso,
517 1792 622 1846 tuis
643 1790 950 1845 hominibus
990 1790 1258 1859 imperare
1285 1828 1298 1852 ,
1335 1795 1394 1840 ut
1435 1784 1589 1838 nobis
1618 1785 1668 1836 in
1699 1785 1763 1836 iis
1793 1798 1881 1835 rc-

281 1886 403 1948 bus,
433 1885 624 1954 quibus
652 1898 848 1952 corpus
875 1891 1018 1951 eget,
1047 1879 1340 1935 inserviant
1372 1895 1385 1930 :
1421 1892 1595 1946 neque
1619 1875 1764 1930 enim
1797 1874 1882 1927 his

283 1977 447 2031 rebus
488 1976 596 2029 ullo
624 1975 785 2028 modo
827 1974 1161 2044 indigemus,
1195 1972 1390 2042 quippe
1427 1985 1552 2024 cum
1582 1969 1762 2023 omnia
1790 1984 1887 2021 no-

283 2069 365 2123 bis
391 2067 612 2138 perinde
641 2076 802 2136 atque
829 2082 859 2119 a
890 2065 1039 2120 feute
1058 2064 1280 2119 afﬂuant
1303 2079 1318 2128 ;
1345 2077 1533 2118 verum
1559 2062 1673 2133 ipse
1701 2062 1878 2116 maxi-

285 2175 431 2213 mum
475 2158 630 2213 nobis
679 2156 1024 2221 beneﬁcium,
1053 2154 1304 2226 quodque
1349 2153 1607 2222 consequi
1647 2166 1885 2206 summo-

285 2266 416 2321 pere
440 2250 721 2318 cupimus,
753 2264 852 2320 per
881 2247 1128 2317 exiguam
1161 2247 1403 2300 chartam
1435 2252 1490 2298 et
1525 2253 1883 2298 atramentum

275 2342 485 2412 prtebe.
513 2341 566 2396 ιιι
600 2354 760 2411 porro
788 2349 889 2406 est,
934 2349 992 2393 ut
1019 2338 1089 2394 (le
1131 2347 1217 2391 tua
1262 2336 1530 2404 totiusque
1559 2343 1664 2388 tua:
1693 2333 1885 2387 domus

286 2435 597 2490 valetudine
623 2448 721 2488 nos
750 2448 908 2503 quam
932 2430 1228 2500 saepissime
1253 2429 1512 2484 certiores
1542 2427 1722 2481 facias.
1753 2424 1884 2479 Nam

283 2527 331 2582 si
364 2526 477 2580 ﬁeri
509 2533 711 2594 posset,
747 2533 804 2577 ut
830 2538 928 2578 nos
959 2537 1173 2593 quoque
1205 2530 1388 2575 mutuo
1417 2533 1710 2588 congressu
1742 2516 1887 2571 frue-

284 2634 492 2684 remur,
523 2619 684 2672 etiam
717 2617 943 2686 teipsum
972 2631 1002 2670 c
1026 2615 1189 2670 domo
1212 2614 1553 2678 excitassem,
1585 2620 1745 2681 atque
1773 2624 1886 2663 am-

288 2711 515 2780 plissimi
549 2708 793 2763 beneﬁcii
825 2707 947 2761 loco
972 2706 1069 2762 abs
1099 2715 1152 2761 te
1188 2703 1520 2775 petivisscm,
1564 2711 1620 2755 ut
1651 2712 1702 2756 te
1739 2709 1887 2755 tanto

289 2802 461 2857 nostri
485 2815 668 2855 amore
699 2799 1012 2869 ﬂagrantem
1052 2797 1224 2853 oculis
1256 2811 1470 2867 quoque
1495 2810 1722 2850 cernere
1755 2795 1886 2847 mihi

288 2893 495 2948 liceret.
524 2892 784 2960 Quoniam
811 2899 995 2945 autem
1025 2889 1327 2944 Isaurorum
1374 2897 1548 2944 metus
1579 2887 1681 2943 hoc
1703 2885 1887 2957 prohi-

285 2986 403 3042 buit
425 3027 442 3052 ,
470 3001 588 3039 eam
625 2984 813 3040 saltem
842 2983 1270 3038 consolationem
1294 3024 1306 3046 ,
1341 2997 1499 3049 qnam
1547 2981 1713 3035 litera:
1759 2979 1888 3034 aﬂ‘e-

287 3087 436 3144 runt,
467 3079 684 3147 copiose
713 3075 865 3131 nobis
906 3075 1083 3144 prmbe
1122 3092 1131 3124 :
1180 3075 1337 3143 idque
1372 3073 1522 3127 nobis
1566 3073 1735 3128 instar
1763 3086 1885 3126 om-

287 3175 438 3228 nium
473 3180 594 3226 crtt.

485 3302 636 3358 LXX
652 3303 745 3356 VI.
776 3302 1074 3358 Chalcidiw.
1108 3302 1341 3374 (Cucuso
1383 3317 1522 3355 anno
1550 3301 1702 3369 404.)

361 3439 626 3510 Equidem
670 3438 945 3492 dominum
991 3453 1167 3492 meum
1197 3435 1707 3491 reverendissimum
1737 3451 1888 3504 prcs-

287 3535 536 3604 hyterum
569 3532 847 3586 nobiscum
880 3545 1001 3585 esse
1030 3529 1378 3585 vehementer
1423 3529 1601 3598 cupio.
1642 3529 1734 3586 Sin
1789 3547 1888 3582 au-

288 3639 396 3682 tem
443 3629 616 3696 ipsmn
663 3625 800 3679 istuc
847 3623 1109 3694 proﬁcisci
1137 3622 1480 3689 commodum
1509 3637 1628 3677 esse
1657 3636 1846 3677 censes
1871 3664 1886 3687 ,

286 3738 411 3776 cum
467 3719 694 3789 periculi
751 3725 894 3772 metu
940 3731 1164 3783 carere,
1198 3726 1357 3786 atque
1387 3727 1612 3786 urgente
1659 3718 1888 3772 tumultu

288 3814 708 3882 liberari,quam
761 3812 848 3865 hic
896 3825 1019 3865 esse
1066 3811 1227 3864 malo.
1257 3810 1621 3878 Quamobrem
1661 3827 1728 3865 ne
1760 3811 1888 3865 illud

285 3908 585 3970 existimes,
608 3905 780 3975 ipsum
809 3921 837 3958 a
868 3904 1022 3958 nobis
1045 3904 1339 3972 prohiberi,
1369 3903 1415 3957 si
1443 3904 1710 3973 proﬁcisci
1737 3905 1884 3960 velit.

286 3998 454 4054 Nobis
478 3998 620 4052 enim
655 4013 774 4050 eum
807 3996 983 4051 adlmc
1012 3996 1277 4051 retinendi
1310 4011 1470 4051 causa
1502 4012 1564 4051 ea
1598 3996 1714 4061 fuit,
1745 3998 1888 4068 quod

287 4087 488 4158 negotii
534 4097 724 4140 natura
766 4087 931 4155 ipsius
963 4086 1304 4155 prmscntiam
1334 4101 1437 4139 non
1485 4086 1771 4142 admodum
1805 4104 1890 4142 rc-

286 4183 530 4251 qnireret
558 4197 570 4234 :
605 4189 762 4248 atque
789 4180 914 4234 item
948 4193 1033 4246 ea,
1063 4179 1204 4248 quod
1237 4195 1304 4234 ne
1331 4180 1381 4233 in
1428 4178 1735 4234 Isaurorum
1777 4196 1888 4232 ma-

289 4287 392 4327 nus
445 4270 584 4326 forte
629 4271 871 4335 caderet,
922 4282 1304 4326 mctuercmus.
1335 4273 1488 4339 Quod
1520 4274 1564 4327 si
1596 4289 1716 4328 eum
1752 4275 1888 4329 istuc

290 4364 560 4434 proﬁcisci
593 4373 699 4418 tam
728 4365 884 4420 valde
910 4379 1131 4419 necesse
1159 4374 1262 4427 est,
1296 4380 1417 4418 eum
1443 4373 1498 4418 et
1527 4380 1806 4421 monemus
1835 4377 1889 4420 et

290 4456 590 4519 hortamur,
621 4464 678 4509 ut
723 4455 825 4509 iter
864 4456 1139 4525 suscipiat.
1170 4456 1426 4522 Quamvis
1471 4458 1613 4512 enim
1662 4473 1888 4527 corpore

287 4546 655 4616 sejungamur,
687 4554 864 4602 tamen
897 4547 1135 4602 caritatis
1182 4548 1412 4602 vinculis
1438 4564 1652 4618 semper
1672 4564 1794 4604 cum
1823 4564 1888 4604 eo

287 4636 530 4694 devineti
552 4653 757 4692 sumus.
787 4638 862 4693 Te
892 4649 1070 4694 autem
1111 4653 1209 4694 oro
1234 4682 1247 4704 ,
1279 4655 1346 4695 ne
1386 4641 1513 4710 quid
1543 4657 1728 4696 earum
1767 4657 1885 4695 rno-

291 4728 589 4796 lestiarum,
616 4745 738 4800 quae
764 4731 1037 4794 eveniunt,
1081 4731 1318 4785 animum
1347 4740 1495 4785 tuum
1525 4741 1883 4787 commoveat.

286 4817 420 4873 Nam
453 4836 562 4889 quo
591 4821 773 4889 plures
803 4837 892 4875 res
917 4821 1159 4876 adversae
1187 4830 1330 4890 sunt,
1363 4837 1432 4877 co
1472 4838 1687 4892 quoque
1715 4823 1888 4892 major

289 4913 383 4966 tibi
429 4923 667 4983 quastus
713 4924 876 4984 atque
924 4914 1140 4969 uberior
1181 4930 1390 4969 merces
1430 4931 1459 4968 a
1500 4916 1732 4986 benigno
1777 4915 1887 4970 Deo

285 5004 630 5072 rependetur,
657 5005 700 5057 si
733 5018 792 5057 ea
826 5019 946 5073 qua:
991 5005 1239 5059 accidunt
1263 5047 1278 5071 ,
1310 5014 1466 5074 grato
1514 5021 1578 5060 ac
1616 5021 1884 5077 generose

293 5096 468 5150 mimo
498 5094 658 5150 feras.
689 5094 800 5149 llac
829 5097 971 5151 enim
996 5099 1204 5153 ratione
1225 5106 1278 5152 et
1307 5102 1422 5152 haec
1453 5097 1660 5153 facinus
1684 5113 1877 5167 super-

285 5189 362 5242 ari
388 5197 657 5257 poterunt,
685 5199 736 5242 et
765 5191 965 5244 fructus
997 5192 1042 5252 is
1085 5192 1175 5262 qui
1202 5208 1265 5247 ex
1301 5192 1490 5247 horum
1530 5195 1881 5265 perpessione

283 5294 346 5332 ac
372 5279 653 5333 tolerantia
677 5280 769 5334 tibi
799 5282 848 5334 in
879 5283 1024 5336 cazlis
1056 5297 1416 5353 comparatur,
1444 5285 1672 5356 amplior
1711 5295 1764 5340 et
1789 5300 1882 5340 co-

287 5369 490 5439 piosior
510 5367 957 5439 erit,'tnultoque
1012 5377 1184 5443 major
1237 5391 1396 5446 quam
1455 5377 1788 5437 calamitates
1829 5386 1882 5432 et

284 5463 576 5529 cruciatus,
607 5477 746 5532 quos
791 5463 1021 5520 subiisti.

772 5595 919 5651 LXX
934 5596 1064 5652 VII.
1125 5600 1447 5669 Asyncritiw.

360 5731 533 5789 Etiam
559 5732 787 5786 antehac
813 5730 945 5786 illud
975 5731 1070 5787 tibi
1099 5747 1194 5801 per
1219 5733 1404 5793 literas
1432 5734 1875 5808 signiﬁcavimus,

626 5845 896 5910 Ριιτῐιοι..
946 5849 1059 5912 Gn.
1117 5851 1240 5914 LII.

1744 289 2126 347 EPISTOLAS.

3493 289 3601 345 650

1989 419 2090 459 nos
2121 411 2192 470 te,
2223 411 2480 474 quantum
2514 405 2578 458 ad
2622 402 2901 458 caritatem
2935 403 3160 467 attinet,
3193 405 3245 457 in
3277 418 3465 459 eorum
3506 408 3595 475 qui

1990 497 2056 550 ad
2089 511 2187 550 nos
2229 507 2490 551 venerunt
2521 511 2749 550 numero
2791 510 3057 565 reponere
3099 511 3113 547 :
3146 505 3202 550 et
3243 511 3386 550 nunc
3412 511 3598 551 rursus

1991 585 2130 639 istud
2163 586 2337 654 ipsum
2366 586 2619 648 dicimus.
2648 586 2900 640 nimirum
2924 596 2977 641 te
3016 586 3198 640 animo
3229 601 3294 641 ac
3315 587 3593 643 voluntate

1988 679 2222 734 venisse.
2252 679 2404 746 Quod
2452 680 2496 733 si
2526 682 2771 749 corporis
2825 679 3229 742 imbecillitate,
3259 694 3324 735 ac
3354 681 3599 737 tumulti-

1988 777 2088 827 bus
2135 772 2200 826 iis
2230 771 2320 841 qui
2352 773 2664 827 Armeniam
2704 772 3046 838 invaserunt,
3082 771 3350 842 prohibita
3373 785 3474 828 es:
3500 788 3600 828 nos

1991 875 2172 920 tamen
2204 881 2272 919 ex
2305 873 2394 918 tua
2426 865 2712 920 voluntate
2751 864 3027 935 animique
3055 865 3325 919 sententia
3361 863 3504 920 idem
3533 864 3602 919 de

1990 969 2078 1012 tua
2111 957 2484 1013 benevolentia
2511 957 2772 1026 judicium
2807 957 3088 1023 habemus,
3120 957 3264 1027 quod
3308 957 3457 1026 prius
3502 956 3597 1011 ba—

1991 1051 2224 1106 buimus.
2254 1051 2433 1118 Quare
2485 1066 2552 1107 ne
2590 1067 2751 1121 quam
2799 1051 3102 1120 smpissime
3137 1051 3204 1104 ad
3234 1065 3334 1105 nos
3364 1050 3602 1106 scribere

1991 1145 2252 1214 negligas,
2289 1159 2517 1214 nosque,
2551 1144 2878 1198 morbumne
2905 1143 3205 1212 depuleris,
3239 1153 3296 1200 ct
3325 1158 3428 1214 qua
3457 1143 3602 1198 vale-

1992 1238 2172 1292 tudine
2191 1238 2285 1303 sis,
2315 1237 2574 1291 certiores
2597 1235 2798 1291 facere.
2830 1234 3276 1305 Quandoquidem
3307 1249 3453 1290 nunc
3483 1250 3600 1289 nta-

1987 1343 2152 1398 guum
2191 1328 2371 1382 animo
2393 1327 2634 1382 dolorem
2662 1328 2989 1397 accepimus,
3015 1342 3135 1381 cum
3169 1335 3220 1381 te
3247 1342 3448 1396 aegram
3479 1340 3604 1380 esse

1993 1421 2376 1476 intelleximus.
2406 1421 2792 1487 Quamobrem,
2828 1436 2894 1475 ne
2935 1419 3002 1474 de
3032 1421 3132 1474 hac
3177 1434 3237 1474 re
3273 1419 3603 1484 laboremus,

1994 1503 2078 1567 [δ’ὁ
2100 1512 2262 1568 velim
2293 1529 2454 1583 quam
2487 1513 2754 1567 citissime
2800 1513 3038 1568 sciamus
3064 1528 3193 1566 num
3235 1526 3266 1566 e
3315 1512 3511 1568 morbo
3539 1512 3611 1587 ad

1991 1605 2272 1660 sanitatem
2300 1604 2553 1660 redieris.

1995 1741 2323 1796 LXXVIII.
2351 1741 2583 1798 Romana
2621 1743 2935 1814 presbytero.
2968 1740 2989 1814 (
3019 1741 3234 1797 Cucuso
3273 1755 3416 1797 anno
3450 1739 3605 1812 405.)

2065 1874 2178 1929 Non
2224 1873 2278 1928 in
2307 1875 2619 1930 Armeniam
2661 1873 2939 1929 dumtaxat
2967 1882 3022 1929 et
3056 1873 3479 1943 Cappadociam,
3509 1872 3606 1928 sed

1991 1966 2152 2020 etiam
2185 1964 2396 2035 longius
2426 1966 2666 2020 caritatis
2692 1975 2798 2019 tum
2827 1973 2988 2036 atque
3011 1965 3420 2032 benevolentize,
3445 1979 3606 2035 quam

1994 2071 2208 2127 semper
2232 2072 2359 2128 erga
2402 2072 2500 2112 nos
2546 2056 2843 2127 pratstitisti
2867 2097 2882 2121 ,
2915 2056 3104 2127 quavis
3130 2056 3257 2110 tuba
3291 2056 3612 2112 luculentior

1993 2149 2131 2203 fama
2151 2150 2408 2218 pervasit.
2430 2149 2798 2218 Quamobrem
2829 2164 2928 2203 nos
2947 2163 3162 2218 quoque
3187 2148 3257 2203 ob
3280 2156 3426 2203 tuam
3451 2148 3607 2203 istam

2001 2241 2438 2296 benevolentiam
2470 2255 2799 2312 magnopere
2827 2239 3143 2310 gloriamur,
3167 2254 3269 2294 nec
3297 2247 3350 2294 te
3393 2239 3613 2296 laudare

1997 2333 2424 2388 intermittimus.
2471 2332 2551 2388 Tu
2583 2348 2712 2386 vero
2735 2331 2804 2386 de
2832 2340 2920 2385 tua
2961 2330 3273 2386 valetudine
3315 2343 3476 2401 quam
3507 2345 3610 2385 sae-

1996 2424 2234 2495 pissime,
2268 2437 2474 2494 quaeso,
2505 2421 2574 2477 ad
2606 2438 2707 2478 nos
2736 2421 2966 2478 scribas.
2996 2420 3130 2476 Nam
3163 2420 3288 2476 licet
3320 2423 3375 2476 in
3404 2420 3604 2476 solitu-

1994 2519 2153 2582 dine,
2186 2532 2249 2572 ac
2290 2517 2476 2588 procul
2520 2532 2549 2570 a
2602 2517 2755 2572 vobis
2795 2515 2988 2571 remoti
3030 2515 3234 2581 simus,
3266 2525 3322 2570 at
3366 2514 3609 2570 caritatis

1996 2624 2173 2667 tamen
2206 2623 2396 2668 catena
2430 2623 2606 2668 tecum
2634 2611 2871 2667 devincti
2901 2626 3111 2677 sumus,
3140 2610 3385 2666 eamdem
3419 2610 3610 2666 videli-

1995 2715 2106 2774 cet,
2126 2721 2286 2776 quam
2317 2706 2444 2760 olim
2480 2716 2642 2775 atque
2664 2705 2733 2760 ab
2763 2705 2916 2760 initio
2944 2719 3069 2776 erga
3099 2713 3150 2760 te
3178 2703 3611 2760 benevolentiam

1996 2815 2106 2868 pra}
2149 2798 2304 2854 nobis
2331 2800 2578 2865 tulimus,
2627 2799 2737 2853 imo
2770 2798 2936 2854 etiam
2986 2799 3250 2868 majorem
3300 2814 3365 2853 ac
3399 2800 3613 2854 ferven-

1997 2892 2188 2944 tiorent
2228 2906 2369 2945 nunc
2412 2891 2693 2946 habentes.
2732 2890 2844 2946 Nec
2893 2890 3039 2947 enim
3083 2901 3177 2946 aut
3208 2893 3466 2961 temporis
3490 2889 3615 2946 diu-

1997 2983 2245 3046 turuitas,
2275 2991 2366 3036 aut
2418 2982 2517 3036 via:
2571 2981 2872 3053 longitudo,
2919 2983 3200 3054 segniores
3249 2983 3318 3038 ad
3347 2999 3466 3038 eam
3495 2998 3613 3039 rem

1996 3090 2097 3130 nos
2154 3073 2409 3136 reddidit.
2454 3073 2562 3128 imo
2613 3074 2778 3129 etiam
2831 3075 3073 3130 acriores
3107 3089 3173 3130 ac
3218 3073 3609 3146 diligentiores.

1998 3163 2124 3220 llurc
2152 3164 2313 3234 igitur
2343 3179 2465 3218 cum
2499 3163 2723 3221 minime
2752 3165 2990 3236 ignores,
3021 3164 3242 3221 domine
3259 3167 3332 3220 mi
3357 3181 3613 3223 reveren-

1993 3255 2215 3310 dissime
2238 3269 2301 3308 ac
2340 3254 2745 3324 religiosissime
2772 3295 2787 3322 ,
2815 3265 3070 3327 quantam
3098 3256 3462 3312 crebrioribus
3510 3257 3613 3313 tuis

1998 3346 2167 3399 literis
2211 3347 2440 3416 gratiam
2487 3362 2517 3400 a
2548 3346 2707 3401 nobis
2735 3346 2968 3402 initurus
2991 3347 3086 3414 sis,
3118 3356 3298 3403 tecum
3328 3356 3607 3419 reputans,

1999 3438 2064 3491 de
2093 3447 2180 3491 tua
2206 3438 2513 3494 valetudine
2543 3437 2610 3492 ad
2641 3452 2741 3494 nos
2766 3439 2972 3495 scribas
3003 3440 3185 3506 velim,
3213 3456 3276 3497 ac
3303 3441 3607 3512 praesertim

2000 3531 2052 3583 iu
2086 3531 2191 3583 tuis
2217 3531 2418 3585 sanctis
2456 3531 2704 3600 precibus
2755 3533 3071 3588 memoriam
3110 3535 3282 3588 nostri
3335 3550 3403 3589 ne
3448 3534 3614 3590 inten-

2000 3623 2183 3675 mittas
2217 3638 2231 3674 :
2265 3637 2394 3690 quo,
2427 3622 2550 3677 licet
2581 3631 2730 3677 tanto
2762 3622 3048 3678 intervallo
3088 3623 3186 3679 abs
3230 3634 3288 3678 te
3309 3624 3566 3696 disjuncti
3593 3668 3610 3693 ,

1999 3715 2268 3784 ingentem
2302 3725 2476 3768 tamen
2507 3715 2631 3769 hinc
2653 3729 2810 3785 opem
2839 3725 2894 3772 et
2929 3718 3187 3772 auxilium
3212 3718 3566 3788 accipiamus.

2070 3842 2330 3902 LXXIX.
2369 3846 2618 3902 Gemello.
2665 3849 2915 3920 (Cucuso
2946 3865 3089 3906 anno
3113 3851 3221 3906 404
3247 3851 3329 3906 vel
3358 3851 3518 3924 405.)

2069 3984 2331 4051 Quidnam
2387 3985 2489 4040 hoc
2526 3995 2628 4053 est,
2660 3995 2716 4040 ut
2746 4003 2867 4041 cum
2897 3997 3043 4044 tanta
3092 3997 3306 4061 tamque
3351 3993 3610 4062 prmclara

1997 4077 2185 4131 civitas
2203 4077 2532 4132 luculentum
2557 4077 2753 4132 festum
2775 4089 2900 4150 agat
2922 4080 2940 4150 (
2964 4081 3041 4134 sic
3067 4083 3210 4137 enim
3239 4085 3612 4155 magistratum

1999 4181 2145 4222 tuum
2176 4178 2337 4238 atque
2363 4169 2648 4238 imperium
2679 4170 2862 4240 voco),
2899 4181 3008 4226 tum
3039 4181 3095 4227 tu
3121 4173 3379 4232 diuturno
3417 4185 3510 4233 tuo
3539 4179 3614 4235 si-

1995 4261 2162 4316 lentio
2193 4261 2454 4331 majorem
2484 4261 2641 4317 nobis
2673 4264 2988 4320 maestitiam
3023 4265 3296 4322 attuleris?
3315 4269 3393 4322 Ac
3417 4268 3463 4323 si
3486 4269 3614 4341 qui-

1995 4353 2118 4407 dem
2146 4353 2282 4408 alius
2313 4354 2580 4423 quispiam
2604 4369 2635 4408 e
2666 4355 2827 4426 vulgo
2850 4364 3020 4424 esset,
3057 4356 3143 4412 cui
3172 4357 3276 4413 hoc
3297 4360 3615 4430 accidisset,

1996 4464 2211 4504 causam
2231 4464 2445 4518 quoque
2476 4449 2624 4504 nullo
2654 4451 2873 4520 negotio
2905 4452 3252 4508 invenissem.
3285 4452 3458 4522 Quam
3485 4465 3606 4510 tan-

1996 4539 2117 4595 dem
2158 4539 2315 4595 istam
2342 4539 2366 4593 ?
2407 4538 2598 4596 Solent
2625 4541 2868 4612 plerique
2899 4543 3229 4612 mortalium,
3253 4560 3375 4600 cum
3399 4546 3466 4601 ad
3488 4563 3608 4602 ma-

1990 4633 2164 4700 jorem
2195 4631 2511 4703 dignitatem
2545 4637 2913 4704 pervenerint,
2952 4636 3162 4693 animos
3207 4653 3421 4710 quoque
3450 4640 3610 4695 simul

1995 4725 2243 4779 attollere
2277 4766 2293 4791 ,
2326 4739 2390 4779 ac
2417 4724 2652 4795 majores
2679 4726 2902 4796 spiritus
2931 4742 3147 4783 sumere
3178 4746 3190 4782 :
3237 4738 3293 4783 at
3336 4731 3391 4784 in
3422 4740 3473 4786 te
3517 4732 3609 4802 qui

1994 4817 2364 4890 phiIOSOphari
2409 4817 2536 4887 scis,
2574 4833 2639 4874 ac
2669 4819 2994 4875 caducarum
3025 4821 3213 4876 harum
3253 4832 3310 4877 et
3337 4823 3607 4894 fragilium

1995 4926 2176 4966 rerum
2209 4922 2455 4966 naturam
2478 4913 2721 4982 apprime
2751 4913 2916 4980 nosti,
2940 4929 3041 4970 nec
3069 4913 3209 4969 fucis
3232 4930 3296 4971 ac
3317 4915 3608 4987 pigmentis

1993 5006 2298 5075 deciperis,
2328 5021 2516 5062 verum
2563 5021 2653 5061 res
2692 5005 2840 5076 ipsas
2883 5006 3048 5062 larvis
3094 5023 3293 5064 vacuas
3345 5010 3608 5080 perspicis

1992 5107 2150 5167 atque
2172 5095 2576 5163 animadvertis,
2609 5097 2810 5152 silentii
2836 5112 3051 5152 causam
3089 5100 3315 5169 reperirt
3370 5115 3601 5170 nequeo.

1996 5189 2061 5244 Et
2086 5190 2301 5261 quidem
2339 5189 2470 5246 illud
2499 5206 2595 5261 pro
2621 5201 2772 5247 certo
2813 5191 3011 5258 habeo,
3045 5207 3131 5247 me
3157 5208 3312 5263 teque
3334 5208 3398 5249 ac
3434 5195 3602 5264 prius,

1993 5281 2102 5335 imo
2123 5282 2280 5336 etiam
2306 5281 2476 5352 tnagis
2502 5298 2660 5352 quam
2684 5291 2810 5337 ante
2838 5283 2934 5338 abs
2968 5293 3018 5338 te
3045 5284 3237 5338 amari.
3255 5284 3393 5352 Quid
3423 5295 3604 5342 autem

1992 5374 2081 5438 sit,
2114 5377 2502 5444 quamobrem,
2533 5391 2657 5430 cum
2706 5375 2808 5431 hoc
2838 5392 2966 5447 erga
2995 5392 3083 5432 me
3123 5378 3307 5433 animo
3337 5381 3431 5443 sis,
3464 5390 3607 5434 tam-

1992 5466 2083 5520 diu
2107 5467 2358 5533 tacueris,
2388 5466 2574 5524 dicere
2599 5482 2812 5538 nequeo
2861 5469 3014 5522 :imo
3069 5468 3173 5522 hoc
3224 5485 3440 5540 quoque
3487 5473 3607 5544 ipso

1993 5559 2290 5625 pragsertim
2338 5559 2563 5614 nomine
2619 5560 2820 5614 ἥξω-ρο.
2873 5559 3052 5626 Quare
3116 5560 3259 5615 istud
3330 5562 3601 5633 wnigma,

1992 5650 2093 5703 nisi
2124 5664 2287 5720 grave
2313 5665 2380 5706 ac
2415 5652 2704 5708 molestum
2741 5660 2826 5708 est
2849 5693 2865 5720 ,
2891 5651 3050 5708 nobis
3088 5653 3247 5709 velim
3281 5669 3378 5725 per
3415 5654 3603 5710 literas

1993 5741 2246 5812 explices.
2276 5744 2450 5815 Atque
2474 5745 2635 5802 etiam
2661 5753 2787 5803 ante
2813 5745 2958 5818 ipsas
2983 5747 3170 5804 literas
3207 5761 3324 5818 eos,
3354 5748 3445 5820 qui
3467 5748 3601 5807 hanc

3161 5854 3236 5910 17
