4078 6452
615 486 867 555 ἀπίωμεν
904 464 1189 550 πανταχοῦ
1214 492 1275 530 σε
1303 474 1709 547 περιφέροντες,
1744 471 1839 526 καὶ
1868 470 1984 541 μεθ’
2019 468 2191 536 ὑπερ-

617 580 782 651 ϐολῆς
825 574 1171 646 ἐκκαιόμενοι
1212 569 1293 642 τῷ
1335 554 1543 639 φίλτρῴ
1571 565 1652 635 τῷ
1693 566 1823 637 περὶ
1857 563 1936 619 σέ.
1968 559 2060 614 Διδ
2097 558 2193 613 καὶ

616 667 990 742 ἐπιθυμοῦμεν
1029 665 1122 720 καὶ
1153 660 1387 717 ἐνταῦθά
1444 677 1504 713 σε
1553 655 1995 730 παραγενόμενον
2042 651 2187 705 ἰδεῖν.

630 739 875 815 Ἐπεὶῄδὲ
904 755 1061 810 τοῦτο
1094 750 1350 825 ἐργῶδες,
1379 750 1473 802 ἐπὶ
1500 746 1592 802 τὸν
1627 744 1876 817 δεύτερον
1919 739 2192 814 ἐρχόμεθα

564 888 569 893 -
619 849 807 911 πλοῦν,
835 847 927 902 καί
960 846 1062 917 τὴν
1090 843 1179 897 διά
1214 841 1326 895 τῶν
1353 838 1698 912 γραμμάτων
1730 828 1990 904 αἰτοῦμεν
2015 831 2192 902 παρά-

618 944 830 1012 κλησιν.
866 940 978 995 Καὶ
1008 937 1119 1009 γάρ
1155 934 1386 1007 μεγίστη
1418 928 1717 1001 παραψυχὴ
1759 929 1893 999 ἡμῖν
1936 924 2088 979 ἔσται
2131 923 2192 976 τὸ

619 1030 857 1102 συνεχῶς
904 1027 1160 1093 δέξασθαι
1201 1020 1489 1084 ἐπιστολάς
1525 1016 2015 1089 εύαγγελιζομένας
2059 1016 2192 1087 ἡμῖν

616 1122 747 1194 περὶ
770 1121 871 1191 τῆς
902 1119 1090 1188 ὑγείας
1112 1116 1213 1186 τῆς
1240 1115 1359 1186 σῆς.

1019 1288 1147 1340 IE’.
1190 1284 1425 1352 Λουκίφ
1450 1284 1777 1347 ἐπισκόπφ.

684 1427 749 1480 Εἰ
778 1425 874 1480 καὶ
907 1421 1087 1493 πολλῷ
1114 1420 1192 1494 τῷ
1241 1412 1392 1492 μέσῳ
1427 1418 1529 1489 τῆς
1557 1416 1678 1471 ὀδοῦ
1707 1414 2069 1485 διεστήκαμεν
2092 1411 2190 1481 τῆς

615 1516 899 1581 εὐλαϐείας
940 1515 1041 1585 τῆς
1075 1515 1193 1583 σῆς,
1242 1511 1360 1567 ἀλλ’
1392 1511 1543 1582 ὅμως
1575 1509 1677 1562 οὐκ
1720 1506 1909 1561 ἔλαθεν
1940 1505 2088 1575 ἡμᾶς
2128 1503 2190 1556 τὸ

620 1604 983 1678 μισοπόνηρόν
1015 1617 1108 1656 σου
1142 1601 1240 1673 τῆς
1280 1600 1527 1670 γνώμης,
1563 1597 1657 1651 καὶ
1686 1595 1801 1659 πῶς
1826 1593 2068 1667 ηλγησας
2097 1593 2189 1645 ἐπὶ

616 1702 732 1762 τοῖς
764 1697 1067 1769 τηλικαῦτα
1096 1694 1523 1766 παρανομήσασι
1553 1690 1646 1745 καὶ
1668 1686 1936 1742 τοσούτων
1956 1685 2188 1740 σκανδά-

614 1788 724 1842 λων
754 1786 1067 1859 έμπλήσασι
1095 1784 1193 1856 τὴν
1223 1781 1570 1853 οἰκουμένην.
1601 1780 1699 1833 Διά
1723 1776 1881 1831 τοῦτό
1910 1794 1991 1831 σοι
2030 1776 2189 1848 χὰρι⁶

613 1897 712 1944 τας
728 1875 1128 1950 ὁμολογοῦμεν,
1144 1876 1239 1930 καί
1267 1871 1637 1945 θαυμάζοντές
1661 1887 1721 1926 σε
1741 1872 1834 1927 καί
1856 1868 2188 1942 μακαρίζον-

613 1991 703 2038 τες
749 1972 810 2026 οὺ
866 1968 1173 2041 παυόμεθα,
1214 1970 1296 2023 ὃτι
1334 1970 1394 2022 ἐν
1430 1966 1668 2038 τοσούτῳ
1699 1964 1887 2021 κακῶν
1947 1961 2185 2035 φορυτῷ,

610 2062 883 2118 τοσούτων
916 2063 1056 2116 κατά
1106 2058 1370 2131 κρημνῶν
1399 2058 1717 2130 φερομένων
1746 2055 1843 2111 καὶ
1886 2053 2187 2117 σκοπέλων,

614 2156 777 2220 αὐτὸς
809 2154 906 2226 τὴν
936 2152 1101 2226 ὀρθὴν
1127 2152 1246 2207 ὁδὸν
1275 2152 1378 2206 οὐκ
1406 2148 1633 2206 ἐπαύσω
1658 2147 1908 2221 βαδίζων,
1933 2144 2189 2217 αἰτιώμε-

614 2247 706 2311 νός
726 2264 786 2300 τε
831 2246 900 2300 τά
928 2245 1291 2317 γεγενημένα,
1338 2241 1813 2314 ἀποστρεφόμενος
1843 2257 1903 2292 τε
1942 2239 2068 2302 τοὺς
2098 2239 2189 2308 ἐρ-

614 2339 981 2410 γασαμένους,
1010 2337 1087 2402 ῶς
1116 2355 1198 2391 σοι
1240 2338 1447 2403 πρέπον
1489 2337 1658 2390 ἐστίν.
1688 2334 1779 2387 Διὸ
1801 2332 1864 2403 δὴ
1894 2332 1989 2385 καὶ
2011 2344 2187 2401 παραυ

616 2430 888 2502 καλοῦμεν
921 2430 1207 2501 ἐπιμεῖναι
1246 2432 1312 2499 τῇ
1364 2428 1504 2499 καλῇ
1532 2426 1705 2498 ταύτῃ
1758 2421 2058 2495 προθυμίᾳ,
2096 2421 2188 2473 καὶ

617 2521 839 2594 μείζονα
874 2520 1240 2585 ἐπιδείξασθαι
1278 2519 1370 2573 τὸν
1416 2519 1598 2591 ζῆλον.
1649 2512 1818 2579 Οἶσθα
1851 2514 1960 2585 γὰρ
2004 2512 2191 2585 ἡλίκος

615 2614 745 2683 ύμῖν
774 2611 925 2665 ἔσται
949 2613 977 2664 ό
1011 2610 1223 2681 μισθὸς,
1248 2604 1335 2663 οἷα
1357 2608 1426 2662 τά
1458 2608 1708 2679 βραδεῖα,
1740 2605 1961 2676 πηλίκοι
1988 2605 2037 2658 οἰ
2068 2601 2189 2655 στέ-

616 2721 802 2775 φανοι,
834 2704 962 2758 ὅταν
993 2701 1264 2755 τοσούτων
1298 2700 1468 2755 ὄντων
1496 2700 1605 2754 τῶν
1632 2695 2006 2770 ταραττόντων
2036 2693 2189 2747 αὐτοὶ

614 2797 715 2867 τὴν
739 2795 988 2849 ἐναντίαν
1022 2792 1283 2865 φέρησθε,
1317 2792 1579 2864 μεγίστην
1604 2792 1719 2855 τοῖς
1746 2788 1980 2860 παροῦσι
2001 2789 2190 2849 κακοῖς

616 2884 864 2941 ἐντεῦθεν
895 2886 1130 2949 διδόντες
1150 2884 1251 2955 τὴν
1281 2883 1585 2955 διόρθωσιν.
1607 2883 1728 2936 Ὀτι
1758 2880 1890 2953 γάρ,
1923 2879 1973 2933 εἰ
2003 2877 2192 2950 βουλη-

617 2981 798 3051 θείητε
830 2979 1017 3048 στῆναι
1052 2977 1334 3045 γενναίως,
1367 2974 1468 3030 κᾶν
1493 2974 1665 3043 ὀλίγοι
1685 2973 1777 3028 τὸν
1805 2971 2036 3044 ἀριθμὸν
2066 2964 2189 3041 ἦτε,

617 3070 939 3143 περιέσεσθε
968 3068 1077 3122 τῶν
1107 3068 1370 3122 πλειόνων
1397 3066 1505 3121 τῶν
1530 3067 1624 3120 ἐπὶ
1650 3064 1824 3137 κακίᾳ.
1851 3062 2193 3125 καλλωπιζό⁴

618 3162 817 3235 μένων,
844 3161 1018 3225 οὐδεὶς
1045 3161 1284 3231 ἀντερεῖ.
1324 3159 1554 3230 ’Δρετῆς
1579 3157 1690 3231 γὰρ
1715 3156 2066 3227 ἰσχυρότερον
2107 3153 2197 3206 ούε

613 3254 723 3317 δέν,
747 3253 842 3306 καὶ
866 3252 960 3305 τοῦ
1001 3250 1175 3305 ταῦτα
1196 3249 1380 3323 ζητεῖν
1404 3249 1441 3304 ἃ
1459 3246 1684 3319 τειχίζει
1706 3246 1805 3311 τὰς
1840 3245 2186 3316 Ἐκκλησίας.

619 3344 880 3415 Ἔχοντες
917 3342 1096 3396 τοίνυν
1139 3344 1238 3413 τὴν
1270 3340 1495 3415 γνώμην
1527 3337 1803 3412 ἀρκοῦσαν
1846 3338 1973 3408 ύμῖθ
2018 3337 2099 3400 εἰς
2129 3334 2192 3389 τδ

616 3404 819 3505 πολλὴν
857 3434 1007 3504 παρὰ
1047 3404 1207 3486 Θεοῦ.
1452 3404 1897 3494 ἐπισπάσασθαι,
1936 3427 2005 3482 τὰ
2061 3427 2191 3496 παρ’

616 3522 827 3578 ἑαυτῶν
880 3524 1209 3591 εἰσενεγκεῖν
1249 3520 1660 3592 παρακλήθητε,
1712 3521 1891 3588 τεῖχος
1936 3515 2191 3586 μέγιστον

614 3617 735 3680 ταῖς
766 3612 1043 3684 πανταχοῦ
1085 3612 1187 3682 τῆς
1218 3612 1542 3682 οἰκουμένης
1586 3608 1934 3680 Ἐκκλησίαις
1975 3607 2065 3660 διὰ
2093 3606 2191 3677 τῆς

616 3705 842 3777 γνώμης
871 3703 1075 3776 ταύτης
1103 3698 1399 3775 γινόμενοι.

1038 3940 1180 4007 ΠΕΓ.
1224 3938 1396 4009 Πάρῃ
1438 3936 1767 4006 ἐπισκὸπῳ.

690 4130 800 4183 Καὶ
823 4129 984 4199 ἡνίκα
1011 4129 1269 4200 προοίμια
1293 4123 1439 4198 εῖχεν
1470 4128 1500 4179 ό
1527 4127 1735 4198 χειμὼν
1764 4130 1792 4181 ό
1826 4126 1929 4197 τὴν
1968 4128 2195 4196 Ἐκκλη-

619 4223 740 4277 σίαν
794 4220 1171 4283 διασαλεύσας,
1201 4221 1301 4272 οὐκ
1355 4218 1543 4273 ἔλαθεν
1592 4220 1743 4290 ἡμᾶς
1792 4219 1853 4273 τὸ
1901 4218 2059 4290 όρθδν
2098 4220 2194 4273 καί

618 4314 1014 4385 ἀπερίτρεπτόν
1060 4330 1153 4366 σου
1197 4311 1297 4380 τῆς
1326 4310 1549 4381 γνώμης
1570 4326 1585 4342 ο
1613 4310 1711 4364 καὶ
1738 4308 1832 4365 νῦν
1858 4310 1948 4363 ὅτε
1982 4309 2190 4381 ηὐξήθη

619 4404 771 4477 [659]
792 4405 860 4456 τὰ
892 4402 1058 4465 κακὰ,
1086 4402 1328 4471 ἔγνωμεν
1352 4401 1514 4455 πάλιν
1540 4401 1640 4472 τὴν
1665 4399 1951 4453 εὐλάϐειαν
1974 4400 2073 4471 τὴν
2094 4401 2193 4470 σὴν

619 4499 728 4558 τοῖς
754 4496 935 4556 αὐτοῖς
974 4493 1352 4561 ἐπιμένουσαν.
1381 4488 1471 4543 Διὸ
1521 4491 1615 4544 καὶ
1658 4492 1722 4543 ἐκ
1771 4489 2023 4543 τοσούτου
2062 4490 2196 4543 καθ-

620 4588 809 4656 ήμενοι
840 4584 1196 4655 διαστήματος
1218 4584 1311 4635 καί
1334 4583 1432 4654 τὴν
1454 4581 1810 4653 ὀφειλομένην
1835 4581 2195 4651 ἀποδιδόαμεν

620 4680 942 4750 πρόσρησιν,
975 4677 1067 4729 καὶ
1117 4674 1493 4746 μακαρίζομεν
1545 4676 1638 4727 καί
1683 4672 2055 4744 θαυμάζομεν,
2090 4676 2194 4737 ὅτι,

618 4770 726 4824 τῶν
756 4770 1013 4823 πλειόνων
1039 4768 1265 4830 ἑαυτοὺς
1296 4766 1873 4839 κατακρημνισάντων,
1891 4760 1971 4828 οἷς
1993 4768 2073 4829 εἰς
2097 4767 2199 4829 τὶις

632 4860 956 4930 Ἐκκλησίας
989 4859 1407 4929 παρηνόμησαν,
1442 4857 1603 4921 αὐτὸς
1652 4858 1749 4927 τὴν
1793 4858 2041 4911 ἐναντίαν
2083 4860 2197 4920 τοῖς

621 4951 801 5013 ἀλλοις
828 4946 989 5021 ἦλθες
1033 4950 1169 5014 ὁδὸν,
1197 4948 1324 5011 τούς
1354 4964 1413 5000 τε
1441 4945 1615 5002 ταῦτα
1638 4948 2016 5017 τολμήσαντας
2062 4949 2197 5001 ἀπο-

624 5042 1011 5113 στρεφόμενος,
1032 5040 1125 5094 καὶ
1151 5040 1244 5094 ἐπὶ
1274 5042 1373 5110 τῆς
1397 5040 1479 5094 σοί
1507 5038 1822 5111 πρεπούσης
1851 5041 2026 5110 μένων
2051 5040 2193 5093 ἐλευ-

622 5133 827 5202 θερίας.
847 5130 1074 5185 Ἑννοῶν
1102 5132 1280 5185 τοίνυν
1302 5132 1489 5201 ἡλίκον
1521 5132 1615 5185 τοῦ
1638 5133 2059 5204 κατορθώματος
2080 5134 2197 5187 τού·

620 5241 714 5278 του
743 5224 802 5276 τὸ
838 5223 1065 5294 μέγεθος
1106 5225 1202 5277 καὶ
1238 5224 1299 5277 τὸ
1332 5225 1407 5295 μὴ
1442 5223 1853 5294 συναπαχθῆναι
1884 5228 1997 5289 τοῖς
2032 5236 2195 5296 πονη-

624 5316 953 5386 ρευομένοις,
984 5315 1077 5367 καὶ
1102 5316 1183 5369 ὅτι
1213 5315 1328 5379 ὁδὸς
1356 5314 1505 5369 ἔσται
1536 5315 1629 5368 καὶ
1660 5314 1924 5386 προοίμια
1957 5317 2053 5387 τῆς
2092 5318 2196 5370 τῶν

623 5405 809 5459 κακῶν
830 5404 1163 5476 διορθώσεως
1185 5408 1218 5476 ἡ
1242 5406 1640 5476 ἀπερίτρεπτος
1670 5407 1699 5457 ὑ
1708 5404 1822 5475 μῶν
1842 5404 1979 5476 αὕτη
2002 5406 2193 5478 γνώμη

622 5500 720 5553 καὶ
750 5499 994 5569 ἀκλινὴς,
1022 5497 1181 5563 αὐτός
1224 5516 1282 5552 τε
1317 5496 1391 5562 ὥς
1437 5516 1519 5551 σοι
1566 5497 1775 5569 πρέπον
1820 5499 1966 5550 ἐστὶν
2006 5500 2195 5569 στῆναι

624 5588 882 5656 γενναίως
914 5588 1315 5659 παρακλήθητι,
1340 5586 1466 5650 τούς
1489 5604 1549 5639 τε
1575 5585 1765 5651 ἀλλους
1792 5585 1885 5651 οὓξ
1912 5587 1979 5641 ἂν
2003 5582 2113 5651 οἷός
2137 5605 2195 5641 τε

623 5676 691 5753 ᾖς
715 5678 974 5748 ἀλείφειν.
1000 5680 1156 5733 Οὕτω
1192 5679 1301 5752 γὰρ
1343 5678 1565 5752 ἀρκέσει
1598 5680 1677 5742 εἰς
1714 5678 2030 5750 συμμαχίαν
2069 5680 2197 5749 ὑμῖν

624 5769 766 5841 αῦτη
793 5770 827 5841 ὴ
853 5770 1126 5841 πρόθεσις,
1152 5770 1246 5825 τοῦ
1276 5770 1409 5827 Θεοῦ
1438 5769 1537 5841 τὴν
1567 5768 1792 5842 γνώμην
1826 5769 1981 5841 ὑμῶν
2006 5770 2198 5827 ἀποδε-

1316 365 1374 419 S.
1410 360 1695 420 JOANNIS
1725 351 2220 418 CHRYSOSTOMI
2250 355 2568 412 ARCHIEP.
2604 352 3154 413 CONSTANTINOP.

3771 345 3878 402 ιω

2300 464 2528 535 χομένου
2553 464 2654 535 τὴν
2679 465 2739 517 ἐν
2767 460 3006 532 τοσαύτῃ
3036 457 3292 530 συγχύσει
3328 456 3398 514 τὰ
3425 455 3564 530 ὀρθά
3593 451 3885 527 ἑλομένην,

2301 556 2394 610 καὶ
2417 556 2517 626 τὴν
2545 554 2675 625 παρ’
2704 550 2898 607 ἐαυτοῦ
2922 551 3258 621 ,παρέχοντος
3293 549 3485 622 ῥοπήν.

2686 685 2821 742 ΠΖ.
2862 685 3133 757 Εὑλογίφ
3158 682 3487 749 ἐπισκόπῳ.

2383 804 2572 875 Ἡμεῖς
2597 802 2700 856 κᾶν
2723 799 2861 873 πρὸς
2884 798 3054 863 αὑτὰς
3078 796 3408 868 ἀφικώμεθα
3430 795 3531 866 τῆς
3552 791 3887 865 οίκουμένης

2297 895 2398 958 τάς
2430 890 2705 963 ἐσχατιὰς,
2728 887 3084 966 ἐπιλαθέσθαι
3113 904 3207 941 σου
3236 883 3340 957 τῆς
3373 885 3593 956 ἀγάπης
3632 882 3697 937 οὐ
3725 881 3889 937 δυνά-

2303 984 2461 1055 μεθα,
2487 981 2622 1037 ἀλλά
2659 980 2935 1052 πανταχοῦ
2986 980 3378 1052 περιφέροντες
3418 977 3655 1047 ἄπιμεν·
3706 972 3887 1035 οὕτως

2299 1078 2446 1148 ἡμᾶς
2473 1067 2616 1136 εἷλες
2636 1073 2730 1126 καί
2759 1069 3057 1143 ἐχειρώσω.
3081 1068 3318 1123 δέσποτά
3340 1083 3443 1139 μου
3466 1062 3771 1137 τιμιώτατε
3791 1065 3887 1115 καὶ

2298 1164 2811 1231 εὐλαϐέστατε,ἐπεί
2831 1162 2923 1217 καὶ
2944 1159 3041 1216 νῦν
3065 1164 3123 1215 ἐν
3145 1155 3442 1229 Κουκουσῷ
3464 1155 3789 1228 καθήμενοι,
3806 1152 3889 1224 τῷ

2264 1258 2279 1269 ’
2298 1259 2477 1329 πάσης
2503 1256 2602 1328 τῆς
2633 1256 2755 1311 καθ’
2788 1256 2936 1325 ἡμᾶς
2959 1251 3286 1323 οἰκουμένης
3312 1248 3639 1322 ἐρημοτάτῳ
3675 1243 3885 1317 χωρίῳ,

2296 1353 2358 1407 οὐ
2393 1348 2678 1419 παυόμεθα
2707 1344 2972 1417 διηνεκῶς
2991 1344 3089 1415 τὴν
3112 1340 3475 1415 χρηστότητα,
3496 1337 3595 1411 τὴν
3617 1334 3892 1408 γλυκύτηο

2295 1457 2383 1505 τα,
2407 1440 2505 1512 τὴν
2533 1439 2643 1493 τῶν
2671 1437 2889 1509 τρόπων
2915 1436 3238 1499 ἐπιείκειαν,
3268 1431 3331 1486 τὸ
3358 1433 3583 1502 γνήσιον
3620 1428 3728 1498 τῆς
3768 1427 3889 1481 δια-

2297 1531 2521 1594 θέσεως,
2552 1529 2613 1582 τὺ
2643 1525 3064 1598 πεπυρωμένον,
3098 1522 3160 1577 τὸ
3187 1519 3441 1592 σφοδρὸν,
3475 1518 3569 1573 τὸν
3597 1516 3766 1587 ζῆλον
3793 1515 3889 1568 τὸν

2297 1623 2491 1695 φλογὸς
2523 1621 2902 1691 σφοδρότερον,
2940 1616 3040 1688 τὴν
3075 1614 3241 1685 ἀλλην
3286 1612 3509 1668 ἃπασάν
3545 1626 3639 1664 σου
3680 1607 3889 1682 ἀρετὴν

2295 1714 2758 1786 ἀναλογιζόμενοι,
2788 1711 2884 1765 καὶ
2913 1709 3024 1764 τῶν
3055 1697 3338 1777 λογισμῶν
3363 1703 3570 1760 τούτων
3590 1704 3658 1774 τῇ
3690 1700 3887 1786 μνήμη

2296 1780 2690 1876 ἐντρυφῶντες,
2725 1800 2819 1855 καί
2853 1798 2989 1869 πρὸς
3016 1798 3265 1859 ἅπαντας
3312 1791 3786 1864 ἀνακηρύττοντις
3826 1780 3891 1842 τὸ

2297 1897 2523 1971 στερρὸν
2536 1894 2636 1967 τῆς
2654 1892 2902 1963 γνώμης,
2930 1891 2990 1943 τὸ
3009 1884 3590 1960 ἀπερίτρεπτον,,δπερ
3620 1878 3891 1946 ἐπεδείξω

2298 1968 2434 2063 πρός
2461 1990 2590 2052 τοὺς
2609 1986 3028 2058 πολεμήσαντας
3046 1983 3167 2045 ταῖς
3201 1976 3551 2048 Ἐκκλησίαις
3573 1971 3672 2028 καὶ
3694 1968 3891 2026 τοσού-

2293 2060 2403 2137 των
2435 2079 2747 2137 σκανδάλων
2773 2077 2873 2148 την
2897 2074 3224 2145 οἰκουμένην
3248 2068 3642 2143 ἐμπλήσαντας
3665 2082 3682 2098 ο
3714 2064 3767 2117 εἰ
3794 2060 3892 2117 καὶ

2294 2176 2364 2229 τά
2394 2174 2633 2245 μάλιστα
2666 2170 2827 2224 τοῦτο
2857 2168 2918 2221 ού
2950 2165 3123 2220 δεῖται
3156 2163 3255 2234 τῆς
3293 2159 3572 2234 ἡμετέρας
3593 2154 3852 2226 γλώττης
3874 2176 3886 2184 ·

2298 2243 2599 2333 σάλπιγγος
2633 2261 2744 2329 γὰρ
2782 2258 3163 2330 λαμπρότερον
3208 2252 3368 2317 αὐτὸς
3408 2251 3546 2304 πᾶσι
3594 2247 3708 2310 τοῖς
3738 2243 3893 2301 κατι

2296 2359 2394 2429 τὴν
2427 2355 2690 2426 ἀνατολὴν
2718 2353 2812 2406 καὶ
2836 2346 3173 2423 πορρωτάτω
3191 2342 3310 2401 οὖσι
3339 2343 3430 2397 διά
3447 2341 3557 2395 τῶν
3584 2339 3769 2411 ἔργων
3788 2336 3896 2391 αύ-

2295 2428 2403 2503 τῶν
2443 2447 2765 2518 ἀνεδόησας.
2794 2443 2966 2514 ’Υπὲρ
2995 2440 3199 2495 τούτων
3230 2438 3460 2508 χάριτας
3486 2428 3892 2518 ὁμολογοῦμεγὸ

2299 2516 2695 2613 μακαρίζομεν,
2724 2532 3076 2606 θαυμάζομεν
3102 2531 3195 2585 καί
3220 2522 3648 2599 παρακαλοῦμεν
3668 2516 3895 2613 τὸνῌαύ-

2293 2608 2385 2687 τὺν
2418 2608 2757 2701 παραμεῖναι
2787 2626 2950 2697 ζῆλον
2971 2620 3433 2691 ἐπιδεικνύμενον.
3465 2613 3600 2670 οὐδὲ
3625 2610 3747 2701 γὰρΔ
3769 2608 3894 2701 ἴσον

2295 2724 2433 2787 ἐστὶ,
2657 2716 2784 2790 ῥοῦν
2826 2696 2937 2768 τῶν
2986 2710 3324 2786 πραγμάτων
3351 2702 3691 2776 φερομένων,
3721 2696 3893 2769 ὀρθό-

2296 2829 2434 2883 τητα
2481 2806 2906 2870 ἐπιδείκνυσθαι,
2939 2802 3037 2863 καὶ
3068 2799 3281 2855 πολλῶν
3312 2797 3482 2851 ὄντων
3522 2791 3631 2847 τῶν
3664 2791 3891 2859 ἐπιχει-

2301 2879 2533 2974 ρούντων
2582 2895 2883 2952 καταλῦσαι
2939 2894 3038 2957 τάς
3075 2888 3401 2961 Ἑκκλησίας
3451 2882 3619 2956 μηδὲν
3671 2879 3893 2935 ἐκεῖθεν

2298 2989 2780 3063 παραλογίζεσθαι,
2815 2986 2952 3041 ἀλλά
2999 2984 3179 3056 μένειν
3225 2978 3442 3049 ἀκλινῆ,
3474 2976 3700 3038 τούτους
3742 2974 3891 3027 ἀπο-

2299 3085 2668 3158 στρεφόμενον
2696 3080 2834 3153 μετά
2853 3080 2954 3149 τῆς
2977 3073 3362 3149 προσηκούσης
3383 3068 3652 3140 ἀνδρείας.
3675 3065 3753 3119 Οὐ
3772 3063 3893 3133 γὰρ

2302 3153 2473 3250 μικρὰ
2510 3153 2680 3243 αῦτη,
2714 3171 2854 3226 ἀλλά
2890 3171 2985 3224 καὶ
3022 3166 3227 3239 σφόδρα
3273 3165 3505 3235 μεγίστη
3535 3158 3646 3212 τῶν
3689 3153 3887 3210 κακῶν

2296 3245 2730 3340 διόρθωσις.⁹⁹οτι
2762 3263 2821 3317 δὲ
2848 3262 2947 3332 τῆς
2989 3260 3089 3331 σῆς
3118 3256 3405 3318 εὐλαϐείας
3426 3253 3568 3307 οὓτω
3592 3245 3884 3318 διακειμέ-

2298 3380 2396 3434 νης
2430 3361 2629 3424 πάντες
2655 3359 2705 3411 οἱ
2744 3354 2887 3411 κατὰ
2928 3353 3026 3425 τὴν
3054 3349 3417 3419 Παλαιστίνην
3449 3342 3629 3415 κύριοί
3657 3357 3763 3413 μου
3800 3356 3888 3393 τι·

2303 3455 2560 3530 μιιέιτατοι
2602 3454 2696 3507 καὶ
2740 3448 3124 3505 εὐλαϐέστατοι
3174 3443 3461 3497 ἐπίσκοποι
3502 3434 3729 3530 ἔψονταί
3788 3444 3893 3485 σου

2297 3520 2411 3610 τοῖς
2435 3548 2657 3617 ἴχνεσιν,
2691 3541 2841 3595 οὐδὲν
2868 3534 3024 3608 οἶμαι
3050 3536 3160 3591 δεῖν
3192 3530 3573 3603 ἀμφιδάλλειν.
3599 3520 3735 3617 Οἶδα
3773 3522 3892 3591 γὰρ

2302 3638 2491 3708 σαφῶς
2536 3636 2620 3689 ὅτι
2665 3633 2723 3686 ὲν
2764 3631 2878 3692 τοῖς
2921 3625 3188 3686 τοιούτοις
3231 3618 3650 3690 κατορθώμασιν
3690 3611 3893 3680 ὥσπερ

2253 3704 2258 3709 1
2302 3694 2451 3803 [64b]
2471 3694 2640 3795 ⁷σῶμα
2665 3721 2884 3793 συνεχὲς
2915 3716 3145 3787 κεφαλῇ,
3167 3713 3339 3776 οὕτως
3361 3709 3559 3803 αὐτοὺς
3584 3694 3891 3803 τῇλγλυκύο

2301 3793 2550 3891 τητίσου
2567 3793 2676 3884 τῆς
2702 3810 2925 3880 ἀγάπης
2947 3806 3191 3875 συνῆψας
3214 3804 3308 3858 καί
3328 3793 3670 3854 συνδεδέσθαι
3686 3802 3715 3832 ι
3739 3806 3893 3891 παρ-

3820 3882 3847 3893 ο

2301 3884 2627 3970 εσκεύασας,
2661 3907 2795 3974 ὅπερ
2835 3900 2930 3955 καὶ
2958 3898 3114 3953 τοῦτο
3150 3895 3407 3966 μέγιστον
3436 3890 3634 3957 δεῖγμα
3654 3884 3757 3953 τῆς
3785 3884 3890 3951 σῆς

2301 4001 2525 4074 ἀρετῆς.

2461 4102 2599 4153 HH'.
2652 4095 2890 4163 Ἰωάννῃ
2923 4090 3237 4152 ἐπισκόπῳ
3266 4079 3714 4151 Ἰεροσολύμων.

2385 4202 2807 4277 Ἀπῳκίσθημεν
2829 4200 2908 4264 εἰς
2930 4197 3027 4268 τὴν
3052 4191 3365 4250 Κουκουσὺν
3381 4189 3432 4254 δ,
3456 4174 3557 4256 τῆς
3579 4185 3636 4238 δὲ
3659 4182 3893 4251 ἀγάπης

2301 4303 2400 4371 τῆς
2447 4273 2719 4369 ὑμετέρας
2768 4292 2833 4344 οὐ
2874 4285 3320 4360 μετῳκίσθημεν.
3365 4280 3441 4334 Τὸ
3495 4278 3594 4350 μὲν
3644 4276 3755 4346 γὰρ
3802 4273 3896 4342 ἐφ’

2305 4366 2511 4464 ἐτ-ἐροις
2557 4388 2753 4451 ἔκειτο,
2786 4383 2942 4437 τοῦτο
2974 4382 3030 4435 δὲ
3076 4380 3160 4450 ἐφ’
3192 4378 3347 4449 ἡμῖν.
3390 4373 3481 4427 Διδ
3532 4370 3598 4443 δὴ
3650 4366 3885 4422 ἐνταῦθα

2303 4482 2665 4555 διατρίϐοντες
2686 4479 2779 4532 καὶ
2802 4478 2865 4530 ὲκ
2886 4473 3140 4529 τοσούτου
3166 4470 3468 4540 καθήμενοι
3489 4462 3889 4533 διαστήματος,

2306 4575 2401 4628 καί
2428 4552 2842 4639 νέπιστέλλομεν,
2878 4566 2970 4619 καί
3004 4559 3431 4633 παρακαλοῦμεν
3464 4554 3619 4626 ὑμῶν
3650 4552 3754 4623 τὴν
3793 4552 3892 4604 εύ-

2305 4666 2545 4725 λάὸειαν,
2572 4663 2672 4731 τὴν
2696 4658 2947 4729 ἀνδρείαν
2975 4660 3040 4727 ἦν
3073 4655 3131 4720 ἐξ
3163 4653 3335 4723 ἀρχῆς
3367 4644 3713 4711 ἐπεδείξασθε
3745 4645 3891 4697 ἀπο-

2305 4760 2638 4831 στραφέντες
2675 4756 2801 4815 τοὺς
2831 4752 2929 4813 τὰς
2970 4747 3297 4818 Ἐκκλησίας
3324 4742 3593 4797 τοσούτων
3633 4734 3886 4809 θορύϐων

2306 4828 2712 4923 ἐμπλήσαντας,
2746 4846 2944 4911 ταύτην
2984 4843 3079 4895 καὶ
3116 4839 3211 4893 νῦν
3255 4837 3550 4909 διατηρεῖν,
3596 4832 3692 4885 καὶ
3736 4828 3890 4892 ἀξιον

2305 4921 2413 4997 τῶν
2443 4940 2765 5013 προοιμίων,
2805 4934 3007 5006 μᾶλλον
3059 4934 3116 4985 δὲ
3165 4930 3261 4984 καὶ
3287 4925 3466 4996 πολλῷ
3500 4921 3889 4992 λαμπρότερον

2305 5036 2615 5108 προσθεῖναι
2648 5030 2709 5084 τὸ
2737 5029 2907 5092 τέλος.
2940 5028 3015 5080 Οὐ
3059 5024 3165 5095 γὰρ
3222 5020 3416 5092 μικρὸς
3458 5014 3714 5069 ἐντεῦθεν
3757 5012 3892 5081 ὑμῖν

2305 5107 2545 5185 κείσεται
2570 5128 2599 5179 ό
2630 5123 2839 5195 μισθὸς,
2866 5122 2992 5174 ὅταν
3018 5120 3145 5182 τοὺς
3173 5113 3427 5169 τοσοῦτον
3446 5107 3691 5181 χειμῶνα
3720 5107 3891 5176 ἐργα-

2308 5221 2595 5293 σαμένους,
2627 5217 2723 5271 καὶ
2747 5215 2846 5286 τὴν
2872 5212 3199 5281 οἰκουμένην
3232 5206 3418 5277 σχεδὸν
3450 5203 3669 5257 ἅπασαν
3696 5198 3891 5252 τοσού-

2304 5292 2413 5366 των
2460 5308 2854 5380 ἐμπλήσαντας
2897 5302 3232 5366 σκανδάλων,
3286 5298 3360 5360 ὡς
3402 5292 3683 5366 προσῆκόν
3738 5293 3892 5344 ἐστιν

2307 5379 2751 5473 ἀποστρέφησθε,
2777 5397 2876 5451 καὶ
2907 5395 3071 5466 μηδὲν
3105 5390 3282 5446 κοινὸν
3306 5388 3467 5457 ἔχητε
3494 5384 3633 5455 πρὸς
3665 5379 3890 5444 αὐτούς.

2307 5493 2479 5546 Τοῦτο
2516 5490 2786 5559 ἀσφάλεια
2807 5487 2917 5540 τῶν
2944 5482 3303 5553 Ἐκκλησιῶν,
3328 5476 3487 5531 τοῦτο
3510 5470 3897 5546 τεῖχος,τοῦτο

2307 5587 2563 5658 ὑμέτεροι
2598 5583 2855 5651 στέφανοι
2889 5578 2981 5633 καὶ
3011 5576 3257 5649 βραδεῖα.
3290 5571 3454 5626 Ταῦτ’
3477 5565 3570 5625 οῦν
3603 5567 3781 5631 εἰδὼς,
3804 5564 3896 5621 δέ·

2368 5722 2395 5752 “
2413 5720 2570 5770 Vatic.
2593 5719 2875 5769 ἐνδεδέσθαι.

2367 5782 2395 5823 δ
2420 5780 2576 5835 Vatia.
2598 5793 2691 5843 pro
2708 5792 2847 5831 more
2867 5780 2932 5834 είς
2950 5774 3246 5827 Κοκκουσόν.
