4078 6430
181 445 360 499 locum
389 432 762 496 abscedumus,
791 435 844 482 te
890 417 1328 480 circumferentes
1363 421 1524 482 atque
1545 404 1779 464 incredi-

183 493 540 601 bili—quodam
580 521 656 577 tui
686 493 873 574 amore
899 513 1209 583 ῦθςτίιηῑθεο
1241 506 1424 575 anue
1445 500 1697 604 “fama:
1727 504 1784 552 te
1890 493 1982 560 ἤι’

182 597 400 699 quoque
428 620 535 676 huc
578 613 786 677 venire,
815 623 879 666 ac
923 611 1147 662 cernere
1201 597 1468 670 cupimus.

185 681 367 776 aluta-tn
394 710 448 766 id
478 704 694 764 difficile
723 709 827 769 est,
868 697 938 755 ad
963 693 1256 752 secundum
1295 681 1649 757 navigationis
1673 694 1792 770 cur-

182 767 600 877 ;nivenimus,
626 767 871 863 eamque,
902 802 1073 859 quam
1097 783 1269 839 literae
1315 777 1560 850 pariunt,
1589 767 1786 877 censio?

186 861 442 954 lationem
472 861 648 944 abs—te
693 861 1044 955 postulamus.
1070 872 1361 931 Maximum
1393 866 1601 940 quippe
1647 861 1796 918 sola-

187 989 325 1043 tium
369 980 528 1038 nobis
551 978 676 1043 erit,
728 973 1038 1045 frequentes
1062 962 1320 1036 epistolas
1360 958 1628 1029 accipere,
1670 965 1793 1024 qua

189 1090 293 1132 nos
313 1072 383 1138 de
412 1079 502 1126 tua
527 1063 836 1122 valetudine
857 1059 1120 1116 certiores
1141 1051 1361 1109 faciant.

309 1203 518 1277 Lxxx
529 1202 593 1257 γ.
620 1169 780 1255 Lm
804 1198 1061 1268 episcopo.
1094 1187 1326 1262 (Scripta
1363 1195 1506 1238 anno
1529 1174 1683 1247 tot.)

270 1338 391 1396 Etsi
435 1348 630 1407 magno
654 1327 862 1387 itineris
890 1321 1169 1381 intervallo
1192 1334 1222 1374 a
1255 1328 1308 1373 te
1335 1311 1561 1386 sejuncti
1587 1319 1793 1375 sumus,

196 1439 380 1487 tamen
410 1405 546 1483 illud
588 1420 956 1492 improborum
1005 1413 1208 1478 odium,
1264 1423 1372 1480 quo
1415 1405 1626 1460 animus
1673 1408 1796 1453 tuus

199 1521 458 1598 praeditus.
493 1525 594 1582 est,
628 1512 849 1570 minime
891 1507 1045 1563 nobis
1071 1505 1360 1559 obscurum
1387 1497 1503 1562 fuit,
1533 1492 1799 1561 dolorque

199 1591 314 1682 ille,
342 1626 502 1684 quem
531 1616 751 1680 propter
769 1618 864 1660 eos
885 1602 975 1673 qui
1003 1606 1146 1655 tanta
1176 1593 1373 1666 ﬂagitia
1397 1591 1797 1684 perpetrarunt,

204 1675 390 1775 totque
419 1675 688 1756 scandalis
717 1694 903 1752 orbem
938 1691 1318 1760 impleverunt,
1349 1682 1529 1740 animo
1549 1675 1800 1775 concepi-

201 1768 610 1864 stiJPropterea
644 1789 738 1845 tibi
763 1786 962 1860 gratias
983 1783 1212 1855 agimus,
1250 1775 1600 1844 mirificisque
1626 1768 1798 1864 laudi-

205 1888 308 1946 bus
333 1862 453 1946 sine
489 1883 599 1940 ulla
647 1877 1046 1939 intermissione
1090 1883 1144 1930 te
1167 1871 1524 1935 celebramus,
1576 1863 1720 1937 quod
1748 1862 1801 1916 in

203 1989 350 2036 tanta
379 1977 644 2034 malorum
667 1971 917 2036 colluvie,
948 1975 1136 2038 totque
1163 1959 1474 2020 hominibus
1509 1958 1568 2012 in
1608 1953 1802 2027 praeci-

203 2071 333 2143 pitia
362 2079 419 2126 et
464 2065 714 2137 scopulos
756 2060 1054 2122 ruentibus,
1102 2064 1162 2115 tu
1219 2061 1425 2110 rectum
1475 2048 1584 2106 iter
1622 2056 1806 2109 tenere

205 2137 429 2220 minime
481 2155 751 2222 destitisti,
798 2170 860 2210 ea
905 2167 1024 2226 quae
1052 2149 1192 2206 facta
1217 2153 1344 2203 sunt
1379 2137 1804 2214 reprehendens,

203 2269 430 2326 eosque,
459 2267 490 2307 a
517 2249 713 2323 quibus
755 2245 894 2301 facta
941 2250 1087 2308 sunt,
1133 2250 1416 2303 aversans,
1456 2242 1517 2289 ut
1562 2229 1724 2288 etiam
1756 2237 1809 2284 te

206 2319 386 2400 facere
415 2319 511 2412 par
534 2319 636 2396 est.
684 2337 868 2407 anue
907 2333 977 2390 de
1023 2345 1184 2388 causa
1229 2337 1283 2385 te
1310 2324 1611 2388 hortamur,
1649 2329 1707 2374 ut
1754 2319 1806 2372 in

204 2433 421 2504 qregia
463 2431 562 2485 hac
608 2426 774 2482 animi
816 2420 1093 2482 alacritate
1145 2429 1391 2492 perstes,
1440 2413 1809 2484 maioremque

204 2526 368 2585 etiam
407 2521 585 2579 zelum
606 2533 717 2589 pra:
754 2526 807 2572 te
831 2517 991 2572 feras.
1025 2511 1144 2569 Scis
1179 2510 1325 2566 enim
1343 2522 1464 2580 qum
1488 2504 1641 2561 vobis
1662 2517 1810 2559 mer-

206 2627 301 2670 ces
345 2611 521 2666 futura
572 2609 662 2673 sit,
713 2621 834 2677 quae
888 2602 1130 2675 praemia,
1185 2612 1306 2670 quae
1353 2610 1594 2663 coronzn,
1647 2593 1695 2649 si
1733 2600 1814 2647 tot

207 2705 330 2759 aliis
351 2697 808 2772 perturbantibus,
836 2695 1164 2752 contrarium
1183 2699 1364 2757 tamen
1380 2690 1483 2745 iter
1505 2684 1808 2750 tenueritis,

208 2793 498 2852 maximam
529 2788 883 2862 praesentibus
909 2785 1063 2841 malis
1078 2781 1400 2840 medicinam
1433 2779 1558 2834 hinc
1578 2775 1809 2832 aﬁ‘ereno

210 2893 314 2942 tes.
344 2882 480 2938 Nam
507 2880 670 2952 quod,
704 2877 918 2934 etiamsi
955 2874 1378 2947 alioqui‘exiguo
1419 2875 1644 2925 numero
1671 2867 1810 2931 sitis,

211 2983 393 3040 tamen
423 2974 470 3028 si
521 2981 742 3028 strenuo
766 2984 830 3034 ac
879 2968 1002 3024 forti
1029 2967 1213 3022 animo
1255 2966 1310 3020 in
1349 2972 1630 3034 procinctu
1672 2968 1815 3015 stare

212 3066 516 3133 volueritis,
545 3063 780 3135 majores
807 3060 994 3132 copias
1032 3059 1103 3115 ob
1149 3057 1550 3129 improbitatem
1577 3052 1818 3126 glorian-

213 3171 294 3220 tes
318 3156 623 3232 superaturi
672 3154 814 3220 sitis,
863 3167 1024 3210 nemo
1068 3150 1278 3219 inficias
1306 3149 1449 3205 ierit.
1489 3146 1634 3202 Nihil
1669 3145 1817 3202 enim

214 3254 407 3310 fortius
429 3262 513 3309 est
536 3251 1054 3320 virtuteearumque
1079 3257 1258 3298 rerum
1289 3239 1673 3312 perquisitione
1698 3237 1819 3309 qui-

214 3345 317 3401 bus
373 3343 685 3416 praesidium
741 3337 997 3396 Ecclesiis
1047 3345 1410 3408 comparatur.
1469 3331 1605 3388 Cum
1658 3332 1820 3402 igitur

214 3437 453 3492 animum
487 3427 574 3489 ad
627 3435 898 3504 ingentem
941 3431 1031 3485 Dei
1086 3445 1243 3500 opem
1293 3429 1675 3483 accersendam
1704 3424 1820 3480 ido-

216 3541 376 3587 neum
406 3524 665 3589 habeatis,
720 3537 840 3592 qum
864 3530 1162 3580 vestrarum
1203 3519 1436 3590 partium
1465 3526 1611 3582 sunt,
1658 3516 1818 3571 velim

217 3616 503 3687 expleatis,
529 3629 732 3686 vosque
763 3629 858 3683 per
879 3611 1184 3683 hujusmodi
1222 3621 1459 3668 mentem
1485 3625 1550 3666 ac
1575 3609 1822 3666 volunta-

220 3721 327 3772 tem
355 3708 646 3764 firmissimi
687 3702 966 3778 cujusdam
1009 3704 1148 3760 muri
1188 3706 1356 3762 instar
1394 3703 1645 3759 omnibus
1671 3702 1822 3759 orbis

221 3802 478 3858 Ecclesiis
505 3799 818 3872 praebeatis.

300 3934 510 3990 LXXX
523 3933 620 3990 VI.
652 3933 792 3989 Mari
821 3935 1080 4004 episcopo.
1136 3931 1369 4003 (Scripta
1397 3945 1540 3986 anno
1563 3928 1726 4004 404.)

294 4070 365 4125 Et
400 4085 523 4124 cum
565 4075 856 4140 tempestas
885 4079 971 4133 ea,
1017 4080 1122 4137 qua
1169 4063 1409 4121 Ecclesia
1461 4063 1676 4120 turbata
1716 4073 1822 4130 est,

220 4163 545 4228 exoriretur,
592 4160 757 4216 animi
813 4159 891 4215 tui
943 4159 1303 4230 integritatem
1349 4167 1510 4229 atque
1564 4164 1825 4215 constan-

225 4255 352 4308 tiam
398 4253 770 4324 perspeximus
821 4261 924 4307 :et
971 4265 1114 4306 nunc
1153 4251 1282 4306 item
1330 4249 1827 4321 ingravescentibus

224 4346 380 4407 malis
404 4344 656 4416 pietatem
687 4353 832 4400 tuam
871 4344 928 4399 in
977 4342 1170 4399 iisdem
1207 4358 1394 4399 rursus
1421 4342 1678 4398 institutis
1707 4357 1828 4412 per-

225 4451 478 4493 severare
525 4436 895 4506 cognovimus.
959 4434 1144 4506 quue
1196 4433 1450 4498 nomine,
1509 4441 1617 4491 tam
1668 4434 1827 4504 longe

226 4529 353 4586 licet
388 4544 421 4585 a
461 4539 514 4584 te
543 4528 737 4595 dissiti,
804 4528 1046 4585 debitum
1104 4528 1198 4582 tibi
1252 4527 1592 4583 salutationis
1631 4542 1829 4582 munus

227 4619 610 4703 persolvimus,
669 4631 828 4691 teque
880 4619 1123 4676 mirificis
1176 4618 1425 4675 laudibus
1473 4618 1780 4674 extollimus
1808 4659 1824 4685 ,

227 4711 373 4785 quod
399 4727 522 4769 cum
550 4712 769 4782 plurimi
815 4727 911 4784 per
935 4726 999 4767 ea
1028 4712 1257 4779 scelera,
1286 4726 1408 4782 qua:
1435 4709 1695 4766 adversus
1723 4709 1828 4764 Ec-

228 4808 426 4864 clesias
464 4806 835 4877 designarunt,
855 4820 975 4861 sese
1001 4804 1055 4859 in
1086 4805 1308 4865 exitium
1335 4803 1639 4875 praecipites
1667 4802 1832 4860 dede-

229 4899 359 4966 rint,
391 4899 506 4968 ipse
531 4907 710 4953 tamen
735 4898 877 4950 viam
920 4895 1147 4951 aliorum
1200 4896 1306 4951 viae
1327 4894 1609 4950 adversam
1637 4902 1829 4950 tenue-

228 4990 326 5057 ris,
354 4977 611 5044 nimirum
636 4997 927 5057 eteorum,
959 4987 1051 5061 qui
1100 4988 1217 5044 haec
1241 4988 1359 5043 ausi
1392 4997 1536 5054 sunt,
1581 5001 1838 5058 congres-

232 5096 348 5138 sum
374 5081 674 5152 defugiens,
704 5090 758 5136 et
782 5096 923 5146 eam,
951 5095 1072 5152 qua:
1093 5088 1147 5136 te
1171 5079 1331 5152 digna
1360 5089 1497 5146 erat,
1528 5079 1833 5135 libertatem

229 5172 492 5229 retinens.
537 5173 790 5243 Cogitans
830 5173 1028 5244 itaque,
1061 5182 1255 5242 quanta
1312 5172 1558 5244 praeclari
1611 5171 1836 5242 hujusce

231 5265 304 5321 tui
334 5263 462 5320 facti
487 5264 798 5336 magnitudo
827 5264 916 5330 sit,
952 5274 1273 5335 quantaeque
1322 5263 1517 5331 laudis,
1569 5264 1832 5333 improbis

229 5355 455 5410 minime
483 5355 899 5422 obsecundasse,
925 5365 1085 5427 atque
1107 5355 1236 5411 illud
1263 5364 1545 5426 praeterea,
1574 5363 1832 5411 constan-

232 5461 340 5506 tem
395 5451 538 5505 hanc
565 5460 798 5506 vestram
831 5452 1148 5522 firmamque
1202 5454 1522 5508 sententiam
1550 5453 1831 5524 depellen-

230 5543 422 5599 dorum
439 5542 703 5600 malorum
721 5545 860 5600 viam
887 5559 950 5600 ac
970 5545 1291 5616 przelhdium
1315 5546 1429 5601 fore
1449 5586 1464 5611 ,
1497 5545 1601 5611 fac,
1625 5561 1832 5617 quaeso,

233 5643 290 5691 ut
315 5637 768 5709 quemadmodum
809 5654 839 5694 a
885 5649 938 5696 te
968 5641 1287 5711 postulatur,
1321 5649 1544 5697 strenuo
1572 5641 1753 5696 animo
1781 5641 1833 5696 iu

236 5729 518 5797 procinctu
547 5738 679 5798 stes,
723 5739 885 5804 atque
914 5730 1050 5789 alios
1077 5747 1173 5804 pro
1202 5733 1340 5790 virili
1389 5740 1480 5790 tua
1510 5731 1832 5790 cohortcris.

1699 283 2080 348 εριδτοιι.

3380 238 3482 295 654

1893 690 1998 749 que
2023 686 2182 745 openi
2205 667 2484 726 aﬂerente.

1966 783 2175 842 LXXX
2189 780 2320 838 ΥΠ.
2347 777 2566 854 Ειιιοςὶο
2584 776 2839 845 episcopo.
2867 766 3103 839 (Scripta
3118 775 3263 817 anno
3283 754 3434 822 404.)

1967 896 2223 968 Quamvis
2248 893 2327 950 ad.
2340 899 2613 948 extremos
2657 899 2825 956 usque
2859 880 3009 937 orbis
3033 888 3282 934 recessus
3329 884 3497 925 vene-

1897 967 2089 1057 rimus,
2118 997 2304 1044 tamen
2326 992 2431 1040 tua
2481 977 2723 1037 caritatis
2761 971 3014 1030 oblivisci
3056 967 3280 1024 minime
3306 975 3503 1036 possur

1887 1098 2043 1150 Vnius,
2065 1055 2258 1138 verum
2289 1093 2408 1136 eam
2431 1075 2632 1147 passim
2662 1066 3095 1128 circuniferimus
3122 1081 3138 1118 :
3165 1075 3337 1132 usque
3365 1055 3505 1113 adeo

1903 1191 2000 1232 nos
2029 1216 2046 1242 ,
2116 1168 2572 1229 reverendissime
2639 1179 2703 1221 ac
2757 1157 3164 1233 religiosissime
3238 1150 3459 1208 domine
3483 1187 3501 1213 ,

1902 1451 1987 1508 bis
2027 1450 2187 1516 loco,
2230 1443 2612 1515 benignitatem
2668 1448 2837 1503 tuam,
2899 1432 3242 1494 suavitatem,

1905 1514 2236 1606 facilitatem,
2265 1514 2535 1592 sinceram
2583 1529 2749 1586 animi
2780 1523 3222 1599 propensionem,
3276 1514 3516 1572 acrimoo

1906 1604 2276 1697 niam-zelum
2305 1627 2496 1700 quovis
2524 1626 2646 1696 igne
2675 1620 3082 1684 ferventiorem,
3111 1621 3340 1670 caeteras
3361 1604 3518 1663 deni-

1909 1741 2016 1798 que
2041 1721 2232 1779 omnes
2259 1730 2379 1776 tuas
2396 1719 2627 1775 virtutes
2645 1729 2768 1772 cum
2794 1709 2991 1769 animis
3019 1704 3220 1763 nostris
3239 1707 3518 1772 reputare,

1907 1827 2069 1888 atque
2101 1812 2367 1886 ejusmodi
2392 1808 2778 1881 cogitationum
2805 1800 3123 1858 memoriam
3150 1806 3361 1852 summa
3389 1803 3516 1848 cum

1907 1908 2182 1978 voluptate
2207 1917 2491 1973 usurpare,
2532 1899 2835 1968 mentisque
2865 1903 2972 1948 tum
3004 1889 3314 1946 firmitatem
3343 1891 3508 1952 atque

1910 1974 2286 2063 constantiam,
2319 2010 2484 2068 quam
2505 1989 2797 2051 exhibuisti
2839 1987 3100 2042 adversus
3123 1996 3220 2038 eos
3248 1978 3340 2050 qui
3367 1974 3517 2032 veri-

1913 2091 2224 2149 tati'bellum
2251 2067 2566 2149 intulerunt,
2593 2082 2891 2150 orbemque
2919 2086 2998 2133 tot
3021 2071 3294 2133 scandulis
3323 2067 3521 2139 imple-

1911 2190 2122 2248 verunt,
2154 2178 2296 2252 apud
2342 2190 2534 2234 omnes
2580 2171 2876 2245 praedicare
2917 2167 3142 2224 minime
3188 2161 3524 2252 desinimus;

1913 2273 2127 2332 etiamsi
2178 2249 2382 2342 alioqui
2429 2267 2536 2324 hoc
2560 2265 2756 2337 linguae
2786 2267 2987 2318 nostra
3013 2255 3252 2312 ofﬁcium
3301 2249 3527 2307 minime

1914 2368 2181 2438 requiras,
2220 2379 2343 2421 cum
2374 2371 2428 2416 tu
2475 2359 2665 2431 quavis
2710 2356 2839 2412 tuba
2887 2353 3109 2418 clarius,
3154 2346 3298 2420 apud
3335 2356 3527 2401 omnes

1914 2459 2250 2523 Orientales,
2281 2466 2338 2512 et
2357 2469 2520 2527 quam
2549 2451 2865 2523 longissime
2884 2446 3106 2504 dissitos
3128 2441 3400 2506 homines,
3429 2450 3529 2507 per

1915 2566 2005 2609 res
2033 2552 2179 2621 ipsas
2205 2547 2259 2604 id
2283 2544 2661 2618 promulgaris.
2692 2542 2812 2608 Quo
2837 2537 3053 2609 quidem
3080 2532 3298 2590 nomine
3319 2527 3526 2600 gratias

1918 2645 2014 2699 tibi
2033 2643 2265 2715 agimus,
2292 2648 2455 2711 teque
2474 2638 2692 2694 beatum
2713 2632 3074 2705 praedicamus
3097 2642 3161 2682 ac
3177 2622 3523 2695 suspicimus,

1916 2745 2080 2806 atque
2099 2735 2398 2799 hortamur,
2427 2737 2488 2786 ut
2515 2726 2766 2784 eunidem
2791 2724 2966 2780 selum
2994 2735 3105 2793 prs:
3147 2727 3203 2773 te
3228 2717 3374 2773 ferre
3403 2727 3530 2783 per-

1920 2802 2037 2897 gas.
2065 2825 2252 2896 Neque
2297 2821 2444 2882 enim
2489 2820 2633 2892 par-is
2684 2815 2858 2872 laudis
2882 2821 2989 2880 est,
3039 2811 3204 2868 rebus
3257 2821 3327 2862 ex
3365 2802 3533 2897 animi

1918 2896 2184 2974 sententia
2210 2913 2521 2979 ﬂuentibus,
2579 2907 2904 2980 integritatis
2948 2902 3223 2976 specimen
3249 2896 3529 2962 exhibere,

1917 3019 1972 3066 et
2001 3023 2124 3064 cnm
2154 3005 2305 3062 multi
2347 3005 2458 3060 sint
2480 3003 2572 3074 qui
2620 2999 2892 3056 Ecclesias
2948 3005 3194 3052 evertere
3237 2995 3530 3054 conentur,

1925 3116 2031 3158 non
2061 3110 2242 3155 tamen
2270 3096 2446 3166 decipi
2476 3111 2541 3150 ac
2566 3089 2958 3156 circumscribi,
3004 3086 3102 3144 sed
3149 3085 3369 3140 firmum
3419 3095 3536 3137 ma-

1923 3201 2072 3256 nere.
2105 3205 2200 3248 eos
2224 3203 2330 3259 qua
2358 3186 2517 3246 decet
2555 3183 2722 3248 animi
2752 3177 3121 3252 magnitudine
3163 3181 3535 3232 aversantem.

1925 3284 2110 3355 Neque
2136 3281 2284 3339 enim
2307 3295 2495 3351 parva,
2528 3291 2715 3332 verum
2746 3287 3007 3344 perquam
3049 3269 3240 3342 ingens
3267 3267 3536 3324 malorum

1924 3374 2194 3431 medicina
2225 3372 2344 3427 haec
2371 3379 2475 3426 cst.
2520 3365 2678 3435 Quod
2702 3375 2905 3431 autem,
2927 3364 3130 3435 pietate
3156 3370 3245 3416 tua
3291 3358 3360 3415 ad
3391 3359 3549 3414 hunc,

1925 3465 2142 3523 modum
2165 3479 2225 3520 se
2247 3471 2489 3535 gerente,
2513 3475 2704 3517 omnes
2726 3456 2934 3514 domini
2951 3456 3055 3512 mei
3087 3451 3533 3511 reverendissimi

1923 3568 1980 3615 et
2005 3555 2395 3628 religiosissimi
2425 3553 2729 3609 Palaestinae
2767 3549 3006 3621 episcopi
3032 3545 3269 3618 vestigiis
3299 3545 3407 3600 tuis
3435 3543 3542 3599 hm-

1932 3652 2045 3706 δυτί
2075 3651 2206 3717 sint,
2235 3647 2458 3708 minime
2485 3645 2582 3701 tibi
2607 3643 2829 3701 dubium
2857 3657 2980 3699 esse
3005 3639 3190 3697 credo.
3230 3637 3368 3695 lllud
3393 3637 3540 3693 enim

1929 3743 2062 3799 mihi
2089 3739 2584 3813 exploratissimum
2609 3746 2714 3804 est,
2745 3735 2863 3792 fore
2890 3744 2948 3789 ut
2976 3734 3031 3789 in
3051 3723 3331 3804 praeclaris
3357 3727 3539 3800 hujus-

1927 3832 2074 3894 modi
2124 3831 2303 3900 factis,
2329 3831 2470 3885 sicut
2510 3844 2709 3899 corpus
2747 3826 2907 3897 capiti
2952 3824 3264 3895 adiunctum
3302 3831 3411 3889 est,
3460 3820 3542 3876 sic

1927 3940 2024 3986 eos
2043 3924 2160 3994 ipse
2187 3937 2311 3978 cum
2353 3919 2593 3975 caritatis
2624 3927 2729 3974 tua:
2749 3917 3018 3972 suavitate
3042 3921 3335 3971 connectas
3359 3927 3424 3966 ac
3447 3926 3542 3968 ve.

1929 4018 2009 4073 lut
2036 4014 2242 4072 catenis
2270 4013 2575 4084 adstringas
2610 4029 2623 4066 :
2657 4010 2802 4083 quod
2831 4009 3050 4081 quidem
3079 4007 3376 4070 maximum
3406 4019 3544 4076 quo-

1929 4125 2035 4182 que
2066 4119 2173 4165 tua:
2197 4108 2410 4164 virtutis
2445 4114 2823 4177 argumentum
2853 4111 2957 4158 est.

1931 4223 2138 4282 LXXX
2151 4221 2318 4281 Y1“.
2345 4221 2544 4277 Joanni
2580 4221 2815 4293 episcopo
2851 4217 3340 4289 Hierosolymam.
3371 4213 3545 4286 (Scri-

2359 4323 2451 4385 pta
2506 4313 2704 4368 Cucusi
2741 4327 2884 4376 anno
2939 4312 3106 4380 404.)

2004 4427 2279 4484 Cucusum
2307 4425 2528 4497 relegati
2566 4438 2774 4491 sumus,
2801 4437 2903 4479 nec
2942 4432 3120 4478 tamen
3145 4435 3174 4475 a
3202 4427 3382 4477 vestra
3407 4414 3549 4476 carl-

1935 4529 2045 4577 tate
2081 4519 2294 4575 semoti.
2334 4517 2470 4574 Illud
2520 4515 2722 4574 etenim
2751 4516 2804 4572 in
2835 4515 3060 4569 aliorum
3091 4518 3354 4584 potestate
3382 4510 3546 4564 situm

1936 4625 2071 4682 erat,
2097 4615 2200 4671 hoc
2217 4623 2400 4669 autem
2425 4613 2478 4667 in
2506 4620 2713 4667 nostra.
2744 4608 3104 4678 Quamobrem
3149 4604 3237 4661 hic
3263 4605 3547 4676 degentes,

1937 4723 2002 4764 ac
2046 4716 2194 4763 tanto
2219 4704 2502 4761 intervallo
2529 4703 2725 4768 dissiti,
2764 4698 3098 4756 venerationi
3129 4706 3322 4752 vestra:
3351 4693 3550 4752 scribi-

1937 4815 2097 4866 mus;
2125 4813 2330 4870 vosque
2358 4798 2657 4862 hortamur,
2698 4805 2757 4851 ut
2778 4792 3148 4854 fortitudinem
3189 4805 3336 4857 eam,
3386 4802 3549 4860 quam

1938 4894 2008 4949 ab
2037 4891 2188 4947 initio
2217 4890 2560 4961 praestitistis,
2613 4887 2682 4942 ab
2725 4901 2914 4943 eorum
2947 4882 3203 4942 nimirum
3245 4888 3412 4948 cmtu,
3458 4879 3551 4950 qui

1939 4984 2208 5048 Eccle’sias
2225 4993 2305 5038 tot
2326 4982 2640 5039 tumultibus
2656 4980 3034 5050 impleverunt,
3062 4991 3158 5032 vos
3180 4983 3550 5038 removentes,

1940 5091 2084 5132 nunc
2136 5089 2350 5147 quoque
2398 5071 2698 5139 retineatis,
2743 5083 3036 5142 paremque
3082 5067 3394 5138 prmludiis,
3441 5064 3554 5120 imo

1940 5173 2104 5228 etiam
2160 5171 2320 5241 longe
2347 5167 2762 5241 splendidiorem
2804 5165 2966 5220 finem
3015 5162 3323 5233 imponatis.
3365 5159 3555 5230 Neque

1943 5267 2087 5322 enim
2120 5279 2282 5341 parva
2309 5245 2433 5318 hinc
2458 5261 2612 5317 vobis
2639 5271 2848 5314 merces
2870 5256 3162 5313 constituta
3199 5253 3322 5319 erit,
3371 5251 3417 5308 si
3454 5264 3555 5306 eos

1943 5363 2033 5433 qui
2061 5369 2262 5415 tantam
2314 5363 2685 5429 tempestatem
2732 5353 3078 5417 invexerunt,
3131 5348 3554 5416 universumque

1946 5470 2083 5525 pene
2127 5454 2390 5510 terrarum
2420 5449 2605 5506 orbem
2656 5454 2735 5502 tot
2764 5445 3028 5502 scandulis
3071 5441 3450 5512 impleverunt,
3496 5445 3557 5492 ut

1949 5565 2044 5620 par
2070 5557 2173 5614 est,
2204 5542 2550 5609 averscmini,
2580 5555 2680 5597 nec
2694 5538 2986 5611 quidquam
3004 5551 3125 5592 cum
3147 5534 3250 5590 illis
3265 5537 3552 5589 commune

1951 5642 2215 5699 habeatis.
2249 5639 2366 5696 Hoc
2411 5637 2778 5696 Ecclesiarum
2805 5633 3112 5706 praesidium
3157 5638 3261 5698 cst,
3303 5627 3408 5683 hoc
3432 5638 3554 5681 mn-

1950 5750 2064 5806 rus,
2097 5734 2199 5793 hoc
2239 5747 2454 5793 corona:
2494 5737 2686 5789 vestrae
2722 5737 2885 5799 atque
2929 5725 3168 5801 praemia.
3214 5721 3339 5779 llccc
3395 5716 3558 5792 igitur
