4078 6458
549 275 657 335 155

545 404 668 446 eum
697 389 788 447 tibi
808 397 1081 464 perspecta
1108 391 1235 462 sint,
1262 391 1477 451 domine
1503 395 1575 450 mi
1601 399 2047 460 reverendissime
2065 415 2129 460 ac

544 481 974 553 religiosissime,
1001 483 1068 538 da
1095 498 1312 554 operam
1335 526 1364 553 ,ε
1403 494 1472 544 ut.
1504 486 1776 548 Ecclesias
1823 491 1924 549 hoc
1975 493 2133 548 modo

543 575 893 635 eommunias,
912 573 1291 644 amplissimam
1313 576 1438 634 hinc
1451 580 1758 638 mercedem
1774 591 2091 652 exspectans
2113 606 2129 642 :

547 663 842 733 nostrique,
869 666 956 735 qui
999 665 1250 735 pietatem
1297 677 1442 724 tuam
1473 671 1629 727 valde
1665 687 1925 742 amamus,
1971 687 2131 746 atque

543 768 610 808 ex
635 761 722 808 tua
747 754 1114 812 benevolentia
1144 759 1460 828 pendemus,
1486 759 1572 818 fac
1597 772 1851 832 perpetuo
1867 766 2128 822 memine-

543 844 641 898 ris.
663 843 794 899 Nam
831 846 961 915 ipsis
983 849 1234 917 operibus
1256 850 1536 908 didicimus
1551 892 1567 918 ,
1595 862 1846 923 quantam
1868 869 1994 926 erga
2023 870 2120 911 nos

541 933 821 990 caritatem
842 951 952 1006 prae
974 946 1026 993 te
1055 938 1258 994 tuleris.

543 1062 854 1123 LXXXIX.
911 1068 1188 1130 Theodosio
1229 1071 1559 1145 Scythopolis
1594 1076 1849 1149 episcopo.
1896 1079 2125 1152 (Cucuso

1175 1177 1316 1220 anno
1343 1165 1495 1238 ιω.)

609 1287 972 1361 Nosquidem,
1013 1295 1059 1349 si
1087 1295 1189 1352 ioci
1215 1298 1352 1354 ratio
1378 1298 1660 1372 habeatur,
1694 1307 1876 1375 procul
1915 1322 1946 1363 a
1973 1309 2123 1364 vobis

543 1378 848 1438 distamus:
889 1385 935 1440 si
973 1395 1151 1442 autem
1201 1390 1457 1458 caritatis,
1508 1409 1673 1466 prope
1706 1413 1910 1466 sumus,
1965 1412 2124 1470 atque

538 1471 724 1527 animo
748 1474 863 1544 ipso
888 1479 1317 1550 constringimur.
1342 1482 1472 1537 Nam
1490 1499 1553 1540 ea
1578 1489 1774 1542 amoris
1795 1498 1984 1545 natura
2015 1502 2119 1560 est,

540 1571 599 1616 ut
621 1577 722 1619 nec
745 1564 864 1622 loco
891 1565 1229 1636 prohibeatur
1249 1613 1265 1639 ,
1295 1588 1395 1629 nec
1423 1574 1522 1630 vim
1550 1575 1936 1650 longinquitate
1961 1596 2119 1639 coer~

540 1661 745 1722 ceatur,
772 1671 957 1712 verum
981 1673 1077 1729 per
1111 1661 1417 1718 universum
1467 1673 1728 1723 terrarum
1756 1671 1942 1727 orbem
1970 1672 2124 1730 facile

539 1745 802 1812 provoiet,
832 1755 993 1818 atque
1024 1764 1146 1806 cum
1184 1751 1251 1808 iis
1266 1753 1358 1824 qui
1382 1766 1645 1822 amantur,
1685 1762 2119 1820 consuetudinem

540 1833 749 1893 habeat.
781 1838 932 1908 Quod
954 1842 1116 1898 etiam
1160 1860 1302 1901 nunc
1347 1848 1592 1917 facimus,
1615 1853 1704 1922 qui
1736 1868 1836 1908 vos
1861 1855 1912 1909 in
1941 1858 2121 1913 animo

537 1929 973 1990 circumferimus.
1007 1935 1084 1991 Ac
1121 1952 1390 2009 rogamus,
1441 1950 1495 1997 ut
1527 1945 1976 2014 quemadmodum
2016 1965 2118 2004 an-

541 2020 694 2078 tehac
714 2025 908 2095 vosipsi
930 2027 1084 2084 vobis
1108 2043 1499 2100 ornamentum,
1525 2043 1687 2108 atque
1708 2037 1963 2098 Ecclesiis
1978 2057 2116 2112 prte—

536 2112 729 2169 sidium
751 2117 1020 2185 attulistis,
1045 2121 1123 2176 sic
1149 2123 1308 2178 etiam
1343 2140 1487 2181 nunc
1531 2127 1735 2184 faciatis
1763 2148 1778 2184 :
1805 2146 2005 2204 eosque
2028 2138 2118 2205 qui

536 2212 612 2258 tot
658 2207 913 2264 tumultus
963 2209 1016 2264 in
1048 2218 1311 2268 terrarum
1359 2216 1554 2273 orbem
1596 2220 1911 2292 injecerunt,
1961 2234 2121 2296 atque

535 2295 804 2354 Ecclesias
828 2302 1224 2371 perturbarunt,
1251 2320 1313 2360 ea
1342 2321 1500 2377 quam
1531 2311 1769 2366 muneris
1796 2315 1959 2370 vestri
1982 2319 2118 2372 ratio

535 2389 771 2455 postulat
814 2391 974 2447 animi
1025 2396 1385 2466 magnitudine
1428 2403 1763 2458 aversemini.
1818 2405 1931 2462 Hoc
1973 2411 2115 2465 enim

533 2476 866 2547 depellenda:
891 2488 1219 2555 tempestatis
1248 2489 1453 2546 initium
1480 2502 1599 2560 est,
1627 2494 1730 2552 hoc
1757 2498 2116 2557 Ecclesiarum

532 2573 808 2638 securitas,
858 2573 957 2629 hoc
983 2577 1247 2632 maiorum
1273 2582 1556 2650 medicina,
1589 2601 1710 2640 cum
1738 2589 1990 2646 nimirum
2020 2608 2122 2648 vos

531 2660 620 2726 qui
647 2664 762 2718 sani
802 2665 950 2728 estis,
993 2681 1179 2723 eorum
1206 2672 1294 2739 qui
1342 2673 1644 2742 hujusmodi
1679 2680 1879 2734 scelera
1919 2697 2110 2753 perpe-

533 2759 692 2818 trant,
722 2767 993 2825 aspectum
1032 2757 1296 2831 defugitis,
1325 2763 1562 2836 nihilque
1585 2783 1707 2824 cum
1736 2771 1816 2826 eis
1842 2786 2109 2832 commer.

532 2843 601 2898 cii
622 2843 847 2904 habetis.
877 2849 1006 2918 Quae
1030 2867 1151 2908 cum
1173 2854 1243 2909 ita
1270 2857 1395 2924 sint,
1426 2859 1503 2914 rei
1535 2861 1754 2932 hujusce
1783 2870 2107 2940 mercedem,

532 2945 587 2991 et
610 2952 836 2994 coronas
855 2941 925 2996 ob
947 2957 1065 2998 eam
1095 2959 1308 3002 causam
1338 2952 1655 3008 conStitutas
1687 2996 1704 3020 ,
1732 2959 1913 3014 animo
1939 2968 1993 3014 et
2014 2977 2110 3018 en-

530 3029 782 3097 gitationc
819 3034 1198 3104 complectens,
1250 3040 1318 3094 ad
1359 3041 1462 3097 hoc
1502 3044 1672 3113 ipsum
1699 3089 1713 3114 ,
1743 3064 1943 3118 quaeso,
1990 3068 2148 3110 eam'

530 3131 688 3188 quam
716 3137 814 3191 par
829 3133 930 3190 est,
953 3127 1116 3182 animi
1132 3131 1546 3200 magnitudinem
1574 3148 1787 3204 priests,
1813 3145 2103 3214 nostrique,

528 3211 617 3279 qui
647 3222 698 3267 te
723 3228 980 3282 amamus,
1004 3219 1307 3277 meminisse
1333 3238 1399 3278 ne
1426 3225 1762 3283 intermittas.
1787 3231 1936 3299 Quod
1959 3211 2104 3292 si—l'e-

527 3303 686 3369 ceris,
717 3318 830 3359 rem
855 3306 1005 3361 nobis
1033 3309 1383 3378 gratissimam
1405 3314 1612 3371 feceris.

701 3438 811 3496 XC.
843 3439 1015 3514 Moysi
1056 3445 1306 3524 episcopo.
1341 3447 1568 3521 (Scripta
1608 3468 1749 3511 anno
1773 3457 1926 3530 404.)

598 3574 732 3640 Etsi,
761 3585 817 3632 ut
842 3591 980 3642 eam,
1012 3597 1169 3650 quam
1190 3588 1457 3649 convenit,
1485 3589 1646 3644 animi
1672 3593 2093 3661 magnitudinem

526 3677 767 3734 prurstes,
805 3684 1009 3741 eosque
1039 3675 1126 3742 qui
1171 3684 1248 3730 tot
1295 3679 1447 3733 malis
1477 3679 1739 3737 Ecclesias
1782 3685 2095 3754 aﬁ'ecerunt,

525 3774 587 3813 ac
619 3771 874 3818 terrarum
911 3765 1093 3821 orbem
1125 3772 1435 3828 tumultibus
1465 3775 1852 3845 impleverunt,
1879 3777 2097 3839 averse-

525 3852 616 3915 ris,
652 3862 704 3907 te
731 3855 904 3910 literis
923 3859 1114 3913 nostris
1143 3862 1386 3933 indigere
1408 3868 1624 3923 minime
1663 3871 1942 3938 existimo;
1975 3890 2098 3929 nam

524 3944 580 3999 id
626 3947 785 4003 rebus
827 3949 954 4019 ipsis
980 3952 1255 4009 deelarasti
1288 3973 1300 4008 :
1349 3970 1522 4012 tamen
1555 3964 1804 4030 quoniam
1843 3972 1894 4019 te
1940 3982 2098 4036 quam

524 4036 836 4106 saepissime,
865 4050 921 4095 et
948 4045 1131 4111 quavis
1154 4046 1329 4100 oblata
1350 4046 1655 4114 occasione,
1679 4054 1929 4117 saltuare.
1965 4056 2098 4112 anti~

524 4127 782 4193 quissimo
796 4130 924 4184 mihi
937 4133 1113 4188 studio
1133 4144 1234 4199 est,
1262 4153 1402 4192 nunc
1426 4155 1637 4209 quoque
1661 4142 1798 4196 idem
1823 4159 1853 4198 a
1877 4153 1927 4200 te
1952 4156 2096 4216 peto,

523 4228 577 4271 ut
605 4220 668 4272 ad
717 4234 901 4275 eorum
952 4236 1125 4281 canus
1152 4227 1447 4296 fugiendos,
1477 4246 1615 4295 eam,
1662 4250 1818 4303 quam
1874 4252 1968 4307 par
1993 4250 2095 4304 est,

530 4311 690 4364 anitui
738 4313 1093 4371 fortitudinem
1134 4317 1414 4387 adhibeas,
1454 4323 1694 4394 aliosque
1717 4329 1874 4382 etiam
1905 4329 1970 4382 ad
1997 4331 2098 4385 hoc

524 4401 698 4473 ipsum
719 4405 1032 4464 cohorteris.
1063 4408 1245 4481 Neque
1273 4414 1412 4468 enim
1443 4414 1565 4470 hinc
1595 4433 1754 4486 parva
1777 4421 1927 4475 vobis
1949 4438 2093 4478 mer-

521 4509 612 4549 ces
650 4498 935 4554 constituta
975 4502 1099 4565 erit,
1127 4504 1170 4557 si
1216 4519 1312 4561 eos
1342 4509 1432 4577 qui
1473 4516 1673 4564 tantam
1727 4521 2094 4582 tempestatem

519 4587 840 4656 excitarunt,
883 4602 1042 4664 atque
1089 4594 1381 4653 innumeris
1413 4601 1677 4657 scandaiis
1707 4612 1872 4659 totum
1911 4607 2097 4665 orbem

518 4681 893 4752 impleverunt,
944 4687 1389 4755 quemadmodum
1420 4690 1593 4758 decet,
1635 4698 1915 4752 averseris.
1959 4698 2092 4755 Nam

521 4773 621 4830 hac
648 4775 854 4833 ratione
877 4793 966 4834 res
991 4780 1071 4834 vel
1091 4783 1320 4839 maxime
1341 4786 1686 4844 sanabuntur.
1715 4788 1889 4846 Nostri
1910 4794 2089 4858 etiam,

519 4865 606 4931 qui
655 4874 706 4925 te
753 4869 1082 4924 carissimum
1132 4872 1389 4930 habemus
1414 4916 1434 4938 ,
1477 4888 1739 4946 perpetuo
1789 4883 2094 4941 memineris

523 4954 698 5008 velim.
724 4956 840 5013 Scis
874 4959 1016 5015 enim
1043 4977 1148 5031 quo
1177 4965 1354 5021 animo
1392 4980 1516 5038 erga
1556 4975 1607 5024 te
1648 4967 1902 5029 hactenus
1926 4972 2090 5030 tueri.-

519 5060 659 5111 mus,
687 5056 744 5102 et
770 5063 981 5120 semper
1004 5051 1190 5110 simus.

599 5177 746 5234 XCI.
777 5179 1008 5238 Romano
1025 5184 1308 5258 presbytero
1331 5189 1371 5244 ¹.
1401 5189 1643 5262 (Cucuso
1671 5207 1813 5250 anno
1842 5197 2004 5269 404.)

589 5311 644 5364 id
674 5328 884 5384 quoque
915 5325 1060 5371 tuum
1090 5329 1192 5386 est,
1224 5325 1501 5395 magnique
1543 5327 1617 5382 tui
1658 5338 1714 5386 et
1749 5331 1988 5387 sublimis
2031 5349 2093 5390 ac

519 5402 866 5475 philosophici
893 5411 1077 5476 animi,
1124 5430 1192 5468 ne
1238 5417 1289 5470 in
1325 5426 1471 5474 tanta
1516 5421 1731 5491 quidem
1778 5432 2093 5493 tempestate

519 5502 717 5549 nostra:
763 5501 997 5557 caritatis
1021 5503 1278 5573 oblivisci,
1319 5523 1501 5564 verum
1547 5509 1761 5568 ﬁrmum
1792 5523 1952 5585 atque
1990 5518 2091 5571 im-

518 5593 721 5646 Mum
747 5605 1055 5658 permanere
1083 5613 1424 5671 amoremque
1449 5617 1572 5674 erga
1599 5619 1698 5660 nos
1729 5615 1877 5662 tuum
1905 5609 2092 5677 vigen-

583 5695 604 5731 ⁸
637 5702 883 5757 Ver
904 5707 1068 5773 habet,
1099 5720 1302 5765 nontam
1330 5714 1606 5782 presbytero
1626 5716 1874 5771 Who.

1291 282 1348 339 S.
1388 281 1665 342 JOANNIS
1701 283 2179 345 CIIBYSOSTOHI
2216 285 2530 346 .‘lllCﬂlEP.
2570 289 3104 352 CONSTANTINOP.

3729 285 3837 341 ὣιῖ

2241 411 2350 464 tem
2397 404 2648 462 retinere.
2684 405 2816 464 Nam
2848 410 2951 464 hoc
2985 424 3053 464 ex
3083 408 3148 464 iis
3173 420 3402 478 quoque,
3425 406 3704 480 qul'istinc
3728 422 3828 464 ve-

2237 497 2414 565 niuut,
2459 507 2644 568 aperte
2669 501 3046 570 cognovimus,
3075 515 3140 556 ac
3174 501 3323 572 prius
3347 501 3530 566 etiam,
3571 515 3738 573 quam
3771 501 3826 556 id

2235 586 2304 641 ab
2319 586 2438 643 aliis
2458 590 2778 659 acciperem,
2799 605 2863 645 ex
2873 591 3133 659 ploratum
3156 590 3437 648 habebam.
3460 589 3653 651 Notam
3679 592 3834 646 enim

2236 675 2409 733 habeo
2433 679 2596 734 animi
2626 680 2698 734 tui
2721 680 3028 740 ﬁrmitatem
3047 691 3209 752 atque
3229 681 3607 747 constantiam,
3633 681 3832 736 lixam-

2234 782 2339 838 que
2377 777 2436 824 et
2485 769 2758 826 immotam
2786 781 2930 826 tuam
2956 774 3297 835 sententiam.
3323 773 3509 844 quue
3533 772 3702 830 etiam
3729 787 3831 828 no.

2233 858 2378 912 mine
2415 859 2656 930 ingentes
2684 861 2865 930 pietati
2900 871 3002 916 tute
3029 863 3232 933 gratias
3260 862 3436 918 habeo
3465 879 3480 916 :
3512 871 3671 932 teque
3703 876 3828 926 oro,

2231 965 2294 1005 ac
2312 954 2502 1007 summi
2530 953 2772 1008 beneﬁcii
2797 954 2917 1010 loco
2943 955 2998 1009 id
3017 956 3114 1010 abs
3145 965 3196 1010 te
3218 965 3364 1024 peto,
3384 962 3442 1014 ut
3467 969 3588 1011 cum
3608 954 3830 1011 licuerit

2230 1041 2296 1094 ad
2322 1057 2421 1098 nos
2466 1041 2691 1100 scribas.
2723 1044 2844 1100 Scis
2869 1045 3015 1102 enim
3061 1057 3281 1114 quanta,
3328 1046 3492 1101 etiam
3547 1046 3602 1100 in
3642 1044 3826 1101 aliena

2233 1132 2451 1202 regione
2470 1133 2747 1204 degentes,
2779 1135 3146 1191 consolatione
3181 1135 3501 1201 aﬂieiamur,
3529 1149 3655 1191 cum
3695 1135 3825 1192 lite-

2233 1235 2321 1276 ras
2347 1237 2464 1291 qua:
2486 1237 2585 1280 nos
2613 1223 2682 1281 de
2707 1235 2796 1280 tua
2825 1225 3127 1281 valetudine
3165 1225 3424 1280 certiores
3454 1224 3654 1280 faciant
3678 1225 3828 1280 acci-

2231 1313 2422 1380 pimus.
2448 1312 2524 1369 Te
2559 1314 2757 1385 quippe
2788 1316 2992 1387 integra
3018 1326 3179 1386 atque
3227 1317 3480 1374 incolumi
3510 1316 3824 1374 valetudine

2229 1419 2348 1459 esse
2395 1404 2738 1462 vehementer
2790 1409 3072 1479 cupimus,
3125 1409 3554 1479 quandoquidem
3617 1408 3828 1465 sanitas

2210 1509 2439 1565 quoque
2470 1508 2556 1551 tua
2602 1499 2781 1553 multis
2809 1499 3107 1554 subsidium
3157 1509 3213 1555 et
3248 1509 3433 1569 portus
3455 1515 3519 1556 ac
3564 1499 3824 1558 bacillum

2227 1595 2329 1653 est,
2356 1597 2515 1659 atque
2545 1587 2946 1649 innumerorum
2973 1605 3317 1647 successuum
3355 1593 3596 1647 materia.

2299 1718 2476 1777 xcu.
2505 1720 2676 1794 Moysi
2702 1723 3036 1795 presbytero‘.
3055 1724 3159 1796 (Ab
3187 1739 3330 1781 anno
3353 1724 3459 1781 sos
3483 1724 3552 1781 ad
3576 1725 3744 1797 tor.)

2296 1855 2535 1915 Laudum
2565 1872 2773 1926 earum,
2801 1875 2934 1930 quas
2961 1859 3118 1921 nobis
3143 1861 3314 1920 literis
3340 1861 3446 1916 tuis
3471 1861 3824 1926 tribuis.ma-

2225 1947 2442 2016 gnitudo
2485 1950 2792 2006 tenuitatem
2848 1962 3087 2010 nostram
3140 1953 3298 2025 longe
3337 1963 3575 2025 superat.
3615 1954 3824 2023 Quam-

2224 2037 2408 2093 obrem
2433 2037 2516 2096 his
2533 2040 2765 2107 omissis,
2795 2042 2952 2097 velim
2996 2052 3104 2098 tum
3145 2058 3244 2113 pro
3287 2044 3510 2113 publicis
3545 2044 3824 2101 Ecclesia-

2224 2145 2340 2186 rum
2381 2133 2705 2197 commodis,
2738 2144 2848 2193 tum
2891 2151 2991 2206 pro
3021 2153 3106 2193 me
3132 2137 3219 2196 vili
3268 2136 3589 2194 homunculo
3628 2153 3821 2208 preces

2222 2220 2289 2275 ad
2321 2220 2488 2277 Deum
2517 2223 2772 2284 adhibere
2801 2241 2871 2281 ne
2897 2227 3132 2294 desinas,
3161 2228 3383 2299 ejusque
3428 2229 3825 2300 benignitatem

2221 2313 2509 2383 implorare
2545 2327 2705 2386 atque
2753 2318 3033 2385 obtestari,
3065 2327 3123 2373 ut
3165 2335 3226 2374 ea
3258 2321 3394 2375 mala
3418 2362 3434 2387 ,
3479 2337 3599 2391 quae
3622 2321 3818 2377 orbem

2222 2412 2486 2464 terrarum
2516 2406 2849 2477 invaserunt,
2877 2410 3127 2480 depellat.
3155 2410 3288 2466 Nam
3324 2413 3612 2482 praesentia
3643 2427 3820 2485 nego-

2222 2496 2292 2553 tia
2325 2512 2508 2567 preces
2546 2497 2825 2558 dumtaxat
2869 2503 3167 2572 requirunt,
3213 2519 3275 2562 ac
3315 2513 3431 2560 tuas
3485 2507 3815 2574 praesertim,

2211 2589 2309 2658 qui
2358 2605 2602 2660 magnam
2645 2592 2788 2662 apud
2835 2593 3001 2652 Deum
3029 2593 3279 2650 ﬁduciam
3321 2611 3381 2651 es
3421 2609 3814 2668 consequutus.

2218 2678 2576 2750 Quamobrem
2602 2681 2798 2738 obnixe
2822 2682 2962 2738 istud
2988 2697 3052 2737 ac
3082 2684 3289 2754 prolixe
3332 2684 3510 2741 facere
3541 2701 3608 2743 ne
3637 2687 3812 2742 inter-

2216 2771 2399 2828 mittas
2447 2789 2461 2825 :
2514 2773 2774 2845 nobisque
2825 2775 3007 2843 etiam,
3056 2777 3264 2847 quoties
3322 2777 3546 2834 facultas
3592 2780 3816 2836 dabitur

2218 2861 2436 2933 (neque
2474 2863 2616 2920 enim
2663 2879 2852 2935 magna
2893 2867 3103 2922 itineris
3140 2868 3414 2939 longitudo
3451 2881 3535 2926 est
3559 2868 3601 2942 ),
3643 2885 3810 2942 quam

2214 2957 2509 3027 saepissime
2535 2957 2770 3013 scribere
2794 2974 2862 3017 ne
2885 2961 3145 3029 graveris.
3181 2961 3454 3031 Siquidem
3479 2963 3548 3018 de
3579 2973 3666 3017 tua
3709 2979 3808 3017 va-

2216 3047 2454 3105 letudine
2482 3064 2806 3119 magnopere
2827 3051 3026 3122 aliquid
3067 3054 3207 3108 scire
3235 3055 3484 3123 cupimus
3507 3073 3523 3109 :
3553 3055 3809 3125 quando-

2211 3142 2427 3212 quidem
2456 3143 2704 3198 valetudo
2723 3153 2810 3198 tua
2832 3145 3030 3199 multos
3055 3144 3207 3200 {uicit
3234 3157 3288 3200 et
3312 3147 3638 3202 consolatur.
3665 3147 3805 3202 Nam

2213 3234 2322 3289 vita
2345 3243 2433 3290 tua
2457 3250 2673 3306 semper
2694 3239 2994 3292 necessaria
3023 3248 3127 3304 est,
3152 3254 3294 3298 nunc
3320 3253 3450 3293 vero
3478 3239 3714 3294 maxime
3746 3241 3806 3296 in

2211 3334 2353 3382 tanta
2399 3335 2716 3397 tempestate
2753 3339 2806 3382 et
2848 3329 3094 3398 caligine,
3142 3341 3199 3384 ut
3237 3331 3353 3397 puri
3390 3330 3583 3386 sideris
3629 3330 3809 3386 instar

2210 3417 2498 3486 splendens
2523 3419 2608 3483 iis,
2644 3419 2733 3489 qui
2761 3427 3077 3490 tempestate
3122 3434 3186 3474 ac
3231 3420 3477 3475 ﬂuctibus
3506 3421 3803 3489 jactantur,

2208 3508 2522 3579 praeluccas.
2551 3509 2930 3583 Quamobrem,
2962 3518 3022 3565 ut
3065 3525 3164 3565 nos
3207 3527 3420 3581 quoque
3463 3511 3589 3566 iteto
3635 3520 3806 3581 atque

2205 3604 2369 3658 alacri
2392 3604 2574 3662 animo
2599 3605 2787 3668 simus,
2815 3605 3033 3662 crebras
3058 3605 3125 3660 ad
3165 3620 3262 3661 nos
3287 3606 3354 3661 de
3378 3615 3464 3660 tua
3491 3605 3804 3660 valetudine

2205 3695 2387 3750 literas
2420 3697 2572 3751 mitte
2602 3714 2614 3748 :
2643 3713 2740 3752 nec
2767 3697 2910 3752 enim
2959 3712 3174 3767 parvam
3208 3697 3331 3752 hinc
3367 3697 3800 3757 consolationem

2204 3790 2498 3861 capiemus,
2516 3791 2560 3846 si
2585 3791 2634 3846 id
2664 3789 2732 3848 de
2755 3790 2904 3846 vobis
2925 3807 3084 3862 quam
3104 3792 3400 3861 saepissime
3424 3791 3716 3848 discamus.

2207 3920 2421 3975 XCIII.
2450 3923 2763 3992 Aphthonio,
2797 3923 3076 3988 Theodoto,
3118 3925 3359 3991 Chaerea,
3399 3926 3702 3996 presbyteris
3747 3938 3801 3982 et

2278 4014 2552 4080 monachis,
2583 4017 2911 4085 universaque
2930 4024 3088 4070 vestro
3102 4014 3358 4070 sodalitio.
3381 4015 3624 4088 (Cucuso
3650 4032 3805 4077 anno

2283 4103 2428 4173 tos.)

2277 4241 2432 4310 Apud
2460 4258 2573 4308 eos,
2597 4245 2683 4311 qui
2711 4252 2911 4310 amant,
2937 4258 3198 4314 corporea
3235 4259 3418 4302 eorum
3451 4260 3590 4315 quos
3611 4257 3802 4302 amant

2205 4336 2486 4403 praesentia
2514 4336 2631 4405 plus
2652 4336 2716 4390 ad
2742 4337 3022 4392 levandum
3048 4336 3291 4392 dolorem
3314 4338 3568 4391 momenti
3608 4336 3797 4394 habet.

2204 4426 2336 4482 Nam
2361 4436 2417 4482 et
2443 4427 2629 4482 beatus
2656 4427 2870 4494 Paulus,
2894 4428 2984 4500 qui
3005 4427 3252 4495 subinde,
3281 4428 3362 4484 vel
3393 4438 3653 4499 perpetuo
3690 4445 3803 4497 po-

2205 4521 2329 4586 tius,
2352 4521 2661 4576 universum
2687 4519 2922 4575 ﬁdelium
2950 4520 3134 4574 orbem
3157 4525 3336 4574 animo
3353 4520 3794 4584 circumferebat.

2202 4627 2264 4666 ac
2291 4627 2358 4667 ne
2384 4614 2522 4669 inter
2547 4613 2757 4668 vincula
2781 4611 2995 4683 quidem
3030 4621 3083 4667 et
3121 4611 3407 4682 compedes
3447 4622 3500 4666 et
3525 4613 3579 4667 in
3606 4612 3802 4668 defen-

2201 4703 2394 4758 sione'
2420 4717 2515 4760 eos
2563 4702 2836 4772 deponere
2879 4701 3217 4766 sustinebat,
3273 4701 3326 4756 id
3361 4700 3502 4772 qttod
3549 4701 3799 4758 indicans

2201 4793 2447 4851 dicebat.-
2481 4793 2558 4850 Eo
2586 4794 2723 4862 quod
2750 4793 2962 4848 habeam
3003 4809 3088 4847 vos
3112 4795 3165 4847 in
3204 4793 3384 4859 corde,
3416 4801 3463 4847 et
3496 4793 3549 4848 in
3577 4794 3802 4849 vinculis

2199 4888 2341 4950 meis,
2385 4897 2433 4941 et
2487 4888 2541 4941 in
2581 4886 2871 4957 defensione
2924 4895 2972 4941 et
3011 4886 3067 4943 in
3115 4887 3497 4955 confirmatione
3546 4889 3799 4958 euangelii

2202 4975 2441 5048 (Philip.
2470 4979 2523 5032 i.
2561 4978 2590 5031 7
2621 4978 2639 5046 )
2675 4977 2952 5047 :corporis
2989 4991 3203 5046 quoque
3243 4979 3584 5046 praesentiam
3635 4979 3796 5049 cupi-

2199 5067 2417 5124 dissime
2446 5067 2768 5138 requirebat,
2797 5068 2882 5123 his
2901 5067 3080 5122 verbis
3101 5077 3258 5123 utens
3289 5089 3301 5122 :
3329 5067 3441 5121 Nos
3464 5084 3581 5123 vero
3606 5069 3793 5124 absen-

2200 5173 2273 5216 tes
2301 5162 2423 5233 farti
2463 5177 2495 5213 α
2533 5159 2667 5214 vobis
2695 5161 2762 5214 ad
2789 5163 2929 5215 ItOftB
2953 5169 3169 5229 tempus,
3201 5172 3426 5231 aspectu,
3456 5178 3559 5217 non
3596 5163 3757 5218 corde
3776 5207 3793 5228 ,

2199 5252 2540 5306 abundantius
2567 5253 2848 5309 studuimus
2875 5253 3057 5322 faciem
3081 5265 3296 5310 uestram
3327 5252 3584 5325 uidere“.
3605 5253 3790 5310 Thess.

2197 5346 2251 5400 2.
2283 5347 2394 5415 Π).
2425 5347 2574 5413 Quod
2626 5348 2787 5402 etiam
2827 5347 2981 5404 nobis
3028 5363 3170 5403 nunc
3200 5364 3299 5404 usu
3347 5350 3511 5414 venit,
3553 5350 3642 5421 qui
3675 5359 3792 5406 tum

2197 5453 2384 5494 eorum
2433 5439 2524 5509 qui
2562 5439 2672 5508 jam
2722 5456 2820 5495 nos
2859 5439 3128 5507 viderunt,
3173 5449 3285 5497 tum
3339 5457 3546 5505 eorum.
3592 5443 3796 5512 quibus

2199 5532 2434 5589 nondum
2464 5531 2532 5587 de
2557 5532 2690 5589 i‘acie
2720 5535 2829 5588 noti
2873 5547 3058 5589 sumus
3080 5572 3096 5599 ,
3125 5534 3468 5604 pmsentiam
3507 5534 3665 5590 avide
3692 5548 3789 5590 le-

2264 5669 2290 5736 ξ
2317 5664 2459 5736 Addit
2481 5664 3009 5736 Regitts._ntm_tastica_nt
3030 5665 3177 5718 vitam
3206 5667 3384 5731 σθαιιὶ.

2269 5727 2290 5760 ³
2320 5735 2448 5788 nec,
2474 5734 2518 5779 ct
2539 5727 2588 5780 in
2612 5729 2903 5792 defensione,
2928 5729 3102 5781 absum
3124 5744 3152 5780 a
3177 5727 3291 5795 mea.
3319 5739 3369 5780 et
3391 5741 3418 5780 a
3441 5731 3589 5782 \‘atic.
