4078 6448
274 355 379 414 637

274 469 559 544 qnirimus.
588 471 851 540 Quoniam
873 479 1051 526 autem
1078 468 1132 526 id
1160 484 1302 526 nunc
1331 470 1553 527 minime
1580 470 1702 526 licet
1718 470 1866 542 (nam

272 574 332 620 et
354 564 454 618 viae
503 563 801 634 longitudo,
845 570 901 619 et
952 572 1182 633 tempus,
1236 571 1292 618 et
1337 562 1651 632 praedonum
1694 573 1870 619 metus

275 656 666 726 impedimento
717 664 881 724 sunt,
917 671 983 712 ac
1025 663 1285 726 praeterea
1333 672 1403 712 ne
1453 656 1609 713 nobis
1655 656 1872 727 quidem

272 744 444 801 domo
488 745 770 814 excedere,
812 761 877 803 ac
906 747 1091 818 longas
1141 747 1603 817 peregrinationes
1633 747 1772 803 inire
1797 747 1875 802 fa-

272 839 382 894 cile
413 839 539 907 est),
584 839 730 908 quod
755 839 1051 894 secundum
1081 848 1199 902 est,
1233 838 1469 896 debitam
1498 838 1651 895 vobis
1676 840 1877 894 saluta-

275 928 480 984 tionem
524 929 886 1000 persolvimus
917 949 932 987 :
962 937 1123 999 atque
1175 936 1302 983 ante
1349 929 1518 998 ipsam
1557 929 1722 984 etiam
1769 941 1870 982 vos

274 1039 531 1093 rogamus
573 1033 630 1081 et
666 1025 1034 1091 obsecramus,
1083 1032 1241 1093 atque
1281 1035 1312 1076 a
1356 1021 1506 1078 vobis
1562 1021 1876 1090 amplissimi

271 1112 524 1168 beneﬁcii
543 1113 665 1170 loco
687 1116 939 1186 petimus,
966 1123 1027 1168 ut
1054 1113 1107 1168 in
1135 1116 1331 1169 vestris
1344 1111 1878 1183 preeibus‘perpetuo

273 1205 449 1259 nostri
478 1219 751 1262 memores
798 1206 938 1271 sitis,
969 1204 1295 1274 obnixeque,
1343 1213 1400 1259 et
1443 1220 1566 1260 eum
1598 1205 1874 1276 laerymis,

272 1293 347 1355 Id
371 1294 588 1366 benigni
626 1296 722 1352 Dei
759 1297 926 1367 pedes
956 1297 1172 1352 vilitatis
1203 1306 1405 1351 nostra:
1430 1310 1592 1350 causa
1633 1297 1879 1366 vosipsos

273 1386 634 1455 provolutis.
658 1386 791 1443 Nam
812 1402 935 1442 cum
958 1387 1295 1457 negotiorum
1317 1386 1476 1456 hujus
1490 1380 1614 1442 vitm
1633 1387 1877 1456 euripum

272 1476 596 1547 eﬂugeritis,
621 1479 875 1548 fumoque
902 1495 967 1534 ac
1019 1487 1334 1550 tempestate
1367 1478 1626 1533 malorum
1657 1492 1876 1544 eorum,

273 1583 400 1646 qua
422 1569 476 1623 in
499 1569 680 1625 medio
709 1579 1013 1638 versantur,
1036 1569 1248 1626 liberati
1275 1570 1414 1633 sitis,
1443 1570 1759 1638 animasque
1791 1583 1881 1622 ve-

274 1671 420 1720 stras
445 1663 498 1717 in
536 1663 1002 1732 praeclarissimum
1049 1662 1273 1731 hujusce
1323 1659 1674 1731 pltilOSOphite
1713 1661 1876 1727 litus,

273 1766 386 1810 non
405 1767 564 1809 secus
590 1764 752 1824 atque
780 1754 832 1808 in
847 1754 1190 1824 tranquillum
1213 1752 1501 1824 quemdam
1527 1751 1881 1821 ﬂuctibusque

274 1858 506 1899 vacuum
531 1854 739 1913 portum
770 1845 1105 1914 appuleritis,
1129 1857 1420 1915 noctesque
1445 1859 1543 1915 per
1568 1859 1754 1898 sacras
1786 1857 1882 1898 ex-

274 1934 467 1996 cubias
510 1933 563 1988 in
619 1933 736 1989 dies
790 1935 1142 1999 mutaveritis,
1202 1935 1254 1989 in
1303 1935 1474 2004 iisque
1519 1933 1876 2002 splendidius,

273 2038 438 2094 quam
459 2025 551 2079 alii
582 2025 837 2092 interdiu,
859 2027 1093 2081 cernatis
1119 2048 1134 2084 :
1165 2042 1379 2095 aiqnum
1406 2041 1538 2082 sane
1578 2026 1738 2081 fuerit
1784 2041 1881 2080 vos

277 2128 498 2182 precum
546 2125 844 2170 vestrarum
890 2117 1145 2171 auxilium
1172 2117 1327 2170 nobis
1375 2117 1667 2185 impertire.
1708 2114 1878 2170 Nobis

276 2206 423 2261 enim
458 2208 620 2264 etiam
651 2224 682 2262 e
707 2209 1151 2265 tantointervallo
1180 2208 1265 2263 his
1286 2207 1386 2263 frui
1416 2209 1540 2264 licet
1569 2226 1582 2261 :
1612 2208 1880 2263 neclocus

276 2297 421 2353 nllus
447 2308 550 2363 est,
577 2308 670 2353 aut
715 2309 925 2369 tempus
956 2300 1147 2366 ullum,
1195 2301 1338 2369 quod
1377 2299 1681 2367 huiusmodi
1721 2315 1878 2369 opem

275 2388 674 2458 interrumpere
735 2399 914 2460 queat.
963 2390 1324 2460 Quamobrem
1393 2392 1668 2460 suppetias
1725 2391 1880 2445 nobis

276 2475 437 2545 ferte,
470 2493 535 2532 ac
583 2494 682 2548 per
715 2489 922 2534 vestras
958 2495 1147 2549 preces
1195 2496 1410 2541 manum
1440 2482 1716 2552 porrigite.
1744 2481 1879 2536 Nam

276 2566 384 2623 hoc
411 2569 709 2624 maximum
739 2571 983 2633 caritatis
1005 2587 1177 2642 genus
1205 2581 1307 2626 est.
1349 2573 1428 2628 Ae
1453 2583 1653 2643 praeter
1686 2576 1884 2629 oratio-

277 2675 398 2724 nes,
421 2660 490 2714 de
511 2671 690 2715 vestra
712 2677 924 2732 quoque
955 2663 1262 2718 valetudine
1278 2664 1539 2719 certiores
1576 2678 1674 2718 nos
1701 2665 1879 2720 facere

277 2767 350 2806 ne
374 2754 698 2822 gravemini,
729 2768 834 2823 quo
851 2753 975 2808 hinc
999 2769 1215 2825 quoque
1243 2755 1474 2809 maxima
1505 2755 1879 2811 consolatione

276 2842 600 2906 afﬂeiamur,
631 2844 919 2913 quamdam
957 2860 1027 2899 ex
1070 2855 1247 2902 vestra
1277 2846 1507 2902 caritate
1547 2847 1878 2916 voluptatem

275 2933 577 3002 capientes,
607 2935 967 3005 absentesque
997 2951 1113 3002 vos,
1146 2952 1252 2990 non
1276 2951 1434 2992 secus
1458 2952 1524 2993 ac
1550 2947 1874 3008 praesentes,

274 3026 351 3079 ob
375 3026 565 3081 oculos
593 3035 807 3081 nostros
841 3039 1204 3097 proponentes
1233 3046 1246 3083 :
1280 3029 1546 3098 siquidem
1588 3045 1652 3084 ea
1681 3029 1878 3084 sinceri

275 3116 479 3171 amoris
506 3117 588 3172 vis
611 3126 716 3181 est,
751 3128 806 3171 nt
828 3117 989 3172 etiam
1022 3117 1329 3188 hujusmodi
1351 3119 1638 3174 simulacra
1670 3121 1875 3190 pingat.

277 3208 355 3262 Ita
374 3209 486 3274 fiet,
515 3219 574 3264 ut
599 3211 810 3266 etiamsi
841 3211 892 3264 in
939 3211 1229 3267 solitudine
1262 3211 1420 3282 longe
1471 3211 1572 3267 hac
1600 3213 1880 3268 acerbiore

274 3299 436 3354 nobis
463 3302 672 3356 versari
721 3305 1020 3373 contingat,
1062 3318 1309 3374 magnam
1342 3313 1522 3360 tamen
1546 3305 1876 3364 consolatio-

275 3409 403 3450 nem
434 3396 730 3465 capiamus.

347 3527 476 3583 χει
491 3527 554 3582 γ.
600 3527 869 3586 Ρεηιαάὶω
895 3533 1211 3588 diaconisuc.
1236 3530 1417 3605 (Anno
1445 3533 1549 3589 404
1575 3534 1663 3590 vel
1679 3533 1835 3604 405.)

347 3661 686 3731 Quamquam
715 3662 842 3716 mihi
883 3672 970 3718 tua
1001 3679 1126 3734 erga
1157 3680 1244 3720 me
1271 3665 1469 3724 caritas
1496 3667 1728 3722 antehae
1763 3668 1874 3737 jam

273 3754 554 3822 explorata
585 3763 721 3821 erat,
747 3755 944 3824 quippe
983 3757 1072 3826 qui
1116 3771 1176 3811 re
1205 3757 1318 3826 ipsa
1345 3758 1462 3826 ejus
1490 3757 1874 3814 documentum

271 3845 543 3914 cepissem
575 3865 590 3900 :
621 3853 802 3901 tamen
842 3861 963 3901 eam
993 3847 1231 3917 apertius
1268 3862 1334 3902 ex
1367 3848 1470 3902 tuis
1495 3849 1562 3903 ad
1591 3865 1678 3904 me
1706 3849 1874 3906 literis

271 3935 524 4005 cognovi.
572 3937 654 3991 Ae
694 3946 978 4008 propterea
1023 3954 1370 4009 summopere
1413 3947 1466 3994 te
1517 3940 1678 3995 laudo
1715 3950 1874 4011 atque

272 4027 533 4094 admiror,
587 4043 693 4082 non
751 4045 817 4083 eo
865 4029 1142 4084 dumtaxat
1192 4031 1427 4097 nomine,
1487 4033 1630 4102 quod
1677 4033 1745 4088 ad
1786 4049 1873 4090 me

271 4118 580 4186 scripseris,
613 4117 707 4173 sed
737 4120 897 4174 etiam
927 4121 1068 4190 quod
1097 4137 1160 4174 ea
1188 4121 1366 4175 omnia
1387 4137 1506 4192 qua:
1535 4124 1874 4194 contigerunt

269 4212 614 4281 exposueris.
644 4211 757 4267 Hoc
793 4213 937 4267 enim
965 4213 1181 4267 feminae
1207 4224 1292 4270 est
1327 4222 1395 4268 et-
1420 4214 1488 4270 de
1513 4231 1637 4271 meo
1661 4231 1787 4286 erga
1813 4231 1873 4273 se

270 4303 454 4356 animo
475 4301 696 4358 minime
723 4302 1036 4366 dubitantis,
1066 4314 1122 4359 et
1149 4305 1218 4360 de
1245 4321 1424 4360 rerum
1457 4323 1699 4363 mearum
1728 4317 1870 4363 statu

267 4393 587 4448 laborantis.
611 4394 846 4450 Proinde
871 4396 1076 4466 gaudeo
1101 4406 1155 4450 et
1184 4399 1414 4465 exsulto,
1448 4401 1865 4470 maximamque,

267 4485 431 4538 etiam
482 4486 536 4539 in
588 4494 695 4539 tam
751 4486 966 4542 deserto
1017 4488 1138 4543 loco
1181 4490 1402 4560 degens,
1443 4493 1866 4550 consolationem

266 4575 400 4628 mihi
426 4576 654 4644 positam
686 4592 806 4633 esse
840 4579 978 4633 duco
1018 4580 1069 4633 in
1093 4596 1177 4644 ea,
1223 4598 1384 4652 quam
1426 4584 1482 4638 in
1508 4586 1759 4641 omnibus
1783 4603 1871 4643 re-

263 4665 366 4720 bus
386 4665 636 4733 adhibes,
661 4667 992 4735 fortitudine,
1021 4674 1287 4727 constanti
1333 4677 1598 4731 sententia
1667 4677 1867 4748 ingenti

263 4758 572 4826 prudentia,
622 4759 816 4831 lingua:
847 4762 1111 4830 libertate,
1161 4780 1225 4820 ac
1262 4767 1476 4836 sublimi
1523 4768 1738 4835 fiducia,
1771 4786 1868 4840 per

263 4865 427 4918 quam
457 4858 512 4905 et
539 4851 884 4910 adversarios
912 4857 1204 4926 ignominia
1236 4859 1512 4928 perfudisti
1540 4871 1595 4916 et
1626 4864 1865 4919 mortife-

266 4955 384 4994 ram
414 4941 630 4998 diabolo
657 4946 867 5018 plagam
901 4947 1163 5016 inflixisti,
1193 4959 1249 5005 et
1273 4966 1367 5006 eos
1395 4953 1484 5024 qui
1517 4969 1616 5024 pro
1638 4957 1864 5011 veritate

263 5037 624 5093 decertabant
674 5040 739 5095 ad
799 5042 1162 5098 dimicandum
1201 5047 1410 5113 acuisti,
1463 5063 1529 5105 ac
1585 5049 1862 5106 fortissimi

263 5130 450 5183 militis
480 5130 646 5185 instar
668 5134 983 5200 praeclarum
1031 5135 1083 5188 in
1128 5135 1271 5191 bello
1319 5147 1578 5208 tropaeum
1622 5142 1860 5208 erexisti,

267 5217 709 5292 luculentamque
759 5223 1036 5278 victoriam
1081 5226 1272 5293 adepta
1313 5243 1411 5292 es,
1464 5245 1658 5300 meque
1700 5234 1861 5286 etiam

263 5318 410 5363 tanta
437 5313 710 5380 voluptate
730 5314 1087 5382 complevisti,
1118 5327 1263 5371 utne
1292 5318 1344 5372 in
1373 5319 1544 5374 aliena
1566 5321 1781 5390 quidem
1811 5332 1866 5378 et

262 5405 546 5472 peregrina
580 5406 817 5473 regione,
851 5422 951 5461 nec
979 5407 1029 5461 in
1061 5409 1370 5472 solitudine,
1411 5426 1595 5466 verum
1622 5413 1740 5468 istic
1770 5430 1862 5468 vo-

259 5493 470 5550 hiscum
497 5512 584 5550 me
604 5513 724 5554 esse
753 5501 1074 5567 existimem,
1104 5518 1473 5574 summamque
1493 5520 1558 5560 ex
1595 5506 1759 5562 animi
1787 5509 1861 5564 tui

258 5586 460 5642 virtute
489 5589 815 5657 voluptatem
841 5591 1069 5659 capiam.

345 5677 432 5732 Vis
461 5680 702 5733 veritatis.
737 5710 806 5719 —
828 5679 1377 5753 Quamobremgande
1406 5695 1458 5740 et
1479 5686 1686 5754 lsrtare,
1718 5689 1860 5758 quod

265 5767 570 5843 huiusmodi
601 5771 878 5828 victoriam
919 5783 1204 5844 assequuta
1249 5777 1342 5845 sis,
1368 5785 1526 5848 atque
1553 5778 1856 5852 huiusmodi

1779 353 2152 423 ιιιηδτομε.

1981 471 2285 527 belluarum
2313 485 2405 526 ora
2434 469 2577 526 facili
2606 469 2820 540 negotio
2847 467 3235 540 compresseris
3253 510 3274 539 ,
3302 468 3582 540 impuden-

1979 569 2172 632 tesque
2198 577 2384 618 eorum
2411 561 2619 633 linguas
2644 569 2701 618 et
2722 561 2906 618 rabida
2927 576 3023 617 ora
3049 560 3404 619 obstruxeris.
3428 560 3586 618 Veri-

1979 659 2062 708 tas
2083 653 2251 718 enim,
2272 668 2396 708 eum
2423 669 2526 723 qua
2556 655 2800 725 pugnasti
2825 695 2841 719 ,
2875 663 2930 710 et
2954 667 3053 724 pro
3095 669 3198 725 qua
3228 653 3466 724 jngulata
3497 668 3580 719 es,

1981 741 2120 798 hanc
2143 743 2251 798 vim
2280 744 2463 810 habet,
2491 752 2552 800 ιιι
2580 745 2763 814 paucis
2793 760 2938 814 saepe
2965 744 3150 801 verbis
3174 745 3243 800 de
3273 744 3580 816 sycophan-

1981 836 2051 890 tis
2094 834 2389 906 triumphet
2418 854 2432 891 :
2457 845 2516 892 ut
2563 851 2598 893 e
2623 838 2898 893 contrario
2945 836 3323 902 mendacium,
3375 836 3586 892 etiamsi

1983 926 2206 987 infinitis
2227 942 2537 984 sermonum
2572 926 2813 986 artificiis
2841 927 3179 995 obvolvatnr,
3218 926 3376 982 facile
3409 937 3586 981 tamen

1983 1019 2178 1075 dimuit
2200 1028 2256 1076 et
2281 1021 2603 1083 collabitur,
2643 1035 2961 1088 araneaeque
3014 1019 3176 1074 telam
3225 1018 3590 1074 imbecillitate

1983 1121 2222 1182 superat.
2270 1111 2456 1176 Gaude
2509 1111 2670 1182 igitur
2714 1119 2770 1167 et
2825 1111 3013 1164 laetare
3048 1107 3248 1181 (neque
3282 1109 3430 1165 enim
3474 1107 3590 1163 iure

1986 1201 2149 1255 verba
2197 1201 2426 1256 subinde
2469 1210 2720 1269 repetere
2758 1199 3072 1269 desinam),
3117 1199 3349 1255 viriliter
3395 1213 3494 1270 age
3533 1210 3586 1252 et

1984 1292 2314 1359 confortare,
2343 1305 2642 1361 omnesque
2687 1291 2756 1346 ab
2800 1291 2930 1361 ipsis
2978 1289 3050 1345 ibi
3075 1301 3421 1361 comparatas
3455 1289 3581 1346 insi-

1984 1383 2104 1438 dias
2128 1383 2311 1438 irride.
2334 1382 2468 1437 Nam
2493 1397 2601 1454 quo
2627 1383 2866 1438 atrocius
2890 1381 3140 1447 saeviunt,
3179 1396 3245 1438 eo
3276 1379 3565 1450 profundio

1983 1490 2074 1530 res
2101 1475 2286 1545 plagas
2308 1475 2412 1529 sibi
2440 1475 2572 1543 ipsis
2599 1475 2839 1530 inferunt
2867 1475 2920 1529 in
2949 1489 3122 1545 eaque
3146 1487 3308 1530 causa
3331 1483 3475 1539 sunt,
3507 1485 3588 1539 ut,

1985 1579 2108 1620 cum
2136 1574 2188 1620 te
2217 1580 2286 1619 ne
2308 1564 2574 1619 tantulum
2605 1565 2820 1634 quidem
2866 1565 3089 1629 lzedant,
3129 1563 3587 1634 quemadmodum

1987 1671 2085 1710 nec
2102 1655 2295 1709 fluctus
2315 1670 2527 1724 rupem,
2545 1655 2755 1726 seipsos
2769 1653 3081 1726 infringaut,
3100 1653 3590 1724 imbecillioresque

1987 1745 2230 1808 reddant,
2254 1753 2413 1816 atque
2440 1745 2716 1800 horribilia
2763 1746 3002 1817 sibiipsis
3052 1745 3313 1817 supplicia
3364 1759 3591 1801 coacer-

1986 1844 2134 1890 vent.
2164 1835 2294 1904 Qua:
2320 1850 2443 1891 cum
2475 1836 2549 1892 ita
2573 1837 2704 1903 sint,
2752 1852 2883 1893 cave
2911 1836 3206 1907 quidquam
3237 1851 3443 1900 eorum,
3470 1852 3591 1904 quae

1987 1926 2281 1992 minantur,
2315 1927 2689 1996 pertimescas,
2712 1928 3008 1998 quamlibet
3024 1929 3280 1985 dentibus
3299 1928 3589 1996 strideant,

1986 2017 2280 2087 quamlibet
2305 2019 2597 2075 iracundia:
2644 2021 2956 2076 temulentia
2989 2030 3256 2089 testuent,
3296 2022 3594 2093 quamlibet

1990 2110 2353 2164 truculentum
2381 2110 2670 2181 quemdam
2693 2112 2900 2166 vultum
2923 2128 3037 2183 prae
3059 2126 3122 2168 se
3151 2112 3322 2168 ferant
3345 2154 3359 2178 ,
3393 2129 3456 2169 ac
3482 2128 3593 2182 pra:

1987 2201 2329 2270 improbitate
2352 2202 2407 2256 in
2428 2201 2664 2258 ferarum
2693 2203 3082 2260 immanitatem
3103 2204 3435 2276 proruerint.
3456 2203 3595 2259 Nam

1985 2295 2074 2362 qui
2118 2302 2171 2349 te
2205 2309 2272 2348 ex
2311 2295 2495 2350 multis
2539 2303 2594 2351 et
2634 2296 2798 2351 variis
2847 2311 3036 2352 eorum
3087 2297 3295 2352 insidiis
3334 2297 3399 2352 ad
3453 2297 3595 2352 hunc

1988 2401 2157 2454 usque
2176 2386 2321 2441 diem
2366 2387 2584 2457 eripuit,
2619 2388 2758 2443 idem
2812 2399 2863 2444 te
2902 2389 3146 2458 posthac,
3177 2391 3221 2448 si
3253 2388 3445 2445 fortem
3474 2391 3596 2446 ani-

1987 2490 2131 2528 mum
2183 2478 2526 2546 praestiteris,
2561 2479 2613 2532 in
2662 2479 2865 2550 majore
2919 2480 3210 2535 securitate
3249 2482 3592 2537 constituet:

1985 2565 2207 2637 ipsaque
2234 2568 2401 2623 etiam
2443 2568 2650 2624 dictura
2686 2585 2746 2626 es
2778 2591 2791 2624 :
2825 2572 3041 2640 Sagitta:
3083 2576 3414 2642 parvulorum
3443 2575 3592 2641 facta

1984 2668 2102 2712 sunt
2131 2660 2300 2730 plaga:
2323 2677 2520 2727 eorum,
2568 2671 2614 2714 et
2640 2662 2918 2731 inﬁrmata
2940 2673 3058 2717 sunt
3091 2675 3269 2718 contra
3299 2681 3383 2720 eos
3406 2664 3596 2735 lingua:

1984 2766 2160 2806 eorum
2185 2752 2360 2823 (Psal.
2385 2753 2475 2810 63.
2499 2754 2554 2809 8.
2587 2754 2668 2824 9).
2695 2753 2852 2822 Quod
2881 2755 3096 2824 quidem
3127 2765 3182 2810 et
3210 2755 3315 2826 jam
3345 2757 3592 2827 contigit,

1984 2852 2040 2898 et
2063 2859 2276 2899 rursum
2302 2845 2613 2916 continget:
2640 2845 2778 2900 adeo
2800 2854 2856 2900 ut
2886 2856 2944 2900 et
2979 2854 3034 2900 tu
3081 2847 3339 2916 majorem
3381 2863 3594 2904 merce-

1985 2932 2108 2988 dem
2160 2933 2388 3000 referas,
2437 2935 2867 3004 illnstrioresque
2895 2950 3126 2991 coronas
3152 2936 3404 3009 accipias,
3436 2947 3494 2993 et
3515 2937 3594 2993 illi

1985 3023 2177 3078 morbo
2213 3026 2548 3094 paenitentia
2586 3034 2810 3096 experte
2861 3026 3173 3084 laborantes
3227 3029 3418 3099 majori
3460 3043 3593 3100 sup-

1986 3115 2147 3184 plicio
2196 3117 2532 3172 addicantur.
2580 3117 2802 3189 Ecqnod
2849 3119 2993 3173 enim
3050 3119 3366 3175 insidiarum
3421 3135 3594 3190 genus

1985 3208 2499 3276 praetermiserunt?
2547 3209 2758 3279 ecquod
2813 3211 3187 3266 machinarum
3246 3228 3419 3282 genus
3483 3228 3594 3267 nun

1983 3307 2289 3365 moverunt,
2312 3299 2438 3354 dum
2456 3299 2643 3356 solida:
2660 3309 2785 3366 tuae,
2804 3315 2870 3356 ac
2889 3301 3000 3356 Deo
3023 3301 3188 3367 fideli,
3204 3317 3592 3374 generosarque

1981 3400 2036 3444 et
2063 3388 2371 3446 fortissimae
2401 3391 2599 3446 animae
2643 3391 2872 3447 insidias
2924 3402 3136 3449 struere
3181 3395 3488 3450 conantur?
3532 3397 3590 3451 II

1982 3478 2155 3536 forum
2185 3491 2259 3546 te,
2290 3498 2412 3553 quae
2434 3491 2632 3553 praeter
2655 3484 2945 3539 ecclesiam
2997 3491 3054 3540 et
3096 3485 3404 3541 cubiculum
3452 3487 3590 3542 nihil

1982 3586 2166 3641 noras,
2193 3583 2595 3643 pertraxerunt,
2623 3589 2654 3628 a
2676 3573 2798 3630 foro
2828 3574 2894 3630 ad
2924 3575 3234 3646 tribunalia,
3280 3593 3312 3633 a
3345 3579 3591 3636 tribuna-

1982 3663 2124 3718 libus
2143 3664 2210 3718 ad
2228 3679 2523 3721 carcerem.
2541 3665 2823 3722 Falsorum
2837 3669 3053 3723 testium
3072 3668 3281 3740 linguas
3303 3680 3585 3737 acuerunt,

1983 3753 2347 3823 impudentem
2374 3757 2697 3812 calumniam
2738 3759 3151 3826 concinnarunt,
3184 3761 3362 3817 ea)ch
3393 3777 3586 3833 perpe-

1982 3857 2213 3914 trarent,
2247 3850 2457 3905 cruoris
2486 3859 2756 3907 torrentes
2784 3850 3159 3921 profuderunt,
3193 3855 3299 3923 igni
3341 3868 3406 3910 ac
3439 3853 3586 3910 ferro

1977 3937 2236 4009 juvenem
2263 3955 2493 4010 corpora
2520 3951 2996 4012 consumpserunt,
3019 3944 3202 3998 multis
3227 3959 3292 3999 ac
3313 3945 3587 4015 praeclaris

1980 4031 2112 4086 viris
2139 4031 2452 4088 innumeras
2480 4034 2664 4103 plagas
2690 4041 2746 4089 et
2770 4037 3039 4090 cruciatus
3087 4035 3419 4104 intulerunt,
3467 4038 3588 4091 nul-

1981 4121 2092 4176 lum
2137 4122 2371 4193 denique
2409 4123 2641 4193 lapidem
2692 4139 2800 4178 non
2852 4136 3157 4192 moverunt,
3188 4141 3296 4196 quo
3345 4135 3398 4182 te
3435 4138 3584 4183 metu

1981 4213 2320 4280 perterritam
2348 4213 2454 4268 huc
2479 4213 2778 4285 adigerent,
2812 4222 2871 4268 nt
2898 4214 2982 4279 iis,
3014 4230 3137 4285 qua:
3182 4215 3415 4281 videras,
3447 4232 3582 4273 cou-

1979 4306 2145 4359 traria
2179 4305 2412 4359 diceres.
2442 4307 2510 4360 At
2541 4316 2617 4372 tu,
2651 4307 2822 4362 instar
2845 4307 3041 4376 aquilae
3068 4306 3297 4362 sublime
3327 4308 3579 4374 volantis,

1979 4408 2166 4448 eorum
2187 4394 2398 4457 retibus
2444 4395 2630 4452 fractis
2685 4397 2750 4451 ad
2800 4397 3063 4453 libertatis
3097 4395 3367 4468 fastigium
3397 4396 3581 4454 virtuti

1978 4493 2084 4541 tua:
2104 4497 2532 4546 consentaneum
2561 4489 2850 4543 ascendisti
2884 4489 3004 4544 :sic
3048 4497 3100 4544 te
3139 4503 3481 4558 comparans,
3526 4501 3581 4544 ut

1977 4576 2047 4630 ab
2075 4577 2204 4645 ipsis
2230 4578 2449 4633 minime
2470 4579 3024 4645 circumscribereris;
3058 4579 3167 4634 imo
3191 4581 3377 4647 etiam,
3405 4595 3578 4649 quan-

1977 4678 2088 4725 tum
2118 4671 2186 4725 ad
2218 4671 2376 4741 hujus
2401 4672 2633 4727 incendii
2652 4671 2855 4726 crimen
2884 4672 3162 4736 attinebat,
3190 4671 3343 4740 cujus
3360 4677 3581 4730 nomine

1976 4764 2160 4820 miseri
2186 4776 2346 4835 atque
2372 4764 2614 4819 infelices
2636 4765 2883 4819 homines
2908 4763 3208 4833 prtesertim
3233 4763 3455 4833 gloriari
3497 4766 3578 4817 vi-

1975 4849 2429 4923 debantur,‘eos
2471 4856 2755 4912 calumniae
2818 4855 3192 4910 convinceres.
3244 4856 3377 4922 Quae
3419 4855 3579 4925 igitur

1978 4949 2352 5018 praeterierunt
2407 4957 2581 5003 tecum
2635 4958 2924 5017 reputans;
2980 4962 3174 5016 nempe
3215 4959 3344 5014 quot
3384 4945 3584 5006 ﬂuctus

1974 5041 2079 5095 orti
2111 5041 2238 5105 sint,
2268 5041 2358 5110 qui
2383 5051 2560 5095 tamen
2580 5047 2953 5108 tempestatem
2971 5039 3063 5093 tibi
3091 5053 3196 5092 non
3216 5038 3576 5108 lnvexerunt;

1975 5141 2106 5202 quot
2133 5132 2413 5202 procellae,
2445 5147 2567 5202 quae
2615 5141 2793 5185 tamen
2849 5129 3183 5201 naufragium
3232 5131 3452 5185 minime
3482 5148 3566 5201 pe-

1976 5231 2254 5292 pererunt,
2285 5224 2354 5277 ita
2388 5232 2443 5278 ut
2484 5222 2693 5277 furente
2717 5221 2851 5276 mari
2881 5220 3167 5291 tranquilla
3199 5223 3533 5293 navigaveris
3571 5237 3586 5285 ;

1974 5332 2187 5389 portum
2214 5321 2376 5375 etiam
2407 5334 2510 5373 una
2552 5333 2673 5374 cum
2721 5316 2969 5387 plurimis
2993 5316 3214 5372 coronis
3265 5317 3581 5386 propediem

1972 5423 2247 5481 exspecta.
2293 5411 2556 5478 Quoniam
2585 5418 2764 5465 autem
2810 5408 2879 5463 de
2928 5408 3084 5464 nobis
3122 5423 3337 5479 quoque
3373 5409 3578 5478 aliquid

1971 5503 2158 5559 audire
2189 5504 2361 5573 cupis,
2395 5505 2648 5567 vivimus,
2680 5501 2942 5569 valemus,
2973 5502 3162 5557 morbo
3191 5502 3335 5557 omni
3364 5503 3574 5561 liberati

1973 5609 2177 5650 sumus.
2208 5597 2361 5664 Quod
2392 5598 2434 5650 si
2464 5597 2623 5652 etiam
2656 5605 3002 5665 mgrotamns,
3031 5594 3284 5652 idoneum
3312 5595 3468 5650 nobis
3503 5596 3581 5653 ad

1972 5690 2395 5758 recuperandam
2439 5689 2721 5744 sanitatem
2777 5687 3076 5742 remedium
3131 5697 3216 5743 est
3256 5686 3465 5743 sincera
3517 5700 3572 5744 et

1971 5781 2205 5852 fervens,
2237 5797 2296 5839 ac
2344 5781 2499 5840 ﬁrma
2543 5789 2596 5840 et
2639 5790 2891 5840 constans
2933 5790 3022 5839 tua
3062 5794 3188 5845 erga
3222 5794 3309 5838 nte
3346 5775 3576 5837 caritas.
