4078 6452
494 336 600 395 6.59

491 457 757 526 Quom-lt
781 453 940 525 igitur
965 469 1071 512 non
1093 455 1293 526 vulgari
1330 451 1598 525 voluptate
1622 449 1908 516 efﬁcimur,
1935 463 2059 506 cum

490 547 560 602 de
585 552 679 602 tua
702 541 1001 602 valetudine
1019 559 1083 602 ac
1107 545 1262 616 plena
1286 545 1574 600 securitate
1597 559 1756 615 quam
1773 541 2065 614 saepissime

493 635 690 706 aliquid
717 634 980 700 audimus,
1005 643 1078 699 te,
1111 635 1161 690 id
1183 635 1326 706 quod
1354 635 1518 691 etiam
1543 649 1648 688 non
1677 644 1859 704 rogata
1882 632 2064 688 facere

496 727 658 792 soles,
690 744 958 800 rogamus,
985 738 1042 783 ut
1066 727 1134 784 de
1155 736 1264 794 tua,
1288 727 1810 796 domesticorumque
1850 734 2061 780 tuorum

493 819 732 874 omnium
776 835 840 874 ac
865 819 1286 875 necessariorum
1313 818 1622 874 valetudine
1666 817 1859 886 saepius
1878 815 1945 870 ad
1968 829 2066 870 nos

491 909 697 967 scribas
728 931 741 966 :
775 926 877 966 non
903 910 1046 966 enim
1079 910 1310 980 ignoras,
1341 916 1538 979 quanta
1571 907 1642 962 tui
1670 907 1935 975 totiusque
1959 911 2067 960 tua!

495 1003 786 1064 bcaedictze
803 1005 992 1065 domus
1013 1019 1142 1060 cura
1170 1012 1471 1059 teneamur.

1055 1136 1151 1192 XC
1161 1136 1222 1191 ν.
1262 1134 1495 1190 Paeonia.

562 1270 756 1329 Gravia
781 1281 906 1327 sunt
931 1287 993 1326 ea
1017 1286 1136 1342 qua:
1161 1269 1499 1340 contigerunt
1529 1276 1619 1323 :at
1640 1283 1745 1323 non
1773 1266 1844 1322 ob
1865 1264 2070 1335 eosqui

493 1361 635 1430 passi
659 1369 802 1428 sunt,
848 1360 1158 1431 fortiterque
1209 1360 1262 1414 in
1305 1359 1419 1414 acie
1473 1365 1755 1421 steterunt,
1789 1371 1972 1411 verum
1997 1354 2069 1408 ob

491 1465 586 1506 eos
607 1451 695 1522 qui
745 1465 806 1506 ea
845 1457 1241 1520 perpetrarunt,
1268 1448 1553 1520 lugendum
1580 1458 1678 1504 est.
1707 1445 2066 1515 Quemadmo-

492 1540 619 1594 dum
647 1541 788 1596 euim
817 1556 936 1610 quae
960 1539 1222 1594 difﬁcilius
1243 1547 1533 1594 enecentur
1559 1536 1707 1602 ferte,
1731 1549 1922 1606 magno
1946 1548 2068 1588 cum

493 1629 675 1686 furore
719 1630 773 1685 in
826 1630 1092 1685 hastarum
1139 1628 1386 1699 cuspides
1427 1629 1728 1691 irruentes,
1789 1629 1840 1680 in
1886 1624 2068 1680 intima

491 1721 700 1775 viscera
719 1719 922 1788 gladios
951 1719 1270 1789 protrudunt
1296 1736 1310 1774 :
1334 1718 1521 1773 eodem
1572 1717 1738 1772 modo.
1775 1716 1810 1770 ii
1837 1729 2066 1786 quoque,

493 1809 585 1878 qui
613 1808 729 1865 haec
771 1810 972 1865 scelera
995 1809 1275 1879 designare
1318 1824 1422 1863 non
1463 1807 1709 1863 dubitant
1731 1848 1745 1874 ,
1773 1821 1986 1878 gravem
2015 1814 2072 1861 et

496 1900 746 1956 acerbum
798 1900 1056 1972 gehennae
1095 1901 1270 1971 ignem
1309 1900 1564 1954 adversus
1593 1899 1764 1969 capita
1803 1913 1898 1954 sua
1924 1897 2072 1953 colli-

494 1999 644 2059 gunt.
668 1989 821 2056 Quod
866 1991 914 2046 si
959 1992 1120 2047 etiam
1151 1991 1220 2047 ob
1243 2007 1304 2046 ea
1351 2007 1470 2061 quae
1511 1991 1710 2046 faciunt
1757 1990 2065 2061 gloriantur,

502 2079 605 2136 hoc
624 2081 740 2151 ipso
765 2083 978 2138 nomine
1007 2083 1340 2152 potissimum
1367 2083 1543 2136 miseri
1563 2092 1707 2148 sunt,
1729 2082 2071 2151 pluribusque

501 2172 754 2245 lacrymis
791 2174 954 2244 digni,
985 2174 1125 2245 quid
1177 2174 1275 2229 hac
1317 2190 1530 2245 quoque
1558 2174 1764 2230 ratione
1799 2174 2072 2244 graviores

496 2263 730 2335 slbiipsis
759 2279 941 2335 ponas
961 2275 1254 2321 accersam.
1299 2266 1656 2334 Quamobrem
1686 2266 1786 2320 hos
1814 2272 2071 2335 perpetuo

500 2354 628 2411 Ictu
659 2357 904 2427 prosequi
937 2372 1032 2426 par
1054 2365 1135 2412 est
1167 2379 1179 2412 :
1211 2358 1274 2411 iis
1298 2366 1506 2423 contra,
1543 2357 1632 2426 qui
1675 2357 1743 2410 ab
1773 2356 1900 2424 ipsis
1934 2356 2070 2410 adeo

499 2447 786 2502 crudeliter
814 2455 1134 2515 mactantur,
1163 2448 1232 2502 ob
1256 2449 1470 2517 pr:emia
1497 2461 1826 2516 coronasque
1849 2447 1902 2499 in
1930 2446 2074 2500 czclis

500 2537 806 2592 reconditas
829 2539 1079 2609 gratulari
1105 2537 1374 2603 convenit,
1405 2547 1564 2608 atque
1592 2537 1695 2592 hoc
1712 2537 1998 2591 maximum
2021 2543 2076 2589 et

499 2627 976 2684 luculentissimum
1012 2628 1185 2683 letalis
1215 2629 1379 2698 plaga:
1422 2627 1634 2682 diabolo
1665 2626 1878 2681 inﬂicta:
1911 2641 2070 2695 argu-

501 2727 736 2771 mentum
763 2718 1069 2773 existimare
1115 2716 1248 2771 Nam
1277 2717 1374 2772 nisi
1399 2716 1487 2772 ille
1523 2717 1680 2772 letale
1707 2716 1895 2770 vulnus
1920 2730 2074 2769 acce-

502 2809 688 2879 pisset,
715 2809 1122 2879 haudquaquam
1154 2825 1248 2877 per
1270 2823 1383 2873 eos,
1412 2809 1500 2879 qui
1545 2809 1640 2878 ipsi
1683 2808 2072 2876 obtemperant,

502 2908 680 2954 tantos
699 2898 852 2954 ﬂatus
877 2899 1138 2955 edidisset,
1179 2898 1303 2953 ηενρ
1333 2899 1492 2968 igitur
1511 2898 1688 2953 omnia
1715 2906 1889 2953 tecum
1914 2911 2074 2967 repu-

503 2999 645 3057 tans,
670 2989 884 3044 domine
911 2990 982 3044 mi
1021 2995 1358 3060 summopere
1395 2988 1704 3043 admirande
1727 3029 1743 3055 ,
1789 2988 2074 3042 maximam

505 3081 630 3136 hinc
652 3081 1070 3136 consolationem
1099 3095 1250 3149 cape,
1274 3079 1458 3150 deque
1479 3089 1566 3133 tua
1595 3079 1897 3134 valetudine
1917 3091 2076 3148 quam

503 3171 797 3243 saepissime
826 3171 892 3227 ad
911 3186 1008 3226 nos
1035 3172 1230 3226 scribe.
1253 3170 1462 3226 Etenim
1497 3179 1548 3225 te
1573 3169 1785 3240 quidem
1817 3183 2039 3223 cernere
2059 3209 2074 3236 ,

503 3271 663 3333 atque
690 3262 828 3317 istud
873 3261 1026 3316 nobis
1062 3277 1243 3316 carum
1283 3270 1442 3331 caput
1479 3260 1763 3330 complecti
1794 3261 2073 3328 cupimus:

503 3353 754 3422 quoniam
781 3362 956 3408 autem
985 3353 1040 3407 id
1056 3353 1273 3407 minime
1295 3353 1437 3415 licet,
1461 3361 1512 3407 te
1537 3367 1633 3406 oro
1657 3359 1816 3422 atque
1832 3352 2077 3418 obsecro,

509 3454 568 3499 ut
588 3456 641 3501 et
661 3446 776 3517 ipse
801 3447 869 3502 de
900 3455 984 3500 tua
1017 3445 1322 3500 valetudine
1361 3460 1460 3500 nos
1487 3444 1676 3500 crebro
1707 3445 1965 3500 certiores
2002 3443 2080 3496 fa-

507 3538 638 3603 cias,
667 3539 803 3593 etiis
829 3538 917 3607 qui
943 3538 1091 3592 valde
1109 3553 1208 3593 nos
1234 3547 1409 3592 ainant
1430 3579 1445 3606 ,
1475 3553 1717 3608 magnam
1748 3536 1814 3592 ad
1838 3537 2082 3592 eamdem

509 3643 621 3683 rem
643 3627 942 3683 facultatem
971 3627 1160 3683 afferas
1183 3629 1222 3679 ί.

505 3781 704 3840 XCVI.
745 3784 1030 3854 Amputch
1057 3786 1353 3839 diacouissw
1377 3793 1525 3852 atque
1565 3783 1670 3835 illis
1695 3796 1808 3852 qua:
1835 3797 1946 3834 cum
1975 3780 2087 3850 ipsa

930 3885 1066 3931 sunt.
1089 3875 1107 3950 (
1123 3876 1329 3930 Cucuso
1350 3890 1490 3930 anno
1503 3875 1631 3932 404.
1643 3871 1678 3945 ).

585 4005 796 4060 Fluctus
821 4047 835 4070 ,
877 4006 1092 4074 rupibus
1131 4006 1289 4072 illisi,
1318 4021 1408 4060 eas
1436 4006 1646 4075 quidem
1686 4019 1784 4059 nec
1828 4002 2088 4059 tantillum

507 4111 850 4166 commovere
881 4104 1136 4165 possunt,
1167 4097 1267 4166 ipsi
1293 4105 1470 4150 autem
1490 4111 1607 4150 sese
1633 4094 1806 4163 potius
1830 4093 1898 4149 ob
1923 4093 2088 4148 vehe-

511 4197 742 4242 mentem
769 4187 1020 4256 impetum
1055 4187 1302 4257 frangunt
1323 4201 1384 4242 ac
1412 4187 1480 4242 de
1501 4187 1675 4241 medio
1701 4186 1910 4240 tollunt.
1937 4183 2090 4251 Quod

510 4279 668 4334 etiam
703 4292 839 4331 nunc
870 4278 921 4331 in
949 4277 1116 4341 vobis,
1145 4278 1271 4332 etin
1296 4279 1359 4332 iis
1379 4281 1464 4348 qui
1487 4279 1637 4333 vobis
1660 4279 1875 4332 insidias
1900 4276 2090 4331 frustra

511 4369 820 4436 moliuntur,
844 4368 1067 4438 perspici
1090 4376 1277 4438 potest.
1302 4369 1506 4424 Etenim
1530 4369 1654 4424 hinc
1678 4367 1828 4425 vobis
1850 4377 1906 4424 et
1926 4367 2094 4438 major

517 4457 656 4528 apud
682 4459 844 4513 Deum
873 4457 1062 4513 ﬁducia
1087 4467 1141 4513 ct
1157 4458 1325 4529 major
1343 4460 1482 4528 apud
1503 4459 1745 4515 homines
1762 4459 1926 4529 gloria
1948 4472 2095 4513 com-

521 4558 778 4616 paratur,
833 4549 936 4602 illis
972 4560 1156 4603 contra
1197 4550 1565 4605 condemnatio
1604 4558 1660 4604 et
1704 4550 1991 4619 ignominia
2041 4557 2096 4604 ct

520 4640 791 4708 probrum.
814 4639 1246 4710 Quandoquidem
1269 4656 1329 4695 ea
1360 4656 1568 4710 quoque
1590 4643 1801 4695 virtutis
1825 4651 1879 4696 et
1902 4643 2099 4712 impro-

520 4730 702 4784 Iutatis
730 4741 914 4784 natura
941 4740 1037 4795 est,
1063 4740 1120 4784 ut
1141 4730 1227 4784 illa
1257 4739 1366 4785 tttm
1398 4733 1564 4802 magis
1588 4732 1793 4798 ﬂoreat,
1815 4747 1932 4787 cum
1959 4733 2098 4788 bello

520 4831 743 4876 vexatur
771 4841 783 4875 :
817 4823 930 4877 hcce
949 4832 1154 4888 contra,
1181 4824 1338 4877 etiam
1361 4838 1482 4879 cum
1510 4824 1701 4879 bellum
1723 4825 1902 4889 infert,
1933 4826 2096 4880 imbe-

518 4913 692 4968 cillior
703 4913 972 4980 reddatur,
987 4925 1146 4984 atque
1164 4915 1262 4969 hac
1281 4915 1508 4970 maxime
1526 4917 1728 4973 ratione
1747 4918 2096 4987 opprimatur.

521 5001 655 5057 Cum
696 5003 852 5074 igitur
888 5021 953 5059 ex
995 5005 1061 5059 iis
1085 5021 1203 5075 qua:
1248 5003 1380 5060 fiunt
1416 5006 1680 5076 lugentem
1721 5007 2099 5064 consolationis

522 5108 707 5148 ansam
757 5095 993 5150 habeatis
1020 5137 1036 5162 ,
1083 5097 1303 5166 gaudete
1346 5111 1410 5151 ac
1450 5097 1699 5152 laatamini
1729 5139 1746 5165 ,
1792 5097 2101 5168 fortiterque

527 5185 684 5254 agite.
729 5184 911 5256 Ncquc
957 5188 1096 5240 enim
1123 5202 1218 5241 vos
1242 5185 1410 5256 fugit,
1459 5187 1772 5257 quibusnam
1819 5188 2100 5259 propositis

531 5276 760 5344 prmmiis
789 5278 855 5331 ad
886 5285 990 5331 tam
1033 5293 1190 5347 grave
1219 5288 1484 5332 certamen
1537 5295 1632 5333 vos
1670 5281 1973 5334 accinxistis
2002 5322 2015 5341 .
2048 5289 2103 5334 ct

531 5383 774 5436 quamam
803 5383 919 5436 vos,
950 5369 994 5422 si
1020 5383 1080 5422 ea
1108 5384 1224 5439 qua:
1250 5367 1492 5424 accidunt
1522 5369 1730 5425 fortiter
1754 5378 1807 5425 et
1832 5384 1950 5424 cum
1977 5386 2099 5440 gra-

596 5499 612 5563 f
650 5506 848 5563 neg.....
870 5499 1066 5563 obsecro
1087 5506 1138 5563 ut
1156 5507 1201 5563 et
1218 5513 1319 5563 ipse
1341 5500 1506 5563 crebro
1527 5501 1594 5553 ad
1615 5513 1698 5550 nos
1728 5500 1912 5563 scribas
1933 5500 1995 5563 de
2022 5506 2105 5563 tua

533 5557 1094 5632 valetudinenetqunlent
1114 5557 1384 5632 istic'ritqm
1407 5561 1570 5632 «tegas,
1581 5569 1634 5632 ,ει
1654 5576 1747 5632 qua
1763 5562 1819 5632 in
1836 5560 2107 5611 (catenatio-

530 5632 590 5668 ue
613 5630 656 5668 et
679 5622 927 5673 alacritate
947 5622 1014 5672 sis
1032 5634 1050 5672 .'
1073 5622 1123 5673 in
1145 5623 1230 5674 tali
1249 5622 1375 5674 enim
1396 5622 1650 5674 solitudine
1667 5622 1873 5674 ﬂuentes
1895 5635 1986 5672 non
2004 5635 2105 5672 me-

533 5691 746 5753 gtocrem
764 5686 1124 5753 ιτσαιθοιᾳιὶωιιιιι
1148 5685 1458 5748 tucrabimur,
1488 5685 1531 5738 si
1554 5685 1638 5736 has
1664 5686 1722 5736 de
1741 5692 1822 5735 tua
1845 5683 2104 5736 reverentia

529 5745 700 5794 literas
723 5745 1057 5804 acceperimus.

1196 331 1254 392 s.
1294 329 1570 392 manus
1606 325 2078 388 cnnvsosronn
2114 324 2430 383 ARClllEP.
2471 327 3003 387 CONSTANTINOP.
3056 311 3061 338 κ

3647 330 3758 389 εδδ

2177 448 2369 504 tiarum
2399 448 2609 506 actione
2633 449 2858 507 tuleritis
2879 492 2896 518 ,
2935 449 3073 505 bona
3101 457 3386 516 maneant,
3418 464 3483 505 ea
3508 449 3713 504 scilicet
3737 481 3756 505 ν

2171 557 2291 613 quae
2315 556 2416 620 nec
2454 541 2641 598 oculus
2662 542 2830 608 vidit,
2875 557 2973 596 nec
3009 542 3154 597 auris
3191 541 3429 607 audivit,
3453 554 3553 595 nec
3585 540 3636 593 in
3663 554 3760 595 car

2171 629 2402 687 hominis
2425 633 2780 688 ascenderunt
2809 630 2903 703 (l.
2931 631 3051 687 Cor.
3074 631 3126 686 2.
3155 631 3249 702 9).
3281 634 3453 703 Atque
3493 629 3758 686 molestia:

2170 722 2384 793 quidem
2408 725 2512 780 ille
2531 724 2723 792 ﬂuunt,
2750 739 2814 780 ac
2837 725 2991 780 simul
3014 740 3134 781 cum
3153 726 3400 796 praesenti
3422 725 3523 780 vita
3549 724 3762 781 exstin-

2171 823 2400 882 guuntur
2427 831 2442 868 :
2472 814 2686 894 praemia
2713 829 2841 869 vero
2867 828 2930 869 ea
2952 856 2968 880 ,
2998 830 3115 885 quae
3142 815 3266 871 hinc
3286 824 3667 886 comparantur
3684 855 3699 878 ,
3728 829 3759 868 a

2173 917 2346 962 morte
2383 905 2555 961 aliena
2597 915 2738 961 sunt.
2770 906 2910 976 Quin
2936 907 3097 961 etiam
3126 916 3252 963 ante
3293 922 3358 964 ea
3400 907 3620 977 praemia
3648 921 3760 961 non

2175 1012 2392 1068 parvam
2421 996 2548 1053 hinc
2589 1013 2800 1066 quoque
2830 999 3154 1069 voluptatem
3200 1000 3469 1070 percipitis
3492 1038 3511 1065 ,
3555 998 3762 1070 quippe

2171 1105 2306 1158 quas
2331 1089 2483 1145 bona:
2523 1090 2863 1146 conscientia:
2888 1105 3009 1161 spes
3034 1133 3049 1156 ,
3100 1106 3163 1146 ac
3191 1107 3508 1147 coronarum
3539 1091 3754 1146 illarum

2170 1179 2498 1249 exspectatio
2518 1188 2717 1247 pascat.
2750 1179 2873 1235 Haec
2893 1195 3052 1249 porro
3074 1181 3166 1235 tibi
3187 1191 3311 1236 ante
3331 1181 3515 1235 literas
3546 1188 3764 1234 nostras

2172 1275 2299 1325 nota
2323 1283 2464 1335 esse,
2493 1285 2598 1324 non
2625 1285 2711 1324 me
2735 1269 2902 1340 fugit:
2928 1286 3136 1335 verum,
3157 1279 3221 1326 uti
3243 1272 3534 1340 longiorem
3559 1269 3765 1339 episto-

2175 1359 2280 1416 lam
2323 1360 2591 1418 efﬁceretn
2623 1403 2640 1429 ,
2685 1361 3110 1418 cohortationem
3153 1362 3395 1431 produxi.
3444 1359 3584 1416 Illud
3611 1359 3761 1414 enim

2175 1451 2331 1521 plane
2364 1452 2477 1507 scio
2504 1493 2519 1516 ,
2554 1461 2604 1506 te
2631 1451 2830 1522 ingenti
2859 1451 3088 1522 quodam
3118 1453 3392 1508 literarum
3445 1460 3758 1506 nostrarum

2174 1541 2441 1597 desiderio
2481 1542 2646 1597 teneri
2675 1558 2690 1608 ;
2722 1541 2881 1612 idque
2906 1556 3080 1598 causa:
3109 1557 3228 1597 esse
3268 1551 3396 1611 puto
3419 1583 3435 1608 ,
3480 1556 3578 1596 cur
3606 1540 3766 1596 nobis

2175 1649 2241 1689 eo
2265 1635 2479 1688 nomine
2514 1633 2705 1689 crebro
2733 1648 3051 1688 succenseas
3081 1675 3096 1699 ,
3138 1633 3279 1702 quod
3310 1632 3484 1687 minus
3512 1646 3658 1699 saepe
3696 1630 3766 1685 ad

2177 1732 2228 1779 te
2247 1724 2640 1794 scripserimus.
2659 1723 2842 1795 Neque
2856 1726 2998 1780 enim
3020 1725 3361 1794 cupiditatem
3385 1735 3525 1780 tuam
3545 1725 3768 1793 explere

2175 1829 2496 1886 possumus,
2536 1815 2779 1885 quamvis
2821 1816 2979 1870 etiam
3027 1815 3262 1885 quotidie
3302 1814 3488 1870 literas
3529 1813 3765 1869 demus»:

2177 1907 2297 1974 quia
2320 1921 2386 1961 ex
2402 1905 2642 1975 epistolis
2663 1907 2858 1961 nostris
2879 1905 3114 1976 pendere
3135 1905 3347 1960 videris.
3371 1906 3511 1960 Deus
3533 1904 3626 1960 tibi
3653 1914 3769 1958 tum

2179 1997 2232 2051 in
2264 1998 2362 2053 hac
2387 1997 2493 2052 vita
2515 2041 2532 2065 ,
2559 2007 2669 2052 tum
2709 1999 2760 2053 in
2792 1998 2968 2054 futuro
2991 2013 3106 2053 aevo
3133 1997 3356 2068 hujusce
3385 2012 3510 2068 erga
3542 2013 3641 2052 nos
3670 2013 3770 2051 ca-

2177 2090 2350 2143 ritatis
2369 2087 2671 2145 mercedem
2695 2087 2972 2159 rependat.
2999 2088 3107 2144 Nos
3126 2088 3342 2158 quidem
3363 2098 3532 2154 certe,
3557 2090 3774 2158 quoties

2177 2180 2368 2249 quibus
2391 2179 2580 2234 demus
2594 2188 2899 2245 occurrunt,
2932 2179 2997 2233 ad
3026 2187 3077 2234 te
3096 2178 3329 2233 scribere
3355 2178 3574 2233 minime
3595 2178 3773 2232 inter-

2177 2272 2436 2328 mittimus
2461 2289 2476 2325 :
2503 2285 2567 2326 ac
2608 2284 2738 2325 sane
2773 2284 2872 2324 nos
2908 2269 3054 2338 ipsos
3075 2283 3283 2323 sunnno
3307 2267 3568 2323 beneﬁcio
3596 2265 3773 2321 afﬁci-

2183 2377 2301 2417 mus
2323 2403 2339 2429 ,
2367 2377 2490 2418 cum
2533 2361 2589 2418 id
2629 2361 2854 2417 facimus
2875 2401 2891 2426 ,
2923 2371 3079 2431 teque
3121 2376 3280 2432 quam
3309 2359 3632 2416 creberrime
3674 2374 3776 2428 per

2180 2455 2361 2508 literas
2385 2453 2696 2508 salutamus.
2722 2451 2990 2522 Siquidem
3011 2453 3286 2506 caritatem
3311 2466 3452 2517 eam,
3482 2465 3640 2520 quam
3665 2465 3771 2503 no-

2181 2544 2264 2598 bis
2291 2545 2516 2613 primum
2543 2543 2770 2612 injecisti
2794 2583 2810 2608 ,
2854 2551 3112 2612 perpetuo
3139 2542 3401 2611 vigentem
3430 2540 3732 2595 retinemus
3757 2555 3773 2603 ;

2182 2642 2242 2688 ut
2264 2635 2470 2689 etiamsi
2503 2634 2656 2688 nobis
2683 2633 2881 2688 diutius
2909 2632 3084 2687 adhuc
3107 2648 3134 2685 a
3166 2631 3319 2686 vobis
3345 2632 3534 2687 abesse
3555 2632 3740 2686 contin
3758 2659 3777 2670 -

2182 2736 2290 2795 gat,
2322 2742 2389 2781 ne
2416 2727 2494 2781 sic
2513 2726 2725 2794 quidem
2747 2735 2922 2779 tamen
2950 2725 3062 2793 ipsa
3088 2723 3400 2778 imbecillior
3420 2723 3558 2777 eflici
3587 2731 3779 2792 queat.

2184 2817 2390 2872 Etenim
2419 2817 2614 2887 ubique
2643 2830 2736 2870 vos
2765 2816 2940 2868 animo
2968 2813 3419 2879 circumferimus,
3447 2814 3643 2867 mentis
3669 2827 3773 2868 ve-

2183 2916 2307 2962 strae
2334 2906 2690 2962 constantiam
2733 2905 3104 2972 ingentemque
3133 2901 3497 2956 fortitudinetn
3544 2901 3609 2954 ad
3655 2909 3780 2955 stu-

2184 3012 2365 3068 porem
2390 3011 2557 3065 usque
2577 2995 2853 3049 mirantes.
2870 2991 3224 3059 Quamobrem
3248 2992 3355 3060 ipsa
3379 2991 3566 3045 crebro
3584 2993 3652 3045 ad
3676 3005 3780 3044 nos

2190 3088 2259 3143 de
2284 3098 2368 3142 tua
2394 3088 2912 3154 domesticornmque
2949 3092 3156 3137 tuorum
3199 3082 3434 3136 omnium
3472 3081 3781 3135 valetudine

2185 3180 2360 3235 scribe
2379 3221 2393 3244 ,
2425 3193 2530 3247 quo
2562 3176 2684 3230 hinc
2724 3189 2932 3245 quoque
2961 3187 3204 3242 magnam
3234 3172 3649 3226 consolationem
3679 3185 3774 3225 ca-

2188 3285 2411 3342 ptamus.

2259 3404 2354 3460 XC
2369 3403 2494 3458 VII.
2529 3402 2755 3474 Hypatio
2781 3402 3086 3472 presbytero.
3115 3400 3361 3472 (Cucuso
3385 3413 3526 3453 anno
3551 3397 3708 3468 605.)

2261 3540 2446 3608 Nosti,
2493 3539 2705 3595 domine
2734 3539 2805 3592 mi
2835 3535 3277 3594 reverendissimc
3299 3573 3315 3600 ,
3347 3540 3598 3604 quantam
3627 3531 3784 3585 vobis

2191 3634 2516 3689 calamitates
2535 3647 2636 3699 ear,
2662 3646 2780 3700 qua:
2808 3629 2901 3683 Dei
2921 3642 3080 3683 causa
3106 3627 3422 3690 subeuntur,
3449 3621 3781 3687 mercedem,

2193 3732 2491 3793 quantaque
2519 3721 2734 3790 praunia
2759 3727 2811 3774 et
2837 3724 3062 3787 quantas
3089 3729 3312 3769 coronas
3342 3713 3514 3768 ferant
3540 3730 3553 3766 :
3585 3725 3782 3780 quam-

2195 3815 2378 3869 obrem
2418 3811 2548 3865 nihil
2573 3824 2758 3865 eorum
2795 3823 2915 3877 qua:
2938 3808 3073 3860 ﬁunt
3103 3814 3153 3860 te
3178 3801 3492 3866 conturbet,
3519 3800 3786 3870 siquidem

2195 3913 2287 3954 eos
2316 3899 2552 3960 demunt,
2584 3895 2670 3964 qui
2697 3892 2953 3948 scelerate
2975 3888 3174 3959 aliquid
3201 3887 3414 3949 faciunt,
3444 3886 3628 3954 lugere
3651 3898 3786 3938 cou-

2198 3991 2362 4044 veuit.
2394 3989 2521 4042 Nam
2546 3988 2580 4040 ii
2605 3995 2748 4040 certe
2776 3992 2902 4039 sunt
2923 3985 3012 4053 qui
3038 3991 3316 4036 sescentas
3342 3978 3598 4031 adversus
3621 3981 3783 4044 caput

2193 4099 2349 4138 suum
2379 4095 2566 4151 ptenas
2594 4085 2906 4149 congerunt.
2934 4077 3014 4129 Tu
3045 4075 3201 4144 igitur
3225 4113 3241 4139 ,
3269 4081 3326 4126 ut
3351 4081 3403 4126 te
3425 4069 3643 4138 dignum
3673 4076 3784 4134 est,

2197 4192 2314 4231 eam
2343 4189 2498 4244 quant
2525 4172 2796 4236 convenit,
2827 4167 3184 4223 fortitudinem
3212 4173 3401 4232 praesta
3431 4178 3444 4212 :
3475 4171 3634 4230 atque
3663 4159 3785 4212 illo.

2199 4284 2314 4321 rum
2345 4264 2561 4319 technas
2590 4272 2644 4316 et
2667 4259 2889 4314 insidias
2925 4256 3132 4310 facilius
3151 4295 3165 4320 ,
3196 4269 3356 4324 quam
3383 4266 3594 4306 araneae
3625 4250 3786 4304 telam

2201 4358 2446 4424 discerpe
2477 4371 2490 4408 :
2519 4353 2692 4421 deque
2735 4358 2821 4404 tua
2851 4347 3153 4402 valetudine
3185 4359 3343 4415 quam
3382 4342 3676 4412 saepissime
3717 4340 3787 4394 ad

2201 4463 2299 4505 nos
2342 4446 2534 4503 scribe.
2566 4444 2750 4513 Magna
2780 4440 2923 4496 enim
2949 4479 2964 4503 ,
2993 4439 3048 4492 in
3073 4437 3243 4491 aliena
3289 4435 3415 4489 licet
3444 4433 3659 4502 regione
3688 4429 3786 4485 de-

2200 4551 2386 4612 gentes
2414 4554 2478 4594 ac
2497 4539 2890 4592 commorantes
2915 4573 2930 4598 ,
2961 4527 3376 4584 consolationem
3403 4525 3676 4593 capiemus
3695 4561 3713 4586 ,
3743 4521 3788 4574 si

2206 4629 2508 4704 hujusmodi
2535 4629 2630 4683 abs
2661 4636 2712 4682 te
2737 4627 2921 4680 literas
2944 4620 3286 4691 accipiamus.

2376 4762 2640 4820 XCVIII.
2671 4760 2966 4818 Chalcidic.
3008 4755 3256 4828 (Cucuso
3283 4766 3424 4806 anno
3448 4749 3574 4806 ιω.
3598 4749 3621 4819 )

2275 4905 2388 4959 Non
2419 4900 2623 4971 vulgari
2643 4897 2828 4953 dolore
2855 4893 3030 4949 aﬁ‘ecti
3056 4907 3258 4956 sumus,
3287 4905 3406 4944 cum
3435 4898 3488 4944 te
3509 4897 3616 4942 tam
3641 4888 3798 4956 gravi

2207 4993 2395 5050 morbo
2421 4989 2589 5046 teneri
2619 4987 2941 5057 accepimus.
2967 4984 3084 5038 Seis
3105 4981 3277 5047 enim,
3305 4976 3641 5033 ornatissima
3671 4987 3790 5029 mea

2207 5103 2266 5142 ac
2283 5078 2678 5154 religiosissima
2691 5078 2925 5142 domina,
2947 5082 3146 5144 quanto
3156 5067 3469 5125 valetudinis
3489 5075 3594 5121 tua:
3611 5062 3795 5119 studio

2209 5192 2501 5237 teneamur.
2533 5171 2884 5242 Quamobrem
2907 5183 2976 5222 ne
2996 5181 3121 5220 cura
3141 5172 3192 5218 et
3212 5158 3564 5216 sollicitudine
3588 5156 3793 5211 crucie-

2209 5289 2346 5336 mur,
2373 5287 2466 5341 per
2495 5265 2798 5338 quemdam,
2821 5261 2909 5331 qui
2935 5257 3138 5328 primus
3163 5254 3318 5308 istinc
3343 5251 3450 5305 huc
3471 5246 3669 5308 veniat,
3689 5247 3790 5299 hoc

2210 5365 2378 5434 ipsum
2408 5369 2464 5414 ut
2502 5359 2731 5412 sciamus
2756 5352 2912 5406 velim
2948 5361 3105 5402 cures
3127 5385 3142 5411 ,
3176 5344 3275 5397 hoc
3304 5349 3388 5395 est
3413 5355 3536 5392 num
3569 5351 3789 5405 prorsus

2210 5429 2428 5512 morbus
2443 5449 2682 5507 sublatus
2701 5446 2792 5512 sit,
2809 5457 2870 5498 ac
2892 5453 2944 5496 tu
2965 5440 3183 5508 integra:
3202 5433 3410 5488 sanitati
3433 5429 3671 5484 restituta
3693 5429 3792 5481 sis.

2212 5549 2319 5605 Nec
2347 5545 2488 5602 enim
2515 5542 2754 5612 exiguam
2779 5579 2793 5602 ,
2823 5534 2984 5592 etiam
3011 5532 3065 5586 in
3089 5537 3196 5584 tam
3221 5525 3434 5582 deserto
3462 5519 3788 5612 locopositi,

2214 5641 2536 5710 voluptatem
2579 5610 2852 5701 capimus,
2898 5639 3020 5680 cum
3051 5621 3119 5676 de
3165 5615 3450 5710 tua,_hoc_
3473 5621 3554 5667 est
3582 5610 3800 5710 fet-nina-

2222 5747 2320 5791 nos
2339 5700 2591 5786 .amantis
2616 5766 2629 5793 ,
2649 5700 2973 5777 valetudine
2997 5713 3265 5783 animique
3301 5707 3566 5764 hilaritate
3592 5700 3796 5771 aliquid
