4078 6450
504 333 603 397 .3!

507 438 881 516 μανθάνωμεν.
903 435 1088 490 Εἰδυῖα
1107 432 1282 493 τοίνυν
1312 429 1473 500 ἡλίκα
1502 430 1633 499 ἡμῖν
1664 426 1864 498 χαρίζῃ
1885 420 2064 516 τοιᾳᾷ.

503 511 605 603 ιεην
627 529 915 599 πέμπουσα
935 521 1236 592 ἐπιστολὴν,
1254 520 1327 590 μὴ
1359 519 1650 589 μελλὴσῃς,
1675 517 1808 587 μηδὲ
1834 511 2063 584 ὑπερθῇο

504 620 620 676 an?
660 618 862 680 εὐθέως
901 615 1056 669 τοῦτο
1094 614 1316 681 ποιῆσαι
1351 609 1750 681 παρακλήθητι,
1785 607 1850 660 ἵν’
1881 604 2066 671 ῶσπερ

505 710 600 764 νῦν
631 710 734 764 ὑπὸ
761 708 860 780 τῆς
904 706 1136 776 ἀθυμίας
1166 703 1422 773 συνέχεας
1449 702 1595 772 ἡμᾶς
1627 700 1723 772 τήν
1759 695 2059 773 ἀρρωστίαν

504 799 755 861 είποῦσα,
807 798 978 860 οὑτως
1019 796 1114 867 τὴν
1158 796 1347 864 ὑγείαν
1387 792 1761 860 ἀπαγγείλχσα
1807 789 1906 858 τὴν
1944 787 2062 856 σὴν,

507 891 707 960 πολλῆς
740 889 883 959 ἡμᾶς
922 885 1298 957 ἐμπλησθῆναι
1336 885 1564 955 ποιήσῃς
1595 881 1694 950 τῆς
1723 879 1932 949 ἡδονῆς.

901 991 1052 1072 [647]
1090 999 1203 1063 ιτα.
1259 995 1652 1063 Ἀσυγκριτίᾳ.

587 1093 741 1163 Ἐμοὶ
777 1091 876 1160 μὲν
923 1087 1386 1159 περισπούδαστον
1419 1085 1479 1138 τὸ
1512 1084 1747 1154 συνεχῶς
1779 1084 1906 1154 ὑμῖν
1943 1083 2066 1134 ἐπι-

509 1181 747 1236 στέλλειν
769 1197 784 1212 ·
819 1179 919 1249 τῆς
953 1178 1060 1249 γάρ
1092 1176 1385 1238 διαθέσεως
1413 1174 1587 1245 ὑμῶν,
1618 1176 1712 1226 καὶ
1737 1175 1835 1243 τῆς
1862 1172 2065 1234 αἰδοῦς,

507 1272 723 1341 καὶτῆς
749 1271 936 1341 τιμῆς,
966 1271 1031 1338 ἡν
1059 1268 1145 1323 ἀεὶ
1180 1268 1305 1337 περὶ
1330 1267 1476 1336 ἡμᾶς
1500 1263 1865 1335 ἐπεδείξασθε,
1901 1265 2066 1316 ὃπου-

506 1380 611 1433 περ
644 1362 708 1415 ἂν
744 1357 1092 1429 ἀφικώμεθα,
1132 1356 1486 1411 ἐπιλαθέσθαι
1525 1356 1584 1408 οὐ
1628 1354 1919 1424 δυνάμεθα,
1951 1353 2067 1405 ἀλλ’

506 1451 699 1521 ἐχομεν
728 1448 878 1520 ὑμῶν
910 1447 1170 1518 διηνεκῶς
1189 1447 1287 1515 τὴν
1316 1447 1536 1519 μνήμην
1560 1441 1908 1514 ἀκμάζουσαν
1934 1460 2070 1497 παν·

505 1541 668 1613 ταχοῦ
721 1540 1120 1613 περιφέροντες.
1176 1539 1238 1590 Εί
1285 1537 1342 1592 δὲ
1393 1538 1466 1608 μὴ
1515 1536 1701 1599 ὁσάκις
1741 1535 2070 1605 ἐϐουλόμεθα

505 1631 942 1700 ἐπεστάλκαμεν,
968 1629 1103 1684 ἀλλά
1149 1628 1460 1690 σπανιάκις,
1495 1627 1653 1680 τοῦτο
1680 1627 1740 1679 οὐ
1773 1627 1870 1696 τῆς
1901 1623 2065 1696 ρᾳθυ-

507 1723 636 1792 μίας
655 1721 753 1792 τῆς
776 1721 1068 1792 ἡμετέρας,
1105 1719 1238 1774 ἀλλά
1262 1718 1364 1788 τῆς
1384 1717 1492 1770 τῶν
1520 1717 1861 1788 πραγμάτων
1893 1716 2066 1785 ἀνάγ-

505 1828 630 1880 κης,
663 1809 875 1864 καὶτοῦ
905 1809 1003 1880 τὴν
1030 1809 1145 1863 ὁδὸν
1171 1807 1368 1863 ἄϐατον
1415 1807 1713 1878 ὁδοιπόροις
1767 1802 1905 1863 εἶναι
1949 1806 2064 1865 νῦν.

503 1899 669 1953 Ταῦτ’
692 1895 785 1954 οὖν
812 1899 1002 1962 εἰδυῖα,
1034 1899 1201 1969 κυρία
1233 1915 1332 1968 μου
1367 1897 1717 1968 κοσμιωτάτη
1739 1897 1834 1951 καὶ
1856 1898 2067 1965 εὐγενε-

503 1991 692 2061 στάτη,
727 1991 820 2046 καὶ⁵
849 1991 1168 2062 γραφόντων
1199 1988 1377 2058 ἡμῶν,
1399 1989 1495 2040 καὶ
1529 1988 1830 2057 σιγώντων,
1866 1989 2066 2059 ὁμοίιος

498 2077 737 2134 διάκεισο
785 2080 912 2152 περὶ
951 2080 1051 2150 τῆς
1094 2078 1404 2144 διαθέσεως,
1428 2078 1497 2149 ἡν
1514 2079 1601 2134 ἀεὶ
1637 2082 1765 2152 περὶ
1796 2083 1937 2152 ὑμᾶς
1976 2085 2070 2142 ἐπ-

499 2167 838 2239 εδειξάμεθα.

745 2294 828 2352 P'.
868 2299 1186 2367 Μαρκιανῷ
1217 2303 1315 2357 καὶ
1352 2303 1802 2370 Μαρκελλίνφα.

570 2384 742 2438 Τοῦτο
769 2387 859 2440 καὶ
891 2391 1022 2459 ἡμῖν
1051 2390 1151 2459 τῆς
1180 2394 1396 2461 μακράς
1428 2394 1584 2464 σιγῆς
1619 2393 1789 2449 αἴτιον
1829 2394 2060 2463 γίνεται,

497 2473 529 2528 ὃ
559 2476 651 2528 καὶ
683 2477 749 2547 τῇ
799 2476 1046 2549 εὐγενείᾳ
1094 2482 1160 2550 τῇ
1224 2481 1486 2552 ὑμετέρᾳ·
1519 2483 1654 2538 ἀλλὰ
1690 2485 1846 2554 σιγῆς
1877 2485 1936 2537 οὐ
1966 2487 2064 2556 τῆς

497 2565 639 2621 κατά
675 2565 775 2630 τὴν
806 2565 1049 2638 γνώμην,
1074 2569 1209 2623 ἀλλά
1235 2572 1333 2640 τῆς
1367 2572 1503 2626 κατά
1529 2574 1628 2645 τὴν
1659 2573 1923 2642 γλῶτταν.
1976 2576 2064 2640 Ὠς

494 2658 564 2727 τῇ
597 2655 803 2726 διανοίᾳ
845 2658 936 2710 καὶ
973 2658 1376 2731 ἐπιστέλλομεν,
1421 2664 1515 2716 καὶ
1572 2664 2065 2736 προσφθεγγόμεθα

498 2743 758 2814 συνεχῶς,
789 2745 988 2815 μᾶλλον
1017 2747 1073 2800 δὲ
1105 2747 1385 2819 διηνεκῶς,
1415 2751 1512 2822 τὴν
1550 2754 1940 2827 εὐγενεστάτην
1972 2758 2065 2810 καὶ

495 2832 909 2906 ἐμμελεστάτην
957 2836 1108 2906 ὑμῶν
1135 2836 1338 2916 ψυχὴν,
1369 2841 1462 2892 καὶ
1493 2843 1892 2915 ἐγκολάψαντες
1921 2848 2064 2920 ὑμᾶς

496 2927 576 2998 τῷ
609 2927 889 2994 συνειδότι,
921 2924 1192 2999 πανταχοῦ
1227 2930 1593 3001 περιφέρομεν
1613 2947 1626 2962 ·
1664 2933 1905 2987 τοιοῦτον
1955 2937 2064 3007 γὰρ

497 3020 560 3071 τδ
592 3017 761 3085 φιλεῖν
790 3017 1046 3086 γνησίως.
1069 3018 1234 3071 Ταῦτ’
1267 3011 1358 3072 οὖν
1386 3018 1602 3087 ειδότες,
1634 3021 1812 3094 κύριοί
1838 3042 1940 3095 μου
1966 3043 2062 3080 πο-

497 3111 785 3187 θεινότατοι
830 3112 921 3163 καὶ
971 3111 1310 3180 τιμιώτατοι,
1347 3113 1689 3168 ἐπιστέλλετε
1744 3116 1865 3188 μὲν,
1898 3118 2061 3188 ἡνίκα

495 3198 563 3257 ἀν
601 3199 720 3268 ἐξῇ.
737 3197 807 3251 τὰ
834 3198 1078 3268 περὶτῆς
1107 3199 1317 3273 ὑγιείας
1352 3201 1448 3271 τῆς
1470 3204 1739 3280 ὑμετέρας
1757 3205 2060 3275 δηλοῦντες.

496 3289 763 3361 Θαρρεῖτε
790 3289 866 3351 δὲ,
896 3289 979 3341 δτι
1005 3290 1096 3342 καὶ
1125 3290 1397 3359 σιγώντων
1428 3294 1580 3363 ὑμῶν
1607 3295 1705 3367 τὴν
1737 3297 1906 3368 αὐτὴν
1935 3300 2064 3370 περὶ

495 3377 597 3448 τῆς
620 3379 837 3450 ἀγάπης
855 3377 1006 3449 ὑμῶν
1035 3379 1212 3452 ψῆφον
1240 3382 1475 3455 οῐσομεν,
1501 3385 1567 3461 ήν
1593 3386 1686 3439 καὶ
1722 3388 2060 3456 γραφόντων,

495 3466 605 3526 ἀπὸ
631 3469 730 3539 τῆς
758 3466 980 3539 γνώμης
1004 3467 1174 3523 ταῦτα
1199 3470 1554 3543 ψηφιζόμενοι
1576 3476 1676 3546 τῆς
1703 3478 1990 3550 ὑμετέρας.

868 3609 1001 3660 PA'.
1033 3606 1272 3674 Σευήρῳ
1295 3607 1691 3677 πρεσϐυτέρῳ.

577 3718 765 3789 Ἡμεῖς
811 3717 909 3788 μὲν
943 3717 1118 3773 καίτοι
1165 3718 1359 3791 χωρίον
1404 3721 1736 3794 ἐρημότατον
1762 3723 2059 3793 οἰκοῦντες,

496 3817 591 3874 καὶ
615 3816 1024 3886 ἐπεστάλκαμεν
1050 3816 1306 3880 πολλάκις
1339 3818 1475 3888 πρὸς
1505 3825 1602 3890 την
1627 3820 1723 3889 σὴν
1747 3822 2061 3891 ἐμμέλειαν,

497 3915 733 3977 καὶτοὺς
752 3914 958 3967 ἐκεῖθεν
981 3904 1406 3984 ἀφικνουμένους
1428 3918 1488 3969 οὐ
1510 3917 1795 3988 παυόμεθα
1827 3921 2064 3991 συνεχῶς

495 4015 809 4084 ἐρωτῶντες
841 4015 969 4084 περὶ
1019 4014 1115 4083 τῆς
1168 4014 1354 4080 ὑγείας
1382 4015 1481 4085 τῆς
1519 4017 1642 4085 σῆς.
1686 4019 1858 4084 Αὐτὸς
1884 4022 1940 4074 δὲ
1964 4023 2063 4075 οὑκ

493 4107 639 4176 οῖδα,
663 4112 779 4166 ἀνθ’
799 4113 921 4166 ὅτου
953 4112 1179 4184 μανικὸς
1209 4114 1365 4184 ἡμῶν
1392 4115 1562 4178 οὑτως
1589 4118 1820 4189 ἐραστὴς
1847 4120 1942 4184 ὣν,
1970 4123 2064 4175 καὶ

495 4215 695 4288 πολλὴν
745 4215 996 4271 εὐκολίαν
1031 4215 1170 4286 ἔχων
1206 4217 1312 4271 τῶν
1363 4219 1596 4274 ἐνταῦθα
1640 4221 2061 4294 διακομιζόντων

493 4315 564 4370 τὰ
589 4316 905 4386 γράμματα.
935 4317 1092 4386 σιγᾷς
1110 4313 1253 4369 οὕτω
1281 4317 1497 4389 μακρὰν
1515 4321 1692 4391 σιγήν.
1741 4323 1879 4375 Ἀλλ’
1901 4327 2061 4396 ἡμεῖς

492 4415 557 4468 τὸ
584 4415 781 4486 θερμόν
805 4433 898 4469 σου
933 4417 1028 4470 καὶ
1055 4417 1297 4486 γνήσιον,
1322 4417 1382 4470 τὸ
1411 4420 1699 4490 εἱλικρινὲς
1737 4422 1836 4492 τῆς
1879 4422 2058 4477 διαθέ-

495 4533 653 4580 σεως,
687 4515 716 4568 δ
750 4516 877 4588 περὶ
907 4517 1054 4586 ἡμᾶς
1088 4516 1177 4568 ἀεὶ
1218 4493 1849 4584 ἐπεδείξω,’ἐννοοῦντες,
1879 4525 1970 4576 καὶ
2002 4526 2060 4578 ἐν

491 4621 558 4688 τῇ
591 4619 716 4688 σιγῇ
734 4619 800 4688 τῇ
825 4618 1011 4687 μακρᾷ
1036 4616 1294 4688 μεγίστην
1312 4618 1669 4689 καρπούμεθα
1695 4622 2056 4694 παράκλησιν.

493 4715 640 4785 Πλὴν
664 4715 800 4770 ἀλλά
826 4715 1126 4786 βουλόμεθα
1158 4717 1249 4769 καὶ
1289 4719 1626 4788 γραμμάτων
1665 4722 1899 4792 συνεχῶς
1927 4725 2062 4777 ἀπο-

492 4813 675 4867 λαύειν
716 4813 824 4868 τῶν
874 4815 1006 4879 σῶν,
1033 4815 1099 4869 τά
1126 4816 1378 4888 περὶτῆς
1405 4817 1615 4886 ὑγιείας
1654 4820 1750 4891 τῆς
1796 4821 1895 4890 σῆς
1931 4824 2059 4892 ἡμῖν

494 4913 961 4990 ἀπαγγελλόντων,
1020 4918 1112 4969 καὶ
1168 4916 1204 4970 ἀ
1257 4919 1385 4988 παρ’
1440 4920 1637 4991 ἐτέρων
1694 4922 2054 4993 μανθάνομεν,

492 5013 668 5065 ταῦτα
699 5011 849 5083 παρά
891 5014 990 5085 τῆς
1041 5014 1287 5085 γλώττης
1324 5016 1424 5086 τῆς
1459 5017 1578 5087 σῆς,
1603 5021 1696 5072 καὶ
1728 5020 1827 5090 τῆς
1877 5023 2057 5092 χειρὸς

492 5112 825 5183 ἐϐουλόμεθα
854 5114 1160 5183 μανθάνειν.
1201 5117 1348 5170 Ποίει
1383 5117 1448 5188 δὴ
1476 5117 1635 5171 τοῦτο
1665 5119 1758 5174 νῦν
1796 5121 1942 5189 γοῦν.
1969 5122 2057 5176 δέ·-

494 5211 668 5263 σποτά
713 5229 816 5278 μου
853 5212 1176 5282 τιμιώτατε·
1213 5212 1366 5270 οῑσθα
1389 5218 1498 5288 γάρ
1525 5218 1690 5289 ἡλίκα
1716 5221 1848 5290 ἡμῖν
1869 5226 2053 5294 χαριῇ.

504 5307 592 5372 Ὦς
638 5313 796 5380 ἡμεῖς
840 5314 934 5365 καὶ
973 5315 1294 5382 γράφοντες,
1343 5319 1435 5370 καὶ
1489 5318 1562 5389 μὴ
1616 5321 1935 5390 γράφοντες,
1992 5324 2053 5376 οὐ

496 5409 778 5479 παυόμεθα
812 5413 1163 5483 μεμνημένοι,
1198 5416 1292 5468 καὶ⁵
1321 5415 1417 5488 τήν
1448 5418 1686 5489 ἀγάπην,
1715 5421 1780 5489 ἡν
1811 5421 1897 5474 ἀεὶ
1930 5423 2055 5491 περὶ

561 5562 1159 5646 ῖΧὲι19;-,ἒῒεειξέλιοξῑεῑξί
1195 5565 1355 5646 Ἐπιξιο
1395 5575 1504 5646 vos}
1537 5570 1747 5646 βοίεὲίο-
1777 5578 1845 5646 ,τῆ
1873 5572 2052 5646 διφοὲοι

567 5624 674 5696 λλον
694 5624 914 5696 διηνεκῶς
937 5628 1021 5696 τῂν
1059 5624 1492 5696 εὐγενεστάτῃνάαὶ
1514 5624 1878 5696 *ἐμμελεστάτῆν
1923 5624 2053 5696 ὑμῶν

562 5686 667 5746 χὴν,
688 5685 766 5734 καὶ
789 5685 1131 5750 ἐγκολάψαντες
1144 5689 1274 5750 ὑμῶν
1292 5692 1359 5753 τῷ
1382 5685 1625 5742 συνειδότι.

1137 324 1196 380 S.
1236 318 1519 379 JOANNIS
1554 308 2046 375 CHRYSOSTOMI
2081 307 2400 367 ARCIIIEP.
2439 301 2984 369 CONSTANTINOP.

2170 418 2270 490 τὴν
2287 419 2386 492 σὴν
2404 416 2792 488 ἐπεδειξάμεθα
2820 411 3122 476 εὐλάϐειαν,
3152 407 3554 479 διατηροῦντες,
3575 405 3734 461 ὅπου·

2170 526 2276 581 περ
2320 509 2387 563 ἂν
2417 503 2586 578 ὦμεν.
2626 505 2787 576 Ἡμῖν
2805 504 2913 576 γὰρ
2945 503 3125 566 αὑτοῖς
3150 501 3219 555 τά
3265 499 3495 571 μέγιστα
3520 491 3744 571 χαριού-

2180 598 2319 670 μεθα
2342 597 2504 652 τοῦτο
2535 594 2830 659 ποιοῦντες.

2440 749 2591 822 [648]
2629 753 2759 806 PB'.
2801 748 3060 812 Θεοδότῳ
3087 745 3462 815 ἀναγνώστῃ.

2241 909 2305 961 Τί
2335 910 2478 979 φής;
2510 906 2739 961 Πλείονά
2787 924 2874 960 σοι·
2900 906 3005 959 τῶν
3031 902 3508 975 προσδοκηθέντων
3544 901 3616 955 τά
3647 901 3718 953 κύ

2140 1046 2148 1066 ε
2177 1019 2322 1071 ματα
2352 999 2623 1070 ἐναπέστη
2651 999 2765 1062 νῦν,
2792 1000 2884 1052 καὶ
2907 997 2994 1051 διὰ
3027 996 3184 1049 τοῦτο
3215 996 3428 1063 ἀλγεῐς;
3459 993 3558 1047 Διά
3584 992 3749 1046 τοῦτο

2175 1093 2276 1163 μὲν
2314 1086 2404 1144 οὖν
2445 1090 2577 1143 αὑτὸ
2607 1088 2816 1159 χαίρειν
2844 1087 2950 1160 χρὴ
2985 1088 3081 1142 καὶ
3115 1089 3360 1158 σκιρτᾷν.
3414 1085 3568 1138 Ἐπεὶ
3594 1085 3689 1136 καὶ
3719 1087 3750 1136 ὸ

2178 1185 2441 1256 μακάριος
2467 1181 2678 1245 Παῦλος
2705 1181 2877 1244 οὕτως
2921 1182 3110 1243 ἐποίει,
3145 1179 3240 1234 νῦν
3293 1179 3392 1252 μὶν
3419 1178 3594 1245 λέγων
3615 1193 3628 1206 '
3660 1176 3748 1229 Οὐ

2169 1278 2361 1348 μόνον
2391 1273 2478 1336 δὲ,
2511 1273 2674 1337 ἀλλὰ
2694 1272 2792 1325 καὶ
2825 1271 3174 1340 καυχώμεθα
3199 1272 3269 1324 ἐν
3299 1269 3430 1334 ταῖς
3463 1269 3710 1336 θλίψεων(
3729 1283 3748 1307 ι

2173 1364 2267 1416 νῦν
2293 1363 2371 1430 δὲ,
2408 1363 2490 1416 δτι
2522 1363 2712 1432 Χαίρω
2737 1361 2946 1427 ἐντοῖς
2978 1358 3290 1430 παθήμασί
3316 1359 3621 1429 μου.”οσῳ
3635 1357 3750 1427 γὰρ

2172 1456 2239 1510 ἀν
2276 1456 2476 1526 μείζων
2511 1455 2605 1509 καὶ
2629 1457 2959 1526 τραχύτερος
2986 1456 3014 1506 ό
3043 1452 3248 1523 χειμὼν
3291 1451 3535 1520 γένηται,
3563 1447 3751 1502 τοσούο

2171 1560 2250 1614 τῳ
2280 1542 2536 1614 πλείωνὴ
2576 1543 2836 1614 ἐμπορία,
2863 1541 3230 1613 λαμπρότεροι
3252 1542 3351 1610 τῆς
3383 1539 3664 1610 ὑπομονῆς
3694 1539 3748 1590 οἱ

2175 1635 2448 1705 στέφανοι,
2467 1634 2638 1689 πολλά
2659 1636 2731 1694 τὰ
2746 1635 2990 1707 βραϐεῖα.
3039 1634 3189 1686 Ἐπεὶ
3219 1632 3312 1685 καὶ
3332 1631 3493 1693 αὐτὸς
3523 1629 3616 1683 σοῦ
3644 1629 3749 1698 μὲν

2172 1727 2356 1780 ἐνεκεν
2383 1725 2599 1797 θαρρῶ·
2633 1723 2748 1779 οῖδα
2778 1726 2884 1796 γάρ
2922 1741 3013 1778 σου
3042 1724 3105 1777 τὸ
3149 1724 3547 1793 ἀπερίτρεπτον
3563 1721 3614 1785 δ,
3651 1720 3750 1778 καί

2171 1815 2406 1882 ἀκλινὲς,
2429 1817 2523 1870 καὶ
2561 1816 2816 1886 στεῤῥόνο
2846 1813 2955 1867 τῶν
2991 1813 3047 1867 δὲ
3071 1811 3526 1874 ἐπιϐουλευόντων
3557 1810 3750 1865 ῑνεκεν

2169 1905 2320 1973 ἀλγῶ
2365 1906 2458 1960 καὶ
2505 1905 2740 1976 δακρύω,
2775 1904 2856 1956 ὅτι
2906 1903 2999 1966 οὓς
3045 1902 3148 1973 χρὴ
3195 1903 3252 1954 ἐν
3290 1899 3439 1973 τάξει
3471 1895 3608 1953 εἷναι
3637 1898 3750 1951 τῶν

2172 1995 2602 2069 θεραπευόντων,
2651 1995 2723 2046 τά
2766 1994 2874 2048 τῶν
2939 1992 3151 2063 ἐχθρῶν
3196 1991 3614 2044 ἐπιδείκνυνται.
3646 1988 3748 2043 Ἐν

2174 2103 2241 2156 με
2270 2086 2431 2139 λυπεῖ
2466 2085 2719 2155 μόνον,τδ
2743 2088 2839 2156 τῆς
2866 2084 2972 2140 τῶν
3001 2083 3292 2154 ὀφθαλμῶν
3321 2100 3416 2137 σου
3432 2082 3746 2144 ἀσθενείας.

2172 2168 2250 2229 ὧν
2280 2176 2376 2227 καὶ
2403 2175 2610 2246 σφόδρα
2641 2171 2776 2238 ἀξιῶ
2808 2172 2973 2226 wolva
3029 2189 3088 2225 σε
3123 2172 3392 2229 ποιεῖσθαι
3435 2171 3612 2240 λόγον,
3661 2171 3751 2223 ίαςε

2167 2269 2318 2336 τροῖς
2344 2282 2403 2319 τε
2430 2264 2822 2335 διαλεγόμενον,
2853 2264 2948 2317 καὶ
2994 2263 3060 2316 τά
3091 2263 3241 2334 παρά
3279 2261 3473 2316 σαυτοῦ
3530 2276 3749 2315 amma-

2170 2360 2425 2429 φέροντα.
2468 2358 2553 2420 Ὠς
2598 2356 2705 2410 τῶν
2753 2373 2814 2424 γε
2868 2355 3095 2425 θλίψεων
3129 2355 3236 2417 τῶν
3282 2354 3638 2424 ἐπαγομένων
3664 2367 3752 2406 σοι

2169 2451 2339 2522 (ὅπερ
2366 2448 2460 2501 καὶ
2491 2446 2801 2519 ἔμπροσθεν
2828 2443 3026 2514 εἷπον),
3062 2446 3223 2498 αὑτόν
3247 2462 3306 2498 τε
3334 2445 3548 2516 χαίρειν
3580 2443 3746 2510 ἀξιῶ,

2169 2541 2264 2593 καὶ
2306 2539 2414 2608 ἐγὼ
2445 2540 2503 2593 δέ
2538 2556 2619 2592 σοι
2654 2537 2971 2609 συνήδομαι.
2990 2532 3120 2591 Οἶδα
3152 2537 3260 2609 γάρ
3295 2537 3418 2599 ὅσος
3447 2537 3513 2588 ἐκ
3540 2534 3740 2588 τούτου

2167 2633 2407 2685 τίκτεται
2443 2648 2526 2683 σοι
2569 2629 2669 2699 τῆς
2714 2629 2990 2698 ὑπομονῆς
3018 2631 3046 2681 ό
3071 2628 3300 2699 καρπός.
3339 2627 3523 2696 Μηδὲν
3561 2622 3658 2679 οὖν
3685 2642 3750 2678 σε

2172 2722 2487 2792 θορυϐείτω,
2522 2719 2657 2792 μηδὲ
2703 2719 3017 2789 ταραττέτω
3066 2719 3174 2771 τῶν
3225 2717 3748 2789 παρεμπιπτόντων.

2175 2817 2268 2867 Ἓν
2306 2813 2414 2885 γάρ
2443 2814 2557 2865 ἐστι
2585 2810 2817 2882 χαλεπὸν
2846 2811 3083 2882 ἁμαρτία
3117 2811 3292 2880 μόνον.
3327 2809 3414 2872 Ὠς
3435 2810 3505 2863 τά
3519 2826 3580 2877 γε
3607 2809 3755 2865 ἀλλα

2170 2906 2345 2959 πάντα
2379 2904 2744 2974 ἀγρυπνοῦντί
2775 2920 2858 2956 σοι
2885 2903 2978 2956 καὶ
2999 2903 3216 2971 νήφοντι
3251 2902 3342 2954 καὶ
3374 2900 3581 2973 κερδῶν
3605 2900 3751 2953 ὑπό.-

2169 2996 2315 3058 οεσις
2342 2995 2495 3049 ἔσται
2524 2995 2777 3065 μεγίστη,
2809 2993 2898 3046 καὶ
2921 2987 2988 3046 τά
3006 2993 3291 3064 ἀπόρρητα
3321 2993 3504 3045 ἐκεῖνα
3535 2990 3748 3059 ἀγαθά,

2167 3087 2235 3141 τά
2260 3088 2319 3140 ἐν
2352 3087 2465 3150 τοῖς
2491 3087 2756 3157 οὐρανοῖς,
2784 3085 2920 3155 μετά
2950 3083 3149 3152 πολλῆς
3174 3084 3308 3135 οἴσει
3333 3100 3420 3141 Δσοι
3454 3081 3555 3151 τῆς
3581 3081 3749 3152 δαψι-

2166 3177 2335 3241 λείας.
2364 3177 2630 3250 Τοιαύτην
2679 3175 2858 3229 τοίνυν
2904 3174 3025 3235 καθ’
3051 3175 3287 3243 ἑκάστην
3340 3176 3552 3245 ἡμέραν
3598 3191 3750 3245 πρα-

2167 3268 2572 3338 γματευόμενος
2607 3267 3009 3338 πραγματείαν,
3033 3270 3188 3335 χαῖρε
3203 3266 3298 3319 καὶ
3313 3267 3629 3336 εὐφραίνου,
3650 3265 3750 3320 καὶ

2171 3360 2408 3430 συνεχῶς
2449 3360 2580 3430 ἡμῖν
2608 3357 2940 3410 ἐπιστέλλειν
2977 3358 3051 3428 μὴ
3088 3358 3361 3410 κατόκνει.
3401 3357 3594 3426 Ἡμεῖς
3645 3356 3749 3428 μὶν

2169 3451 2278 3520 γάρ
2307 3467 2366 3503 σε
2415 3449 2710 3519 βουλόμεθα
2745 3449 2840 3502 καὶ
2887 3447 3006 3518 μεθ’
3035 3448 3192 3518 ἡμῶν
3211 3442 3379 3500 εἷναι·
3406 3446 3519 3500 ἀλλ’
3554 3447 3749 3514 ἐπειδὴ

2168 3542 2264 3610 οὐχ
2299 3534 2451 3610 ἡτοῦ
2487 3539 2752 3610 χειμῶνος
2783 3538 2900 3610 ὥρα
2932 3539 3115 3610 μόνον,
3152 3537 3286 3594 ἀλλά
3334 3538 3426 3591 καὶ
3454 3539 3487 3607 ἡ
3524 3536 3619 3590 τοῦ
3655 3536 3746 3590 θέ-

2173 3649 2297 3701 ρους
2320 3633 2520 3702 ὀμοίως
2547 3631 2694 3684 ἐστὶν
2733 3630 2996 3704 ἐπαχθὴς,
3041 3631 3324 3701 ἐδείσαμεν
3353 3633 3432 3693 εἰς
3469 3631 3646 3700 ἀέρων
3683 3647 3745 3682 σε

2166 3723 2499 3794 δυσκρασίαν
2528 3723 2806 3793 ἐμϐαλεῖν,
2845 3722 3077 3793 μάλιστα
3105 3722 3192 3775 διὰ
3218 3722 3275 3775 τὸ
3308 3723 3416 3775 τῶν
3441 3721 3744 3792 ὀφθαλμῶν

2170 3815 2361 3878 πάθος.
2398 3815 2595 3885 Ἔργον
2623 3815 2800 3868 τοίνυν
2827 3815 3190 3885 ποιησάμενος
3219 3815 3278 3868 τὸ
3303 3814 3502 3886 πολλὴν
3527 3813 3746 3877 τούτοις

2172 3908 2466 3977 προσάγειν
2497 3907 2594 3976 τὴν
2635 3907 2972 3977 ἐπιμέλειαν,
3007 3909 3100 3963 καὶ
3145 3909 3272 3978 περὶ
3319 3908 3544 3973 τούτων,
3577 3907 3746 3979 ἡνίκα

2171 3997 2236 4050 ἂν
2266 3995 2506 4065 συνεχῶς
2541 3998 2672 4067 ἡμῖν
2699 3997 3034 4070 ἐπιστέλλῃς,
3068 3999 3248 4069 δήλου,
3271 3999 3386 4067 εῐγε
3414 3998 3515 4052 κᾶν
3545 3999 3744 4070 μικρὸν

2169 4087 2389 4156 ἄμεινόν
2410 4103 2490 4138 σοι
2511 4086 2842 4148 διατεθείειν.
2867 4087 2952 4140 ἵνα
2973 4089 3064 4144 καὶ¹
3085 4090 3149 4141 ἐκ
3167 4089 3420 4142 τοσούτου
3441 4089 3745 4162 καθήμενοι

2167 4174 2550 4245 διαστήματος,
2587 4175 2784 4244 πολλὴν
2808 4174 2902 4228 καὶ
2932 4174 3177 4232 ἐντεῦθεν
3204 4177 3623 4248 καρπωσώμεθα
3641 4178 3742 4252 τὴν

2166 4266 2526 4339 εὐφροσύνην.

2219 4429 2352 4482 PI".
2397 4429 2764 4502 Ἀμπρούκλῃ
2795 4429 3051 4501 διακόνῳ
3078 4433 3189 4486 καὶε
3203 4433 3331 4500 ταῖς
3360 4435 3480 4488 σὺν
3505 4435 3683 4506 αὐτῇ.

2240 4585 2452 4656 Μακρῷ
2487 4587 2584 4656 μὲν
2613 4585 2910 4657 διῴκισμαι
2935 4585 3012 4655 τῷ
3042 4588 3207 4656 μὴκει
3228 4589 3325 4659 τῆς
3340 4588 3459 4642 ὀδοῦ
3474 4589 3572 4659 τῆς
3601 4589 3743 4660 ὑμε-

2168 4675 2333 4744 τέρας
2361 4677 2690 4744 τιμιότητος,
2719 4675 2817 4739 τάς
2837 4677 2894 4730 δέ
2931 4677 3294 4747 ἀνδραγαθίας
3323 4679 3476 4749 ὑμῶν
3500 4681 3595 4733 καὶ
3637 4680 3742 4746 τάς

2168 4765 2446 4835 ἀριστείας
2491 4767 2600 4820 τῶν
2635 4767 2915 4838 παρόντων
2967 4769 3068 4822 οὐκ
3105 4769 3324 4823 ἔλαττον
3382 4770 3604 4840 ἔμαθον,
3642 4773 3741 4828 καὶ

2169 4857 2370 4928 σφόδρα
2396 4860 2666 4929 συνήσθην
2705 4861 2832 4929 ὑμῖν
2863 4861 2962 4931 τῆς
2995 4861 3264 4932 ἀνδρείας,
3299 4863 3399 4932 τῆς
3435 4864 3737 4936 ὑπομονῆς,

2163 4950 2262 5018 τῆς
2282 4951 2683 5021 ἀπεριτρέπτου
2704 4951 2948 5022 γνώμης,
2983 4953 3077 5005 καὶ
3105 4952 3336 5026 περῤᾷς
3365 4955 3458 5008 καὶ
3492 4955 3737 5026 ἀδαμαν-

2163 5040 2313 5110 τίνης
2344 5040 2599 5104 διανοίας,
2616 5042 2713 5110 τῆς
2749 5022 3251 5114 ἐλευθεροστομίας,
3274 5022 3375 5118 ἶτῆς
3397 5022 3732 5118 παρρησίας.

2164 5131 2264 5184 Διά
2296 5129 2468 5184 ταῦτα
2505 5131 2821 5202 μακαρίζων
2848 5133 2990 5204 ὑμᾶς
3009 5135 3068 5187 οὑ
3103 5135 3342 5206 παύομαι
3371 5137 3512 5206 ὑπέρ
3536 5154 3593 5190 τε
3621 5137 3736 5192 τῶν

2165 5223 2466 5294 παρόντων,
2510 5224 2648 5294 ὑπέρ
2688 5242 2749 5276 τε
2797 5226 2906 5279 τῶν
2966 5227 3261 5295 μελλόντων
3295 5229 3439 5298 ὑμᾶς
3479 5228 3738 5294 ὑποδέξα-

2165 5313 2287 5366 σθαι
2337 5313 2556 5384 ἀγαθῶν
2581 5315 2639 5368 ἐν
2672 5315 2748 5386 τῷ
2781 5317 3025 5388 μέλλοντι
3051 5319 3228 5377 αἰῶνι.
3256 5319 3368 5372 τῶν
3401 5320 3735 5392 ἀπορρήτων

2162 5407 2404 5472 ἐκείνων,
2451 5408 2544 5462 καὶ
2593 5411 2771 5464 πάντα
2800 5410 2924 5464 νοῦν
2952 5412 3044 5465 καὶ
3080 5411 3235 5480 λόγον
3271 5413 3730 5483 ὑπερϐαινόντων.

2160 5498 2372 5568 Σφόδρα
2412 5499 2467 5551 δέ
2512 5502 2656 5570 ἡμᾶς
2699 5501 2976 5573 ἐλύπησας
3013 5506 3075 5558 ἐκ
3102 5505 3356 5560 τοσούτου
3387 5506 3732 5580 καθημένους

2221 5692 2250 5734 1ο
2273 5694 2468 5747 Coisliu.
2491 5695 2544 5745 τὸ
2565 5696 2810 5763 ἄτρεπτον.
