4078 6442
323 353 425 411 6M

322 464 594 524 audimus.
624 461 760 519 Cum
804 458 996 530 igitur,
1040 461 1294 526 quantam
1338 445 1598 509 a"nobis,
1638 437 1922 512 epistulam

327 555 632 629 huiusmodi
655 554 890 616 mittens,
905 547 1126 620 gratiam
1157 545 1324 608 ineas,
1344 535 1438 595 tibi
1466 537 1533 590 sit
1559 531 1920 629 exploratum,

328 617 534 719 abiecta
582 642 729 699 omni
757 617 931 696 mora
967 647 1024 695 et
1067 631 1406 691 cunctatione
1441 627 1600 683 velim
1646 617 1925 679 confestim

328 714 548 808 oper-an:
589 735 686 790 des
710 774 726 800 ,
768 741 826 788 ut
865 723 1318 803 quemadmodum
1358 733 1502 777 nunc
1549 714 1793 771 nuntiato
1837 717 1931 764 tuo

330 829 543 894 morbo,
567 826 764 896 ingenti
801 821 1055 880 mmsdtia
1081 834 1179 875 nos
1218 812 1538 889 perturhasti
1564 851 1582 876 ,
1611 808 1691 864 sic
1714 818 1928 860 rursum

330 921 576 978 nuntiata
602 917 852 983 sanitate,
879 911 1078 985 ingenti
1104 923 1204 967 nos
1231 907 1504 978 voluptate
1523 898 1816 970 compleas.

333 1051 536 1114 XCIX.
575 1054 892 1127 Asyncriliw.
941 1048 1193 1123 (Cucuso
1215 1057 1383 1113 anno,
1409 1047 1471 1100 ut
1494 1044 1730 1113 putatur,
1760 1031 1886 1089 405.
1910 1030 1930 1101 )

404 1189 550 1247 Nihil
573 1185 788 1260 quidem
812 1193 896 1242 est
923 1180 1067 1254 quod
1095 1177 1302 1245 malim,
1330 1187 1491 1247 quam
1519 1167 1721 1260 crebro
1739 1166 1806 1223 ad
1837 1177 1933 1260 vos

333 1281 575 1336 scribere
590 1255 617 1332 ξ
645 1291 821 1348 neque
844 1274 985 1331 enim
1014 1266 1400 1327 benevolentia
1424 1271 1618 1320 vestra:
1639 1270 1694 1316 et
1714 1255 1934 1314 honoris

331 1387 402 1427 ac
429 1368 765 1434 reverentize,
787 1379 945 1437 quam
967 1376 1181 1430 semper
1195 1358 1351 1414 nobis
1376 1351 1724 1426 praestitistis,
1747 1361 1936 1420 quem-

335 1477 571 1533 cumque
591 1462 642 1517 in
676 1460 858 1516 locum
886 1456 1310 1528 proﬁciscamur,
1341 1447 1584 1506 oblivisci
1613 1453 1932 1516 possumus,

335 1571 525 1612 verum
555 1553 867 1611 memoriam
896 1550 1060 1605 vestri
1088 1554 1399 1618 perpetuam
1418 1552 1682 1603 tenemus,
1710 1547 1938 1604 eamque

336 1656 613 1720 recente;
643 1657 855 1714 semper
877 1658 940 1698 ac
963 1641 1249 1697 florentem
1274 1637 1471 1706 ubique
1489 1628 1935 1688 circumferimus.

336 1739 494 1810 Quod
521 1718 697 1794 sinon
723 1736 934 1807 quoties
961 1732 1242 1800 voluimus,
1269 1728 1362 1784 sed
1394 1739 1516 1782 raro
1543 1723 1610 1778 ad
1631 1735 1730 1776 vos
1758 1718 1941 1773 literas

343 1833 613 1895 dedimus,
634 1828 736 1885 hoc
750 1840 855 1883 nou
878 1825 1195 1898 negligentia
1215 1830 1420 1889 nostra,
1442 1818 1535 1875 sed
1549 1830 1728 1872 rerum
1750 1824 1943 1868 neces-

341 1926 501 1980 sitate
527 1923 728 1977 factum
756 1929 860 1985 est,
883 1928 939 1976 et
967 1921 1090 1988 quia
1109 1915 1399 1971 viatoribus
1417 1913 1657 1968 clausum
1684 1908 1786 1962 iter
1802 1914 1944 1960 nunc

340 2014 430 2070 sit.
465 2012 590 2067 Haec
614 2011 772 2082 igitur
800 2026 922 2064 cum
949 2008 1042 2064 tibi
1067 2049 1082 2074 ,
1113 2003 1458 2060 ornatissima
1496 2014 1615 2055 mea
1642 2006 1697 2052 et
1724 1993 1945 2050 nobilis-

339 2108 478 2163 sima
506 2105 746 2172 domina,
776 2111 1055 2174 perspecta
1083 2099 1206 2165 sint,
1239 2098 1354 2152 sive
1377 2093 1700 2156 scribamus,
1731 2087 1842 2142 sive
1871 2086 1946 2141 si-

346 2199 575 2264 leamus,
601 2195 670 2250 de
694 2210 757 2250 ea
788 2191 1183 2256 benevolentia,
1209 2203 1370 2260 quam
1400 2199 1616 2255 semper
1637 2181 1789 2236 vobis
1818 2192 1946 2248 prre-

344 2287 596 2351 stitimus,
630 2284 822 2358 eodem
859 2283 1022 2339 modo
1046 2281 1324 2338 existimes
1350 2278 1530 2333 velim.

453 2420 511 2475 C.
545 2418 811 2473 Marciano
837 2425 883 2471 et
909 2415 1212 2470 Παπειιῖηο
1241 2415 1282 2467 ².
1312 2412 1331 2482 (
1355 2410 1566 2466 Cucuso
1589 2421 1752 2473 anno,
1783 2412 1840 2460 ut

944 2516 1182 2578 putatur,
1210 2506 1336 2561 404.
1361 2503 1382 2577 )

421 2649 622 2707 Eadem
650 2647 802 2703 nobis
829 2645 1160 2718 perdiuturni
1191 2643 1388 2698 silentii
1417 2639 1587 2696 nostri
1617 2650 1779 2693 causa
1824 2643 1905 2690 est
1927 2674 1943 2698 ,

346 2759 469 2814 quae
491 2742 651 2798 etiam
677 2742 828 2795 vobis
850 2758 863 2793 :
882 2754 1069 2794 verum
1093 2734 1398 2806 hujusmodi
1426 2731 1646 2798 silentii,
1670 2729 1810 2801 quod
1843 2743 1949 2782 non

345 2828 402 2888 in
435 2835 614 2887 animo
639 2876 653 2896 ,
685 2832 777 2885 sed
808 2831 860 2884 in
888 2830 1066 2899 lingua
1101 2825 1330 2898 positum
1376 2824 1466 2879 sit.
1516 2821 1649 2877 Nam
1681 2820 1862 2875 animo
1890 2833 1953 2872 ac

348 2926 623 2982 voluntate
650 2923 1006 2978 nobilissimas
1038 2935 1102 2975 ac
1145 2917 1488 2974 suavissimas
1514 2915 1720 2970 animas
1750 2923 1954 2967 vestras

354 3023 570 3082 crebro,
605 3019 710 3070 imo
740 3023 994 3085 perpetuo
1028 3011 1321 3067 salutamus
1350 3051 1365 3074 ,
1397 3022 1604 3078 vosque
1634 3006 1687 3060 in
1731 3015 1950 3074 pectore

351 3119 539 3167 nostro
567 3108 864 3178 insculptos
889 3103 1087 3176 passim
1112 3099 1542 3157 circumferimus
1567 3115 1579 3150 :
1606 3110 1728 3151 nam
1756 3109 1820 3151 ea
1841 3093 1956 3147 veri

351 3221 416 3261 ac
463 3203 662 3258 sinceri
703 3199 903 3255 amoris
933 3206 1117 3252 natura
1148 3202 1251 3250 est.
1285 3187 1415 3248 llazc
1447 3191 1604 3262 igitur
1642 3203 1764 3243 cum
1801 3185 1957 3242 vobis

354 3298 639 3368 esplorata
671 3295 809 3359 sint,
839 3291 1042 3347 domini
1073 3289 1178 3344 mei
1221 3285 1485 3343 carissimi
1521 3299 1587 3338 ac
1614 3277 1957 3337 reverendiso

358 3390 508 3453 simi,
539 3385 757 3441 scribite
786 3382 1025 3455 quidem,
1053 3380 1263 3450 quoties
1292 3377 1513 3432 facultas
1538 3374 1771 3439 dabitur,
1803 3385 1866 3425 ac
1891 3369 1960 3426 de

354 3491 530 3537 vestra
585 3477 887 3533 valetudine
933 3475 1194 3530 certiores
1222 3485 1320 3526 nos
1367 3469 1548 3524 facite.
1600 3464 1731 3519 Illud
1779 3471 1960 3517 autem

357 3573 510 3628 vobis
548 3568 866 3642 persuadcte
886 3610 900 3633 ,
934 3581 1052 3632 nos,
1085 3563 1293 3620 etiamsi
1325 3559 1544 3616 taceatis
1565 3600 1578 3624 ,
1611 3557 1749 3612 idem
1780 3563 1961 3607 tamen

355 3665 424 3719 dc
451 3675 626 3718 vestra
656 3663 875 3716 caritate
903 3659 1159 3729 judicium
1193 3656 1467 3711 habituros
1490 3666 1610 3708 esse
1631 3691 1646 3718 ,
1686 3648 1828 3721 quod
1861 3647 1958 3702 ha-

359 3757 608 3811 bebimus
637 3797 652 3820 ,
683 3755 726 3809 si
758 3752 1046 3808 scribatis:
1078 3751 1147 3806 ab
1173 3750 1353 3804 animo
1401 3746 1609 3803 scilicet
1635 3753 1816 3799 vestro
1845 3739 1963 3796 hrec

360 3845 777 3916 perpendentes.

459 3977 555 4032 Cl.
597 3977 780 4032 Severo
817 3976 1121 4046 presbytero.
1157 3974 1175 4044 (
1205 3974 1285 4028 Ab
1313 3987 1453 4026 anno
1479 3970 1583 4026 404
1611 3969 1676 4024 ad
1707 3968 1809 4023 407
1836 3966 1877 4036 ).

434 4108 562 4176 Nos,
595 4111 693 4166 etsi
738 4109 1165 4164 desertissimum
1217 4107 1392 4160 locum
1445 4103 1762 4164 incolentes,
1821 4114 1964 4168 sazpe

370 4214 550 4258 tamen
579 4207 645 4256 ad
673 4211 724 4256 te
754 4200 1086 4270 scripsimus,
1120 4214 1317 4267 (usque
1344 4198 1431 4266 qni
1468 4197 1622 4250 istinc
1654 4194 1877 4248 veniunt
1897 4192 1965 4246 de

365 4307 452 4349 tua
485 4293 791 4349 valetudine
814 4293 1073 4348 sciscitari
1104 4293 1323 4345 minime
1349 4291 1664 4346 desinimus.
1695 4287 1815 4342 Tibi
1839 4301 1965 4341 vero

362 4387 490 4458 quid
521 4398 695 4441 causa:
727 4388 796 4440 sit
822 4385 1005 4441 nescio
1031 4427 1044 4451 ,
1074 4384 1421 4454 quamobrem
1452 4425 1465 4448 ,
1496 4397 1616 4435 eum
1646 4392 1750 4434 tam
1775 4379 1966 4433 insano

366 4481 534 4536 nostri
563 4495 744 4534 amore
773 4480 964 4549 flagres
989 4520 1003 4543 ,
1036 4489 1193 4547 atque
1227 4476 1473 4545 perfacile
1514 4473 1745 4529 nancisci
1795 4471 1967 4542 possis

364 4574 558 4642 quibus
589 4572 768 4627 literas
798 4570 914 4636 des,
937 4570 1284 4638 perdiuturno
1313 4578 1487 4622 tamen
1513 4578 1753 4636 tempore
1782 4566 1963 4619 sileas.

371 4667 439 4719 At
469 4679 590 4718 cum
619 4678 717 4717 nos
742 4661 1129 4716 benevolentia:
1159 4660 1320 4724 illius,
1345 4675 1503 4728 quam
1529 4673 1655 4726 erga
1685 4672 1783 4711 nos
1819 4671 1967 4710 sem-

367 4773 466 4829 per
498 4771 607 4825 pne
637 4764 690 4808 te
731 4753 937 4816 tulisti,
983 4751 1248 4806 fervorem
1287 4765 1351 4805 ac
1380 4749 1740 4804 sinceritatem
1789 4748 1970 4801 animo

367 4847 812 4916 complectimur,
863 4843 1022 4898 etiam
1052 4842 1104 4896 in
1157 4843 1314 4911 longo
1363 4841 1576 4895 silentio
1625 4854 1969 4910 permagnam

368 4938 792 4994 consolationem
855 4936 1116 5005 capimus.
1178 4934 1446 4989 Caeterum
1510 4932 1681 4987 literis
1752 4947 1969 5002 quoque

371 5033 476 5085 tuis
503 5042 744 5099 persaepe
775 5026 875 5080 frui
907 5025 1150 5094 cupimus
1175 5065 1189 5089 ,
1219 5024 1411 5093 quibus
1441 5022 1507 5076 de
1551 5029 1639 5075 tua
1669 5021 1971 5076 valetudine

369 5122 628 5176 certiores
657 5121 844 5171 fiamus
879 5134 891 5169 :
925 5132 1117 5186 eaque,
1153 5131 1271 5186 quae
1302 5116 1527 5170 aliorum
1555 5129 1805 5169 sermone
1831 5115 1971 5169 acci-

373 5216 548 5283 pimus
569 5254 582 5278 ,
615 5227 678 5266 ex
710 5221 798 5265 tua
825 5208 1024 5279 lingua,
1055 5218 1253 5278 tuaque
1280 5222 1438 5261 manu
1462 5206 1646 5261 audire
1672 5207 1968 5261 studemus.

370 5306 751 5374 Quamobrem,
782 5301 1001 5357 domine
1027 5303 1099 5356 mi
1127 5299 1590 5364 reverendissime,
1617 5315 1756 5354 nunc
1783 5301 1971 5354 saltem

373 5399 478 5452 hoc
518 5397 679 5451 facias
724 5409 906 5464 quaso
941 5413 954 5448 :
984 5395 1090 5448 seis
1119 5395 1262 5449 enim
1293 5408 1452 5463 quam
1486 5391 1642 5446 nobis
1689 5392 1787 5445 hac
1817 5393 1869 5444 iu
1916 5407 1974 5446 re

370 5499 580 5562 gratum
612 5488 842 5542 facturus
869 5487 963 5538 sis.
1009 5484 1138 5539 Nam
1171 5486 1312 5554 quod
1353 5484 1418 5539 ad
1453 5498 1548 5537 nos
1587 5483 1813 5541 attinet.
1855 5483 1974 5536 sive

369 5581 672 5637 scribamus
700 5620 716 5646 ,
747 5579 860 5632 sive
901 5587 1170 5631 taceamus
1196 5617 1211 5640 ,
1241 5590 1529 5646 numquam
1563 5577 1636 5628 tui
1667 5575 1975 5629 meminisse

372 5672 706 5736 desinimus,
752 5684 978 5738 eamque
1008 5670 1284 5725 caritatem
1311 5711 1326 5738 ,
1373 5669 1525 5738 cujus
1566 5667 1660 5723 tibi
1699 5669 1974 5738 specimen

440 5788 458 5818 ι
495 5786 664 5844 vatim,
685 5785 1008 5834 Marcelliano.

1785 314 2165 385 EPISTOLIE.

2035 435 2362 508 prtebuimus
2383 476 2398 502 ,
2447 443 2786 505 quocumque
2813 426 2865 481 iu
2908 419 3030 480 loco
3054 422 3225 477 simus
3249 462 3266 487 ,
3296 430 3643 474 conservare.

2029 532 2091 590 id
2117 530 2261 589 enim
2286 541 2410 585 cum
2439 525 2666 582 facimus
2692 563 2708 590 ,
2739 520 2810 576 de
2843 517 3000 574 nobis
3042 515 3206 573 etiam
3237 512 3455 584 ipsimet
3481 522 3646 581 quam

2033 626 2237 695 optime
2265 633 2552 678 meremur.

2198 758 2329 816 Cll.
2368 756 2634 819 Theodoto
2664 754 2860 809 lectori.
2890 753 2908 822 (
2935 752 3092 806 Auno
3122 747 3260 804 ferte
3287 743 3464 812 406.)

2108 896 2246 967 Quid
2263 894 2377 950 ais?
2394 893 2582 949 Plures
2602 892 2653 946 in
2673 899 2724 947 te
2741 905 2885 944 nunc
2899 903 3058 958 quam
3082 881 3433 954 eXSpectabas
3452 879 3649 935 ﬂuctus

2037 989 2254 1047 excitati
2280 995 2442 1051 sunt,
2476 987 2546 1041 ob
2591 985 2749 1054 idque
2793 977 3179 1037 dlscruciaris?
3221 974 3334 1031 imo
3361 989 3493 1029 vero
3522 971 3644 1027 ideo

2036 1081 2273 1153 gaudere
2325 1086 2381 1134 et
2427 1076 2698 1132 exsultare
2743 1071 3015 1128 convenit.
3068 1068 3201 1124 Nam
3248 1067 3410 1123 etiam
3455 1065 3647 1120 beatus

2039 1173 2236 1232 Paulus
2265 1170 2333 1226 ad
2375 1168 2520 1225 hunc
2550 1165 2766 1222 modum
2814 1162 3085 1228 faciebat,
3123 1175 3267 1215 nunc
3313 1157 3529 1229 quidem
3565 1154 3650 1209 his

2039 1267 2218 1324 verbis
2248 1274 2404 1320 utens
2438 1281 2450 1314 :
2483 1259 2605 1315 Non
2635 1258 2802 1313 solum
2827 1265 2994 1309 autem
3014 1294 3029 1318 ,
3058 1252 3149 1308 sed
3173 1252 3325 1306 etiam
3365 1247 3650 1321 gloriantur

2039 1365 2092 1419 in
2120 1357 2522 1416 tribulationibus
2542 1355 2563 1426 (
2585 1353 2739 1409 Rom.
2769 1351 2822 1407 5.
2854 1351 2888 1406 3
2908 1349 2963 1420 );
2989 1362 3131 1403 nunc
3154 1355 3333 1402 autem
3364 1342 3468 1407 his,
3502 1337 3650 1395 σιω.

2041 1457 2136 1512 deo
2153 1455 2210 1511 in
2232 1449 2552 1524 passionibus
2573 1448 2694 1502 meis
2716 1444 2942 1518 (Cofoss.
2968 1443 3019 1498 1.
3046 1439 3116 1496 £4
3132 1438 3175 1512 ).
3198 1438 3329 1493 Nam
3352 1450 3458 1506 quo
3482 1433 3657 1503 major

2043 1558 2096 1605 et
2112 1547 2344 1603 atrocior
2375 1549 2664 1612 tempestas
2692 1537 2877 1603 fuerit,
2907 1549 2974 1590 eo
2991 1547 3202 1605 quoque
3218 1530 3393 1600 major
3419 1537 3658 1599 quaestus

2044 1641 2188 1704 erit,
2242 1645 2297 1693 et
2339 1634 2658 1691 illustriores
2709 1627 2980 1701 patientia:
3025 1639 3277 1688 coronas,
3330 1618 3660 1691 praemiaque

2044 1732 2328 1805 ampliora.
2371 1727 2646 1800 Siquidem
2691 1725 2809 1794 ipse
2851 1734 3066 1792 quoque
3109 1717 3178 1772 de
3208 1725 3260 1772 te
3286 1716 3429 1771 bono
3475 1713 3661 1768 animo

2047 1841 2164 1881 sum
2193 1865 2208 1890 ,
2239 1832 2297 1878 ut
2337 1820 2429 1892 qui
2459 1818 2626 1875 animi
2652 1816 2728 1872 tui
2760 1813 3069 1870 firmitatem
3100 1817 3262 1880 atque
3290 1805 3654 1863 constantiam

2048 1916 2376 1988 exploratam
2404 1911 2630 1966 habeam
2659 1927 2671 1963 :
2697 1923 2752 1963 at
2777 1920 2966 1963 eorum
2987 1916 3170 1968 causa,
3203 1899 3292 1971 qui
3314 1897 3412 1954 tibi
3439 1894 3663 1952 insidias

2050 2018 2284 2080 struunt,
2322 2008 2481 2064 doleo
2511 2016 2564 2061 et
2592 2003 2940 2074 collacrymo,
2971 1991 3226 2053 n'imirum
3259 1991 3403 2065 quod
3434 1991 3469 2046 ii
3496 1989 3664 2045 hostio

2052 2107 2157 2162 lem
2191 2106 2242 2159 in
2271 2113 2323 2158 te
2348 2103 2580 2156 animum
2609 2104 2820 2168 gerant,
2849 2109 2878 2148 a
2905 2089 3101 2163 quibus
3132 2098 3184 2145 te
3212 2085 3315 2143 coli
3357 2081 3660 2155 oportebat.

2056 2198 2228 2255 Unum
2255 2192 2507 2263 estquod
2537 2203 2771 2246 maerore
2814 2201 2902 2242 me
2928 2184 3135 2252 afﬁcit,
3163 2195 3358 2252 nempe
3383 2176 3664 2234 oculorum

2053 2300 2266 2348 tuorum
2288 2285 2611 2348 invaletudo,
2641 2294 2869 2354 quorum
2901 2279 3062 2336 velim
3104 2289 3368 2332 summam
3399 2271 3663 2327 rationem

2055 2384 2275 2448 habeas,
2304 2380 2652 2449 medicosque
2680 2375 2931 2431 consulas
2951 2413 2966 2438 ,
2993 2379 3156 2441 atque
3183 2384 3248 2425 ea
3275 2382 3397 2438 quas
3425 2362 3668 2421 muneris

2057 2475 2134 2531 tui
2161 2483 2287 2530 sunt
2311 2471 2470 2528 simul
2502 2477 2745 2541 praestes.
2773 2466 2904 2522 Nam
2930 2464 2999 2520 de
3020 2463 3087 2518 iis
3100 2457 3518 2521 calamitatibus,
3547 2469 3669 2527 qua:

2057 2567 2153 2623 tibi
2197 2565 2500 2621 inferuntur
2523 2603 2539 2628 ,
2567 2569 2680 2616 tum
2718 2568 2772 2614 te
2794 2601 2810 2626 ,
2842 2566 2901 2612 ut
2931 2555 3079 2626 prius
3102 2552 3214 2624 jam
3243 2550 3354 2606 dixi
3378 2590 3394 2615 ,
3433 2546 3671 2618 gaudere

2057 2661 2236 2730 cupio,
2267 2666 2378 2712 tum
2402 2653 2499 2709 tibi
2529 2652 2646 2723 ipse
2669 2648 2925 2722 gratulor.
2956 2645 3083 2702 Scio
3110 2643 3255 2699 enim
3285 2647 3518 2711 quantus
3540 2636 3671 2691 hinc

2061 2754 2152 2809 tibi
2183 2750 2454 2823 patientiae
2475 2746 2679 2806 fructus
2700 2743 2926 2799 oriatur.
2948 2737 3312 2808 Quamobrem
3333 2733 3402 2789 da
3423 2745 3667 2803 operam,

2059 2863 2130 2914 ne
2157 2846 2282 2917 quid
2310 2859 2378 2900 ex
2405 2843 2470 2897 iis
2495 2855 2614 2912 quae
2642 2837 2894 2893 accidunt
2921 2842 2974 2890 te
3002 2836 3341 2888 commoveat
3364 2841 3430 2882 ac
3457 2832 3673 2895 pertur-

2061 2916 2190 2994 bet.
2219 2936 2338 2992 Una
2381 2934 2525 2989 enim
2572 2932 2855 2986 dumtaxat
2885 2941 2971 2982 res
3009 2923 3236 2980 molesta
3266 2927 3350 2976 est
3371 2959 3389 2986 ,
3417 2916 3672 2974 nimirum

2060 3035 2360 3101 peceatum.
2408 3024 2543 3080 Nam
2588 3031 2782 3078 caetera
2823 3017 3000 3074 omnia
3025 3059 3042 3086 ,
3071 3016 3118 3071 si
3163 3011 3327 3069 modo
3354 3007 3668 3080 vigilantem

2061 3099 2126 3177 ac
2152 3120 2393 3175 sobrium
2439 3119 2676 3172 animum
2704 3113 2985 3186 praebeas,
3019 3109 3155 3166 lucri
3196 3119 3414 3179 quoque
3446 3099 3672 3171 amplis-

2064 3213 2255 3270 simam
2304 3210 2583 3265 materiam
2631 3205 3091 3277 suppeditabunt,
3143 3208 3303 3269 atque
3345 3208 3540 3250 arcana
3584 3189 3674 3246 illa

2070 3307 2204 3360 bona
2234 3346 2250 3371 ,
2271 3318 2396 3374 qua:
2426 3303 2480 3356 in
2507 3300 2655 3357 caslis
2683 3298 2958 3354 recondita
2985 3305 3130 3358 sunt,
3163 3288 3536 3362 copiosissime
3578 3283 3676 3340 tibi

2064 3403 2363 3453 accersent.
2393 3391 2519 3450 Ideo
2539 3408 2660 3448 cum
2683 3392 2739 3447 in
2763 3387 3029 3461 ejusmodi
3056 3393 3265 3457 quaestu
3290 3377 3531 3453 quotidie
3552 3389 3677 3432 ver-

2065 3489 2202 3546 set-is
2226 3531 2240 3553 ,
2271 3486 2445 3558 gaude
2470 3500 2534 3540 ac
2558 3485 2742 3539 laetare
2775 3500 2789 3538 :
2820 3492 2980 3551 atque
3011 3479 3078 3532 ad
3117 3491 3216 3532 nos
3246 3488 3391 3543 saepe
3435 3469 3678 3526 scribere

2067 3599 2136 3639 ne
2164 3582 2423 3653 graveris.
2455 3579 2616 3635 Certe
2659 3576 2936 3631 nobiscum
2972 3587 3094 3630 esse
3142 3580 3194 3626 te
3227 3567 3476 3638 cupimus
3505 3582 3520 3627 ;
3550 3563 3676 3633 quia

2068 3684 2248 3731 tamen
2279 3688 2384 3727 non
2419 3671 2591 3726 hiems
2618 3669 2936 3734 dumtaxat,
2987 3663 3081 3719 sed
3113 3663 3276 3718 etiam
3321 3669 3483 3716 testas
3527 3670 3680 3728 atque

2070 3765 2164 3822 tibi
2190 3764 2368 3836 gravis
2394 3777 2458 3817 ac
2481 3761 2706 3816 molesta
2737 3768 2820 3813 est
2840 3799 2854 3823 ,
2889 3755 3019 3811 illud
3043 3754 3198 3810 veriti
3225 3766 3416 3808 sumus
3441 3791 3456 3815 ,
3488 3765 3557 3805 ne
3584 3757 3636 3804 te
3659 3785 3679 3814 ,

2069 3860 2140 3915 ob
2168 3859 2447 3914 oculorum
2491 3855 2790 3926 praesertim
2822 3851 3070 3906 morbum
3098 3891 3113 3917 ,
3142 3851 3195 3904 in
3221 3848 3363 3906 aeris
3403 3846 3680 3915 intempe-

2070 3954 2203 4008 riem
2234 3950 2647 4020 conjiceremus.
2679 3947 2808 4014 Quae
2853 3959 2975 3999 cum
3009 3944 3077 3997 ita
3102 3943 3209 3996 sint
3234 3982 3251 4007 ,
3273 3941 3342 3996 ad
3366 3954 3555 3995 eorum
3583 3953 3679 3993 cu-

2071 4060 2183 4100 ram
2209 4043 2370 4098 velim
2397 4055 2614 4110 operam
2643 4053 2855 4093 omnem
2887 4035 3145 4091 adhibeas
3179 4051 3190 4088 :
3223 4033 3292 4090 de
3315 4048 3490 4104 eoque
3510 4074 3524 4098 ,
3554 4047 3678 4088 cum

2072 4135 2294 4189 facultas
2321 4133 2445 4198 erit,
2478 4131 2671 4186 crebro
2697 4129 2762 4183 ad
2795 4144 2892 4182 nos
2918 4126 3122 4181 scribas
3142 4167 3157 4191 ,
3198 4134 3361 4194 atque
3394 4137 3524 4178 num
3568 4139 3682 4179 me-

2069 4227 2295 4282 liusculc
2313 4240 2433 4280 sese
2451 4223 2701 4288 habeant,
2723 4219 3015 4290 significes,
3039 4233 3166 4288 quo,
3184 4214 3517 4286 licetalioqui
3532 4223 3682 4270 tanto

2070 4321 2167 4374 abs
2194 4328 2246 4373 te
2273 4319 2511 4373 locorum
2535 4313 2815 4368 intervallo
2846 4311 3039 4376 dissiti,
3076 4323 3321 4380 magnam
3345 4316 3523 4363 tamen
3556 4305 3682 4362 hinc

2070 4411 2395 4480 voluptatem
2425 4407 2719 4477 capiamus.

2074 4525 2232 4581 CIII.
2276 4522 2568 4592 Ampi-uela:
2603 4519 2900 4572 diaconissw
2929 4516 3186 4586 ipsiusque
3229 4513 3515 4568 comitibus.
3539 4511 3678 4584 (Cu—

2625 4627 2755 4668 cuso
2783 4625 2925 4665 anno
2949 4609 3074 4664 404.
3100 4611 3119 4678 )

2149 4753 2264 4809 Etsi
2307 4753 2467 4820 longo
2521 4749 2726 4803 itineris
2768 4743 3053 4800 intervallo
3108 4758 3138 4796 a
3183 4742 3335 4797 vobis
3383 4739 3684 4812 disjunctus

2076 4861 2195 4902 sum
2222 4886 2236 4910 ,
2283 4854 2461 4898 tamen
2493 4840 2748 4910 prwclara
2774 4847 2829 4893 et
2861 4836 3015 4892 fortia
3045 4844 3221 4889 vestra
3252 4834 3488 4888 facinora
3511 4874 3527 4898 ,
3575 4846 3682 4886 non

2077 4939 2255 4992 minus
2283 4949 2441 5004 quam
2474 4931 2563 5001 qui
2591 4931 2807 4995 adsunt,
2839 4927 3052 4998 cognita
3079 4935 3133 4981 et
3158 4925 3433 4996 explorata
3461 4922 3637 4978 habeo
3668 4940 3682 4977 :

2079 5030 2531 5096 vehementerque
2559 5023 2712 5078 vobis
2749 5022 2816 5076 de
2847 5021 2946 5074 hac
2990 5017 3305 5074 fortitudine
3327 5056 3345 5083 ,
3387 5016 3644 5086 patientia
3667 5053 3686 5081 ,

2077 5119 2403 5183 constantia,
2428 5125 2589 5184 atque
2610 5112 2948 5168 adamantina
2966 5109 3194 5179 quadam
3218 5106 3383 5161 animi
3405 5106 3688 5174 ﬁrmitate,

2080 5209 2438 5282 loquendique
2468 5207 2716 5262 libertate
2745 5219 2809 5258 ac
2852 5201 3043 5256 fiducia
3074 5200 3332 5269 gratulor.
3363 5198 3552 5268 quue
3586 5213 3688 5254 no.

2078 5305 2224 5360 mine
2252 5303 2442 5358 beatas
2471 5314 2567 5354 vos
2590 5297 2885 5368 przedicare
2912 5310 3019 5349 non
3045 5292 3236 5349 desino
3257 5334 3272 5357 ,
3310 5302 3423 5347 tum
3444 5292 3518 5348 ob
3548 5306 3685 5361 prce-

2079 5396 2250 5452 sentia
2271 5436 2286 5462 ,
2317 5403 2428 5447 tum
2454 5391 2524 5446 ob
2553 5405 2614 5446 ea
2646 5389 2783 5442 bona
2807 5403 2926 5457 quae
2972 5400 3067 5440 vos
3098 5386 3149 5439 in
3197 5383 3378 5440 futuro
3421 5399 3541 5439 aevo
3589 5398 3683 5437 ex-

2080 5501 2300 5560 ceptura
2331 5495 2489 5552 sunt,
2525 5498 2720 5539 arcana
2751 5482 2838 5537 illa
2860 5521 2873 5544 ,
2922 5490 2976 5535 et
2995 5494 3214 5534 omnem
3245 5479 3443 5533 mentis
3469 5483 3685 5545 captum

2082 5597 2144 5636 ac
2167 5579 2432 5637 sermonis
2454 5575 2759 5631 facultatem
2785 5570 3116 5628 excedentia.
3144 5568 3334 5640 Magno
3355 5575 3534 5620 autem
3563 5581 3682 5634 nos,

2086 5674 2175 5743 qui
2200 5682 2306 5727 tam
2334 5672 2493 5740 longe
2527 5684 2555 5722 a
2589 5676 2640 5723 te
2665 5665 2895 5736 scjuncti
2921 5676 3128 5729 sumus,
3157 5673 3392 5715 mcerore
3415 5656 3638 5711 aifecisti
3665 5696 3680 5720 ,

2086 5767 2231 5840 quod
2261 5783 2328 5825 ne
2354 5767 2590 5826 scribere
2617 5762 2834 5839 quidem
2859 5760 2927 5819 ad
2953 5772 3051 5817 nos
3090 5756 3305 5830 dignata
3338 5753 3433 5811 sis.
3479 5750 3684 5820 Quam-

3591 5972 3775 5982 ατη-...ι-
