4078 6472
462 467 621 525 quam
647 454 779 511 illud
799 456 948 523 scio,
990 454 1126 512 istud
1153 454 1468 526 negligentia
1500 463 1590 510 tua
1619 453 1838 509 minime
1865 452 2037 508 conti-

464 545 608 614 gisse
643 559 659 610 ;
688 559 809 600 nam
848 545 963 600 sive
1001 545 1203 600 scribas
1227 584 1243 612 ,
1291 545 1405 600 sive
1433 554 1638 609 taceas,
1687 544 1962 600 ardentem
1986 551 2042 599 et

469 634 735 689 sinceram
780 632 990 704 focique
1019 643 1290 703 expertem
1315 673 1332 698 ,
1381 648 1446 688 ac
1484 633 1689 689 llrmam
1735 641 1792 690 et
1817 632 2038 688 solidam

465 733 608 778 tuam
635 738 758 794 erga
781 737 868 779 me
884 724 1158 780 caritatem
1182 726 1340 792 novi;
1371 740 1552 780 verum
1579 723 1741 796 quod,
1766 723 1853 780 eui
1869 723 2042 778 dicta-

465 827 588 879 res,
616 829 774 869 nemo
802 814 894 870 tibi
931 823 1126 884 praesto
1153 825 1314 870 esset.
1364 814 1689 885 Quamquam
1728 813 1806 869 sic
1833 827 2044 883 quoque

467 905 824 976 patrialingoa
843 906 1180 962 scribendum
1199 907 1316 976 fuit,
1338 922 1400 963 ac
1421 915 1504 962 tua
1521 922 1702 962 manu.
1725 907 2042 977 Magnopere

465 999 606 1053 enim
628 1041 642 1062 ,
675 1009 731 1054 ut
752 1001 862 1068 ipsa
888 1015 1100 1071 quoque
1129 1001 1290 1067 nosti,
1321 1001 1537 1056 crebras
1557 1015 1584 1055 a
1609 1009 1661 1056 te
1689 1001 1871 1056 literas
1893 1000 2036 1054 acci-

466 1102 595 1157 pere
622 1089 897 1145 studemus
919 1132 936 1157 ,
976 1105 1084 1161 quo
1113 1091 1180 1147 de
1210 1101 1295 1145 tua
1324 1091 1628 1146 valetudine
1656 1090 1894 1160 quotidie
1920 1105 2041 1145 cer-

469 1178 635 1235 tiores
666 1179 851 1236 liamus
881 1199 896 1236 :
929 1181 1158 1252 hincque
1186 1190 1294 1236 tam
1335 1192 1498 1238 vastat
1534 1181 1755 1251 hujusce
1799 1181 2042 1237 solitudi-

465 1269 569 1333 nis,
597 1285 659 1325 ac
688 1286 862 1326 rerum
890 1271 1250 1338 adversarum,
1276 1286 1397 1326 cum
1428 1273 1619 1343 quibus
1650 1272 1736 1326 hic
1756 1272 2039 1336 luctamur,

466 1356 605 1413 haud
649 1361 888 1430 exiguam
919 1362 1337 1418 consolationem
1377 1363 1638 1432 capimus.
1689 1362 1817 1417 Cum
1863 1363 2042 1432 igitur,

467 1452 912 1508 reverendissima
942 1463 998 1509 et
1033 1449 1432 1525 religiosissima
1467 1454 1678 1510 domina
1699 1495 1713 1518 ,
1750 1462 1945 1525 quanta
1967 1456 2045 1510 rei

467 1540 692 1612 hujusce
718 1544 1007 1613 cupiditate
1050 1553 1250 1613 tenear,
1297 1546 1518 1601 minime
1551 1554 1606 1601 te
1649 1543 1817 1616 fugiat
1842 1586 1858 1611 ,
1909 1546 2048 1600 hanc

471 1632 626 1688 nobis
653 1635 874 1703 gratiam
905 1635 1179 1702 impertire
1202 1676 1219 1702 ,
1247 1650 1431 1707 quaeso
1449 1675 1465 1700 ,
1495 1650 1563 1690 ne
1582 1635 1922 1691 intermittas.
1961 1636 2048 1692 Si-

470 1722 680 1793 quidem
727 1725 873 1778 multi
906 1725 1061 1781 isttnc
1101 1726 1264 1781 variis
1307 1741 1341 1783 e
1383 1727 1515 1782 locis
1539 1726 1606 1781 ad
1635 1741 1736 1783 nos
1762 1737 2044 1783 venerunt.

474 1805 669 1867 Verum
697 1828 758 1869 ea
783 1814 850 1869 de
879 1829 1034 1870 causa
1082 1815 1300 1872 minime
1337 1824 1512 1872 tecum
1555 1818 1867 1888 expostulo,
1903 1818 2046 1889 quod

474 1902 656 1959 literas
680 1905 776 1960 abs
796 1915 848 1962 te
874 1905 1028 1962 nobis
1069 1922 1174 1964 non
1213 1907 1546 1964 attulerunt:
1575 1907 1865 1965 verisimile
1901 1909 2046 1965 enim

469 2003 552 2048 est
570 2010 664 2050 eos
693 1996 784 2050 tibi
815 1997 1021 2067 ignotos
1060 2012 1199 2054 esse.
1245 1998 1398 2056 Nunc
1418 2007 1594 2055 autem
1617 2041 1632 2066 ,
1677 2015 1798 2055 cum
1839 2014 2046 2055 summa

470 2085 694 2142 facultas
717 2086 893 2154 datur,
927 2090 1130 2146 scribas
1149 2092 1309 2148 velim
1341 2110 1356 2150 :
1384 2107 1449 2148 ac
1476 2095 1772 2162 praesertim
1801 2108 1923 2149 cum
1953 2108 2048 2151 res

473 2173 776 2246 huiusmodi
802 2179 920 2234 istic
944 2180 1323 2252 contigissent,
1360 2181 1542 2237 literas
1577 2182 1674 2237 abs
1717 2192 1768 2237 te
1804 2183 2048 2252 accipere

472 2264 527 2319 in
553 2267 734 2334 primis
762 2270 1094 2339 expetebam.
1144 2272 1284 2328 Cura
1332 2273 1491 2344 igitur
1529 2281 1586 2328 ut
1635 2273 1775 2342 quod
1823 2273 2048 2329 antehac

473 2355 570 2412 abs
599 2366 650 2412 te
671 2361 1049 2429 perincuriam
1076 2363 1492 2432 praetermissum
1519 2371 1602 2418 est
1619 2365 1838 2428 sarcias,
1870 2363 2048 2432 pristi-

473 2444 634 2514 nique
677 2448 872 2504 silentii
915 2446 1314 2508 diuturnitatem
1343 2454 1615 2509 literarum
1661 2452 1959 2523 frequentia
1994 2464 2050 2511 et

472 2537 780 2594 assiduitate
805 2555 1138 2612 compenses.

429 2736 470 2745 η
541 2669 692 2728 CIV.
720 2669 982 2731 Pontidia
1017 2677 1330 2734 diaconum.
1359 2679 1536 2748 (Anno
1554 2679 1658 2736 404
1684 2680 1770 2736 vel
1797 2679 1952 2752 405.)

545 2801 874 2861 Coronarum
903 2809 1118 2864 nomine
1137 2849 1152 2874 ,
1183 2824 1316 2879 quas
1343 2809 1439 2865 tibi
1481 2811 1809 2876 conciliasti,
1839 2813 2048 2869 beatam

479 2899 531 2947 te
560 2893 724 2959 duco,
765 2910 828 2950 ac
857 2911 995 2952 nune
1013 2913 1241 2969 quoque,
1270 2915 1390 2955 cum
1417 2915 1513 2970 per
1539 2902 1701 2957 animi
1730 2904 2049 2974 magnitudi-

481 2999 604 3038 nem
632 2986 837 3055 quidvis
863 3003 962 3058 pro
989 2991 1209 3046 veritate
1233 2992 1470 3062 perferre
1495 2994 1548 3048 in
1573 2996 1808 3050 animum
1831 2996 2052 3053 induxe-

476 3073 567 3128 ris.
617 3073 803 3131 blerito
849 3078 1070 3147 proinde
1106 3081 1275 3136 Deum
1326 3082 1520 3150 habes,
1571 3085 1660 3155 qui
1706 3095 1826 3141 tuas
1874 3097 2052 3157 partes

472 3164 731 3222 acerrime
775 3176 1006 3224 tueatur.
1059 3170 1228 3242 Usque
1277 3173 1346 3226 ad
1389 3157 1598 3229 mortem
1643 3177 1786 3232 enim
1811 3216 1826 3242 ,
1879 3175 2053 3248 inquit

476 3255 748 3325 Scriptura
771 3299 786 3321 ,
835 3276 927 3328 pro
971 3263 1175 3316 veritate
1217 3273 1352 3318 certo
1381 3283 1398 3318 :
1425 3273 1474 3319 et
1514 3265 1766 3323 Dominus
1809 3269 2051 3339 pugnabit

476 3363 566 3416 pro
592 3359 639 3402 te
665 3349 848 3419 (Ecclt'.
879 3353 930 3406 ι.
962 3354 1072 3424 35).
1099 3355 1250 3422 Quod
1272 3357 1428 3412 etiam
1454 3360 1656 3414 evenit.
1681 3359 1811 3416 Nam
1838 3376 1958 3416 cum
1982 3377 2050 3418 eo

476 3451 641 3506 usque
668 3441 979 3507 praeclarum
1009 3443 1110 3500 hoc
1137 3456 1405 3503 certamen
1433 3448 1630 3505 obieris
1649 3491 1666 3516 ,
1712 3448 1875 3506 multa
1916 3452 2052 3508 divi-

477 3527 620 3583 nitus
643 3533 856 3600 pmntia
883 3535 1108 3591 retulisti
1135 3555 1149 3589 :
1179 3538 1299 3594 ideo
1318 3555 1506 3611 magna
1529 3541 1799 3612 voluptate
1823 3542 2046 3599 afficior.

477 3616 608 3684 Quia
638 3630 814 3676 autem
845 3624 1080 3681 intellexi
1112 3639 1163 3682 te
1197 3628 1264 3683 de
1303 3630 1538 3686 discessu
1575 3633 1809 3702 cogitare
1829 3674 1843 3698 ,
1893 3645 2052 3704 atque

475 3709 633 3764 istinc
660 3711 886 3782 migrare
917 3717 1052 3772 velle
1079 3722 1283 3789 accepi,
1307 3728 1429 3789 peto
1447 3721 1543 3776 abs
1570 3729 1643 3792 te,
1674 3737 1741 3776 ne
1765 3722 2052 3792 quidquam

477 3800 776 3871 ltujusmodi
808 3807 1028 3876 cogites,
1059 3819 1150 3863 aut
1179 3812 1231 3865 in
1257 3812 1436 3868 animo
1463 3812 1682 3870 habeas.
1715 3814 1952 3870 Primum
1983 3817 2053 3872 ob

477 3891 578 3948 hoc
605 3896 775 3964 ipsum
801 3938 816 3963 ,
846 3901 986 3969 quod
1010 3902 1213 3956 civibus
1249 3904 1352 3959 tuis
1380 3905 1671 3960 subsidium
1699 3921 1757 3961 es
1784 3948 1799 3972 ,
1828 3908 2046 3977 amplis-

479 3986 752 4056 simusque
782 4002 984 4058 portus,
1012 4003 1068 4048 et
1093 3993 1493 4059 adminiculum,
1525 4012 1588 4051 ac
1610 4006 1750 4052 tutus
1777 4014 1960 4054 murus
1989 4000 2053 4053 iis

439 4080 568 4157 Aqui
615 4078 885 4138 laboribus
922 4093 977 4138 et
1004 4087 1255 4141 :erumnis
1297 4088 1669 4144 conficiuntur.
1713 4089 1893 4158 Quare
1939 4093 2050 4146 noli

479 4172 836 4237 committere,
870 4183 926 4228 ut
955 4183 1160 4230 tantum
1177 4187 1434 4246 quaestum
1460 4179 1528 4235 de
1556 4181 1800 4237 manibus
1824 4183 2006 4252 ejicias
2032 4199 2048 4249 ;

477 4257 609 4322 noli,
638 4260 874 4331 inquam,
896 4266 1251 4332 committere,
1277 4278 1332 4321 ut
1360 4276 1562 4323 tantum
1584 4269 1787 4326 lucrum
1808 4271 2048 4341 abjicias,

475 4363 596 4406 eum
630 4360 801 4407 tantos
823 4355 1056 4424 quotidie
1086 4357 1360 4412 thesauros
1386 4373 1452 4414 ex
1475 4371 1560 4414 tua
1585 4362 1865 4430 prazsentia
1893 4363 2050 4418 colli-

478 4455 593 4509 gas.
617 4441 747 4497 Nam
782 4445 870 4514 qui
896 4446 1147 4514 praeclara
1176 4458 1261 4502 tua
1293 4448 1523 4504 facinora
1549 4459 1812 4516 cernunt,
1843 4453 1925 4508 vel
1951 4468 2053 4507 auo

481 4530 650 4594 diunt,
679 4548 784 4587 non
807 4549 990 4603 parum
1018 4536 1142 4591 hinc
1161 4541 1292 4592 lucri
1313 4549 1727 4610 consequuntur.
1756 4543 1874 4597 Scis
1895 4558 2054 4612 porro

475 4631 726 4690 quantam
757 4623 894 4677 istud
921 4627 1218 4681 mercedem
1249 4628 1340 4681 tibi
1368 4630 1638 4684 conciliet.
1680 4631 1914 4686 Primum
1957 4635 2055 4688 ita-

477 4726 602 4780 que,
633 4721 690 4766 ut
717 4709 977 4778 dixiiltac
1002 4716 1067 4771 de
1091 4731 1248 4771 causa
1279 4727 1328 4772 te
1354 4735 1480 4790 rogo
1507 4720 1625 4775 istic
1653 4736 1907 4790 maneas;
1955 4741 2053 4779 ne-

478 4814 584 4868 que
613 4801 754 4854 enim
780 4803 1024 4872 exiguum
1056 4806 1294 4861 utilitatis
1336 4807 1476 4864 illius
1502 4849 1517 4873 ,
1563 4825 1721 4880 quam
1774 4812 1891 4867 istic
1933 4829 2056 4882 per-

480 4891 744 4946 mattendo
784 4895 1042 4960 attulisti,
1089 4897 1462 4952 documentum
1510 4899 1604 4954 abs
1633 4909 1686 4955 te
1723 4900 1904 4958 datum
1949 4914 2048 4958 est.

483 4981 702 5045 Deinde,
730 4997 797 5036 ne
815 4985 939 5038 anni
963 4985 1176 5054 quidem
1200 4997 1408 5056 tempus
1429 4988 1529 5044 hoc
1557 5000 1609 5046 te
1637 4989 1812 5047 facere
1838 4994 2051 5062 patitur.

483 5068 665 5140 Neque
689 5073 862 5138 enim,
889 5087 991 5142 qua
1031 5075 1270 5145 corporis
1297 5075 1658 5135 imbecillitate
1688 5079 1789 5145 sis,
1820 5081 2048 5150 ignoras,

483 5175 657 5230 neque
686 5159 777 5215 tibi
799 5159 954 5218 facile
976 5179 1097 5219 esse
1125 5165 1177 5220 in
1205 5174 1348 5220 tanta
1371 5168 1422 5221 vi
1451 5167 1662 5238 frigoris
1687 5179 1844 5242 atque
1864 5172 2050 5231 hiemis

482 5251 671 5323 pedem
715 5267 948 5308 movere.
995 5254 1107 5312 lluc
1145 5259 1347 5313 accedit
1387 5261 1527 5329 quod
1554 5301 1570 5328 ,
1623 5272 1681 5317 ut
1728 5279 1909 5321 rumor
1936 5279 2051 5334 est,

483 5339 782 5398 Isaurorum
810 5359 897 5400 res
925 5360 1065 5402 nunc
1092 5349 1331 5418 vigent‘.
1359 5349 1485 5405 Hme
1527 5351 1706 5421 itaque
1747 5357 1952 5424 omnia,
1999 5369 2053 5413 ut

489 5432 718 5501 prudens
769 5435 961 5492 mulier
994 5447 1164 5492 tecum
1210 5448 1500 5508 reputans,
1543 5457 1640 5507 ne,
1692 5459 1905 5514 quazso,
1954 5449 2053 5504 hoc

483 5534 724 5592 tempore
764 5529 869 5582 ullo
901 5539 1053 5599 pacto
1082 5531 1266 5600 pedem
1303 5532 1458 5589 istinc
1498 5550 1712 5591 movere
1752 5539 2050 5597 sustineas:

484 5620 655 5689 deque
701 5621 800 5675 hac
850 5637 908 5676 re
944 5622 1100 5677 velim
1146 5639 1244 5679 nos
1271 5626 1659 5696 quamprimum
1689 5631 1940 5688 certiores
1971 5633 2048 5688 fa-

543 5733 558 5764 ι
592 5729 804 5794 coislin.,
831 5740 1020 5784 oraoter
1044 5743 1232 5787 Isauros
1255 5735 1342 5786 iter
1363 5737 1423 5790 sit
1445 5736 1737 5804 nuperrium.

1199 339 1259 401 Β.
1297 340 1574 401 JOANNIS
1611 335 2087 396 CHRYSOSTOMI
2123 334 2442 392 ARCHIEP.
2479 331 3016 397 CONSTANTINOP.

3625 341 3733 400 θα

2148 449 2280 518 clas,
2311 465 2376 508 ac
2403 451 2474 509 de
2499 461 2586 508 tua
2611 454 2913 511 valetudine
2949 469 3094 527 saepe
3137 454 3360 511 scribas.
3403 454 3538 511 Nam
3589 470 3735 510 none

2149 553 2361 610 quoque
2383 555 2483 598 nos
2523 541 2696 598 nullas
2731 542 2828 599 abs
2874 553 2927 600 te
2969 545 3151 600 literas
3196 545 3468 616 accepisse
3503 545 3738 602 moleste

2149 631 2368 688 tulimus
2399 650 2416 686 :
2443 648 2531 698 ac,
2563 649 2631 689 ne
2659 633 2796 689 forte
2819 634 3039 690 morbus
3073 635 3176 691 hoc
3200 636 3555 706 impediverit,
3579 636 3736 692 labo-

2149 736 2350 776 ramus.
2377 720 2449 778 Ut
2491 723 2628 779 hanc
2671 725 2829 794 igitur
2868 724 3277 781 sollicitudinem
3305 727 3460 782 nobis
3488 726 3694 781 eximas
3723 762 3736 796 ι

2148 813 2256 869 cito
2273 814 2342 869 ad
2371 830 2469 870 nos
2499 815 2708 882 literas,
2739 832 2857 886 qua:
2880 817 2995 872 haec
3023 816 3287 883 indicent,
3319 819 3488 874 mitte.

2218 903 2260 958 (ἰ
2273 902 2331 957 ν.
2361 902 2656 960 Chalcidice.
2688 905 2930 978 (Scripta
2960 922 3121 974 anno,
3148 915 3206 963 ut
3230 919 3465 978 potatur,
3492 907 3664 978 ωδ.)

2221 995 2363 1051 Deus
2394 995 2487 1050 tibi
2526 1011 2623 1066 pro
2652 1007 2739 1053 tua
2767 1013 2893 1069 erga
2921 1012 3022 1053 nos
3042 999 3339 1055 reverentia
3363 1041 3380 1066 ,
3409 999 3644 1067 honore,
3672 1015 3737 1057 ac

2149 1084 2356 1140 sincera
2382 1087 2603 1142 caritate
2629 1093 2739 1142 tum
2763 1089 2884 1155 hic,
2931 1095 3041 1143 tum
3073 1088 3127 1143 in
3148 1087 3328 1166 futuro
3359 1104 3477 1146 aevo
3519 1103 3733 1146 merce-

2147 1175 2271 1232 dem
2299 1176 2514 1247 pendat.
2552 1177 2661 1233 Nec
2685 1180 2827 1234 enim
2856 1195 2994 1234 nunc
3021 1179 3328 1246 dumtaxat,
3369 1178 3466 1236 sed
3501 1181 3738 1250 primum

2128 1270 2306 1347 etiam
2334 1277 2494 1340 atque
2528 1270 2596 1326 ab
2640 1270 2821 1334 initio,
2859 1285 2966 1340 quo
2989 1286 3114 1340 erga
3137 1285 3235 1326 nos
3259 1271 3440 1326 animo
3467 1284 3532 1325 ac
3555 1269 3740 1325 studio

2152 1359 2357 1425 fueris,
2408 1369 2746 1431 perspectum
2789 1360 2983 1416 habeo.
3037 1364 3117 1417 Ac
3163 1370 3444 1431 propterea
3492 1360 3740 1430 quamvis

2150 1451 2307 1522 longe
2332 1451 2544 1508 itineris
2574 1452 2748 1523 spatio
2767 1452 2860 1507 abs
2892 1461 2943 1507 te
2968 1445 3187 1507 dissitus
3222 1452 3322 1505 sim
3346 1492 3362 1517 ,
3411 1462 3570 1521 atque
3605 1449 3697 1506 hic
3719 1493 3736 1514 .

2154 1550 2263 1596 tum
2292 1542 2361 1597 ob
2388 1541 2544 1611 hujus
2569 1542 2671 1598 loci
2695 1541 3056 1608 solitudinem,
3083 1551 3196 1597 tum
3222 1543 3292 1598 ob
3320 1543 3738 1613 perpetuaperio

2150 1632 2267 1686 cola
2288 1672 2302 1696 ,
2331 1631 2658 1702 crebrosque
2685 1631 2996 1703 praedonum
3027 1633 3257 1702 impetus
3277 1674 3294 1698 ,
3325 1644 3435 1687 tum
3463 1632 3535 1690 ob
3561 1630 3739 1688 utali—

2149 1735 2332 1776 corum
2384 1723 2658 1792 penuriam
2681 1761 2699 1788 ,
2747 1723 2802 1777 in
2845 1723 3027 1778 multis
3071 1723 3459 1779 calamitatibus
3502 1738 3690 1779 verser
3709 1741 3738 1779 -:

2152 1811 2285 1865 nihil
2317 1821 2490 1867 tamen
2523 1811 2712 1868 horum
2743 1813 2983 1868 omnium
3013 1813 3273 1882 impedit,
3320 1815 3607 1884 quominus
3632 1823 3743 1871 tua

2150 1901 2427 1957 suavitatis
2443 1911 2712 1973 .perpetuo
2732 1902 3026 1959 recorder:
3059 1904 3185 1972 quin
3220 1904 3394 1973 potius
3439 1918 3557 1960 eam
3592 1906 3743 1959 eari-

2151 1998 2314 2046 tatem
2337 2031 2354 2058 ,
2379 2006 2537 2062 quam
2566 2006 2598 2046 a
2623 1991 2885 2062 principio
2905 2000 3015 2046 tum
3046 2002 3173 2062 erga
3195 2001 3267 2055 te,
3297 1998 3410 2046 tum
3439 2006 3566 2062 erga
3591 2002 3743 2048 tuam

2150 2078 2370 2135 domum
2397 2079 2593 2149 habui,
2623 2082 2890 2152 vigentem
2927 2082 3172 2147 retineo;
3213 2095 3386 2151 neque
3409 2095 3528 2138 eam
3553 2083 3642 2138 vel
3669 2083 3746 2139 ob

2152 2170 2410 2239 temporis
2437 2171 2874 2238 diuturnitatem,
2920 2170 3094 2227 velob
3133 2171 3340 2228 itineris
3365 2171 3737 2243 longinquita-

2155 2267 2262 2314 tem
2286 2273 2676 2320 consenescere
2698 2263 2892 2333 patiar.
2920 2260 3052 2317 Nam
3074 2275 3137 2317 ea
3161 2260 3376 2317 demum
3397 2262 3626 2318 sincerae
3651 2277 3749 2317 ca-

2149 2348 2327 2403 ritatis
2366 2359 2556 2405 natura
2591 2361 2695 2407 est.
2727 2349 2804 2408 Te
2829 2366 2957 2407 vero
2985 2365 3085 2422 pro
3123 2361 3212 2406 tua
3241 2351 3517 2421 prudentia
3545 2361 3602 2408 et
3625 2353 3748 2423 pie-

2153 2445 2260 2493 tate
2301 2454 2400 2492 oro
2424 2447 2584 2509 atque
2609 2439 2837 2496 obsecro
2861 2480 2877 2506 ,
2908 2449 2967 2495 ut
2993 2456 3054 2495 ea
3085 2442 3284 2508 omnia,
3315 2457 3434 2510 quas
3459 2441 3746 2508 accidunt,

2151 2533 2373 2584 strenuo
2399 2529 2583 2584 animo
2609 2531 2769 2585 feras.
2813 2528 2936 2585 Scis
2963 2531 3107 2585 enim
3137 2540 3190 2586 te
3216 2531 3286 2586 ab
3324 2531 3541 2588 ineunte
3583 2542 3752 2591 atate

2153 2631 2323 2687 usque
2349 2617 2415 2672 ad
2442 2618 2544 2674 hoc
2570 2627 2781 2690 tempus
2809 2635 2905 2690 per
2931 2621 3106 2675 varias
3126 2628 3285 2691 atque
3312 2622 3488 2678 omnis
3513 2619 3628 2679 fere
3649 2637 3752 2694 ge-

2153 2708 2297 2762 neris
2334 2709 2650 2765 tentationes
2697 2711 3017 2777 incessisse;
3065 2720 3224 2780 atque
3264 2711 3533 2781 patientiae
3562 2721 3748 2768 certa-

2150 2814 2276 2854 men
2303 2799 2440 2855 facili
2467 2801 2680 2872 negotio
2707 2802 2857 2857 obire
2876 2810 3033 2872 potes
3057 2843 3071 2869 ,
3099 2803 3548 2873 quemadmodum
3571 2805 3742 2860 etiam

2149 2906 2295 2962 stt-pe
2322 2892 2496 2948 obiisti
2521 2934 2535 2960 ,
2569 2901 2623 2949 et
2669 2889 2905 2949 illustres
2940 2893 3063 2949 inde
3090 2907 3317 2950 coronas
3345 2893 3547 2965 tibiipsi
3575 2895 3630 2950 in
3661 2897 3750 2952 fu-

2163 2992 2336 3038 turum
2366 2982 2671 3038 condidisti.
2720 2981 2873 3052 Quod
2917 2985 2962 3038 si
3010 2984 3126 3040 haec
3169 2985 3390 3040 tentatio
3433 2985 3751 3056 superiores

2155 3073 2364 3129 excedit
2383 3114 2398 3139 ,
2428 3081 2484 3128 at
2501 3074 2661 3129 etiam
2689 3088 2884 3130 corona
2916 3073 3254 3144 pratstantior
3281 3072 3455 3130 futura
3479 3086 3583 3130 est.
3605 3073 3749 3144 Qua

2154 3181 2276 3222 cum
2303 3167 2374 3222 ita
2400 3167 2529 3234 sint,
2559 3166 2782 3223 nihilex
2812 3168 2878 3221 iis
2904 3167 3306 3230 acerbitatibus,
3327 3179 3453 3238 quae
3477 3167 3570 3222 tibi
3598 3169 3743 3224 inle-

2154 3267 2346 3313 runtur
2367 3296 2383 3322 ,
2426 3267 2478 3312 te
2519 3256 2793 3327 perturbet
2819 3275 2833 3312 :
2860 3271 3048 3312 verum
3075 3270 3181 3327 quo
3209 3257 3381 3327 magis.
3405 3255 3597 3312 lloctos
3621 3273 3748 3314 ere-

2152 3359 2326 3415 seunt,
2363 3358 2759 3420 tempestasque
2783 3349 2953 3421 magis
2980 3349 3320 3419 ingravescit,
3341 3364 3409 3405 eo
3436 3351 3597 3406 etiam
3628 3365 3746 3406 ma-

2149 3443 2323 3514 jorem
2345 3453 2628 3514 quaestum,
2643 3458 2708 3499 ac
2725 3443 2943 3512 praemia
2962 3443 3245 3498 sudoribus
3265 3443 3420 3514 longe
3439 3443 3747 3515 cepiosiora

2154 3544 2209 3589 et
2259 3534 2518 3604 ampliora
2562 3542 2618 3589 et
2656 3534 3004 3588 luculentiora
3046 3542 3316 3603 exspecta.
3365 3532 3549 3602 Neque
3595 3535 3744 3588 enim

2153 3624 2431 3695 Condigna'
2471 3633 2586 3678 sunt
2623 3625 2879 3693 passiones
2922 3624 3073 3695 hujus
3113 3624 3353 3691 temporis
3397 3624 3464 3678 ad
3514 3627 3746 3694 futuram

2157 3716 2373 3788 gloriam
2397 3757 2412 3782 ,
2448 3731 2562 3785 qua:
2585 3715 2886 3770 revelabitur
2912 3716 2966 3768 in
2995 3715 3135 3770 uoltis
3169 3714 3357 3786 (Rom.
3387 3716 3440 3770 8.
3471 3715 3536 3770 l8
3552 3713 3595 3785 ).
3629 3715 3746 3771 Via:

2155 3805 2297 3860 enim
2328 3805 2494 3859 instar
2518 3812 2642 3860 sunt
2678 3815 2967 3874 praesentes
3008 3803 3166 3874 hujus
3183 3806 3308 3860 vita:
3342 3804 3741 3875 jucunditates,

2155 3904 2211 3950 et
2252 3895 2550 3959 molestiae,
2598 3895 2872 3965 ambaeque
2909 3893 3099 3950 eodem
3146 3894 3306 3950 modo
3335 3893 3596 3962 eluunt,
3638 3910 3746 3952 nec

2155 3987 2442 4056 quidquam
2473 3987 2527 4040 in
2555 3987 2620 4041 iis
2647 3995 2852 4041 certum
2889 4001 2954 4041 ac
2997 3986 3185 4041 stabile
3222 3994 3307 4041 est
3330 4025 3346 4050 ,
3391 4001 3574 4041 verum
3615 4002 3744 4042 utn-

2157 4077 2267 4133 bra:
2295 4079 2372 4148 (a)
2404 4088 2646 4132 naturam
2675 4078 2979 4146 imitantur,
3023 4087 3082 4133 ut
3106 4093 3224 4149 quas
3253 4078 3412 4134 simul
3437 4088 3596 4150 atque
3620 4095 3744 4137 sese

2155 4171 2502 4236 ostenderint,
2529 4171 2705 4225 statim
2728 4179 3066 4241 praetereant.
3090 4169 3551 4238 Quemadmodum
3580 4173 3744 4242 igitur

2155 4262 2410 4328 viatores,
2433 4263 2547 4317 sive
2567 4277 2662 4331 per
2683 4272 2855 4332 prata,
2886 4263 2997 4318 sive
3024 4279 3118 4332 per
3143 4263 3416 4318 salebrosa
3441 4273 3497 4319 et
3515 4264 3742 4333 abrupta

2157 4351 2274 4405 loca
2297 4353 2398 4406 iter
2426 4349 2659 4416 faciant,
2709 4366 2806 4406 nec
2835 4351 2996 4406 ullam
3028 4351 3174 4408 illine
3201 4352 3526 4422 voluptatem
3571 4352 3748 4422 perci-

2157 4441 2332 4512 piunt,
2365 4457 2464 4495 nec
2494 4441 2655 4496 ullam
2677 4441 2802 4497 hinc
2829 4443 3135 4498 maestitiam
3181 4443 3458 4509 sentiunt;
3505 4443 3746 4500 viatores

2157 4532 2298 4586 enim
2327 4543 2469 4597 sunt,
2517 4547 2623 4587 non
2649 4533 2824 4603 cives,
2871 4541 3093 4603 utraque
3124 4541 3544 4602 praetereuntes,
3579 4543 3746 4603 atque

2159 4622 2226 4677 ad
2255 4623 2476 4692 patriam
2501 4637 2652 4678 suam
2677 4623 3058 4678 contendentes
3090 4641 3104 4676 :
3131 4622 3319 4678 eodem
3349 4621 3508 4678 modo
3535 4632 3587 4676 te
3613 4637 3749 4692 rogo

2156 4721 2315 4782 atque
2342 4712 2565 4768 obsecro
2589 4755 2604 4778 ,
2635 4722 2688 4768 ut
2714 4728 2813 4769 nec
2851 4714 3133 4784 przesentis
3160 4713 3282 4766 vitae
3314 4711 3748 4781 jucunditatibu

2157 4803 2328 4858 inhies
2350 4844 2365 4869 ,
2413 4819 2512 4858 nee
2556 4819 2768 4858 rursum
2796 4806 3140 4858 molestarum
3166 4817 3345 4858 rerum
3372 4804 3609 4873 pondere
3649 4805 3750 4859 de-

2158 4894 2425 4964 primaris,
2454 4909 2638 4949 verum
2663 4894 2765 4949 hoc
2790 4909 2951 4947 unum
2976 4903 3206 4962 spectes,
3234 4907 3465 4963 quonam
3495 4903 3651 4962 pacto
3675 4895 3748 4951 ad

2158 4998 2496 5039 communem
2527 4985 2750 5053 patriam
2776 4995 3012 5038 nostram
3041 4999 3164 5039 cum
3189 4983 3393 5053 ingenti
3415 4984 3605 5038 fiducia
3631 5000 3749 5054 per-

2157 5077 2362 5130 venias.
2395 5074 2833 5145 Quandoquidem
2860 5074 2962 5130 boc
2985 5074 3200 5131 demum
3227 5076 3389 5130 fixum
3415 5085 3472 5131 et
3489 5086 3750 5136 constans

2159 5177 2319 5236 atque
2356 5166 2654 5221 immortale
2709 5167 2906 5221 bonum
2935 5175 3020 5221 est
3051 5182 3065 5219 :
3094 5179 3287 5222 cetera
3316 5175 3496 5223 autem
3525 5168 3706 5223 omnia
3724 5209 3748 5237 ,

2160 5254 2263 5311 llos
2293 5255 2420 5310 [terti
2457 5264 2512 5310 et
2538 5255 2715 5310 fumus
2734 5296 2749 5322 ,
2778 5267 2833 5310 et
2855 5257 2901 5310 si
2930 5255 3056 5325 quid
3093 5253 3178 5309 his
3204 5255 3362 5311 vilius
3389 5254 3514 5325 fingi
3545 5266 3746 5326 potest.

2159 5368 2199 5424 C
2213 5367 2304 5422 Vl.
2345 5369 2640 5438 Asyncn’tiw
2678 5370 2932 5438 ipsiusque
2954 5367 3230 5422 sodalibus.
3260 5366 3510 5439 (Scripta
3546 5368 3748 5426 Cocus!

2781 5475 2923 5516 anno
2951 5460 3078 5516 406.
3097 5461 3114 5530 )

2228 5571 2341 5639 Qua
2374 5586 2499 5641 erga
2527 5587 2624 5628 nos
2651 5573 2872 5627 caritate
2899 5587 2960 5626 ac
3001 5573 3370 5628 benevolentia
3396 5574 3513 5631 sitis
3539 5615 3555 5641 ,
3605 5575 3739 5633 mihi

2220 5681 2301 5751 (a)_
2323 5684 2402 5751 at;
2425 5681 2606 5751 Billius,
2627 5683 2716 5751 qui
2755 5682 2972 5751 umbram
2997 5681 3192 5746 supplet
3216 5696 3280 5733 ex
3302 5696 3610 5751 conjectura;
3637 5702 3754 5743 nam

2159 5742 2336 5809 aliquid
2359 5743 2538 5796 deesse
2561 5742 2750 5796 videtur
2776 5745 2824 5794 in
2849 5750 3026 5793 (ιι-προ.
