4078 6432
234 413 389 487 (669]
417 413 804 484 διαστήματος,
854 413 974 467 οὐδέ
1038 405 1339 466 ἐπιστεῖλαι
1385 409 1815 482 καταδεξαμένη.

236 505 351 559 Καὶ
371 500 492 559 οῖδα
539 505 639 575 μὲν
671 506 752 558 δτι
797 505 898 558 οὐκ
945 504 1013 558 ἐκ
1068 504 1342 575 ῥᾳθυμίας
1370 504 1526 557 τοῦτο
1563 502 1822 572 γέγονεν’

236 596 540 665 ἐπίσταμαι
565 592 674 665 γάρ
700 593 795 647 καὶ⁵
813 594 1134 665 γραφούσης
1152 595 1305 664 ⁴ίιμῖν,
1325 592 1420 645 καὶ
1440 591 1702 660 σιγώσης,
1723 592 1824 659 τὴν

235 684 451 756 θερμὴν
489 685 584 738 καὶ
611 684 842 754 γνησίαν
869 684 1110 754 ἀγάπην,
1144 684 1245 754 τὴν
1272 674 1542 752 είλικρινῆ
1575 683 1672 736 καὶ
1696 681 1822 735 ἀδο-

234 775 350 839 λον,
379 775 480 846 τὴν
508 776 735 847 ίσχυράν
775 777 870 830 καὶ
916 775 1182 849 στερρὰν·
1208 775 1343 830 ἀλλά
1373 772 1462 829 διά
1503 774 1565 828 τὸ
1616 773 1821 845 μηδένα

234 859 380 918 εἶναι
412 864 505 917 τὸν
543 864 951 934 ὑπογράφοντα.
994 865 1142 934 Πλὴν
1163 862 1299 917 ἀλλά
1325 863 1421 916 καὶ
1457 861 1631 924 οὕτως
1654 861 1823 932 ἐχρῆν

232 958 303 1025 τῇ
321 956 576 1026 ἐγχωρίῳ
600 972 694 1008 σου
721 954 932 1026 γλώττῃ
953 957 1087 1027 ἡμῖν
1110 954 1434 1017 ἐπιστεῖλαι,
1454 953 1552 1008 καὶ
1579 955 1648 1024 τῇ
1675 953 1821 1024 χειρὶ

232 1050 302 1118 τῇ
340 1049 431 1119 σῇ.
470 1043 692 1117 Σφόδρα
733 1044 843 1117 7&9
877 1045 1236 1118 ἀντεχόμεθα,
1268 1044 1520 1118 καθάπερ
1553 1043 1652 1096 καὶ
1675 1041 1819 1114 αὐτὴ

230 1135 415 1205 οἶσθα,
456 1136 554 1192 τοῦ
599 1138 843 1210 συνεχῶς
894 1137 1184 1199 ἐπιστολάς
1228 1136 1480 1208 δέχεσθαι
1529 1135 1682 1205 παρά
1719 1134 1820 1204 τῆς

230 1229 524 1296 εὐλαϐείας
550 1230 649 1304 τῆς
683 1232 802 1304 σῆς,
841 1231 981 1285 ὥστε
1015 1230 1136 1284 καθ’
1173 1231 1409 1301 ἑκάστην
1438 1229 1655 1300 ἡμέραν
1685 1244 1820 1296 μαν-

231 1321 416 1375 θάνειν
441 1323 594 1392 ἡμᾶς
625 1321 697 1375 τά
725 1323 852 1392 περὶ
875 1321 978 1391 τῆς
1017 1320 1207 1388 ὑγείας
1237 1318 1338 1390 τῆς
1367 1321 1466 1390 σῆς
1485 1335 1502 1348 ·
1529 1317 1625 1371 καὶ
1644 1317 1706 1371 οὐ
1730 1333 1820 1385 μι-

230 1413 372 1484 κράν
403 1413 503 1483 τῆς
542 1413 813 1484 τοσαύτης
861 1413 1096 1483 ἐρημίας
1125 1411 1221 1465 καὶ
1252 1410 1364 1464 τῶν
1390 1409 1625 1464 ἐνταῦθα
1665 1427 1820 1482 περι-

231 1507 479 1561 στάσεων
519 1504 869 1578 παράκλησιν
914 1503 1120 1574 ταύτην
1149 1504 1368 1574 ἔχομεν.
1402 1504 1590 1558 Εἰδυῖα
1614 1504 1815 1569 τοίνυν,

228 1598 491 1653 δέσποινά
518 1609 620 1668 μου
643 1597 946 1669 τιμιωτάτη
982 1599 1077 1652 καὶ
1104 1598 1495 1670 εὐλαϐεστάτη.
1532 1599 1666 1668 ὅσην
1693 1599 1815 1652 ἐπι*

230 1690 436 1762 θυμίαν
465 1689 662 1760 ἔχομεν
689 1689 904 1756 τούτου,
935 1691 1008 1762 μὴ
1037 1691 1291 1764 διαλίπῃς
1314 1690 1413 1763 τὴν
1463 1690 1632 1762 καλὴν
1685 1689 1819 1743 ταύο

226 1801 333 1854 την
360 1781 494 1854 ἡμῖν
527 1781 864 1854 χαριζομένη
898 1783 1083 1853 χάριν.
1120 1784 1232 1838 Καὶ
1267 1783 1377 1854 7&9
1407 1781 1594 1836 πολλοὶ
1619 1782 1819 1836 πολλαο

227 1872 391 1945 χδθεν
436 1872 648 1927 ἐκεῖθεν
674 1863 859 1945 ἦλθον.
895 1872 1039 1927 Ἀλλ’
1069 1873 1172 1927 οὐκ
1201 1871 1419 1941 ἐγκαλῶ
1448 1873 1674 1927 ἐκείνων
1700 1872 1822 1926 ἐνε-

226 1980 347 2030 κεν,
397 1963 488 2017 διὰ
525 1964 578 2018 τί
613 1965 690 2037 μὴ
715 1963 1022 2036 γράμματα
1067 1964 1200 2036 ἡμῖν
1245 1966 1510 2036 ἐκόμισαν
1540 1967 1691 2037 παρά
1719 1970 1818 2039 τῆς

229 2055 334 2121 σῆς
360 2054 719 2126 κοσμιότητος
737 2071 752 2086 ’
783 2055 933 2118 είκὸς
967 2053 1078 2126 7&9
1109 2056 1306 2120 αὐτοὺς
1328 2055 1640 2124 ἀγνοεῖσθαι
1663 2057 1817 2129 παρά

224 2145 327 2215 τῆς
347 2143 636 2209 εὐλαϐείας
666 2146 766 2216 τῆς
790 2145 909 2215 σῆς.
940 2144 1056 2198 Νῦν
1085 2147 1270 2217 μέντοι
1299 2147 1387 2200 ὅτε
1421 2146 1550 2218 ἐξῆν
1579 2148 1698 2217 μετ’
1723 2150 1817 2203 εὐ-

227 2237 423 2300 κολίας
461 2237 645 2308 πάσης
687 2237 1014 2301 ἐπιστεῖλαι,
1049 2238 1143 2291 καλ⁸
1183 2235 1418 2308 μάλιστα
1439 2237 1696 2292 τοιούτων
1726 2255 1816 2306 γε-

223 2327 549 2399 γενημένων
573 2327 780 2390 αὐτόθι,
804 2327 1010 2398 σφόδρα
1027 2325 1336 2397 ἐπεθύμουν
1364 2325 1619 2390 δέξασθαι
1638 2328 1818 2398 γράμο

225 2437 397 2494 ματα.
435 2419 766 2488 ’Δνάκτησαι
793 2418 971 2472 τοίνυν
1001 2418 1064 2471 τὸ
1090 2421 1148 2472 ἐν
1174 2416 1253 2488 τῷ
1282 2417 1604 2488 παρελθόντι
1639 2420 1818 2490 χρόνῳ

225 2510 568 2584 ρᾳθυμηθέν,
615 2511 710 2564 καὶ
738 2509 1061 2581 πυκνότητι,
1094 2509 1189 2564 καὶ
1225 2509 1406 2578 νιφάδι
1435 2509 1736 2564 ἐπιστολῶν
1756 2511 1818 2565 τὸ

226 2605 403 2676 μῆκος
427 2602 528 2674 τῆς
549 2602 859 2674 ἔμπροσθεν
888 2604 1018 2673 ἡμῖν
1036 2601 1431 2675 παραμύθησαι
1455 2599 1636 2672 σιγῆς.

643 2697 767 2748 ΡΔν.
808 2693 1104 2760 Πενταδίᾳ
1135 2692 1414 2760 διακόνῳ.

295 2786 420 2840 Τῶν
451 2785 550 2855 μέν
584 2785 866 2854 στεφάνων
887 2799 944 2836 σε
985 2784 1297 2855 μακαρίζω,
1326 2783 1420 2849 οὓς
1452 2785 1700 2858 ἀνεδήσω
1721 2785 1819 2840 καὶ

221 2875 344 2940 νῦν,
370 2873 461 2930 διά
480 2875 579 2944 τῆς
604 2873 857 2946 ἀνδρείας
882 2874 1061 2928 πάντα
1083 2873 1314 2946 ἐλομένη
1336 2875 1534 2931 παθεῖν
1551 2875 1695 2947 ὑπὲρ
1717 2877 1816 2947 τῆς

220 2965 506 3037 ἀληθείας.
534 2963 634 3017 Διά
655 2963 816 3017 τοῦτο
838 2966 933 3017 καὶ
962 2964 1054 3017 τὸν
1086 2963 1218 3018 Θεὸν
1252 2966 1700 3037 ὐπερασπίζοντά
1721 2985 1814 3021 σου

220 3059 370 3130 εχεις
402 3058 540 3129 μετά
560 3056 759 3127 πολλῆς
777 3056 879 3126 τῆς
911 3055 1299 3129 σφοδρότητος.
1323 3058 1474 3126 Ἕως
1493 3059 1606 3130 γὰρ
1635 3063 1817 3116 θανά-

220 3168 356 3216 του,
392 3150 581 3222 φησιν,
606 3148 896 3220 ἀγώνισαι
929 3149 1084 3218 ὑπὲρ
1128 3147 1240 3219 τῆς
1292 3151 1600 3220 ἀληθείας,
1649 3156 1748 3209 καί
1784 3158 1817 3209 ὁ

221 3244 442 3320 Κύριος
474 3240 808 3312 πολεμήσει
856 3241 1012 3310 ὑπὲρ
1061 3241 1201 3296 σοῦ.
1249 3242 1432 3315 Ὀπερ
1475 3245 1571 3297 καὶ
1603 3246 1818 3316 γέγονε.

221 3335 406 3405 Μέχρι
459 3333 568 3405 7&9
604 3331 860 3388 τοσούτου
913 3332 1198 3405 δραμοῦσα
1255 3333 1350 3389 τὸν
1411 3336 1577 3392 καλὸν
1627 3338 1817 3394 τοῦτον

221 3424 440 3493 ἀγῶνα,
483 3423 658 3478 πολλά
685 3423 894 3479 ἀνωθεν
923 3425 1306 3482 ἐπεσπάσωτά
1343 3426 1604 3499 βραδεῖα·
1623 3430 1815 3485 τούτου

226 3516 328 3586 μιν
349 3510 444 3569 οὖν
471 3514 658 3568 ἐνεκεν
679 3515 879 3586 χαίρω.
927 3516 1148 3589 Ἐπειδὴ
1175 3519 1232 3573 δέ
1249 3519 1443 3586 ἔγνων,
1471 3522 1555 3576 ὃτι
1587 3522 1817 3596 βουλεύῃ

223 3607 356 3678 περὶ
382 3605 712 3677 ἀποδημίας,
728 3607 823 3661 καὶ
846 3609 1182 3680 μεταστῆναι
1197 3610 1408 3666 ἐκεῖθεν
1423 3601 1622 3682 βούλει,
1638 3632 1816 3686 παρα·

223 3697 380 3755 καλῶ
430 3715 526 3752 σου
567 3699 668 3769 τὴν
713 3701 1005 3771 τιμιότητα
1060 3702 1231 3773 μηδὲν
1271 3704 1516 3760 τοιοῦτον
1558 3706 1814 3777 ἐννοῆσαι

225 3788 362 3860 μηδέ
411 3786 828 3858 βουλεύσασθαι.
867 3791 1091 3863 Πρῶτον
1130 3794 1229 3863 μὲν
1259 3795 1328 3847 δι’
1357 3795 1490 3849 αὐτὸ
1532 3795 1708 3860 τοῦτο,
1732 3799 1816 3852 ὅτι

219 3880 288 3950 δὴ
317 3883 600 3952 στήριγμα
627 3881 727 3952 τῆς
759 3881 968 3946 πόλεως
999 3877 1052 3936 εῐ
1093 3883 1194 3954 τῆς
1247 3886 1461 3950 αὐτόθι,
1508 3887 1605 3940 καὶ
1648 3886 1814 3960 λιμὴν

220 3975 409 4045 εὐρὺς,
464 3973 559 4027 καὶ
607 3973 900 4045 βακτηρία,
933 3975 1026 4029 καὶ
1079 3980 1255 4046 τεῖχος
1300 3978 1542 4049 ἀσφαλὲς
1569 3983 1682 4044 τοῖς
1715 3998 1815 4035 κα-

221 4063 672 4134 ταπονουμένοις.
735 4063 889 4134 Μηδέ
939 4065 1212 4136 τοσαύτην
1273 4067 1385 4121 ἀπὸ
1437 4069 1549 4122 τῶν
1611 4071 1814 4140 χειρῶν

221 4153 498 4224 ἐμπορίαν
542 4153 725 4224 ῥίψῃς,
755 4153 892 4224 μηδέ
919 4154 1172 4209 τοσοῦτον
1199 4157 1344 4230 πρόῃ
1384 4159 1594 4230 κέρδος,
1620 4161 1806 4216 τοσού-

219 4257 352 4304 τους
399 4239 525 4294 καθ’
577 4241 816 4314 ἑκάστην
873 4243 1088 4314 ἡμέραν
1141 4246 1449 4314 συνάγουσα
1503 4248 1814 4323 θησαυροὺς

219 4333 334 4387 ἀπὸ
357 4331 461 4403 τῆς
482 4332 788 4404 παρουσίας
812 4334 914 4404 τῆς
942 4335 1150 4390 αὐτόθι.
1169 4335 1238 4390 Οἵ
1261 4355 1322 4391 τε
1335 4339 1444 4411 7&9
1459 4340 1715 4412 ὁρῶντες,
1763 4344 1818 4397 οἴ

217 4443 277 4480 τε
305 4424 599 4488 ἀκούοντές
628 4441 722 4478 σου
753 4423 822 4477 τὰ
843 4425 1274 4497 κατορθώματα,
1300 4429 1363 4482 οὐ
1387 4431 1562 4502 μικρὰ
1592 4435 1816 4504 κερδαίο

218 4534 428 4572 νουσιν.
454 4513 626 4571 Οἶσθα
669 4516 727 4570 δὲ
759 4515 946 4588 ἡλίκον
993 4518 1150 4572 τοῦτο
1181 4520 1337 4591 φέρει
1366 4537 1449 4574 σοι
1480 4522 1574 4576 τὸν
1598 4525 1810 4594 μισθόν.

220 4607 448 4679 Πρῶτον
475 4607 595 4677 μὲν,
620 4608 758 4677 ὅπερ
781 4607 939 4678 ἔφην,
969 4608 1059 4661 διά
1079 4609 1240 4663 τοῦτο
1270 4611 1697 4683 παρακαλοῦμεν
1715 4616 1814 4668 αὐ-

218 4697 338 4751 τόθι
369 4695 584 4767 μένειν
613 4697 708 4751 καὶ
724 4697 833 4768 7&9
862 4699 1062 4768 πεῖραν
1086 4699 1147 4753 οὐ
1192 4700 1396 4770 μικρὰν
1428 4700 1669 4765 δέδωκας
1711 4703 1814 4772 τῆς

219 4783 513 4854 ὠφελείας,
541 4783 610 4854 ἢν
642 4784 918 4856 παρέσχες
947 4786 1037 4840 διὰ
1079 4786 1181 4858 τῆς
1217 4787 1408 4843 αὐτόθι
1458 4790 1808 4862 παραμονῆς.

224 4873 462 4927 Ἔπειτα
490 4871 548 4924 δέ
573 4871 695 4924 οὐδέ
742 4873 776 4942 ἡ
810 4872 905 4926 τοῦ
951 4873 1108 4939 ἔτους
1151 4873 1270 4946 ῶρα
1312 4877 1603 4949 ἐπιτρέπει
1631 4878 1809 4933 τοῦτο.

219 4955 398 5016 Οῐσθα
420 4960 530 5031 γάρ
566 4976 661 5012 σου
695 4957 791 5012 τοῦ
821 4959 1074 5031 σώματος
1096 4961 1195 5033 τὴν
1224 4962 1536 5029 ἀσθένειαν,
1559 4966 1654 5018 καὶ
1693 4966 1813 5029 πῶς

215 5051 281 5104 οὐ
323 5050 506 5121 ῥᾴδιόν
535 5049 687 5122 [650]
720 5067 802 5103 σοι
836 5051 1108 5105 κινεῖσθαι
1127 5054 1186 5105 ἐν
1218 5053 1416 5124 κρυμῷ
1449 5054 1691 5126 τοσούτῳ
1715 5058 1813 5109 καὶ

218 5135 476 5208 χειμῶνι.
501 5137 646 5208 Πρὸς
675 5137 910 5200 τούτοις,
949 5137 1025 5202 ώς
1058 5138 1354 5210 ἀκούομεν,
1388 5142 1484 5194 καὶ
1516 5142 1586 5195 τά
1637 5142 1814 5195 Ἰσαυ-

221 5224 352 5298 ρικά
374 5224 548 5279 ἀνθεῖ.
565 5223 751 5280 Πάντα
772 5238 798 5267 ι
827 5226 1007 5279 τοίνυν
1026 5227 1201 5282 ταῦτα
1229 5228 1558 5300 λογισαμένη
1581 5230 1658 5294 ὡς
1690 5247 1816 5284 συν-

219 5313 337 5382 ετὴ,
371 5311 622 5382 μηδαμοῦ
663 5312 803 5377 τέως
858 5314 1127 5369 κινεῖσθαι
1160 5316 1483 5387 καταδέχου,
1538 5318 1633 5370 καὶ
1683 5319 1813 5389 περὶ

216 5400 410 5454 τούτου
458 5400 672 5473 γράψαι
715 5403 852 5472 ἡμῖν
893 5402 984 5456 διά
1022 5403 1234 5472 ταχέων
1275 5403 1683 5477 παρακλήθητι,
1715 5407 1814 5459 καὶ

217 5487 348 5561 περὶ
372 5487 474 5557 τῆς
505 5489 695 5556 ὑγείας
723 5491 965 5560 συνεχῶς
978 5490 1142 5562 δήλου
1157 5492 1258 5561 τῆς
1278 5491 1397 5563 σῆς.
1435 5492 1590 5546 Ἐπεὶ
1601 5493 1697 5546 καὶ
1713 5493 1811 5552 νῦν

171 5603 176 5610 ⁵
275 5626 303 5656 ⁸
323 5625 536 5688 (295³1ωέ
555 5626 635 5688 καὶ
674 5626 734 5673 τὰ
767 5624 1009 5688 Ἰσαυρικά
1041 5623 1146 5680 ἔθνη
1187 5622 1394 5680 ἀϐάτους
1435 5623 1520 5680 τὰς
1553 5624 1691 5680 ὁδοὺς
1723 5640 1809 5675 πε-

215 5689 464 5746 ποιήκασι.
496 5685 674 5735 Πάντα.

1697 288 2081 348 B’ISTOL/E.

3412 293 3523 353 σοι

1933 410 2272 482 ἢλγήσαμεν,
2305 412 2380 482 μὴ
2414 409 2699 482 δεξάμενοι
2733 409 3042 482 γράμματά
3077 425 3172 462 σου
3202 407 3304 479 τῆς
3339 410 3524 480 τιμιό·

1928 519 2114 573 τητος,
2147 504 2241 556 καὶ
2260 506 2320 557 ἐν
2351 503 2592 574 φροντίδι
2616 501 3058 574 καθεστήκαμεν,
3103 500 3314 572 μήποτε
3343 500 3527 572 ἀρρω-

1932 593 2057 647 στία
2087 593 2246 648 τοῦτο
2289 594 2640 649 διεκώλυσεν.
2679 594 2778 648 ’ἐν’
2825 589 2920 648 οὖν
2975 592 3070 646 καὶ
3097 589 3302 664 ταύτην
3327 590 3527 664 ἀνέλῃς

1927 688 1962 757 ἠ
1972 686 2090 757 μῶν
2140 687 2236 757 τὴν
2267 687 2544 759 φροντίδα,
2571 686 2785 757 ταχέως
2824 687 2960 757 ἡμῖν
2987 682 3205 756 πέμψον
3230 681 3524 754 ἐπιστολὴν

1927 775 2100 831 ταῦτα
2119 773 2409 849 δηλοῦσαν.

2483 871 2616 923 ΡΒ.
2658 867 2970 934 Χαλκιδῐᾳ.

2013 961 2073 1015 Ὀ
2092 961 2235 1024 ιΘεός
2258 978 2344 1014 σοι
2374 961 2467 1014 τὸν
2497 959 2689 1032 μισθὸν
2716 959 2828 1031 δῴη
2853 959 2881 999 ι’
2913 958 3008 1012 καὶ
3037 955 3299 1018 ἐνταῦθα,
3333 955 3430 1010 καὶ
3461 957 3521 1009 ἐν

1925 1049 2007 1122 τῷ
2035 1049 2285 1122 μέλλοντι
2316 1047 2475 1104 αίῶνι
2503 1049 2607 1119 τῆς
2633 1047 2762 1115 περὶ
2791 1049 2943 1118 ἡμᾶς
2966 1046 3172 1116 αἰδοῦς,
3201 1046 3298 1100 καὶ
3327 1048 3516 1116 τιμῆς,

1927 1140 2023 1193 καὶ
2049 1140 2277 1210 γνησίας
2305 1139 2549 1209 ἀγάπης.
2576 1138 2713 1192 Οὐδέ
2743 1138 2853 1208 γὰρ
2885 1137 2980 1192 νῦν
3026 1137 3208 1208 μόνον,
3239 1133 3379 1190 ἀλλά
3425 1135 3522 1187 καὶ

1925 1233 2154 1297 ἀνωθεν,
2195 1232 2292 1287 καὶ
2335 1231 2394 1297 ἐξ
2421 1231 2598 1304 ἀρχῆς
2625 1225 2746 1284 οἶδα
2783 1229 2992 1298 σαφῶς,
3022 1229 3172 1292 ὅπως
3205 1226 3333 1299 περὶ
3371 1226 3522 1297 ἡμᾶς

1923 1323 2234 1395 διατεθῆναι
2286 1323 2647 1386 ἐσπούδακας.
2688 1321 2787 1376 Διά
2828 1321 2988 1374 τοῦτο
3026 1319 3120 1374 καὶ
3162 1321 3227 1372 ἐκ
3264 1317 3521 1372 τοσούτου

1924 1417 2237 1487 καθήμενος
2271 1415 2660 1486 διαστήματος,
2696 1413 2792 1467 καὶ
2826 1411 3006 1482 πολλῷ
3037 1410 3138 1481 τῆς
3171 1409 3295 1464 όδοῦ
3335 1409 3520 1481 είργόο

1929 1526 2088 1581 μενος
2126 1506 2206 1578 τῷ
2241 1508 2411 1578 μέσῳ,
2434 1506 2532 1560 οιαὶ
2564 1508 2622 1559 ἐν
2657 1504 2881 1569 πολλαῖς
2909 1503 2988 1558 ῶν
3016 1501 3252 1557 ἐνταῦθα
3281 1501 3517 1573 mpm,

1924 1599 2014 1654 διά
2051 1616 2112 1652 τε
2145 1599 2244 1670 τὴν
2271 1599 2510 1671 ἐρημίαν
2547 1597 2641 1652 τοῦ
2679 1597 2882 1669 χωρίου
2916 1595 3130 1660 τούτου,
3167 1595 3258 1649 διά
3295 1611 3357 1649 τε
3391 1594 3519 1658 τοὺς

1926 1693 2173 1763 συνεχεῖς
2205 1690 2505 1755 κινδύνους,
2533 1690 2630 1745 καὶ
2657 1689 2756 1754 τὰς
2789 1688 3130 1760 ἐπαλλήλους
3159 1686 3270 1741 τῶν
3302 1685 3518 1758 λῃστῶν

1922 1785 2169 1855 ἐφόδους,
2212 1783 2302 1838 διά
2348 1800 2409 1838 τε
2458 1781 2559 1855 τὴν
2597 1781 2799 1855 ίατρῶν
2832 1780 3054 1846 σπάνιν,
3093 1777 3269 1833 οὐδενὶ
3309 1775 3516 1832 τούτων

1922 1879 2204 1949 κωλύομαι
2241 1874 2551 1948 μεμνῆσθαί
2591 1891 2687 1928 σου
2722 1872 2989 1945 διηνεκῶς
3025 1872 3126 1944 τῆς
3169 1869 3472 1943 ἐμμελείας
3497 1886 3512 1902 ·

1921 1967 2058 2020 ἀλλά
2091 1965 2188 2037 τὴν
2223 1967 2468 2036 ἀγάπην,
2506 1965 2575 2036 ῆν
2609 1961 2669 2029 ἐξ
2695 1961 2872 2033 ἀρχῆς
2901 1961 3151 2032 καὶπερὶ
3180 1959 3241 2014 σέ
3267 1960 3362 2016 καὶ
3388 1952 3519 2033 περὶ

1919 2056 2012 2110 τὸν
2053 2052 2204 2110 οἶκόν
2249 2071 2346 2108 σου
2389 2053 2622 2126 ἔσχηκα,
2656 2051 2866 2123 ταύτην
2887 2049 3246 2122 ἀκμάζουσαν
3271 2049 3518 2122 διατηρῶ

1921 2149 2017 2202 καὶ
2060 2145 2177 2210 νῦν,
2219 2146 2372 2200 οὐδέν
2415 2145 2538 2199 οὐδὲ
2578 2145 2689 2198 ἀπὺ
2715 2142 2811 2196 τοῦ
2849 2143 3068 2215 χρόνου,
3103 2142 3225 2195 οὐδέ
3275 2143 3384 2197 ἀπὺ
3421 2140 3520 2196 τοῦ

1925 2241 2134 2310 μήκους
2161 2237 2265 2309 τῆς
2296 2237 2418 2290 ὁδοῦ
2454 2234 2816 2308 μαραίνεσθαι
2846 2233 3020 2304 αὐτὴν
3039 2232 3220 2302 ἀφείς.
3262 2231 3520 2287 Τοιοῦτον

1920 2331 2170 2403 γάρέστι
2197 2329 2259 2384 τὸ
2286 2329 2508 2401 ἀγαπᾷν
2537 2328 2797 2398 γνησίως.
2828 2325 2937 2381 Καί
2955 2341 3016 2378 σε
3042 2323 3347 2396 παρακαλῶ
3373 2325 3520 2380 κατά

1919 2422 2019 2494 τὴν
2058 2421 2275 2476 σύνεσίν
2314 2439 2408 2475 σου
2453 2421 2548 2475 καὶ
2579 2420 2679 2492 τὴν
2708 2418 3020 2483 εὐλάϐειαν,
3060 2417 3248 2489 φέρειν
3278 2417 3348 2472 τά
3375 2435 3518 2489 009.-

1921 2511 2190 2566 πίπτοντα
2217 2513 2433 2567 ἅπαντα
2458 2511 2744 2581 γενναίως.
2769 2505 2944 2564 Οἶσθα
2967 2509 3079 2581 7&9
3104 2510 3187 2563 ὅτι
3204 2509 3270 2563 ἐκ
3289 2508 3518 2581 πρώτης

1919 2605 2140 2677 ἡλικίας
2170 2604 2335 2676 μέχρι
2361 2602 2457 2658 τοῦ
2485 2603 2581 2657 νῦν
2608 2601 2698 2656 διά
2730 2602 2992 2659 ποικίλων
3022 2596 3120 2655 καὶ
3153 2599 3518 2656 παντοδαπῶν

1922 2694 2110 2766 σχεδὸν
2153 2694 2398 2757 ῶδευσας
2451 2693 2800 2764 πειρασμῶν,
2854 2693 2951 2746 καὶ
2998 2692 3224 2746 δύνασαι
3275 2691 3395 2763 μετ’
3425 2692 3518 2746 εὐ,

1920 2787 2107 2851 κολίας
2137 2786 2230 2839 τὸν
2265 2786 2365 2857 τῆς
2397 2783 2675 2855 ὑπομονῆς
2707 2780 2871 2838 ἆθλον
2900 2782 3291 2853 ἀγωνίζεσθαι,
3329 2782 3520 2856 ῶσπερ

1919 2872 2013 2931 οῦν
2040 2879 2136 2930 καὶ
2165 2875 2424 2946 ἠγωνίσω
2449 2874 2736 2942 πολλάκις,
2770 2873 2866 2928 καὶ
2897 2874 3184 2946 λαμπροὺς
3223 2874 3362 2947 ὑπὲρ
3389 2875 3519 2928 τού-

1919 2988 2028 3025 των
2058 2972 2260 3041 σεαυτῇ
2293 2969 2608 3040 προαπέθου
2637 2969 2764 3032 τοὺς
2787 2968 3112 3037 στεφάνους.
3145 2968 3209 3022 El
3227 2967 3286 3022 δέ
3312 2966 3520 3040 μείζων

1919 3055 2071 3125 οὗτος
2095 3061 2204 3114 τῶν
2229 3059 2629 3132 παρελθόντων,
2654 3057 2792 3112 ἀλλά
2826 3059 2918 3111 καὶ
2944 3057 2972 3109 ὁ
2996 3056 3263 3127 στέφανος
3293 3057 3517 3114 πλείων.

1919 3153 2104 3225 Μηδὲν
2147 3147 2241 3206 οὖν
2290 3169 2350 3205 σε
2398 3149 2715 3221 ταραττέτω
2760 3149 2871 3203 τῶν
2919 3148 3280 3220 ἐπαγομένων
3305 3147 3517 3204 δεινῶν·

1919 3244 2036 3301 ἀλλ’
2073 3246 2295 3316 ὅσῳπερ
2326 3243 2392 3298 ἂν
2429 3241 2660 3314 αὐξηται
2700 3241 2770 3296 τά
2799 3241 3043 3313 κύματα,
3072 3242 3167 3296 καὶ
3198 3241 3385 3314 μεῖζον
3414 3243 3514 3313 γέ-

1919 3353 2078 3408 νηται
2129 3336 2191 3390 τὸ
2227 3333 2540 3399 κλυδώνιον,
2581 3335 2823 3406 τοσούτῳ
2872 3334 3100 3406 μείζονα
3144 3335 3386 3406 ἀνάμενε
3419 3334 3522 3406 τὴν

1921 3426 2214 3499 ἐμπορίαν,
2241 3425 2337 3481 καὶ
2369 3425 2552 3496 πολλῷ
2583 3426 2808 3480 πλείονα
2845 3425 2914 3479 τά
2949 3423 3161 3480 ἔπαθλα
3200 3419 3310 3479 τῶν
3361 3426 3522 3498 ίδρώ-

1919 3539 2050 3591 των,
2083 3521 2179 3576 καὶ
2217 3517 2461 3592 μείζονα,
2492 3519 2587 3572 καὶ
2619 3518 2999 3589 λαμπρότερα.
3021 3517 3104 3570 Οὐ
3143 3516 3252 3589 7&9
3280 3515 3424 3579 ἀξια
3447 3522 3522 3573 τὰ

1921 3610 2242 3680 παθήματα
2271 3609 2380 3664 τοῦ
2418 3607 2537 3664 νῦν
2563 3608 2776 3678 καιροῦ
2819 3607 2975 3676 πρὸς
3015 3607 3132 3676 τὴν
3161 3607 3523 3677 μέλλουσαν

1920 3702 2112 3767 δόξαν
2163 3703 2703 3757 ἀποκαλύπτεσθαι
2756 3702 2846 3765 είς
2892 3698 3073 3769 ἡμᾶς.
3106 3697 3260 3764 Ὀδὸς
3297 3699 3408 3771 γὰρ
3451 3701 3522 3754 τά

1921 3794 2186 3866 παρόντα.
2234 3795 2330 3847 καὶ
2381 3792 2450 3846 τά
2498 3791 2734 3864 χρηστὰ,
2784 3791 2976 3844 καὶ-τά
3012 3789 3238 3863 λυπηρά
3274 3790 3372 3844 τοῦ
3399 3790 3520 3862 βίου

1921 3882 2133 3950 τούτου,
2168 3884 2263 3936 καὶ
2294 3881 2534 3952 ἑκάτερα
2565 3882 2768 3952 ὁμοίως
2815 3879 3195 3952 παροδεύεται,
3232 3883 3329 3936 καὶ
3366 3881 3521 3938 οὐδὲν

1921 3974 2102 4029 αὐτῶν
2155 3975 2375 4044 πάγιον,
2419 3973 2540 4027 οὐδὲ
2593 3972 2826 4045 βεϐηκὸς
2862 3984 2911 4037 ε,
2956 3968 3094 4027 ἀλλά
3125 3977 3378 4044 μιμεῖται
3419 3975 3521 4045 τὴν

1923 4065 2104 4135 φύσιν,
2127 4065 2263 4136 ὁμοῦ
2291 4082 2350 4119 τε
2379 4064 2705 4136 φαινόμενα,
2747 4063 2841 4118 καὶ
2866 4063 3305 4136 παρατρέχοντα.
3337 4061 3522 4120 Καθά-

1923 4177 2030 4231 περ
2066 4155 2160 4213 οὗν
2203 4159 2375 4213 ὁδῖται
2423 4159 2520 4211 καὶ
2551 4157 2820 4230 ὁδοιπόροι
2867 4157 2934 4212 ἀν
2976 4174 3038 4210 τε
3086 4157 3178 4212 διά
3236 4157 3520 4228 λειμώνων

1920 4250 2197 4313 όδεύωσιν,
2227 4249 2292 4303 ἀν
2307 4265 2367 4302 τε
2384 4248 2473 4302 διὰ
2501 4250 2820 4319 φαράγγων,
2844 4250 3103 4320 οὐδεμίαν
3127 4247 3248 4303 οὐδὲ
3267 4248 3521 4305 ἐντεῦθεν

1921 4339 2264 4412 καρποῦνται
2294 4340 2394 4409 τὴν
2424 4340 2639 4411 ἡδονὴν,
2665 4340 2786 4394 οὐδὲ
2818 4339 3031 4394 ἐκεῖθεν
3055 4341 3392 4412 ὑπομένουσι
3419 4341 3513 4396 λύο

1921 4449 2053 4502 πην·
2089 4433 2261 4486 ὁδῖται
2295 4431 2405 4503 γάρ
2441 4433 2601 4496 εἰσιν,
2635 4433 2756 4504 οὐχὶ
2797 4432 3037 4497 πολῖται,
3067 4434 3308 4506 ἑκάτερα
3335 4449 3518 4506 παραο

1918 4522 2228 4594 τρέχοντες,
2259 4523 2356 4577 καὶ
2395 4522 2533 4594 πρὸς
2560 4521 2660 4594 τὴν
2684 4523 2920 4596 πατρίδα
2950 4524 3050 4594 τὴν
3079 4524 3289 4578 ἐαυτῶν
3311 4523 3522 4593 ἐπειγό⁴

1922 4626 2092 4683 μενοι·
2119 4611 2263 4666 οὕτω
2283 4611 2588 4684 παρακαλῶ
2611 4612 2705 4666 καὶ
2730 4613 2876 4684 ὑμᾶς
2901 4614 3042 4686 μήτε
3059 4612 3198 4685 πρὸς
3221 4611 3292 4667 τά
3313 4612 3521 4686 φαιδρά

1917 4703 2012 4756 τοῦ
2061 4703 2328 4775 παρόντος
2377 4703 2532 4776 [651]
2575 4704 2866 4775 κεχηνέναι
2912 4704 3051 4776 βίου,
3099 4706 3237 4777 μήτε
3271 4705 3378 4760 ὑπὸ
3409 4705 3520 4761 τιῖιν

1917 4795 2180 4868 λυπηρῶν
2235 4796 2765 4864 καταϐαπτίζεσθαι,
2810 4799 2926 4852 ἀλλ’
2965 4799 3025 4854 ἐν
3061 4799 3223 4870 μόνον
3267 4803 3517 4868 σκοπεῖν,

1917 4888 2067 4952 ὅπως
2117 4889 2200 4952 είς
2238 4889 2339 4962 τὴν
2374 4889 2560 4962 κοινὴν
2612 4891 2868 4946 ἀπάντων
2899 4892 3057 4963 ἡμῶν
3093 4893 3329 4963 πατρίδα
3379 4895 3517 4965 μετά

1918 4979 2120 5051 πολλῆς
2174 4981 2563 5052 παραγένησθε
2608 4983 2708 5053 τῆς
2771 4983 3112 5056 παρρησίας·
3187 4985 3519 5057 Ἐπειδήπερ

1917 5069 2079 5124 τοῦτό
2129 5072 2248 5124 ἐστι
2294 5071 2358 5124 τὸ
2411 5072 2573 5142 μένον
2628 5075 2724 5127 καὶ
2781 5075 3032 5145 πεπηγὸς
3097 5075 3194 5129 καὶ
3251 5075 3520 5131 ἀθάνατον

1918 5159 2145 5228 ἀγαθὸν,
2167 5160 2239 5214 τὰ
2269 5160 2328 5214 δὲ
2353 5159 2490 5214 ἀλλα
2523 5163 2729 5226 πάντα,
2762 5162 2924 5227 ἀνθος
2946 5164 3145 5235 χόρτου
3168 5165 3262 5218 καὶ⁸
3287 5165 3516 5231 καπνὸς,

1921 5251 2016 5303 καὶ
2041 5249 2094 5302 εἴ
2113 5267 2166 5302 τι
2189 5249 2395 5304 τούτων
2435 5252 2834 5326 εὐτελέστερον.

2131 5364 2275 5429 μετ’.
2295 5362 2670 5432 Ἀσυγκριτίᾳ
2699 5367 2799 5421 καί
2825 5365 2957 5435 ταῖς
2983 5367 3108 5422 σὺν
3133 5365 3311 5437 αὐτῇ.

1989 5471 2122 5532 Οῐδα
2149 5475 2250 5547 τὴν
2283 5476 2506 5546 ἀγάπην
2550 5479 2707 5549 ὑμῶν
2740 5482 2833 5536 καὶ
2871 5483 2973 5555 τὴν
3006 5482 3249 5539 διάθεσιν
3290 5483 3362 5556 ῆν
3395 5483 3527 5558 περὶ

1978 5626 2009 5667 ιι
2041 5625 2167 5688 Tres
2198 5637 2315 5674 mss.
2344 5628 2511 5688 μισθὸν
2537 5630 2626 5688 δῷ,

1986 5691 2009 5719 ε
2036 5686 2166 5738 Savil
2177 5725 2188 5736 .
2213 5680 2439 5749 πεπηγός.
2583 5680 2592 5695 ⁸
