4078 6452
550 294 665 353 Βθό

559 414 706 485 ἡμᾶς
754 410 896 481 ἔχειν
943 406 1335 463 ἐσπουδάκατε.
1386 406 1496 460 Καὶ
1538 404 1777 476 συνεχῶς
1823 402 2120 475 ἐϐουλόμην

559 500 909 555 ἐπιστέλλειν
944 498 1057 552 ἀλλ’
1081 500 1111 553 6
1135 495 1245 551 τῶν
1281 497 1539 568 Ἰσαύρων
1574 496 1759 566 φόϐος,
1789 498 1968 549 πᾶσαν
1991 495 2124 547 ἀπο-

558 587 799 657 τειχίσας
833 585 971 649 όδὸν,
998 585 1099 638 οὑκ
1125 584 1349 655 ἀφίησιν
1390 586 1639 656 εὐπορεῖν
1669 584 1778 639 τῶν
1806 584 1942 656 πρὸς
1968 582 2125 636 τοῦτο

559 675 1021 746 διακονησομένων
1058 675 1209 745 ἡμῖν.
1264 673 1456 729 Ἠνίκα
1493 674 1625 743 γοῦν
1666 675 1733 728 ἂν
1785 672 2125 745 ἐπιτύχωμεν

559 767 780 830 τούτων,
809 768 908 837 τὴν
930 765 1288 835 ὀφειλομένην
1326 765 1683 835 ἀποδιδόαμεν
1727 766 1856 837 ὑμῖν
1883 764 2125 835 πρόσρη-

564 873 668 921 σιν,
696 856 765 910 τά
798 855 998 926 συνήθη
1032 854 1468 925 παρακαλοῦντες
1495 856 1657 926 ὑμᾶς,
1691 855 1856 926 μηδὲν
1882 854 2128 925 θορυϐεῖ-

564 948 688 1002 σθαι
719 947 850 1019 μηδὲ
879 946 1241 1019 ταράττεσθαι
1269 947 1375 999 ὑπὸ
1406 944 1513 999 τῶν
1550 946 1786 1017 συνεχῶν
1808 946 2012 1000 τούτων
2033 947 2127 999 καὶ

564 1037 877 1108 ἐπαλλήλων
916 1039 1256 1109 πειρασμῶν.
1295 1038 1358 1090 El
1397 1036 1506 1109 γάρ
1542 1036 1773 1107 ἔμποροι
1815 1038 1910 1089 καὶ
1936 1036 2127 1090 ναῦται

564 1129 798 1200 φορτίων
842 1128 1034 1197 ὀλίγων
1061 1128 1245 1182 ἕνεκεν
1280 1127 1422 1181 οὕτω
1454 1127 1638 1200 μακρά
1664 1127 1995 1181 διαϐαίνουσι
2029 1144 2127 1180 πε-

565 1219 727 1287 λάγη,
789 1218 883 1271 καὶ
928 1216 1194 1270 τοσούτων
1254 1217 1633 1288 κατατολμῶσι
1694 1217 1970 1288 κυμάτων·
2034 1217 2129 1270 καὶ

566 1306 891 1379 στρατιῶται
944 1308 1001 1361 δὲ
1046 1308 1138 1361 καὶ
1180 1308 1347 1377 αὐτῆς
1389 1308 1785 1380 καταφρονοῦσι
1837 1309 1935 1378 τῆς
1984 1306 2129 1378 ζωῆς

564 1399 703 1469 ὑπὲρ
738 1399 1001 1469 ἐπικήρου
1029 1398 1126 1450 καὶ
1156 1397 1384 1469 βραχέος
1418 1398 1632 1469 μισθοῦ,
1670 1397 1763 1451 καὶ
1797 1398 1995 1462 ζῶντες
2032 1398 2129 1467 μὲν

563 1489 657 1540 καὶ
703 1485 845 1557 λιμῷ
888 1486 1150 1558 μάχονται
1191 1487 1472 1553 πολλάκις,
1507 1489 1602 1544 καὶ
1642 1488 1971 1560 ὁδοιπορίαις
2021 1505 2129 1558 μα-

563 1579 722 1647 κραῖς
755 1577 1177 1645 κατατείνονται,
1202 1579 1298 1632 καὶ
1325 1577 1587 1650 διηνεκῶς
1613 1579 1706 1633 ἐπὶ
1725 1579 1824 1649 τῆς
1846 1578 2130 1649 ἀλλοτρίας

562 1668 859 1737 διάγουσιν,
905 1666 1131 1740 ὕστερον
1164 1668 1230 1723 δὲ
1262 1669 1355 1723 καὶ
1396 1668 1576 1741 ἄωρον
1614 1670 1708 1723 καὶ
1742 1669 1915 1740 βίαιον
1948 1668 2132 1723 πολλοὶ

561 1756 769 1810 τούτων
814 1756 1142 1828 ὑπομένουσι
1195 1757 1441 1821 θάνατον,
1483 1758 1635 1813 οὐδὲν
1666 1758 1913 1812 ἐντεῦθεν
1945 1756 2007 1811 οὑ
2040 1775 2131 1828 μι-

564 1848 716 1918 κρὸν,
747 1849 807 1900 ού
844 1847 989 1917 μέγα
1017 1847 1462 1919 καρπωσάμενοι⁹
1494 1849 1622 1904 ὅταν
1646 1849 1894 1921 οὐράνιος
1915 1850 1944 1902 ό
1971 1845 2132 1914 ἆθλος

565 1937 887 2010 προκέηται,
923 1938 1016 1990 καὶ
1065 1939 1203 2008 μετὰ
1249 1938 1348 2009 τὴν
1389 1939 1647 2010 τελευτὴν
1688 1939 1887 2011 μείζων
1918 1942 1952 2011 ή
1986 1939 2133 1993 ἀντί-

559 2030 707 2091 δοσις
737 2027 832 2082 καὶ
860 2027 1039 2099 πολλῷ
1061 2028 1285 2093 πλείων,
1314 2028 1475 2093 ποίας
1501 2030 1777 2095 τεύξονται
1802 2030 2133 2102 συγγνώμης

562 2122 610 2173 οἱ
650 2118 1240 2189 καταμαλακιζόμενοι,
1281 2120 1370 2171 καὶ
1404 2118 1478 2191 μὴ
1520 2119 1613 2173 καὶ
1647 2119 1818 2189 αὑτῆς
1854 2135 2133 2190 καταφρο-

562 2212 780 2276 νοῦντες
828 2211 929 2282 τῆς
967 2210 1151 2281 ζωῆς;
1194 2210 1356 2264 Ταῦτ’
1388 2204 1481 2263 οὖν
1527 2209 1742 2264 ἀπάντα
1785 2208 2130 2282 λογιζομένη,

563 2306 658 2358 καὶ
709 2305 791 2356 ὅτι
838 2302 1047 2366 καπνὸς
1092 2303 1160 2356 τὰ
1200 2301 1465 2375 παρόντα,
1520 2301 1617 2355 καὶ
1649 2301 1803 2372 ὄναρ,
1836 2303 1932 2355 καὶ
1986 2304 2135 2355 πᾶσα

564 2395 834 2468 εὑημερία
875 2393 1189 2465 ἀνθρωπίνη
1237 2392 1451 2463 φύλλων
1494 2390 1699 2464 ήρινῶν
1733 2392 1882 2445 οὐδὲν
1916 2392 2135 2463 ἄμεινον

560 2486 868 2549 διάκειται,
917 2482 1217 2554 γινομένων
1270 2499 1329 2535 τε
1381 2480 1516 2553 ὁμοῦ
1576 2482 1671 2536 καὶ
1724 2482 2137 2553 μαραινομένων

566 2576 789 2640 εὐθέως,
817 2573 1123 2645 ὑψηλοτέρα
1140 2574 1355 2628 πάντων
1374 2571 1482 2627 τῶν
1502 2572 1758 2627 τοιούτων
1775 2573 1926 2641 γίνου
1946 2572 2134 2643 βελῶν.

567 2667 783 2733 Ἔξεστι
809 2666 938 2738 γὰρ,
969 2666 1064 2720 ἐὰν
1086 2665 1266 2737 θέλῃς,
1298 2665 1391 2720 καί¹
1417 2665 1515 2737 τήν
1540 2664 1797 2736 βιωτικήν
1829 2666 2140 2736 καταπατῆ-

565 2774 653 2810 σαι
687 2755 1005 2826 φαντασίαν.
1040 2756 1134 2808 Ἐν
1175 2753 1367 2809 σκόπει
1405 2755 1581 2826 μόνον.
1608 2756 1754 2819 ὅπως
1780 2755 1917 2824 μετά
1937 2753 2137 2825 πολλῆς

562 2846 662 2917 τῆς
685 2845 920 2915 σπουδῆς
946 2845 1045 2915 τὴν
1074 2843 1441 2916 τεθλιμμένην
1469 2845 1584 2899 ὁδὸν
1605 2844 1853 2899 διανύσαι
1879 2844 2133 2916 δυνηθῇς,

563 2935 664 3006 τὴν
690 2935 826 3006 πρὸς
849 2935 1011 2989 αὑτὸν
1040 2933 1345 3001 ἀνάγουσαν
1375 2947 1424 2989 α.

563 3044 698 3101 PH’.
734 3044 966 3109 Κάστφ,
1007 3044 1330 3112 Οὐαλερίῳ,
1371 3045 1691 3115 Διοφάντῳ,
1724 3046 1821 3100 καί
1845 3045 2132 3115 Κυριακῷ,

1135 3113 1577 3183 πρεσϐυτέροις.

638 3230 706 3285 '0
745 3228 1031 3300 συμϐαίνει
1076 3226 1155 3298 τῷ
1183 3227 1391 3298 χρυσίῳ
1431 3225 1838 3298 βασανιζομένῳ
1881 3227 2137 3293 πολλάκις

566 3321 672 3377 ὑπὸ
728 3321 917 3392 πυρὸς,
971 3319 1129 3373 τοῦτο
1180 3318 1275 3372 καὶ
1328 3322 1450 3383 ταῖς
1502 3322 1727 3390 χρυσαῖς
1768 3318 1927 3372 εἴωθε
1970 3337 2139 3391 προσ-

564 3412 809 3483 γίνεσθαι
830 3413 1027 3482 ψυχαῖς
1050 3411 1156 3465 ὑπὸ
1175 3410 1283 3464 τῶν
1305 3411 1645 3482 πειρασμῶν.
1685 3411 1928 3482 Ἐκείνην
1949 3430 2007 3465 τε
2032 3413 2139 3484 γάρ

564 3506 665 3575 τήν
713 3503 845 3574 ὓλην
884 3502 1273 3575 λαμπροτέραν
1320 3501 1501 3572 πολλῷ
1541 3502 1635 3556 καὶ
1674 3501 2064 3573 καθαρωτέραν
2105 3505 2139 3574 ή

565 3595 667 3666 τῆς
696 3596 889 3664 φλογὸς
920 3595 1212 3664 ἀποφαίνει
1254 3593 1437 3664 φύσις,
1475 3591 1737 3664 ὁμιλοῦσα
1771 3593 1907 3665 αὐτῇ
1951 3594 2140 3664 χρόνον

564 3683 837 3761 τοσοῦτον,
869 3684 993 3736 ὅσον
1018 3681 1086 3737 ἂν
1107 3685 1137 3736 6
1161 3682 1263 3753 τῆς
1289 3683 1485 3754 τέχνης
1508 3682 1789 3752 ἐπιτρέπει
1812 3683 1991 3753 νόμος·
2016 3683 2141 3746 τούς

563 3789 627 3828 τε
671 3774 751 3846 τῷ
799 3774 1008 3845 χρυσίῳ
1049 3772 1190 3828 κατὰ
1231 3774 1469 3828 διάνοιαν
1511 3772 1756 3836 ἐοικότας
1797 3772 2137 3845 ἀνθρώπους,

568 3866 791 3936 χρυσίου
840 3864 1038 3928 παντὸς
1080 3864 1467 3936 φαιδροτέρους
1522 3864 1616 3917 καὶ
1655 3864 2141 3935 πολυτελεστέρους

572 3955 713 4027 μετά
752 3955 951 4025 πολλῆς
975 3955 1074 4025 τῆς
1108 3955 1424 4022 περιουσίας
1464 3956 1497 4024 ή
1527 3954 1636 4007 τῶν
1663 3954 1981 4025 ἐπαλλήλων
2026 3973 2142 4008 πει-

571 4043 797 4115 ρασμῶν
824 4043 1117 4113 ἐργάζεται
1147 4043 1396 4112 κάμινος.
1423 4040 1575 4113 [652]
1602 4042 1700 4095 Διά
1732 4042 1796 4114 δὴ
1827 4043 2005 4109 τοῦτο,
2045 4046 2141 4098 καὶ

569 4138 634 4192 ἐκ
686 4134 939 4189 τοσούτου
990 4133 1285 4205 καθήμενοι
1341 4134 1727 4204 διαστήματος,
1763 4134 1825 4185 οὑ
1855 4134 2138 4205 παυόμεθα

568 4226 828 4297 διηνεκῶς
851 4224 1238 4296 μακαρίζοντες
1263 4225 1424 4295 ὑμᾶς.
1465 4226 1602 4276 Ἰστε
1632 4224 1759 4295 γὰρ,
1791 4224 1901 4278 ἴστε
1928 4226 2133 4295 σαφῶς,

566 4321 691 4374 δσον
721 4319 828 4372 τῶν
857 4318 1110 4372 τοιούτων
1142 4318 1439 4372 ἐπιϐουλῶν
1467 4319 1529 4372 τὸ
1573 4320 1780 4390 κέρδος,
1821 4322 1915 4374 καὶ
1953 4321 2067 4384 πῶς
2102 4324 2136 4392 ὴ

567 4410 662 4464 τοῦ
696 4410 955 4481 παρόντος
990 4410 1257 4481 εὑημερία
1280 4409 1396 4480 βίου
1423 4411 1594 4481 ὄνομα
1631 4412 1787 4480 μόνον
1818 4413 1932 4465 ἐστὶ
1960 4412 2133 4480 ψιλὸν,

570 4504 889 4573 πράγματος
911 4501 1134 4572 ἔρημον,
1156 4502 1222 4555 τὰ
1242 4504 1299 4556 δὲ
1322 4502 1577 4573 μέλλοντα
1604 4504 1805 4571 ἀγαθὰ,
1831 4504 2137 4574 πεπηγότα,

568 4592 796 4662 ἀκίνητα
828 4592 1048 4661 μόνιμα,
1084 4592 1341 4645 ἀθάνατα.
1383 4592 1493 4647 Καὶ
1522 4595 1583 4645 οὑ
1624 4593 1782 4646 τοῦτο
1830 4595 1989 4664 μόνον
2027 4597 2141 4649 ἐστὶ

569 4684 630 4737 τὸ
661 4682 843 4753 θαῦμα
881 4683 982 4752 τῆς
1010 4683 1227 4754 ἀρετῆς,
1274 4685 1354 4737 ὃτι
1403 4684 1626 4737 τοιαῦτα
1665 4686 1799 4753 ἡμῖν
1828 4686 1894 4739 τὰ
1932 4685 2140 4740 ἔπαθλα

571 4774 890 4846 παρέχεται,
918 4774 1030 4827 ἀλλ’
1062 4775 1141 4827 ὃτι
1179 4775 1273 4828 καὶ
1309 4775 1413 4846 πρὸ
1442 4775 1549 4827 τῶν
1574 4775 1825 4829 ἐπάθλων
1853 4778 1903 4830 οί
1934 4779 2141 4845 ἀγῶνες

572 4872 742 4943 αὐτῆς
770 4871 977 4925 ἔπαθλα
1004 4873 1260 4939 γίνονται,
1286 4872 1381 4925 καὶ
1401 4873 1460 4925 οὑ
1491 4873 1648 4941 μόνον
1681 4872 1773 4925 τοῦ
1803 4874 2030 4944 θεάτρου
2056 4876 2143 4929 λυ-

574 4962 757 5025 θέντος
787 4963 853 5015 τά
880 4962 1102 5032 βραϐεῖα
1136 4965 1244 5025 τοῖς
1274 4963 1610 5032 νενικηκόσιν
1630 4963 1848 5033 ἔρχεται
1879 4965 2139 5036 φέρουσα,

574 5054 709 5107 ἀλλὰ
746 5055 839 5107 καὶ
876 5057 931 5105 ὲν
960 5054 1105 5123 αὐτῷ
1137 5054 1282 5123 μέσῳ
1304 5052 1381 5123 τῷ
1412 5055 1695 5124 σκάμματι
1723 5054 2004 5126 λαμπροὺς
2032 5062 2143 5120 τοῖς

574 5145 993 5213 ἀγωνιζομένοις
1028 5144 1216 5196 πλέκει
1238 5145 1361 5206 τοὺς
1396 5149 1710 5211 στεφάνους.
1744 5148 1840 5200 Διά
1866 5146 2021 5199 τοῦτο
2050 5150 2143 5202 καὶ

578 5234 786 5297 Παῦλος
811 5237 910 5288 οὐκ
943 5236 1035 5287 ἐπὶ
1068 5238 1184 5299 ταῖς
1225 5236 1517 5289 ἀντιδόσεσι
1551 5238 1658 5290 τῶν
1698 5237 1927 5308 θλίψεων
1961 5241 2143 5309 χαίρει

577 5328 669 5379 καὶ
714 5328 1056 5395 εὐφραίνεται
1110 5330 1287 5397 μόνον,
1342 5328 1475 5381 ἀ).λά
1516 5331 1609 5381 καὶ
1661 5331 1747 5382 ἐπ’
1790 5330 1980 5394 αὑταῖς
2027 5334 2144 5393 ταῖς

578 5416 783 5485 θλίψεοι
828 5418 1243 5484 καλλωπίζεται,
1286 5418 1428 5473 οὑτω
1465 5420 1658 5489 λέγων
1696 5424 1779 5475 Οὐ
1816 5422 2010 5487 μόνον
2053 5421 2139 5487 δὲ,

577 5508 736 5565 ἀλλὰ
768 5510 863 5562 καὶ
894 5511 1243 5579 καυχώμεθα
1283 5512 1351 5565 ἐν
1386 5512 1514 5578 ταῖς
1543 5513 1846 5581 θλίψεσιν.
1881 5510 2013 5567 Εἶτα
2035 5514 2143 5567 ἀπ-

638 5708 655 5728 ⁸
679 5706 881 5772 Legisse
917 5710 1112 5763 videtur
1131 5711 1383 5774 Interpres
1410 5714 1523 5775 πρὸς
1543 5714 1737 5776 οὐρανὸν
1761 5717 2042 5775 ἀνάγουσαν.

1245 290 1303 348 S.
1343 286 1625 347 JOANMS
1659 281 2151 343 CIIRYSOSTOMI
2185 283 2508 341 ARCIIIEP.
2548 285 3095 344 CONSTANTI‘NOP.

3696 282 3813 338 668

2224 403 2348 474 αριθ
2356 403 2456 474 μού
2465 421 2622 475 μενος
2640 405 2731 475 τὸν
2751 406 2989 477 ὀρμαθδν
3007 405 3116 459 τῶν
3137 402 3405 479 βραϐείων
3424 399 3521 474 τῆς
3543 398 3808 469 (θλίψεως,

2227 496 2411 566 φησὶν,
2441 497 2522 551 ὅτι
2552 497 2871 567 ὑπομονὴν
2900 498 3051 566 αὕτη
3074 500 3276 562 τίκτει,
3312 495 3412 567 τὴν
3448 494 3668 567 μητέρα
3693 491 3812 546 τῶν

2226 586 2468 655 ἀγαθῶν,
2493 589 2585 643 τὸν
2608 588 2914 660 ἀκύμαντον
2939 589 3155 661 λιμένα,
3185 590 3285 661 τὴν
3310 589 3368 643 ἐν
3390 586 3605 659 γαλήνῃ
3635 585 3811 657 ζωὴν,

2226 678 2324 748 τὴν
2362 678 2570 748 πέτρας
2616 680 2991 749 ίσχυροτέραν,
3041 680 3133 734 καὶ
3172 680 3480 750 ἀδάμαντος
3518 677 3810 750 στερροτέ-

2230 785 2350 838 ραν,
2396 768 2497 838 τὴν
2547 768 2710 822 ὅπλου
2757 770 2958 833 παντὸς
3005 770 3401 842 δυνατωτέραν,
3458 770 3556 824 καὶ
3608 768 3812 839 τειχῶν

2228 860 2656 932 ἀσφαλεστέραν.
2684 860 2833 932 Αὕτη
2862 861 2918 914 δὲ
2958 861 3372 935 κατορθωθεῖσα
3413 861 3671 932 δοκίμους
3716 862 3814 914 καὶ

2228 951 2506 1017 γενναίους
2567 952 2713 1003 ποιεῖ
2767 952 2893 1019 τοὺς
2946 952 3117 1022 αὐτῆς
3162 952 3486 1023 τροφίμους,
3534 951 3630 1005 καὶ
3688 950 3812 1021 μεθ’

2231 1040 2538 1110 ὑπερϐολῆς
2561 1040 2909 1113 ἀχειρώτους.
2947 1042 3135 1096 Οὑδενὶ
3159 1042 3267 1113 γὰρ
3291 1042 3486 1113 ἀφίησι
3509 1041 3620 1095 τῶν
3644 1056 3818 1112 προσ-

2231 1131 2537 1185 πιπτόντων
2582 1132 2767 1197 αὑτοίς
2805 1132 3150 1205 θορυϐεῖσθαι
3188 1132 3470 1205 λυπηρῶν,
3509 1133 3632 1187 οὑδέ
3672 1132 3814 1186 ὑπο-

2232 1222 2593 1287 σκελίζεσθαιο
2631 1223 2747 1277 ἀλλ’
2788 1223 2978 1297 ὥσπερ
3025 1228 3056 1297 ἡ
3104 1226 3278 1298 πέτρα
3322 1227 3542 1299 ὅσῳπερ
3594 1223 3661 1279 ἂν
3705 1221 3818 1277 ὑπὸ

2232 1313 2490 1368 πλειόνων
2524 1314 2753 1385 παίηται
2787 1318 3065 1387 κυμάτων,
3096 1317 3232 1387 αῦτη
3280 1316 3380 1388 μὲν
3419 1316 3817 1387 ἐκκαθαίρεται

2236 1405 2517 1476 μειζόνως,
2548 1407 2669 1461 ούδέ
2693 1406 2887 1479 μικρὸν
2912 1408 3225 1481 κινουμένη,
3246 1406 3354 1462 τῶν
3382 1408 3439 1462 δὲ
3470 1423 3819 1480 προσρηγνυ·

2197 1522 2202 1529 -
2237 1497 2411 1567 μένων
2439 1498 2577 1569 αὑτῇ
2607 1498 2698 1552 τὸν
2730 1499 2891 1567 δγκον
2920 1500 3125 1554 ὑδάτων
3158 1499 3457 1571 διαφθείρει
3498 1499 3719 1571 ῥᾳδίως,
3747 1497 3816 1551 οὐ

2232 1587 2312 1659 τῷ
2340 1588 2543 1654 παίειν,
2582 1587 2719 1643 ἀλλά
2761 1589 2841 1661 τῷ
2868 1590 3125 1645 παίεσθαι
3170 1591 3531 1661 ἀφανίζουσα’
3562 1589 3707 1644 οὕτω
3744 1588 3818 1661 δὴ

2233 1680 2327 1734 καὶ
2356 1678 2386 1732 6
2410 1679 2628 1750 δόκιμος
2653 1681 2713 1746 ἐξ
2743 1682 3022 1753 ὑπομονῆς
3050 1683 3359 1754 γενόμενος,
3395 1683 3577 1755 πάσης
3600 1680 3815 1737 ἀνώτε-

2237 1788 2327 1842 ρος
2357 1772 2587 1843 ἔστηκεν
2622 1772 2933 1844 ἐπιϐουλῆς.
2980 1774 3089 1828 Καὶ
3138 1775 3197 1830 τὸ
3239 1776 3302 1847 δή
3350 1775 3684 1846 θαυμαστὸν,
3730 1776 3819 1830 ὅτι

2240 1864 2579 1936 ἰσχυρότερος
2613 1864 2842 1931 γίνεται,
2892 1866 2953 1919 οὑ
2990 1866 3070 1937 τῷ
3104 1870 3279 1921 ποιεῖν
3314 1868 3521 1932 κακῶς,
3561 1869 3701 1923 ἀλλά
3734 1868 3821 1941 τῷ

2238 1956 2468 2027 πάσχειν
2488 1955 2672 2020 κακῶς
2685 1957 2811 2021 τοὺς
2827 1957 3113 2021 ποιοῦντας
3136 1958 3367 2013 διαλύων
3390 1960 3609 2030 ῥᾳδίως.
3627 1960 3819 2016 Ταῦτα

2234 2049 2335 2119 οὑχ
2372 2050 2448 2113 ὡς
2490 2049 2758 2120 δεομένοις
2796 2052 2924 2122 παρ’
2951 2050 3110 2121 ἡμῶν
3149 2051 3442 2123 μανθάνειν
3479 2053 3815 2108 ἐπέσταλκα*

2235 2134 2355 2193 οἶδα
2396 2140 2507 2212 γὰρ
2551 2142 2701 2210 ὑμῶν
2735 2141 2831 2213 τὴν
2866 2141 3099 2207 σύνεσιν,
3138 2144 3205 2215 ἢν
3244 2143 3334 2198 καὶ
3374 2143 3461 2198 διὰ
3500 2144 3610 2199 τῶν
3634 2145 3822 2217 ἔργων

2236 2231 2414 2285 αὐτῶν
2435 2233 2796 2299 ἐπεδείξασθε·
2827 2235 2863 2290 ά
2886 2235 2994 2308 γάρ
3021 2238 3110 2291 διά
3139 2238 3397 2310 ῥημάτων
3423 2238 3824 2310 ἐφιλοσοφήσα-

2240 2339 2338 2391 μεν
2367 2322 2462 2377 νῦν
2489 2324 2668 2395 ἡμεῖς,
2702 2326 2872 2380 ταῦτα
2898 2331 3055 2400 ὑμεῖς
3085 2330 3152 2383 δι’
3173 2326 3249 2384 ὦν
3277 2331 3508 2385 ἐπάθετε
3540 2332 3821 2405 ἀνεκηρύ-

2234 2411 2384 2477 ξατε.
2427 2414 2501 2467 Οὐ
2534 2415 2713 2471 τοίνυν
2741 2416 2818 2481 ὡς
2852 2417 3128 2490 δεομένοις
3164 2422 3456 2491 μανθάνειν
3497 2424 3627 2495 παρ’
3660 2424 3824 2495 ήμῶν

2236 2504 2409 2563 ταῦτα
2470 2507 2798 2574 ἐπέσταλκα,
2855 2511 2971 2565 ἀλλ’
3008 2513 3195 2585 ἐπειδὴ
3249 2514 3462 2585 μακρὸν
3520 2517 3822 2589 ἐσιγήσατε

2239 2596 2448 2665 χρόνον,
2480 2597 2679 2668 μᾶλλον
2722 2600 2779 2654 δὲ
2816 2606 2967 2674 κοινῇ
3003 2609 3222 2675 μακράν
3259 2606 3597 2678 ἐσιγήσαμεν
3636 2606 3821 2680 σιγήν,

2238 2686 2537 2759 ἐϐουλήθην
2592 2690 2689 2743 καὶ
2750 2691 2848 2762 τήν
2901 2695 3190 2765 ἐπιστολήν
3261 2696 3514 2766 γενέσθαι
3575 2700 3823 2771 μακράν.

2251 2775 2534 2848 ’Λθληταῖς
2557 2780 2613 2833 δὲ
2644 2781 2921 2854 ὑπομονῆς
2943 2781 3087 2839 οὑτω
3114 2789 3380 2855 γενναίοις
3410 2791 3823 2860 ἐπιστέλλοντα,

2238 2871 2366 2940 περί⁵
2390 2872 2533 2936 τίνος
2558 2874 2746 2944 ἐτέρου
2772 2875 3113 2947 διαλέγεσθαι
3143 2880 3331 2952 ἐχρῆν,
3361 2883 3394 2954 ἢ
3437 2885 3565 2956 περὶ
3588 2886 3824 2952 τούτων,

2236 2958 2302 3016 δι’
2339 2956 2413 3017 ὧν
2469 2965 2642 3031 οὑτως
2693 2968 2999 3042 ἀνεφάνητε
3052 2973 3294 3046 λαμπροὶ
3353 2978 3450 3031 καὶ
3503 2978 3824 3051 εὑδόκιμοις

2253 3055 2390 3109 Ἀλλ’
2419 3056 2539 3111 οὐδὲ
2575 3059 2807 3114 ἐνταῦθα
2842 3063 3056 3117 ἵσταται
3080 3066 3181 3137 τῆς
3211 3066 3491 3138 ἀθλήσεως
3518 3071 3547 3123 6
3583 3073 3824 3144 καρπὸς,

2238 3146 2375 3200 ἀλλά
2414 3147 2628 3217 πρόεισι
2656 3150 2962 3223 περαιτέρω
2986 3153 3186 3224 βρύων.
3232 3157 3293 3211 Ἠ
3314 3157 3421 3231 γὰρ
3449 3158 3688 3231 δοκιμὴ,
3721 3181 3829 3235 φη-

2241 3238 2345 3301 σὶν,
2363 3236 2587 3290 ἐλπίδα
2605 3239 2806 3295 τίκτει’
2843 3241 3033 3296 ἐλπίδα
3054 3245 3270 3311 πάντως
3296 3250 3387 3303 ἐπὶ
3424 3250 3531 3304 τῶν
3562 3257 3827 3325 πραγμά-

2239 3344 2347 3381 των
2385 3329 2782 3404 ἐκϐησομένην,
2818 3334 2879 3387 ού
2908 3335 3048 3390 κατά
3080 3338 3179 3408 τήν
3215 3339 3561 3414 ἀνθρωπίνην
3592 3347 3824 3418 ταύτην,

2240 3421 2274 3491 ή
2334 3423 2698 3477 κατατείνασα
2762 3425 3021 3492 πολλάκις
3086 3434 3199 3496 τοῖς
3263 3434 3448 3499 πόνοις
3505 3438 3634 3503 τοὺς
3686 3443 3829 3512 πρὸς

2240 3515 2405 3586 αὑτὴν
2426 3518 2743 3588 κεχηνότας,
2766 3521 2865 3574 οὑκ
2890 3521 3076 3593 ίσχυσε
3102 3527 3228 3590 τοὺς
3248 3530 3493 3599 καρποὺς
3524 3532 3828 3589 ἀποδοῦναι

2239 3608 2349 3662 τῶν
2406 3607 2583 3662 πόνων
2634 3611 2835 3677 αὐτοῖς,
2897 3613 3033 3668 ἀλλὰ
3098 3618 3236 3687 μετὰ
3292 3619 3392 3691 τῆς
3448 3622 3672 3694 ζημίας,
3737 3626 3837 3680 καὶ

2242 3712 2473 3782 αἰσχύνῃ
2504 3712 2601 3764 καὶ
2626 3713 2887 3778 κινδύνοις
2928 3717 3125 3782 αὐτοὺς
3158 3721 3500 3791 περιέϐαλεν.
3548 3725 3684 3780 Ἀλλ’
3724 3729 3830 3783 οὐκ

2243 3812 2380 3883 αὑτὴ
2434 3812 2679 3886 τοιαύτη,
2734 3814 2919 3886 ἐπειδὴ
2972 3818 3091 3872 οὑδὲ
3142 3818 3474 3896 ἀνθρωπίνη.
3530 3826 3707 3898 Ὅπερ
3746 3831 3830 3883 ἐνί

2246 3909 2396 3984 [655]
2429 3912 2635 3985 ῥήματι
2672 3913 2848 3985 δηλῶν
2901 3917 2930 3968 ὁ
2968 3919 3178 3985 Παῦλος
3212 3920 3415 3992 ἔλεγεν·
3460 3926 3619 3981 Ἡδὲ
3648 3929 3831 3999 ἐλπίς

2243 4014 2314 4065 οὺ
2346 4013 2753 4082 καταισχύνει.
2790 4015 2865 4068 Οὑ
2901 4014 3009 4088 γάρ
3030 4018 3093 4087 δὴ
3134 4021 3292 4090 μόνον
3322 4024 3382 4075 οὐ
3416 4024 3605 4096 ζημιοῖ
3636 4027 3729 4082 τὸν
3760 4032 3831 4085 τά

2244 4111 2466 4166 τοιαῦτα
2490 4111 2908 4184 ἀγωνιζόμενον,
2933 4116 3053 4170 οὑδὲ
3078 4120 3139 4171 οὑ
3169 4121 3330 4190 μόνον
3360 4123 3421 4176 οὑ
3449 4129 3828 4199 καταισχύνει,

2246 4214 2380 4268 ἀλλά
2418 4215 2512 4269 καὶ
2537 4215 2717 4287 πολλῷ
2744 4211 2964 4270 πλείονα
2995 4219 3089 4272 καὶ
3122 4219 3350 4274 πλοῦτον
3371 4224 3464 4276 καὶ
3488 4225 3648 4290 δόξαν
3678 4233 3833 4305 αὑτῷ

2244 4316 2352 4369 τῶν
2377 4316 2554 4368 πόνων
2575 4317 2669 4369 καὶ
2692 4315 2800 4369 τῶν
2825 4317 3062 4388 ἱδρώτων
3090 4319 3309 4392 ἔρχεται
3334 4321 3596 4397 φέρουσα.
3624 4332 3830 4389 Τοιαύ-

2242 4432 2309 4484 τη
2349 4415 2457 4484 γάρ
2503 4417 2535 4485 ή
2574 4416 2902 4489 χαριζομένη
2952 4420 3071 4491 χεὶρ
3111 4423 3317 4479 τούτων
3365 4428 3475 4482 τῶν
3504 4432 3686 4488 πόνων
3727 4438 3831 4502 τάς

2243 4510 2496 4579 ἀμοιϐάς.
2525 4512 2567 4564 Τ
2571 4514 2675 4582 άχα
2705 4514 3049 4587 ὑπερέϐημεν
3076 4519 3137 4572 τὸ
3159 4522 3356 4594 μέτρον
3380 4528 3482 4597 τῆς
3509 4530 3827 4606 ἐπιστολῆς,

2244 4610 2358 4661 ἀλλ’
2381 4611 2441 4662 οὐ
2466 4613 2594 4681 παρ’
2618 4611 2743 4681 ὑμῖν
2770 4614 2881 4675 τοῖς
2905 4614 3047 4669 οὑτω
3078 4620 3327 4693 σφοδροῖς
3349 4626 3507 4695 ήμῶν
3536 4632 3826 4699 ἐρασταῖς.

2244 4712 2319 4763 Οὐ
2386 4712 2511 4781 γάρ
2552 4713 2974 4784 ἐπιστολιμαίων
3045 4725 3388 4792 γραμμάτων
3446 4729 3619 4801 νόμῳ,
3692 4734 3830 4791 ἀλλὰ

2243 4813 2428 4883 θεσμῷ
2480 4814 2661 4882 φιλίας
2707 4818 2775 4871 τά
2820 4818 3043 4873 τοιαῦτα
3082 4823 3374 4893 κρίνοντες,
3413 4824 3473 4882 εὖ
3492 4826 3700 4889 οἷδ’ὄτι
3732 4838 3832 4895 καὶ

2245 4912 2504 4985 βραχεῖαν
2534 4912 2670 4970 εἶναι
2691 4916 2895 4989 ταύτην
2917 4919 3185 4992 ἡγήσεσθε
3214 4924 3311 4996 τήν
3331 4926 3644 5003 ἐπιστολήν.
3688 4936 3831 4991 Ἀλλ’

2242 5016 2390 5085 ὅμως
2420 5018 2467 5068 εί
2502 5017 2597 5071 καὶ
2634 5016 2861 5088 βραχεῖα
2902 5020 3029 5090 ὑμῖν
3063 5018 3200 5079 εἶναι
3231 5026 3400 5093 δοκεῖ,
3438 5030 3500 5083 οὐ
3540 5033 3833 5108 παύσομαι

2245 5117 2337 5171 καὶ
2354 5118 2555 5189 ταύτης
2575 5120 2819 5173 ἀπαιτῶν
2839 5123 2980 5192 ὑμᾶς
2993 5127 3120 5191 τοὺς
3138 5128 3382 5198 μισθοὺς,
3394 5132 3454 5186 οὐ
3470 5134 3532 5188 τὸ
3547 5136 3835 5206 φιλεῖσθαι

2246 5218 2375 5289 παρ’
2394 5219 2567 5289 ὑμῶν·
2598 5220 2659 5272 οὑ
2683 5219 2792 5291 γὰρ
2815 5221 2991 5277 δεῖσθε
3012 5226 3091 5289 είς
3112 5226 3269 5281 τοῦτο
3284 5228 3379 5283 τοῦ
3400 5232 3827 5305 ἀπαιτήσοντος,

2244 5318 2453 5373 οἴκοθεν
2502 5318 2634 5373 αὐτὸ
2678 5322 2814 5391 μετά
2875 5325 3077 5395 πολλῆς
3118 5328 3203 5381 ἀεὶ
3254 5326 3356 5399 τῆς
3397 5330 3679 5401 δαψιλείας
3733 5342 3832 5393 καὶ

2245 5417 2627 5483 κατατιθέντες
2674 5422 2766 5474 καὶ
2822 5423 3147 5491 ὀφείλοντες·
3202 5428 3323 5481 οὐδὲ
3375 5430 3436 5483 τὸ
3490 5433 3829 5509 ἀντιγράψαι

2247 5518 2397 5586 ἡμῖν·
2426 5510 2543 5571 οἴδα
2575 5520 2683 5591 γὰρ
2705 5520 2787 5573 ὅτι
2815 5522 2936 5576 οὐδὲ
2966 5525 3047 5588 είς
3076 5525 3449 5600 τοῦτοηέτέρου
3496 5533 3643 5597 τινὸς
3695 5538 3829 5608 ὑμῖν

2244 5616 2325 5668 δεῖ
2361 5615 2455 5668 τοῦ
2488 5617 2889 5689 ἀναμνήσοντος
2931 5622 3094 5693 ὑμᾶς·
3130 5624 3267 5678 ἀλλὰ
3295 5626 3378 5691 τίς
3414 5630 3444 5682 6
3487 5631 3710 5701 μισθός;
3752 5638 3829 5691 Τὸ

2247 5712 2405 5782 δῆλον
2443 5716 2575 5785 ἡμῖν
2622 5718 2862 5792 ποιῆσαι,
2906 5722 2987 5777 ὅτι
3029 5724 3308 5793 σκιρτᾶτε,
3352 5726 3433 5779 δτι
3474 5729 3693 5803 χαίρετε
3730 5734 3829 5788 καὶ
