4078 6428
241 534 581 608 exploratum
610 539 714 588 est.
737 530 816 586 Ac
834 529 1021 586 literas
1040 525 1256 600 quidem
1279 525 1494 583 assidue
1508 524 1576 580 ad
1597 539 1692 579 vos
1713 522 1842 579 dare

241 643 497 698 cuperem
529 644 543 682 :
574 641 758 682 verum
799 623 1102 679 Isaurorum
1142 628 1318 676 metus
1338 619 1443 675 viis
1461 618 1714 674 omnibus
1754 615 1840 671 in-

245 719 494 774 terclusis
519 732 627 773 non
657 730 746 770 me
772 714 1008 770 nancisci
1035 714 1196 779 sinit,
1245 711 1337 782 qui
1359 710 1426 766 ad
1457 725 1578 767 eam
1603 723 1719 765 rem
1747 722 1844 763 no-

243 809 324 865 bis
370 808 742 863 administram
785 821 1004 877 operam
1053 804 1350 876 praebeant.
1395 801 1618 870 Quoties
1659 808 1840 855 autem

241 900 479 956 nancisci
507 913 793 969 possumus
810 938 826 966 ,
855 898 1092 952 debitam
1118 895 1270 951 vobis
1297 892 1675 949 salutationem
1707 905 1840 961 pen-

238 978 442 1057 dimu's,
494 1005 592 1044 vos
620 1005 720 1061 pro
747 1000 934 1045 nostro
955 1003 1106 1045 more
1133 987 1508 1055 admonentes,
1535 1000 1606 1042 ne
1631 984 1702 1040 ob
1724 999 1837 1040 cre-

241 1082 364 1137 bras
384 1080 483 1137 has
505 1089 560 1137 et
573 1083 859 1136 continuas
880 1080 1206 1140 tentationes
1225 1080 1390 1135 animi
1410 1078 1574 1135 vestri
1596 1091 1840 1132 commo-

240 1183 468 1228 veantur
509 1189 574 1229 ac
616 1175 1019 1244 perturbentur.
1065 1173 1199 1231 Nam
1241 1189 1366 1230 cum
1417 1180 1746 1229 mercatores
1787 1179 1843 1226 et

239 1277 416 1322 nauta:
458 1267 772 1338 exiguarum
820 1267 1084 1324 mercium
1121 1282 1282 1324 causa
1328 1277 1437 1322 tam
1480 1266 1638 1336 longa
1673 1265 1840 1320 maria

240 1355 540 1424 trajiciant,
573 1343 637 1412 ac
664 1365 739 1411 tot
768 1355 964 1413 ﬂuctus
991 1357 1260 1427 intrepido
1285 1357 1468 1412 animo
1488 1351 1706 1419 adeant,
1735 1354 1838 1407 mi-

239 1446 470 1518 litesque
497 1450 673 1520 exigui
702 1449 955 1521 stipendii
982 1464 1143 1505 causa
1166 1451 1327 1505 vitam
1354 1449 1525 1520 ipsam
1547 1462 1648 1519 pro
1668 1447 1840 1501 nihilo

238 1536 471 1607 ducant,
501 1554 567 1595 ac
593 1540 720 1594 dum
747 1539 880 1596 lucis
910 1540 1068 1611 hujus
1096 1555 1258 1596 usura
1289 1540 1568 1604 fruuntur,
1587 1550 1841 1609 persaepe

241 1636 294 1682 et
320 1627 464 1686 fame
489 1631 882 1700 conﬂictentur,
915 1642 970 1688 et
995 1632 1201 1702 magnis
1240 1630 1520 1687 itineribus
1553 1638 1836 1695 vexentur,

243 1731 610 1793 perpetuoque
633 1722 686 1777 in
712 1723 916 1778 exteris
941 1722 1253 1793 regionibus
1281 1721 1497 1793 degant,
1529 1729 1651 1792 post
1675 1721 1838 1776 etiam

241 1814 446 1868 nullum
473 1814 598 1870 hinc
618 1815 701 1870 vel
729 1820 978 1885 exiguum
1007 1816 1091 1871 vel
1119 1829 1370 1886 magnum
1402 1811 1635 1868 fructum
1658 1825 1842 1868 conse-

240 1905 427 1974 qunti,
485 1919 676 1976 magna
720 1920 788 1961 ex
830 1915 985 1976 parte
1027 1915 1404 1976 praematuram
1447 1913 1512 1960 ac
1548 1904 1838 1959 violentam

239 2007 471 2052 mortem
509 2005 769 2068 oppetant
801 2017 814 2053 :
847 2013 968 2055 cum
1016 2000 1231 2055 caeleste
1273 1998 1552 2069 praemium
1582 1998 1838 2068 preponi-

240 2096 350 2154 tur,
377 2101 441 2142 ac
461 2097 584 2158 post
609 2098 838 2145 mortem
859 2090 1033 2160 major
1054 2090 1331 2160 multoque
1354 2087 1636 2145 sublimior
1659 2103 1841 2144 remu-

240 2181 446 2234 neratio
463 2219 480 2246 ,
503 2195 662 2252 quam
689 2182 901 2238 tandem
929 2185 1137 2239 veniam
1160 2183 1510 2249 obtinebunt,
1539 2184 1628 2255 qui
1661 2185 1834 2240 molli-

239 2269 313 2326 tie
335 2279 498 2341 atque
525 2272 729 2342 ignavia
758 2285 992 2345 torpent,
1023 2290 1085 2331 ac
1113 2291 1217 2332 non
1250 2275 1420 2346 ipsam
1441 2292 1653 2347 quoque
1675 2277 1836 2332 vitam

237 2369 594 2418 cmitemnunt
615 2378 680 2419 ac
706 2379 805 2434 pro
831 2365 998 2421 nihilo
1037 2367 1268 2436 putant?
1297 2367 1423 2422 llzec
1466 2367 1627 2438 igitur
1660 2368 1839 2422 omnia

238 2459 417 2508 tecum
444 2455 827 2525 considerans,
857 2457 1095 2528 illudque
1121 2459 1249 2515 item
1269 2501 1284 2524 ,
1318 2474 1406 2515 res
1435 2470 1730 2530 prmsentes
1759 2461 1842 2514 ni-

240 2544 316 2599 hil
339 2560 370 2600 ι
400 2546 549 2602 fumo
574 2558 630 2603 et
655 2550 936 2605 insomniis
955 2550 1203 2618 diﬂ'erre,
1233 2551 1623 2624 ﬂorentemque
1666 2554 1842 2609 homi-

237 2649 368 2689 num
398 2644 596 2692 statum
621 2640 805 2696 vernis
833 2639 974 2696 foliis
998 2683 1014 2707 ,
1058 2658 1180 2713 qua
1207 2643 1368 2698 simul
1408 2652 1568 2715 atque
1596 2646 1842 2701 oriuntur

239 2725 423 2780 statim
469 2740 832 2796 exarescunt,
875 2732 1042 2788 nihilo
1087 2735 1519 2805 praestantiorem
1564 2752 1721 2804 esse,
1769 2739 1836 2793 da

239 2829 459 2885 operam
484 2859 502 2886 ,
544 2829 602 2873 ut
640 2821 890 2876 omnibus
915 2823 1217 2893 hujusmodi
1249 2828 1368 2882 telis
1410 2829 1744 2898 superiorem
1786 2838 1839 2884 te

239 2908 499 2978 praebeas.
534 2910 682 2968 Licet
707 2912 851 2968 enim
873 2954 888 2977 ,
938 2915 984 2969 si
1024 2916 1185 2972 modo
1214 2919 1382 2985 velis,
1425 2920 1594 2989 ipsam
1627 2935 1839 2991 queque

237 2998 364 3054 vitae
403 3014 653 3071 pompam
699 3012 1046 3062 contemnere
1079 3021 1143 3062 ac
1183 3011 1511 3078 proculcare.
1554 3010 1732 3067 Unum
1785 3013 1837 3066 id

240 3102 423 3160 specta
443 3133 459 3157 ,
498 3108 731 3163 quonam
769 3107 926 3165 pacto
951 3113 1145 3170 magno
1168 3115 1288 3155 cum
1315 3101 1495 3157 studio
1519 3116 1583 3158 ac
1607 3102 1837 3174 diligen-

240 3181 312 3235 tia
358 3181 500 3239 viam
541 3194 783 3250 arctam,
837 3203 957 3257 qua:
1003 3190 1069 3245 ad
1110 3190 1301 3247 caelum
1345 3191 1523 3260 vehit,
1570 3194 1838 3251 conﬁcere

237 3286 425 3343 queas.

238 3405 398 3462 CVII
409 3449 421 3460 .
452 3407 624 3479 Casta,
665 3411 866 3468 Valerio
886 3455 903 3480 ,
929 3415 1242 3486 Diopltanto,
1275 3429 1322 3472 et
1347 3420 1562 3491 συνεαεο
1585 3465 1600 3489 ,
1630 3425 1839 3496 presby-

631 3507 768 3561 teris.
811 3507 1053 3578 (Cucuso
1094 3525 1237 3567 anno
1272 3512 1444 3584 405.)

307 3636 466 3705 Quod
496 3653 628 3693 auro
648 3679 662 3705 ,
707 3654 827 3695 cum
859 3642 966 3712 igni
997 3659 1140 3714 saepe
1168 3646 1446 3717 probatur,
1482 3651 1698 3716 accidit,
1735 3652 1838 3709 hoc

236 3728 402 3783 etiam
427 3731 606 3784 aureis
633 3731 827 3788 animis
856 3748 886 3786 a
915 3735 1302 3793 tentationibus
1330 3741 1550 3797 evenire
1576 3743 1736 3800 solet.
1769 3744 1838 3801 Ut

234 3819 382 3874 enim
414 3819 645 3876 flamma:
675 3833 864 3878 natura
893 3826 1173 3882 materiam
1206 3829 1351 3884 illam
1380 3869 1394 3896 ,
1428 3845 1550 3887 cum
1582 3833 1837 3904 quamdiu

234 3911 370 3966 artis
393 3911 479 3966 lex
505 3914 767 3983 permittit
792 3930 914 3971 eum
944 3933 1006 3972 ea
1037 3928 1285 3976 versatur
1303 3962 1320 3989 ,
1350 3922 1508 3994 longe
1537 3925 1834 3995 splendidi-

235 4017 387 4057 orem
418 4018 481 4060 ac
511 4006 781 4073 puriorem
813 4009 990 4065 reddit
1023 4028 1038 4065 :
1068 4011 1260 4068 eodem
1289 4015 1449 4070 modo
1480 4016 1834 4088 frequentium

237 4096 591 4151 tentationum
622 4097 806 4154 fornax
840 4099 1087 4158 homines
1122 4119 1246 4171 eos,
1278 4107 1366 4176 qui
1409 4119 1592 4164 mente
1622 4109 1689 4165 ad
1720 4113 1837 4166 auri

233 4189 640 4246 similitudinem
676 4194 957 4260 accedunt,
981 4211 1115 4251 aure
1129 4200 1319 4269 quovis
1353 4201 1744 4270 splendidiores
1773 4218 1838 4260 ac

237 4282 395 4354 longe
418 4287 819 4354 prmstantiores
836 4287 1019 4344 efﬁcit.
1039 4288 1119 4345 Ob
1139 4306 1366 4362 eamque
1386 4308 1622 4360 causam,
1649 4311 1838 4366 quam-

232 4376 316 4432 vis
338 4386 445 4431 tam
471 4377 627 4448 longe
647 4397 675 4432 a
703 4380 854 4435 vobis
873 4381 1102 4451 sejuncti
1125 4384 1310 4451 simus,
1338 4401 1433 4442 vos
1451 4397 1626 4444 tamen
1646 4390 1834 4446 beatos

233 4467 535 4536 pra-dicare
565 4485 850 4539 numquam
883 4471 1199 4529 desinimus.
1234 4475 1396 4532 Scitis
1425 4479 1570 4534 enim
1596 4522 1610 4543 .
1643 4483 1792 4537 scitis
1814 4524 1830 4548 ,

234 4557 453 4627 inquam
474 4600 489 4625 ,
523 4561 841 4630 pchpieue,
875 4573 1131 4632 quantum
1173 4565 1479 4637 hujusmodi
1521 4571 1832 4626 insidiarum

237 4646 444 4704 lucrum
476 4650 580 4717 sit,
607 4660 766 4721 atque
809 4653 968 4724 hujus
1008 4656 1130 4710 vita:
1175 4661 1584 4728 prOSperitatem
1628 4666 1828 4720 nudum

231 4739 511 4796 dumtaxat
539 4751 594 4796 et
619 4743 775 4799 inane
807 4747 1122 4802 vocabulum
1151 4764 1212 4804 ac
1238 4766 1295 4806 re
1322 4767 1547 4807 vacuum
1576 4770 1714 4820 esse,
1743 4757 1824 4811 fu-

232 4843 350 4888 tura
376 4843 556 4890 autem
588 4835 754 4900 bona,
791 4837 969 4906 ﬁrma,
1003 4841 1235 4907 stabilia,
1268 4854 1411 4899 certa
1435 4887 1449 4909 ,
1482 4847 1826 4906 immortalia.

229 4924 340 4980 Nec
368 4939 498 4979 vero
523 4925 624 4980 hoc
650 4927 927 4982 dumtaxat
956 4930 1257 4987 admirandi
1289 4935 1459 4991 virtus
1487 4937 1668 5004 habet,
1687 4941 1829 5010 quod

231 5018 348 5071 haec
377 5017 535 5072 nobis
562 5019 780 5087 prtemia
812 5021 1098 5089 conciliat,
1127 5040 1310 5080 verum
1342 5028 1502 5082 etiam
1534 5031 1675 5100 quod
1705 5041 1832 5087 ante

230 5111 575 5178 praemiorum
609 5119 818 5181 tempus
849 5113 1015 5184 ipsius
1054 5119 1344 5174 certamina
1373 5122 1716 5190 prtemiorum
1748 5140 1832 5179 ra-

227 5205 431 5257 tionem
463 5200 665 5257 habent
686 5244 701 5268 ,
733 5213 894 5273 atque
924 5205 1038 5276 ipsa
1068 5222 1174 5262 non
1206 5211 1368 5266 modo
1398 5213 1576 5268 soluto
1621 5215 1830 5272 theatro

228 5293 523 5348 victoribus
552 5293 781 5361 palmam
810 5294 1000 5363 affert,
1038 5299 1133 5354 sed
1172 5301 1332 5356 etiam
1366 5304 1422 5358 in
1461 5306 1636 5361 media
1667 5322 1827 5363 arena

229 5384 518 5453 praeclaras
543 5384 758 5441 athletis
784 5402 1012 5445 coronas
1042 5391 1228 5447 nectit.
1261 5394 1342 5450 Ae
1374 5398 1599 5465 proinde
1629 5399 1827 5456 Paulus

229 5493 444 5547 quoque
472 5493 578 5532 non
605 5479 675 5532 ob
702 5479 1064 5537 calamitatum
1093 5487 1312 5556 praemia
1333 5489 1609 5546 dumtaxat
1633 5493 1829 5563 gaudet

227 5584 290 5623 ac
315 5569 550 5636 laetatur,
583 5586 772 5627 verum
799 5574 962 5630 etiam
989 5578 1059 5632 ob
1085 5578 1230 5649 ipsas
1254 5596 1468 5652 quoque
1493 5586 1826 5642 calamitates

226 5659 520 5730 gloriatur,
553 5661 638 5718 bis
661 5667 842 5721 verbis
871 5677 1027 5722 utens
1074 5687 1086 5722 :
1143 5669 1266 5724 Non
1296 5673 1461 5726 solum
1493 5685 1661 5728 autem
1690 5719 1705 5733 .
1736 5678 1827 5730 sed

226 5764 275 5810 et
301 5756 584 5828 gloriamur
599 5759 654 5811 in
673 5761 1082 5818 tribulationibus
1104 5763 1279 5836 (Rom.
1316 5769 1369 5824 5.
1392 5769 1424 5824 5
1448 5768 1494 5839 ).
1525 5769 1602 5825 Ac
1629 5769 1826 5827 deinde

229 5853 570 5920 ﬂuuiorum
591 5868 800 5920 eorum,
824 5871 943 5925 quae
967 5873 1032 5912 cx
1055 5859 1358 5919 calamitate
1379 5872 1554 5919 ortum
1581 5863 1820 5933 trahunt,

550 5954 827 6015 ParnOL.
874 5953 991 6015 Gn.
1043 5957 1166 6020 Lll.

1710 401 2100 468 EPIS'I'OLJB.

3459 391 3565 449 666

1954 519 2150 576 seriem
2179 525 2542 584 enumerans,
2571 512 2650 569 ait
2689 527 2706 566 :
2749 508 3037 566 Tributatto
3062 505 3360 578 patientiam
3391 508 3565 577 parit;

1957 613 2131 678 liauc,
2164 611 2382 680 inquam
2403 649 2420 674 ,
2451 607 2717 662 bonorum
2752 609 2982 659 matrem
3007 641 3024 669 ,
3050 607 3266 671 portum
3310 598 3563 656 ﬂuctibus

1950 717 2179 760 vacuum
2205 741 2223 770 ,
2273 698 2614 770 tranquillam
2665 695 2857 761 vitam,
2908 706 3046 763 rupe
3091 691 3406 758 fortiorem,
3462 691 3561 746 ad-

1949 803 2166 849 amante
2216 791 2535 857 firmiorem,
2566 785 2846 860 quibusvis
2891 785 3062 840 armis
3094 781 3469 846 valentiorem,
3499 796 3560 836 ac

1950 885 2220 942 moenibus
2263 883 2555 939 tutiorem.
2611 879 2742 935 Haec
2785 886 2968 933 autem
3014 875 3267 932 omnibus
3320 875 3562 930 numeris

1951 978 2184 1046 perfecta
2205 983 2261 1031 et
2284 973 2531 1030 absoluta
2555 971 2803 1027 alumnos
2832 981 2964 1025 suos
2987 967 3247 1039 probatos
3298 974 3354 1020 et
3392 979 3556 1035 gene-

1949 1084 2102 1124 rosos
2120 1078 2283 1138 atque
2310 1065 2681 1122 incredibilem
2707 1061 2994 1135 quemdam
3017 1061 3070 1116 in
3094 1059 3312 1115 modum
3331 1059 3559 1116 invictos

1955 1159 2152 1216 reddit.
2178 1158 2354 1215 Nullis
2393 1158 2542 1214 enim
2567 1154 2854 1220 molestiis,
2883 1168 3004 1224 qua:
3029 1151 3257 1208 subinde
3278 1150 3385 1207 illis
3410 1151 3557 1206 acci-

1948 1251 2102 1318 dunt,
2125 1251 2273 1322 ipsos
2291 1246 2598 1320 perturbari
2619 1260 2685 1302 ac
2708 1246 2866 1316 dejici
2887 1245 3018 1301 sinit
3042 1260 3057 1297 :
3081 1258 3268 1299 verum
3294 1243 3526 1314 quemad
3540 1272 3557 1282 -

1948 1342 2169 1397 modum
2190 1355 2374 1412 rupes,
2406 1354 2515 1411 quo
2540 1338 2784 1410 pluribus
2805 1337 3059 1393 ﬂuctibus
3085 1336 3416 1403 verberatur,
3443 1333 3558 1406 ipsa

1947 1432 2162 1503 quidem
2185 1432 2375 1503 purior
2401 1430 2653 1498 efficitur,
2677 1444 2742 1486 ac
2768 1445 2837 1486 ne
2864 1428 3129 1484 tantillum
3156 1427 3374 1499 quidem
3401 1443 3556 1484 emo-

1947 1533 2120 1591 vetur,
2143 1538 2405 1595 aquarum
2432 1531 2633 1590 autem,
2666 1537 2787 1594 quae
2816 1521 2918 1592 ipsi
2943 1520 3258 1586 alliduntur,
3287 1528 3554 1574 tumorem

1946 1615 2096 1671 nullo
2117 1614 2334 1685 negetio
2360 1613 2588 1683 dissipat
2625 1627 2690 1668 ac
2716 1613 2885 1680 delet,
2937 1627 3043 1666 non
3084 1612 3197 1682 jam
3227 1613 3556 1683 percutiens,

1945 1706 2038 1761 sed
2062 1719 2363 1777 percussa:
2410 1704 2606 1761 eodem
2653 1704 2859 1761 scilicet
2904 1703 3067 1759 modo
3111 1705 3157 1759 is
3210 1719 3423 1776 quoque
3467 1706 3558 1774 qui

1948 1798 2203 1869 patientia
2247 1798 2560 1870 exploratus
2595 1805 2700 1864 est,
2747 1795 2972 1852 insidias
3033 1810 3226 1851 omnes
3275 1806 3494 1865 superat
3541 1812 3555 1850 :

1947 1891 2197 1964 quodque
2237 1891 2545 1949 mirandum
2585 1899 2693 1960 est,
2725 1890 2844 1962 plus
2887 1889 3101 1945 roboris
3158 1888 3283 1944 hinc
3334 1888 3556 1959 colligit,

1948 2003 2054 2041 non
2087 1986 2402 2054 inferendis,
2449 1985 2544 2042 sed
2576 1983 2942 2056 perpetiendis
2972 1984 3146 2048 malis,
3176 1997 3273 2038 eos
3295 1983 3386 2054 qui
3418 1982 3556 2038 infe-

1948 2089 2073 2135 runt
2111 2080 2246 2134 mira
2276 2079 2530 2135 facilitate
2565 2077 2823 2150 frangens
2852 2092 2915 2133 ac
2942 2077 3268 2132 dissolvens.
3302 2075 3430 2131 Haec
3453 2091 3557 2131 non

1945 2186 2013 2226 co
2042 2171 2255 2241 scripsi,
2288 2170 2432 2242 quod
2461 2171 2561 2226 hac
2600 2171 2657 2225 in
2709 2184 2770 2226 re
2808 2184 2896 2224 mc
2943 2169 3201 2240 magistro
3228 2182 3366 2239 opus
3393 2167 3557 2223 habe-

1946 2268 2113 2330 retis;
2149 2265 2281 2319 mibi
2342 2265 2487 2319 enim
2543 2262 2822 2335 prudentia
2873 2271 3053 2318 vestra
3117 2260 3392 2331 explorata
3443 2269 3556 2324 est,

1945 2357 2145 2427 quippe
2172 2371 2334 2426 quam
2364 2354 2679 2424 rebusipsis
2709 2363 2958 2410 testatam
2984 2351 3224 2408 feceritis
3255 2367 3411 2405 :nam
3438 2367 3558 2420 qttzu

1949 2463 2048 2504 nos
2094 2463 2349 2504 sermone
2380 2461 2523 2502 nunc
2556 2447 2860 2511 docuimus,
2904 2445 3021 2500 haec
3070 2445 3171 2515 ipsi
3224 2443 3557 2514 perferendis

1947 2539 2340 2595 calamitatibus
2368 2539 2724 2610 praedicastis.
2749 2537 3112 2606 Quamobrem
3151 2552 3258 2591 non
3299 2536 3440 2607 quod
3472 2549 3559 2588 me

1945 2633 2205 2705 magistro
2221 2649 2357 2703 opus
2382 2633 2653 2689 haberetis
2670 2674 2687 2700 ,
2716 2631 2832 2686 hmc
2851 2616 3078 2700 scripsi,
3093 2646 3281 2697 verum
3303 2631 3556 2701 quoniam

1944 2726 2198 2781 diuturno
2219 2735 2462 2796 tempore
2489 2725 2734 2791 siluistis,
2761 2725 2870 2791 vel,
2894 2733 2953 2778 ut
2978 2726 3178 2779 rectius
3199 2725 3394 2786 dicam,
3419 2723 3556 2778 utri-

1943 2832 2049 2888 que
2079 2817 2335 2872 diuturno
2360 2817 2580 2873 silentio
2611 2817 2692 2872 usi
2720 2831 2928 2881 sumus,
2960 2815 3159 2871 idcirco
3187 2816 3428 2886 longiore
3459 2815 3560 2869 hac

1944 2909 2171 2978 epistola
2197 2910 2272 2962 nti
2304 2908 2476 2963 libuit.
2501 2908 2671 2963 Porro
2691 2923 2812 2963 cum
2841 2908 2909 2963 ad
2949 2917 3056 2962 tam
3103 2907 3274 2963 fortes
3315 2921 3379 2963 ac
3421 2917 3561 2963 stre-

1945 3015 2081 3055 nuos
2103 2999 2372 3071 patientia:
2396 3001 2602 3071 pugiles
2628 3003 2946 3068 scriberem,
2977 3001 3046 3056 de
3073 3016 3178 3071 qua
3215 3001 3428 3056 tandem
3453 3001 3557 3055 alia

1944 3107 2002 3146 re
2029 3091 2190 3146 verba
2213 3090 2390 3148 facere
2415 3092 2720 3162 Oportebat,
2746 3106 2906 3162 quam
2932 3092 3000 3148 de
3031 3090 3136 3158 his,
3164 3091 3235 3147 ob
3263 3106 3396 3162 quas
3437 3101 3560 3146 tan-

1946 3191 2132 3252 topere
2155 3183 2288 3238 clari
2324 3197 2388 3237 ac
2409 3183 2655 3238 celebres
2679 3185 3005 3239 exstitistis?
3034 3186 3111 3238 Ac
3140 3198 3207 3239 ne
3233 3183 3319 3237 hic
3339 3183 3559 3254 quidem

1944 3275 2303 3330 dimicationis
2335 3274 2539 3330 fructus
2559 3274 2845 3341 subsistit;
2874 3291 3060 3331 verum
3102 3275 3312 3345 longius
3333 3290 3558 3346 progre-

1942 3368 2089 3423 ditur
2106 3383 2171 3424 ac
2201 3368 2444 3424 scaturit.
2475 3366 2722 3422 Probatio
2760 3369 2929 3436 enim,
2973 3368 3168 3438 inquit,
3223 3383 3366 3439 spem
3423 3368 3560 3438 parit

1942 3464 1962 3532 (
1985 3463 2132 3518 Rom.
2166 3462 2222 3518 5.
2251 3462 2320 3532 4)
2347 3480 2360 3515 :
2389 3471 2443 3516 et
2481 3461 2698 3532 quidem
2727 3475 2878 3532 spem
2905 3462 3082 3532 reipsa
3131 3461 3353 3517 omnino
3383 3475 3552 3516 even-

1945 3563 2137 3621 turam,
2171 3568 2277 3609 non
2303 3562 2483 3609 autem
2508 3553 2633 3607 huic
2669 3553 2918 3608 humana:
2948 3552 3179 3608 similem
3197 3595 3210 3617 ,
3238 3567 3358 3624 quae
3379 3567 3555 3622 saepe-

1942 3663 2208 3715 numero,
2250 3657 2532 3717 postquam
2559 3646 2833 3702 laboribus
2872 3645 3140 3701 divexarit
3181 3659 3277 3700 eos
3319 3646 3412 3715 qui
3454 3645 3555 3714 ipsi

1943 3738 2184 3807 inhiant,
2212 3738 2457 3794 laborum
2489 3737 2696 3794 fructus
2726 3738 2805 3792 eis
2834 3737 3064 3793 reddere
3097 3736 3326 3808 nequit,
3359 3752 3550 3793 verum

1943 3840 2139 3901 prmter
2162 3829 2542 3885 detrimentum
2572 3843 2667 3885 eos
2682 3829 2843 3883 etiam
2873 3829 2924 3883 in
2949 3828 3298 3899 ignominiam
3330 3836 3383 3882 et
3405 3827 3552 3898 peri-

1942 3925 2121 3979 culum
2151 3922 2392 3992 conjicit.
2426 3923 2496 3976 At
2525 3921 2643 3976 haec
2683 3935 2791 3976 non
2821 3919 3089 3991 ejusmodi
3127 3929 3212 3976 cst
3251 3935 3268 3972 :
3308 3918 3554 3990 quando-

1941 4016 2158 4087 quidem
2183 4030 2283 4070 nec
2301 4017 2414 4085 ipsa
2433 4016 2667 4071 humana
2689 4021 2791 4071 est.
2817 4012 2874 4068 Id
2895 4013 3036 4084 quod
3057 4028 3168 4068 uno
3189 4012 3358 4068 verbo
3378 4011 3557 4068 decla-

1943 4109 2298 4175 ransPaulus,
2319 4109 2401 4164 bis
2421 4108 2601 4164 verbis
2631 4107 2887 4163 utebatur
2910 4125 2923 4162 :
2945 4107 3076 4178 Spes
3102 4116 3274 4160 autem
3293 4123 3394 4160 non
3423 4122 3549 4159 con-

1943 4202 2114 4274 fundit
2136 4199 2345 4272 (Ibid.).
2375 4199 2561 4272 Neque
2599 4201 2744 4256 enim
2774 4200 3054 4253 dumtaxat
3081 4212 3203 4253 eum
3236 4197 3325 4266 qui
3368 4198 3555 4268 hujus-

1942 4293 2086 4348 modi
2104 4292 2487 4349 certaminibus
2512 4292 2769 4362 fungitur,
2785 4290 3112 4346 detrimento
3129 4304 3192 4343 ac
3219 4288 3426 4360 pudore
3443 4304 3552 4343 non

1940 4386 2327 4451 afﬁcit,verum
2343 4388 2506 4440 etiam
2526 4384 2801 4440 laboribus
2830 4398 2894 4438 ac
2932 4381 3221 4438 sudoribus
3253 4382 3410 4450 longe
3440 4396 3555 4433 am-

1942 4480 2138 4549 pliores
2155 4493 2285 4550 opes
2299 4478 2595 4548 etgloriam
2615 4478 2716 4547 ipsi
2735 4475 2910 4532 aﬂ‘ert.
2936 4474 3067 4529 Nam
3091 4491 3151 4530 ea
3181 4489 3368 4528 manu<
3389 4473 3552 4536 illius,

1941 4587 2061 4641 quae
2101 4571 2293 4625 horum
2335 4571 2580 4624 laborum
2623 4568 2927 4624 mercedem
2959 4567 3196 4637 praebet,
3231 4577 3418 4620 natura
3447 4575 3549 4620 est.

1942 4665 2199 4732 Epistolas
2237 4664 2457 4718 modum
2501 4663 2681 4717 forsan
2732 4661 3112 4717 excessimus:
3149 4669 3203 4714 at
3253 4673 3360 4713 non
3410 4658 3551 4729 apud

1940 4772 2071 4824 vos,
2098 4771 2126 4810 a
2152 4755 2346 4826 quibus
2375 4766 2482 4808 tam
2527 4755 2770 4824 impense
2809 4767 3076 4808 amamur.
3105 4752 3236 4805 Nam
3282 4765 3401 4805 cum
3444 4765 3550 4804 non

1938 4849 2306 4919 epistularum,
2337 4847 2433 4902 sed
2470 4846 2726 4900 amicitia:
2756 4847 2870 4914 lege
2898 4860 2986 4906 res
3014 4841 3317 4913 hujusmodi
3345 4841 3550 4912 ponde-

1938 4940 2090 5005 retis,
2131 4938 2352 4993 minime
2377 4953 2507 4992 sane
2544 4938 2676 4991 mihi
2714 4937 2934 4992 dubium
2976 4943 3092 5003 est,
3134 4936 3261 5005 quin
3300 4934 3547 5004 exiguam

1938 5046 2152 5101 quoque
2194 5029 2332 5084 ha’nc
2358 5030 2640 5098 epistolam
2672 5029 3031 5085 existimaturi
3060 5028 3197 5083 sitis.
3225 5026 3329 5082 Sed
3360 5042 3548 5097 quam~

1938 5138 2098 5193 quam
2128 5122 2307 5176 brevis
2322 5122 2476 5176 vobis
2501 5136 2623 5177 esse
2641 5121 2914 5184 videatur,
2946 5120 3106 5189 hujus
3132 5135 3346 5190 quoque
3368 5129 3545 5177 tamen

1939 5216 2243 5272 mercedem
2273 5230 2303 5269 a
2331 5215 2482 5270 vobis
2509 5215 2805 5286 efﬂagitare
2835 5215 3056 5270 minime
3075 5215 3338 5272 desinam.
3373 5215 3543 5283 Quam

1937 5307 2196 5363 tandem?
2236 5306 2353 5361 Non
2385 5315 2443 5361 ut
2471 5323 2503 5362 a
2532 5308 2686 5362 vobis
2723 5323 2876 5363 amer
2900 5325 2912 5361 :
2938 5322 3114 5378 neque
3147 5307 3292 5362 enim
3343 5307 3519 5377 ﬂagita

1937 5412 2054 5457 tore
2091 5400 2158 5455 ad
2197 5416 2319 5455 eam
2365 5415 2483 5455 rem
2536 5401 2690 5457 vobis
2720 5416 2856 5472 Opus
2889 5412 2972 5456 ρει
2995 5443 3010 5466 ,
3058 5417 3181 5456 cum
3227 5401 3330 5457 hoc
3352 5415 3537 5471 sponte

1933 5494 2301 5564 copiosissime
2341 5508 2556 5562 semper
2595 5503 2650 5550 et
2692 5497 3008 5565 persolvatis
3043 5505 3099 5550 et
3140 5496 3419 5552 debeatis:
3445 5511 3548 5552 nec

1935 5586 2062 5640 item
2088 5596 2144 5639 ut
2185 5587 2340 5639 nobis
2383 5587 2728 5642 rescribatis:
2761 5588 2892 5642 illud
2917 5589 3061 5643 enim
3089 5588 3218 5644 mihi
3247 5590 3543 5659 persuasis-

1933 5681 2126 5735 simum
2163 5690 2273 5745 est,
2313 5696 2410 5734 vos
2456 5696 2524 5736 ne
2568 5681 2636 5735 ad
2687 5681 2789 5736 hoc
2832 5681 3049 5753 quidem
3096 5683 3362 5738 monitore
3407 5698 3544 5753 opus

1936 5774 2155 5830 habere.
2179 5777 2438 5840 Quaenam
2477 5775 2636 5844 igitur
2667 5775 2782 5832 lucc
2811 5791 3019 5832 merces
3049 5789 3134 5832 est
3170 5773 3464 5833 ?Nimirum
3485 5786 3540 5830 ut

1943 5866 2073 5923 illud
2097 5882 2162 5923 ex
2189 5867 2338 5923 vobis
2365 5868 2680 5941 intelligam,
2699 5885 2794 5927 vos
2831 5870 2954 5927 lato
2981 5882 3141 5941 atque
3180 5871 3332 5927 hilari
3359 5872 3540 5925 animo

3103 5969 3210 6031 18’
