4076 6444
574 374 675 432 667

573 508 715 563 esse,
745 505 903 568 atque
929 512 996 554 ex
1024 495 1184 555 illatis
1214 499 1368 557 vobis
1413 502 1794 560 acerbitatibus
1839 521 1946 561 non
1994 507 2154 564 modo

573 583 717 638 nulla
764 589 1013 643 mmstitia
1063 587 1244 656 allici,
1295 605 1478 645 verum
1535 592 1797 655 insidias,
1843 611 1963 665 qua:
2003 597 2154 653 vobis

574 675 744 740 iiunt,
797 677 1016 746 majoris
1067 678 1227 734 etiam
1276 680 1563 751 voluptatis
1618 685 1893 740 materiam
1939 685 2151 742 aﬂ'erre.

572 765 706 822 Nam
734 766 778 822 si
806 769 1084 840 epistolam
1133 770 1434 842 hujusmodi
1488 772 1728 831 nuntium
1773 775 2028 832 ferentem
2067 791 2155 834 ac-

573 859 914 929 ceperimus,
961 877 1024 918 ea
1079 863 1234 923 nobis
1283 872 1340 922 et
1390 865 1725 932 solitudinis,
1765 876 1820 922 et
1869 867 2056 934 famis,
2099 880 2158 925 et

574 951 778 1019 pestis,
843 960 899 1008 et
961 952 1314 1010 Isauricon
1364 955 1665 1020 bellorum,
1727 967 1783 1012 et
1847 958 2153 1016 morborum

572 1042 811 1098 omnium
832 1084 848 1109 ,
877 1045 1073 1115 quibus
1098 1046 1346 1104 omnibus
1371 1046 1524 1106 malis
1551 1062 1694 1104 nunc
1712 1064 1987 1114 vexamur,
2018 1051 2149 1106 sola-

574 1129 706 1186 tium
736 1140 791 1187 et
814 1134 1109 1200 remedium
1156 1149 1221 1192 ac
1265 1135 1468 1191 sanatio
1507 1135 1679 1192 futura
1705 1146 1807 1193 est.
1853 1139 2155 1210 Cogitantes

574 1221 756 1291 igitur,
791 1234 1041 1296 quantam
1066 1241 1096 1280 a
1125 1227 1278 1284 nobis
1301 1230 1522 1299 gratiam
1551 1229 1730 1285 inituri
1755 1230 1894 1296 sitis,
1922 1231 1988 1286 ad
2035 1246 2152 1293 nos,

573 1326 781 1383 qumso,
806 1314 1046 1383 scribite,
1077 1324 1132 1373 et
1175 1331 1263 1371 res
1288 1315 1549 1388 ejusmodi
1578 1310 1795 1374 scribite
1819 1362 1835 1387 ,
1863 1331 1968 1388 quo
2009 1329 2157 1375 tanto

573 1400 700 1458 licet
735 1403 1014 1462 intervallo
1034 1419 1066 1462 a
1091 1405 1242 1462 vobis
1269 1406 1541 1478 sejunctos
1568 1408 1767 1480 ingenti
1808 1410 1988 1466 laetitia
2026 1425 2153 1480 pcr-

572 1490 828 1550 fundatis.

699 1624 912 1682 CVIII.
945 1626 1149 1685 Urbt'cio
1172 1631 1426 1702 episcopo.
1463 1630 1689 1703 (Cucuso
1707 1647 1857 1697 anno
1885 1633 2038 1704 404.)

651 1755 765 1812 Etsi
802 1759 1236 1816 consuetudinem
1279 1773 1450 1819 tecum
1484 1763 1684 1835 jamdiu
1717 1765 1939 1822 minime
1972 1764 2154 1837 habui,

581 1846 748 1902 nihilo
769 1859 1044 1919 propterea
1071 1853 1284 1922 segnior
1323 1855 1373 1909 in
1411 1869 1594 1930 amore
1634 1857 1800 1914 factus
1829 1874 1968 1914 sum.
1999 1856 2156 1929 Ejus-

577 1937 722 1992 modi
742 1940 883 1994 enim
911 1955 1052 1996 verte
1077 1944 1312 2000 caritatis
1333 1953 1518 2001 natura
1546 1957 1628 2002 est
1647 1988 1664 2014 ,
1698 1957 1755 2003 ut
1781 1964 1880 2004 nec
1906 1951 2158 2021 temporis

575 2027 919 2088 diuturnitate
947 2032 1267 2105 languescat,
1307 2050 1408 2092 nec
1435 2052 1611 2094 rerum
1640 2038 2034 2097 difficultatibus
2060 2041 2158 2097 ob-

577 2132 841 2190 scuretur,
879 2127 973 2180 sed
1003 2138 1317 2198 perpetuum
1344 2129 1529 2186 ﬂorem
1559 2147 1622 2188 ac
1646 2134 1884 2206 vigorem
1913 2136 2154 2191 retineat.

578 2210 932 2278 Quamobrem
959 2232 1054 2271 nos
1085 2233 1314 2289 quoque,
1335 2222 1578 2291 quamvis
1602 2223 1784 2278 multis
1808 2223 2158 2281 incommodis

581 2319 916 2375 premamur,
956 2322 1020 2364 ac
1056 2325 1198 2364 nunc
1238 2311 1292 2365 in
1335 2320 1627 2368 extremam
1653 2314 1798 2370 orbis
1819 2315 2156 2371 solitudinem

578 2398 749 2453 avecti
779 2398 975 2467 simus,
1007 2409 1164 2472 atque
1189 2403 1244 2457 in
1271 2413 1528 2476 perpetuo
1557 2406 1864 2476 prredonum
1892 2418 2034 2464 metu
2065 2424 2162 2463 ne-

579 2503 755 2560 voque
779 2491 1068 2548 obsidionis
1091 2509 1286 2564 genere
1307 2497 1543 2552 vivamus
1569 2498 1999 2566 (circumsidetur
2016 2502 2158 2556 enim

582 2582 818 2651 quotidie
844 2583 1103 2653 Cucusus,
1139 2587 1384 2642 omnibus
1409 2588 1659 2645 nimirum
1687 2591 1785 2645 viis
1810 2605 1840 2646 a
1868 2591 2161 2648 latronibus

581 2673 959 2747 interclusis):
993 2676 1122 2732 nihil
1167 2685 1342 2735 tamen
1385 2680 1572 2736 horum
1620 2681 1832 2739 efﬁcere
1871 2685 2056 2754 potuit,
2102 2695 2162 2741 ut

583 2779 698 2821 mea
726 2781 847 2836 erga
888 2776 940 2823 te
972 2767 1145 2824 ofﬁcia
1178 2770 1353 2826 minus
1377 2778 1707 2829 constarent.
1736 2773 1876 2843 Quin
1907 2777 2080 2846 pctins
2108 2789 2162 2832 et

582 2855 862 2911 scribimus
883 2857 1002 2929 ipsi,
1021 2874 1083 2914 ac
1103 2859 1336 2915 debitum
1361 2861 1691 2917 salutationis
1711 2879 1904 2920 munus
1923 2865 2014 2921 tibi
2036 2882 2164 2938 per-

579 2946 855 3012 solvimus,
887 2960 942 3004 et
983 2959 1034 3004 te
1062 2949 1292 3005 vicissim
1333 2966 1618 3022 rogamus,
1657 2961 1715 3008 ut
1755 2955 1855 3009 nisi
1898 2970 2059 3025 grave
2100 2972 2163 3013 ac

581 3034 861 3092 molestum
894 3045 1006 3103 est,
1047 3039 1161 3109 ipse
1185 3054 1395 3110 quoque
1422 3040 1490 3095 ad
1515 3056 1612 3095 nos
1639 3043 1862 3098 scribas.
1899 3043 1991 3100 Sic
2014 3045 2155 3101 enim

583 3127 780 3197 ingenti
821 3144 1031 3201 quoque
1067 3130 1337 3200 voluptate
1379 3132 1700 3200 aﬂiciemur,
1728 3149 1848 3190 cum
1871 3151 1904 3190 a
1927 3137 2097 3204 vobis,
2130 3153 2160 3193 a

582 3218 772 3285 quibus
795 3227 899 3274 tam
921 3219 1129 3277 sincere
1148 3235 1406 3289 amamur,
1432 3223 1612 3278 literas
1633 3224 1971 3294 accipiemus,
1987 3211 2049 3282 ac
2071 3244 2165 3297 per

583 3323 678 3366 eas
704 3313 1038 3382 prmsentiam
1067 3320 1297 3369 vestram
1340 3313 1492 3370 nobis
1536 3315 1716 3370 animo
1752 3326 1806 3372 et
1845 3317 2163 3388 cogitatione

586 3401 866 3472 tingamus.

699 3533 846 3590 CIX.
877 3535 1071 3605 Rufino
1096 3538 1328 3610 episcopo
1358 3537 1454 3611 (a).
1482 3539 1715 3610 (Cucuso
1729 3556 1883 3599 anno
1907 3542 2058 3614 404.)

652 3670 776 3726 Scio
793 3686 952 3742 quam
981 3671 1130 3728 firma
1157 3671 1378 3729 caritate
1403 3666 1494 3729 sis.
1523 3669 1778 3740 Quamvis
1795 3676 1938 3730 enim
1963 3677 2156 3747 exigua

589 3760 719 3816 mihi
763 3769 934 3818 tecum
981 3762 1265 3831 aliquando
1291 3763 1587 3819 Antiochiae
1620 3765 1948 3821 consuetudo
1983 3766 2161 3833 fuerit,

585 3853 1027 3910 reverendissime
1068 3869 1131 3910 ac
1170 3854 1566 3926 religiosissime
1601 3856 1676 3911 mi
1717 3855 1952 3924 domine,
1985 3867 2162 3915 tamen

588 3944 776 4015 ingens
797 3945 1009 4014 pietatis
1053 3955 1156 4001 tute
1197 3961 1260 4002 ac
1303 3946 1595 4017 prudentia
1623 3946 1996 4004 documentum
2025 3951 2163 4019 cepi.

585 4037 704 4105 Quo
741 4037 952 4107 quidem
996 4054 1062 4094 ex
1104 4047 1371 4108 tempore,
1419 4039 1627 4095 tametsi
1668 4040 1854 4108 longo,
1892 4039 2164 4096 ardentem

589 4143 804 4200 semper
827 4145 950 4200 erga
977 4140 1031 4186 te
1058 4131 1339 4186 caritatem
1367 4131 1583 4194 retinui,
1608 4144 1672 4186 ac
1689 4129 1914 4201 perinde
1937 4138 2096 4200 atque
2121 4133 2163 4187 si

591 4223 706 4278 heri
733 4223 1002 4278 dumtaxat
1035 4233 1084 4280 et
1125 4223 1506 4280 nudiustertius
1535 4230 1586 4277 te
1626 4218 1903 4285 vidissem,
1927 4217 2000 4273 ita
2029 4234 2168 4292 prte-

667 4345 739 4410 m
763 4345 818 4395 ιιι
841 4345 970 4418 1:3“)-
998 4345 1147 4418 εεγη-
1172 4344 1372 4418 ιεείιιξτε
1401 4343 1886 4418 *Ρσυρςνφιπισειᾴαφ
1901 4341 2164 4418 [τρώσοτθ.

605 4405 682 4458 sic
703 4405 1036 4471 voce“wa
1059 4405 1191 4456 inter
1214 4405 1413 4471 uncinos
1440 4405 1646 4471 positagq
1656 4405 1842 4471 ιιειεὶ-ἱιιΔ
1856 4405 2051 4471 testam
2073 4405 2168 4457 ali-

603 4469 765 4540 cunde
806 4465 873 4517 sit
914 4466 1127 4540 invecta,
1172 4472 1266 4538 aut.
1300 4465 1363 4540 in
1401 4464 1689 4540 quibusdam
1739 4465 1902 4540 Codd;
1939 4465 2163 4540 amissa:

605 4529 739 4608 iis!)
764 4527 1074 4608 ,ῖεῗῖζὲἐῖἑι
1093 4527 1567 4608 ’ΞἾΡΡἪῬΕΞ
1574 4541 1689 4608 (³.Ξῖ
1706 4532 1808 4608 ,ἓί
1832 4527 2169 4608 3933199.!"

605 4589 1063 4658 riumepiscoppp,
1082 4586 1379 4658 Αῃρηζξρᾀῐ
1402 4600 1573 4658 vocem
1591 4586 1807 4658 ἶξ’ώσοξι,
1829 4601 1941 4658 (ιαμ
1973 4586 2059 4658 est
2079 4586 2165 4658 ibi.

605 4652 661 4701 In
703 4648 1175 4718 utraque'yorelii
1200 4648 1431 4718 Editioue
1471 4648 1708 4718 ‘Poucivqr
1749 4649 1996 4718 ἐπισιρτιφ
2041 4648 2171 4712 legi-

607 4719 706 4769 tur,
747 4709 855 4760 sine
909 4711 1073 4761 addito
1127 4709 1331 4771 Ῥὼσω,
1371 4715 1522 4771 atque
1574 4709 1646 4757 sic
1679 4709 1745 4771 in
1789 4709 2019 4771 omnibus
2062 4709 2171 4759 oin-

605 4768 728 4820 n'no
756 4772 866 4822 \lss.
893 4777 994 4821 tum
1015 4770 1372 4828 Frontonianis,
1416 4768 1522 4818 tum
1559 4769 1767 4829 nostris;
1793 4768 1862 4829 ita
1901 4771 2168 4820 secundum

596 4829 818 4880 savilium
841 4829 1032 4880 Ituﬂnns
1051 4866 1065 4888 ,
1088 4829 1352 4880 secundum
1375 4828 1759 4878 Frontonianam'
1775 4828 2041 4888 sditionem
2063 4834 2175 4877 Por-

599 4892 797 4955 phyrius
829 4887 1084 4956 episcopus
1119 4890 1592 4956 fuerit__nhosi;__pro
1624 4889 1941 4956 [rontonia‘na
1963 4887 2177 4956 lectione

598 4948 708 5018 Sunt
720 4948 893 5006 omnes
905 4948 1041 5018 nisi,
1053 4965 1138 5013 pro
1159 4952 1387 5018 Saviliana
1405 4948 1569 5018 nullus
1590 4948 2031 5018 aiﬂ'erturtvoxque
2048 4948 2177 5018 inter

597 5015 818 5072 uncinos,
831 5025 966 5076 quas
989 5009 1196 5069 invecta,
1215 5015 1407 5075 ponitur
1425 5027 1438 5060 ε
1456 5014 1522 5062 ita
1537 5018 1591 5060 ut
1603 5013 1932 5060 Frontonianae
1950 5009 2176 5059 standum

598 5075 794 5122 munitio
837 5074 1073 5123 videatur.
1117 5073 1344 5123 Attamen
1374 5071 1707 5122 Tillemontius
1745 5070 1926 5121 mavult
1968 5070 2177 5121 credere

600 5134 813 5205 Ruﬁnum
1009 5135 1287 5205 episcopum
1310 5134 1447 5183 nhosi
1459 5172 1486 5205 ’,Α
1497 5135 1609 5205 quia
1631 5131 1947 5205 scilicetcum
1969 5132 2177 5205 Porphy-

598 5197 724 5258 rium
747 5195 1005 5258 alloquitur
1022 5192 1670 5258 Chrysostomus,'aitipsum
1693 5192 1728 5243 e'
1747 5192 2177 5244 vicino‘sedesVlta-

601 5257 751 5318 bere;
776 5264 826 5307 at
849 5256 1227 5318 tthosus,_inquit,
1239 5270 1336 5306 non
1353 5263 1453 5305 tam
1470 5257 1624 5318 vicina
1644 5262 1963 5318 Cucusoerat.
1975 5260 2176 5318 _Vcrt_tm,

602 5325 656 5387 at
674 5315 978 5387 ωωεειωὶςι
990 5315 1147 5387 ρίιίςίξι
1160 5315 1355 5387 mnum
1376 5330 1473 5368 ιιοιι
1487 5315 1930 5387 meammeam:
1947 5316 2016 5387 839
2032 5316 2179 5387 etiam

605 5379 806 5429 ithomm
822 5380 871 5428 in
878 5377 1037 5430 Cilicia
1051 5374 1271 5441 plerique
1289 5391 1461 5441 omnes
1475 5374 1789 5441 constituunt.
1801 5374 1931 5441 Quod
1945 5375 1986 5426 si
2002 5374 2179 5441 tabula:

601 5441 955 5551 gmaphice,
977 5447 1034 5489 ut
1051 5436 1253 5491 annot'at
1273 5440 1455 5513 ibidem
1476 5438 1826 5495 'i‘illemontius,
1853 5438 2055 5508 Rhesum
2079 5436 2178 5484 An-

603 5505 640 5564 ti
733 5504 789 5551 'a:
811 5513 956 5564 quam
991 5507 1172 5551 Cncuso
1210 5503 1490 5564 viciniorem
1529 5505 1750 5564 statuunt
1773 5510 1978 5564 :“neseto
2021 5505 2178 5564 utrum

604 5562 736 5627 hisce
746 5558 927 5627 tabulis
941 5565 1014 5627 ait
1024 5575 1387 5627 usquequaque
1402 5560 1662 5618 iideudum,
1681 5558 1966 5627 et_alloqui_n
1991 5569 2054 5627 ex
2077 5558 2182 5618 ipso

603 5623 912 5692 ῖῇὶιίξειιοιιιῶο⁵
925 5618 1172 5673 Antiochia
1196 5618 1290 5692 non
1306 5618 1449 5673 'tanto
1479 5631 1717 5692 terrarum
1727 5618 1989 5692 intervallo
2002 5624 2181 5692 menso

603 5686 834 5751 distabat,
866 5686 1048 5735 ithacus
1069 5695 1230 5734 autem
1252 5687 1381 5734 inter
1404 5685 1568 5751 ambas
1605 5685 1754 5751 quasi
1772 5681 2020 5751 dimidium
2043 5682 2179 5751 spatii

604 5742 882 5856 mut.
905 5754 964 5798 Ut
995 5754 1050 5798 ut
1078 5759 1164 5798 res
1200 5753 1303 5806 est,
1341 5746 1553 5796 omnium
1593 5742 1697 5793 uss.
1741 5742 2003 5794 lectionem
2039 5743 2177 5804 sequi

783 5821 854 5856 us.

1319 383 1376 443 S.
1413 374 1695 443 JOANNIS
1729 387 2203 447 CllRYSOSTOlﬂ
2242 390 2557 452 ARCHIEP.
2598 397 3130 460 CONSTANTINOP.

3745 407 3846 466 068

2265 512 2491 568 centiam
2535 523 2680 572 tuam
2723 518 2999 589 imaginor.
3042 521 3372 592 Proindeque
3398 532 3452 580 et
3481 526 3681 592 scribo,
3714 539 3768 581 et
3797 533 3847 581 te

2261 604 2386 659 item
2422 620 2575 677 rogo,
2605 617 2660 663 ut
2694 610 2858 664 nostri
2900 612 3209 666 memoriam
3245 613 3466 670 minime
3503 615 3843 671 intermittas.

2263 693 2630 764 ln-Cueusum,
2657 697 2762 753 hoc
2786 706 2878 754 est
2893 700 2946 754 in
2968 699 3146 755 locum
3185 703 3344 757 totius
3377 704 3546 759 nostri
3571 705 3723 760 orbis
3748 707 3841 759 de-

2261 788 2633 855 sertissimum,
2659 789 2868 844 abducti
2907 805 3113 856 sumus,
3137 807 3202 847 ac
3228 793 3450 864 singulis
3488 810 3627 866 pene
3653 795 3846 851 diebus

2261 878 2561 936 Isaurorum
2600 881 2989 938 incursionibus
3034 884 3358 942 obsidemur.
3401 886 3471 941 Et
3507 895 3722 954 tamen,
3774 901 3856 949 tot

2261 969 2386 1026 licet
2405 968 2758 1027 incommodis
2781 970 3103 1038 laborantes,
3131 973 3176 1028 si
3201 973 3270 1029 de
3292 976 3514 1032 caritate
3542 983 3726 1032 vestra
3751 979 3856 1036 mi-

2262 1061 2406 1116 nime
2441 1060 2602 1117 dubio
2638 1062 2818 1118 animo
2855 1062 3042 1130 simus,
3075 1079 3276 1134 nosque
3313 1066 3576 1121 sinceram
3611 1073 3845 1123 vestram

2264 1150 2683 1207 benevolentiam
2718 1151 2961 1209 obtinere
2997 1155 3277 1224 perspicue
3303 1155 3557 1222 sciamus,
3595 1169 3706 1210 non
3730 1155 3836 1210 vul-

2261 1253 2442 1308 garem
2473 1239 2526 1295 in
2556 1237 2640 1297 his
2664 1255 2874 1313 quoque
2898 1241 3284 1299 calamitatibus
3308 1245 3729 1300 consolationem
3758 1257 3848 1298 ca-

2262 1344 2486 1400 ptemus.

2460 1461 2577 1521 CX.
2601 1465 2761 1521 Basso
2784 1467 3038 1539 episcopo.
3071 1465 3300 1541 (Cucuso
3326 1483 3468 1524 anno
3490 1467 3640 1537 401.)

2334 1599 2470 1667 Quid
2497 1613 2672 1656 causa
2694 1609 2796 1668 est,
2817 1601 3188 1671 quamobrem,
3205 1615 3324 1656 cum
3347 1609 3543 1655 tantam
3569 1611 3695 1670 oga
3725 1612 3847 1664 nos,

2264 1702 2316 1748 et
2337 1691 2594 1761 superiori
2625 1701 2898 1762 tempore,
2929 1703 2980 1748 et
3021 1708 3191 1762 nuper
3217 1692 3672 1762 Constantinopoli
3701 1691 3846 1752 cari-

2265 1791 2436 1842 tatem
2454 1798 2562 1857 pra:
2593 1791 2644 1842 te
2673 1783 2875 1850 tuleris,
2893 1792 3079 1842 tamen
3107 1792 3448 1856 posteaquam
3479 1796 3576 1839 nos
3602 1781 3700 1839 tibi
3718 1780 3850 1837 vici-

2266 1892 2362 1933 nos
2403 1892 2521 1933 esse
2554 1877 2808 1946 audiisti,
2840 1877 3114 1933 ne-literas
3141 1876 3358 1947 quidem
3372 1875 3573 1930 ad-nos
3587 1874 3728 1930 dare
3761 1871 3850 1928 di-

2271 1981 2462 2040 gnatus
2488 1969 2584 2026 es?
2611 1971 2701 2025 An
2719 1971 2900 2026 nescis
2918 1985 3025 2040 quo
3052 1983 3174 2039 erga
3207 1968 3459 2040 pietatem
3479 1976 3632 2021 tuam
3663 1964 3852 2018 animo

2265 2062 2461 2127 simus,
2507 2072 2560 2117 et
2599 2061 2787 2131 quibus
2832 2061 3077 2115 amicitia:
3116 2057 3339 2114 vinculis
3370 2066 3542 2112 tecum
3571 2051 3852 2110 devincti?

2268 2152 2525 2222 Equidem
2552 2153 2665 2223 ipse
2692 2166 2839 2223 spem
2874 2151 3129 2206 habebam
3160 2150 3271 2206 fore
3289 2189 3306 2217 ,
3335 2158 3391 2204 ut
3415 2156 3469 2202 ct
3496 2147 3610 2217 ipse
3631 2145 3735 2200 huc
3756 2159 3854 2199 ve-

2268 2245 2432 2307 nires,
2451 2251 2507 2298 et
2534 2243 2687 2298 nobis
2716 2242 2768 2298 in
2793 2252 2937 2296 tanta
2965 2239 3247 2296 solitudine
3272 2238 3458 2308 positis
3476 2235 3728 2291 solatium
3754 2233 3846 2288 ad-

2267 2334 2497 2389 hiberes.
2526 2319 2663 2402 Quid
2692 2333 2833 2388 enim
2857 2331 3064 2387 Cucuso
3089 2329 3355 2386 desertius
3380 2341 3501 2384 esse
3527 2335 3707 2395 queat,
3730 2339 3852 2394 qu:c

2269 2434 2462 2495 praeter
2507 2423 2842 2480 solitudinem
2897 2424 3193 2477 Isaurorum
3246 2421 3404 2476 etiam
3449 2414 3849 2472 incursionibus

2267 2515 2575 2571 obsidetur?
2603 2513 2754 2581 Quod
2781 2513 2825 2567 si
2854 2511 2953 2567 hoc
2975 2520 3081 2566 tum
3105 2520 3318 2580 propter
3332 2509 3595 2563 latronum
3623 2517 3850 2568 metum,

2271 2617 2378 2662 tum
2407 2614 2624 2678 propter
2649 2605 2748 2660 vite
2773 2599 3500 2668 difﬁcultatctn,.laboriosum
3529 2597 3622 2652 tibi
3643 2611 3707 2650 ac
3737 2612 3852 2650 mo-

2268 2700 2458 2756 lestum
2480 2713 2598 2754 esse
2627 2697 2853 2762 videtur,
2875 2697 3060 2750 saltem
3088 2693 3151 2748 ad
3172 2707 3271 2747 nos
3290 2691 3547 2755 scribere,
3575 2703 3640 2743 ac
3666 2689 3735 2742 de
3762 2697 3850 2741 tua

2271 2789 2850 2847 valetudine-certiores
2871 2800 2969 2841 nos
2988 2786 3162 2840 facere
3187 2799 3264 2838 ne.
3278 2781 3517 2852 graveris
3549 2799 3562 2835 :
3591 2795 3699 2851 quo
3728 2778 3853 2832 licet

2269 2885 2322 2939 in
2347 2893 2578 2943 externa:
2592 2891 2736 2938 terra
2766 2879 3017 2950 degentes
3035 2919 3050 2946 ,
3083 2877 3348 2947 ingentem
3376 2874 3499 2928 hinc
3526 2870 3853 2928 consul..tio-

2269 2989 2392 3028 nem
2419 2973 2708 3043 capiamus.

2304 3106 2398 3165 CX
2401 3107 2450 3162 1.
2480 3107 2725 3162 Anatolio-
2745 3106 2975 3175 episcopo
3009 3102 3191 3158 Adams
3239 3099 3638 3174 (Cucusoanao
3662 3095 3814 3167 ιοι.)

2339 3240 2471 3296 Cum
2510 3237 2784 3293 ardentem
2828 3242 2974 3290 tuum
3001 3225 3144 3303 erga
3185 3242 3567 3290 meamorem,
3597 3225 3754 3295 idque
3782 3223 3853 3279 de

2268 3331 2404 3387 facie
2429 3331 2647 3384 minime
2674 3335 2878 3392 notum,
2916 3339 2983 3380 ex
3020 3323 3306 3379 multorum
3340 3333 3588 3374 sermone
3611 3319 3850 3385 accepis-

2257 3438 2407 3489 sem,
2431 3419 2675 3492 equidem
2700 3427 2872 3474 tecum
2896 3427 3107 3486 quoque
3128 3409 3376 3482 congredi
3403 3422 3677 3478 cuperem.
3706 3405 3852 3471 Quo-

2271 3518 2410 3573 niam
2432 3523 2606 3569 autem
2628 3510 2768 3566 nulla
2789 3522 2909 3578 spes
2929 3505 3146 3576 aﬂ'ulget
3169 3503 3299 3567 fore,
3323 3507 3382 3556 ut
3411 3500 3564 3555 nobis
3585 3499 3640 3553 id
3669 3499 3848 3562 liceat,

2271 3615 2881 3678 negatumcougressum
2918 3598 3194 3653 literarum
3231 3594 3497 3663 colloquio
3533 3605 3848 3661 compense,

2269 3699 2398 3754 mihi
2435 3694 2820 3766 amplissimum
2855 3688 3171 3746 beneﬁcium
3211 3686 3472 3758 praebens.
3516 3683 3857 3751 Quamquam

2270 3791 2412 3846 enim
2435 3787 2697 3851 Cucusos,
2718 3796 2983 3854 quouunc
3005 3778 3210 3835 abducti
3229 3773 3864 3842 sumus,desertissimus

2274 3883 2422 3937 locus
2445 3886 2550 3946 est,
2578 3891 2640 3931 ac
2660 3873 2945 3931 multorum
2963 3869 3319 3938 periculorum
3341 3866 3544 3936 plenus,
3572 3873 3853 3932 perpetua-

2271 3987 2375 4039 quc
2415 3971 2675 4024 latronum
2727 3966 3438 4027 incursionecireumsessus
3466 3971 3480 4007 :
3508 3953 3638 4008 nihil
3671 3966 3851 4006 tamen

2275 4064 2459 4117 horum
2487 4066 2573 4115 est
2627 4059 2768 4131 quod
2811 4058 2964 4112 nobis
3002 4052 3280 4109 tumultum
3309 4063 3370 4103 ac
3383 4043 3851 4117 perturbationem

2269 4159 2476 4224 ali‘erat,
2537 4156 2662 4209 dum
2711 4160 2940 4206 vestram
2986 4143 3405 4203 benevolentiam
3455 4138 3794 4194 obtineamus
3836 4175 3852 4188 .

2271 4265 2452 4306 verum
2501 4246 2706 4302 etiamsi
2750 4255 2972 4310 corpore
3008 4235 3256 4307 disjuucti
3297 4233 3463 4288 simus
3487 4271 3501 4294 ,
3541 4224 3857 4283 arctissimis

2275 4354 2449 4399 tamen
2477 4337 2638 4394 animi
2659 4333 2885 4396 vinculis
2912 4330 3178 4386 vobiscum
3209 4322 3480 4387 adstricti,
3512 4318 3856 4391 tranquillam

2273 4453 2336 4493 ac
2359 4435 2513 4491 hellis
2535 4445 2754 4488 vacuam
2776 4426 3051 4496 regionem
3080 4427 3309 4476 vestram
3338 4415 3534 4488 potius,
3561 4427 3725 4483 quam
3751 4409 3857 4465 Cu-

2274 4544 2483 4594 cusum,
2517 4525 2748 4580 incolere
2774 4519 2926 4575 nobis
2956 4515 3214 4575 videmur,
3245 4505 3304 4566 ut
3338 4509 3428 4580 qui
3464 4506 3648 4562 animo
3674 4504 3854 4558 vobis-

2275 4635 2394 4677 cum
2415 4631 2629 4686 sempcr
2647 4624 2940 4672 versemur,
2957 4615 3114 4676 atque
3133 4602 3450 4670 ubicumque
3470 4598 3658 4662 simus,
3680 4605 3861 4652 mente

2276 4719 2332 4766 et
2355 4706 2676 4778 cogitatione
2697 4716 2794 4756 vos
2819 4696 3274 4756 circumferamus.

2337 4819 2428 4878 CX
2435 4818 2461 4873 1
2467 4818 2495 4873 l
2503 4858 2517 4872 .
2546 4815 2810 4872 Theodoro
2835 4813 3068 4884 episwpo
3097 4808 3198 4880 (a).
3223 4806 3458 4878 (Cucuso
3485 4815 3626 4857 anno
3654 4798 3811 4874 IN.)

2348 4931 2402 4986 Si
2432 4928 2544 4984 ﬁeri
2574 4926 2861 4997 potuisset,
2892 4930 2952 4977 ut
2978 4920 3044 4976 ad
3075 4928 3126 4974 te
3155 4915 3540 4988 proficiscerer,
3570 4927 3864 4983 coramque

2277 5024 2505 5081 maxima
2527 5035 2646 5076 cum
2669 5018 2939 5086 voluptate
2950 5014 3167 5070 caritate
3187 5019 3274 5065 tua
3297 5008 3517 5072 fmcrer,
3537 5006 3787 5062 fecissem
3812 5005 3862 5059 id

2277 5113 2490 5185 quidem
2514 5110 2812 5180 diligenter,
2837 5116 3128 5175 magnaque
3147 5115 3267 5155 cum
3287 5097 3590 5154 celeritate:
3609 5096 3864 5165 quoniam

2279 5214 2454 5260 autem
2487 5203 2538 5256 id
2569 5214 2709 5256 nunc
2733 5196 2934 5254 arbitrii
2965 5193 3131 5250 nostri
3156 5191 3377 5246 minime
3404 5195 3522 5252 est,
3556 5200 3654 5255 per
3682 5185 3865 5239 literas

2281 5295 2383 5350 hoc
2408 5294 2581 5363 ipsum
2608 5298 2942 5362 praestamus.
2967 5283 3218 5351 Quamvis
3236 5279 3378 5336 enim
3395 5277 3461 5332 ad
3489 5278 3632 5346 ipsos
3655 5289 3866 5346 quoque

2344 5427 2418 5489 ta)
2451 5426 2535 5489 Hic
2556 5431 2750 5486 ρυιθιιιτ
2775 5432 2889 5472 esse
2910 5417 3191 5489 Τδεοάίξηξε
3209 5419 3584 5489 ηεξῐῗφθδὲεῗβὲδ.
3599 5408 3668 5489 5'2

2283 5473 2470 5539 scén'tia
2493 5473 2822 5546 Chrysoswmo
2844 5483 3026 5546 amicus
3055 5485 3115 5546 et
3142 5473 3414 5546 mmineris,
3440 5473 3676 5546 adﬁngit}
3685 5473 3870 5546 in}???

2281 5531 2824 5610 aitag'épsms'iases
2845 5546 2893 5592 in
2917 5541 3150 5610 principio
3170 5539 3300 5610 rotat
3317 5535 3481 5610 pruni
3490 5531 3708 5610 qm
3725 5531 3868 5610 ειεξ-

2282 5592 2983 5662 so‘sttomrifl'n—éoneiliotamen
3006 5609 3037 5647 ν
3057 5592 3241 5659 ,"t‘omo
3260 5592 3741 5662 ν-ιῖειιυτιξίίῃκέθο-ν
3776 5604 3867 5639 ne-

2283 5653 2585 5736 mihi—“etii!
2602 5653 2729 5718 'éiiir
2897 5653 3101 5736 eum
3146 5657 3357 5736 esse
3546 5653 3870 5736 'IBEP‘PLEEE

2282 5716 2670 5794 io'p—s—uesteuum
2694 5743 2706 5776 :
2728 5729 2815 5779 sed
2837 5725 2965 5777 nulla
2989 5724 3130 5773 allata
3154 5716 3360 5782 negandi
3386 5729 3546 5768 causa.
3571 5716 3684 5766 vide
3705 5719 3868 5764 notam

2285 5800 2593 5858 sequentem.
