4076 6430
1731 407 1874 451 ΕΡιὲ

278 407 660 572 ῗίῗέραίνεσθε,
711 495 808 550 καὶ
857 495 942 550 ὅτι
978 493 1129 548 οὐδὲν
1176 492 1282 547 ὑπὸ
1323 492 1431 547 τῶν
1469 489 1874 562 ἐπενεχθέντων

279 616 413 684 ὑμῖν
440 611 745 667 πεπόνθατε
785 608 995 676 δεινῶν,
1041 605 1179 662 ἀλλά
1211 605 1456 669 πλείονος
1500 603 1698 676 ἡδονῆς
1744 603 1874 673 ὑμῖν

280 727 541 790 ὑπόθεσις
582 725 640 778 αί
672 721 958 777 ἐπιϐουλαὶ⁵
997 720 1261 790 γίνονται.
1307 719 1407 773 Ἂν
1447 719 1557 788 γὰρ
1588 716 1872 788 δεξώμεθα

277 839 572 909 ἐπιστολὴν
619 835 795 891 ταῦτα
843 835 1116 906 φέρουσαν
1150 833 1283 903 ημῖν
1320 830 1390 884 τὰ
1424 827 1742 899 εὐαγγέλια,
1775 827 1871 881 καὶ

277 951 537 1023 ἐρημίας,
567 949 661 1003 καὶ
683 948 868 1020 λιμοῦ,
901 947 997 1002 καὶ
1024 944 1237 1017 λοιμοῦ,
1274 943 1370 998 καὶ
1406 940 1661 1013 πολέμων
1701 940 1875 994 Ἰσαυ-

281 1063 476 1136 ρικῶν,
495 1062 592 1116 καὶ
606 1060 919 1134 ἀρρωστίας
944 1058 1183 1128 ἀπάσης,
1205 1050 1288 1120 οἷς
1310 1054 1517 1109 ἀπασιν
1541 1049 1872 1122 ἐκδεδόμεθα

275 1177 394 1244 νῦν,
439 1175 590 1231 ισται
625 1176 757 1247 ἡμῖν
792 1152 1136 1245 παράκλησις
1177 1169 1248 1226 τὰ
1279 1167 1506 1222 τοιαῦτα
1535 1165 1859 1238 γράμματα,

276 1291 373 1345 καὶ
392 1290 683 1362 φάρμακα,
715 1288 813 1344 καὶ
845 1288 1076 1359 ίατρεῖα.
1128 1281 1466 1344 Ἐννοοῦντες
1493 1280 1673 1335 τοίνυν
1702 1278 1867 1348 ἡλίκα

274 1407 410 1477 ἡμῖν
459 1404 761 1478 χαριεῖσθε,
803 1402 899 1457 καὶ
954 1399 1278 1462 ἐπιστεῖλαι,
1350 1397 1446 1451 καὶ
1499 1396 1674 1450 ταῦτα
1737 1396 1870 1466 ἡμῖν

274 1516 579 1569 ἐπιστεῖλαι
615 1513 1026 1586 παρακλήθητε,
1059 1513 1147 1566 ἵνα
1177 1513 1349 1582 ἡμᾶς,
1386 1509 1480 1563 καὶ
1520 1509 1585 1562 ἐκ
1610 1507 1868 1562 τοσούτου

275 1629 623 1701 καθημένους
651 1628 1038 1700 διαστήματος,
1068 1624 1271 1696 πολλῆς
1303 1623 1620 1696 ἐμπλήσητε
1647 1622 1750 1692 τῆς
1779 1622 1869 1676 εὑ-

273 1739 570 1812 φροσύνηςσ

652 1874 784 1927 PH'.
824 1869 1113 1938 Οὐρϐικίφ
1159 1868 1492 1934 ἐπισκόπῳ.

345 2033 410 2086 Et
433 2032 527 2086 καὶ
554 2029 721 2083 πολὺν
752 2026 862 2098 ἔχω
897 2025 1089 2098 χρόνον
1127 2025 1204 2097 μὴ
1243 2023 1641 2100 συγγενόμενός
1679 2039 1774 2075 σου
1800 2023 1866 2094 τῇ

271 2135 555 2207 εὐλαϐείᾳ,
593 2135 708 2188 ἀλλ’
742 2133 896 2189 οὐδὲν
940 2131 1189 2187 ἐντεῦθεν
1228 2133 1601 2205 ρᾳθυμότερος
1643 2133 1773 2204 περὶ
1807 2131 1870 2186 τὸ

270 2249 450 2320 φιλεῖν
490 2250 712 2319 γέγονα.
752 2246 991 2317 Τοιαύτη
1029 2246 1140 2319 γὰρ
1182 2247 1280 2319 τῆς
1321 2247 1549 2318 γνησίας
1581 2247 1801 2318 ἀγάπης
1834 2245 1868 2316 ἡ

271 2363 459 2432 φύσις·
506 2362 568 2416 οὐ
628 2361 805 2434 χρόνῳ
853 2360 1050 2433 μακρῷ
1098 2359 1445 2430 μαραίνεται,
1498 2359 1561 2412 οὐ
1611 2359 1869 2432 δυσκολίᾳ

275 2475 624 2546 πραγμάτων
654 2472 1020 2545 ἀμαυροῦται,
1054 2473 1191 2527 ἀλλὰ
1215 2472 1366 2544 μένει
1390 2469 1656 2543 διηνεκῶς
1679 2474 1866 2543 ἀκμά-

270 2588 462 2653 ζουσα.
493 2589 584 2642 Διὸ
607 2588 672 2659 δὴ
697 2589 792 2642 καὶ
821 2589 1003 2659 ἡμεῖς,
1037 2587 1132 2640 καὶ
1169 2588 1228 2639 ἐν
1261 2586 1484 2650 πολλαῖς
1510 2587 1867 2659 περιστάσεσι

269 2700 577 2770 γενόμενοι,
617 2698 711 2751 καὶ
736 2695 832 2751 νῦν
871 2701 950 2762 είς
985 2698 1085 2770 τὴν
1127 2699 1363 2770 ἐσχάτην
1397 2697 1497 2769 τῆς
1537 2699 1866 2770 οἰκουμένης

273 2815 514 2887 ἐρημίαν
538 2814 950 2884 ἀπενεχθέντες,
982 2813 1077 2868 καὶ
1125 2813 1275 2886 φόϐῳ
1313 2814 1868 2888 συζῶντεςδιηνεκεῖ

267 2927 350 2999 τῷ
389 2928 500 2982 τῶν
534 2926 769 3000 λῃστῶν,
803 2926 897 2982 καὶ
924 2926 1213 3000 πολιορκίᾳ
1249 2929 1411 3000 καινῇ
1446 2927 1864 3000 (καθ’ἑκάστην

270 3042 384 3114 γὰρ
405 3041 618 3115 ἡμέραν
640 3043 674 3113 ἡ
702 3041 1015 3106 Κουκουσδς
1038 3041 1427 3113 πολιορκεῖται,
1453 3040 1555 3105 τάς
1573 3041 1727 3104 ὀδοὺς
1754 3039 1864 3096 τῶν

266 3155 483 3230 λῃστῶν
526 3153 1032 3226 ἀποτειχισάντων),
1079 3153 1256 3209 οὐδενὶ
1300 3153 1508 3209 τούτων
1555 3155 1864 3227 γεγόναμεν

269 3269 635 3343 ρᾳθυμότεροι
663 3269 791 3341 περὶ
825 3268 924 3340 τὴν
955 3267 1052 3341 σὴν
1088 3268 1400 3335 εὐλάϐειαν,
1427 3268 1565 3323 ἀλλά
1597 3269 1691 3324 καὶ
1723 3270 1864 3342 γρά-

266 3401 465 3456 φομεν,
491 3384 586 3437 καὶ
616 3381 716 3454 τὴν
743 3381 1100 3454 ὀφειλομένην
1138 3382 1503 3456 ἀποδιδόαμεν
1532 3383 1860 3457 πρόσρησιν,

265 3499 361 3554 καί
402 3515 463 3552 σε
515 3493 965 3570 παρακαλοῦμεν,
997 3496 1047 3549 εί
1095 3496 1171 3567 μὴ
1224 3495 1388 3568 βαρὺ,
1424 3496 1561 3569 μηδέ
1606 3497 1859 3570 ἐωχθές,

262 3611 361 3665 καὶ
418 3608 583 3664 αὐτὸν
629 3611 762 3680 ἡμῖν
806 3605 1165 3663 ἐπιστέλλειν,
1209 3607 1366 3664 οὕτω
1397 3608 1508 3683 γὰρ
1535 3609 1631 3664 καὶ
1665 3610 1863 3684 ἡδονὴν

261 3723 468 3795 πολλὴν
521 3722 956 3796 καρπωσόμεθα,
986 3723 1116 3795 παρ’
1164 3724 1321 3796 ὑμῶν
1373 3723 1484 3779 τῶν
1529 3724 1675 3780 οὕτω
1725 3743 1862 3798 γνη-

263 3836 399 3900 σίως
453 3835 793 3905 ἀγαπώντων
844 3836 994 3908 ἡμᾶς
1041 3837 1322 3908 δεχόμενοι
1376 3838 1706 3911 γράμματα,
1766 3841 1862 3894 καὶ

260 3949 352 4004 διὰ
397 3950 606 4006 τούτων
649 3950 750 4022 τὴν
790 3951 1098 4023 παρουσίαν
1139 3949 1538 4024 φανταζόμενοι
1579 3953 1679 4026 τὴν
1723 3955 1861 4026 ὑμε-

260 4064 456 4137 τέραν.

655 4202 782 4255 ΡΘν.
822 4201 1110 4271 Ῥουφίῶ
1135 4201 1466 4269 ἐπισκόπῳ.

333 4327 470 4387 Οἶδά
508 4350 603 4388 σου
646 4334 746 4406 τῆς
784 4336 1007 4406 ἀγάπης
1033 4338 1095 4390 τὸ
1130 4339 1376 4412 στερρόν.
1396 4337 1581 4409 Ὀλίγα
1619 4339 1720 4410 μέν
1775 4339 1859 4394 σοί

266 4465 401 4503 ποτε
425 4449 577 4523 [654]
600 4451 998 4523 συνεγενόμεθα
1022 4455 1081 4506 ἐν
1119 4453 1440 4526 Ἀντιοχείᾳ,
1477 4455 1714 4510 δέσποτά
1755 4472 1857 4526 μου

265 4559 567 4631 τιμιώτατε
595 4561 691 4615 καὶ
712 4561 1098 4629 εὐλαϐέστατε,
1124 4563 1326 4635 πολλὴν
1345 4565 1403 4619 δέ
1426 4583 1518 4619 σου
1545 4569 1741 4638 πεῖραν
1757 4567 1858 4639 τῆς
1903 4623 1908 4627 .

258 4673 550 4738 εὐλαϐείας
596 4677 689 4729 καὶ
748 4677 848 4746 τῆς
898 4676 1170 4741 συνέσεως
1229 4677 1533 4750 εἰληφότες,
1595 4680 1692 4733 καὶ
1755 4682 1859 4752 τῆς

257 4789 392 4859 ’περί⁵
449 4790 601 4859 ἡμᾶς
664 4790 907 4861 ἀγάπης.
975 4791 1066 4858 Ἐξ
1120 4791 1355 4856 ἐκείνου,
1417 4792 1595 4847 καίτοι
1657 4793 1854 4848 πολλοῦ

262 4899 470 4971 μεταξύ
518 4901 816 4972 γενομένου
853 4903 948 4956 τοῦ
980 4903 1196 4975 χρόνου,
1227 4903 1326 4975 τὴν
1369 4905 1497 4976 περὶ
1533 4905 1855 4978 σέ,άγάπην

257 5015 620 5089 ἀκμάζουσαν
651 5017 1039 5089 διατηροῦμεν,
1064 5019 1156 5072 καὶ
1175 5019 1253 5082 ὡς
1280 5018 1409 5088 χθὲς
1433 5019 1527 5073 καὶ
1566 5018 1760 5092 πρώην
1793 5038 1853 5073 σε

257 5126 588 5201 ἑωρακότες,
630 5131 803 5194 οῦτως
847 5148 942 5185 σου
975 5130 1361 5203 φανταζόμεθα
1388 5134 1489 5204 τὴν
1523 5135 1848 5205 παρουσίαν.

257 5245 349 5298 Διὸ
377 5246 469 5298 καὶ
497 5247 911 5318 ἐπιστέλλομεν,
947 5248 1043 5301 καὶ
1071 5247 1500 5319 παρακαλοῦμεν
1540 5247 1852 5320 μεμνῆσθαι

259 5359 418 5430 ἡμῶν
475 5361 761 5432 διηνεκῶς.
806 5361 1162 5432 Ἀπὴχθημεν
1217 5363 1297 5425 είς
1341 5361 1539 5432 χωρίον
1577 5362 1676 5432 τῆς
1726 5362 1850 5415 καθ’

256 5467 407 5536 ἡμᾶς
447 5469 774 5540 οἰκουμένης
821 5470 1181 5541 ἐρημότατον,
1230 5471 1328 5542 τὴν
1380 5467 1712 5537 Κουκουσδν,
1761 5473 1852 5526 καὶ

257 5577 381 5633 καθ’
438 5579 676 5651 ἐκάστην
736 5582 920 5652 σχεδὸν
985 5583 1083 5654 τὴν
1146 5583 1361 5655 ἡμέραν
1425 5584 1530 5638 ὑπὸ
1591 5584 1692 5655 τῆς
1741 5584 1852 5639 τῶν

269 5694 533 5766 Ἰσαύρων
586 5697 1027 5768 πολιορκούμεθα
1076 5697 1288 5767 ἐφόδου.
1343 5697 1484 5750 Ἀλλ’
1537 5697 1708 5768 ὅμως,
1755 5697 1852 5750 καὶ

257 5809 318 5863 ἐν
350 5809 639 5874 τοσαύταις
675 5810 827 5874 ὅντες
863 5810 1268 5882 περιστάσεσιν,
1305 5811 1371 5884 ἢν
1399 5811 1693 5884 θαρρῶμεν
1720 5813 1851 5886 περὶ

1731 390 2123 451 ΕΡΙδτΟἰιιΕ.

3438 373 3570 431 -688

1977 486 2076 557 τῆς
2126 482 2350 552 ἀγάπης
2390 481 2489 550 τῆς
2533 475 2828 548 ὑμετέρας,
2865 471 2961 525 καὶ
3000 469 3200 540 ἴδωμεν
3247 467 3458 538 σαφῶς,
3489 467 3574 521 δτι

1976 596 2203 668 γνησίας
2229 592 2578 662 ἀπολαύομεν
2610 588 2931 655 διαθέσεως,
2961 586 3023 640 οὐ
3048 585 3149 657 τὴν
3175 581 3448 654 τυχοῦσαν
3478 581 3575 644 καὶ

1973 713 2034 764 ἐν
2084 712 2206 773 ταῖς
2249 706 2461 777 θλίψεσι
2510 704 2736 767 ταύταις
2790 698 3202 774 καρπωσόμεθα
3249 696 3347 768 τὴν
3393 694 3575 766 παρά.

1974 826 2188 895 κλησιν.

2396 959 2510 1012 Ριν.
2552 952 2778 1016 Βάσσῳ
2805 947 3141 1013 ἐπισκόπει».

2043 1115 2110 1168 Τί
2134 1112 2330 1178 τοῦτος
2379 1111 2439 1165 '0
2470 1109 2744 1178 τοσαύτην
2769 1108 2901 1179 ’τιερῖ⁵
2927 1107 3077 1179 ἡμᾶς
3105 1102 3330 1174 ἀγάπην
3363 1100 3573 1155 ἐπιδει-

1971 1231 2225 1302 ξάμενος,
2257 1226 2352 1282 καὶ
2401 1226 2460 1279 ἐν
2496 1222 2577 1295 τῷ
2607 1221 2918 1294 ἐμπροσθεν
2950 1219 3151 1293 χρόνῳ,
3201 1216 3296 1272 καὶ
3341 1215 3573 1285 ἔναγχος

1970 1348 2028 1399 ἐν
2072 1340 2668 1407 Κωνσταντινουπόλει,
2718 1336 2960 1400 ἀκούσας
3005 1333 3160 1406 ἡμᾶς
3208 1333 3275 1386 ἐκ
3313 1329 3573 1402 γειτόνων

1970 1457 2111 1513 εἶναι
2170 1457 2274 1528 τῆς
2333 1455 2437 1526 σῆς
2477 1453 2817 1526 τιμιότητος,
2860 1449 2983 1505 οὐδὲ
3021 1444 3370 1519 γραμμάτων
3421 1441 3574 1514 ἡμᾶς

1967 1573 2234 1643 ἠξίωσας.
2279 1571 2394 1624 Οὐκ
2445 1564 2582 1623 οἷσθ’
2620 1567 2772 1628 ὅπως
2817 1558 3147 1633 διακείμεθά
3173 1576 3269 1613 σου
3317 1556 3450 1628 περὶ
3469 1554 3572 1628 τὴν

1969 1683 2276 1742 εὐλάϐειαν.
2317 1681 2414 1735 καί⁵
2449 1679 2600 1740 ὅπως
2629 1670 2996 1744 συνδεδέμεθά
3025 1687 3109 1724 σοι
3142 1666 3223 1740 τῷ
3246 1669 3351 1742 τῆς
3387 1663 3572 1734 φιλίας

1968 1793 2189 1866 δεσμῷ;
2247 1789 2391 1861 Ἐγὼ
2445 1787 2545 1860 μέν
2593 1786 2705 1859 γὰρ
2762 1781 3108 1854 προσεδόκων
3154 1793 3215 1831 σε
3273 1773 3368 1828 καὶ
3419 1771 3574 1844 ἥξειν

1968 1907 2227 1972 ἐνταῦθα,
2261 1905 2356 1960 καί
2389 1900 2796 1976 παρακαλέσειν
2829 1897 2979 1969 ἡμᾶς
3009 1896 3068 1948 ἐν
3094 1890 3304 1965 ἐρημίᾳ
3332 1885 3573 1957 τοσαύτῃ

1969 2021 2341 2084 καθεστῶτας.
2375 2018 2442 2072 Τί
2465 2017 2575 2090 γὰρ
2597 2017 2663 2071 ἂν
2692 2016 2906 2085 γένοιτο
2940 2009 3279 2083 ἐρημότερον
3319 2007 3570 2060 Κουκουο

1969 2137 2090 2204 σοῦ,
2128 2134 2268 2207 μετά
2305 2133 2405 2206 τῆς
2446 2131 2706 2205 ἐρημίας,
2737 2128 2832 2183 καὶ
2873 2126 2980 2181 ὑπὸ
3025 2125 3126 2197 τῆς
3163 2123 3274 2177 τῶν
3312 2121 3573 2191 Ἱσαύρων

1968 2227 2440 2322 πολιορκουμένης
2460 2246 2652 2317 ἐφόδου
2673 2263 2688 2311 ;
2721 2243 2863 2298 Ἀλλ’
2885 2243 3058 2313 ὅμως,
3075 2241 3125 2293 εἰ
3146 2237 3307 2300 τοῦτο
3333 2235 3575 2310 ἐργῶδες

1966 2364 2057 2418 διά
2085 2381 2146 2416 τε
2177 2362 2359 2416 αὐτῶν
2383 2359 2495 2414 τῶν
2525 2356 2740 2431 λῃστῶν
2763 2356 2860 2454 τὸν
2893 2354 3082 2425 φόϐον,
3109 2351 3199 2406 διά
3225 2368 3285 2406 τε
3316 2353 3416 2422 τῆς
3447 2347 3571 2402 ὁδοῦ

1965 2480 2065 2552 τὴν
2095 2477 2406 2544 δυσκολίαν,
2461 2473 2698 2547 γράφειν
2742 2472 2876 2544 ἡμῖν
2934 2470 3009 2542 μὴ
3055 2468 3333 2535 κατόκνει,
3376 2467 3571 2522 καὶτὰ

1967 2590 2097 2662 περὶ
2127 2590 2227 2660 τῆς
2262 2588 2454 2657 ὑγείας
2477 2586 2580 2657 τῆς
2611 2585 2709 2657 σῆς
2735 2581 3212 2654 εὐαγγελίζεσθαι,
3243 2582 3351 2646 ἵνα,
3383 2582 3483 2635 καὶ
3513 2582 3571 2633 ἐν

1967 2701 2227 2774 ἀλλοτρίᾳ
2245 2700 2635 2772 διατρίϐοντες,
2660 2697 2861 2768 πολλὴν
2877 2694 3126 2751 ἐντεῦθεν
3143 2713 3213 2750 κα
3222 2693 3571 2768 ρπωσώμεθα

1963 2815 2062 2889 τὴν
2096 2813 2468 2888 παράκλησιν.

2167 2976 2333 3030 PIA'.
2378 2972 2694 3040 Ἀνατολίῳ
2727 2972 3044 3041 ἐπισκόπφ
3081 2969 3348 3040 Ἀδὰνης.

2046 3132 2189 3203 Ἐγὼ
2243 3133 2346 3206 μὲν
2401 3132 2498 3187 καὶ
2548 3131 2909 3202 συγγενέσθαι
2969 3129 3283 3202 ἐπεθύμουν
3349 3146 3444 3184 σου
3499 3131 3568 3201 τῇ

1960 3247 2259 3318 τιμιότητι,
2296 3247 2451 3318 παρὰ
2484 3247 2700 3302 πολλῶν
2737 3245 2956 3300 ἀκούων
2995 3245 3089 3299 τὸν
3119 3243 3322 3317 θερμὸν
3361 3243 3567 3316 ἔρωτα,

1959 3359 2020 3413 ὃν
2083 3361 2214 3431 περὶ
2263 3361 2416 3431 ἡμᾶς
2475 3359 2642 3431 ἔχεις,
2690 3362 2786 3414 καὶ
2830 3358 3006 3414 ταῦτα
3056 3359 3131 3432 μὴ
3167 3359 3566 3431 συγγενόμενος

1961 3475 2116 3546 ἡμῖν.
2157 3474 2380 3546 Ἐπειδὴ
2435 3473 2492 3529 δὲ
2547 3473 2708 3530 τοῦτο
2745 3476 2885 3540 τέως
2935 3474 3036 3530 οὐκ
3066 3473 3169 3540 ενι,
3212 3475 3275 3528 τὸ
3300 3474 3402 3546 τῆς
3437 3491 3568 3528 συνο

1959 3588 2151 3654 ουσίας
2175 3588 2333 3653 ἐλπὶς
2356 3601 2382 3630 ι
2406 3588 2685 3659 γενέσθαι,
2709 3589 3034 3663 διορθοῦμαι
3066 3592 3132 3662 τῇ
3162 3590 3272 3644 τῶν
3295 3589 3566 3662 γραμμάο

1958 3717 2069 3754 των
2093 3700 2303 3773 ὁμιλίᾳ,
2342 3701 2504 3773 χάριν
2534 3700 2717 3774 ἐαυτῷ
2748 3703 3007 3776 παρέχων
3045 3704 3327 3778 μεγίστην.
3355 3704 3420 3758 Et
3454 3703 3566 3778 γὰρ

1961 3815 2058 3868 καὶ
2095 3814 2438 3887 ἐρημότατον
2482 3817 2706 3889 χωρίον,
2745 3818 2828 3881 είς
2875 3817 2905 3870 δ
2947 3817 3044 3871 νῦν
3080 3819 3495 3891 ἀπηνέχθημεν,
3527 3821 3562 3891 η

1959 3925 2297 4003 Κουκουσὺς,
2345 3927 2440 3981 καὶ
2482 3927 2746 3982 κινδύνων
2793 3927 2964 4001 γέμον
3012 3929 3246 3994 πολλῶν,
3283 3930 3379 3984 καὶ
3411 3929 3564 4000 φόϐῳ

1957 4045 2199 4118 διηνεκεῖ
2225 4045 2334 4102 τῶν
2365 4046 2580 4119 λῃστῶν
2609 4048 3092 4121 πολιορκούμενον,
3123 4048 3240 4103 ἀλλ’
3261 4048 3416 4104 οὐδὲν
3440 4046 3564 4102 τού-

1959 4175 2072 4213 των
2097 4160 2250 4232 ημᾶς
2283 4159 2525 4232 θορυϐεῖ,
2554 4162 2679 4215 οὑδέ
2728 4163 3099 4235 διαταράττει,
3147 4162 3248 4233 τῆς
3287 4161 3562 4233 ὑμετέρας

1959 4270 2336 4337 ἀπολαύοντας
2375 4272 2619 4346 ἀγάπης·
2655 4270 2770 4328 ἀλλ’
2801 4276 2851 4328 εί
2880 4274 2978 4330 καὶ
3003 4273 3083 4346 τῷ
3106 4275 3319 4346 σώματι
3343 4273 3561 4345 διεστή-

1958 4403 2157 4458 καμεν,
2198 4391 2266 4460 τῇ
2305 4388 2451 4461 ψυχῇ
2492 4389 2864 4464 συνδεδεμένοι
2896 4391 3036 4463 μετὰ
3062 4391 3266 4464 πολλῆς
3296 4392 3398 4464 τῆς
3430 4408 3562 4462 σφο-

1957 4501 2220 4574 δρότητος
2261 4505 2413 4577 ὑμῖν,
2458 4504 2558 4578 τὴν
2591 4505 2866 4579 ὑμετέραν
2897 4506 3102 4578 μᾶλλον
3142 4505 3242 4578 τὴν
3283 4506 3562 4577 ἀτάραχον

1959 4620 2054 4674 καὶ
2088 4620 2384 4692 ἀπόλεμον,
2416 4620 2449 4693 ἢ
2477 4621 2577 4693 τὴν
2607 4623 2922 4678 Κουκουσδν
2948 4625 3118 4679 οίκεῖν
3145 4623 3432 4697 δοκοῦμεν,
3469 4626 3557 4680 ἀεὶ

1962 4732 2079 4802 μεθ’
2109 4733 2264 4805 ὑμῶν
2302 4734 2456 4800 ὄντες
2497 4738 2566 4808 τῇ
2598 4735 2860 4802 διαθέσει,
2887 4738 2984 4791 καὶ
3014 4729 3263 4811 ὅπουπερ
3290 4738 3358 4794 ἂν
3384 4737 3559 4810 ὦμεν,

1957 4843 2053 4898 ἐπὶ
2084 4845 2323 4911 διανοίας
2347 4864 2407 4901 σε
2429 4848 2838 4923 περιφέροντες.

2169 4965 2344 5079 [65εῇ
2361 5009 2528 5068 pm.
2563 5007 2838 5078 Θεοδώρῳ
2861 5009 3194 5077 έπισκάπῳ.

2027 5165 2091 5218 Εἰ
2119 5165 2219 5237 μὲν
2255 5159 2368 5219 οἷόν
2418 5183 2478 5218 τε
2510 5161 2580 5240 ἦν
2605 5165 2702 5222 καὶ
2741 5166 2939 5234 ἐλθεῖν,
2971 5168 3068 5221 καὶ
3118 5167 3560 5240 περιπτύξασθαί

1959 5297 2054 5334 σου
2107 5281 2208 5354 τὴν
2249 5280 2558 5348 εὐλάϐειαν,
2611 5284 2706 5337 καὶ
2757 5282 3098 5354 ἐντρυφῆσαι
3130 5299 3226 5335 σου
3269 5286 3336 5354 τῇ
3367 5284 3558 5357 ἀγάπῃ

1955 5393 2042 5448 διὰ
2087 5397 2187 5465 τῆς
2229 5394 2537 5468 παρουσίας
2597 5394 2788 5465 αὐτῆς,
2854 5395 2992 5466 μετά
3046 5394 3248 5467 πολλῆς
3281 5394 3351 5450 ἂν
3397 5396 3560 5452 τοῦτο

1955 5505 2298 5577 ἐποιήσαμεν
2331 5507 2429 5576 τῆς
2460 5506 2718 5577 σπουδῆς,
2759 5507 2855 5561 καὶ
2882 5507 2978 5562 τοῦ
3011 5508 3246 5579 τάχους·
3278 5509 3470 5583 ἐπειδὴ
3499 5510 3559 5565 δὲ

1954 5619 2115 5675 τοῦτο
2153 5621 2251 5675 οὐκ
2291 5622 2378 5690 ἐφ’
2412 5623 2547 5693 ἡμῖν
2574 5625 2749 5676 κεῖται
2782 5622 2915 5691 νῦν,
2945 5624 3176 5679 διάητῶν
3207 5626 3557 5699 γραμμάτων

2019 5826 2044 5854 ⁸
2074 5823 2220 5876 Forte
2243 5823 2428 5873 ἐλπίδα.
2455 5821 2510 5874 In
2529 5823 2683 5876 Savil.
2707 5824 2813 5876 hac
2833 5824 3011 5878 mutila
3027 5831 3163 5876 sunt.
