4076 6426
529 377 624 431 671

528 493 945 563 religiosissime,
969 509 1064 564 pro
1087 493 1260 563 nobis,
1276 495 1470 564 quibus
1488 509 1548 550 es
1568 489 1895 558 carissimus,
1917 508 2102 565 preces

530 583 594 637 ad
625 582 790 638 Deum
819 581 1071 650 fundere,
1101 593 1260 653 atque
1286 599 1444 655 quam
1470 585 1784 655 saepissime,
1812 585 1857 640 si
1883 583 2104 660 facultas

525 675 698 741 detur,
722 673 788 729 ad
813 689 908 729 nos
934 675 1192 743 scribere,
1219 675 1393 746 deque
1419 683 1506 730 tua
1535 674 1838 731 valetudine
1864 687 2100 730 amur-

525 764 687 819 tiores
712 763 889 820 facere
914 780 980 821 ne
1005 765 1314 820 intemiitte.
1340 764 1451 820 Nec
1474 765 1618 821 enim
1641 774 1691 820 te
1715 764 1865 835 fugit,
1888 771 2100 834 quantm

523 856 676 911 nobis
707 872 848 913 cura:
873 857 963 924 sit,
987 857 1206 928 singulis
1229 858 1387 912 etiam
1417 857 1634 923 diebus,
1673 856 1719 911 si
1759 857 1874 911 ﬁeri
1911 857 2094 927 possit,

521 949 589 1004 de
610 964 672 1004 ea
693 949 889 1020 aliquid
908 949 1112 1006 audire.
1143 950 1602 1007 Reverendissimo
1623 964 1687 1005 ac
1704 949 2099 1020 religiosissimo

521 1040 739 1095 domino
778 1056 899 1097 meo
935 1041 1245 1114 presbytero
1275 1041 1633 1114 Asyncritio‘,
1664 1041 2099 1112 suavissimisque

521 1131 687 1202 ipsius
716 1131 838 1188 liis
861 1141 1021 1203 atque
1049 1133 1294 1190 universo
1332 1142 1422 1190 tuo
1453 1133 1617 1202 clero,
1654 1133 1810 1190 velim
1848 1147 1971 1189 meo
1995 1147 2095 1189 no-

521 1221 667 1278 mine
693 1222 908 1278 multam
934 1222 1160 1279 salutem
1183 1222 1352 1280 dicas.

517 1352 608 1408 6X
621 1351 682 1408 V.
708 1352 988 1425 Theophila
1015 1354 1318 1426 presbytero.
1350 1353 1580 1428 (Scripta
1607 1364 1886 1427 postquam
1908 1353 2089 1412 Cucu-

916 1459 1035 1500 sum
1058 1444 1352 1512 advenerat
1373 1459 1520 1502 anno
1546 1444 1697 1518 404.)

587 1578 700 1636 lloc
721 1594 934 1652 quoque
955 1579 1030 1636 tui
1055 1578 1324 1647 candoris,
1355 1579 1594 1651 gratique
1618 1578 1782 1635 animi
1820 1588 1922 1645 est,
1947 1577 2092 1650 quod

515 1687 637 1728 cum
662 1671 730 1748 ab
752 1672 835 1727 his
853 1712 870 1739 ,
896 1671 1089 1742 quibus
1115 1686 1147 1725 a
1171 1685 1258 1727 me
1281 1669 1683 1726 commendatus
1723 1670 1898 1726 fueras
1915 1711 1930 1736 ,
1957 1669 2091 1726 nihil

514 1761 807 1831 acceperis,
837 1769 1012 1815 tamen
1034 1775 1099 1816 ex
1125 1750 1313 1816 nostro
1336 1759 1513 1816 studio
1539 1759 1807 1831 animique
1831 1762 2091 1832 prompti-

515 1853 698 1910 tudine
718 1862 831 1909 rem
862 1853 1167 1920 aestimans,
1188 1852 1368 1908 omnia
1395 1860 1452 1908 te
1487 1851 1759 1922 accepisse
1793 1851 2085 1907 existimes.

511 1944 723 1998 At.nos
756 1943 857 1998 hoc
897 1942 1116 1998 minime
1150 1942 1282 2001 satis
1317 1955 1438 1999 esse
1485 1940 1742 1999 ducemus
1772 1959 1786 1998 :
1824 1956 2009 1998 verum
2033 1951 2088 1999 et

510 2045 632 2088 cum
659 2033 876 2089 domino
900 2046 1022 2088 meo
1045 2031 1327 2089 Theodoro
1345 2032 1682 2114 praetoriano,
1703 2032 1794 2103 qui
1819 2030 2084 2088 Cucusum

509 2139 608 2180 nos
635 2122 842 2190 avexit,
870 2123 1091 2180 multum
1116 2123 1184 2180 de
1209 2123 1310 2179 hac
1336 2138 1397 2180 re
1424 2113 1726 2180 sermonem
1752 2121 2036 2179 habuimus
2066 2137 2082 2176 :

507 2226 562 2271 et
585 2231 706 2272 eum
733 2215 799 2270 ad
825 2215 1019 2271 multos
1042 2215 1399 2271 scriberemus
1420 2253 1438 2282 ,
1464 2211 1567 2270 hoc
1593 2227 1806 2284 quoque
1832 2213 1961 2284 ipsis
1989 2228 2086 2284 per

507 2309 686 2364 literas
710 2307 1098 2363 mandavimus.
1127 2307 1484 2377 Quamobrem
1523 2298 1635 2363 sive
1663 2307 1866 2363 fructus
1891 2297 2084 2378 aliquis

504 2417 571 2456 cx
597 2401 794 2457 nostris
823 2400 991 2456 literis
1012 2400 1216 2456 oriatur
1237 2441 1254 2468 ,
1280 2401 1390 2455 sive
1417 2398 1588 2456 literae
1613 2398 1886 2455 dumtaxat
1913 2399 2082 2456 literas

503 2501 774 2560 maneant,
812 2508 908 2549 nec
931 2492 1072 2563 apud
1101 2506 1226 2558 eos,
1256 2507 1288 2547 a
1315 2491 1505 2562 quibus
1538 2491 1902 2563 accipiuntur,
1929 2493 2083 2564 quid-

501 2598 659 2654 quam
689 2582 986 2653 proﬁciant,
1006 2597 1155 2648 cura,
1187 2591 1246 2638 ut
1270 2582 1322 2638 id
1349 2583 1738 2654 quamprimum
1766 2583 2079 2656 intelligam.

502 2676 708 2733 Etenim
737 2678 792 2731 in
817 2675 920 2732 hoc
951 2690 1161 2747 quoque
1188 2686 1334 2731 tuum
1359 2691 1482 2748 erga
1504 2691 1601 2732 nos
1625 2690 1860 2732 amorem
1891 2675 2078 2746 impri-

499 2770 601 2826 mis
622 2769 948 2824 admiramur
968 2810 985 2835 ,
1016 2778 1173 2839 teque
1203 2769 1331 2823 item
1358 2767 1426 2824 de
1451 2777 1634 2823 nostro
1662 2783 1788 2839 erga
1816 2776 1869 2824 te
1893 2783 2078 2824 amore

499 2859 719 2915 minime
763 2859 1039 2924 dubitare,
1063 2861 1296 2914 maximo
1321 2868 1636 2930 argumento
1669 2859 1722 2914 id
1760 2874 1881 2916 esse
1927 2860 2077 2916 duci-

497 2965 635 3019 mus,
665 2951 806 3021 quod
833 2949 901 3007 de
937 2950 1020 3005 liis
1053 2951 1212 3006 rebus
1248 2953 1315 3005 ad
1346 2967 1442 3006 nos
1473 2952 1636 3007 verba
1677 2950 1862 3008 facias.
1900 2953 2075 3020 Quare

495 3044 606 3098 sive
629 3042 754 3112 quid
781 3042 905 3097 hinc
929 3041 1193 3097 commodi
1226 3050 1530 3113 promanet,
1551 3043 1670 3099 sive
1704 3042 1830 3098 nihil
1869 3043 2073 3099 fructus

495 3132 858 3202 proﬁciscatur
876 3173 891 3199 ,
917 3131 998 3188 fac
1021 3132 1186 3189 sciam
1214 3149 1228 3186 :
1259 3141 1316 3187 ut
1339 3133 1384 3187 si
1409 3132 1534 3204 quid
1563 3133 1854 3203 profectum
1876 3133 1945 3189 sit
1968 3176 1982 3198 ,
2005 3134 2075 3192 iis

493 3226 688 3294 gratias
709 3224 930 3280 habeam
953 3224 1042 3297 qui
1065 3224 1134 3282 de
1155 3226 1346 3295 seipsis
1366 3226 1500 3282 bene
1520 3227 1695 3282 meriti
1716 3223 1908 3284 fuerint
1931 3244 1945 3293 ;
1968 3228 2070 3287 sibi

491 3317 631 3371 enim
663 3318 829 3386 magis
862 3332 1020 3388 quam
1047 3317 1160 3383 tibi,
1188 3332 1308 3372 cum
1355 3317 1457 3375 hoc
1481 3315 1702 3386 faciunt,
1731 3319 2065 3388 largiuntur;

491 3406 572 3460 sin
598 3419 753 3462 secus
771 3447 786 3473 ,
813 3406 1262 3476 compendiariam
1292 3406 1575 3477 quamdam
1601 3423 1662 3463 ac
1696 3409 2066 3477 procliviorem

491 3497 628 3551 viam
671 3506 726 3552 et
766 3497 1024 3552 rationem
1070 3497 1453 3567 excogitemus,
1496 3513 1599 3569 qua
1648 3499 2065 3555 consolationem

489 3587 706 3642 omnino
741 3587 1033 3657 percipias,
1062 3603 1162 3643 nec
1185 3588 1296 3657 jam
1323 3588 1377 3642 in
1406 3588 1516 3643 ulla
1541 3592 1783 3660 angustia
1814 3591 2068 3660 deinceps

489 3680 739 3736 verseris.
781 3677 913 3733 Nam
938 3678 1005 3734 de
1033 3679 1317 3749 nobisipsis
1340 3680 1544 3750 optime
1571 3681 1916 3749 merebimur,
1945 3699 2064 3738 cum

489 3787 762 3843 generosae
782 3782 942 3842 atque
965 3772 1206 3843 ingenuae
1228 3772 1420 3828 anima;
1449 3782 1551 3828 tute
1578 3788 1758 3829 curam
1788 3776 1861 3830 ita
1886 3792 2066 3832 susce-

431 3893 438 3901 ι
490 3863 742 3932 perimus.
779 3848 946 3916 Velim
970 3861 1038 3916 ad
1062 3877 1161 3919 nos
1186 3878 1342 3934 quam
1369 3863 1663 3934 saepissime
1690 3867 1912 3934 scribas,
1943 3884 2067 3921 nos-

487 3972 592 4026 que
618 3955 687 4011 de
710 3963 795 4010 tua
822 3955 1119 4011 valetudine
1145 3955 1482 4027 nominisque
1519 3957 1592 4012 tui
1615 3958 1925 4014 celebritate
1946 3975 2064 4014 cer-

489 4049 654 4104 tiores
682 4047 863 4103 facias.

714 4181 807 4239 CX
823 4181 913 4237 γι.
952 4181 1234 4236 Valentino.
1266 4183 1495 4255 (Cucuso
1523 4199 1661 4238 anno
1683 4184 1832 4256 404.)

559 4319 817 4387 Quidnam
849 4319 951 4374 hoc
992 4319 1116 4373 est?
1139 4318 1347 4375 Siccine
1369 4360 1382 4384 ,
1417 4336 1536 4374 cum
1572 4331 1821 4389 quantam
1861 4338 1924 4376 ex
1959 4323 2060 4376 tuis

487 4411 639 4464 bonis
668 4410 987 4478 voluptatem
1031 4410 1299 4478 capiamus
1321 4453 1334 4475 ,
1365 4426 1628 4481 quamque
1667 4413 1769 4466 tuis
1821 4414 2062 4468 laudibus

485 4510 538 4555 et
556 4500 723 4570 gloria
741 4501 1088 4568 exsultemus,
1111 4501 1273 4570 probe
1302 4502 1487 4568 scires,
1510 4517 1736 4571 cumque
1761 4504 1920 4558 etiam
1940 4515 2063 4560 ante

484 4594 663 4648 omnia
697 4608 764 4647 ex
789 4601 879 4646 tuo
907 4592 1081 4648 officio
1118 4602 1292 4659 esset,
1324 4596 1546 4649 honoris
1585 4595 1723 4649 illius
1744 4635 1757 4658 ,
1797 4597 1862 4649 ad
1903 4613 2059 4666 quem

486 4699 628 4738 nunc
661 4691 877 4739 evectus
905 4696 996 4749 es,
1027 4683 1439 4753 magnitudinem
1468 4685 1619 4739 nobis
1650 4700 1747 4753 per
1774 4686 1951 4740 literas
1983 4688 2062 4741 si-

483 4777 736 4845 gniﬁcare
759 4817 774 4839 ,
808 4783 862 4827 tu
908 4782 1084 4831 tamen
1105 4816 1120 4842 ,
1151 4784 1208 4829 ut
1237 4773 1286 4828 id
1322 4777 1466 4844 prius
1495 4777 1562 4830 ab
1590 4776 1705 4830 aliis
1737 4777 2059 4848 intelligere-

484 4883 601 4921 mus
626 4907 642 4930 ,
685 4866 1001 4932 sustinuisti,
1041 4880 1213 4936 neque
1240 4868 1392 4937 longa
1424 4868 1516 4921 tibi
1550 4868 1614 4921 ad
1641 4883 1758 4923 eam
1790 4885 1899 4924 rem
1937 4887 2062 4940 pur-

482 4963 696 5029 gatione
737 4975 869 5028 opus
898 4973 1017 5014 esse
1039 4968 1189 5029 putas
1217 4962 1260 5027 ',
1289 4961 1426 5029 quod
1469 4973 1720 5029 quantum
1750 4965 1959 5031 quidem
2005 4966 2058 5020 in

485 5065 536 5107 te
570 5052 665 5106 fuit
687 5093 702 5119 ,
735 5060 876 5106 tanta
905 5052 1099 5106 laetitia
1126 5054 1483 5122 magnitudine
1516 5056 1711 5109 tamdiu
1749 5072 1846 5110 nos
1877 5073 2060 5113 carere

485 5160 673 5214 passus
714 5145 810 5198 es?
848 5144 979 5198 Nam
1019 5159 1142 5199 vera
1182 5145 1392 5214 quidem
1426 5156 1509 5200 tua
1541 5146 1764 5217 dignitas
1794 5159 1846 5203 ct
1893 5152 2059 5206 maxi-

487 5253 629 5293 mum
658 5239 934 5306 imperium
962 5237 1124 5292 animi
1153 5239 1318 5293 virtus
1343 5249 1441 5293 est.
1475 5238 1670 5295 Verum
1699 5244 1944 5310 quoniam
1977 5245 2059 5299 his

488 5346 698 5402 quoque
727 5331 905 5385 mundi
951 5330 1238 5390 honoribus
1277 5333 1341 5386 ad
1385 5333 1521 5388 illius
1556 5333 1832 5390 utilitatem
1869 5335 2058 5392 didici-

485 5423 548 5476 sti
575 5464 589 5488 ,
619 5437 828 5491 quoque
849 5423 1114 5491 potentior
1147 5423 1327 5477 evadis
1349 5466 1361 5488 ,
1391 5439 1456 5478 eo
1490 5425 1648 5479 etiam
1680 5427 1832 5480 latior
1876 5438 2058 5496 portus

487 5515 762 5584 egentibus
781 5513 1026 5578 efficeris,
1057 5515 1126 5569 ob
1151 5530 1265 5568 eam
1297 5531 1509 5570 causam
1540 5534 1679 5571 nunc
1706 5533 1914 5589 quoque
1938 5535 2058 5590 gau-

550 5669 576 5740 _'_
594 5673 731 5715 Juxta
755 5665 998 5715 clarissimi
1021 5667 1214 5716 Fabricii
1239 5667 1451 5718 codicem
1472 5671 1780 5721 scribendum
1799 5679 1890 5735 est,
1923 5689 2058 5740 asyn-

486 5734 810 5853 ⁶⁷¹έ⁰ἑςοιδιωη
832 5803 978 5850 neque
1002 5787 1084 5841 tibi
1109 5790 1293 5843 aliauid
1313 5791 1628 5847 excusationis
1656 5796 1874 5861 suppctit.

1245 382 1303 438 S.
1340 380 1615 438 JOANNIS
1649 377 2117 440 CIINRYSOSTOMI
2154 382 2474 440 ARCHIEP.
2515 384 3048 446 CONSTANTINOP.

3690 391 3798 449 072

2207 492 2397 551 demus
2439 504 2495 551 et
2533 498 2838 566 exsilimus,
2861 516 2962 556 nec
3000 509 3178 557 tamen
3215 501 3412 558 silentii
3451 503 3662 573 culpam
3703 503 3799 560 tibi

2204 583 2544 644 remittimus.
2575 588 2816 657 Quanam
2854 606 3015 661 porro
3038 593 3243 649 ratione
3268 593 3409 651 bello
3451 595 3606 651 nobis
3632 597 3797 652 satia—

2206 679 2402 737 faciesl
2432 680 2693 739 Nimirum
2712 685 2757 739 si
2785 699 2928 755 saepe
2971 685 3195 756 scribas,
3215 694 3376 759 atque
3400 687 3469 744 de
3493 697 3582 744 tua
3605 689 3800 745 totius-

2202 788 2307 839 que
2337 784 2440 829 tua:
2475 773 2666 832 domus
2710 777 3011 834 valetudine
3050 793 3150 834 nos
3184 779 3494 852 frequenter
3532 782 3801 840 certiores

2202 862 2386 919 facias.
2411 865 2671 933 Quoniam
2701 869 2860 939 igitur
2880 869 3162 936 rationem,
3178 885 3284 941 qua
3313 881 3364 928 te
3391 871 3547 928 nobis
3573 889 3792 944 purges,

2201 968 2230 1007 a
2257 954 2411 1011 nobis
2435 957 2688 1026 accepisti
2705 1000 2719 1026 ,
2740 959 2852 1029 jam
2895 975 3014 1030 qua:
3039 968 3248 1016 tuarum
3275 972 3399 1019 sunt
3435 964 3666 1034 partium
3693 965 3796 1019 ad-

2195 1046 2377 1118 iunge.
2408 1047 2545 1105 Nam
2577 1051 2621 1107 si
2649 1052 2750 1106 hac
2784 1052 3010 1121 epistola
3051 1062 3270 1125 accepta
3313 1056 3368 1112 in
3409 1056 3628 1113 silentio
3667 1072 3795 1127 pcr-

2199 1143 2310 1191 stes
2333 1177 2346 1201 ,
2390 1136 2623 1208 ingentis
2671 1141 3006 1212 negligentiae
3049 1142 3222 1199 dicam
3265 1144 3362 1200 tibi
3398 1145 3792 1216 impingemus,

2197 1241 2442 1298 aegreque
2478 1227 2534 1284 id
2579 1229 2830 1287 feremus.
2853 1231 2962 1288 Nec
2996 1221 3126 1289 vero
3151 1235 3357 1304 dubito,
3385 1237 3513 1306 quin
3553 1238 3796 1293 acerbis-

2119 1347 2124 1355 ι
2196 1317 2346 1372 sima
2368 1333 2542 1389 pene
2569 1320 2688 1376 loco
2711 1321 2764 1376 id
2790 1321 3066 1380 habiturus
3098 1324 3190 1392 sis,
3223 1341 3325 1381 nos
3363 1325 3465 1383 hoc
3490 1328 3711 1383 nomine
3739 1331 3791 1385 ir;

2195 1406 2380 1465 dolore
2415 1415 2619 1467 versari
2649 1430 2663 1468 :
2698 1415 3124 1486 quandoquidem
3173 1433 3332 1490 quam
3375 1421 3587 1478 sincere
3627 1432 3792 1493 atque

2194 1500 2445 1558 ardenter
2471 1517 2571 1559 nos
2600 1520 2770 1574 ames,
2798 1507 2940 1564 haud
2969 1509 3099 1564 mihi
3131 1511 3368 1582 ignotum
3394 1522 3498 1570 est.

2194 1631 2428 1689 CXVII.
2475 1633 2772 1694 Theodime.
2809 1638 3084 1713 (Cucuso,
3109 1653 3166 1700 ut
3212 1655 3462 1716 putatur,
3491 1663 3635 1706 anno
3677 1652 3789 1709 404

2839 1733 2922 1788 vel
2969 1733 3122 1806 405.)

2264 1856 2406 1916 Raro
2427 1858 2497 1916 ad
2522 1868 2574 1917 te
2600 1861 2803 1920 idcirco
2827 1865 3024 1936 scribo,
3053 1867 3195 1938 quod
3220 1870 3413 1940 quibus
3449 1872 3629 1928 literas
3655 1874 3784 1930 dclu

2191 1945 2330 2003 baud
2357 1948 2511 2006 facile
2539 1955 2816 2011 nanciscar
2847 1973 2862 2010 :
2892 1966 2946 2012 at
2981 1973 3087 2012 non
3116 1959 3243 2014 item
3278 1975 3435 2030 raro,
3460 1964 3554 2020 sed
3586 1979 3785 2036 perpe-

2190 2048 2281 2095 tuo
2308 2042 2382 2096 tui
2411 2058 2528 2098 sum
2555 2060 2783 2105 memor.
2813 2048 2926 2106 [ioc
2949 2051 3094 2106 enim
3125 2053 3178 2107 in
3205 2065 3388 2114 nostra
3417 2066 3678 2126 potestate
3702 2063 3781 2115 si-

2189 2132 2300 2177 tum
2352 2134 2469 2192 est,
2499 2127 2626 2184 illud
2667 2138 2846 2187 autem
2884 2147 3040 2190 secus
3067 2153 3081 2190 :
3107 2136 3204 2192 sed
3243 2147 3300 2193 ut
3347 2141 3421 2195 tui
3463 2145 3783 2200 memoriam

2189 2225 2447 2285 perpetuo
2486 2219 2761 2290 colamus,
2790 2223 2865 2278 in
2897 2235 3083 2281 nostro
3127 2227 3350 2285 arbitrio
3391 2232 3670 2299 consistit;
3723 2245 3784 2291 ut

2184 2314 2364 2363 autem
2411 2312 2651 2380 epistola:
2694 2313 2963 2384 ferantur,
3007 2333 3116 2375 non
3160 2321 3309 2378 item.
3334 2322 3600 2392 Quocirca
3646 2328 3781 2384 illud

2182 2411 2395 2468 semper
2418 2398 2500 2467 ﬁt,
2529 2401 2631 2458 hoc
2657 2412 2834 2460 autem
2858 2414 2968 2462 tum
2994 2408 3242 2480 denique,
3273 2426 3399 2468 cum
3425 2412 3654 2472 facultas
3676 2418 3781 2473 da-

2185 2495 2288 2541 tur.
2310 2491 2482 2560 Atque
2504 2491 2623 2548 aliis
2644 2495 2860 2564 quidem
2897 2498 3139 2569 epistolis
3165 2509 3216 2558 te
3239 2506 3606 2562 tantummodo
3631 2510 3780 2564 salu-

2184 2580 2428 2638 tabamus
2449 2623 2464 2651 ,
2494 2584 2595 2641 bac
2620 2597 2796 2646 autem
2821 2589 3140 2648 beneﬁcium
3169 2611 3381 2666 quoque
3419 2599 3774 2668 postulamus.

2182 2671 2459 2764 Quodnam
2485 2692 2644 2747 porro
2671 2680 2772 2736 boc
2810 2682 3125 2741 beneﬁcium
3161 2689 3286 2744 est?
3320 2689 3580 2748 Nimirum
3627 2697 3776 2764 quod

2182 2762 2299 2831 plus
2324 2766 2440 2835 tibi,
2469 2784 2587 2838 qua:
2612 2769 2844 2842 dederis,
2867 2791 3024 2846 quam
3063 2779 3194 2834 mihi
3216 2822 3231 2846 ,
3257 2782 3345 2850 qui
3371 2762 3657 2854 accipiam,
3685 2787 3774 2845 lu-

2179 2854 2255 2909 cri
2305 2855 2526 2926 sileret,
2555 2861 2807 2933 dantique
2852 2867 2998 2936 prius
3042 2885 3199 2938 quam
3248 2874 3530 2943 accipienti
3577 2881 3773 2946 prosit.

2179 2947 2386 3003 Etenim
2409 2950 2476 3006 ad
2503 2966 2601 3009 nos
2626 2953 2846 3011 allatum
2875 2967 2976 3025 est,
3001 2959 3333 3020 Eustathium
3359 2966 3594 3021 animum
3619 2978 3772 3025 tuum

2175 3038 2498 3110 offendisse,
2541 3059 2604 3100 ac
2640 3045 2801 3102 domo
2847 3057 2936 3104 tua
2982 3051 3241 3120 ejectum,
3279 3065 3439 3126 atque
3482 3057 3551 3113 ab
3596 3061 3774 3118 oculis

2175 3133 2278 3186 tuis
2306 3134 2608 3191 submotum
2635 3153 2774 3193 esse.
2802 3140 3046 3206 Quonam
3073 3155 3252 3200 autem
3283 3147 3443 3203 modo
3469 3163 3530 3204 se
3553 3165 3643 3206 res
3669 3152 3770 3208 ba-

2173 3225 2296 3280 beat
2316 3267 2331 3291 ,
2362 3236 2417 3282 et
2453 3243 2551 3284 cur
2575 3238 2718 3286 tanta
2749 3233 2802 3287 in
2831 3248 2952 3289 eum
2973 3237 3263 3293 Jracundia
3296 3255 3389 3295 usa
3433 3242 3548 3308 sis,
3582 3244 3772 3303 dicem

2173 3333 2420 3387 nequeo:
2450 3337 2571 3376 nam
2615 3323 2744 3379 illud
2774 3333 2977 3381 tantum
3022 3329 3136 3384 scio
3176 3345 3191 3385 :
3233 3341 3288 3386 at
3319 3347 3446 3389 vero
3481 3350 3601 3405 qua:
3638 3347 3692 3394 te
3735 3355 3769 3396 a

2171 3407 2361 3475 nobis,
2393 3412 2481 3483 qui
2519 3421 2624 3469 tua:
2663 3415 2850 3472 salutis
2896 3419 3270 3476 studiosissimi
3313 3440 3530 3491 smnus,
3575 3429 3769 3488 audire

2169 3503 2458 3568 convenit,
2490 3503 2607 3560 haec
2647 3516 2792 3560 sunt.
2830 3506 2944 3563 Non
2986 3510 3199 3580 ignoras
3237 3525 3552 3582 pmsentem
3597 3521 3764 3578 vitam

2169 3592 2305 3648 nihil
2348 3607 2506 3658 esse,
2549 3610 2735 3650 verum
2786 3597 2943 3653 ﬁores
2989 3616 3218 3668 vernos,
3266 3615 3427 3675 atque
3465 3607 3766 3668 imbecilles

2170 3681 2392 3738 umbras
2418 3683 2638 3750 imitari,
2667 3701 2766 3741 nec
2793 3689 2938 3745 aliud
2963 3704 3083 3746 esse
3111 3708 3266 3762 quam
3306 3699 3635 3756 somniorum
3658 3703 3761 3758 fal-

2169 3775 2394 3830 laciam:
2423 3792 2576 3832 veras
2603 3789 2779 3834 autem
2809 3791 2865 3836 et
2894 3782 3026 3839 fixas
3060 3800 3124 3840 ac
3150 3788 3365 3843 stabiles
3399 3806 3486 3847 res
3507 3791 3628 3849 esse
3656 3811 3718 3851 ea
3737 3839 3757 3866 ,

2169 3881 2286 3933 quae
2316 3877 2412 3921 nos
2443 3877 2562 3937 post
2590 3869 2889 3928 discessum
2906 3888 2972 3945 ex
3015 3874 3115 3932 hac
3156 3879 3261 3932 vita
3297 3893 3579 3952 exceptura
3607 3898 3754 3944 sunt.

2169 3954 2294 4047 limo
2321 3964 2375 4010 et
2398 3971 2427 4010 a
2456 3957 2607 4013 nobis
2631 3975 2871 4030 persaepe
2897 3965 3130 4031 audiisti,
3156 3979 3208 4023 et
3237 3969 3350 4039 ipsa
3381 3987 3478 4040 per
3499 3983 3550 4030 te
3575 3977 3758 4047 philu-

2166 4044 2381 4113 δορικατί
2419 4062 2523 4101 non
2566 4049 2784 4105 desinis.
2813 4054 2936 4108 Ideo
2965 4072 3073 4110 rion
3099 4057 3306 4130 longam
3349 4077 3422 4117 sci
3439 4063 3526 4118 ibo
3553 4044 3758 4134 episto-

2167 4135 2309 4200 lam;
2340 4136 2467 4192 illud
2495 4147 2672 4194 autem
2697 4141 2784 4195 aio
2816 4160 2828 4195 :
2858 4141 2913 4198 Si
2936 4144 3117 4215 inique
3141 4163 3203 4204 ac
3232 4164 3326 4218 per
3353 4153 3674 4210 calumniam
3703 4159 3757 4214 id

2164 4240 2196 4279 a
2222 4227 2536 4296 quibusdam
2567 4242 2743 4286 actum
2775 4241 2876 4299 est,
2907 4244 2963 4287 ut
2989 4251 3110 4290 eum
3137 4238 3376 4306 ejiceres,
3405 4245 3541 4310 juris
3567 4255 3756 4302 natura

2167 4329 2217 4373 te
2258 4331 2506 4389 moveat,
2539 4325 2755 4394 utquod
2787 4326 2980 4380 factum
3020 4337 3134 4396 est,
3168 4333 3447 4402 corrigas;
3478 4336 3520 4389 si
3573 4348 3757 4395 autem

2160 4413 2278 4481 jure
2295 4428 2357 4467 ac
2391 4415 2604 4483 merito,
2634 4417 2973 4474 humanitatis
2992 4420 3194 4491 legibus
3221 4424 3448 4480 adducta
3479 4426 3580 4482 hoc
3609 4429 3755 4487 idem
3840 4412 3856 4429 ’

2165 4504 2317 4560 efﬁce
2345 4524 2357 4559 :
2391 4522 2512 4561 nam
2542 4507 2664 4564 hinc
2702 4526 2914 4582 quoque
2955 4513 3071 4582 plus
3093 4555 3107 4580 ,
3139 4531 3296 4585 quam
3326 4518 3450 4584 ille,
3483 4526 3755 4580 commodi

2168 4595 2322 4652 feres.
2353 4599 2810 4666 Quemadmodum
2837 4606 2978 4660 enim
3007 4607 3051 4661 is
3079 4609 3168 4676 qui
3200 4620 3413 4664 centum
3443 4602 3697 4671 deiiiirios
3724 4635 3757 4673 a

2165 4701 2425 4743 conservo
2449 4690 2729 4760 exigebat,
2759 4709 2862 4749 non
2894 4705 2997 4749 tam
3022 4712 3146 4751 eum
3176 4697 3331 4763 laesit,
3359 4717 3518 4771 quam
3543 4705 3646 4760 sibi
3681 4709 3761 4762 lc-

2169 4778 2272 4832 tale
2306 4779 2495 4834 vulnus
2526 4781 2736 4847 inﬂixit,
2771 4787 2941 4854 utqui
2971 4786 3040 4840 ob
3067 4803 3183 4841 eam
3210 4791 3369 4844 animi
3403 4791 3755 4867 rigiditatem,

2164 4886 2322 4940 quam
2352 4871 2401 4924 in
2424 4887 2740 4928 conservum
2770 4878 3030 4942 exercuit,
3061 4878 3248 4935 decem
3277 4883 3499 4939 millium
3527 4888 3759 4942 talento-

2164 4975 2282 5016 rum
2303 4963 2744 5019 eondonationem
2768 4966 2971 5021 irritam
2995 4968 3285 5027 reddiderit
3312 4990 3328 5026 :
3357 4975 3545 5030 eodem
3567 4980 3756 5050 modo,

2163 5054 2251 5121 qui
2284 5055 2506 5123 proximi
2540 5066 2754 5124 peccata
2782 5059 3047 5127 praeterit,
3079 5060 3181 5118 hoc
3207 5066 3540 5135 assequitur,
3565 5079 3622 5124 ut
3649 5073 3757 5126 mi-

2167 5145 2269 5198 tius
2296 5147 2365 5201 ab
2391 5162 2457 5200 eo
2484 5147 2535 5200 iu
2565 5147 2740 5203 futuro
2765 5167 2880 5206 :cvo
2919 5155 3151 5209 rationes
3181 5167 3563 5225 reposcautur;
3593 5172 3759 5233 atque

2165 5250 2271 5304 quo
2314 5237 2464 5303 plura
2505 5247 2560 5293 et
2588 5242 2827 5309 graviora
2865 5254 3080 5314 peccata
3113 5247 3376 5303 remiserit
3398 5291 3413 5311 ,
3445 5266 3511 5306 eo
3539 5269 3759 5325 quoque

2171 5328 2431 5395 majorem
2463 5329 2576 5398 ipse
2603 5335 2812 5388 veniam
2839 5336 3094 5391 obtineat.
3123 5336 3304 5408 Neque
3333 5340 3384 5393 in
3419 5341 3519 5396 hoc
3547 5352 3755 5402 tantum

2165 5419 2451 5474 discrimen
2483 5425 2710 5491 positum
2737 5436 2817 5480 cst
2841 5468 2856 5492 ,
2884 5427 2979 5483 sed
3019 5429 3072 5483 in
3113 5444 3179 5484 eo
3217 5432 3378 5485 etiam
3407 5471 3425 5499 ,
3452 5436 3590 5504 quod
3631 5454 3757 5494 cum

2167 5512 2359 5566 servile
2407 5529 2597 5569 munus
2641 5516 2889 5581 dederit,
2943 5520 3108 5574 herile
3160 5521 3475 5577 beneficium
3538 5529 3754 5595 accipit.

2167 5603 2342 5669 Quare
2372 5621 2439 5659 ne
2474 5607 2601 5660 milii
2646 5609 2769 5662 illud
2795 5624 3181 5666 commemores
3201 5654 3216 5677 ,
3248 5613 3347 5668 hoc
3377 5627 3430 5669 et
3470 5616 3568 5671 hoc
3598 5619 3665 5672 ab
3692 5637 3759 5674 eo

2167 5709 2526 5770 perpetratum
2572 5719 2710 5759 esse.
2759 5705 2887 5759 Nam
2920 5722 3026 5776 quo
3059 5710 3319 5764 atrociora
3365 5727 3426 5763 ea
3452 5727 3570 5780 qum
3607 5729 3755 5768 com-

2167 5795 2327 5850 misso
2375 5805 2498 5851 sunt
2545 5813 2662 5856 csse
2710 5799 3045 5868 ostenderis,
3079 5817 3143 5857 co
3190 5803 3357 5873 magis
3399 5809 3756 5862 necessariam
