4076 6424
203 419 308 478 871

209 536 464 596 πώντων,
479 528 712 584 δέσποτα
736 515 1134 590 αἱδεσιμώτατε
1157 509 1251 566 καὶ
1272 504 1677 596 θεοφιλέστατε)
1702 496 1798 596 καὶ

209 591 461 695 συνεχῶς
486 617 837 678 ἐπιστέλλων,
875 611 1039 683 ἡνίκα
1068 608 1134 661 ἀν
1161 604 1256 675 ἐξῇ
1275 645 1290 670 ,
1322 600 1418 654 καὶ
1439 597 1510 651 τά
1547 591 1800 663 περὶτῆς

209 690 408 789 ὑγείας
427 713 603 785 δηλῶν
641 709 742 778 τῆς
783 699 916 776 σῆς.
937 698 1109 757 Οἶσθα
1140 697 1252 789 γὰρ
1299 695 1448 789 ὅπως
1483 690 1615 789 ἡμῖν
1642 700 1799 789 περιῑ

206 775 549 867 σπούδαστον
580 775 707 857 καθί
757 775 1018 867 ἑκάστην,
1053 794 1102 846 εί
1128 784 1241 845 οἷόν
1272 804 1333 841 τε
1355 826 1371 850 ,
1422 781 1640 855 ἡμέραν
1673 775 1802 847 περὶ

208 900 419 971 ταύτης
445 894 754 968 μανθάνειν.
786 889 891 942 Τὸν
910 884 1180 952 δεσπότην
1209 897 1311 952 μου
1345 877 1438 932 τδν
1465 871 1802 945 τιμιώτατον

210 993 312 1048 καὶ
341 961 740 1045 εὐλαϐέστατον
761 979 1133 1054 πρεσδύτερον
1173 969 1552 1042 ’Δσυγκρίτιον
1579 977 1634 1031 ι,
1667 961 1804 1054 μετά

211 1084 324 1138 τῶν
353 1077 708 1151 γλυκυτάτων
742 1051 910 1129 αὐτοῦ
946 1069 1177 1124 παιδίων
1192 1107 1206 1130 ,
1245 1064 1340 1119 καὶ
1370 1060 1548 1115 πάντα
1578 1072 1672 1109 σου
1704 1051 1805 1122 τῆς

212 1149 532 1236 θεοσεϐείας
578 1170 671 1224 τὸν
704 1168 902 1240 κλῆρον
937 1161 1111 1220 πολλὴ
1131 1161 1263 1232 παρ’
1298 1156 1453 1230 ἡμῶν
1484 1149 1806 1226 προσειπεῖν

215 1265 627 1340 παρακλήθητι.

555 1380 717 1433 PIE'.
756 1373 1025 1443 Θεοφίλῳ
1051 1364 1454 1438 πρεσϐυτέρῳ.

291 1498 408 1554 Καὶ
433 1493 595 1550 τοῦτο
624 1494 724 1564 τῆς
764 1488 1188 1562 εὐγνωμοσύνης
1207 1528 1221 1554 ,
1251 1484 1345 1540 καὶΙ
1376 1483 1478 1554 τῆς
1515 1481 1618 1554 σῆς
1644 1479 1810 1550 εὐχα-

223 1591 410 1663 ρίστου
438 1605 535 1642 σου
569 1584 816 1656 γνώμης,
855 1582 918 1636 τὸ
961 1578 1187 1652 μηδενὸς
1216 1573 1629 1632 ἀπολελαυκότα
1662 1570 1817 1643 παρά

219 1682 452 1747 τούτων,
482 1673 565 1742 οἷς
592 1694 653 1731 σε
679 1672 1025 1748 παρακατέθέ
1035 1671 1192 1744 μεθα,
1217 1672 1280 1725 τὸ
1309 1671 1418 1724 πᾶν
1449 1665 1813 1737 ἀπειληφέναι

219 1767 469 1842 νομίζειν
505 1766 614 1822 ἀπὸ
644 1767 747 1837 τῆς
779 1764 1056 1837 ἡμετέρας
1082 1761 1412 1833 προθυμίας.
1462 1756 1604 1811 Ἀλλ’
1651 1757 1815 1827 ἡμεῖς

221 1863 323 1918 οὐκ
349 1858 808 1932 ἀρκεσθησόμεθα
854 1857 1032 1928 τούτῳ
1053 1896 1070 1921 ,
1106 1853 1243 1910 ἀλλὰ
1269 1853 1367 1907 καὶ
1402 1849 1482 1921 τῷ
1510 1848 1684 1920 κυρίῳ
1712 1862 1814 1918 μου

222 1953 488 2024 Θεοδώρῳ
531 1946 979 2032 τῷκέπαρχικῷ,
1009 1946 1088 2017 τῷ
1112 1944 1373 2013 ἀγαγόντι
1408 1942 1558 2013 ἡμᾶς
1596 1940 1679 2004 ἀς
1715 1938 1816 2007 τὴν

223 2045 539 2103 Κουκουσδν
563 2084 580 2112 ,
622 2041 794 2098 πολλὰ
838 2040 1045 2111 ταύτης
1085 2039 1273 2094 ῑνεκεν
1319 2034 1676 2106 διελέχθημεν
1715 2031 1818 2102 τῆς

223 2137 576 2200 ὑποθέσεως,
628 2134 725 2188 καὶ
777 2131 994 2195 πολλοῖς
1046 2128 1453 2192 ἐπιστέλλοντες
1506 2125 1600 2180 καὶ
1641 2123 1818 2178 ταῦτα

222 2228 668 2298 ὲπεστάλκαμεν.
695 2225 871 2281 ’Δνιτε
893 2223 1026 2295 γοῦν
1045 2222 1272 2295 γένηταί
1297 2239 1353 2277 τι
1377 2220 1489 2276 ἀπὸ
1509 2218 1618 2273 τῶν
1638 2235 1819 2289 γραμ-

232 2321 426 2394 μάτων
456 2318 620 2374 πλέον
651 2317 681 2359 ι
707 2315 819 2371 τῶν
851 2315 1160 2389 ἡμετέρων,
1182 2314 1249 2369 ἀν
1276 2331 1338 2368 τε
1355 2313 1661 2386 γράμματα
1683 2309 1822 2381 μένῃ

231 2412 398 2484 μόνον
444 2410 515 2465 τὰ
553 2409 859 2480 γράμματα
879 2449 894 2475 ,
948 2407 1122 2479 μηδὲν
1176 2404 1452 2461 ἀνύσαντά
1505 2403 1660 2476 παρά
1705 2404 1821 2466 τοῖς

226 2499 653 2571 ἀποδεχομένοις
679 2496 841 2563 αὐτὰ,
879 2496 969 2552 διά
992 2495 1206 2569 ταχέων
1225 2495 1358 2566 ἡμῖν
1388 2491 1627 2562 δηλῶσαι
1648 2487 1821 2544 σπού-

227 2589 411 2646 δασον.
458 2587 565 2642 Καὶ
592 2586 701 2660 γὰρ
740 2587 799 2642 ιν
843 2585 1022 2657 τούτῳ
1063 2583 1299 2656 μάλιστα
1336 2583 1435 2654 τὴν
1463 2581 1688 2652 ἀγάπην
1728 2596 1822 2634 σου

229 2683 620 2756 θαυμάζομεν,
664 2679 762 2734 καὶ
800 2679 895 2734 τοῦ
940 2677 1165 2752 θαρρεῖν
1188 2677 1321 2749 ἡμῖν
1362 2674 1524 2729 τοῦτο
1569 2674 1824 2744 μέγιστον

230 2775 540 2847 ποιούμεθα
581 2775 826 2844 σημεῖον,
864 2770 928 2825 τδ
956 2769 1052 2826 καὶ
1082 2768 1212 2842 περὶ
1240 2767 1448 2824 τούτων
1480 2769 1613 2838 ἡμῖν
1647 2763 1826 2819 amu-

230 2866 446 2937 γεσθαι.
469 2864 724 2936 Δήλωσον
755 2861 937 2916 τοίνυν
958 2862 1091 2932 ἡμῖν
1111 2859 1178 2913 ἀν
1202 2875 1261 2913 τε
1292 2856 1523 2927 γένηταί
1552 2871 1605 2908 τι
1639 2852 1847 2918 πλέον,

231 2961 299 3015 ἀν
351 2976 412 3014 τε
450 2957 643 3030 μηδὲν,
700 2955 769 3008 ἵν’
801 2953 869 3009 ἀν
923 2953 1021 3024 μὲν
1068 2952 1132 3006 τδ
1173 2944 1546 3024 πρότερονῇ,
1595 2945 1827 3018 χάριτας

230 3047 665 3124 ὁμολογήσωμεν
702 3049 814 3110 τοῖς
863 3044 964 3117 τὴν
1011 3041 1224 3098 ἑαυτῶν
1263 3040 1574 3110 ὦφεληκόσι
1603 3037 1785 3110 ψυχήν
1809 3049 1823 3064 ·

234 3145 449 3205 ἑαυτοῖς
485 3141 596 3212 γὰρ
638 3138 841 3210 μᾶλλον
870 3136 903 3208 ἢ
936 3135 1022 3190 σοὶ
1058 3132 1379 3207 χαριοῦνται
1408 3130 1570 3185 τοῦτο
1604 3129 1826 3184 ποιοῦν-

233 3252 359 3300 τες·
386 3234 454 3288 ἀν
493 3249 556 3286 τε
590 3231 653 3285 τὸ
685 3229 940 3298 δεύτερον
963 3267 979 3293 ,
1015 3226 1213 3299 ἑτέραν
1246 3224 1369 3280 τινά
1405 3222 1526 3279 ὁδὸν
1560 3222 1829 3293 σύντομον

235 3326 333 3380 καὶ
361 3320 737 3394 εὑκολωτέραν
765 3319 1168 3390 ἐπινοήσωμεν,
1201 3316 1268 3370 δι’
1294 3311 1364 3388 ἧς
1397 3315 1618 3378 πάντως
1645 3313 1830 3384 πάσης

235 3415 523 3487 ἀπολαύσῃ
551 3410 928 3485 παραμυθίας,
961 3409 1038 3474 ώς
1083 3409 1143 3463 έν
1185 3409 1430 3481 μηδεμιᾷ
1471 3404 1613 3462 εἶναι
1644 3422 1830 3460 στενο-

238 3509 439 3582 χωρίᾳ.
475 3508 639 3578 Ἡμῖν
683 3506 794 3578 γάρ
828 3506 1016 3568 αὑτοῖς
1068 3502 1140 3556 τὰ
1189 3501 1423 3573 μέγιστα
1455 3497 1830 3572 χαριούμεθα,

238 3602 339 3671 τῆς
380 3597 638 3669 εὐγενοῦς
671 3615 766 3652 σου
804 3598 900 3652 καὶ
947 3593 1242 3666 ἐλευθέρας
1278 3591 1420 3646 οὑτω
1452 3590 1834 3664 φροντίζοντες

240 3691 441 3761 ψυχῆς.
475 3690 586 3744 Καὶ
611 3689 790 3759 γράφε
827 3686 1067 3758 συνεχῶς
1087 3689 1244 3756 ἡμῖν,
1267 3683 1338 3737 τά
1362 3684 1493 3755 περὶ
1520 3683 1620 3754 τῆς
1645 3683 1835 3750 ὑγείας

241 3783 344 3850 τῆς
371 3783 493 3852 σῆς,
526 3781 622 3838 καὶ
647 3780 748 3851 τῆς
787 3779 1197 3850 εὑδοκιμήσεως
1244 3774 1756 3845 εὐαγγελιζόμενος.

742 3906 911 3975 Ριςῖ.
968 3905 1332 3967 Rmuli-ma

312 4019 382 4074 Τί
419 4019 618 4083 τοῦτο;
657 4016 829 4081 Εἰδὼς
860 4018 1012 4080 ὅπως
1036 4034 1132 4070 σου
1155 4017 1422 4088 χαίρομεν
1452 4017 1565 4078 τοῖς
1587 4013 1832 4081 ἀγαθοῖς,

245 4113 342 4166 καὶ
369 4110 684 4182 σκιρτῶμεν
711 4111 806 4164 ἐπὶ
832 4112 952 4174 ταῖς
987 4111 1110 4173 σαῖς
1144 4107 1556 4180 εὑδοκιμήσεσι,
1590 4109 1686 4160 καὶ
1731 4107 1838 4177 πρὸ

247 4207 469 4261 πάντων
507 4204 738 4273 ὀφείλων
761 4205 891 4274 ἡμῖν
920 4201 1160 4274 δηλῶσαι
1183 4202 1282 4273 τῆς
1306 4199 1471 4272 τιμῆς
1494 4200 1556 4252 τὸ
1586 4197 1836 4270 μέγεθος,

247 4301 328 4362 είς
364 4298 395 4351 6
423 4296 518 4349 νῦν
571 4294 799 4364 ἀνέϐης,
837 4293 1138 4364 ὑπέμεινας
1192 4294 1339 4364 ἡμᾶς
1399 4292 1666 4363 πρότερον
1706 4292 1837 4362 παρ’

247 4390 460 4461 ἑτέρων
514 4387 706 4458 μαθεῖν
756 4386 915 4440 τοῦτο
940 4427 956 4453 ,
986 4385 1082 4439 καὶ
1111 4385 1173 4438 οὑ
1219 4385 1463 4455 νομίζεις
1504 4383 1715 4436 δεῖσθαί
1757 4400 1840 4436 σοι

249 4481 454 4551 πολλῆς
473 4468 558 4541 είς
578 4479 738 4532 τοῦτο
765 4477 1066 4546 ἀπολογίας
1101 4479 1146 4544 ο,
1171 4476 1254 4529 ὅτι
1283 4474 1540 4546 ἠνέσχου,
1575 4474 1719 4541 τόγε
1748 4474 1841 4526 σὸν

254 4573 446 4642 μέρος,
479 4569 734 4623 τοσοῦτον
776 4569 969 4640 χρόνον
995 4569 1144 4639 ἡμᾶς
1186 4566 1463 4638 ζημιῶσαι
1501 4565 1844 4636 εὐφροσύνης

255 4661 492 4734 μέγεθος
543 4658 897 4729 τηλικοῦτον;
954 4658 1027 4710 T6
1076 4657 1176 4728 μὲν
1214 4657 1319 4726 γὰρ
1373 4653 1591 4725 ἀξίωμά
1643 4673 1736 4708 σου
1781 4656 1845 4709 τὸ

253 4751 478 4822 ἀληθὲς,
515 4751 611 4804 καὶ
647 4753 680 4820 ἡ
724 4752 957 4821 μεγίστη
991 4767 1084 4802 σου
1128 4748 1271 4820 ἀρχὴ
1297 4789 1310 4812 ,
1357 4747 1460 4817 τῆς
1513 4746 1696 4817 ψυχῆς
1748 4747 1842 4799 σού

253 4842 406 4917 [658]
438 4845 588 4896 ἐστιν
625 4845 660 4914 η
706 4843 895 4914 ἀρετή.
930 4841 1070 4894 Ἀλλ’
1105 4840 1292 4911 ἐπειδὴ
1330 4842 1423 4893 καὶ
1467 4839 1679 4901 τούτοις
1729 4841 1846 4901 τοῖς

254 4937 531 5007 βιωτικοῖς
557 4936 637 4998 είς
671 4935 770 5008 τὴν
801 4935 1015 5006 ἐκείνης
1046 4934 1316 5002 ὠφέλειαν
1349 4931 1653 5003 κεχρῆσθαι
1685 4947 1847 5001 μεμε-

250 5029 491 5098 λέτηκας
515 5065 530 5089 ,
566 5028 662 5080 καὶ
703 5028 814 5097 ὅσῳ
855 5024 921 5079 ἂν
966 5025 1098 5095 γένῃ
1145 5022 1516 5093 δυνατώτερος
1541 5063 1555 5087 ,
1605 5019 1847 5090 τοσούτῳ

251 5123 417 5192 λιμὴν
448 5121 736 5193 εὐρύτερος
764 5122 875 5184 τοῖς
902 5119 1172 5190 δεομένοις
1199 5116 1547 5179 καθίστασαι,
1573 5114 1660 5168 διά
1689 5113 1849 5168 τοῦτο

251 5213 348 5270 νῦν
381 5213 668 5283 χαίρομεν,
711 5213 805 5264 καὶ
853 5212 1183 5282 σκιρτῶμεν,
1231 5209 1344 5263 ἀλλ’
1371 5210 1522 5278 ὅμως
1564 5208 1665 5260 οὑκ
1694 5205 1850 5274 ἀφίε-

257 5307 356 5377 μέν
387 5322 449 5358 σε
497 5305 593 5359 τοῦ
636 5306 734 5376 τῆς
783 5305 939 5375 σιγῆς
973 5303 1336 5372 ἐγκλήματος.
1399 5299 1521 5362 Πῶς
1569 5295 1663 5350 οὖν
1721 5299 1849 5368 ἡμῖν

257 5399 575 5469 ἀπολογήσῃ
600 5397 778 5461 καλῶς
801 5413 815 5460 ς
839 5397 917 5469 Τῇ
949 5396 1244 5464 πυκνότητι
1272 5392 1379 5446 τῶν
1405 5390 1726 5455 ἐπιστολῶν,
1756 5392 1850 5444 καὶ

259 5490 337 5562 τῷ
369 5490 607 5561 συνεχῶς
637 5490 706 5543 τὰ
732 5490 860 5560 περὶ⁵
896 5489 995 5557 τῆς
1019 5486 1208 5557 ὑγείας
1236 5487 1368 5557 ἡμῖν
1397 5484 1591 5554 δηλοῦν
1621 5484 1718 5554 τῆς
1749 5483 1851 5554 σῆς

321 5661 347 5690 ⁸
375 5657 585 5710 Fabricii
605 5659 758 5707 codex
795 5657 1123 5719 Ἀσῦγκριτον.

325 5719 352 5759 δ
377 5721 505 5770 Tres
528 5733 642 5769 mss.
668 5719 725 5766 ἀν
751 5736 803 5768 τε
824 5719 904 5767 οὖν
924 5717 1115 5780 γένηταί
1138 5735 1183 5766 τι
1199 5717 1360 5766 πλέον.

322 5786 347 5815 ⁸
370 5782 574 5833 Coislin.
602 5782 853 5842 ὑπέμεινας
891 5778 1002 5843 παρ’
1057 5781 1237 5843 ἐτέρων
1272 5783 1399 5842 ἡμᾶς
1438 5779 1665 5843 ποὸτερον
1711 5778 1852 5830 τοῦτο

261 5845 440 5906 μοθύισ
467 5843 665 5900 οὐδεμία
685 5841 758 5893 σοι
784 5841 1014 5905 πρόφασις
1038 5841 1295 5903 ἀπολογίας

1669 369 2058 435 Ειηετοι..ε.

1909 491 2003 545 καὶ
2025 485 2128 542 τοῦ
2149 483 2300 539 οῑκου
2331 495 2428 532 σου
2448 472 2680 538 παντός.
2740 470 2877 524 Επεὶ
2902 461 2997 522 οῦν
3033 482 3094 518 σε
3123 463 3218 519 καὶ
3245 457 3339 514 τὸν
3371 459 3501 532 τρό-

1903 609 2005 645 πον
2041 587 2141 657 τῆς
2189 581 2486 650 ἀπολογίας
2536 572 2878 644 ἐδιδάξαμεν,
2924 564 3208 640 προστίθει
3249 562 3320 617 τά
3348 576 3502 634 παρα

1907 688 2104 746 σαυτοῦ
2131 684 2339 740 λοιπόν.
2364 682 2426 735 El
2445 676 2668 751 γὰρκαὶ
2696 672 2835 746 μετά
2855 665 3273 742 τὴνῶπιστολὴν
3299 661 3505 734 ταύτην

1909 792 2092 865 μένεις
2123 788 2312 858 σιγῶν,
2345 777 2684 856 γραψόμεθάι
2719 792 2781 830 σε
2816 770 3091 845 ῥᾳθυμίας
3139 766 3364 837 πολλῆς,
3411 763 3509 818 καὶ

1906 862 2240 962 ἀλγήσομεν.
2282 881 2415 938 Οἶδα
2458 881 2526 936 δέ’
2559 876 2750 948 σαφῶς
2797 875 2884 928 δτι
2927 868 3266 940 πικροτάτην
3301 862 3508 933 ταύτην

1907 995 2092 1066 ἡγήσῃ
2140 987 2338 1044 διδόναι
2397 984 2574 1056 δίκην,
2599 981 2662 1035 τὸ
2716 977 2904 1046 ἀλγεῖν
2957 971 3056 1026 ἐπὶ
3099 969 3314 1032 τούτοις
3342 965 3510 1038 ἡμᾶς,

1908 1063 2098 1164 ἐπειδὴ
2119 1088 2238 1146 οἶδα
2262 1086 2380 1151 πῶς
2412 1085 2507 1140 καὶ⁵
2534 1080 2709 1152 φιλεῖν
2741 1077 2891 1150 ἡμᾶς
2907 1071 3148 1144 γνησίως
3175 1068 3271 1122 καὶ
3293 1063 3513 1138 θερμῶς

1911 1191 2272 1252 ἐσπούδακας.

2480 1309 2634 1365 1³1⁵2.
2657 1299 2946 1370 Θευδώρᾳ.

1987 1436 2192 1509 Γράφω
2225 1436 2324 1507 μὲν
2375 1432 2626 1503 ὀλιγάκις
2675 1429 2752 1502 τῇ
2791 1420 3115 1496 κοσμιότητί
3167 1435 3286 1482 σου,
3321 1415 3412 1471 διὰ
3453 1412 3518 1468 τὸ

1919 1541 1994 1613 μὴ
2016 1539 2219 1613 ῥᾳδίως
2241 1535 2627 1606 ἐπιτυγχάνειν
2646 1520 2757 1585 τῶν
2783 1524 3122 1600 κομιζόντων
3145 1519 3218 1574 τὰ
3259 1516 3521 1590 γράμμαθ-

1915 1659 2002 1696 τα·
2035 1641 2321 1714 μέμνημαι
2342 1637 2401 1690 δέ
2419 1652 2513 1690 σου
2543 1635 2643 1688 οὐκ
2658 1630 2926 1700 ὀλιγάκις,
2944 1623 3082 1681 ἀλλὰ
3109 1622 3206 1677 καὶ
3230 1616 3516 1690 διηνεκῶς.

1917 1745 1992 1798 T6
2026 1743 2125 1815 μὲν
2141 1743 2255 1814 γὰρ
2273 1742 2360 1811 ἐφ’
2387 1741 2520 1812 ἡμῖν
2549 1739 2752 1798 κεῖται,
2773 1732 2836 1786 τὸ
2869 1729 2927 1784 δὲ
2945 1729 3048 1782 οὑκ
3074 1725 3161 1797 ἔφ’
3185 1725 3340 1795 ἡμῖν·
3383 1718 3522 1772 ἀλλά

1917 1842 2012 1897 τοῦ
2037 1841 2146 1914 ,μὶν
2194 1838 2510 1914 μεμνῆσθαι
2558 1833 2850 1909 διηνεκῶς,
2879 1829 3038 1886 αὐτοὶ
3085 1826 3289 1900 κύριοι,
3326 1823 3422 1877 τοῦ
3461 1821 3521 1874 δὲ

1920 1942 2167 2014 κομίζειν
2203 1940 2304 2003 τάς
2336 1935 2648 2002 ἐπιστολὰς,
2679 1933 2782 1987 οὑκ
2832 1929 2934 1984 έτι.
2966 1926 3066 1981 Διά
3120 1921 3278 1976 τοῦτο
3315 1919 3374 1972 τὸ
3422 1915 3524 1989 μὲν

1921 2043 2011 2098 ἀεὶ
2033 2042 2264 2112 γίνεται,
2300 2039 2362 2094 τὸ
2378 2039 2459 2103 δὲ,
2485 2035 2652 2108 ἡνίκα
2679 2032 2748 2088 ἀν
2777 2031 2895 2101 ἐξῇ.
2944 2026 3059 2090 Τὰς
3097 2022 3198 2096 μὲν
3229 2015 3324 2074 οὑν
3358 2014 3524 2080 ἄλλας

1923 2140 2213 2207 ἐπιστολάς
2239 2140 2544 2214 πρόσρησιν
2573 2133 2804 2207 ἐχούσας
2827 2129 3178 2201 ἐπέμπομεν.
3210 2119 3418 2189 ταύτην
3466 2115 3526 2170 δὲ

1925 2241 2022 2296 καὶ
2064 2243 2287 2315 χάριτος
2334 2238 2572 2310 αἴτησιν.
2609 2234 2706 2298 Τίς
2729 2231 2790 2287 δὶ
2815 2232 2850 2302 ὴ
2893 2229 3095 2301 χάριςς
3147 2223 3243 2275 Σοὶ
3275 2223 3342 2291 τῇ
3380 2233 3524 2290 παρ’

1925 2343 2126 2419 εχούσῃ
2163 2342 2385 2415 μᾶλλον,
2416 2339 2451 2411 ἢ
2496 2336 2575 2410 τῷ
2604 2333 2884 2407 δεχομένῳ
2931 2329 2993 2382 τὸ
3026 2325 3219 2398 κέρδος
3259 2321 3525 2392 φέρουσα,

1925 2448 2021 2501 καὶ
2049 2445 2159 2518 πρὸ
2179 2439 2674 2514 τοῦλαμόάνοντος
2715 2435 2809 2489 τδν
2836 2431 3047 2488 διδόντα
3070 2423 3382 2497 ὠφελοῦσα.
3415 2421 3529 2475 Καὶ

1927 2549 2036 2621 γάρ
2056 2546 2224 2620 ἦλθεν
2273 2549 2356 2610 εἰς
2393 2544 2562 2616 ἡμᾶς,
2607 2541 2691 2595 δτι
2718 2538 2784 2610 δὴ
2807 2533 3104 2595 Εὑστάθιος
3150 2529 3263 2583 τῶν
3290 2541 3530 2600 προσκε-

1927 2648 2242 2723 κρουκότων
2275 2646 2473 2716 ιστὶτῇ
2497 2638 2773 2712 τιμιότητί
2791 2647 2916 2701 σου,
2960 2634 3054 2688 καὶ
3096 2631 3198 2701 τῆς
3229 2627 3408 2692 οἰκίας
3429 2627 3530 2696 τῆς

1931 2721 2028 2823 σῆς
2050 2749 2302 2818 ἐξέπεσε,
2321 2746 2416 2800 καὶ
2437 2743 2551 2799 ἀπὺ
2583 2741 2759 2812 ὂψεως
2790 2738 3036 2808 γέγονεν.
3073 2733 3266 2792 Ὅπως
3307 2728 3410 2800 μὲν
3436 2721 3532 2780 οὖν

1930 2849 2044 2922 ἔχει
2072 2847 2166 2902 τοῦ
2191 2845 2519 2917 πράγματος
2541 2844 2573 2912 ή
2608 2839 2792 2910 φύσις,
2821 2835 2915 2890 καὶ
2941 2834 3090 2896 τίνος
3117 2831 3308 2883 ἕνεκεν
3335 2823 3535 2880 τοσαύ-

1929 2968 2031 3021 την
2060 2948 2357 3019 ὑπέμεινεν
2389 2944 2582 3017 ὀργὴν,
2631 2943 2808 2996 εἰπεῖν
2867 2938 2969 2992 οὐκ
3023 2935 3154 3006 ἔχω’
3201 2932 3379 2985 έκεῖνο
3424 2925 3534 2998 γὰρ

1931 3051 2104 3121 ἔγνων
2152 3049 2332 3122 μόνον·
2379 3048 2416 3102 ἀ
2463 3047 2519 3099 δὲ
2554 3045 2661 3117 χρή
2701 3058 2760 3095 σε
2791 3041 2922 3110 παρ’
2969 3035 3127 3108 ἡμῶν
3166 3030 3399 3088 ἀκοῦσαι
3427 3027 3536 3082 τῶν

1936 3152 2142 3226 σφόδρα
2173 3169 2267 3204 σου
2299 3151 2402 3221 τῆς
2440 3145 2715 3217 σωτηρίας
2761 3138 3164 3211 ἀντεχομένων,
3188 3136 3309 3190 εστὶ
3337 3132 3531 3187 ταῦτα.

1936 3251 2107 3310 Οἶσθα
2128 3253 2204 3317 ώς
2234 3250 2387 3306 οὐδὲν
2422 3251 2450 3302 6
2475 3245 2666 3319 παρὼν
2697 3245 2835 3316 βίος,
2865 3240 3034 3312 ἀλλ’ἢ
3068 3237 3208 3308 ἀνθη
3229 3235 3256 3276 ἀ
3289 3235 3539 3307 μιμεῖται

1933 3358 2120 3432 ηρινά,
2135 3357 2232 3412 καὶ
2249 3354 2407 3417 σκιὰς
2425 3353 2699 3424 ἀδρανεῖς,
2713 3348 2809 3403 καὶ
2834 3346 3130 3417 ὀνειράτων
3161 3339 3310 3394 ἐστὶν
3322 3338 3536 3408 ἀπάτη·

1936 3460 2006 3514 τὰ
2031 3459 2087 3512 δὲ
2112 3457 2291 3528 ἀληθῆ
2328 3456 2652 3528 πράγματα,
2677 3450 2773 3505 καὶ
2803 3446 3114 3518 πεπηγότα,
3143 3443 3239 3499 καὶ
3270 3440 3542 3513 ἀμετακί-

1937 3579 2096 3633 νητα,
2118 3560 2187 3614 τά
2219 3559 2357 3629 μετά
2382 3557 2481 3626 τὴν
2512 3552 2761 3608 ἐντεῦθεν
2788 3548 3100 3620 ἀποδημίαν
3137 3547 3289 3616 ἡμᾶς
3311 3541 3544 3607 διαδεξό-

1944 3663 2082 3734 μενά
2107 3664 2243 3716 ἐστι.
2286 3656 2475 3713 Ταῦτα
2503 3657 2599 3711 καὶ
2632 3655 2762 3725 παρ’
2789 3650 2947 3723 ἡμῶν
2972 3646 3238 3709 πολλάκις
3273 3645 3538 3716 ηκουσας.

1940 3764 2036 3820 καὶ
2080 3762 2291 3816 οἴκοθεν
2342 3756 2712 3830 φιλοσοφοῦσα
2745 3750 3032 3815 διατελεῖς.
3056 3748 3256 3818 Διόπερ
3286 3746 3408 3800 οὑδὲ
3446 3762 3546 3818 μα-

1941 3864 2080 3937 κρὰν
2112 3861 2371 3931 ποιοῦμαι
2409 3859 2511 3929 τὴν
2545 3854 2856 3924 ἐπιστολὴν,
2895 3851 3010 3906 ἀλλ’
3040 3849 3221 3904 ἐκεῖνό
3259 3861 3462 3919 φαμεν·
3495 3846 3545 3898 εί

1945 3965 2042 4034 μὲν
2080 3961 2282 4026 ἀδίκως
2310 3959 2455 4022 τινὲς
2483 3957 2891 4030 ἐπηρεάσαντες
2931 3953 3210 4018 ὲξέδαλον.
3250 3947 3544 4020 αἰδουμένη

1941 4062 2035 4116 τοῦ
2056 4061 2266 4116 δικαίου
2287 4059 2387 4131 τὴν
2403 4057 2586 4128 φύσιν,
2604 4054 2898 4125 διόρθωσον
2921 4052 2984 4105 τὸ
3005 4068 3203 4120 γεγενη
3213 4048 3394 4119 μένον⁹
3412 4047 3460 4099 εί
3488 4045 3546 4098 δὲ

1941 4165 2184 4227 δικαίως,
2216 4162 2343 4224 τοὺς
2382 4159 2484 4228 τῆς
2520 4155 2935 4227 φιλανθρωπίας
2963 4150 3182 4223 τιμῶσα
3216 4149 3436 4221 νόμους,
3485 4147 3547 4200 τὸ

1942 4264 2077 4318 αὑτὸ
2100 4262 2165 4333 δὴ
2191 4261 2350 4314 τοῦτο
2381 4258 2545 4314 πάλιν
2580 4258 2832 4328 ποίησον,
2866 4255 2996 4309 ἔνθα
3025 4253 3120 4308 καὶ
3140 4249 3277 4321 αὑτὴ
3303 4248 3365 4302 τὸ
3386 4248 3548 4306 πλέον

1945 4362 2218 4435 καρπώσῃ
2264 4361 2464 4432 μᾶλλον
2494 4358 2529 4429 ἢ
2585 4359 2812 4420 ἐκεῖνος.
2848 4356 3061 4426 Ὠσπερ
3092 4352 3203 4424 γὰρ
3230 4350 3259 4404 6
3286 4350 3375 4404 τὸν
3415 4350 3549 4433 69.6-

1944 4426 2131 4523 δουλον
2163 4426 2412 4520 ἀπαιτῶν
2455 4426 2534 4517 τὰ.
2568 4459 2764 4518 ἑκατὸν
2796 4456 3048 4528 δηνάρια,
3079 4454 3182 4509 οὑκ
3224 4426 3435 4507 ἐκεῖνον
3468 4470 3552 4507 το-

1949 4568 2137 4624 σοῦτον
2158 4565 2415 4636 ἔϐλαψεν,
2445 4565 2570 4621 ὅσον
2599 4560 2780 4633 ἑαυτῷ
2810 4561 3032 4632 καιρίαν
3062 4559 3234 4614 ἔδωκε
3280 4557 3380 4629 τὴν
3413 4554 3553 4626 πλη-

1946 4669 2179 4744 γὴν,δώ
2205 4669 2303 4740 τῆς
2331 4669 2470 4739 πρὸς
2495 4663 2894 4719 τὸν-σύνδουλον
2923 4659 3309 4732 ἀκριϐολογίας
3340 4655 3553 4729 μυρίων

1946 4772 2223 4826 ταλάντων
2242 4766 2600 4839 συγχώρησιν
2642 4763 2974 4836 ἀνατρέψαςο
3014 4760 3184 4824 οὕτως
3215 4761 3244 4812 6
3277 4757 3556 4829 παρατρέ-

1949 4892 2061 4946 χων
2084 4873 2154 4927 τά
2180 4873 2276 4925 τοῦ
2298 4870 2526 4940 πλησίον
2559 4869 2935 4939 ἁμαρτήματα
2975 4862 3335 4936 ἡμερωτέρας
3373 4859 3555 4932 ἑαυτῷ

1951 4977 2095 5030 ποιεῖ
2113 4974 2212 5037 τάς
2250 4973 2315 5026 έν
2341 4972 2421 5043 τῷ
2457 4969 2612 5044 [659]
2654 4969 2903 5040 μέλλοντι
2941 4964 3192 5030 εὐθύνας,
3222 4964 3317 5018 καὶ
3337 4964 3448 5031 ὅσῳ
3487 4962 3556 5017 ἂν

1955 5073 2180 5147 μείζονα
2212 5072 2280 5125 τὰ
2331 5072 2708 5142 ἁμαρτήματα
2754 5069 2903 5138 ἁφῇ,
2954 5065 3196 5135 τοσούτῳ
3243 5064 3338 5116 καὶ
3391 5063 3551 5128 αὑτὸ,

1955 5175 2199 5238 πλείονος
2234 5171 2486 5238 τεύξεται
2532 5173 2630 5242 τῆς
2670 5171 3095 5241 συγχωρήσεως.
3147 5167 3223 5219 υὺ
3277 5164 3450 5236 ταύτῃ
3498 5164 3557 5219 δὲ

1958 5279 2117 5350 μόνον
2148 5278 2265 5331 ἐστὶ
2288 5276 2348 5330 τὸ
2370 5276 2650 5347 διάφορον,
2694 5272 2832 5328 ἀλλά
2866 5273 2961 5326 καὶ
2995 5271 3075 5342 τῷ
3105 5269 3359 5339 δουλικὴν
3387 5269 3557 5322 διδόνο

1953 5399 2021 5434 τα
2053 5381 2234 5452 χάριν,
2266 5377 2594 5449 δεσποτικὴν
2637 5375 2938 5446 λαμϐάνειν
2974 5375 3204 5446 δωρεάν.
3240 5374 3332 5444 Μὴ
3377 5372 3552 5425 τοίνυν

1957 5499 2049 5553 μοι
2082 5481 2231 5550 λέγε,
2251 5482 2334 5535 ὅτι
2364 5481 2425 5534 τὸ
2453 5480 2547 5533 καὶ
2577 5477 2638 5532 τὸ
2675 5476 2827 5550 αὑτῷ
2856 5475 3341 5549 πεπλημμέληται.
3403 5475 3554 5545 Ὀσῳ

1953 5582 2064 5654 γὰρ
2089 5581 2154 5635 ἀν
2189 5582 2370 5654 δείξῃς
2395 5580 2754 5654 χαλεπώτερα
2785 5581 2855 5634 τὰ
2901 5579 3266 5651 γεγενημένα,
3313 5575 3556 5648 τοσούτῳ

1953 5684 2054 5756 τῆς
2115 5684 2518 5758 συγχωρήσεως
2566 5683 3003 5756 ἀναγκαιοτέραν
3081 5682 3403 5753 ἀποφαίνεις
3454 5676 3556 5753 τὴν

2019 5840 2046 5882 ἀ
2070 5841 2220 5893 Savil.
2246 5843 2368 5892 ἀ).λὰ
2388 5841 2522 5903 ἄνθη.
