4076 6434
501 359 610 417 873

498 475 792 550 πρόφασιν,
823 472 1123 544 ἐπειδήπερ
1144 469 1327 544 πολλῷ
1351 472 1575 526 πλείονα
1598 467 2010 541 φιλανθρωπίας
2036 469 2094 520 ἐν

495 568 576 642 τῷ
607 567 852 640 μέλλοντι
883 563 1247 638 προαποθήσῃ
1283 568 1454 636 σαυτῇ
1489 565 1588 636 τὴν
1608 564 1884 618 ὑπόθεσιν.
1919 561 2097 617 Λῦσον

495 661 676 715 τοίνυν
705 660 803 732 τὴν
847 659 1042 730 ὀργὴν,
1092 657 1197 712 κᾶν
1229 658 1414 712 δικαία
1463 654 1523 732 ᾗ,
1557 657 1800 728 δάμασον
1851 655 2098 726 λογισμῷ

498 753 772 823 φιλοσόφῳ
794 752 886 806 τὸν
920 751 1115 823 θυμὸν,
1145 751 1407 820 ἀνένεγκε
1431 749 1591 804 τοῦτο
1613 749 1806 802 Θυσίαν
1839 749 1918 820 τῷ
1951 747 2093 818 Θεῷ·

497 847 719 919 χάρισαι
747 848 844 900 καὶ
895 848 1027 916 ήμῖν
1055 847 1169 909 τοῖς
1214 843 1474 914 ἀγαπῶσί
1519 859 1600 906 σε,
1637 843 1733 897 καὶ
1779 840 1953 907 δεῖξον
1979 841 2096 906 πῶς

496 941 591 994 καὶ
619 941 728 993 ἀπὸ
774 938 1033 1010 βραχείας
1059 937 1350 1008 ἐπιπολῆς
1394 935 1664 1007 τοσαύτην
1704 935 1901 1007 ἔχομεν
1945 935 2093 989 δύναο

498 1049 608 1102 μιν.
639 1031 880 1102 Χάρισαι
904 1030 1001 1083 καὶ
1029 1031 1203 1101 σαυτῇ
1226 1029 1295 1083 τὰ
1314 1029 1528 1100 μεγάλα
1551 1028 1748 1095 ταῦτα,
1777 1029 1920 1099 ἅπερ
1943 1026 2095 1081 εἷπον

494 1123 624 1194 ἐγὼ.
664 1122 724 1176 τὸ
751 1121 1048 1193 ἀτάραχον,
1077 1121 1139 1174 τὸ
1165 1119 1432 1186 ἐξοικίσαι
1457 1117 1557 1189 τῆς
1579 1116 1760 1189 ψυχῆς
1787 1117 1880 1170 τὸν
1917 1116 2096 1170 ἐντεῦ-

494 1215 587 1269 θεν
611 1213 862 1286 θόρυϐον,
893 1212 956 1264 τὸ
1012 1210 1155 1282 μετά
1199 1208 1403 1280 πολλῆς
1433 1209 1748 1282 παρρησίας
1782 1207 1879 1262 καῖ⁷
1908 1205 2094 1261 ἐντεῦ-

493 1305 584 1358 θεν
621 1305 794 1356 αίτεῖν
826 1301 978 1373 παρὰ
1014 1299 1111 1356 τοῦ
1163 1299 1546 1371 φιλανθρώπου
1585 1298 1722 1353 Θεοῦ
1742 1300 1842 1368 τήν
1884 1301 1962 1362 είς
1996 1297 2094 1368 τήν

492 1395 770 1468 βασιλείαν
802 1394 1028 1449 εἴσοδον.
1084 1395 1196 1448 Καὶ
1234 1393 1345 1466 γάρ
1385 1394 1533 1466 μέγα
1587 1392 1888 1464 καθάρσιον
1916 1393 2095 1463 ἀμαρ-

489 1490 754 1562 τημάτων
782 1491 916 1560 ήεὶς
941 1490 1034 1543 τὸν
1087 1487 1316 1558 πλησίον
1365 1485 1752 1558 φιλοφροσύνη·
1796 1483 1940 1539 Ἐὰν
1985 1483 2095 1554 γὰρ

489 1580 682 1652 ἀφῆτε
706 1581 831 1648 τοῖς
855 1579 1210 1648 ἀνθρώποις,
1239 1579 1392 1649 φησὶ,
1420 1579 1494 1632 τὰ
1522 1577 1968 1646 παραπτώματα
1987 1579 2094 1630 αὺ-

492 1674 635 1740 τῶν,
671 1672 898 1744 ἀφήσει
926 1672 1026 1726 καὶ
1051 1671 1195 1742 ὑμῖν
1231 1674 1264 1725 ό
1283 1670 1490 1739 Πατὴρ
1523 1668 1692 1740 ὑμῶν
1726 1672 1759 1724 ό
1788 1666 2088 1737 οὐράνιος.

492 1768 656 1822 Ταῦτ’
678 1765 772 1823 οῦν
791 1769 1007 1821 ἅπαντα
1029 1765 1364 1836 λογισαμένη
1392 1763 1611 1834 πέμψον
1631 1765 1764 1834 ἡμῖν
1781 1761 2090 1833 ἐπιστολὴν,

493 1861 756 1934 δηλοῦσαν
789 1863 819 1914 ὅ
843 1878 895 1913 τι
945 1861 1151 1930 ήνυσαν
1177 1858 1247 1911 τά
1293 1859 1600 1930 γράμματα
1634 1855 1816 1928 ήμῶν.
1870 1855 1944 1909 Τὸ
1995 1855 2095 1922 μὲν

491 1957 600 2029 γὰρ
631 1955 898 2027 ἡμέτερον
942 1956 1300 2027 ἀπήρτισται,
1341 1951 1438 2005 καὶ
1489 1951 1874 2021 πεποιήκαμεν
1924 1943 2092 2018 οὗπέρ

491 2052 658 2119 ἐσμεν
684 2049 863 2118 κύριοι
922 2046 1400 2119 παρεκαλέσαμεν,
1425 2042 1745 2114 ἐδεήθημεν,
1777 2043 1938 2112 χάριν
1962 2041 2094 2111 ᾐτή-

493 2161 688 2213 σαμεν,
721 2139 1224 2211 συνεϐουλεύσαμεν
1259 2139 1403 2210 άπερ
1439 2137 1628 2209 ἐχρῆν.
1665 2137 1824 2190 Πᾶσα
1853 2135 1913 2190 δέ
1945 2137 2092 2189 ἐστιν

492 2237 634 2307 ὑπὲρ
680 2236 772 2289 σοῦ
807 2235 994 2289 λοιπὸν
1022 2237 1056 2306 ή
1095 2233 1322 2306 σπουδή.
1367 2233 1532 2303 Ἡμῖν
1558 2231 1658 2305 μὲν
1687 2231 1796 2302 γάρ
1821 2231 1852 2284 ὁ
1878 2229 2090 2301 μισθὸς,

489 2330 556 2384 ἄν
584 2348 644 2383 τε
666 2329 891 2400 γένηταί
925 2347 977 2382 τι
1010 2329 1193 2392 πλέον,
1227 2328 1293 2382 ἀν
1320 2345 1382 2380 τε
1409 2327 1484 2398 μὴ
1517 2325 1766 2396 γένηται,
1791 2323 1888 2393 τῆς
1919 2340 2096 2394 παραυ

492 2425 735 2495 κλήσεως
758 2423 1362 2493 ταύτηςγάποκείσεται·
1405 2420 1520 2473 ἔστι
1563 2420 1673 2490 γάρ
1698 2419 1794 2472 καὶ
1835 2418 2095 2489 ῥημάτων

491 2515 673 2568 λαϐεῖν
704 2514 963 2584 ἀμοιϐήν.
1009 2515 1070 2566 '0
1110 2512 1167 2566 δέ
1214 2513 1462 2583 κάματος
1489 2514 1622 2583 ήμῖν
1654 2511 1825 2575 ἄπας,
1869 2509 1959 2564 διά
2000 2508 2094 2562 τοῦ

492 2607 655 2678 ἔργου
682 2606 778 2659 καὶ
803 2605 904 2676 τὴν
937 2605 1040 2677 σήν
1061 2603 1318 2676 κερδᾶναι
1345 2603 1703 2673 κοσμιότητα,
1731 2602 1824 2656 καὶ
1859 2600 1968 2654 ἀπὸ
1987 2600 2096 2653 τῶν

493 2699 775 2772 παρόντων
817 2697 1263 2768 κατορθωμάτων
1294 2697 1365 2751 τά
1403 2695 1669 2767 μέλλοντα
1711 2695 1807 2748 καὶ
1850 2693 2094 2748 ἀθάνατα

490 2789 673 2860 ἀγαθά
704 2787 844 2861 μετά
862 2787 1063 2859 πολλῆς
1097 2787 1497 2858 καρπώσασθαι
1516 2788 1617 2860 τῆς
1649 2788 1924 2852 εὐκολίας.

494 2931 652 2986 PIH'.
697 2929 1087 2995 Ἐπισκόποις
1117 2929 1214 2981 καὶ
1262 2928 1697 3008 πρειζσυτέροις
1742 2928 1870 2995 τοῖς
1922 2928 1994 2982 ἐν·
2023 2928 2095 2996 τῇ

1169 3017 1210 3069 5:
1221 3004 1440 3068 υλακῇ.

563 3109 951 3177 Δεσμωτήριον
986 3105 1214 3170 οἰκεῖτε,
1245 3107 1353 3160 καὶ
1380 3105 1574 3161 άλυσιν
1621 3104 1956 3176 περίκεισθε,
2003 3105 2097 3158 καὶ

495 3199 636 3270 μετά
663 3198 772 3252 τῶν
830 3198 1171 3270 αὐχμώντων
1226 3199 1321 3253 καὶ
1370 3197 1671 3272 ρυπώντων
1701 3199 1824 3252 ἐστέ
1863 3215 2099 3253 κατακε-

495 3292 826 3363 κλεισμένοι·
863 3295 961 3346 καὶ
1009 3293 1063 3347 τί
1115 3294 1183 3348 ἂν
1238 3293 1452 3363 γένοιτο
1501 3293 1918 3366 μακαριώτερον
1943 3293 2097 3363 ὐμῶν

493 3387 700 3440 τούτων
721 3387 943 3455 ἐνεκεν;
972 3387 1039 3440 Τί
1061 3386 1172 3457 γὰρ
1190 3387 1432 3441 τοιοῦτον
1453 3387 1718 3457 στέφανος
1739 3386 1976 3459 χρυσοῦς
2006 3404 2098 3439 κε-

494 3476 636 3548 φαλῇ
659 3477 1064 3548 περικείμενος,
1098 3473 1208 3530 οἷον
1229 3475 1415 3540 ἅλυσις
1430 3476 1580 3548 δεξιᾷ
1611 3476 2050 3547 περιπλεκομένη
2068 3489 2096 3518 ι

493 3569 581 3624 διά
616 3568 707 3622 τὸν
748 3570 910 3635 Θεόν;
955 3569 1008 3623 τί
1047 3569 1104 3623 δὲ
1147 3569 1390 3624 τοιοῦτον
1431 3569 1601 3622 οίκίαι
1631 3572 1950 3642 περιφανεῖς
2003 3570 2098 3623 καὶ

499 3664 755 3735 μεγάλαι,
804 3661 918 3717 οἷον
949 3664 1328 3735 δεσμωτήριον
1359 3663 1526 3732 ζόφου
1555 3664 1643 3716 κατ
1700 3663 1874 3734 ῥύπου
1903 3663 2095 3734 γέμον,

498 3757 593 3810 καὶ
615 3754 816 3826 πολλῆς
844 3757 941 3826 τῆς
966 3757 1182 3828 ἀηδίας,
1220 3759 1314 3810 καὶ
1341 3757 1444 3826 τῆς
1478 3755 1713 3826 θλίψεως
1745 3756 1838 3808 διὰ
1863 3754 1962 3824 τήν
1997 3754 2097 3808 αὐ-

498 3849 598 3921 τὴν
625 3849 912 3914 ὐπόθεσιν;
944 3851 1042 3902 Διά
1075 3849 1250 3904 ταῦτα
1302 3850 1585 3922 σκιρτᾶτε,
1617 3847 1938 3919 ἀγάλλεσθε,
1976 3864 2100 3900 στε-

501 3941 794 4011 φανοῦσθε,
827 3942 1105 4013 χορεύετε,
1133 3943 1217 3996 ὅτι
1258 3943 1462 4013 πολλῆς
1492 3942 1768 4012 ἐμπορίας
1803 3942 1933 4013 ὑμῖν
1970 3941 2100 3993 ὐπό-

502 4038 651 4098 θεσις
698 4035 768 4088 τά
819 4035 1106 4105 συμϐάντα
1144 4036 1385 4106 λυπηρά.
1440 4034 1612 4088 Τοῦτο
1655 4034 1858 4104 σπόρος
1890 4033 2101 4104 ἀμητόν

499 4129 909 4200 προαναφωνῶν
928 4128 1328 4198 ἄφατον,τοῦτο
1345 4127 1699 4198 παλαίσματα
1721 4127 1879 4198 νίκην
1907 4125 2102 4196 ἔχοντα

497 4225 595 4277 καὶ
617 4225 870 4296 βραϐεῖα,
900 4224 1059 4279 τοῦτο
1089 4224 1257 4289 πλοῦς
1286 4224 1562 4295 ἐμπορίαν
1577 4222 1782 4295 πολλὴν
1800 4222 2096 4294 προξενῶν.

497 4317 660 4371 Ταῦτ’
694 4313 788 4370 οὖν
847 4318 1065 4370 ἅπαντα
1124 4317 1600 4388 ἀναλογισάμενοι,
1653 4315 1833 4387 κύριοί
1856 4333 1971 4387 μου
2015 4333 2098 4368 τι-

501 4409 762 4480 μιώτατοι
799 4410 892 4463 καὶ
911 4409 1320 4472 εὐλαϐέστατοι,
1344 4409 1566 4479 χαίρετε
1594 4408 1690 4461 καὶ
1713 4407 2097 4479 εὐφραίνεσθε,

502 4501 578 4570 μὴ
604 4499 889 4568 διαλίπητε
921 4499 1015 4551 τὸν
1044 4498 1178 4551 Θεὸν
1212 4498 1306 4550 ἐπὶ
1337 4497 1472 4550 πᾶσι
1493 4497 1827 4562 δοξάζοντες,
1855 4497 1952 4551 καὶ
1973 4513 2097 4550 και-

501 4590 625 4660 ρίας
656 4589 735 4660 τῷ
760 4589 995 4659 διαϐόλῳ
1015 4589 1255 4652 διδόντες
1284 4589 1524 4658 πληγὰς,
1554 4588 1707 4661 [660]
1747 4589 1842 4642 καὶ
1897 4588 2099 4658 πολλὴν

500 4683 715 4743 ἑαυτοῖς
753 4680 814 4732 ἐν
844 4682 958 4742 τοῖς
983 4679 1234 4749 οὐρανοῖς
1266 4677 1760 4749 προαποτιθέμενοι
1791 4678 1889 4747 τὴν
1939 4677 2096 4746 ἀμοι-

499 4772 622 4844 ϐήν.
670 4774 755 4826 Οὐ
807 4772 918 4840 γὰρ
965 4771 1107 4836 ἀξια
1140 4771 1214 4824 τὰ
1237 4769 1561 4839 παθήματα
1586 4770 1694 4823 τοῦ
1743 4769 1861 4824 νῦν
1891 4769 2099 4837 καιροῦ

501 4865 653 4933 πρὸς
684 4863 799 4932 τὴν
825 4863 1187 4934 μέλλουσαν
1214 4862 1407 4927 δόξαν
1428 4863 1968 4916 ἀποκαλύπτεσθαι
2009 4863 2097 4928 είς

505 4955 679 5026 ὑμᾶς.
709 4957 956 5026 Γράφετε
984 4956 1040 5010 δέ
1089 4957 1184 5009 καὶ
1214 4957 1346 5026 ἡμῖν
1397 4954 1658 5027 συνεχῶς.
1723 4955 1938 5026 Σφόδρα
1989 4955 2098 5028 γάρ

502 5049 878 5120 ἐπιθυμοῦμεν
905 5049 1210 5120 γράμματα
1244 5049 1495 5120 δέχεσθαι
1527 5051 1656 5120 παρ’
1680 5047 1984 5120 ἀνθρώπων
2012 5050 2100 5103 διὰ

505 5146 592 5198 τὸν
623 5143 755 5198 Θεὸν
775 5143 1096 5214 δεδεμένων,
1130 5143 1200 5198 τά
1232 5143 1536 5215 παθήματα
1560 5143 1716 5215 ὐμῶν
1737 5143 2100 5212 ἀπαγγέλλον-

504 5256 592 5301 τα,
618 5239 713 5291 καὶ
750 5238 952 5308 πολλὴν
985 5239 1259 5301 ἐντεῦθεν,
1293 5241 1383 5293 καὶ
1417 5242 1475 5293 ἐν
1499 5240 1759 5312 ἀλλοτρίᾳ
1793 5239 2096 5309 διατρίϐον-

508 5349 613 5396 ‹ες,
653 5332 1061 5402 καρπωσόμεθα
1098 5334 1199 5404 τὴν
1233 5332 1598 5404 παράκλησιν.

823 5449 973 5500 PIG’.
1013 5449 1284 5518 Θεοφίλῳ
1339 5449 1740 5518 πρεσϐυτέίῳ.

574 5537 784 5590 Οὐκοῦν
813 5539 1000 5609 ἐπειδὴ
1044 5558 1126 5592 σοι
1163 5540 1335 5611 θύραν
1360 5541 1572 5610 ἀνὲῳξα
1593 5542 1685 5596 τοῦ
1718 5543 1969 5613 γράφειν,
2005 5542 2100 5594 δεῖ-

566 5737 595 5768 “
621 5749 804 5789 omnes
826 5745 1127 5810 ms:~._:)'Jo_';
1157 5745 1302 5810 δεξιὼ
1330 5749 1705 5809 τίμτνὶίκτμένη
1751 5748 1878 5799 Infra
1901 5749 2098 5810 quidam

503 5810 616 5851 mss.
646 5809 834 5866 σιιιρνὶτ
850 5825 865 5852 -;
887 5807 958 5851 νεῖ
987 5807 1287 5868 inn-nae.

1179 355 1237 412 S.
1278 353 1568 412 JOANNIS
1603 333 2110 412 CﬁRYSOSTOHl
2147 353 2473 416 ARCIIIEP.
2514 359 3064 420 CONSTANTINOP.

3690 365 3799 420 67‘

2200 466 2292 534 εον
2322 468 2401 534 ὡς
2418 472 2518 543 οὐχ
2554 476 2584 527 ό
2615 474 2772 539 ὄκνος
2792 474 2965 529 ἐποίει
2979 472 3077 545 τὴν
3100 473 3410 546 ἔμπροσθεν
3441 477 3621 548 σιγὴν,
3648 477 3790 534 ἀλλὰ

2199 561 2261 615 τὸ
2314 567 2446 636 παρ’
2483 568 2644 638 ήμῶν
2698 569 2988 640 ἀναμένειν
3043 566 3228 622 λαϐεῖν
3274 567 3370 622 τοῦ
3426 568 3660 642 γράφειν
3692 570 3792 644 τήν

2204 660 2533 732 παρρησίαν,
2568 662 2664 715 καὶ
2688 662 2870 731 πέμπε
2895 659 3120 729 νιφάδας
3144 661 3279 730 ἡμῖν
3303 660 3670 732 γραμμάτων,
3692 660 3794 732 τὴ)

2201 750 2302 822 σὴν
2357 751 2812 820 ἀπαγγελλόντων
2868 753 2999 822 ήμῖν
3053 751 3438 822 εὐδοκίμησιν·
3479 748 3638 806 οἶσθα
3682 751 3793 823 γὰρ

2198 841 2348 904 ὅπως
2409 841 2583 911 αὐτῆς
2633 842 2991 913 ἀντεχόμεθα·
3030 841 3165 913 μηδὲ
3225 845 3371 914 ἀφῇς
3410 845 3510 913 τῆς
3550 843 3794 914 ἀθυμίας

2197 933 2298 1005 τὴν
2334 934 2623 1006 τυραννίδα
2661 937 2742 998 είς
2791 937 2951 1007 σιγήν
3004 952 3064 988 σε
3111 934 3391 1006 ἐμϐαλεῖν,
3431 935 3571 989 ἀλλά
3607 936 3794 1005 πάσης

2197 1025 2438 1096 ἀράχνης
2468 1026 2836 1099 εὐκολώτερον
2853 1027 3024 1100 αὐτὴν
3059 1028 3389 1094 διασπάσας,
3427 1030 3618 1097 φαίνου
3651 1030 3795 1100 λαμ-

2200 1117 2336 1187 πρὸς
2375 1117 2468 1170 ἐπὶ
2504 1118 2603 1188 τῆς
2647 1117 3028 1190 παρατάξεως,
3053 1120 3150 1173 καὶ
3180 1123 3249 1191 τῇ
3297 1120 3465 1192 πολλῇ
3506 1121 3796 1194 παρρησίᾳ

2199 1211 2294 1265 καὶ
2322 1209 2610 1283 ἐλευθερία
2636 1212 2880 1282 συγχέων
2905 1213 3032 1276 τούς
3061 1213 3358 1278 ἐναντίους.
3387 1215 3503 1268 Νῦν
3544 1215 3658 1286 γάρ
3676 1215 3795 1269 ἐστι

2199 1302 2388 1374 καιρὸς
2420 1302 2446 1342 ι’
2473 1302 2878 1374 εὐδοκιμήσεως
2923 1305 3016 1358 καὶ
3070 1306 3343 1376 ἐμπορίας
3385 1306 3607 1377 πολλῆς.
3658 1306 3796 1361 Οὐδὲ

2199 1393 2308 1464 γὰρ
2334 1392 2575 1466 ἔμπορος
2594 1395 2652 1448 ἐν
2673 1394 2854 1464 λιμένι
2881 1394 3210 1467 καθήμενος,
3230 1396 3300 1449 τά
3319 1397 3514 1466 φορτία
3535 1397 3796 1463 συνάγειν

2195 1484 2399 1538 δύναιτ’
2435 1484 2523 1550 ἂν,
2547 1484 2684 1538 ἀλλά
2717 1486 2905 1557 μακρά
2932 1486 3208 1558 διαπερῶν
3225 1487 3459 1557 πελάγη,
3491 1488 3584 1542 καὶ
3612 1489 3795 1556 κυμά-

2197 1593 2305 1630 των
2328 1577 2707 1649 κατατολμῶν,
2735 1580 2831 1633 καὶ⁸
2855 1579 2998 1650 λιμῷ
3031 1580 3126 1633 καὶ
3155 1577 3368 1651 θηρίοις
3388 1582 3500 1643 τοῖς
3529 1579 3589 1632 ἐν
3619 1578 3793 1632 πελά-

2197 1685 2291 1736 γετ
2309 1669 2621 1735 πυκτεύων,
2654 1671 2748 1724 καὶ
2794 1670 2994 1734 πολλὰς
3030 1670 3224 1742 ἐτέρας
3270 1670 3559 1741 ὑπομένων
3597 1670 3797 1724 δυσκο-

2197 1759 2337 1823 λίας.
2385 1760 2552 1813 Ταῦτ’
2588 1757 2684 1815 οῦν
2733 1761 2829 1816 καὶ
2862 1760 3025 1825 αὐτὸς
3077 1760 3454 1830 λογισάμενος,
3487 1757 3564 1822 ὡς
3605 1759 3636 1810 ὁ
3683 1759 3796 1811 τῶν

2196 1852 2386 1905 δεινῶν
2407 1853 2599 1923 καιρὸς
2624 1848 2779 1917 οὗτος
2805 1854 2906 1924 τῆς
2949 1853 3223 1925 ἐμπορίας
3277 1852 3396 1904 ἐστὶ
3435 1851 3650 1922 καιρὸς,
3700 1851 3798 1903 καὶ

2199 1945 2401 2016 πολλῆς
2438 1946 2864 2017 εὐδοκιμήσεως,
2888 1948 2982 2000 καὶ
3002 1945 3210 2016 μισθῶν
3233 1943 3478 2014 ἀφάτων,
3500 1943 3797 2014 διανάστηο

2200 2037 2293 2090 σόν
2319 2054 2413 2089 σου
2448 2037 2510 2089 τὸ
2560 2037 2762 2110 πτερὸν
2797 2038 2900 2109 τῆς
2944 2037 3205 2103 διανοίας,
3251 2037 3346 2091 καὶ
3369 2036 3471 2107 τὴν
3503 2034 3655 2089 κόνιν
3693 2032 3798 2104 τῆς

2197 2126 2436 2198 ἀθυμίας
2482 2129 2951 2199 ἀποτιναξάμενος
3005 2128 3145 2200 μετά
3179 2127 3380 2200 πολλῆς
3401 2127 3502 2197 τῆς
3538 2127 3800 2191 εὐκολίας

2199 2221 2382 2275 πᾶσαν
2405 2223 2696 2294 περίτρεχε
2721 2223 2819 2295 τὴν
2851 2223 3130 2293 φάλαγγα,
3159 2221 3496 2293 συγκροτῶν,
3528 2219 3798 2289 ἀλείφων,

2199 2315 2446 2379 ἃπαντας
2484 2316 2789 2386 διεγείρων,
2825 2315 3058 2387 νευρῶν,
3091 2313 3540 2384 σπουδαιοτέρους
3596 2310 3795 2367 ποιιῖιν.

2198 2407 2311 2461 Καὶ
2337 2407 2513 2461 ταῦτα
2546 2409 2681 2479 ήμῖν
2709 2407 2870 2480 δήλου
2895 2407 2985 2462 διά
3010 2405 3356 2478 γραμμάτων
3384 2404 3492 2458 τῶν
3518 2405 3650 2469 σῶν,
3691 2420 3769 2475 μη
3785 2433 3800 2443 -

2196 2499 2286 2554 δέν
2347 2500 2720 2572 ὑφορώμενος,
2776 2503 2825 2555 εί
2882 2500 3285 2571 κατορθώματα
3349 2498 3564 2571 μέλλοις
3629 2496 3800 2561 αὐτὸς

2198 2590 2566 2659 ἀπαγγέλλειν
2617 2590 2688 2644 τά
2745 2590 2834 2655 σά,
2889 2590 3004 2645 ἀλλ’
3059 2590 3135 2654 ὠς
3177 2589 3466 2660 ὐπόταγμα
3521 2590 3632 2659 ήμε.
3673 2603 3800 2656 ερον

2199 2681 2398 2748 ἀνύων,
2447 2683 2675 2754 χαρίζου
2721 2683 2924 2754 ταύτην
2959 2685 3092 2756 ἡμῖν
3138 2683 3238 2755 τὴν
3285 2679 3646 2753 εὐφροσύνην,
3709 2681 3800 2734 ῖνι

2199 2776 2294 2829 καὶ
2324 2776 2608 2848 πόρρωθεν
2644 2776 2818 2840 ὄντες,
2860 2776 3062 2848 πολλὴν
3094 2773 3519 2849 καρπωσώμεθα
3544 2773 3648 2844 τὴν
3671 2773 3800 2844 ήδο-

2200 2867 2318 2937 νὴν,
2341 2866 2515 2921 ταῦτα
2545 2867 2835 2932 ἀκούοντες
2864 2869 3016 2940 ποιρά
3041 2871 3140 2941 τῆς
3169 2868 3269 2939 σῆς
3307 2865 3617 2931 εὐλαϐείας,
3650 2867 3803 2937 ἅπερ

2201 2958 2576 3032 ἐπιθυμοῦμεν
2600 2961 2916 3032 μανθάνειν.

2771 3164 2898 3218 PK'.
2943 3159 3232 3229 Θεοδώρᾳ.

2285 3321 2689 3392 Ἀνηλώθημεν,
2722 3321 3162 3395 ἐδαπανήθημεν,
3192 3322 3424 3395 μυρίους
3451 3323 3802 3392 ἀπεθάνομεν

2204 3410 2471 3476 θανάτους
2505 3425 2554 3453 ο·
2595 3413 2693 3468 καὶ
2711 3413 2884 3469 ταῦτα
2915 3415 3095 3468 ίσασιν
3117 3414 3509 3486 ἀκριϐέστερον
3526 3413 3799 3482 ἀπαγγεῖο

2201 3503 2291 3557 λαι
2306 3506 2357 3557 οἱ
2373 3505 2442 3558 τά
2457 3508 2761 3578 γράμματα
2785 3506 3204 3579 ἐγχειρίζοντες,
3223 3507 3315 3561 καὶ
3332 3505 3506 3560 ταῦτα
3533 3507 3804 3578 βραχεῖαν

2206 3599 2379 3669 ῥοπήν
2406 3600 2541 3670 ἡμῖν
2578 3599 2986 3671 συγγενόμενοι·
3014 3599 3150 3671 πρὸς
3177 3600 3275 3663 οὓς
3294 3599 3419 3654 οὐδὲ
3445 3599 3801 3668 διαλεχθῆναί

2200 3706 2252 3742 τι
2284 3690 2480 3760 μικρὸν
2533 3691 2898 3762 ἠδυνήθημεν,
2945 3691 3050 3745 ὐπὺ
3095 3691 3208 3746 τῶν
3259 3690 3500 3760 συνεχῶν
3543 3689 3802 3758 πυρετῶν

2204 3781 2695 3854 καταϐεϐλημένοι,
2721 3783 2816 3848 οὓς
2835 3784 2976 3856 ἔχων
3006 3786 3102 3839 καὶ
3131 3785 3193 3838 ἐν
3221 3784 3379 3838 νυκτὶ
3405 3783 3499 3837 καὶ
3526 3783 3587 3836 ἐν
3611 3781 3802 3854 ἡμέρᾳ

2201 3873 2505 3944 ὁδοιπορεῖν
2541 3874 2955 3948 ἠναγκαζόμην,
2972 3877 3065 3930 καὶ
3093 3874 3290 3948 θάλπει
3317 3873 3800 3944 πολιορκούμενος,

2205 3967 2299 4020 καὶ
2324 3967 2429 4020 ὐπὸ
2465 3967 2774 4039 ἀγρυπνίας
2803 3969 3270 4041 διαφθειρόμενος,
3305 3969 3400 4022 καὶ
3429 3967 3534 4021 ὑπὸ
3559 3967 3663 4038 τῆς
3686 3965 3802 4020 τῶν

2206 4058 2532 4130 ἐπιτηδείων
2560 4059 2798 4130 ἐρημίας
2823 4060 3218 4131 ἀπολλύμενος,
3249 4060 3345 4115 καὶ
3376 4059 3476 4131 τῆς
3509 4059 3624 4113 τῶν
3659 4075 3798 4130 προσ

2206 4153 2553 4224 στησομένων
2579 4153 2834 4223 ἀπορίας.
2857 4153 2970 4207 Καὶ
2987 4152 3097 4224 γάρ
3114 4151 3225 4206 τῶν
3257 4150 3330 4205 τά
3357 4149 3599 4220 μέταλλα
3627 4151 3800 4221 ἐργα-

2204 4247 2467 4317 ζομένων,
2499 4246 2595 4300 καὶ
2628 4245 2698 4300 τά
2727 4247 3079 4318 δεσμωτήρια
3102 4245 3398 4299 οίκούντων
3437 4243 3801 4316 χαλεπώτερα

2203 4341 2298 4393 καὶ
2327 4339 2681 4410 πεπόνθαμεν
2697 4340 2792 4394 καὶ
2814 4339 3118 4410 πάσχομεν.
3137 4338 3266 4408 Ὀψὲ
3293 4338 3350 4391 δέ
3367 4353 3496 4391 ποτε
3523 4337 3621 4391 καὶ
3640 4336 3800 4406 μόλις

2205 4431 2468 4502 ἐπέτυχον
2486 4431 2590 4501 τῆς
2617 4429 2977 4502 Καισαρείας,
2999 4430 3075 4494 ὡς
3099 4429 3209 4484 ἀπὸ
3222 4429 3490 4500 χειμῶνος
3515 4430 3596 4492 είς
3623 4429 3799 4500 γαλή-

2205 4540 2302 4592 νην
2318 4522 2473 4596 [661]
2506 4524 2602 4578 καὶ
2646 4525 2727 4587 είς
2755 4523 2952 4593 λιμένα
3001 4521 3194 4576 ἐλθών.
3242 4522 3386 4576 Ἀλλ’
3428 4524 3550 4577 οὐδέ
3577 4524 3606 4576 ό
3629 4522 3802 4595 λιμὴν

2203 4611 2358 4679 οὗτος
2383 4609 2604 4686 ἴσχυσεν
2648 4614 3058 4685 ἀνακτήσασθαι
3098 4613 3168 4667 τά
3217 4615 3328 4668 ἀπὺ
3356 4613 3451 4666 τοῦ
3500 4614 3799 4669 κλυδωνίου

2207 4711 2374 4765 καγά·
2401 4709 2546 4764 οῖἰτω
2570 4709 2828 4773 καθάπαξ
2861 4711 3010 4779 ἡμᾶς
3043 4710 3072 4761 ό
3104 4707 3414 4780 ἔμπροσθεν
3443 4708 3632 4781 χρόνος
3662 4726 3802 4764 κατ-

2205 4802 2519 4873 ειργάσατο.
2559 4800 2697 4870 Ἀλλ’
2743 4800 2892 4870 ὅμως
2936 4799 3107 4853 ἐλθὼν
3156 4800 3238 4864 είς
3277 4798 3374 4870 τὴν
3428 4800 3800 4870 Καισάρειαν,

2207 4895 2404 4966 μικρὸν
2429 4892 2689 4962 άνέψυξα,
2710 4892 2792 4945 ὅτι
2824 4890 3016 4954 ὓδατος
3038 4890 3190 4944 ἔπιον
3221 4889 3486 4962 καθαροῦ,
3511 4892 3594 4945 ὅτι
3627 4891 3802 4962 ἄρτου

2203 4985 2304 5038 οὐκ
2335 4984 2590 5048 όδωδότος
2617 4983 2738 5037 οὐδὲ
2776 4983 3211 5054 κατεσκληκότος
3240 4982 3553 5054 μετέλαϐον,
3592 4983 3677 5036 ὅτι
3696 4983 3802 5038 οὐκ

2205 5077 2285 5130 ἐτι
2313 5079 2370 5129 ἐν
2403 5079 2512 5140 τοῖς
2544 5076 2820 5146 κλάσμασι
2837 5076 2946 5128 τῶν
2980 5075 3154 5128 πίθων
3186 5072 3473 5146 ἐλουόμην,
3503 5073 3618 5128 ἀλλ’
3637 5069 3801 5145 εὗρον

2207 5170 2486 5239 βαλανεῖον
2524 5165 2635 5222 οἷον
2667 5170 2890 5241 δήποτε,
2945 5169 3029 5222 ὅτι
3071 5165 3500 5240 συγκεχώρημαι
3533 5167 3672 5229 τέως
3726 5169 3798 5238 τῇ

2206 5261 2362 5334 κλίνῃ
2389 5260 2794 5333 προσηλῶσθαι.
2840 5261 2995 5330 Ἐνῆν
3013 5259 3106 5313 καὶ
3123 5257 3344 5312 πλείονα
3360 5257 3565 5311 τούτων
3595 5257 3796 5322 εἰπεῖν,

2204 5355 2318 5408 ἀλλ’
2353 5355 2438 5406 ἴνα
2473 5354 2546 5423 μὴ
2590 5353 2804 5424 συγχέω
2836 5370 2930 5406 σου
2965 5353 3064 5422 τὴν
3103 5351 3360 5422 μάθησιν,
3402 5351 3562 5420 μέχρι
3601 5347 3796 5402 τούτου

2207 5447 2395 5517 ἵστημι
2436 5434 2731 5511 τὸνλόγον,
2788 5447 2965 5498 ἐκεῖνο
2999 5443 3334 5514 προστιθεὶς,
3379 5443 3460 5496 ὃτι
3501 5441 3576 5511 μὴ
3607 5439 3798 5514 παύσῃ

2206 5540 2536 5602 ’ἶνειδίξουπα
2573 5541 2680 5600 τοῖς
2714 5539 3004 5606 ἀγαπῶσιν
3035 5537 3199 5608 ἡμᾶς,
3229 5539 3310 5589 ὅτι
3342 5534 3624 5596 τοσούτους
3643 5533 3796 5604 ἔχον-

2265 5745 2290 5782 Ῑ)
2321 5744 2432 5792 Ηδει.
2470 5745 2548 5790 νῦν
2571 5745 2657 5802 γὰρ
2684 5749 2790 5800 ἡμῖν
2817 5745 2984 5802 ιτιρόε.
3018 5744 3152 5792 linus
3173 5746 3280 5801 ὑμῖν

2251 5808 2288 5884 I'
2319 5808 2426 5858 Duc
2461 5819 2572 5855 ms;
2607 5808 2782 5868 gvugior,
2808 5807 2852 5853 ἀι
2879 5808 2954 5854 εθλ
2985 5822 3094 5870 ομυι·
3118 5805 3344 5862 Θαικάιοις.

2329 6013 2362 6037 ἱ
