4076 6426
275 421 386 483 673

280 529 594 606 ignoscendi
617 539 836 584 causam
862 535 983 580 esse
1009 517 1405 577 demonstrabis
1421 555 1440 584 ,
1467 512 1608 589 quod
1643 513 1744 568 hac
1784 527 1873 566 ra-

278 601 432 680 tione
479 620 650 677 multo
687 617 947 688 majorem
998 609 1343 668 humanitatis
1388 622 1452 664 ac
1495 601 1878 661 misericordiae

283 714 562 770 materiam
612 713 666 767 in
713 708 947 764 futurum
991 703 1086 760 tibi
1125 698 1511 772 prmconditura
1549 696 1645 750 sis.
1674 693 1874 763 Quam-

284 808 473 863 obrem
501 805 659 869 iram,
686 799 902 858 etiamsi
930 795 1126 865 alioqui
1148 793 1369 864 justam,
1391 787 1616 859 depelle,
1645 784 1879 853 indigna-

286 897 489 952 tionem
521 894 792 963 sapienter
815 887 1113 958 comprime
1144 902 1159 940 :
1191 883 1296 938 hoc
1331 880 1443 935 Deo
1482 874 1731 933 sacriﬁcii
1758 874 1878 928 loco

290 987 442 1051 affer;
472 983 629 1040 nobis
651 982 814 1038 etiam
835 1021 851 1046 ,
874 978 1066 1050 quibus
1109 988 1235 1033 cara
1269 985 1330 1028 es
1349 1012 1364 1038 ,
1395 969 1498 1026 hoc
1540 967 1756 1035 indulge
1782 982 1794 1016 :
1825 976 1878 1017 ut

284 1086 566 1149 quantam,
583 1074 670 1130 vel
691 1072 840 1128 brevi
866 1069 1111 1142 epistola,
1138 1064 1278 1136 apud
1312 1073 1363 1119 te
1387 1061 1754 1117 auctoritatem
1779 1055 1877 1110 ha-

290 1146 516 1228 heamus
537 1165 780 1222 ostende.
807 1162 926 1218 Tibi
951 1161 1112 1217 etiam
1136 1158 1234 1227 ipsi
1264 1169 1455 1225 magna
1487 1154 1601 1207 hac
1622 1164 1741 1221 qum
1764 1146 1876 1201 dixi

287 1262 493 1332 prebe,
521 1273 715 1328 nempe
742 1265 800 1311 ut
823 1267 970 1310 motu
993 1267 1058 1308 ac
1081 1248 1478 1321 perturbatione
1505 1257 1682 1308 vaces,
1710 1251 1767 1296 ut
1797 1249 1880 1292 tu-

285 1329 517 1407 multum
565 1347 691 1403 hinc
715 1346 979 1401 orientem
1022 1356 1091 1398 ex
1139 1339 1318 1394 animo
1355 1346 1445 1392 tuo
1472 1333 1675 1404 ejicias,
1703 1339 1763 1385 ut
1787 1329 1883 1384 de-

286 1443 453 1513 nique
492 1439 564 1496 ob
602 1454 720 1494 eam
747 1450 962 1492 causam
991 1447 1180 1504 magna
1211 1445 1331 1486 cum
1370 1427 1534 1482 animi
1577 1424 1770 1480 ﬁducia
1797 1421 1883 1476 in-

281 1547 531 1606 gressum
589 1531 644 1586 in
699 1544 920 1600 regnum
964 1542 992 1580 a
1036 1526 1266 1594 benigno
1296 1522 1406 1577 Deo
1441 1519 1695 1590 postules.
1724 1517 1883 1570 Beni-

286 1626 492 1696 gnitate
517 1625 713 1694 quippe
751 1636 874 1691 erga
910 1617 1212 1688 proximum
1243 1611 1475 1683 ingentia
1505 1608 1706 1665 scelera
1735 1620 1885 1662 como

287 1695 606 1770 modissime
629 1712 931 1780 expiantur.
960 1707 1023 1762 Si
1053 1705 1188 1761 enim
1206 1746 1220 1770 ,
1252 1702 1424 1772 inquit
1446 1699 1708 1764 Christus,
1736 1695 1884 1749 remi-

286 1807 454 1862 διήιξε
493 1802 778 1860 hominibus
825 1801 1010 1855 delicta
1055 1814 1149 1854 sua
1171 1837 1187 1862 ,
1219 1795 1432 1850 remittet
1477 1801 1522 1847 et
1560 1791 1696 1846 vobis
1731 1787 1886 1842 Pater

287 1907 450 1953 uester
492 1895 709 1950 celestis
739 1894 757 1965 (
787 1891 974 1947 Matth.
1005 1890 1061 1945 6.
1087 1885 1202 1961 14).
1233 1886 1358 1941 llaec
1381 1883 1543 1954 igitur
1563 1880 1741 1936 omnia
1766 1894 1886 1934 cum

290 1989 472 2046 animo
500 1997 592 2042 tuo
620 1984 988 2049 considerans,
1018 1980 1084 2036 ad
1111 1993 1211 2034 nos
1234 1975 1514 2048 epistolam
1555 1972 1739 2034 mitte,
1768 1985 1887 2039 qua:

289 2083 478 2141 literas
506 2089 718 2137 nostras
743 2076 943 2146 aliquid
971 2072 1260 2144 profecisse
1285 2067 1565 2140 signiﬁcet.
1587 2063 1719 2119 Nam
1742 2060 1883 2132 quod

289 2173 457 2231 officii
487 2170 656 2228 nostri
687 2169 824 2224 ratio
851 2166 1167 2238 postulabat,
1196 2161 1544 2224 absolvimus,
1570 2155 1728 2226 idque
1747 2151 1886 2222 quod

289 2281 345 2322 tn
387 2274 572 2319 nostro
600 2259 822 2316 arbitrio
868 2258 1028 2313 situm
1071 2260 1219 2321 erat,
1264 2249 1529 2315 fecimus;
1561 2244 1887 2306 monuimus,

291 2357 638 2427 rogavimus,
673 2349 898 2422 gratiam
943 2346 1223 2417 petiimus,
1251 2355 1371 2412 quae
1395 2336 1679 2408 oportebat
1715 2333 1889 2390 suasi-

291 2463 438 2506 mus.
483 2446 597 2500 Tua
635 2444 748 2515 jam
786 2453 946 2497 causa
995 2451 1217 2508 prorsus
1261 2434 1586 2489 laboramus.
1615 2429 1748 2483 Nam
1795 2438 1895 2515 nos

291 2537 532 2610 quidem,
571 2514 686 2590 sive
710 2541 894 2587 nostra
923 2529 1046 2584 haec
1061 2524 1361 2582 cohortatio
1387 2519 1583 2591 aliquid
1622 2514 1892 2578 eﬂ‘ecerit,

296 2608 413 2687 sive
463 2627 598 2683 nihil
647 2623 894 2681 utilitatis
935 2619 1209 2683 attulerit,
1237 2631 1446 2672 merces
1489 2619 1670 2668 manet
1709 2627 1725 2665 :
1769 2608 1897 2663 licet

294 2721 442 2776 enim
485 2719 646 2774 etiam
691 2714 981 2771 verborum
1029 2707 1334 2766 mercedem
1362 2709 1582 2761 ret'erre.
1610 2701 1762 2756 Nunc
1800 2714 1896 2753 au-

302 2822 412 2868 tem
442 2809 621 2865 omnis
646 2814 832 2862 noster
859 2805 1012 2860 labor
1035 2817 1101 2858 eo
1128 2808 1354 2871 spectat,
1381 2807 1439 2852 ut
1459 2811 1555 2867 per
1581 2808 1694 2849 rem
1726 2793 1893 2862 ipsam

297 2911 354 2958 te
377 2913 592 2970 quoque
616 2897 890 2951 lucremur
913 2934 928 2959 ,
959 2908 1023 2948 ac
1051 2901 1107 2947 tu
1132 2905 1227 2961 per
1252 2888 1411 2958 hujus
1442 2888 1563 2940 vitae
1590 2891 1736 2940 recte
1763 2882 1895 2937 facta

300 2995 479 3048 futura
508 2998 564 3045 et
585 2986 908 3062 immortalia
934 2986 1074 3040 bona
1099 2981 1346 3039 facillime
1377 2977 1662 3050 percipias.

299 3083 394 3142 CX
406 3082 479 3139 Vl
488 3081 576 3140 ll.
593 3080 860 3153 Episcopi:
885 3086 933 3132 et
959 3075 1256 3146 presbyteris
1280 3074 1334 3126 in
1361 3086 1560 3125 carcere
1585 3067 1898 3140 degentibus.

642 3171 778 3246 (Sub
802 3169 1010 3225 initium
1033 3164 1209 3223 exsilii
1234 3178 1375 3221 anno
1400 3161 1550 3230 ιοι.)

372 3266 661 3323 Careerem
701 3260 958 3326 incolitis,
1005 3265 1063 3314 et
1093 3265 1280 3312 catena
1306 3252 1468 3308 vincti
1496 3250 1626 3305 estis
1646 3290 1662 3316 ,
1692 3257 1748 3303 et
1774 3261 1895 3302 cum

302 3355 561 3430 squalidis
586 3362 644 3410 et
667 3350 899 3408 sordidis
934 3345 1163 3403 inclusi:
1195 3352 1251 3400 et
1277 3341 1405 3413 quid
1430 3339 1644 3396 tandem
1677 3337 1781 3393 hoc
1804 3352 1900 3391 no-

309 3428 458 3508 mine
484 3445 690 3502 beatius
708 3441 862 3496 vobis
888 3438 1013 3508 tingi
1039 3435 1241 3508 queat?
1267 3431 1405 3502 Quid
1429 3431 1571 3488 enim
1599 3428 1705 3485 tale
1744 3428 1904 3483 habet

304 3555 468 3598 aurea
523 3550 723 3593 corona
767 3539 931 3602 caput
966 3529 1206 3599 cingens,
1245 3524 1403 3596 quale
1447 3531 1636 3578 catena
1680 3535 1896 3576 manum

308 3639 531 3704 prepter
577 3627 746 3683 Deum
791 3619 1130 3679 circumdatis
1153 3618 1179 3671 τ
1231 3615 1360 3688 quid
1405 3613 1509 3670 tale
1554 3613 1798 3683 ingentes
1847 3619 1902 3664 et

307 3718 604 3794 splendida:
627 3717 841 3782 domus,
872 3712 1030 3785 quale
1070 3724 1282 3774 cancer,
1327 3705 1592 3777 caliginis,
1638 3703 1902 3766 sordium,

310 3816 543 3889 ingentis
571 3811 777 3870 fmtoris
800 3819 857 3865 et
878 3803 1198 3862 calamitatis
1226 3802 1437 3874 plenus,
1468 3799 1560 3855 Dei
1588 3810 1750 3853 causa
1776 3795 1910 3849 tole-

310 3887 462 3968 ratus
479 3908 506 3961 ‘.'
533 3907 663 3974 Quae.
687 3918 809 3960 cum
835 3902 908 3955 ita
938 3899 1066 3963 sint,
1089 3895 1336 3968 gaudete,
1365 3891 1656 3955 exsultate,
1693 3887 1906 3965 coronis

311 4006 476 4070 caput
497 3995 714 4065 cingite,
744 3989 1052 4062 tripudiate,
1074 3985 1240 4056 quod,
1266 3981 1546 4060 molestiae,
1580 3979 1633 4033 in
1658 3992 1790 4048 quas
1821 3977 1902 4029 in-

313 4089 522 4148 cidistis
545 4129 560 4153 ,
591 4099 836 4156 magnam
874 4080 1026 4136 vobis
1052 4075 1456 4134 commodorum
1488 4070 1766 4125 materiam
1813 4082 1906 4119 ar-

314 4187 554 4240 cersant.
580 4155 695 4232 Hoc
722 4173 973 4229 nimirum
999 4183 1183 4225 semen
1207 4173 1292 4221 est
1310 4204 1328 4231 ,
1352 4175 1583 4219 messem
1603 4155 1908 4228 copiosissi-

317 4288 462 4329 mam
504 4265 877 4340 przenuntians
922 4279 936 4315 :
976 4261 1079 4316 hoc
1105 4259 1282 4321 luctas,
1309 4254 1586 4310 victoriam
1629 4261 1684 4306 et
1711 4249 1914 4320 palmas

317 4362 643 4419 allerentes:
674 4357 774 4412 hoc
800 4352 1067 4424 navigatio
1089 4391 1106 4416 ,
1146 4347 1380 4418 amplum
1422 4354 1479 4399 ct
1505 4343 1722 4398 uberem
1765 4355 1912 4407 qua:-

316 4463 464 4512 stum
481 4449 793 4507 concilians.
814 4445 940 4500 Hzec
965 4443 1124 4513 igitur
1149 4437 1330 4494 omnia
1355 4450 1477 4491 cum
1507 4432 1698 4494 animis
1721 4434 1916 4485 vestris

318 4553 666 4618 reputantes,
703 4533 1138 4595 reverendissimi
1176 4545 1240 4586 ac
1281 4523 1668 4598 religiosissimi
1713 4519 1914 4576 domini

319 4613 450 4703 mei,
499 4632 727 4706 gaudete
770 4644 834 4685 ac
878 4622 1154 4688 lartamini,
1187 4636 1286 4677 nec
1310 4627 1518 4686 tempus
1544 4615 1710 4671 ullum
1741 4613 1910 4668 inter-

319 4704 538 4791 mittite,
569 4725 695 4796 quin
741 4723 906 4776 Deum
946 4719 999 4772 in
1044 4714 1293 4771 omnibus
1337 4710 1499 4765 rebus
1555 4704 1806 4767 laudetis,
1854 4719 1918 4757 ac

321 4817 634 4875 mortiferas
661 4812 877 4868 diabolo
899 4809 1080 4880 plagas
1108 4802 1349 4860 inferatis
1373 4840 1388 4866 ,
1418 4801 1796 4869 ingentemque
1823 4809 1916 4845 vo-

321 4913 405 4968 bis
447 4908 578 4979 ipsis
623 4905 678 4960 in
714 4903 859 4958 czelis
908 4895 1209 4954 mercedem
1240 4889 1568 4948 recondatis.
1619 4885 1741 4940 Non
1784 4885 1910 4936 eum

321 4973 594 5070 cartdignte
626 5003 742 5050 sunt
773 4991 1032 5063 passiones
1060 4987 1211 5057 hujus
1249 4981 1424 5038 εωειιιί
1451 4981 1518 5032 ad
1544 4979 1768 5048 futuram
1804 4973 1912 5045 gla-

325 5063 499 5157 riarn;
525 5102 641 5159 qua:
678 5082 980 5139 revelabitur
1020 5079 1074 5132 in
1103 5075 1239 5131 vobis
1284 5073 1460 5143 (Rom.
1487 5070 1540 5124 8.
1573 5067 1685 5138 l8).
1712 5063 1793 5119 Ad
1823 5078 1922 5116 nos

327 5191 506 5238 autem
537 5191 697 5248 quam
724 5171 1019 5243 smpissime
1047 5167 1283 5222 scribite.
1308 5165 1350 5218 Α
1382 5161 1536 5216 vobis
1564 5157 1761 5214 etenim
1788 5196 1803 5220 ,
1831 5153 1919 5223 qui

330 5275 423 5329 Dei
450 5285 611 5327 causa
638 5265 797 5320 Vlnl'll
830 5263 982 5325 estis,
1002 5261 1202 5320 literas,
1232 5269 1352 5325 qua:
1378 5250 1697 5305 afllictiones
1718 5255 1924 5300 vestras

332 5368 629 5435 exponant,
658 5368 980 5427 magnopere
1007 5351 1249 5418 accipere
1273 5344 1514 5413 cupimus
1551 5359 1563 5394 :
1597 5339 1823 5406 hincque
1846 5335 1923 5387 in-

330 5425 568 5526 gentem,
599 5425 766 5505 etiani
789 5448 840 5500 in
871 5454 1088 5499 externa
1125 5442 1264 5492 terra
1300 5435 1576 5503 degentes,
1603 5425 1923 5484 consolatio-

335 5561 457 5601 nam
475 5541 775 5612 capiemus.
1616 5535 1622 5540 '

333 5608 850 5698 (ΣΙΙΧίΤΙιεορΙιὲιο
891 5622 1197 5692 presbytero.
1221 5615 1452 5685 (Scripta
1497 5626 1616 5665 cum
1661 5608 1923 5663 Cnettsum

758 5705 763 5708 ’
828 5721 1076 5785 pergeret
1115 5722 1257 5762 anno
1288 5703 1438 5767 iO-l.)

413 5811 551 5884 Ergo
573 5817 918 5882 posteaquam
965 5801 1058 5857 tibi
1106 5817 1134 5855 ει
1173 5812 1258 5854 me
1307 5789 1570 5851 scribendi
1596 5788 1755 5859 janua
1785 5793 1921 5858 pate-

1733 399 2107 461 EPISTOLE.

3447 396 3548 457 67‘

1979 511 2115 570 facta
2139 519 2243 578 est,
2279 510 2404 567 illud
2431 510 2673 578 ostende,
2701 518 2754 569 te
2776 511 3040 584 superiori
3062 518 3304 582 tempore
3321 524 3426 567 non
3458 526 3554 567 ne-

1980 601 2228 672 gligentia
2261 600 2510 668 tacuisse,
2539 617 2745 667 verum,
2773 602 2917 673 quod
2947 601 3076 658 illud
3105 611 3466 672 exspectares,
3498 614 3555 657 ut

1983 693 2136 748 tibia
2166 708 2252 748 me
2289 691 2555 749 scribendi
2599 693 2793 749 ﬁducia
2819 694 3146 764 przeberetur
3176 713 3191 748 :
3235 707 3299 748 ac
3341 693 3470 748 mihi
3505 694 3557 748 li-

1985 793 2216 838 terarum
2245 797 2363 854 qua:
2387 799 2474 839 me
2499 783 2568 840 de
2597 784 2828 841 nominis
2849 784 2922 840 tui
2941 784 3201 850 claritate,
3229 784 3314 840 cui
3335 791 3568 854 quanto—

1985 889 2110 943 pere
2139 873 2340 931 faveam
2390 890 2496 929 non
2530 875 2764 943 ignoras,
2806 876 3091 932 certiorem
3121 873 3336 942 faciant,
3384 875 3571 945 ingen-

1986 974 2090 1020 tem
2116 966 2326 1035 copiam
2351 965 2500 1020 mille
2528 983 2542 1019 :
2574 981 2672 1021 nec
2700 965 2966 1035 permitte,
2998 973 3055 1020 ut
3101 965 3349 1022 maeroris
3375 973 3557 1036 tyran-

1983 1055 2067 1109 nis
2097 1056 2150 1109 in
2176 1055 2445 1110 silentium
2471 1071 2525 1113 te
2555 1055 2824 1124 conjiciat,
2850 1069 3038 1110 verum
3073 1068 3192 1111 eam
3220 1053 3405 1125 quavis
3440 1069 3560 1109 ara.

1984 1163 2099 1203 nere
2130 1147 2235 1202 tela
2284 1147 2492 1203 facilius
2525 1147 2790 1218 dirumpe,
2819 1156 2980 1217 atque
3005 1147 3236 1202 alacrem
3267 1155 3319 1201 te
3345 1146 3399 1200 in
3444 1147 3561 1201 acie

1987 1238 2180 1308 praebe,
2213 1252 2310 1307 per
2333 1238 2600 1308 ingentem
2630 1237 2876 1293 ﬁduciam
2897 1252 2961 1292 ac
2986 1237 3284 1292 libertatem
3310 1237 3561 1293 advena-

1986 1329 2095 1385 rios
2120 1337 2383 1384 sternens.
2411 1328 2562 1384 Nunc
2585 1328 2942 1399 adipiscenda:
2961 1328 3162 1398 glorias,
3188 1336 3348 1398 atque
3377 1328 3563 1399 ingen-

1993 1419 2060 1476 tis
2078 1429 2312 1491 quaestus
2350 1421 2575 1477 tacrendi
2606 1430 2814 1491 tempus
2841 1429 2945 1476 est.
2971 1420 3151 1489 Neque
3172 1421 3316 1476 enim
3352 1435 3556 1476 merca-

1990 1522 2092 1576 tor,
2123 1511 2248 1566 dum
2273 1511 2324 1566 in
2354 1519 2509 1582 portu
2544 1511 2770 1577 desidet,
2807 1525 3015 1566 merces
3042 1511 3281 1581 colligit;
3308 1511 3401 1567 sed
3440 1510 3563 1566 dunt

1991 1602 2218 1672 ingentia
2262 1601 2430 1655 maria
2477 1600 2692 1668 trajicit,
2742 1615 2806 1655 ac
2851 1600 3040 1655 ﬂuctus
3078 1601 3343 1671 intrepido
3383 1600 3565 1656 animo

1991 1693 2119 1757 adit,
2168 1702 2328 1762 atque
2371 1708 2492 1747 cum
2531 1691 2670 1747 fame
2706 1699 2762 1747 et
2804 1693 2931 1746 feris
2973 1692 3190 1746 marinis
3227 1689 3564 1758 colluctatur,

1992 1785 2290 1855 multasque
2333 1785 2466 1839 alias
2502 1782 2841 1840 difﬁcultates
2879 1783 3043 1839 sttbit.
3087 1783 3211 1838 llzec
3253 1782 3411 1853 igitur
3453 1783 3568 1853 ipse

1993 1890 2203 1948 quoque
2224 1876 2404 1931 animo
2421 1875 2802 1946 complectens,
2822 1888 3014 1944 nempe
3035 1873 3412 1944 periculorum,
3435 1873 3568 1929 lucri

1993 1967 2150 2021 etiam
2197 1980 2506 2037 magnaeque
2539 1965 2723 2036 gloria;
2746 2006 2762 2030 ,
2793 1978 2857 2020 ac
2905 1964 3244 2034 prmmiorum
3275 1964 3420 2018 omni
3454 1979 3571 2020 ser-

1994 2072 2153 2112 mone
2175 2058 2602 2126 prrestantiorum
2623 2064 2834 2124 tempus
2866 2070 3006 2117 esse.
3040 2054 3122 2109 fac
3147 2055 3310 2109 animi
3337 2053 3411 2108 tui
3441 2067 3574 2123 pen-

1995 2163 2115 2203 nam
2146 2149 2368 2214 excites,
2399 2157 2559 2216 atque
2582 2161 2811 2202 excusso
2839 2144 3086 2200 mmrmis
3129 2145 3349 2213 pulvere
3382 2159 3571 2216 magna

1993 2252 2114 2292 cum
2138 2235 2392 2291 facilitate
2413 2237 2715 2290 universam
2737 2233 3047 2305 phalangem
3071 2233 3255 2299 obeas,
3281 2248 3573 2305 omnesque

1997 2329 2250 2393 instruas,
2297 2341 2479 2393 acuas,
2505 2326 2729 2392 excites,
2755 2325 3088 2389 corrobores,
3120 2325 3576 2396 promptioresque

1997 2435 2062 2476 ac
2100 2419 2463 2489 diligentiores
2487 2417 2700 2472 reddas.
2735 2419 2909 2487 Atque
2937 2415 3053 2470 haec
3088 2415 3241 2471 nobis
3280 2429 3374 2486 per
3399 2414 3578 2470 literas

2001 2521 2118 2566 tuas
2146 2524 2353 2579 expone
2381 2525 2397 2565 :
2439 2524 2536 2564 nec
2570 2523 2637 2564 eo
2661 2507 2802 2578 quod
2834 2515 2950 2561 tuas
2976 2505 3090 2576 ipse
3114 2504 3300 2560 laudes
3321 2515 3568 2561 narratu-

2000 2617 2091 2657 rus
2134 2602 2230 2667 sis,
2268 2609 2481 2665 metue;
2513 2615 2716 2664 verum,
2761 2607 2820 2653 ut
2847 2597 2988 2668 quod
3028 2611 3058 2650 a
3084 2595 3236 2652 nobis
3261 2596 3576 2666 imperatum

2001 2701 2085 2748 est
2111 2692 2311 2748 faciens
2331 2732 2349 2760 ,
2372 2693 2509 2746 hanc
2535 2691 2688 2747 nobis
2714 2690 3038 2760 voluptatem
3079 2689 3219 2745 dona
3243 2706 3256 2743 :
3287 2704 3394 2760 quo
3419 2690 3578 2746 etiam

2003 2784 2186 2855 procul
2231 2784 2424 2847 dissiti,
2463 2784 2729 2854 ingentem
2778 2781 3016 2836 Iaztitiam
3055 2780 3348 2851 capiamus,
3373 2795 3435 2837 ea
3460 2795 3580 2852 qua:

2004 2875 2144 2931 scire
2168 2874 2409 2944 cupimus
2434 2873 2529 2928 abs
2555 2883 2607 2928 te
2633 2872 2929 2928 audientes.

2003 3009 2169 3067 CXX.
2203 3008 2480 3064 Theodorrc
2507 3008 2547 3061 ¹.
2572 3005 2853 3080 (Caesarea:
2881 3007 2932 3060 in
2963 3004 3292 3074 Cappadocia
3318 3020 3442 3061 cum
3478 3004 3580 3062 iret

2458 3099 2509 3153 in
2540 3097 2782 3153 exsilium
2810 3113 2950 3152 anno
2975 3097 3128 3166 40L)

2077 3229 2315 3288 Confecti
2348 3239 2509 3299 atque
2532 3227 2828 3297 consumpti
2859 3241 3043 3281 sumus
3069 3267 3087 3294 ,
3112 3232 3362 3282 sexcenta
3399 3225 3586 3281 mortis

2007 3338 2204 3397 genera
2223 3321 2547 3392 oppetiimus
2579 3337 2592 3373 :
2622 3318 2783 3389 idque
2814 3317 3112 3373 accuratius
3136 3331 3200 3372 ac
3223 3316 3420 3373 certius
3457 3331 3584 3372 nar-

2009 3431 2130 3474 rare
2157 3420 2420 3486 poterunt,
2461 3410 2552 3482 qui
2592 3410 2690 3465 has
2715 3409 2895 3465 literas
2924 3408 3015 3464 tibi
3047 3407 3308 3475 reddent;
3341 3406 3587 3479 quamvis

2005 3516 2202 3586 alioqui
2242 3514 2536 3585 perexiguo
2583 3511 2838 3582 temporis
2877 3517 3073 3579 puncto
3112 3523 3322 3564 mecum
3369 3507 3587 3572 fuerint,

2006 3608 2323 3678 quibuscum
2349 3605 2510 3661 etiam
2539 3618 2610 3659 ne
2637 3602 2896 3657 tantillum
2921 3600 3135 3671 quidem
3162 3597 3392 3670 colloqui
3411 3598 3579 3669 potui,

2008 3699 2272 3755 continuis
2293 3699 2542 3752 nimirum
2567 3696 2802 3752 febribus
2823 3694 3062 3764 dejectus
3089 3710 3104 3749 :
3131 3693 3323 3763 quibus
3350 3707 3474 3748 cum
3508 3690 3586 3746 te-

2016 3805 2192 3854 nerer,
2235 3790 2353 3845 dies
2386 3796 2676 3858 noctesque
2700 3787 2801 3841 iter
2823 3785 2998 3841 facere
3021 3783 3271 3855 cogebar,
3297 3784 3375 3840 sic
3400 3782 3590 3838 videli-

2011 3892 2120 3950 cet,
2143 3891 2201 3937 ut
2239 3890 2294 3937 et
2317 3890 2450 3937 aestu
2487 3880 2836 3952 opprimerer,
2879 3885 2936 3932 et
2971 3875 3161 3945 vigiliis
3197 3873 3507 3936 conﬁcerer,
3540 3880 3595 3928 et

2014 3989 2190 4030 rerum
2207 3972 2624 4029 necessariarum
2637 3970 2877 4040 penuria,
2891 3981 3182 4036 eorumque
3193 3966 3280 4037 qui
3299 3966 3399 4020 mei
3414 3979 3595 4020 curant

2013 4085 2198 4142 gerere
2225 4077 2462 4138 possent,
2489 4066 2686 4136 inopia,
2715 4063 2918 4135 perdite
2942 4061 3298 4116 conﬁictarer.
3322 4058 3594 4129 Siquidem

2019 4163 2081 4216 iis
2097 4163 2186 4231 qui
2217 4161 2282 4214 ad
2305 4158 2514 4214 metalla
2527 4156 2759 4212 damnati
2777 4163 2919 4216 sunt,
2945 4152 3070 4207 etin
3089 4150 3315 4206 vinculis
3331 4158 3594 4212 tenentur,

2015 4251 2260 4322 graviora
2305 4258 2360 4305 et
2410 4247 2672 4302 atrociora
2721 4242 3056 4315 pertulimus,
3105 4250 3265 4310 atque
3306 4238 3592 4293 etiamnum

2020 4343 2354 4412 perferimus.
2382 4337 2622 4393 Tandem
2648 4344 2824 4390 autem
2853 4331 3138 4402 aliquando
3155 4341 3210 4385 et
3247 4344 3387 4398 :rgre
3410 4324 3596 4382 Cresa-

2021 4452 2166 4493 ream
2198 4432 2433 4504 perveni,
2461 4428 2683 4502 perinde
2718 4437 2877 4498 atque
2919 4439 2948 4479 a
2993 4428 3305 4493 tempestate
3345 4419 3410 4474 ad
3453 4426 3595 4473 tran-

2020 4527 2332 4597 quillitatem
2363 4531 2419 4578 et
2440 4521 2507 4576 ad
2534 4529 2765 4590 portum.
2794 4516 2987 4576 Verum
3030 4531 3098 4569 ne
3121 4511 3209 4568 hic
3228 4510 3440 4582 quidem
3478 4519 3611 4579 por-‘

2022 4629 2106 4674 lus
2126 4631 2243 4670 eam
2269 4615 2375 4672 vim
2404 4611 2608 4671 habuit.
2635 4617 2694 4664 ut
2719 4623 2805 4663 me
2829 4621 2895 4666 es
2932 4606 2996 4660 iis
3020 4603 3192 4668 malis,
3223 4615 3341 4671 qure
3365 4615 3432 4655 ex
3459 4607 3597 4656 tem-

2025 4719 2227 4780 pestale
2261 4714 2641 4761 contraxeram
2663 4740 2680 4766 ν
2708 4705 2974 4755 recrearet
3001 4713 3016 4750 ε
3044 4707 3208 4764 usque
3231 4691 3369 4746 adeo
3392 4703 3514 4756 me,
3541 4698 3595 4744 lli

2024 4803 2136 4871 jam
2180 4797 2310 4865 dixi,
2341 4795 2488 4866 prius
2511 4803 2718 4862 tempus
2742 4787 3064 4844 confecerat.
3095 4782 3197 4838 Sed
3228 4790 3402 4836 tamen
3428 4779 3598 4835 Casa-

2026 4909 2168 4950 ream
2199 4891 2494 4961 ingressus,
2520 4885 2757 4941 animum
2784 4882 3105 4951 aliquantum
3141 4873 3424 4944 resumpsi,
3461 4887 3598 4941 quo-

2028 4986 2167 5039 niam
2192 4996 2376 5052 puram
2405 4993 2598 5050 aquam
2624 4975 2756 5042 bibi,
2793 4983 3084 5044 panemque
3114 4966 3329 5020 minime
3352 4963 3600 5052 fmtidum

2025 5089 2089 5129 ac
2117 5051 2418 5143 pra-durum
2446 5066 2653 5124 comedi
2677 5064 2952 5133 :quoniarn
2972 5061 3025 5114 in
3054 5057 3312 5112 doliorum
3337 5051 3592 5124 fragmen

2030 5167 2099 5221 tis
2123 5179 2228 5219 non
2251 5173 2310 5218 ut
2341 5169 2494 5216 antea
2516 5170 2711 5226 corpus
2732 5154 2854 5218 lavi,
2877 5151 2970 5206 sed
2999 5147 3269 5213 balneum,
3291 5143 3569 5215 qualeeum

2028 5275 2131 5329 quc
2161 5256 2373 5311 tandem
2397 5252 2544 5318 illud,
2567 5258 2753 5304 nactus
2782 5262 2899 5300 sunt
2935 5262 2947 5299 :
2980 5242 3226 5313 quoniam
3252 5239 3481 5308 denique
3506 5253 3574 5305 po

2031 5328 2193 5405 testas
2219 5346 2428 5402 interim
2474 5342 2598 5398 mihi
2627 5341 2764 5395 lecto
2789 5333 3138 5392 decurnbendi
3160 5332 3292 5386 facta
3324 5337 3424 5385 est.
3445 5328 3597 5383 l’lure

2030 5441 2209 5495 dicere
2240 5436 2434 5491 licebat
2461 5452 2474 5486 :
2504 5448 2686 5486 verum
2719 5446 2784 5484 ne
2810 5428 3044 5482 animum
3077 5434 3222 5478 tuum
3261 5417 3576 5475 conturbent

2033 5535 2118 5588 hic
2163 5529 2393 5586 sermoni
2437 5527 2594 5580 linem
2641 5525 2873 5594 impono.
2919 5517 3047 5574 Illud
3079 5515 3304 5581 addam,
3336 5521 3394 5566 ιιι
3422 5520 3598 5567 tecum

2032 5643 2202 5697 again,
2235 5638 2302 5680 nc
2329 5636 2443 5685 eos,
2473 5636 2502 5673 ιι
2528 5616 2718 5688 quibus
2739 5628 2994 5676 amamur,
3029 5607 3233 5679 probris
3254 5618 3499 5675 umquam
3518 5618 3596 5657 m-

2098 5786 2111 5817 ·
2158 5781 2421 5841 t‘aticauus,
2456 5772 2704 5827 Hlt‘OdOl’O.
