4076 6440
509 483 702 553 sectari
724 482 965 549 desistas,
997 481 1136 553 quod
1170 497 1291 539 cum
1331 491 1407 538 tot
1429 481 1632 537 amicos
1665 482 1930 552 tantisque
1957 479 2073 551 opio

508 551 607 630 bus
634 583 688 629 et
715 573 944 644 potentia
967 551 1216 644 praeditos
1240 570 1550 636 habeamus,
1582 572 1724 627 haud
1750 551 1926 627 tamen
1950 569 2078 626 illud

504 664 816 734 consequuti
842 679 1046 728 sumus,
1073 662 1215 733 quod
1243 662 1404 718 etiam
1431 661 1678 717 scelerati
1705 661 1951 716 homines
1977 661 2081 715 im-

503 763 734 823 petrant,
778 768 969 823 nempe
994 762 1052 808 ut
1077 754 1133 809 in
1155 753 1364 809 mitiore
1392 767 1455 808 ae
1484 753 1860 823 propinquiore
1899 752 2077 822 aliquo

502 844 620 899 loco
646 843 1035 900 collocaremur
1065 861 1080 898 :
1119 858 1327 908 verum.
1358 858 1584 915 corpore
1607 845 1767 900 etiam
1795 843 1951 899 nobis
1963 843 2075 913 jam

503 933 672 991 fracto
701 943 860 1006 atque
897 935 1160 1003 confecto,
1205 944 1260 991 et
1304 934 1606 992 Isaurorum
1645 946 1848 992 terrore
1896 936 2075 992 omnia

498 1025 800 1091 obsidente,
847 1028 1034 1098 exigua
1073 1041 1284 1098 quoque
1332 1038 1390 1084 et
1417 1028 1534 1084 vilis
1561 1028 1678 1084 btec
1715 1029 1884 1099 gratia
1919 1026 2074 1115 nobis

499 1124 686 1183 negata
729 1127 830 1171 est.
869 1116 978 1171 Hoc
1000 1131 1212 1188 quoque
1252 1119 1476 1174 nomine
1499 1117 1595 1174 Dei
1623 1119 1790 1190 gloria
1819 1118 2076 1189 praedice-

501 1218 608 1261 tur.
645 1206 828 1276 Neque
863 1205 1004 1263 cnim
1034 1208 1084 1263 ei
1128 1219 1342 1280 propter
1367 1211 1543 1265 omnia
1572 1210 1794 1281 gloriam
1818 1211 2074 1268 exhibere

494 1297 805 1360 desinimus.
835 1298 918 1354 Sit
942 1303 1259 1371 nomen.ejus
1288 1301 1596 1355 benedictum
1622 1302 1677 1357 its
1704 1303 1891 1358 sucula
1945 1302 2068 1376 (Job

495 1387 683 1449 1.21).
717 1389 792 1444 De
843 1397 896 1445 te
932 1405 1062 1445 vero
1100 1390 1236 1446 illud
1269 1390 1617 1448 vehementer
1655 1407 1774 1448 sum
1821 1393 2065 1460 miratus,

491 1477 653 1548 quod.
698 1488 818 1534 cum
873 1487 1113 1549 quartam
1148 1480 1259 1552 jam
1302 1482 1460 1550 hanc,
1504 1483 1778 1540 autetiam
1824 1485 2066 1555 quintam

491 1567 769 1635 epistolam
797 1568 864 1624 ad
882 1578 932 1624 te
957 1571 1217 1638 miserim,
1250 1571 1458 1628 unicam
1487 1581 1665 1629 tamen
1685 1573 1959 1631 dumtaxat
1977 1591 2070 1632 ae-

489 1659 627 1729 cepi.
648 1656 808 1730 Atq'ui
827 1661 1020 1732 smpius
1042 1662 1280 1720 scribere
1303 1663 1521 1720 minime
1543 1664 1758 1722 difﬁcile
1781 1674 1916 1722 erat.
1939 1667 2066 1726 [hec

489 1763 647 1818 porro
671 1764 775 1805 non
797 1751 1076 1806 accusandi
1103 1741 1285 1809 animo.
1300 1753 1422 1811 dico
1450 1771 1466 1810 :
1497 1757 1734 1813 caritatis
1757 1759 1900 1813 enim
1926 1759 2051 1814 offi-

485 1840 565 1895 cia
597 1841 877 1897 voluntatis
901 1853 1046 1912 sunt,
1075 1860 1182 1900 non
1208 1847 1564 1904 necessitatis.
1587 1848 1786 1905 Verum
1813 1850 1941 1906 illud
1972 1866 2061 1909 me

485 1932 620 1986 male
641 1932 818 1998 habet,
846 1934 987 2005 quod
1009 1951 1095 1992 me
1118 1952 1184 1992 ex
1205 1939 1384 1995 animo
1409 1948 1502 1995 tuo
1526 1941 1805 1997 confestim
1831 1944 2056 2013 ejecisti:

484 2028 540 2074 ut
563 2036 683 2090 qua)
711 2032 815 2077 tam
851 2023 1008 2094 longo
1029 2033 1270 2097 tempore
1290 2044 1448 2084 unam
1477 2029 1756 2087 dumtaxat
1779 2034 2056 2104 epistolam

479 2111 547 2166 ad
578 2126 663 2168 me
688 2113 916 2168 miseris.
944 2117 1223 2182 quocirca,
1256 2119 1302 2173 si
1330 2119 1460 2174 nihil
1490 2136 1651 2192 grave
1676 2137 1739 2178 ac
1771 2125 2056 2180 molestum

478 2203 572 2258 abs
613 2213 665 2259 te
710 2207 954 2274 petimus,
998 2208 1100 2263 hoc
1135 2210 1289 2266 nobis
1334 2213 1529 2282 praebe,
1563 2215 1704 2284 quod
1745 2217 1819 2270 tul
1852 2217 2054 2272 arbitrii

478 2300 582 2358 est,
630 2303 836 2363 tumque
876 2298 1175 2366 potestatis.
1215 2299 1346 2354 Nam
1385 2301 1453 2356 de
1478 2304 1683 2358 caneris
1721 2304 1878 2360 rebus
1919 2304 2054 2363 nihil

479 2382 571 2438 tihi
603 2386 796 2454 negotii
824 2385 1028 2442 facesso
1055 2406 1070 2443 :
1103 2405 1170 2445 ne
1202 2399 1552 2462 praeterquam
1578 2395 1717 2463 quod
1763 2396 1893 2451 nihil
1924 2413 2049 2467 pros

477 2475 669 2538 ticiam,
711 2475 867 2530 etiam
894 2479 1068 2546 gravis
1089 2487 1141 2533 et
1168 2480 1497 2550 importunus
1527 2484 1621 2540 tibi
1642 2500 1763 2543 esse
1784 2488 1985 2544 videar.

495 2627 692 2684 CXXI.
727 2631 912 2688 Arabio
940 2632 1038 2706 (a).
1086 2636 1408 2793 (Antqua‘n;
1441 2638 1706 2698 Cucmum
1749 2643 2050 2702 advenisset

1081 2735 1222 2775 anno
1365 2761 1377 2776 .

1081 2735 1222 2775 anno
1250 2735 1377 2776 404.

537 2845 742 2902 illim-ori
766 2866 858 2903 sua
885 2868 1070 2906 merces
1093 2862 1183 2908 est.
1204 2884 1273 2894 —
1299 2855 1539 2912 Mteroris
1559 2856 1851 2924 fornacem,
1880 2874 2037 2931 quam

464 2939 534 2991 ob
561 2953 622 2993 ea
653 2979 670 3005 ,
695 2955 814 3010 qua:
854 2942 1135 3000 adversum
1183 2960 1279 3001 uos
1319 2956 1615 3017 perpetrata
1657 2959 1782 3005 sunt
1811 2991 1827 3018 ,
1861 2954 2042 3010 animo

463 3023 810 3098 circun‘il'ers,
849 3046 916 3087 ex
969 3034 1074 3089 tuis
1114 3034 1281 3092 literis
1323 3039 1656 3107 apertissime
1695 3042 1954 3111 cognovi:
1985 3052 2043 3100 et

458 3121 670 3190 quidem
696 3133 821 3180 ante
844 3124 954 3194 jam
982 3141 1252 3182 noveram.
1297 3129 1478 3200 Neque
1504 3130 1648 3186 enim
1677 3132 1782 3188 vim
1811 3147 1928 3189 eam
1956 3135 2036 3189 la-

456 3227 756 3284 crymarum
781 3256 796 3282 ,
821 3231 979 3286 quam
1003 3234 1124 3274 cum
1163 3221 1393 3290 primum
1421 3222 1536 3279 haec
1564 3224 1701 3280 mala
1731 3233 2037 3284 texerentur

457 3305 841 3375 profundebas,
871 3327 1119 3382 umquam
1152 3315 1392 3370 oblivisci
1417 3318 1733 3388 poterimus.
1763 3319 2031 3377 Caeterum

453 3396 674 3466 epistola
691 3415 901 3470 quoque
917 3412 1001 3456 tua
1031 3419 1134 3459 non
1157 3405 1352 3474 minus,
1371 3421 1530 3476 quam
1559 3407 1665 3464 illa:
1692 3409 1942 3483 lacryma:
1966 3427 2040 3467 ac

451 3487 694 3556 gemitus,
726 3494 971 3547 mmroris
996 3493 1262 3550 ﬂammam
1283 3539 1298 3564 ,
1330 3512 1448 3567 qua:
1474 3499 1527 3552 in
1565 3512 1661 3554 cor
1707 3509 1856 3556 tuum
1895 3501 2030 3558 irre-

449 3578 575 3646 psit,
604 3580 755 3634 nobis
799 3581 1063 3650 patefecit.
1095 3583 1292 3640 llorum
1326 3595 1383 3640 tu
1413 3587 1714 3644 mercedem
1741 3604 1773 3644 a
1799 3589 2027 3662 benigno

449 3665 559 3721 Deo
584 3681 870 3738 exspecta:
901 3680 984 3728 est
1018 3675 1158 3729 enim
1198 3676 1357 3731 etiam
1399 3679 1645 3734 mceroris
1673 3694 1878 3737 merces
1909 3698 2024 3738 ma-

444 3771 548 3825 gna
572 3767 728 3827 atque
763 3763 958 3830 ampla.
986 3764 1115 3817 Nam
1153 3774 1208 3819 ut
1240 3781 1306 3821 co
1332 3775 1570 3837 tempore
1593 3809 1607 3834 ,
1631 3784 1743 3839 quo
1767 3771 1906 3840 apud
1933 3772 1996 3827 Ju
2014 3803 2026 3811 -

443 3848 588 3902 dzeos
612 3854 733 3904 vitia
788 3853 1098 3924 flagrabant,
1125 3859 1361 3913 nonnulli
1386 3870 1558 3928 erant,
1584 3861 1816 3931 quicum
1837 3878 2021 3920 eorum

442 3941 642 3993 scelera
669 3945 935 4013 corrigere
969 3961 1073 4001 non
1101 3958 1315 4016 possent
1339 3991 1354 4016 ,
1386 3950 1532 4006 luctu
1557 3952 1832 4010 dumtaxat
1856 3966 1911 4010 et
1939 3957 2020 4011 la-

440 4031 637 4100 cryutis
657 4046 719 4086 ca
751 4037 1221 4105 prosequebantur,
1244 4048 1403 4108 atque
1429 4039 1690 4108 ejusmodi
1714 4044 2016 4100 mercedem

437 4125 748 4190 consequuti
790 4135 915 4180 sunt
943 4167 958 4190 ,
1005 4136 1061 4181 ut
1109 4143 1230 4182 cum
1277 4131 1456 4186 caeteri
1501 4146 1689 4188 omnes
1735 4136 2013 4205 perirent,

438 4218 595 4280 atque
623 4214 978 4271 internecione
1001 4217 1312 4274 delerentur
1336 4263 1351 4287 ,
1386 4222 1485 4291 ipsi
1527 4223 1659 4277 iram
1701 4223 2012 4296 effugerent.

442 4298 588 4354 Pone
616 4304 812 4374 signum
836 4347 849 4371 ,
881 4307 1048 4376 inquit
1088 4307 1357 4380 Scriptura
1385 4353 1400 4378 ,
1435 4330 1587 4384 super
1620 4317 1786 4372 vultus
1810 4334 2012 4388 gemen-

436 4393 560 4445 tium
579 4405 622 4446 et
652 4396 924 4451 dolentium
947 4400 964 4468 (
987 4399 1170 4478 lisse/1.
1207 4402 1259 4458 9.
1291 4402 1385 4476 Δ).
1426 4406 1584 4476 Atqui
1618 4421 1724 4461 non
1754 4408 2013 4478 impedie-

435 4484 563 4536 bant
587 4487 867 4552 quominus
888 4475 1014 4544 hmc'
1030 4493 1232 4556 licrent,
1261 4475 1353 4548 sed
1366 4495 1488 4563 quia
1510 4475 1649 4565 quod
1679 4497 1730 4552 in
1749 4475 1878 4567 ipsis
1896 4507 2014 4554 erat

435 4576 758 4644 praestabant
778 4619 790 4638 ,
820 4581 1102 4646 gemebant
1129 4583 1332 4639 scilicet
1353 4593 1510 4653 atque
1535 4586 1789 4642 dolebant
1807 4629 1822 4654 ,
1843 4591 2012 4645 maxi-

433 4682 577 4721 tuum
611 4667 732 4722 hinc
759 4670 857 4723 sibi
883 4673 1188 4740 praesidium
1215 4687 1609 4746 compararunt.
1647 4679 1752 4735 Vos
1773 4695 2007 4752 quoque,

434 4759 630 4813 domini
661 4762 785 4827 mei,
818 4762 934 4818 sine
962 4766 1066 4820 ulla
1098 4767 1493 4826 intermissione
1519 4771 1635 4829 hmc
1666 4774 1842 4844 lugete
1867 4817 1881 4841 ,
1914 4776 2006 4833 be-

429 4849 749 4921 nignumque
790 4854 951 4909 Deum
993 4870 1141 4916 orate
1170 4902 1184 4928 ,
1211 4872 1267 4916 ut
1296 4878 1578 4921 commune
1618 4867 1765 4923 orbis
1795 4870 2006 4926 naufra-

431 4942 568 5005 gium
625 4946 960 5013 comprimat.
1003 4949 1162 5006 Scitis
1208 4955 1348 5021 enim
1402 4962 1714 5026 perspicue,
1744 4961 2001 5031 inquam,

423 5029 575 5084 scitis
601 5037 774 5089 omnia
807 5041 1116 5096 tumultibus
1145 5059 1206 5098 ac
1231 5049 1627 5115 perturbatione
1662 5029 1954 5122 plena—esse
1984 5100 1999 5124 ,

428 5124 529 5176 hec
564 5138 658 5192 pro
699 5125 1290 5202 ConstantinpOIitana
1331 5147 1533 5195 tantum
1563 5143 1692 5199 urbe
1723 5185 1738 5209 ,
1770 5147 1861 5201 sed
1906 5164 2002 5217 pro

429 5215 686 5271 universo
707 5229 961 5277 terrarum
981 5226 1110 5281 orbe
1132 5243 1316 5298 preces
1341 5231 1637 5289 fundendas
1659 5251 1776 5291 esse
1798 5257 1810 5291 :
1830 5254 1999 5309 quatt-

417 5308 710 5378 doquidem
734 5313 928 5368 malum
949 5317 1095 5372 initio
1113 5319 1238 5376 hinc
1253 5322 1432 5389 dueto,
1464 5325 1703 5395 pestiferi
1720 5308 1997 5398 cujusdam

428 5398 669 5468 proliuvii
697 5402 863 5458 instar
890 5406 1114 5463 cllusum
1146 5453 1161 5476 ,
1197 5428 1293 5482 per
1327 5416 1632 5471 universum
1672 5420 1856 5474 orbem
1901 5423 2000 5477 Ec-

427 5491 614 5544 clesias
639 5503 921 5560 pervastat.
954 5497 1105 5565 Quod
1134 5514 1309 5558 autem
1350 5519 1378 5557 a
1412 5507 1563 5560 nobis
1595 5511 1829 5578 postulas
1850 5553 1865 5578 ,
1899 5513 2000 5570 hoc

425 5585 584 5638 etiam
613 5584 744 5653 ipse,
778 5590 1026 5656 quamdiu
1064 5607 1286 5664 corpore
1327 5597 1467 5654 inter
1493 5615 1588 5656 nos
1611 5601 1860 5674 disjuncti
1889 5607 1998 5663 eri-

589 5775 599 5785 ο

481 5716 967 5804 ςίρῃξξξξξξε-Δηωυω
1006 5739 1342 5783 commemorat
1381 5747 1525 5798 supra
1561 5737 1607 5787 in
1643 5736 1846 5802 epistola
1865 5739 1915 5804 8,
1939 5741 1997 5792 ad

434 5775 760 5841 .ilg‘nipiauetn.

1211 371 1270 430 8.
1306 369 1584 429 JOANNIS
1604 369 2081 429 CHRYSOSTOMI
2110 371 2429 429 ARCli'lEP.
2459 370 2995 437 CONS'I'ANTINOP.

3664 387 3777 447 676

2191 498 2311 538 mus
2339 485 2484 553 (nam
2522 489 2703 544 animo
2743 504 2959 561 semper
2993 500 3050 548 et
3080 503 3255 551 tecum
3288 503 3489 553 etcum
3517 500 3777 560 universa

2188 579 2273 626 tua
2309 572 2507 630 familia
2549 581 2822 636 constricti
2847 582 3093 654 sumus),
3124 593 3184 640 ut
3215 584 3382 645 facias
3415 605 3598 660 quaso
3623 633 3639 660 ,
3667 590 3774 652 hoc

2185 672 2270 719 est
2295 679 2441 736 saepe
2476 669 2545 724 ad
2575 685 2675 727 nos
2712 672 2947 730 scribere
2970 714 2986 740 ,
3019 690 3222 747 nosque
3246 678 3316 736 de
3344 689 3434 735 tua
3465 683 3774 744 valetudine

2183 756 2441 813 certiores
2463 757 2641 816 facere
2665 776 2732 817 ne
2755 765 3013 834 graveris.
3062 765 3180 823 Scis
3205 770 3349 825 enim
3373 788 3533 843 quam
3558 786 3774 846 gratum

2183 843 2236 900 id
2266 846 2420 904 nobis
2441 847 2675 906 futurum
2705 854 2794 909 sit.
2821 855 3082 924 Quoniam
3123 870 3300 917 autem
3340 879 3442 921 nos
3465 867 3520 922 in
3547 843 3772 928 domum

2182 943 2327 992 tuam
2354 937 2847 1014 divertetejussisti
2872 987 2888 1013 ,
2918 957 2977 1003 ut
3021 960 3142 1020 post
3178 954 3478 1023 profectum
3519 960 3722 1018 edidici
3751 1005 3770 1032 ,

2181 1030 2318 1086 scito
2341 1032 2573 1091 inimicis
2600 1037 2801 1094 nostris
2831 1055 2938 1096 non
2959 1041 3068 1112 jam
3095 1043 3360 1108 placuisse
3379 1058 3440 1106 ut
3461 1030 3769 1112 Sebastiani

2177 1119 2595 1193 abduceremur,
2627 1141 2811 1185 verum
2835 1132 2888 1186 in
2916 1131 3339 1193 desertissimum
3367 1140 3544 1198 locum
3574 1144 3772 1203 Arme-

2178 1210 2282 1266 niae
2303 1209 2590 1284 Cucusum,
2617 1226 2778 1288 atque
2805 1221 2876 1277 ob
2899 1222 3203 1281 Isaurorum
3231 1228 3592 1290 incursionem
3621 1237 3772 1307 peri-

2176 1301 2591 1362 culosissimum.
2631 1308 2750 1372 Tibi
2781 1321 2957 1369 tamen
2989 1317 3215 1386 gratiam
3261 1318 3554 1390 habemus,
3583 1301 3768 1384 hono-

2175 1406 2395 1463 remque
2434 1399 2738 1468 accepimus
2771 1442 2787 1467 ,
2838 1405 2980 1473 quod
3033 1407 3194 1462 etiam
3235 1423 3358 1464 cum
3404 1412 3765 1487 abessemus,

2175 1491 2317 1538 tanta
2365 1494 2419 1541 te
2469 1491 2637 1545 nostri
2682 1505 2808 1548 cura
2856 1495 3054 1562 tenuit,
3110 1508 3168 1554 ut
3213 1492 3500 1571 hospitium
3547 1523 3769 1579 quoque

2171 1574 2324 1630 nobis
2364 1591 2579 1646 parares
2606 1623 2622 1646 ,
2657 1592 2816 1654 atque
2844 1626 2860 1651 ,
2906 1594 2967 1641 ut
3003 1586 3149 1644 domi
3182 1599 3285 1647 tua:
3318 1574 3720 1656 diversaremur
3744 1643 3763 1669 ,

2168 1665 2498 1758 ohsecrares.
2543 1670 2740 1730 Verum
2769 1676 2814 1732 si
2846 1693 2984 1748 quos
3009 1678 3206 1740 Cucusi
3229 1687 3431 1744 amicos
3460 1688 3629 1747 habes
3649 1734 3664 1758 ,
3692 1665 3764 1750 ad

2166 1768 2262 1814 eos
2289 1756 2470 1817 literas
2490 1761 2677 1820 mittas
2696 1765 2876 1823 velim.

2246 1887 2486 1948 CXXII.
2517 1892 2807 1953 Marciano.
2833 1898 3053 1971 (Cucusi
3077 1918 3219 1960 anno
3238 1905 3345 1963 404
3374 1909 3459 1966 vel
3487 1911 3644 1984 405.)

2233 2021 2430 2082 Beatus
2453 2041 2547 2094 es,
2577 2043 2642 2086 ac
2683 2039 2765 2087 ter
2794 2032 3020 2103 beatus,
3044 2036 3204 2109 idque
3238 2041 3469 2113 sapius,
3498 2054 3556 2101 ut
3582 2049 3674 2120 qui
3700 2049 3757 2107 in

2164 2120 2272 2168 tam
2313 2118 2470 2187 gravi
2520 2126 2838 2191 tempestate
2870 2165 2886 2191 ,
2914 2127 3181 2199 tantisque
3227 2146 3411 2189 rerum
3447 2118 3702 2206 procellis
3727 2181 3746 2210 ,

2161 2212 2323 2263 tantae
2345 2220 2472 2278 erga
2496 2225 2760 2282 pauperes
2794 2214 3131 2276 liberalitatis
3165 2222 3442 2292 specimen
3488 2228 3751 2288 edideris.

2157 2293 2342 2366 Neque
2395 2300 2542 2356 enim
2578 2303 2735 2360 nobis
2775 2303 2965 2378 ingens
3004 2318 3092 2366 tua
3138 2309 3442 2385 benignitas
3479 2317 3753 2392 incognita

2157 2386 2254 2443 fuit
2271 2430 2288 2457 ,
2327 2392 2576 2464 quodque
2596 2398 2898 2454 communis
2921 2402 3173 2461 omnibus
3199 2415 3387 2476 portus
3428 2386 3704 2471 exstiteris
3729 2456 3749 2484 ,

2157 2479 2476 2552 pupillorum
2503 2487 2860 2554 patrocinium
2891 2492 3211 2564 suscipiens,
3242 2497 3518 2555 viduarum
3547 2479 3750 2561 maere;

2152 2583 2268 2625 rem
2293 2573 2436 2628 omni
2457 2575 2664 2634 ratione
2692 2578 2920 2648 leniens,
2941 2596 3129 2640 earum
3151 2584 3386 2657 inopiam
3406 2602 3746 2664 sustentans,

2153 2671 2520 2732 paupertatem
2551 2667 2734 2726 levans
2763 2713 2780 2739 ,
2811 2687 2876 2728 ac
2895 2689 2968 2730 ne
2989 2673 3213 2746 hujusce
3237 2679 3455 2750 quidem
3479 2688 3746 2756 angustia

2148 2768 2310 2810 sensu
2328 2771 2422 2812 eos
2441 2758 2581 2815 allici
2597 2762 2801 2831 sinetis,
2825 2780 3010 2822 verum
3026 2769 3237 2840 quidvis
3255 2770 3384 2843 ipsis
3400 2783 3452 2830 te
3467 2778 3741 2847 praebens,

2146 2844 2465 2917 plebemque
2507 2848 2810 2910 universam
2838 2856 3123 2926 frumento,
3157 2861 3306 2928 vino,
3335 2844 3490 2935 oleo;
3507 2869 3744 2941 aliisque

2144 2935 2391 2992 omnibus
2418 2939 2576 3001 rebus
2598 2941 2770 3000 alens.
2793 2946 2936 3002 Deus
2951 2949 3046 3005 tibi
3066 2960 3125 3006 et
3151 2951 3237 3010 hic
3251 2963 3307 3010 et
3335 2956 3388 3011 in
3414 2955 3596 3015 futuro
3615 2935 3741 3018 sevo

2138 3026 2436 3098 largitionis
2467 3032 2624 3104 hujus
2646 3077 2663 3104 ,
2693 3039 3070 3098 muniﬁcentia:
3099 3085 3115 3111 ,
3143 3045 3304 3102 studii
3335 3088 3350 3114 ,
3378 3051 3512 3117 zeli,
3533 3055 3738 3110 amoris

2141 3134 2267 3190 erga
2295 3137 2576 3193 pauperes,
2599 3137 2654 3182 et
2668 3128 2890 3186 sincerae
2913 3133 3152 3190 caritatis
3179 3138 3481 3196 mercedem
3510 3144 3732 3212 pendat,

2139 3210 2400 3282 siquidem
2428 3217 2678 3274 omnibus
2704 3221 2788 3276 his
2828 3222 3111 3281 virtutibus
3148 3226 3390 3287 abundas
3422 3247 3486 3288 ac
3512 3210 3685 3293 liores

2137 3304 2370 3359 maxima
2400 3305 2493 3362 tibi
2529 3311 2750 3378 praemia
2795 3313 2849 3368 in
2884 3312 3064 3372 futuro
3097 3332 3214 3374 aevo
3254 3323 3570 3380 recondens.
3603 3304 3733 3387 llme

2133 3407 2234 3450 nos
2256 3393 2324 3450 de
2355 3403 2420 3452 ιθ·
2433 3397 2709 3457 audientes
2730 3443 2747 3469 ,
2779 3402 2905 3459 licet
2942 3405 2994 3460 in
3039 3417 3184 3465 tanta
3210 3411 3497 3471 solitudine
3528 3432 3722 3476 verse-

2133 3499 2271 3550 mur,
2295 3501 2358 3542 ae
2385 3490 2570 3545 multis
2599 3492 2954 3552 incommodis
2994 3498 3230 3572 undique
3271 3519 3568 3576 vexemur;
3598 3528 3726 3570 nam

2130 3583 2184 3630 et
2210 3575 2430 3635 Isaurici
2449 3591 2624 3638 metus
2651 3585 2860 3641 obsidio
2881 3630 2896 3656 ,
2919 3597 2975 3645 et
2998 3591 3100 3647 loci
3138 3594 3373 3655 solitudo
3397 3640 3414 3663 ,
3445 3610 3500 3656 et
3529 3575 3728 3663 hiemis

2129 3671 2389 3738 asperitas
2433 3688 2533 3729 nos
2588 3677 2935 3736 vehementer
2962 3685 3196 3753 premit:
3225 3698 3402 3746 tamen
3441 3709 3508 3750 ne
3547 3700 3724 3758 mole-

2129 3761 2349 3814 stiarum
2367 3763 2580 3833 quidem
2597 3781 2756 3823 sensu
2775 3769 2834 3823 af
2833 3769 3058 3840 licimur,
3087 3791 3273 3833 verum
3293 3781 3562 3852 ingentem
3583 3804 3721 3845 con-

2126 3851 2442 3909 solationem
2485 3857 2794 3929 acciﬂmus,
2826 3864 3152 3922 exsultantes
3197 3879 3254 3925 et
3297 3851 3592 3942 gaudentes
3645 3884 3720 3941 ob

2126 3950 2300 3998 tantas
2325 3947 2579 4013 virtutes,
2609 3963 2674 4004 ac
2708 3949 2919 4008 divitias
2945 3969 3158 4013 omnem
3199 3964 3456 4021 orationis
3487 3968 3714 4028 faculta-

2125 4040 2230 4088 tem
2262 4036 2583 4094 excedentes
2613 4081 2628 4105 ,
2655 4057 2790 4112 quas
2833 4045 2885 4101 iu
2916 4048 3051 4104 ctelo
3079 4050 3172 4106 tibi
3207 4053 3307 4123 ipsi
3346 4062 3607 4121 cutnulas.
3645 4065 3716 4123 Ut

2122 4123 2279 4195 igitur
2301 4127 2408 4182 alio
2437 4145 2649 4201 quoque
2675 4136 2890 4190 nomine
2918 4139 3178 4206 laetemur.
3203 4160 3291 4214 ne,
3320 4164 3525 4219 quaeso,
3549 4170 3710 4226 quam

2118 4219 2415 4288 saepissime
2442 4222 2509 4276 ad
2541 4238 2639 4279 nos
2667 4227 2923 4293 scribere,
2947 4232 3118 4304 deque
3146 4245 3234 4292 tua
3259 4219 3710 4308 valetttdiuedzcta

2120 4311 2273 4366 nobis
2313 4315 2562 4372 nuntiare
2597 4321 2854 4387 graveris.
2894 4324 3026 4380 Nam
3067 4327 3136 4384 de
3177 4345 3240 4386 ea
3283 4334 3483 4406 aliquid
3521 4342 3711 4401 audire

2120 4403 2379 4471 majorem
2412 4407 2462 4460 in
2492 4409 2706 4466 modum
2734 4415 2995 4484 cupimus.
3026 4419 3188 4491 idque
3210 4423 3325 4494 ipse
3345 4403 3507 4486 etiam
3538 4438 3703 4492 nosti:

2115 4494 2544 4565 quandoquidem
2594 4501 2722 4558 illud
2783 4523 2995 4577 quoque
3046 4513 3138 4567 tibi
3186 4529 3522 4590 compertum
3577 4538 3701 4598 est,

2114 4595 2316 4654 quanto
2342 4590 2416 4644 tui
2446 4605 2661 4664 semper
2685 4611 2869 4654 amore
2893 4611 3186 4671 teneamur.

2113 4735 2358 4794 CXXIII
2365 4741 2667 4803 .Pltamiciaz
2690 4752 2992 4822 presbyteris
3013 4766 3059 4810 et
3085 4765 3348 4820 monac/iis
3367 4806 3382 4832 ,
3412 4773 3622 4839 gentiles
3647 4778 3701 4832 in

2145 4831 2436 4890 Christiana
2451 4839 2691 4910 religione
2706 4842 3092 4905 instituentibus.
3114 4851 3345 4924 (Cucuso
3355 4831 3498 4917 anno
3511 4864 3664 4939 405.)

2179 4969 2594 5041 Gubernatores,
2613 4992 2733 5032 cum
2761 4996 2906 5038 mare
2929 4983 3106 5041 furore
3131 4992 3388 5058 percitum
3416 5005 3468 5051 et
3493 5000 3700 5057 excita-

2109 5067 2218 5112 tttnt
2241 5101 2254 5122 ,
2298 5072 2456 5132 atque
2483 5065 2753 5138 ingentem
2785 5081 3154 5143 tempestatem
3183 5097 3246 5137 ac
3279 5085 3543 5145 turbinem
3574 5108 3700 5150 cer-

2105 5164 2257 5211 nunt.
2280 5169 2384 5209 non
2409 5159 2567 5213 modo
2598 5164 2773 5216 navim
2806 5181 2912 5220 non
2939 5168 3230 5238 deserunt,
3266 5176 3362 5232 sed
3383 5179 3544 5238 etiam
3570 5193 3700 5243 tunc

2107 5245 2306 5315 majore
2332 5247 2694 5307 siillicitudine
2724 5271 2786 5310 ac
2806 5258 2985 5314 studio
3020 5272 3269 5332 utuntur,
3302 5278 3411 5323 tum
3435 5272 3536 5342 ipsi
3565 5275 3700 5346 vigi-

2106 5337 2302 5405 lantes,
2347 5351 2456 5395 tum
2486 5343 2618 5400 alios
2655 5348 2968 5404 excitantes.
3003 5353 3295 5427 Medictque
3321 5337 3540 5431 rursus,
3569 5337 3695 5424 cum

2106 5429 2293 5485 febrim
2348 5435 2629 5490 excitatam
2675 5440 3025 5498 vehementur
3073 5448 3267 5506 saevire
3319 5455 3693 5524 prospiciunt,

2103 5532 2360 5591 argrotutu
2389 5542 2493 5580 non
2517 5528 2674 5584 modo
2700 5547 2806 5586 non
2838 5534 3160 5606 relinquunt,
3186 5555 3370 5597 verum
3387 5546 3548 5600 etiam
3575 5559 3690 5604 tum

2102 5613 2333 5686 denique
2356 5656 2372 5680 ,
2395 5628 2446 5672 et
2469 5633 2562 5688 per
2588 5636 2646 5675 se
2672 5663 2686 5683 .
2714 5631 2766 5678 et
2797 5640 2889 5693 per
2918 5627 3142 5682 aliorum
3172 5647 3386 5702 operam
3415 5637 3480 5690 ad
3511 5640 3691 5705 proni-

2103 5702 2332 5775 gandum
2363 5710 2606 5764 morbum
2649 5713 2766 5781 plus
2811 5715 2972 5772 studii
3007 5729 3165 5788 atque
3209 5739 3385 5792 opera:
3410 5702 3686 5785 adhibent.

2109 5798 2374 5866 Quorsum
2401 5797 2516 5858 haec
2541 5808 2945 5864 commemoro?
2991 5808 3248 5870 Nimirum
3278 5827 3328 5866 tu
3357 5834 3424 5874 ne
3447 5822 3568 5888 quis
3595 5836 3691 5880 vos
