  <div class='ocr_page' id='page_1' title='image "/cluster/home/n/w/nwhite01/storage/ocr_20150623/52/ien.35556001660794/297.png"; bbox 0 0 4076 6444; ppageno 0'>
   <div class='ocr_carea' id='block_1_1' title="bbox 538 402 642 461">
    <p class='ocr_par' dir='ltr' id='par_1_1' title="bbox 538 402 642 461">
     <span class='ocr_line' id='line_1_1' title="bbox 538 402 642 461; baseline -0.019 0"><span class='ocrx_word' id='word_1_1' title='bbox 538 402 642 461; x_wconf 76' lang='grc' dir='ltr'>οη</span> 
     </span>
    </p>
   </div>
   <div class='ocr_carea' id='block_1_2' title="bbox 535 505 2098 577">
    <p class='ocr_par' dir='ltr' id='par_1_2' title="bbox 535 505 2098 577">
     <span class='ocr_line' id='line_1_2' title="bbox 535 505 2098 577; baseline -0.005 -8"><span class='ocrx_word' id='word_1_2' title='bbox 535 515 680 575; x_wconf 68' lang='grc' dir='ltr'>ὅστε</span> <span class='ocrx_word' id='word_1_3' title='bbox 706 513 863 568; x_wconf 84' lang='grc' dir='ltr'>λῦσαι</span> <span class='ocrx_word' id='word_1_4' title='bbox 889 511 953 566; x_wconf 82' lang='lat'>10</span> <span class='ocrx_word' id='word_1_5' title='bbox 978 510 1163 567; x_wconf 83' lang='grc' dir='ltr'>κακόν.</span> <span class='ocrx_word' id='word_1_6' title='bbox 1186 509 1343 575; x_wconf 82' lang='grc' dir='ltr'>τίνος</span> <span class='ocrx_word' id='word_1_7' title='bbox 1369 511 1553 567; x_wconf 81' lang='grc' dir='ltr'>ινεκεν</span> <span class='ocrx_word' id='word_1_8' title='bbox 1579 508 1757 565; x_wconf 85' lang='grc' dir='ltr'>ταῦτα</span> <span class='ocrx_word' id='word_1_9' title='bbox 1783 508 1957 577; x_wconf 80' lang='grc' dir='ltr'>λέγως</span> <span class='ocrx_word' id='word_1_10' title='bbox 1982 505 2098 562; x_wconf 84' lang='grc' dir='ltr'>Ἵνα</span> 
     </span>
    </p>
   </div>
   <div class='ocr_carea' id='block_1_3' title="bbox 535 599 2099 680">
    <p class='ocr_par' dir='ltr' id='par_1_3' title="bbox 535 599 2099 680">
     <span class='ocr_line' id='line_1_3' title="bbox 535 599 2099 680; baseline -0.003 -10"><span class='ocrx_word' id='word_1_11' title='bbox 535 606 623 680; x_wconf 57' lang='grc' dir='ltr'>μὴ’</span> <span class='ocrx_word' id='word_1_12' title='bbox 654 621 739 669; x_wconf 73' lang='grc' dir='ltr'>τις</span> <span class='ocrx_word' id='word_1_13' title='bbox 768 603 913 675; x_wconf 69' lang='grc' dir='ltr'>ὕμισ</span> <span class='ocrx_word' id='word_1_14' title='bbox 945 601 1203 674; x_wconf 66' lang='grc' dir='ltr'>ἀπατήσῃ</span> <span class='ocrx_word' id='word_1_15' title='bbox 1245 599 1334 656; x_wconf 64' lang='grc' dir='ltr'>διὰ</span> <span class='ocrx_word' id='word_1_16' title='bbox 1376 601 1474 673; x_wconf 76' lang='grc' dir='ltr'>τὴν</span> <span class='ocrx_word' id='word_1_17' title='bbox 1516 600 1763 673; x_wconf 76' lang='grc' dir='ltr'>ταραχὴν</span> <span class='ocrx_word' id='word_1_18' title='bbox 1804 599 1904 672; x_wconf 76' lang='grc' dir='ltr'>τὴν</span> <span class='ocrx_word' id='word_1_19' title='bbox 1944 613 2099 667; x_wconf 77' lang='grc' dir='ltr'>γεγε-</span> 
     </span>
    </p>
   </div>
   <div class='ocr_carea' id='block_1_4' title="bbox 534 687 2098 767">
    <p class='ocr_par' dir='ltr' id='par_1_4' title="bbox 534 687 2098 767">
     <span class='ocr_line' id='line_1_4' title="bbox 534 687 2098 767; baseline -0.004 -21"><span class='ocrx_word' id='word_1_20' title='bbox 534 693 772 767; x_wconf 70' lang='grc' dir='ltr'>νημένην</span> <span class='ocrx_word' id='word_1_21' title='bbox 800 688 1117 746; x_wconf 77' lang='grc' dir='ltr'>καταλιπεῖν</span> <span class='ocrx_word' id='word_1_22' title='bbox 1152 688 1254 761; x_wconf 80' lang='grc' dir='ltr'>τήν</span> <span class='ocrx_word' id='word_1_23' title='bbox 1292 689 1563 761; x_wconf 61' lang='grc' dir='ltr'>Φοινίκην,</span> <span class='ocrx_word' id='word_1_24' title='bbox 1612 690 1706 743; x_wconf 81' lang='grc' dir='ltr'>καὶ</span> <span class='ocrx_word' id='word_1_25' title='bbox 1750 687 2098 760; x_wconf 77' lang='grc' dir='ltr'>ἀναχωρῆσαι</span> 
     </span>
    </p>
   </div>
   <div class='ocr_carea' id='block_1_5' title="bbox 533 777 2098 851">
    <p class='ocr_par' dir='ltr' id='par_1_5' title="bbox 533 777 2098 851">
     <span class='ocr_line' id='line_1_5' title="bbox 533 777 2098 851; baseline -0.005 -11"><span class='ocrx_word' id='word_1_26' title='bbox 533 782 774 841; x_wconf 72' lang='grc' dir='ltr'>ικεῖθεν·</span> <span class='ocrx_word' id='word_1_27' title='bbox 803 780 938 835; x_wconf 90' lang='grc' dir='ltr'>ἀλλά</span> <span class='ocrx_word' id='word_1_28' title='bbox 976 780 1089 851; x_wconf 82' lang='grc' dir='ltr'>δσῳ</span> <span class='ocrx_word' id='word_1_29' title='bbox 1136 780 1355 844; x_wconf 88' lang='grc' dir='ltr'>πλείους</span> <span class='ocrx_word' id='word_1_30' title='bbox 1383 781 1441 836; x_wconf 90' lang='grc' dir='ltr'>αί</span> <span class='ocrx_word' id='word_1_31' title='bbox 1470 780 1769 846; x_wconf 76' lang='grc' dir='ltr'>δυσκολίαι,</span> <span class='ocrx_word' id='word_1_32' title='bbox 1799 779 1893 834; x_wconf 90' lang='lat'><strong>1:01</strong></span> <span class='ocrx_word' id='word_1_33' title='bbox 1937 777 2098 850; x_wconf 85' lang='grc' dir='ltr'>χαλε-</span> 
     </span>
    </p>
   </div>
   <div class='ocr_carea' id='block_1_6' title="bbox 535 867 2099 945">
    <p class='ocr_par' dir='ltr' id='par_1_6' title="bbox 535 867 2099 945">
     <span class='ocr_line' id='line_1_6' title="bbox 535 867 2099 945; baseline -0.006 -15"><span class='ocrx_word' id='word_1_34' title='bbox 535 873 754 945; x_wconf 72' lang='grc' dir='ltr'>πώτερα</span> <span class='ocrx_word' id='word_1_35' title='bbox 782 871 856 927; x_wconf 89' lang='grc' dir='ltr'>τά</span> <span class='ocrx_word' id='word_1_36' title='bbox 889 868 1128 942; x_wconf 90' lang='grc' dir='ltr'>κύματα,</span> <span class='ocrx_word' id='word_1_37' title='bbox 1157 869 1252 923; x_wconf 84' lang='lat'><strong>1:01</strong></span> <span class='ocrx_word' id='word_1_38' title='bbox 1285 869 1488 942; x_wconf 79' lang='grc' dir='ltr'>μείζων</span> <span class='ocrx_word' id='word_1_39' title='bbox 1525 872 1561 942; x_wconf 84' lang='grc' dir='ltr'>ή</span> <span class='ocrx_word' id='word_1_40' title='bbox 1598 869 1831 943; x_wconf 78' lang='grc' dir='ltr'>ταραχὴ,</span> <span class='ocrx_word' id='word_1_41' title='bbox 1861 867 2099 940; x_wconf 85' lang='grc' dir='ltr'>τοσούτῳ</span> 
     </span>
    </p>
   </div>
   <div class='ocr_carea' id='block_1_7' title="bbox 536 959 2099 1037">
    <p class='ocr_par' dir='ltr' id='par_1_7' title="bbox 536 959 2099 1037">
     <span class='ocr_line' id='line_1_7' title="bbox 536 959 2099 1037; baseline -0.004 -17"><span class='ocrx_word' id='word_1_42' title='bbox 536 962 737 1037; x_wconf 67' lang='grc' dir='ltr'>μᾶλλον</span> <span class='ocrx_word' id='word_1_43' title='bbox 791 961 1057 1034; x_wconf 71' lang='grc' dir='ltr'>ὶμμένετε</span> <span class='ocrx_word' id='word_1_44' title='bbox 1112 959 1537 1027; x_wconf 76' lang='grc' dir='ltr'>σπουδάζοντες,</span> <span class='ocrx_word' id='word_1_45' title='bbox 1595 961 1871 1032; x_wconf 85' lang='grc' dir='ltr'>νήφοντες,</span> <span class='ocrx_word' id='word_1_46' title='bbox 1926 959 2099 1031; x_wconf 83' lang='grc' dir='ltr'>ἀγρυ-</span> 
     </span>
    </p>
   </div>
   <div class='ocr_carea' id='block_1_8' title="bbox 534 1046 2097 1121">
    <p class='ocr_par' dir='ltr' id='par_1_8' title="bbox 534 1046 2097 1121">
     <span class='ocr_line' id='line_1_8' title="bbox 534 1046 2097 1121; baseline -0.004 -14"><span class='ocrx_word' id='word_1_47' title='bbox 534 1051 814 1115; x_wconf 87' lang='grc' dir='ltr'>πνοῦντες,</span> <span class='ocrx_word' id='word_1_48' title='bbox 859 1049 1078 1104; x_wconf 87' lang='grc' dir='ltr'>πλείονα</span> <span class='ocrx_word' id='word_1_49' title='bbox 1104 1047 1414 1120; x_wconf 74' lang='grc' dir='ltr'>προθυμίαν</span> <span class='ocrx_word' id='word_1_50' title='bbox 1462 1048 1910 1121; x_wconf 67' lang='grc' dir='ltr'>ἀπιδεικνύμενοι,</span> <span class='ocrx_word' id='word_1_51' title='bbox 1957 1046 2097 1102; x_wconf 82' lang='grc' dir='ltr'>ὥστε</span> 
     </span>
    </p>
   </div>
   <div class='ocr_carea' id='block_1_9' title="bbox 534 1137 2096 1216">
    <p class='ocr_par' dir='ltr' id='par_1_9' title="bbox 534 1137 2096 1216">
     <span class='ocr_line' id='line_1_9' title="bbox 534 1137 2096 1216; baseline -0.003 -20"><span class='ocrx_word' id='word_1_52' title='bbox 534 1141 611 1216; x_wconf 75' lang='grc' dir='ltr'>μὴ</span> <span class='ocrx_word' id='word_1_53' title='bbox 644 1141 747 1213; x_wconf 82' lang='grc' dir='ltr'>τὴν</span> <span class='ocrx_word' id='word_1_54' title='bbox 775 1137 1057 1211; x_wconf 77' lang='grc' dir='ltr'>οίκοδομὴν</span> <span class='ocrx_word' id='word_1_55' title='bbox 1079 1138 1234 1211; x_wconf 89' lang='grc' dir='ltr'>ὑμῶν</span> <span class='ocrx_word' id='word_1_56' title='bbox 1256 1141 1355 1212; x_wconf 79' lang='grc' dir='ltr'>τὴν</span> <span class='ocrx_word' id='word_1_57' title='bbox 1383 1138 1675 1211; x_wconf 77' lang='grc' dir='ltr'>καλλίστην</span> <span class='ocrx_word' id='word_1_58' title='bbox 1709 1137 2096 1210; x_wconf 77' lang='grc' dir='ltr'>καταλυθῆναι,</span> 
     </span>
    </p>
   </div>
   <div class='ocr_carea' id='block_1_10' title="bbox 536 1226 2099 1301">
    <p class='ocr_par' dir='ltr' id='par_1_10' title="bbox 536 1226 2099 1301">
     <span class='ocr_line' id='line_1_10' title="bbox 536 1226 2099 1301; baseline -0.001 -18"><span class='ocrx_word' id='word_1_59' title='bbox 536 1228 669 1301; x_wconf 64' lang='grc' dir='ltr'>μηδὲ</span> <span class='ocrx_word' id='word_1_60' title='bbox 712 1228 805 1283; x_wconf 82' lang='grc' dir='ltr'>τὸν</span> <span class='ocrx_word' id='word_1_61' title='bbox 851 1226 1105 1281; x_wconf 90' lang='grc' dir='ltr'>τοσοῦτον</span> <span class='ocrx_word' id='word_1_62' title='bbox 1149 1229 1312 1286; x_wconf 85' lang='grc' dir='ltr'>πόνον</span> <span class='ocrx_word' id='word_1_63' title='bbox 1340 1227 1595 1299; x_wconf 85' lang='grc' dir='ltr'>ἀνωφελῆ</span> <span class='ocrx_word' id='word_1_64' title='bbox 1631 1228 1886 1298; x_wconf 87' lang='grc' dir='ltr'>γενέσθαι</span> <span class='ocrx_word' id='word_1_65' title='bbox 1900 1270 1916 1296; x_wconf 92' lang='grc'>,</span> <span class='ocrx_word' id='word_1_66' title='bbox 1962 1227 2099 1301; x_wconf 67' lang='grc' dir='ltr'>μηδὲ</span> 
     </span>
    </p>
   </div>
   <div class='ocr_carea' id='block_1_11' title="bbox 530 1315 2100 1390">
    <p class='ocr_par' dir='ltr' id='par_1_11' title="bbox 530 1315 2100 1390">
     <span class='ocr_line' id='line_1_11' title="bbox 530 1315 2100 1390; baseline 0.001 -20"><span class='ocrx_word' id='word_1_67' title='bbox 530 1317 629 1390; x_wconf 80' lang='grc' dir='ltr'>τήν</span> <span class='ocrx_word' id='word_1_68' title='bbox 652 1315 925 1389; x_wconf 78' lang='grc' dir='ltr'>γεωργίαν</span> <span class='ocrx_word' id='word_1_69' title='bbox 948 1316 1101 1387; x_wconf 86' lang='grc' dir='ltr'>ὑμῶν</span> <span class='ocrx_word' id='word_1_70' title='bbox 1127 1317 1506 1389; x_wconf 88' lang='grc' dir='ltr'>ἀφανισθῆναι.</span> <span class='ocrx_word' id='word_1_71' title='bbox 1545 1315 1750 1382; x_wconf 72' lang='grc' dir='ltr'>Ἱκανὸς</span> <span class='ocrx_word' id='word_1_72' title='bbox 1784 1318 1896 1390; x_wconf 86' lang='grc' dir='ltr'>γὰρ</span> <span class='ocrx_word' id='word_1_73' title='bbox 1913 1318 1943 1372; x_wconf 94' lang='lat'>0</span> <span class='ocrx_word' id='word_1_74' title='bbox 1966 1317 2100 1382; x_wconf 80' lang='grc' dir='ltr'>Θεὸς</span> 
     </span>
    </p>
   </div>
   <div class='ocr_carea' id='block_1_12' title="bbox 531 1404 2098 1479">
    <p class='ocr_par' dir='ltr' id='par_1_12' title="bbox 531 1404 2098 1479">
     <span class='ocr_line' id='line_1_12' title="bbox 531 1404 2098 1479; baseline -0.003 -16"><span class='ocrx_word' id='word_1_75' title='bbox 531 1408 625 1463; x_wconf 88' lang='lat'><strong>1:01</strong></span> <span class='ocrx_word' id='word_1_76' title='bbox 652 1405 750 1477; x_wconf 79' lang='grc' dir='ltr'>τὴν</span> <span class='ocrx_word' id='word_1_77' title='bbox 792 1405 1036 1479; x_wconf 82' lang='grc' dir='ltr'>ταραχὴν</span> <span class='ocrx_word' id='word_1_78' title='bbox 1063 1404 1222 1460; x_wconf 89' lang='grc' dir='ltr'>λῦσαι</span> <span class='ocrx_word' id='word_1_79' title='bbox 1256 1407 1351 1462; x_wconf 80' lang='grc' dir='ltr'>καὶ</span> <span class='ocrx_word' id='word_1_80' title='bbox 1381 1406 1482 1479; x_wconf 86' lang='grc' dir='ltr'>τῆς</span> <span class='ocrx_word' id='word_1_81' title='bbox 1513 1406 1788 1478; x_wconf 80' lang='grc' dir='ltr'>ὑπομονῆς</span> <span class='ocrx_word' id='word_1_82' title='bbox 1821 1407 1950 1478; x_wconf 90' lang='grc' dir='ltr'>ὑμῖν</span> <span class='ocrx_word' id='word_1_83' title='bbox 1975 1404 2098 1459; x_wconf 87' lang='grc' dir='ltr'>δοῦ-</span> 
     </span>
    </p>
   </div>
   <div class='ocr_carea' id='block_1_13' title="bbox 529 1496 2096 1571">
    <p class='ocr_par' dir='ltr' id='par_1_13' title="bbox 529 1496 2096 1571">
     <span class='ocr_line' id='line_1_13' title="bbox 529 1496 2096 1571; baseline -0.002 -18"><span class='ocrx_word' id='word_1_84' title='bbox 529 1515 618 1553; x_wconf 91' lang='grc' dir='ltr'>ναι</span> <span class='ocrx_word' id='word_1_85' title='bbox 657 1498 749 1552; x_wconf 80' lang='grc' dir='ltr'>τὸν</span> <span class='ocrx_word' id='word_1_86' title='bbox 792 1497 1001 1569; x_wconf 90' lang='grc' dir='ltr'>μισθόν.</span> <span class='ocrx_word' id='word_1_87' title='bbox 1039 1498 1174 1553; x_wconf 68' lang='lat'><strong>0061</strong></span> <span class='ocrx_word' id='word_1_88' title='bbox 1220 1498 1330 1569; x_wconf 87' lang='grc' dir='ltr'>γάρ</span> <span class='ocrx_word' id='word_1_89' title='bbox 1370 1498 1624 1563; x_wconf 89' lang='grc' dir='ltr'>τοσοῦτος</span> <span class='ocrx_word' id='word_1_90' title='bbox 1667 1498 1797 1571; x_wconf 84' lang='grc' dir='ltr'>ὑμῖν</span> <span class='ocrx_word' id='word_1_91' title='bbox 1823 1498 1853 1551; x_wconf 90' lang='lat'>0</span> <span class='ocrx_word' id='word_1_92' title='bbox 1884 1496 2096 1570; x_wconf 78' lang='grc' dir='ltr'>μισθὸς,</span> 
     </span>
    </p>
   </div>
   <div class='ocr_carea' id='block_1_14' title="bbox 527 1587 2101 1660">
    <p class='ocr_par' dir='ltr' id='par_1_14' title="bbox 527 1587 2101 1660">
     <span class='ocr_line' id='line_1_14' title="bbox 527 1587 2101 1660; baseline 0 -17"><span class='ocrx_word' id='word_1_93' title='bbox 527 1590 617 1643; x_wconf 83' lang='grc' dir='ltr'>ὅτε</span> <span class='ocrx_word' id='word_1_94' title='bbox 653 1590 777 1658; x_wconf 72' lang='grc' dir='ltr'>μετ’</span> <span class='ocrx_word' id='word_1_95' title='bbox 809 1587 1059 1651; x_wconf 75' lang='grc' dir='ltr'>εὐκολίας</span> <span class='ocrx_word' id='word_1_96' title='bbox 1103 1587 1173 1641; x_wconf 89' lang='grc' dir='ltr'>τά</span> <span class='ocrx_word' id='word_1_97' title='bbox 1225 1588 1522 1659; x_wconf 89' lang='grc' dir='ltr'>πράγματα</span> <span class='ocrx_word' id='word_1_98' title='bbox 1563 1587 1773 1660; x_wconf 71' lang='grc' dir='ltr'>ἠνύετο,</span> <span class='ocrx_word' id='word_1_99' title='bbox 1796 1589 1920 1655; x_wconf 83' lang='grc' dir='ltr'>ὅσος</span> <span class='ocrx_word' id='word_1_100' title='bbox 1953 1590 2101 1644; x_wconf 76' lang='grc' dir='ltr'>εστὶν</span> 
     </span>
    </p>
   </div>
   <div class='ocr_carea' id='block_1_15' title="bbox 528 1675 2097 1752">
    <p class='ocr_par' dir='ltr' id='par_1_15' title="bbox 528 1675 2097 1752">
     <span class='ocr_line' id='line_1_15' title="bbox 528 1675 2097 1752; baseline 0.001 -19"><span class='ocrx_word' id='word_1_101' title='bbox 528 1678 658 1751; x_wconf 89' lang='grc' dir='ltr'>ὑμῖν</span> <span class='ocrx_word' id='word_1_102' title='bbox 701 1677 819 1744; x_wconf 90' lang='grc' dir='ltr'>νῦν,</span> <span class='ocrx_word' id='word_1_103' title='bbox 865 1679 957 1735; x_wconf 82' lang='grc' dir='ltr'>ὅτε</span> <span class='ocrx_word' id='word_1_104' title='bbox 985 1675 1155 1751; x_wconf 77' lang='grc' dir='ltr'>πολλὴ</span> <span class='ocrx_word' id='word_1_105' title='bbox 1186 1682 1220 1749; x_wconf 88' lang='grc' dir='ltr'>ή</span> <span class='ocrx_word' id='word_1_106' title='bbox 1255 1678 1537 1745; x_wconf 83' lang='grc' dir='ltr'>δυσκολία,</span> <span class='ocrx_word' id='word_1_107' title='bbox 1579 1679 1748 1751; x_wconf 79' lang='grc' dir='ltr'>πολλὴ</span> <span class='ocrx_word' id='word_1_108' title='bbox 1794 1681 1831 1752; x_wconf 86' lang='grc' dir='ltr'>ή</span> <span class='ocrx_word' id='word_1_109' title='bbox 1863 1680 2097 1752; x_wconf 79' lang='grc' dir='ltr'>ταραχὴ,</span> 
     </span>
    </p>
   </div>
   <div class='ocr_carea' id='block_1_16' title="bbox 528 1766 2111 1833">
    <p class='ocr_par' dir='ltr' id='par_1_16' title="bbox 528 1766 2111 1833">
     <span class='ocr_line' id='line_1_16' title="bbox 528 1766 2111 1833; baseline -0.001 -8"><span class='ocrx_word' id='word_1_110' title='bbox 528 1768 712 1825; x_wconf 75' lang='grc' dir='ltr'>πολλοὶ</span> <span class='ocrx_word' id='word_1_111' title='bbox 746 1769 797 1822; x_wconf 85' lang='grc' dir='ltr'>οί</span> <span class='ocrx_word' id='word_1_112' title='bbox 830 1766 1285 1832; x_wconf 74' lang='grc' dir='ltr'>σκανδαλίζοντες.</span> <span class='ocrx_word' id='word_1_113' title='bbox 1320 1766 1654 1833; x_wconf 84' lang='grc' dir='ltr'>Ἐννοοῦντες</span> <span class='ocrx_word' id='word_1_114' title='bbox 1682 1767 1858 1822; x_wconf 84' lang='grc' dir='ltr'>τοίνυν</span> <span class='ocrx_word' id='word_1_115' title='bbox 1891 1769 1985 1823; x_wconf 88' lang='lat'><strong>1:01</strong></span> <span class='ocrx_word' id='word_1_116' title='bbox 2011 1770 2111 1823; x_wconf 81' lang='grc' dir='ltr'>τὸν</span> 
     </span>
    </p>
   </div>
   <div class='ocr_carea' id='block_1_17' title="bbox 529 1857 2098 1933">
    <p class='ocr_par' dir='ltr' id='par_1_17' title="bbox 529 1857 2098 1933">
     <span class='ocr_line' id='line_1_17' title="bbox 529 1857 2098 1933; baseline -0.002 -17"><span class='ocrx_word' id='word_1_117' title='bbox 529 1860 775 1933; x_wconf 84' lang='grc' dir='ltr'>κάματον</span> <span class='ocrx_word' id='word_1_118' title='bbox 814 1858 874 1913; x_wconf 89' lang='grc' dir='ltr'>δν</span> <span class='ocrx_word' id='word_1_119' title='bbox 903 1858 1158 1929; x_wconf 75' lang='grc' dir='ltr'>ἑκάμετε,</span> <span class='ocrx_word' id='word_1_120' title='bbox 1198 1859 1293 1912; x_wconf 88' lang='lat'><strong>1:01</strong></span> <span class='ocrx_word' id='word_1_121' title='bbox 1324 1858 1413 1912; x_wconf 87' lang='lat' dir='ltr'>10v</span> <span class='ocrx_word' id='word_1_122' title='bbox 1443 1858 1608 1912; x_wconf 88' lang='grc' dir='ltr'>πόνον</span> <span class='ocrx_word' id='word_1_123' title='bbox 1643 1857 1704 1912; x_wconf 86' lang='grc' dir='ltr'>δν</span> <span class='ocrx_word' id='word_1_124' title='bbox 1746 1858 2098 1929; x_wconf 76' lang='grc' dir='ltr'>ὑπεμείνατε,</span> 
     </span>
    </p>
   </div>
   <div class='ocr_carea' id='block_1_18' title="bbox 528 1947 2110 2026">
    <p class='ocr_par' dir='ltr' id='par_1_18' title="bbox 528 1947 2110 2026">
     <span class='ocr_line' id='line_1_18' title="bbox 528 1947 2110 2026; baseline -0.006 -16"><span class='ocrx_word' id='word_1_125' title='bbox 528 1952 621 2010; x_wconf 83' lang='grc' dir='ltr'>καὶ</span> <span class='ocrx_word' id='word_1_126' title='bbox 649 1951 717 2008; x_wconf 81' lang='grc' dir='ltr'>τά</span> <span class='ocrx_word' id='word_1_127' title='bbox 749 1947 1148 2021; x_wconf 80' lang='grc' dir='ltr'>κατορθώματα</span> <span class='ocrx_word' id='word_1_128' title='bbox 1174 1947 1212 2002; x_wconf 84' lang='grc' dir='ltr'>ἀ</span> <span class='ocrx_word' id='word_1_129' title='bbox 1238 1947 1661 2021; x_wconf 73' lang='grc' dir='ltr'>κατωρθώσατε,</span> <span class='ocrx_word' id='word_1_130' title='bbox 1688 1948 1781 2003; x_wconf 85' lang='grc' dir='ltr'>καὶ</span> <span class='ocrx_word' id='word_1_131' title='bbox 1808 1949 2110 2026; x_wconf 79' lang='grc' dir='ltr'>ὅτιχάριτι</span> 
     </span>
    </p>
   </div>
   <div class='ocr_carea' id='block_1_19' title="bbox 526 2036 2097 2109">
    <p class='ocr_par' dir='ltr' id='par_1_19' title="bbox 526 2036 2097 2109">
     <span class='ocr_line' id='line_1_19' title="bbox 526 2036 2097 2109; baseline -0.004 -10"><span class='ocrx_word' id='word_1_132' title='bbox 526 2044 662 2100; x_wconf 89' lang='grc' dir='ltr'>Θεοῦ</span> <span class='ocrx_word' id='word_1_133' title='bbox 700 2039 953 2098; x_wconf 83' lang='grc' dir='ltr'>τοσοῦτον</span> <span class='ocrx_word' id='word_1_134' title='bbox 1001 2036 1331 2094; x_wconf 85' lang='grc' dir='ltr'>κατελύσατε</span> <span class='ocrx_word' id='word_1_135' title='bbox 1365 2038 1467 2109; x_wconf 89' lang='grc' dir='ltr'>τῆς</span> <span class='ocrx_word' id='word_1_136' title='bbox 1515 2037 1769 2101; x_wconf 80' lang='grc' dir='ltr'>ἀσεϐείας</span> <span class='ocrx_word' id='word_1_137' title='bbox 1809 2040 1871 2091; x_wconf 86' lang='lat'>10</span> <span class='ocrx_word' id='word_1_138' title='bbox 1912 2038 2097 2109; x_wconf 83' lang='grc' dir='ltr'>μέρος,</span> 
     </span>
    </p>
   </div>
   <div class='ocr_carea' id='block_1_20' title="bbox 526 2123 2098 2203">
    <p class='ocr_par' dir='ltr' id='par_1_20' title="bbox 526 2123 2098 2203">
     <span class='ocr_line' id='line_1_20' title="bbox 526 2123 2098 2203; baseline -0.006 -14"><span class='ocrx_word' id='word_1_139' title='bbox 526 2133 616 2189; x_wconf 81' lang='grc' dir='ltr'>καὶ</span> <span class='ocrx_word' id='word_1_140' title='bbox 649 2133 731 2197; x_wconf 87' lang='grc' dir='ltr'>είς</span> <span class='ocrx_word' id='word_1_141' title='bbox 766 2128 1049 2203; x_wconf 75' lang='grc' dir='ltr'>προκοπήν</span> <span class='ocrx_word' id='word_1_142' title='bbox 1081 2126 1152 2181; x_wconf 74' lang='grc' dir='ltr'>σά</span> <span class='ocrx_word' id='word_1_143' title='bbox 1190 2127 1488 2198; x_wconf 83' lang='grc' dir='ltr'>πράγματα</span> <span class='ocrx_word' id='word_1_144' title='bbox 1516 2126 1615 2197; x_wconf 88' lang='grc' dir='ltr'>τῆς</span> <span class='ocrx_word' id='word_1_145' title='bbox 1640 2126 1892 2198; x_wconf 65' lang='grc' dir='ltr'>⁴Ιιοινίκης</span> <span class='ocrx_word' id='word_1_146' title='bbox 1942 2123 2098 2198; x_wconf 76' lang='grc' dir='ltr'>ἦλθε,</span> 
     </span>
    </p>
   </div>
   <div class='ocr_carea' id='block_1_21' title="bbox 525 2214 2098 2289">
    <p class='ocr_par' dir='ltr' id='par_1_21' title="bbox 525 2214 2098 2289">
     <span class='ocr_line' id='line_1_21' title="bbox 525 2214 2098 2289; baseline -0.005 -11"><span class='ocrx_word' id='word_1_147' title='bbox 525 2224 620 2279; x_wconf 76' lang='grc' dir='ltr'>καὶ</span> <span class='ocrx_word' id='word_1_148' title='bbox 659 2222 742 2276; x_wconf 84' lang='grc' dir='ltr'>δτι</span> <span class='ocrx_word' id='word_1_149' title='bbox 787 2219 985 2274; x_wconf 89' lang='grc' dir='ltr'>πλείων</span> <span class='ocrx_word' id='word_1_150' title='bbox 1027 2220 1056 2273; x_wconf 98' lang='lat'>0</span> <span class='ocrx_word' id='word_1_151' title='bbox 1101 2217 1292 2289; x_wconf 80' lang='grc' dir='ltr'>μισθὸς</span> <span class='ocrx_word' id='word_1_152' title='bbox 1341 2214 1436 2270; x_wconf 91' lang='grc' dir='ltr'>νῦν</span> <span class='ocrx_word' id='word_1_153' title='bbox 1489 2217 1617 2287; x_wconf 83' lang='grc' dir='ltr'>ὑμῖν</span> <span class='ocrx_word' id='word_1_154' title='bbox 1661 2216 1758 2271; x_wconf 77' lang='grc' dir='ltr'>καὶ</span> <span class='ocrx_word' id='word_1_155' title='bbox 1813 2215 2015 2288; x_wconf 77' lang='grc' dir='ltr'>μείζων</span> <span class='ocrx_word' id='word_1_156' title='bbox 2063 2218 2098 2289; x_wconf 83' lang='grc' dir='ltr'>ή</span> 
     </span>
    </p>
   </div>
   <div class='ocr_carea' id='block_1_22' title="bbox 524 2302 2107 2384">
    <p class='ocr_par' dir='ltr' id='par_1_22' title="bbox 524 2302 2107 2384">
     <span class='ocr_line' id='line_1_22' title="bbox 524 2302 2107 2384; baseline -0.004 -17"><span class='ocrx_word' id='word_1_157' title='bbox 524 2311 760 2384; x_wconf 83' lang='grc' dir='ltr'>ἀμοιϐὴ,</span> <span class='ocrx_word' id='word_1_158' title='bbox 798 2308 895 2363; x_wconf 75' lang='grc' dir='ltr'>καὶ</span> <span class='ocrx_word' id='word_1_159' title='bbox 935 2309 1017 2362; x_wconf 86' lang='grc' dir='ltr'>δτι</span> <span class='ocrx_word' id='word_1_160' title='bbox 1058 2306 1269 2378; x_wconf 86' lang='grc' dir='ltr'>ταχέως</span> <span class='ocrx_word' id='word_1_161' title='bbox 1307 2305 1337 2359; x_wconf 90' lang='lat'>0</span> <span class='ocrx_word' id='word_1_162' title='bbox 1376 2302 1511 2368; x_wconf 74' lang='grc' dir='ltr'>Θεὸς</span> <span class='ocrx_word' id='word_1_163' title='bbox 1551 2304 1648 2358; x_wconf 88' lang='lat'><strong>1:01</strong></span> <span class='ocrx_word' id='word_1_164' title='bbox 1691 2304 1761 2358; x_wconf 84' lang='lat'>10</span> <span class='ocrx_word' id='word_1_165' title='bbox 1804 2303 2107 2376; x_wconf 84' lang='grc' dir='ltr'>κωλύματα</span> 
     </span>
    </p>
   </div>
   <div class='ocr_carea' id='block_1_23' title="bbox 526 2392 2101 2467">
    <p class='ocr_par' dir='ltr' id='par_1_23' title="bbox 526 2392 2101 2467">
     <span class='ocr_line' id='line_1_23' title="bbox 526 2392 2101 2467; baseline -0.008 -9"><span class='ocrx_word' id='word_1_166' title='bbox 526 2400 835 2467; x_wconf 82' lang='grc' dir='ltr'>καταλύσει,</span> <span class='ocrx_word' id='word_1_167' title='bbox 863 2398 956 2453; x_wconf 88' lang='lat'><strong>1:01</strong></span> <span class='ocrx_word' id='word_1_168' title='bbox 987 2396 1187 2459; x_wconf 89' lang='grc' dir='ltr'>πολλάς</span> <span class='ocrx_word' id='word_1_169' title='bbox 1213 2396 1340 2466; x_wconf 86' lang='grc' dir='ltr'>ὑμῖν</span> <span class='ocrx_word' id='word_1_170' title='bbox 1375 2393 1474 2465; x_wconf 88' lang='grc' dir='ltr'>τῆς</span> <span class='ocrx_word' id='word_1_171' title='bbox 1511 2393 1789 2463; x_wconf 78' lang='grc' dir='ltr'>ὑπομονῆς</span> <span class='ocrx_word' id='word_1_172' title='bbox 1812 2392 1973 2448; x_wconf 87' lang='grc' dir='ltr'>δώσει</span> <span class='ocrx_word' id='word_1_173' title='bbox 2002 2396 2101 2459; x_wconf 80' lang='grc' dir='ltr'>τὰς</span> 
     </span>
    </p>
   </div>
   <div class='ocr_carea' id='block_1_24' title="bbox 525 2484 2101 2561">
    <p class='ocr_par' dir='ltr' id='par_1_24' title="bbox 525 2484 2101 2561">
     <span class='ocr_line' id='line_1_24' title="bbox 525 2484 2101 2561; baseline -0.006 -12"><span class='ocrx_word' id='word_1_174' title='bbox 525 2492 847 2557; x_wconf 75' lang='grc' dir='ltr'>ἀντιδόσεις,</span> <span class='ocrx_word' id='word_1_175' title='bbox 879 2487 1247 2561; x_wconf 87' lang='grc' dir='ltr'>παραμένετε,</span> <span class='ocrx_word' id='word_1_176' title='bbox 1287 2484 1588 2540; x_wconf 78' lang='grc' dir='ltr'>ὲνίστασθε.</span> <span class='ocrx_word' id='word_1_177' title='bbox 1622 2485 1787 2539; x_wconf 75' lang='grc' dir='ltr'>Οὐδὲν</span> <span class='ocrx_word' id='word_1_178' title='bbox 1822 2486 1932 2558; x_wconf 87' lang='grc' dir='ltr'>γάρ</span> <span class='ocrx_word' id='word_1_179' title='bbox 1971 2487 2101 2557; x_wconf 84' lang='grc' dir='ltr'>ὑμῖν</span> 
     </span>
    </p>
   </div>
   <div class='ocr_carea' id='block_1_25' title="bbox 528 2576 2107 2658">
    <p class='ocr_par' dir='ltr' id='par_1_25' title="bbox 528 2576 2107 2658">
     <span class='ocr_line' id='line_1_25' title="bbox 528 2576 2107 2658; baseline -0.005 -17"><span class='ocrx_word' id='word_1_180' title='bbox 528 2587 639 2658; x_wconf 70' lang='grc' dir='ltr'>ἔχει</span> <span class='ocrx_word' id='word_1_181' title='bbox 670 2583 851 2653; x_wconf 77' lang='grc' dir='ltr'>λεῖψαι</span> <span class='ocrx_word' id='word_1_182' title='bbox 876 2582 997 2636; x_wconf 74' lang='grc' dir='ltr'>οὑδὲ</span> <span class='ocrx_word' id='word_1_183' title='bbox 1036 2580 1153 2644; x_wconf 88' lang='grc' dir='ltr'>νῦν,</span> <span class='ocrx_word' id='word_1_184' title='bbox 1194 2576 1332 2633; x_wconf 89' lang='grc' dir='ltr'>ἀλλά</span> <span class='ocrx_word' id='word_1_185' title='bbox 1370 2577 1471 2647; x_wconf 86' lang='grc' dir='ltr'>τῆς</span> <span class='ocrx_word' id='word_1_186' title='bbox 1503 2578 1671 2649; x_wconf 78' lang='grc' dir='ltr'>αὐτῆς</span> <span class='ocrx_word' id='word_1_187' title='bbox 1709 2576 1969 2647; x_wconf 80' lang='grc' dir='ltr'>ἀφθονίας</span> <span class='ocrx_word' id='word_1_188' title='bbox 2009 2581 2107 2633; x_wconf 86' lang='lat'><strong>1:01</strong></span> 
     </span>
    </p>
   </div>
   <div class='ocr_carea' id='block_1_26' title="bbox 524 2665 2102 2744">
    <p class='ocr_par' dir='ltr' id='par_1_26' title="bbox 524 2665 2102 2744">
     <span class='ocr_line' id='line_1_26' title="bbox 524 2665 2102 2744; baseline -0.004 -16"><span class='ocrx_word' id='word_1_189' title='bbox 524 2672 781 2744; x_wconf 81' lang='grc' dir='ltr'>δαψιλέας</span> <span class='ocrx_word' id='word_1_190' title='bbox 824 2668 1113 2725; x_wconf 76' lang='grc' dir='ltr'>ἀπολαύειν</span> <span class='ocrx_word' id='word_1_191' title='bbox 1161 2667 1307 2738; x_wconf 78' lang='grc' dir='ltr'>ὑμᾶς</span> <span class='ocrx_word' id='word_1_192' title='bbox 1357 2665 1651 2729; x_wconf 63' lang='grc' dir='ltr'>ἐκέλευσα,</span> <span class='ocrx_word' id='word_1_193' title='bbox 1692 2666 1804 2721; x_wconf 84' lang='grc' dir='ltr'>είτε</span> <span class='ocrx_word' id='word_1_194' title='bbox 1846 2667 1905 2720; x_wconf 72' lang='lat' dir='ltr'>1v</span> <span class='ocrx_word' id='word_1_195' title='bbox 1949 2667 2102 2722; x_wconf 69' lang='grc' dir='ltr'>ἀνδύ-</span> 
     </span>
    </p>
   </div>
   <div class='ocr_carea' id='block_1_27' title="bbox 529 2754 2104 2835">
    <p class='ocr_par' dir='ltr' id='par_1_27' title="bbox 529 2754 2104 2835">
     <span class='ocr_line' id='line_1_27' title="bbox 529 2754 2104 2835; baseline -0.004 -19"><span class='ocrx_word' id='word_1_196' title='bbox 529 2778 717 2835; x_wconf 86' lang='grc' dir='ltr'>μασιν,</span> <span class='ocrx_word' id='word_1_197' title='bbox 749 2762 855 2817; x_wconf 83' lang='grc' dir='ltr'>είτε</span> <span class='ocrx_word' id='word_1_198' title='bbox 879 2762 937 2815; x_wconf 75' lang='grc' dir='ltr'>έν</span> <span class='ocrx_word' id='word_1_199' title='bbox 968 2756 1328 2829; x_wconf 77' lang='grc' dir='ltr'>ὑποδήμασιν,</span> <span class='ocrx_word' id='word_1_200' title='bbox 1364 2754 1474 2810; x_wconf 81' lang='grc' dir='ltr'>εἴτε</span> <span class='ocrx_word' id='word_1_201' title='bbox 1507 2757 1566 2809; x_wconf 81' lang='grc' dir='ltr'>ὲν</span> <span class='ocrx_word' id='word_1_202' title='bbox 1602 2755 1917 2826; x_wconf 84' lang='grc' dir='ltr'>διατροφαῖς</span> <span class='ocrx_word' id='word_1_203' title='bbox 1938 2768 1975 2798; x_wconf 80' lang='grc' dir='ltr'>ι·</span> <span class='ocrx_word' id='word_1_204' title='bbox 1993 2755 2104 2813; x_wconf 86' lang='grc' dir='ltr'>τῶν</span> 
     </span>
    </p>
   </div>
   <div class='ocr_carea' id='block_1_28' title="bbox 526 2844 2101 2923">
    <p class='ocr_par' dir='ltr' id='par_1_28' title="bbox 526 2844 2101 2923">
     <span class='ocr_line' id='line_1_28' title="bbox 526 2844 2101 2923; baseline -0.006 -12"><span class='ocrx_word' id='word_1_205' title='bbox 526 2853 794 2923; x_wconf 74' lang='grc' dir='ltr'>ἀδελφῶν.</span> <span class='ocrx_word' id='word_1_206' title='bbox 826 2850 890 2905; x_wconf 83' lang='grc' dir='ltr'><strong>Εἰ</strong></span> <span class='ocrx_word' id='word_1_207' title='bbox 921 2850 979 2903; x_wconf 76' lang='lat'>61</span> <span class='ocrx_word' id='word_1_208' title='bbox 1005 2850 1165 2920; x_wconf 80' lang='grc' dir='ltr'>ἡμεῖς</span> <span class='ocrx_word' id='word_1_209' title='bbox 1197 2849 1255 2902; x_wconf 78' lang='grc' dir='ltr'>ὲν</span> <span class='ocrx_word' id='word_1_210' title='bbox 1282 2845 1517 2919; x_wconf 78' lang='grc' dir='ltr'>τοσαύτῃ</span> <span class='ocrx_word' id='word_1_211' title='bbox 1729 2846 1904 2918; x_wconf 78' lang='grc' dir='ltr'>θλίψει</span> <span class='ocrx_word' id='word_1_212' title='bbox 1926 2847 2101 2912; x_wconf 85' lang='grc' dir='ltr'>δντες,</span> 
     </span>
    </p>
   </div>
   <div class='ocr_carea' id='block_1_29' title="bbox 528 2935 2102 3015">
    <p class='ocr_par' dir='ltr' id='par_1_29' title="bbox 528 2935 2102 3015">
     <span class='ocr_line' id='line_1_29' title="bbox 528 2935 2102 3015; baseline -0.006 -16"><span class='ocrx_word' id='word_1_213' title='bbox 528 2945 623 2999; x_wconf 87' lang='lat'><strong>1:01</strong></span> <span class='ocrx_word' id='word_1_214' title='bbox 653 2940 991 3015; x_wconf 78' lang='grc' dir='ltr'>περιστάσει,</span> <span class='ocrx_word' id='word_1_215' title='bbox 1029 2939 1124 2993; x_wconf 86' lang='lat'><strong>1:01</strong></span> <span class='ocrx_word' id='word_1_216' title='bbox 1156 2937 1393 3009; x_wconf 72' lang='grc' dir='ltr'>ἐρημίαν</span> <span class='ocrx_word' id='word_1_217' title='bbox 1429 2935 1707 3001; x_wconf 87' lang='grc' dir='ltr'>οίκοῦντες</span> <span class='ocrx_word' id='word_1_218' title='bbox 1734 2935 1834 3008; x_wconf 74' lang='grc' dir='ltr'>τὴν</span> <span class='ocrx_word' id='word_1_219' title='bbox 1859 2938 2102 2991; x_wconf 82' lang='grc' dir='ltr'>Κουκου-</span> 
     </span>
    </p>
   </div>
   <div class='ocr_carea' id='block_1_30' title="bbox 528 3024 2101 3101">
    <p class='ocr_par' dir='ltr' id='par_1_30' title="bbox 528 3024 2101 3101">
     <span class='ocr_line' id='line_1_30' title="bbox 528 3024 2101 3101; baseline -0.007 -13"><span class='ocrx_word' id='word_1_220' title='bbox 528 3034 643 3098; x_wconf 81' lang='lat' dir='ltr'><strong>00v,</strong></span> <span class='ocrx_word' id='word_1_221' title='bbox 668 3029 931 3101; x_wconf 87' lang='grc' dir='ltr'>τοσαύτην</span> <span class='ocrx_word' id='word_1_222' title='bbox 964 3026 1261 3099; x_wconf 87' lang='grc' dir='ltr'>ποιούμεθα</span> <span class='ocrx_word' id='word_1_223' title='bbox 1301 3025 1557 3097; x_wconf 90' lang='grc' dir='ltr'>φροντίδα</span> <span class='ocrx_word' id='word_1_224' title='bbox 1593 3024 1704 3079; x_wconf 89' lang='grc' dir='ltr'>τῶν</span> <span class='ocrx_word' id='word_1_225' title='bbox 1735 3024 2101 3098; x_wconf 84' lang='grc' dir='ltr'>κατορθωμά-</span> 
     </span>
    </p>
   </div>
   <div class='ocr_carea' id='block_1_31' title="bbox 528 3115 2103 3192">
    <p class='ocr_par' dir='ltr' id='par_1_31' title="bbox 528 3115 2103 3192">
     <span class='ocr_line' id='line_1_31' title="bbox 528 3115 2103 3192; baseline -0.006 -12"><span class='ocrx_word' id='word_1_226' title='bbox 528 3142 635 3180; x_wconf 86' lang='grc' dir='ltr'>των</span> <span class='ocrx_word' id='word_1_227' title='bbox 682 3122 792 3177; x_wconf 86' lang='grc' dir='ltr'>τῶν</span> <span class='ocrx_word' id='word_1_228' title='bbox 850 3119 1149 3192; x_wconf 86' lang='grc' dir='ltr'>ὑμετέρων,</span> <span class='ocrx_word' id='word_1_229' title='bbox 1198 3116 1380 3189; x_wconf 81' lang='grc' dir='ltr'>πολλῷ</span> <span class='ocrx_word' id='word_1_230' title='bbox 1430 3115 1631 3188; x_wconf 77' lang='grc' dir='ltr'>μᾶλλον</span> <span class='ocrx_word' id='word_1_231' title='bbox 1684 3115 1780 3171; x_wconf 86' lang='lat'><strong>1:01</strong></span> <span class='ocrx_word' id='word_1_232' title='bbox 1823 3117 1968 3187; x_wconf 74' lang='grc' dir='ltr'>ὑμᾶς</span> <span class='ocrx_word' id='word_1_233' title='bbox 2020 3116 2103 3170; x_wconf 85' lang='grc' dir='ltr'>δεῖ</span> 
     </span>
    </p>
   </div>
   <div class='ocr_carea' id='block_1_32' title="bbox 528 3206 2101 3286">
    <p class='ocr_par' dir='ltr' id='par_1_32' title="bbox 528 3206 2101 3286">
     <span class='ocr_line' id='line_1_32' title="bbox 528 3206 2101 3286; baseline -0.005 -15"><span class='ocrx_word' id='word_1_234' title='bbox 528 3215 727 3286; x_wconf 85' lang='grc' dir='ltr'>πολλῆς</span> <span class='ocrx_word' id='word_1_235' title='bbox 788 3210 1048 3285; x_wconf 84' lang='grc' dir='ltr'>εὐπορίας</span> <span class='ocrx_word' id='word_1_236' title='bbox 1109 3208 1514 3273; x_wconf 87' lang='grc' dir='ltr'>ἀπολαύοντας,</span> <span class='ocrx_word' id='word_1_237' title='bbox 1560 3206 1703 3262; x_wconf 91' lang='grc' dir='ltr'>κατά</span> <span class='ocrx_word' id='word_1_238' title='bbox 1758 3208 1860 3280; x_wconf 73' lang='grc' dir='ltr'>τὴν</span> <span class='ocrx_word' id='word_1_239' title='bbox 1909 3209 2101 3280; x_wconf 87' lang='grc' dir='ltr'>χρείαν</span> 
     </span>
    </p>
   </div>
   <div class='ocr_carea' id='block_1_33' title="bbox 528 3296 2097 3378">
    <p class='ocr_par' dir='ltr' id='par_1_33' title="bbox 528 3296 2097 3378">
     <span class='ocr_line' id='line_1_33' title="bbox 528 3296 2097 3378; baseline -0.008 -13"><span class='ocrx_word' id='word_1_240' title='bbox 528 3308 673 3378; x_wconf 82' lang='grc' dir='ltr'>λέγω</span> <span class='ocrx_word' id='word_1_241' title='bbox 701 3306 811 3361; x_wconf 88' lang='grc' dir='ltr'>τῶν</span> <span class='ocrx_word' id='word_1_242' title='bbox 840 3301 1174 3372; x_wconf 79' lang='grc' dir='ltr'>ἀναγκαίων,</span> <span class='ocrx_word' id='word_1_243' title='bbox 1202 3299 1274 3354; x_wconf 91' lang='grc' dir='ltr'>τά</span> <span class='ocrx_word' id='word_1_244' title='bbox 1313 3300 1444 3372; x_wconf 82' lang='grc' dir='ltr'>παρ’</span> <span class='ocrx_word' id='word_1_245' title='bbox 1464 3297 1674 3352; x_wconf 70' lang='grc' dir='ltr'>ἑαυτῶν</span> <span class='ocrx_word' id='word_1_246' title='bbox 1703 3296 2097 3371; x_wconf 77' lang='grc' dir='ltr'>συνεισφέρειν.</span> 
     </span>
    </p>
   </div>
   <div class='ocr_carea' id='block_1_34' title="bbox 530 3385 2101 3472">
    <p class='ocr_par' dir='ltr' id='par_1_34' title="bbox 530 3385 2101 3472">
     <span class='ocr_line' id='line_1_34' title="bbox 530 3385 2101 3472; baseline -0.011 -17"><span class='ocrx_word' id='word_1_247' title='bbox 530 3394 840 3472; x_wconf 82' lang='grc' dir='ltr'>Παρακαλῶ</span> <span class='ocrx_word' id='word_1_248' title='bbox 877 3393 1078 3459; x_wconf 79' lang='grc' dir='ltr'>τοίνυν,</span> <span class='ocrx_word' id='word_1_249' title='bbox 1132 3390 1322 3462; x_wconf 75' lang='grc' dir='ltr'>μηδεὶς</span> <span class='ocrx_word' id='word_1_250' title='bbox 1378 3389 1524 3461; x_wconf 82' lang='grc' dir='ltr'>ὑμᾶς</span> <span class='ocrx_word' id='word_1_251' title='bbox 1561 3386 1794 3459; x_wconf 77' lang='grc' dir='ltr'>φοϐήση.</span> <span class='ocrx_word' id='word_1_252' title='bbox 1842 3385 1952 3439; x_wconf 79' lang='lat' dir='ltr'>K01</span> <span class='ocrx_word' id='word_1_253' title='bbox 1992 3385 2101 3458; x_wconf 83' lang='grc' dir='ltr'>γὰρ</span> 
     </span>
    </p>
   </div>
   <div class='ocr_carea' id='block_1_35' title="bbox 530 3475 2100 3557">
    <p class='ocr_par' dir='ltr' id='par_1_35' title="bbox 530 3475 2100 3557">
     <span class='ocr_line' id='line_1_35' title="bbox 530 3475 2100 3557; baseline -0.01 -13"><span class='ocrx_word' id='word_1_254' title='bbox 530 3489 626 3544; x_wconf 87' lang='lat'><strong>1:01</strong></span> <span class='ocrx_word' id='word_1_255' title='bbox 656 3486 729 3541; x_wconf 85' lang='lat'>10</span> <span class='ocrx_word' id='word_1_256' title='bbox 766 3485 1070 3557; x_wconf 84' lang='grc' dir='ltr'>πράγματα</span> <span class='ocrx_word' id='word_1_257' title='bbox 1113 3479 1480 3553; x_wconf 84' lang='grc' dir='ltr'>χρηστοτέρας</span> <span class='ocrx_word' id='word_1_258' title='bbox 1512 3476 1672 3548; x_wconf 75' lang='grc' dir='ltr'>ἔσχεν</span> <span class='ocrx_word' id='word_1_259' title='bbox 1719 3475 1938 3539; x_wconf 71' lang='grc' dir='ltr'>έλπίδας</span> <span class='ocrx_word' id='word_1_260' title='bbox 1957 3492 1973 3508; x_wconf 80' lang='grc' dir='ltr'><strong><em>ο</em></strong></span> <span class='ocrx_word' id='word_1_261' title='bbox 2005 3478 2100 3529; x_wconf 87' lang='lat'><strong>1:01</strong></span> 
     </span>
    </p>
   </div>
   <div class='ocr_carea' id='block_1_36' title="bbox 528 3566 2100 3653">
    <p class='ocr_par' dir='ltr' id='par_1_36' title="bbox 528 3566 2100 3653">
     <span class='ocr_line' id='line_1_36' title="bbox 528 3566 2100 3653; baseline -0.01 -16"><span class='ocrx_word' id='word_1_262' title='bbox 528 3576 821 3653; x_wconf 84' lang='grc' dir='ltr'>δυνήσεσθε</span> <span class='ocrx_word' id='word_1_263' title='bbox 866 3574 1025 3629; x_wconf 88' lang='grc' dir='ltr'>τοῦτο</span> <span class='ocrx_word' id='word_1_264' title='bbox 1061 3572 1252 3646; x_wconf 86' lang='grc' dir='ltr'>μαθεῖν</span> <span class='ocrx_word' id='word_1_265' title='bbox 1294 3570 1403 3625; x_wconf 91' lang='lat'><strong>01:0</strong></span> <span class='ocrx_word' id='word_1_266' title='bbox 1447 3567 1558 3623; x_wconf 89' lang='grc' dir='ltr'>τῶν</span> <span class='ocrx_word' id='word_1_267' title='bbox 1599 3567 1952 3639; x_wconf 81' lang='grc' dir='ltr'>ἀντιγράφων</span> <span class='ocrx_word' id='word_1_268' title='bbox 1991 3566 2100 3621; x_wconf 87' lang='grc' dir='ltr'>τῶν</span> 
     </span>
    </p>
   </div>
   <div class='ocr_carea' id='block_1_37' title="bbox 529 3657 2100 3737">
    <p class='ocr_par' dir='ltr' id='par_1_37' title="bbox 529 3657 2100 3737">
     <span class='ocr_line' id='line_1_37' title="bbox 529 3657 2100 3737; baseline -0.011 -9"><span class='ocrx_word' id='word_1_269' title='bbox 529 3668 939 3728; x_wconf 73' lang='grc' dir='ltr'>ἀποσταλέντων</span> <span class='ocrx_word' id='word_1_270' title='bbox 972 3663 1124 3737; x_wconf 89' lang='lat'><strong>1:090</strong></span> <span class='ocrx_word' id='word_1_271' title='bbox 1160 3661 1253 3716; x_wconf 88' lang='grc' dir='ltr'>τοῦ</span> <span class='ocrx_word' id='word_1_272' title='bbox 1287 3660 1478 3733; x_wconf 86' lang='grc' dir='ltr'>κυρίου</span> <span class='ocrx_word' id='word_1_273' title='bbox 1524 3676 1625 3730; x_wconf 91' lang='grc' dir='ltr'>μου</span> <span class='ocrx_word' id='word_1_274' title='bbox 1653 3658 1750 3711; x_wconf 89' lang='grc' dir='ltr'>τοῦ</span> <span class='ocrx_word' id='word_1_275' title='bbox 1776 3657 2100 3712; x_wconf 66' lang='lat'><strong>001000010-</strong></span> 
     </span>
    </p>
   </div>
   <div class='ocr_carea' id='block_1_38' title="bbox 529 3749 2101 3832">
    <p class='ocr_par' dir='ltr' id='par_1_38' title="bbox 529 3749 2101 3832">
     <span class='ocr_line' id='line_1_38' title="bbox 529 3749 2101 3832; baseline -0.01 -14"><span class='ocrx_word' id='word_1_276' title='bbox 529 3780 624 3819; x_wconf 91' lang='grc' dir='ltr'>του</span> <span class='ocrx_word' id='word_1_277' title='bbox 673 3758 1039 3832; x_wconf 86' lang='grc' dir='ltr'>πρεσϐυτέρου</span> <span class='ocrx_word' id='word_1_278' title='bbox 1089 3752 1483 3809; x_wconf 80' lang='grc' dir='ltr'>Κωνσταντίου.</span> <span class='ocrx_word' id='word_1_279' title='bbox 1521 3751 1632 3806; x_wconf 77' lang='grc' dir='ltr'>Καὶ</span> <span class='ocrx_word' id='word_1_280' title='bbox 1680 3749 1778 3804; x_wconf 75' lang='lat' dir='ltr'>10v</span> <span class='ocrx_word' id='word_1_281' title='bbox 1822 3749 2101 3822; x_wconf 79' lang='grc' dir='ltr'>παραμεί-</span> 
     </span>
    </p>
   </div>
   <div class='ocr_carea' id='block_1_39' title="bbox 530 3841 2097 3926">
    <p class='ocr_par' dir='ltr' id='par_1_39' title="bbox 530 3841 2097 3926">
     <span class='ocr_line' id='line_1_39' title="bbox 530 3841 2097 3926; baseline -0.008 -18"><span class='ocrx_word' id='word_1_282' title='bbox 530 3872 677 3926; x_wconf 87' lang='grc' dir='ltr'>νητε,</span> <span class='ocrx_word' id='word_1_283' title='bbox 703 3852 805 3906; x_wconf 73' lang='grc' dir='ltr'>κᾶν</span> <span class='ocrx_word' id='word_1_284' title='bbox 834 3843 1058 3921; x_wconf 90' lang='grc' dir='ltr'>μυρία</span> <span class='ocrx_word' id='word_1_285' title='bbox 1080 3846 1148 3900; x_wconf 84' lang='lat'>10</span> <span class='ocrx_word' id='word_1_286' title='bbox 1172 3843 1487 3916; x_wconf 87' lang='grc' dir='ltr'>κωλύματα,</span> <span class='ocrx_word' id='word_1_287' title='bbox 1511 3844 1728 3897; x_wconf 85' lang='grc' dir='ltr'>πάντων</span> <span class='ocrx_word' id='word_1_288' title='bbox 1742 3841 2097 3913; x_wconf 60' lang='grc' dir='ltr'>περιέσεσθε.</span> 
     </span>
    </p>
   </div>
   <div class='ocr_carea' id='block_1_40' title="bbox 532 3929 2102 4010">
    <p class='ocr_par' dir='ltr' id='par_1_40' title="bbox 532 3929 2102 4010">
     <span class='ocr_line' id='line_1_40' title="bbox 532 3929 2102 4010; baseline -0.011 -12"><span class='ocrx_word' id='word_1_289' title='bbox 532 3942 698 3998; x_wconf 69' lang='grc' dir='ltr'>Οὐδὲν</span> <span class='ocrx_word' id='word_1_290' title='bbox 724 3940 831 4010; x_wconf 86' lang='grc' dir='ltr'>γάρ</span> <span class='ocrx_word' id='word_1_291' title='bbox 863 3936 1141 4008; x_wconf 84' lang='grc' dir='ltr'>ὑπομονῆς</span> <span class='ocrx_word' id='word_1_292' title='bbox 1161 3936 1276 3988; x_wconf 85' lang='grc' dir='ltr'>ίσον</span> <span class='ocrx_word' id='word_1_293' title='bbox 1306 3933 1401 3987; x_wconf 85' lang='lat'><strong>1:01</strong></span> <span class='ocrx_word' id='word_1_294' title='bbox 1433 3931 1758 4004; x_wconf 85' lang='grc' dir='ltr'>καρτερίας·</span> <span class='ocrx_word' id='word_1_295' title='bbox 1790 3932 1968 4002; x_wconf 75' lang='grc' dir='ltr'>πέτρᾳ</span> <span class='ocrx_word' id='word_1_296' title='bbox 1993 3929 2102 4001; x_wconf 76' lang='grc' dir='ltr'>γὰρ</span> 
     </span>
    </p>
   </div>
   <div class='ocr_carea' id='block_1_41' title="bbox 533 4019 2102 4098">
    <p class='ocr_par' dir='ltr' id='par_1_41' title="bbox 533 4019 2102 4098">
     <span class='ocr_line' id='line_1_41' title="bbox 533 4019 2102 4098; baseline -0.009 -11"><span class='ocrx_word' id='word_1_297' title='bbox 533 4032 737 4087; x_wconf 70' lang='grc' dir='ltr'>ἔοικεν’</span> <span class='ocrx_word' id='word_1_298' title='bbox 769 4031 826 4084; x_wconf 90' lang='grc' dir='ltr'>αί</span> <span class='ocrx_word' id='word_1_299' title='bbox 871 4028 930 4082; x_wconf 81' lang='grc' dir='ltr'>δὲ</span> <span class='ocrx_word' id='word_1_300' title='bbox 966 4025 1202 4098; x_wconf 78' lang='grc' dir='ltr'>ταραχαὶ</span> <span class='ocrx_word' id='word_1_301' title='bbox 1243 4019 1401 4079; x_wconf 75' lang='grc' dir='ltr'>αὗται</span> <span class='ocrx_word' id='word_1_302' title='bbox 1450 4024 1546 4077; x_wconf 87' lang='lat'><strong>1:01</strong></span> <span class='ocrx_word' id='word_1_303' title='bbox 1582 4023 1640 4076; x_wconf 85' lang='lat'>01</span> <span class='ocrx_word' id='word_1_304' title='bbox 1686 4021 1999 4087; x_wconf 73' lang='grc' dir='ltr'>έπιϐουλαὶ,</span> <span class='ocrx_word' id='word_1_305' title='bbox 2045 4022 2102 4075; x_wconf 83' lang='grc' dir='ltr'>αἱ</span> 
     </span>
    </p>
   </div>
   <div class='ocr_carea' id='block_1_42' title="bbox 532 4102 2102 4191">
    <p class='ocr_par' dir='ltr' id='par_1_42' title="bbox 532 4102 2102 4191">
     <span class='ocr_line' id='line_1_42' title="bbox 532 4102 2102 4191; baseline -0.01 -12"><span class='ocrx_word' id='word_1_306' title='bbox 532 4122 677 4180; x_wconf 81' lang='grc' dir='ltr'>κατά</span> <span class='ocrx_word' id='word_1_307' title='bbox 722 4102 1184 4191; x_wconf 24' lang='grc' dir='ltr'>τῆςλἘκκλησίας</span> <span class='ocrx_word' id='word_1_308' title='bbox 1243 4113 1549 4183; x_wconf 85' lang='grc' dir='ltr'>γινόμεναι,</span> <span class='ocrx_word' id='word_1_309' title='bbox 1600 4111 1841 4183; x_wconf 89' lang='grc' dir='ltr'>κύμασιν</span> <span class='ocrx_word' id='word_1_310' title='bbox 1891 4110 2102 4164; x_wconf 70' lang='grc' dir='ltr'>ἐοίκασι</span> 
     </span>
    </p>
   </div>
   <div class='ocr_carea' id='block_1_43' title="bbox 534 4201 2101 4285">
    <p class='ocr_par' dir='ltr' id='par_1_43' title="bbox 534 4201 2101 4285">
     <span class='ocr_line' id='line_1_43' title="bbox 534 4201 2101 4285; baseline -0.01 -16"><span class='ocrx_word' id='word_1_311' title='bbox 534 4208 1037 4285; x_wconf 87' lang='grc' dir='ltr'>προσρηγνυμένοις</span> <span class='ocrx_word' id='word_1_312' title='bbox 1085 4207 1153 4276; x_wconf 76' lang='grc' dir='ltr'>τῇ</span> <span class='ocrx_word' id='word_1_313' title='bbox 1204 4204 1409 4277; x_wconf 75' lang='grc' dir='ltr'>πέτρᾳ,</span> <span class='ocrx_word' id='word_1_314' title='bbox 1461 4203 1556 4258; x_wconf 82' lang='grc' dir='ltr'>καὶ</span> <span class='ocrx_word' id='word_1_315' title='bbox 1600 4201 1973 4273; x_wconf 81' lang='grc' dir='ltr'>διαλυομένοις</span> <span class='ocrx_word' id='word_1_316' title='bbox 2021 4201 2101 4265; x_wconf 85' lang='grc' dir='ltr'>εἰς</span> 
     </span>
    </p>
   </div>
   <div class='ocr_carea' id='block_1_44' title="bbox 534 4290 2099 4369">
    <p class='ocr_par' dir='ltr' id='par_1_44' title="bbox 534 4290 2099 4369">
     <span class='ocr_line' id='line_1_44' title="bbox 534 4290 2099 4369; baseline -0.006 -17"><span class='ocrx_word' id='word_1_317' title='bbox 534 4304 731 4356; x_wconf 79' lang='grc' dir='ltr'>οίκεῖον</span> <span class='ocrx_word' id='word_1_318' title='bbox 770 4298 963 4369; x_wconf 87' lang='grc' dir='ltr'>ἀφρόν.</span> <span class='ocrx_word' id='word_1_319' title='bbox 992 4294 1322 4369; x_wconf 59' lang='grc' dir='ltr'>σννοήσατε</span> <span class='ocrx_word' id='word_1_320' title='bbox 1370 4294 1474 4346; x_wconf 82' lang='grc' dir='ltr'>ὅσα</span> <span class='ocrx_word' id='word_1_321' title='bbox 1512 4290 1771 4363; x_wconf 90' lang='grc' dir='ltr'>μακάριοι</span> <span class='ocrx_word' id='word_1_322' title='bbox 1812 4290 2099 4345; x_wconf 80' lang='grc' dir='ltr'>ἀπόστολοι</span> 
     </span>
    </p>
   </div>
   <div class='ocr_carea' id='block_1_45' title="bbox 534 4382 2102 4463">
    <p class='ocr_par' dir='ltr' id='par_1_45' title="bbox 534 4382 2102 4463">
     <span class='ocr_line' id='line_1_45' title="bbox 534 4382 2102 4463; baseline -0.009 -15"><span class='ocrx_word' id='word_1_323' title='bbox 534 4393 765 4463; x_wconf 68' lang='grc' dir='ltr'>ἔπασχον</span> <span class='ocrx_word' id='word_1_324' title='bbox 793 4389 885 4443; x_wconf 86' lang='lat'><strong>1:01</strong></span> <span class='ocrx_word' id='word_1_325' title='bbox 913 4386 1063 4458; x_wconf 88' lang='lat'><strong>1:090</strong></span> <span class='ocrx_word' id='word_1_326' title='bbox 1086 4384 1319 4450; x_wconf 77' lang='grc' dir='ltr'>οἰκείων,</span> <span class='ocrx_word' id='word_1_327' title='bbox 1349 4384 1441 4437; x_wconf 77' lang='lat'><strong>1:01</strong></span> <span class='ocrx_word' id='word_1_328' title='bbox 1486 4382 1639 4455; x_wconf 83' lang='lat'><strong>1:090</strong></span> <span class='ocrx_word' id='word_1_329' title='bbox 1662 4382 1977 4455; x_wconf 87' lang='grc' dir='ltr'>ἀλλοτρίων,</span> <span class='ocrx_word' id='word_1_330' title='bbox 2007 4382 2102 4438; x_wconf 93' lang='lat'><strong>1:01</strong></span> 
     </span>
    </p>
   </div>
   <div class='ocr_carea' id='block_1_46' title="bbox 534 4474 2102 4548">
    <p class='ocr_par' dir='ltr' id='par_1_46' title="bbox 534 4474 2102 4548">
     <span class='ocr_line' id='line_1_46' title="bbox 534 4474 2102 4548; baseline -0.007 -11"><span class='ocrx_word' id='word_1_331' title='bbox 534 4485 618 4538; x_wconf 84' lang='grc' dir='ltr'>ὃτι</span> <span class='ocrx_word' id='word_1_332' title='bbox 661 4481 835 4535; x_wconf 88' lang='grc' dir='ltr'>πάντα</span> <span class='ocrx_word' id='word_1_333' title='bbox 876 4477 966 4532; x_wconf 80' lang='grc' dir='ltr'>τὸν</span> <span class='ocrx_word' id='word_1_334' title='bbox 1016 4476 1203 4548; x_wconf 83' lang='grc' dir='ltr'>χρόνον</span> <span class='ocrx_word' id='word_1_335' title='bbox 1242 4474 1337 4528; x_wconf 90' lang='grc' dir='ltr'>τοῦ</span> <span class='ocrx_word' id='word_1_336' title='bbox 1378 4474 1729 4546; x_wconf 81' lang='grc' dir='ltr'>κηρύγματος</span> <span class='ocrx_word' id='word_1_337' title='bbox 1772 4474 1861 4528; x_wconf 91' lang='lat'>6:0</span> <span class='ocrx_word' id='word_1_338' title='bbox 1904 4490 2102 4543; x_wconf 87' lang='grc' dir='ltr'>πειρα-</span> 
     </span>
    </p>
   </div>
   <div class='ocr_carea' id='block_1_47' title="bbox 539 4564 2103 4643">
    <p class='ocr_par' dir='ltr' id='par_1_47' title="bbox 539 4564 2103 4643">
     <span class='ocr_line' id='line_1_47' title="bbox 539 4564 2103 4643; baseline -0.006 -17"><span class='ocrx_word' id='word_1_339' title='bbox 539 4571 713 4643; x_wconf 87' lang='grc' dir='ltr'>σμῶν,</span> <span class='ocrx_word' id='word_1_340' title='bbox 741 4569 829 4623; x_wconf 88' lang='grc' dir='ltr'>διά</span> <span class='ocrx_word' id='word_1_341' title='bbox 854 4567 1133 4632; x_wconf 89' lang='grc' dir='ltr'>κινδύνων,</span> <span class='ocrx_word' id='word_1_342' title='bbox 1168 4565 1234 4619; x_wconf 89' lang='grc' dir='ltr'>δι’</span> <span class='ocrx_word' id='word_1_343' title='bbox 1258 4564 1554 4619; x_wconf 70' lang='grc' dir='ltr'>ἐπιϐουλῶν</span> <span class='ocrx_word' id='word_1_344' title='bbox 1584 4564 1862 4635; x_wconf 83' lang='grc' dir='ltr'>διήνυσαν,</span> <span class='ocrx_word' id='word_1_345' title='bbox 1901 4566 1979 4628; x_wconf 81' lang='grc' dir='ltr'>εἰς</span> <span class='ocrx_word' id='word_1_346' title='bbox 2014 4564 2103 4616; x_wconf 90' lang='grc' dir='ltr'>δε-</span> 
     </span>
    </p>
   </div>
   <div class='ocr_carea' id='block_1_48' title="bbox 542 4652 2104 4731">
    <p class='ocr_par' dir='ltr' id='par_1_48' title="bbox 542 4652 2104 4731">
     <span class='ocr_line' id='line_1_48' title="bbox 542 4652 2104 4731; baseline -0.005 -17"><span class='ocrx_word' id='word_1_347' title='bbox 542 4660 849 4731; x_wconf 84' lang='grc' dir='ltr'>σμωτήρια.</span> <span class='ocrx_word' id='word_1_348' title='bbox 892 4655 987 4709; x_wconf 87' lang='lat'><strong>1:01</strong></span> <span class='ocrx_word' id='word_1_349' title='bbox 1018 4654 1269 4717; x_wconf 86' lang='grc' dir='ltr'>ἀλύσεις,</span> <span class='ocrx_word' id='word_1_350' title='bbox 1305 4654 1399 4706; x_wconf 88' lang='lat'><strong>1:01</strong></span> <span class='ocrx_word' id='word_1_351' title='bbox 1432 4653 1761 4722; x_wconf 79' lang='grc' dir='ltr'>ἀπαγωγὰς,</span> <span class='ocrx_word' id='word_1_352' title='bbox 1803 4653 1898 4705; x_wconf 88' lang='lat'><strong>1:01</strong></span> <span class='ocrx_word' id='word_1_353' title='bbox 1931 4652 1958 4692; x_wconf 73' lang='grc' dir='ltr'>ι»</span> <span class='ocrx_word' id='word_1_354' title='bbox 2002 4653 2104 4723; x_wconf 87' lang='grc' dir='ltr'>μά-</span> 
     </span>
    </p>
   </div>
   <div class='ocr_carea' id='block_1_49' title="bbox 541 4742 2100 4819">
    <p class='ocr_par' dir='ltr' id='par_1_49' title="bbox 541 4742 2100 4819">
     <span class='ocr_line' id='line_1_49' title="bbox 541 4742 2100 4819; baseline -0.006 -13"><span class='ocrx_word' id='word_1_355' title='bbox 541 4766 731 4819; x_wconf 88' lang='grc' dir='ltr'>στιγας</span> <span class='ocrx_word' id='word_1_356' title='bbox 776 4750 871 4803; x_wconf 86' lang='lat'><strong>1:01</strong></span> <span class='ocrx_word' id='word_1_357' title='bbox 914 4747 1130 4818; x_wconf 81' lang='grc' dir='ltr'>λιμοὺς,</span> <span class='ocrx_word' id='word_1_358' title='bbox 1171 4744 1265 4799; x_wconf 79' lang='grc' dir='ltr'>καὶ</span> <span class='ocrx_word' id='word_1_359' title='bbox 1310 4744 1655 4815; x_wconf 82' lang='grc' dir='ltr'>γυμνότητας</span> <span class='ocrx_word' id='word_1_360' title='bbox 1706 4742 2100 4813; x_wconf 84' lang='grc' dir='ltr'>δαπανώμενοι.</span> 
     </span>
    </p>
   </div>
   <div class='ocr_carea' id='block_1_50' title="bbox 552 4832 2103 4911">
    <p class='ocr_par' dir='ltr' id='par_1_50' title="bbox 552 4832 2103 4911">
     <span class='ocr_line' id='line_1_50' title="bbox 552 4832 2103 4911; baseline -0.007 -14"><span class='ocrx_word' id='word_1_361' title='bbox 552 4841 690 4896; x_wconf 80' lang='grc' dir='ltr'>⁹Δλλ’</span> <span class='ocrx_word' id='word_1_362' title='bbox 716 4841 865 4911; x_wconf 85' lang='grc' dir='ltr'>ὅμως</span> <span class='ocrx_word' id='word_1_363' title='bbox 896 4840 992 4892; x_wconf 89' lang='lat'><strong>1:01</strong></span> <span class='ocrx_word' id='word_1_364' title='bbox 1022 4841 1080 4892; x_wconf 75' lang='grc' dir='ltr'>ἐν</span> <span class='ocrx_word' id='word_1_365' title='bbox 1104 4838 1287 4900; x_wconf 80' lang='grc' dir='ltr'>αὐτοῖς</span> <span class='ocrx_word' id='word_1_366' title='bbox 1319 4838 1432 4898; x_wconf 86' lang='grc' dir='ltr'>τοίς</span> <span class='ocrx_word' id='word_1_367' title='bbox 1470 4834 1865 4905; x_wconf 80' lang='grc' dir='ltr'>δεσμωτηρίοις</span> <span class='ocrx_word' id='word_1_368' title='bbox 1895 4832 2103 4887; x_wconf 89' lang='grc' dir='ltr'>οἰκοῦν-</span> 
     </span>
    </p>
   </div>
   <div class='ocr_carea' id='block_1_51' title="bbox 539 4925 2104 5001">
    <p class='ocr_par' dir='ltr' id='par_1_51' title="bbox 539 4925 2104 5001">
     <span class='ocr_line' id='line_1_51' title="bbox 539 4925 2104 5001; baseline -0.006 -15"><span class='ocrx_word' id='word_1_369' title='bbox 539 4950 650 4997; x_wconf 84' lang='grc' dir='ltr'>τες,</span> <span class='ocrx_word' id='word_1_370' title='bbox 681 4931 780 5001; x_wconf 86' lang='grc' dir='ltr'>τῆς</span> <span class='ocrx_word' id='word_1_371' title='bbox 818 4927 1257 4999; x_wconf 82' lang='grc' dir='ltr'>ὲγχειρισθείσης</span> <span class='ocrx_word' id='word_1_372' title='bbox 1286 4928 1466 4990; x_wconf 82' lang='grc' dir='ltr'>αὐτοῖς</span> <span class='ocrx_word' id='word_1_373' title='bbox 1506 4926 1812 4997; x_wconf 87' lang='grc' dir='ltr'>οἰκονομίας</span> <span class='ocrx_word' id='word_1_374' title='bbox 1850 4925 1951 4978; x_wconf 86' lang='grc' dir='ltr'>οὑκ</span> <span class='ocrx_word' id='word_1_375' title='bbox 1980 4925 2104 4994; x_wconf 87' lang='grc' dir='ltr'>ἀφί-</span> 
     </span>
    </p>
   </div>
   <div class='ocr_carea' id='block_1_52' title="bbox 540 5014 2103 5089">
    <p class='ocr_par' dir='ltr' id='par_1_52' title="bbox 540 5014 2103 5089">
     <span class='ocr_line' id='line_1_52' title="bbox 540 5014 2103 5089; baseline -0.004 -13"><span class='ocrx_word' id='word_1_376' title='bbox 540 5037 760 5076; x_wconf 82' lang='grc' dir='ltr'>σταντο’</span> <span class='ocrx_word' id='word_1_377' title='bbox 804 5020 917 5074; x_wconf 82' lang='grc' dir='ltr'>ἀλλ’</span> <span class='ocrx_word' id='word_1_378' title='bbox 948 5020 977 5071; x_wconf 90' lang='grc' dir='ltr'>ὁ</span> <span class='ocrx_word' id='word_1_379' title='bbox 1027 5018 1293 5089; x_wconf 87' lang='grc' dir='ltr'>μακάριος</span> <span class='ocrx_word' id='word_1_380' title='bbox 1339 5015 1549 5078; x_wconf 79' lang='grc' dir='ltr'>Παῦλος</span> <span class='ocrx_word' id='word_1_381' title='bbox 1597 5018 1692 5069; x_wconf 79' lang='grc' dir='ltr'>καὶ</span> <span class='ocrx_word' id='word_1_382' title='bbox 1734 5014 2103 5084; x_wconf 80' lang='grc' dir='ltr'>δεσμωτήριον</span> 
     </span>
    </p>
   </div>
   <div class='ocr_carea' id='block_1_53' title="bbox 540 5104 2104 5179">
    <p class='ocr_par' dir='ltr' id='par_1_53' title="bbox 540 5104 2104 5179">
     <span class='ocr_line' id='line_1_53' title="bbox 540 5104 2104 5179; baseline -0.004 -14"><span class='ocrx_word' id='word_1_383' title='bbox 540 5110 724 5178; x_wconf 85' lang='grc' dir='ltr'>οίκῶν,</span> <span class='ocrx_word' id='word_1_384' title='bbox 762 5110 857 5163; x_wconf 86' lang='lat'><strong>1:01</strong></span> <span class='ocrx_word' id='word_1_385' title='bbox 904 5107 1413 5179; x_wconf 81' lang='grc' dir='ltr'>μεμαστιγωμένος,</span> <span class='ocrx_word' id='word_1_386' title='bbox 1453 5105 1547 5157; x_wconf 78' lang='lat'><strong>7.01</strong></span> <span class='ocrx_word' id='word_1_387' title='bbox 1591 5104 1784 5173; x_wconf 81' lang='grc' dir='ltr'>αῖματι</span> <span class='ocrx_word' id='word_1_388' title='bbox 1820 5104 2104 5176; x_wconf 66' lang='lat'><strong>1159:9920-</strong></span> 
     </span>
    </p>
   </div>
   <div class='ocr_carea' id='block_1_54' title="bbox 543 5190 2104 5271">
    <p class='ocr_par' dir='ltr' id='par_1_54' title="bbox 543 5190 2104 5271">
     <span class='ocr_line' id='line_1_54' title="bbox 543 5190 2104 5271; baseline -0.006 -18"><span class='ocrx_word' id='word_1_389' title='bbox 543 5216 721 5271; x_wconf 84' lang='grc' dir='ltr'>μενος,</span> <span class='ocrx_word' id='word_1_390' title='bbox 764 5198 859 5251; x_wconf 79' lang='grc' dir='ltr'>καὶ</span> <span class='ocrx_word' id='word_1_391' title='bbox 902 5196 1043 5264; x_wconf 79' lang='grc' dir='ltr'>ξύλῳ</span> <span class='ocrx_word' id='word_1_392' title='bbox 1085 5191 1538 5265; x_wconf 85' lang='grc' dir='ltr'>προσδεδεμένος,</span> <span class='ocrx_word' id='word_1_393' title='bbox 1582 5191 1679 5243; x_wconf 88' lang='lat'><strong>1:01</strong></span> <span class='ocrx_word' id='word_1_394' title='bbox 1719 5190 1954 5243; x_wconf 67' lang='grc' dir='ltr'>τοσαῦτα</span> <span class='ocrx_word' id='word_1_395' title='bbox 2000 5190 2104 5243; x_wconf 79' lang='grc' dir='ltr'>πά⁴⁹</span> 
     </span>
    </p>
   </div>
   <div class='ocr_carea' id='block_1_55' title="bbox 541 5278 2104 5360">
    <p class='ocr_par' dir='ltr' id='par_1_55' title="bbox 541 5278 2104 5360">
     <span class='ocr_line' id='line_1_55' title="bbox 541 5278 2104 5360; baseline -0.006 -18"><span class='ocrx_word' id='word_1_396' title='bbox 541 5306 701 5360; x_wconf 87' lang='grc' dir='ltr'>σχων,</span> <span class='ocrx_word' id='word_1_397' title='bbox 730 5288 825 5341; x_wconf 82' lang='lat'><strong>1:01</strong></span> <span class='ocrx_word' id='word_1_398' title='bbox 855 5282 1228 5357; x_wconf 76' lang='grc' dir='ltr'>ἑμυσταγώγει</span> <span class='ocrx_word' id='word_1_399' title='bbox 1266 5282 1323 5335; x_wconf 82' lang='grc' dir='ltr'>ἐν</span> <span class='ocrx_word' id='word_1_400' title='bbox 1352 5280 1430 5351; x_wconf 84' lang='grc' dir='ltr'>τῷ</span> <span class='ocrx_word' id='word_1_401' title='bbox 1469 5279 1847 5350; x_wconf 82' lang='grc' dir='ltr'>δεσμωτηρίῳ,</span> <span class='ocrx_word' id='word_1_402' title='bbox 1888 5280 1980 5331; x_wconf 82' lang='grc' dir='ltr'>καὶ</span> <span class='ocrx_word' id='word_1_403' title='bbox 2012 5278 2104 5332; x_wconf 81' lang='lat' dir='ltr'>10v</span> 
     </span>
    </p>
   </div>
   <div class='ocr_carea' id='block_1_56' title="bbox 536 5369 2107 5449">
    <p class='ocr_par' dir='ltr' id='par_1_56' title="bbox 536 5369 2107 5449">
     <span class='ocr_line' id='line_1_56' title="bbox 536 5369 2107 5449; baseline -0.005 -15"><span class='ocrx_word' id='word_1_404' title='bbox 536 5378 921 5449; x_wconf 79' lang='grc' dir='ltr'>δεσμοφύλακα</span> <span class='ocrx_word' id='word_1_405' title='bbox 964 5374 1244 5441; x_wconf 75' lang='grc' dir='ltr'>ὲϐἀπτιζε,</span> <span class='ocrx_word' id='word_1_406' title='bbox 1287 5372 1381 5426; x_wconf 81' lang='grc' dir='ltr'>καὶ</span> <span class='ocrx_word' id='word_1_407' title='bbox 1425 5371 1493 5425; x_wconf 86' lang='lat'>10</span> <span class='ocrx_word' id='word_1_408' title='bbox 1531 5371 1659 5442; x_wconf 84' lang='grc' dir='ltr'>παρ’</span> <span class='ocrx_word' id='word_1_409' title='bbox 1702 5369 1893 5425; x_wconf 79' lang='grc' dir='ltr'>ἑαυτοῦ</span> <span class='ocrx_word' id='word_1_410' title='bbox 1930 5371 2107 5426; x_wconf 77' lang='grc' dir='ltr'>πάντα</span> 
     </span>
    </p>
   </div>
   <div class='ocr_carea' id='block_1_57' title="bbox 601 5482 2103 5564">
    <p class='ocr_par' dir='ltr' id='par_1_57' title="bbox 601 5482 2103 5564">
     <span class='ocr_line' id='line_1_57' title="bbox 601 5482 2103 5564; baseline -0.008 -25"><span class='ocrx_word' id='word_1_411' title='bbox 601 5491 628 5564; x_wconf 62' lang='grc' dir='ltr'><strong><em>ξ</em></strong></span> <span class='ocrx_word' id='word_1_412' title='bbox 652 5488 837 5539; x_wconf 73' lang='lat' dir='ltr'>Fabric.</span> <span class='ocrx_word' id='word_1_413' title='bbox 858 5484 1172 5550; x_wconf 57' lang='grc' dir='ltr'>διαστροφάς.</span> <span class='ocrx_word' id='word_1_414' title='bbox 1214 5482 1337 5533; x_wconf 77' lang='lat' dir='ltr'><strong>Infra</strong></span> <span class='ocrx_word' id='word_1_415' title='bbox 1359 5482 1491 5532; x_wconf 73' lang='lat' dir='ltr'>Idem</span> <span class='ocrx_word' id='word_1_416' title='bbox 1512 5482 1688 5541; x_wconf 83' lang='grc' dir='ltr'>πολλῆς</span> <span class='ocrx_word' id='word_1_417' title='bbox 1720 5482 1947 5543; x_wconf 80' lang='grc' dir='ltr'>ἐμπορίας</span> <span class='ocrx_word' id='word_1_418' title='bbox 1986 5482 2103 5532; x_wconf 78' lang='grc' dir='ltr'>ἀπο-</span> 
     </span>
    </p>
   </div>
   <div class='ocr_carea' id='block_1_58' title="bbox 539 5552 1454 5670">
    <p class='ocr_par' dir='ltr' id='par_1_58' title="bbox 539 5552 1454 5670">
     <span class='ocr_line' id='line_1_58' title="bbox 539 5552 770 5605; baseline -0.009 -7"><span class='ocrx_word' id='word_1_419' title='bbox 539 5552 770 5605; x_wconf 68' lang='grc' dir='ltr'>λαῦοντες.</span> 
     </span>
     <span class='ocr_line' id='line_1_59' title="bbox 599 5607 1454 5670; baseline -0.015 -6"><span class='ocrx_word' id='word_1_420' title='bbox 599 5611 629 5655; x_wconf 68' lang='grc' dir='ltr'>δ</span> <span class='ocrx_word' id='word_1_421' title='bbox 654 5608 839 5663; x_wconf 72' lang='lat' dir='ltr'>Fabric.</span> <span class='ocrx_word' id='word_1_422' title='bbox 861 5608 1047 5665; x_wconf 72' lang='grc' dir='ltr'>ἁλύσεις</span> <span class='ocrx_word' id='word_1_423' title='bbox 1067 5608 1142 5656; x_wconf 71' lang='grc' dir='ltr'>καὶ</span> <span class='ocrx_word' id='word_1_424' title='bbox 1162 5608 1344 5670; x_wconf 68' lang='grc' dir='ltr'>ἇγωνας</span> <span class='ocrx_word' id='word_1_425' title='bbox 1362 5607 1454 5655; x_wconf 68' lang='grc' dir='ltr'>καῖ.</span> 
     </span>
    </p>
   </div>
   <div class='ocr_carea' id='block_1_59' title="bbox 1279 387 3145 456">
    <p class='ocr_par' dir='ltr' id='par_1_59' title="bbox 1279 387 3145 456">
     <span class='ocr_line' id='line_1_60' title="bbox 1279 387 3145 456; baseline -0.003 -1"><span class='ocrx_word' id='word_1_426' title='bbox 1279 397 1337 455; x_wconf 86' lang='lat' dir='ltr'>S.</span> <span class='ocrx_word' id='word_1_427' title='bbox 1388 394 1674 456; x_wconf 73' lang='lat' dir='ltr'>JOANNIS</span> <span class='ocrx_word' id='word_1_428' title='bbox 1712 388 2217 453; x_wconf 69' lang='lat' dir='ltr'>CHRYSOSTOI!</span> <span class='ocrx_word' id='word_1_429' title='bbox 2243 388 2565 450; x_wconf 69' lang='lat' dir='ltr'>ARCBIEP.</span> <span class='ocrx_word' id='word_1_430' title='bbox 2602 387 3145 451; x_wconf 79' lang='lat' dir='ltr'>CONS&#39;I&#39;ANTINOP.</span> 
     </span>
    </p>
   </div>
   <div class='ocr_carea' id='block_1_60' title="bbox 3662 388 3773 448">
    <p class='ocr_par' dir='ltr' id='par_1_60' title="bbox 3662 388 3773 448">
     <span class='ocr_line' id='line_1_61' title="bbox 3662 388 3773 448; baseline 0 -3"><span class='ocrx_word' id='word_1_431' title='bbox 3662 388 3773 448; x_wconf 71' lang='grc'><strong>678</strong></span> 
     </span>
    </p>
   </div>
   <div class='ocr_carea' id='block_1_61' title="bbox 2196 503 3773 578">
    <p class='ocr_par' dir='ltr' id='par_1_61' title="bbox 2196 503 3773 578">
     <span class='ocr_line' id='line_1_62' title="bbox 2196 503 3773 578; baseline -0.003 -15"><span class='ocrx_word' id='word_1_432' title='bbox 2196 506 2393 563; x_wconf 75' lang='grc' dir='ltr'>ἀποίει.</span> <span class='ocrx_word' id='word_1_433' title='bbox 2419 507 2584 564; x_wconf 84' lang='grc' dir='ltr'>Ταῦτ’</span> <span class='ocrx_word' id='word_1_434' title='bbox 2620 504 2715 563; x_wconf 81' lang='grc' dir='ltr'>οῦν</span> <span class='ocrx_word' id='word_1_435' title='bbox 2743 507 2959 563; x_wconf 83' lang='grc' dir='ltr'>ἀπαντα</span> <span class='ocrx_word' id='word_1_436' title='bbox 2990 506 3087 561; x_wconf 90' lang='lat'><strong>1:01</strong></span> <span class='ocrx_word' id='word_1_437' title='bbox 3130 504 3201 561; x_wconf 88' lang='grc' dir='ltr'>τά</span> <span class='ocrx_word' id='word_1_438' title='bbox 3227 503 3453 561; x_wconf 89' lang='grc' dir='ltr'>τοιαῦτα</span> <span class='ocrx_word' id='word_1_439' title='bbox 3478 504 3773 578; x_wconf 80' lang='grc' dir='ltr'>λογιζόμε-</span> 
     </span>
    </p>
   </div>
   <div class='ocr_carea' id='block_1_62' title="bbox 2195 597 3774 673">
    <p class='ocr_par' dir='ltr' id='par_1_62' title="bbox 2195 597 3774 673">
     <span class='ocr_line' id='line_1_63' title="bbox 2195 597 3774 673; baseline -0.001 -20"><span class='ocrx_word' id='word_1_440' title='bbox 2195 614 2297 667; x_wconf 91' lang='grc' dir='ltr'>νοι,</span> <span class='ocrx_word' id='word_1_441' title='bbox 2336 599 2589 673; x_wconf 81' lang='grc' dir='ltr'>καθάπερ</span> <span class='ocrx_word' id='word_1_442' title='bbox 2631 598 2786 671; x_wconf 89' lang='grc' dir='ltr'>ὑμῶν</span> <span class='ocrx_word' id='word_1_443' title='bbox 2833 598 3184 671; x_wconf 86' lang='grc' dir='ltr'>παρεκάλεσα</span> <span class='ocrx_word' id='word_1_444' title='bbox 3232 597 3331 670; x_wconf 78' lang='grc' dir='ltr'>τὴν</span> <span class='ocrx_word' id='word_1_445' title='bbox 3366 597 3608 669; x_wconf 81' lang='grc' dir='ltr'>ἀγάπην,</span> <span class='ocrx_word' id='word_1_446' title='bbox 3642 598 3774 669; x_wconf 81' lang='grc' dir='ltr'>στή-</span> 
     </span>
    </p>
   </div>
   <div class='ocr_carea' id='block_1_63' title="bbox 2196 678 3775 763">
    <p class='ocr_par' dir='ltr' id='par_1_63' title="bbox 2196 678 3775 763">
     <span class='ocr_line' id='line_1_64' title="bbox 2196 678 3775 763; baseline 0.001 -18"><span class='ocrx_word' id='word_1_447' title='bbox 2196 706 2321 745; x_wconf 86' lang='grc' dir='ltr'>κετε</span> <span class='ocrx_word' id='word_1_448' title='bbox 2356 690 2580 763; x_wconf 63' lang='grc' dir='ltr'>ἑδραῖοι,</span> <span class='ocrx_word' id='word_1_449' title='bbox 2621 691 3029 763; x_wconf 89' lang='grc' dir='ltr'>ἀμετακίνητοι,</span> <span class='ocrx_word' id='word_1_450' title='bbox 3070 689 3488 762; x_wconf 81' lang='grc' dir='ltr'>ἀνεξαπάτητοι,</span> <span class='ocrx_word' id='word_1_451' title='bbox 3529 690 3631 762; x_wconf 81' lang='grc' dir='ltr'>τὴν</span> <span class='ocrx_word' id='word_1_452' title='bbox 3677 678 3775 746; x_wconf 74' lang='grc' dir='ltr'>τόῦ</span> 
     </span>
    </p>
   </div>
   <div class='ocr_carea' id='block_1_64' title="bbox 2196 780 3777 856">
    <p class='ocr_par' dir='ltr' id='par_1_64' title="bbox 2196 780 3777 856">
     <span class='ocr_line' id='line_1_65' title="bbox 2196 780 3777 856; baseline -0.003 -18"><span class='ocrx_word' id='word_1_453' title='bbox 2196 783 2332 839; x_wconf 86' lang='grc' dir='ltr'>Θεοῦ</span> <span class='ocrx_word' id='word_1_454' title='bbox 2376 783 2567 839; x_wconf 69' lang='grc' dir='ltr'>ἑλπίδα</span> <span class='ocrx_word' id='word_1_455' title='bbox 2603 784 2993 856; x_wconf 78' lang='grc' dir='ltr'>ἀναμένοντες,</span> <span class='ocrx_word' id='word_1_456' title='bbox 3023 782 3120 838; x_wconf 84' lang='grc' dir='ltr'>καὶ</span> <span class='ocrx_word' id='word_1_457' title='bbox 3160 783 3262 853; x_wconf 79' lang='grc' dir='ltr'>τήν</span> <span class='ocrx_word' id='word_1_458' title='bbox 3292 780 3503 836; x_wconf 74' lang='grc' dir='ltr'>εκεῖθεν</span> <span class='ocrx_word' id='word_1_459' title='bbox 3551 798 3777 853; x_wconf 86' lang='grc' dir='ltr'>συμμα-</span> 
     </span>
    </p>
   </div>
   <div class='ocr_carea' id='block_1_65' title="bbox 2198 868 3778 947">
    <p class='ocr_par' dir='ltr' id='par_1_65' title="bbox 2198 868 3778 947">
     <span class='ocr_line' id='line_1_66' title="bbox 2198 868 3778 947; baseline -0.002 -18"><span class='ocrx_word' id='word_1_460' title='bbox 2198 873 2341 945; x_wconf 87' lang='grc' dir='ltr'>χίαν,</span> <span class='ocrx_word' id='word_1_461' title='bbox 2362 868 2432 947; x_wconf 70' lang='grc' dir='ltr'>ἧς</span> <span class='ocrx_word' id='word_1_462' title='bbox 2462 872 2576 927; x_wconf 74' lang='grc' dir='ltr'>ἴσον</span> <span class='ocrx_word' id='word_1_463' title='bbox 2602 872 2787 927; x_wconf 74' lang='grc' dir='ltr'>οὐδέν·</span> <span class='ocrx_word' id='word_1_464' title='bbox 2819 871 2913 927; x_wconf 89' lang='lat'><strong>1:01</strong></span> <span class='ocrx_word' id='word_1_465' title='bbox 2945 871 3277 943; x_wconf 79' lang='grc' dir='ltr'>ἀντιγράψαι</span> <span class='ocrx_word' id='word_1_466' title='bbox 3311 871 3445 943; x_wconf 78' lang='grc' dir='ltr'>ἡμῖν</span> <span class='ocrx_word' id='word_1_467' title='bbox 3478 871 3612 941; x_wconf 71' lang='grc' dir='ltr'>περὶ¹</span> <span class='ocrx_word' id='word_1_468' title='bbox 3645 871 3778 926; x_wconf 86' lang='grc' dir='ltr'>πάν-</span> 
     </span>
    </p>
   </div>
   <div class='ocr_carea' id='block_1_66' title="bbox 2197 958 3778 1032">
    <p class='ocr_par' dir='ltr' id='par_1_66' title="bbox 2197 958 3778 1032">
     <span class='ocr_line' id='line_1_67' title="bbox 2197 958 3778 1032; baseline -0.003 -17"><span class='ocrx_word' id='word_1_469' title='bbox 2197 978 2306 1017; x_wconf 91' lang='grc' dir='ltr'>των</span> <span class='ocrx_word' id='word_1_470' title='bbox 2336 961 2669 1017; x_wconf 81' lang='grc' dir='ltr'>σπουδάσατε</span> <span class='ocrx_word' id='word_1_471' title='bbox 2697 961 2758 1029; x_wconf 80' lang='grc' dir='ltr'>ιε</span> <span class='ocrx_word' id='word_1_472' title='bbox 2796 961 2985 1032; x_wconf 81' lang='grc' dir='ltr'>αὐτῆς.</span> <span class='ocrx_word' id='word_1_473' title='bbox 3010 959 3111 1014; x_wconf 89' lang='grc' dir='ltr'>Διά</span> <span class='ocrx_word' id='word_1_474' title='bbox 3135 960 3245 1032; x_wconf 85' lang='grc' dir='ltr'>γάρ</span> <span class='ocrx_word' id='word_1_475' title='bbox 3276 958 3434 1013; x_wconf 91' lang='grc' dir='ltr'>τοῦτο</span> <span class='ocrx_word' id='word_1_476' title='bbox 3468 958 3566 1012; x_wconf 83' lang='grc' dir='ltr'>καὶ</span> <span class='ocrx_word' id='word_1_477' title='bbox 3600 958 3778 1012; x_wconf 78' lang='grc' dir='ltr'>Ἰωάν-</span> 
     </span>
    </p>
   </div>
   <div class='ocr_carea' id='block_1_67' title="bbox 2197 1048 3775 1124">
    <p class='ocr_par' dir='ltr' id='par_1_67' title="bbox 2197 1048 3775 1124">
     <span class='ocr_line' id='line_1_68' title="bbox 2197 1048 3775 1124; baseline -0.003 -17"><span class='ocrx_word' id='word_1_478' title='bbox 2197 1069 2295 1124; x_wconf 90' lang='grc' dir='ltr'>νην</span> <span class='ocrx_word' id='word_1_479' title='bbox 2348 1052 2438 1107; x_wconf 80' lang='grc' dir='ltr'>τὸν</span> <span class='ocrx_word' id='word_1_480' title='bbox 2482 1051 2878 1107; x_wconf 81' lang='grc' dir='ltr'>εὑλαϐέστατον</span> <span class='ocrx_word' id='word_1_481' title='bbox 2924 1048 3293 1124; x_wconf 84' lang='grc' dir='ltr'>πρεσϐύτερον</span> <span class='ocrx_word' id='word_1_482' title='bbox 3339 1050 3420 1114; x_wconf 86' lang='grc' dir='ltr'>είς</span> <span class='ocrx_word' id='word_1_483' title='bbox 3461 1048 3626 1103; x_wconf 79' lang='grc' dir='ltr'>τοῦτό</span> <span class='ocrx_word' id='word_1_484' title='bbox 3665 1050 3775 1103; x_wconf 84' lang='grc' dir='ltr'>ἀπ·</span> 
     </span>
    </p>
   </div>
   <div class='ocr_carea' id='block_1_68' title="bbox 2198 1137 3774 1214">
    <p class='ocr_par' dir='ltr' id='par_1_68' title="bbox 2198 1137 3774 1214">
     <span class='ocr_line' id='line_1_69' title="bbox 2198 1137 3774 1214; baseline -0.003 -19"><span class='ocrx_word' id='word_1_485' title='bbox 2198 1142 2538 1213; x_wconf 86' lang='grc' dir='ltr'>εστείλαμεν,</span> <span class='ocrx_word' id='word_1_486' title='bbox 2574 1141 2717 1196; x_wconf 89' lang='grc' dir='ltr'>ῶστε</span> <span class='ocrx_word' id='word_1_487' title='bbox 2762 1139 3137 1214; x_wconf 77' lang='grc' dir='ltr'>παρακαλέσαι</span> <span class='ocrx_word' id='word_1_488' title='bbox 3185 1138 3341 1211; x_wconf 65' lang='grc' dir='ltr'>ὑμῶν</span> <span class='ocrx_word' id='word_1_489' title='bbox 3377 1138 3480 1209; x_wconf 79' lang='grc' dir='ltr'>τὴν</span> <span class='ocrx_word' id='word_1_490' title='bbox 3511 1137 3774 1200; x_wconf 88' lang='grc' dir='ltr'>διάνοιαν,</span> 
     </span>
    </p>
   </div>
   <div class='ocr_carea' id='block_1_69' title="bbox 2198 1226 3778 1302">
    <p class='ocr_par' dir='ltr' id='par_1_69' title="bbox 2198 1226 3778 1302">
     <span class='ocr_line' id='line_1_70' title="bbox 2198 1226 3778 1302; baseline -0.003 -17"><span class='ocrx_word' id='word_1_491' title='bbox 2198 1230 2292 1285; x_wconf 87' lang='lat'><strong>1:01</strong></span> <span class='ocrx_word' id='word_1_492' title='bbox 2335 1231 2412 1302; x_wconf 77' lang='grc' dir='ltr'>μὴ</span> <span class='ocrx_word' id='word_1_493' title='bbox 2442 1232 2658 1300; x_wconf 81' lang='grc' dir='ltr'>ἀφεῖναι</span> <span class='ocrx_word' id='word_1_494' title='bbox 2685 1231 2791 1285; x_wconf 76' lang='grc' dir='ltr'>ὑπὸ</span> <span class='ocrx_word' id='word_1_495' title='bbox 2829 1228 3056 1302; x_wconf 75' lang='grc' dir='ltr'>μηδενὸς</span> <span class='ocrx_word' id='word_1_496' title='bbox 3088 1229 3592 1302; x_wconf 85' lang='grc' dir='ltr'>παρασαλευθῆναι.</span> <span class='ocrx_word' id='word_1_497' title='bbox 3633 1226 3778 1297; x_wconf 78' lang='grc' dir='ltr'>Ἐγώ</span> 
     </span>
    </p>
   </div>
   <div class='ocr_carea' id='block_1_70' title="bbox 2196 1318 3779 1393">
    <p class='ocr_par' dir='ltr' id='par_1_70' title="bbox 2196 1318 3779 1393">
     <span class='ocr_line' id='line_1_71' title="bbox 2196 1318 3779 1393; baseline -0.003 -17"><span class='ocrx_word' id='word_1_498' title='bbox 2196 1322 2259 1376; x_wconf 89' lang='lat'>10</span> <span class='ocrx_word' id='word_1_499' title='bbox 2306 1322 2542 1393; x_wconf 74' lang='grc' dir='ltr'>έμαυτοῦ</span> <span class='ocrx_word' id='word_1_500' title='bbox 2576 1321 2881 1393; x_wconf 68' lang='grc' dir='ltr'>πεποίηκα,</span> <span class='ocrx_word' id='word_1_501' title='bbox 2918 1323 3013 1376; x_wconf 83' lang='grc' dir='ltr'>καὶ</span> <span class='ocrx_word' id='word_1_502' title='bbox 3054 1320 3234 1391; x_wconf 79' lang='grc' dir='ltr'>λόγοις</span> <span class='ocrx_word' id='word_1_503' title='bbox 3274 1318 3632 1392; x_wconf 80' lang='grc' dir='ltr'>παρακαλῶν,</span> <span class='ocrx_word' id='word_1_504' title='bbox 3679 1319 3779 1373; x_wconf 86' lang='lat'><strong>1:01</strong></span> 
     </span>
    </p>
   </div>
   <div class='ocr_carea' id='block_1_71' title="bbox 2200 1411 3780 1487">
    <p class='ocr_par' dir='ltr' id='par_1_71' title="bbox 2200 1411 3780 1487">
     <span class='ocr_line' id='line_1_72' title="bbox 2200 1411 3780 1487; baseline -0.001 -20"><span class='ocrx_word' id='word_1_505' title='bbox 2200 1413 2530 1486; x_wconf 88' lang='grc' dir='ltr'>συμϐουλαῖς</span> <span class='ocrx_word' id='word_1_506' title='bbox 2548 1413 2828 1487; x_wconf 85' lang='grc' dir='ltr'>ἀνορθῶν,</span> <span class='ocrx_word' id='word_1_507' title='bbox 2862 1414 2960 1469; x_wconf 81' lang='grc' dir='ltr'>καὶ</span> <span class='ocrx_word' id='word_1_508' title='bbox 2984 1413 3094 1467; x_wconf 93' lang='grc' dir='ltr'>τῶν</span> <span class='ocrx_word' id='word_1_509' title='bbox 3122 1412 3324 1485; x_wconf 83' lang='grc' dir='ltr'>χρειῶν</span> <span class='ocrx_word' id='word_1_510' title='bbox 3369 1411 3469 1484; x_wconf 76' lang='grc' dir='ltr'>τὴν</span> <span class='ocrx_word' id='word_1_511' title='bbox 3510 1411 3780 1481; x_wconf 84' lang='grc' dir='ltr'>ἀφθονίαν</span> 
     </span>
    </p>
   </div>
   <div class='ocr_carea' id='block_1_72' title="bbox 2198 1503 3780 1578">
    <p class='ocr_par' dir='ltr' id='par_1_72' title="bbox 2198 1503 3780 1578">
     <span class='ocr_line' id='line_1_73' title="bbox 2198 1503 3780 1578; baseline -0.001 -19"><span class='ocrx_word' id='word_1_512' title='bbox 2198 1506 2473 1576; x_wconf 78' lang='grc' dir='ltr'>παρέχων,</span> <span class='ocrx_word' id='word_1_513' title='bbox 2516 1504 2658 1560; x_wconf 92' lang='grc' dir='ltr'>ῶστε</span> <span class='ocrx_word' id='word_1_514' title='bbox 2685 1507 2744 1560; x_wconf 72' lang='grc' dir='ltr'>έν</span> <span class='ocrx_word' id='word_1_515' title='bbox 2776 1506 2966 1578; x_wconf 77' lang='grc' dir='ltr'>μηδενὶ</span> <span class='ocrx_word' id='word_1_516' title='bbox 3013 1506 3157 1576; x_wconf 81' lang='grc' dir='ltr'>ὑμᾶς</span> <span class='ocrx_word' id='word_1_517' title='bbox 3184 1503 3569 1575; x_wconf 83' lang='grc' dir='ltr'>ὑστερηθῆναι.</span> <span class='ocrx_word' id='word_1_518' title='bbox 3609 1504 3679 1559; x_wconf 83' lang='grc' dir='ltr'>Εί</span> <span class='ocrx_word' id='word_1_519' title='bbox 3719 1503 3780 1558; x_wconf 70' lang='grc' dir='ltr'>δὲ</span> 
     </span>
    </p>
   </div>
   <div class='ocr_carea' id='block_1_73' title="bbox 2201 1596 3783 1669">
    <p class='ocr_par' dir='ltr' id='par_1_73' title="bbox 2201 1596 3783 1669">
     <span class='ocr_line' id='line_1_74' title="bbox 2201 1596 3783 1669; baseline -0.001 -19"><span class='ocrx_word' id='word_1_520' title='bbox 2201 1596 2276 1667; x_wconf 80' lang='grc' dir='ltr'>μὴ</span> <span class='ocrx_word' id='word_1_521' title='bbox 2326 1596 2675 1669; x_wconf 69' lang='grc' dir='ltr'>βουληθείητε</span> <span class='ocrx_word' id='word_1_522' title='bbox 2736 1615 2839 1669; x_wconf 91' lang='grc' dir='ltr'>μου</span> <span class='ocrx_word' id='word_1_523' title='bbox 2893 1597 3213 1669; x_wconf 85' lang='grc' dir='ltr'>ἀνέχεσθαι,</span> <span class='ocrx_word' id='word_1_524' title='bbox 3260 1597 3377 1651; x_wconf 75' lang='grc' dir='ltr'>ἀλλ’</span> <span class='ocrx_word' id='word_1_525' title='bbox 3420 1597 3605 1661; x_wconf 78' lang='grc' dir='ltr'>αὐτοῖς</span> <span class='ocrx_word' id='word_1_526' title='bbox 3663 1598 3783 1660; x_wconf 85' lang='grc' dir='ltr'>τοῖς</span> 
     </span>
    </p>
   </div>
   <div class='ocr_carea' id='block_1_74' title="bbox 2199 1684 3783 1760">
    <p class='ocr_par' dir='ltr' id='par_1_74' title="bbox 2199 1684 3783 1760">
     <span class='ocr_line' id='line_1_75' title="bbox 2199 1684 3783 1760; baseline -0.001 -19"><span class='ocrx_word' id='word_1_527' title='bbox 2199 1687 2481 1742; x_wconf 86' lang='grc' dir='ltr'>ἀπατῶσιν</span> <span class='ocrx_word' id='word_1_528' title='bbox 2534 1688 2680 1759; x_wconf 70' lang='grc' dir='ltr'>ὑμᾶς</span> <span class='ocrx_word' id='word_1_529' title='bbox 2729 1689 2825 1742; x_wconf 89' lang='lat'><strong>1:01</strong></span> <span class='ocrx_word' id='word_1_530' title='bbox 2875 1687 3243 1760; x_wconf 89' lang='grc' dir='ltr'>ἀναπτεροῦσι</span> <span class='ocrx_word' id='word_1_531' title='bbox 3297 1685 3617 1756; x_wconf 89' lang='grc' dir='ltr'>πεισθῆναι,</span> <span class='ocrx_word' id='word_1_532' title='bbox 3664 1684 3783 1755; x_wconf 65' lang='grc' dir='ltr'>ἐγὼ</span> 
     </span>
    </p>
   </div>
   <div class='ocr_carea' id='block_1_75' title="bbox 2200 1777 3783 1850">
    <p class='ocr_par' dir='ltr' id='par_1_75' title="bbox 2200 1777 3783 1850">
     <span class='ocr_line' id='line_1_76' title="bbox 2200 1777 3783 1850; baseline -0.001 -19"><span class='ocrx_word' id='word_1_533' title='bbox 2200 1777 2487 1842; x_wconf 87' lang='grc' dir='ltr'>ἀνεύθυνός</span> <span class='ocrx_word' id='word_1_534' title='bbox 2514 1779 2652 1850; x_wconf 87' lang='grc' dir='ltr'>είμι.</span> <span class='ocrx_word' id='word_1_535' title='bbox 2678 1779 2821 1833; x_wconf 83' lang='grc' dir='ltr'>Ἴστε</span> <span class='ocrx_word' id='word_1_536' title='bbox 2850 1778 2907 1833; x_wconf 76' lang='grc' dir='ltr'>δε</span> <span class='ocrx_word' id='word_1_537' title='bbox 2937 1780 3035 1834; x_wconf 81' lang='lat'><strong>1:01</strong></span> <span class='ocrx_word' id='word_1_538' title='bbox 3064 1782 3099 1850; x_wconf 81' lang='grc' dir='ltr'><strong>ἡ</strong></span> <span class='ocrx_word' id='word_1_539' title='bbox 3125 1779 3468 1849; x_wconf 84' lang='grc' dir='ltr'>κατάγνωσις</span> <span class='ocrx_word' id='word_1_540' title='bbox 3498 1777 3642 1849; x_wconf 84' lang='grc' dir='ltr'>αῦτη</span> <span class='ocrx_word' id='word_1_541' title='bbox 3682 1778 3783 1830; x_wconf 82' lang='grc' dir='ltr'>καὶ</span> 
     </span>
    </p>
   </div>
   <div class='ocr_carea' id='block_1_76' title="bbox 2200 1863 3783 1940">
    <p class='ocr_par' dir='ltr' id='par_1_76' title="bbox 2200 1863 3783 1940">
     <span class='ocr_line' id='line_1_77' title="bbox 2200 1863 3783 1940; baseline -0.003 -18"><span class='ocrx_word' id='word_1_542' title='bbox 2200 1868 2234 1938; x_wconf 82' lang='grc' dir='ltr'>ή</span> <span class='ocrx_word' id='word_1_543' title='bbox 2267 1865 2442 1939; x_wconf 78' lang='grc' dir='ltr'>ζημία</span> <span class='ocrx_word' id='word_1_544' title='bbox 2487 1867 2582 1921; x_wconf 72' lang='grc' dir='ltr'>επὶ</span> <span class='ocrx_word' id='word_1_545' title='bbox 2619 1868 2743 1922; x_wconf 90' lang='grc' dir='ltr'>τίνα</span> <span class='ocrx_word' id='word_1_546' title='bbox 2772 1866 3013 1940; x_wconf 69' lang='grc' dir='ltr'>ἔρχεται.</span> <span class='ocrx_word' id='word_1_547' title='bbox 3045 1869 3142 1923; x_wconf 83' lang='grc' dir='ltr'>Ἴν’</span> <span class='ocrx_word' id='word_1_548' title='bbox 3182 1863 3277 1922; x_wconf 81' lang='grc' dir='ltr'>οὖν</span> <span class='ocrx_word' id='word_1_549' title='bbox 3319 1866 3486 1938; x_wconf 69' lang='grc' dir='ltr'>μηδὲν</span> <span class='ocrx_word' id='word_1_550' title='bbox 3533 1864 3783 1919; x_wconf 87' lang='grc' dir='ltr'>τοιοῦτον</span> 
     </span>
    </p>
   </div>
   <div class='ocr_carea' id='block_1_77' title="bbox 2198 1955 3782 2030">
    <p class='ocr_par' dir='ltr' id='par_1_77' title="bbox 2198 1955 3782 2030">
     <span class='ocr_line' id='line_1_78' title="bbox 2198 1955 3782 2030; baseline -0.002 -19"><span class='ocrx_word' id='word_1_551' title='bbox 2198 1957 2443 2029; x_wconf 82' lang='grc' dir='ltr'>γένηται,</span> <span class='ocrx_word' id='word_1_552' title='bbox 2469 1957 2772 2030; x_wconf 85' lang='grc' dir='ltr'>παρακαλῶ</span> <span class='ocrx_word' id='word_1_553' title='bbox 2797 1958 3084 2030; x_wconf 83' lang='grc' dir='ltr'>ἀνέχεσθαί</span> <span class='ocrx_word' id='word_1_554' title='bbox 3119 1974 3243 2029; x_wconf 88' lang='grc' dir='ltr'>μου,</span> <span class='ocrx_word' id='word_1_555' title='bbox 3270 1955 3365 2010; x_wconf 93' lang='grc' dir='ltr'>τοῦ</span> <span class='ocrx_word' id='word_1_556' title='bbox 3399 1955 3607 2027; x_wconf 88' lang='grc' dir='ltr'>σφόδρα</span> <span class='ocrx_word' id='word_1_557' title='bbox 3632 1956 3782 2025; x_wconf 76' lang='grc' dir='ltr'>ὑμᾶς</span> 
     </span>
    </p>
   </div>
   <div class='ocr_carea' id='block_1_78' title="bbox 2199 2042 3783 2121">
    <p class='ocr_par' dir='ltr' id='par_1_78' title="bbox 2199 2042 3783 2121">
     <span class='ocr_line' id='line_1_79' title="bbox 2199 2042 3783 2121; baseline 0 -20"><span class='ocrx_word' id='word_1_558' title='bbox 2199 2048 2541 2117; x_wconf 83' lang='grc' dir='ltr'>ἀγαπῶντος.</span> <span class='ocrx_word' id='word_1_559' title='bbox 2578 2048 2690 2103; x_wconf 81' lang='grc' dir='ltr'>Καὶ</span> <span class='ocrx_word' id='word_1_560' title='bbox 2729 2050 2859 2121; x_wconf 75' lang='grc' dir='ltr'>περὶ</span> <span class='ocrx_word' id='word_1_561' title='bbox 2898 2042 2974 2104; x_wconf 80' lang='grc' dir='ltr'>ὧν</span> <span class='ocrx_word' id='word_1_562' title='bbox 3012 2049 3091 2104; x_wconf 56' lang='grc' dir='ltr'>ἀνι</span> <span class='ocrx_word' id='word_1_563' title='bbox 3115 2047 3331 2120; x_wconf 77' lang='grc' dir='ltr'>δέησθε,</span> <span class='ocrx_word' id='word_1_564' title='bbox 3361 2049 3397 2119; x_wconf 81' lang='grc' dir='ltr'>ἢ</span> <span class='ocrx_word' id='word_1_565' title='bbox 3434 2045 3783 2101; x_wconf 75' lang='grc' dir='ltr'>έπιστείλατε</span> 
     </span>
    </p>
   </div>
   <div class='ocr_carea' id='block_1_79' title="bbox 2196 2137 3785 2209">
    <p class='ocr_par' dir='ltr' id='par_1_79' title="bbox 2196 2137 3785 2209">
     <span class='ocr_line' id='line_1_80' title="bbox 2196 2137 3785 2209; baseline 0 -18"><span class='ocrx_word' id='word_1_566' title='bbox 2196 2139 2351 2208; x_wconf 80' lang='grc' dir='ltr'>ἡμῖν,</span> <span class='ocrx_word' id='word_1_567' title='bbox 2378 2138 2436 2207; x_wconf 82' lang='grc' dir='ltr'>ἢ,</span> <span class='ocrx_word' id='word_1_568' title='bbox 2460 2138 2510 2192; x_wconf 88' lang='grc' dir='ltr'>εί</span> <span class='ocrx_word' id='word_1_569' title='bbox 2542 2137 2823 2208; x_wconf 81' lang='grc' dir='ltr'>βούλεσθε,</span> <span class='ocrx_word' id='word_1_570' title='bbox 2844 2138 2941 2193; x_wconf 77' lang='grc' dir='ltr'>Ξνα</span> <span class='ocrx_word' id='word_1_571' title='bbox 2970 2137 3092 2192; x_wconf 91' lang='grc' dir='ltr'>τινά</span> <span class='ocrx_word' id='word_1_572' title='bbox 3119 2138 3379 2209; x_wconf 83' lang='grc' dir='ltr'>πέμψατε.</span> <span class='ocrx_word' id='word_1_573' title='bbox 3416 2137 3552 2209; x_wconf 88' lang='lat'><strong>1:90;</strong></span> <span class='ocrx_word' id='word_1_574' title='bbox 3596 2138 3785 2209; x_wconf 75' lang='grc' dir='ltr'>ἡμᾶς,</span> 
     </span>
    </p>
   </div>
   <div class='ocr_carea' id='block_1_80' title="bbox 2199 2228 3243 2302">
    <p class='ocr_par' dir='ltr' id='par_1_80' title="bbox 2199 2228 3243 2302">
     <span class='ocr_line' id='line_1_81' title="bbox 2199 2228 3243 2302; baseline 0.006 -21"><span class='ocrx_word' id='word_1_575' title='bbox 2199 2228 2293 2281; x_wconf 85' lang='lat'><strong>1:01</strong></span> <span class='ocrx_word' id='word_1_576' title='bbox 2317 2228 2470 2283; x_wconf 79' lang='grc' dir='ltr'>οὐδὲν</span> <span class='ocrx_word' id='word_1_577' title='bbox 2503 2230 2631 2301; x_wconf 85' lang='grc' dir='ltr'>ὑμῖν</span> <span class='ocrx_word' id='word_1_578' title='bbox 2661 2231 2949 2302; x_wconf 88' lang='grc' dir='ltr'>ὑστερήσει</span> <span class='ocrx_word' id='word_1_579' title='bbox 2990 2228 3243 2287; x_wconf 87' lang='grc' dir='ltr'>καθόλου.</span> 
     </span>
    </p>
   </div>
   <div class='ocr_carea' id='block_1_81' title="bbox 2736 2340 3247 2412">
    <p class='ocr_par' dir='ltr' id='par_1_81' title="bbox 2736 2340 3247 2412">
     <span class='ocr_line' id='line_1_82' title="bbox 2736 2340 3247 2412; baseline 0.002 -16"><span class='ocrx_word' id='word_1_580' title='bbox 2736 2343 2912 2396; x_wconf 78' lang='lat' dir='ltr'><strong><em>PKA&#39;.</em></strong></span> <span class='ocrx_word' id='word_1_581' title='bbox 2944 2340 3247 2412; x_wconf 70' lang='grc' dir='ltr'>Γεμέλλῳ.</span> 
     </span>
    </p>
   </div>
   <div class='ocr_carea' id='block_1_82' title="bbox 2276 2444 3787 2518">
    <p class='ocr_par' dir='ltr' id='par_1_82' title="bbox 2276 2444 3787 2518">
     <span class='ocr_line' id='line_1_83' title="bbox 2276 2444 3787 2518; baseline 0 -18"><span class='ocrx_word' id='word_1_582' title='bbox 2276 2444 2464 2500; x_wconf 80' lang='grc' dir='ltr'>Ἀλλοι</span> <span class='ocrx_word' id='word_1_583' title='bbox 2502 2447 2601 2517; x_wconf 81' lang='grc' dir='ltr'>μὲν</span> <span class='ocrx_word' id='word_1_584' title='bbox 2647 2448 2713 2517; x_wconf 80' lang='grc' dir='ltr'>τῇ</span> <span class='ocrx_word' id='word_1_585' title='bbox 2749 2446 3143 2518; x_wconf 88' lang='grc' dir='ltr'>θαυμασιότητί</span> <span class='ocrx_word' id='word_1_586' title='bbox 3180 2464 3273 2501; x_wconf 92' lang='grc' dir='ltr'>σου</span> <span class='ocrx_word' id='word_1_587' title='bbox 3322 2447 3640 2518; x_wconf 81' lang='grc' dir='ltr'>συνήδονται</span> <span class='ocrx_word' id='word_1_588' title='bbox 3682 2446 3787 2518; x_wconf 85' lang='grc' dir='ltr'>τῆς</span> 
     </span>
    </p>
   </div>
   <div class='ocr_carea' id='block_1_83' title="bbox 2202 2534 3785 2611">
    <p class='ocr_par' dir='ltr' id='par_1_83' title="bbox 2202 2534 3785 2611">
     <span class='ocr_line' id='line_1_84' title="bbox 2202 2534 3785 2611; baseline 0.001 -22"><span class='ocrx_word' id='word_1_589' title='bbox 2202 2536 2392 2607; x_wconf 85' lang='grc' dir='ltr'>ἀρχῆς,</span> <span class='ocrx_word' id='word_1_590' title='bbox 2423 2534 2536 2606; x_wconf 69' lang='grc' dir='ltr'>ἐγὼ</span> <span class='ocrx_word' id='word_1_591' title='bbox 2577 2536 2635 2590; x_wconf 75' lang='grc' dir='ltr'>δὲ</span> <span class='ocrx_word' id='word_1_592' title='bbox 2667 2538 2732 2608; x_wconf 75' lang='grc' dir='ltr'>τῇ</span> <span class='ocrx_word' id='word_1_593' title='bbox 2768 2536 2943 2604; x_wconf 77' lang='grc' dir='ltr'>πόλει,</span> <span class='ocrx_word' id='word_1_594' title='bbox 2986 2538 3081 2591; x_wconf 88' lang='lat'><strong>1:01</strong></span> <span class='ocrx_word' id='word_1_595' title='bbox 3126 2540 3195 2611; x_wconf 75' lang='grc' dir='ltr'>τῇ</span> <span class='ocrx_word' id='word_1_596' title='bbox 3240 2536 3688 2609; x_wconf 76' lang='grc' dir='ltr'>μεγαλοπρεπείᾳ</span> <span class='ocrx_word' id='word_1_597' title='bbox 3724 2536 3785 2591; x_wconf 70' lang='grc' dir='ltr'>δὲ</span> 
     </span>
    </p>
   </div>
   <div class='ocr_carea' id='block_1_84' title="bbox 2166 2626 3786 2701">
    <p class='ocr_par' dir='ltr' id='par_1_84' title="bbox 2166 2626 3786 2701">
     <span class='ocr_line' id='line_1_85' title="bbox 2166 2626 3786 2701; baseline 0.003 -24"><span class='ocrx_word' id='word_1_598' title='bbox 2166 2628 2269 2698; x_wconf 78' lang='grc' dir='ltr'>’τῇ</span> <span class='ocrx_word' id='word_1_599' title='bbox 2311 2628 2400 2698; x_wconf 77' lang='grc' dir='ltr'>σῇ,</span> <span class='ocrx_word' id='word_1_600' title='bbox 2423 2627 2486 2680; x_wconf 91' lang='lat'>00</span> <span class='ocrx_word' id='word_1_601' title='bbox 2517 2626 2606 2682; x_wconf 90' lang='lat'>6:0</span> <span class='ocrx_word' id='word_1_602' title='bbox 2639 2626 2737 2699; x_wconf 78' lang='grc' dir='ltr'>τήν</span> <span class='ocrx_word' id='word_1_603' title='bbox 2780 2627 3029 2683; x_wconf 73' lang='grc' dir='ltr'>ἀντεῦθεν</span> <span class='ocrx_word' id='word_1_604' title='bbox 3065 2628 3230 2701; x_wconf 79' lang='grc' dir='ltr'>τιμὴν</span> <span class='ocrx_word' id='word_1_605' title='bbox 3274 2627 3625 2701; x_wconf 83' lang='grc' dir='ltr'>(ὑψηλότερος</span> <span class='ocrx_word' id='word_1_606' title='bbox 3670 2629 3786 2700; x_wconf 83' lang='grc' dir='ltr'>γάρ</span> 
     </span>
    </p>
   </div>
   <div class='ocr_carea' id='block_1_85' title="bbox 2202 2716 3783 2793">
    <p class='ocr_par' dir='ltr' id='par_1_85' title="bbox 2202 2716 3783 2793">
     <span class='ocr_line' id='line_1_86' title="bbox 2202 2716 3783 2793; baseline -0.001 -20"><span class='ocrx_word' id='word_1_607' title='bbox 2202 2721 2312 2775; x_wconf 88' lang='grc' dir='ltr'>τῶν</span> <span class='ocrx_word' id='word_1_608' title='bbox 2341 2719 2597 2774; x_wconf 88' lang='grc' dir='ltr'>τοιούτων</span> <span class='ocrx_word' id='word_1_609' title='bbox 2643 2719 3022 2791; x_wconf 89' lang='grc' dir='ltr'>μεμελέτηκας</span> <span class='ocrx_word' id='word_1_610' title='bbox 3052 2716 3238 2793; x_wconf 77' lang='grc' dir='ltr'>εἶναι),</span> <span class='ocrx_word' id='word_1_611' title='bbox 3280 2719 3418 2775; x_wconf 88' lang='grc' dir='ltr'>ἀλλά</span> <span class='ocrx_word' id='word_1_612' title='bbox 3459 2718 3551 2774; x_wconf 86' lang='lat'>6:0</span> <span class='ocrx_word' id='word_1_613' title='bbox 3590 2718 3651 2773; x_wconf 80' lang='lat'>10</span> <span class='ocrx_word' id='word_1_614' title='bbox 3683 2718 3783 2772; x_wconf 83' lang='lat'><strong>10-</strong></span> 
     </span>
    </p>
   </div>
   <div class='ocr_carea' id='block_1_86' title="bbox 2205 2808 3785 2883">
    <p class='ocr_par' dir='ltr' id='par_1_86' title="bbox 2205 2808 3785 2883">
     <span class='ocr_line' id='line_1_87' title="bbox 2205 2808 3785 2883; baseline 0.001 -20"><span class='ocrx_word' id='word_1_615' title='bbox 2205 2810 2321 2864; x_wconf 84' lang='grc' dir='ltr'>ϐεῖν</span> <span class='ocrx_word' id='word_1_616' title='bbox 2348 2810 2603 2883; x_wconf 81' lang='grc' dir='ltr'>ἀφορμὴν</span> <span class='ocrx_word' id='word_1_617' title='bbox 2630 2810 2729 2882; x_wconf 80' lang='grc' dir='ltr'>τὴν</span> <span class='ocrx_word' id='word_1_618' title='bbox 2770 2811 3114 2883; x_wconf 82' lang='grc' dir='ltr'>παρέχουσάν</span> <span class='ocrx_word' id='word_1_619' title='bbox 3161 2827 3245 2865; x_wconf 91' lang='grc' dir='ltr'>σοι</span> <span class='ocrx_word' id='word_1_620' title='bbox 3279 2810 3420 2882; x_wconf 87' lang='grc' dir='ltr'>μετά</span> <span class='ocrx_word' id='word_1_621' title='bbox 3449 2808 3651 2881; x_wconf 81' lang='grc' dir='ltr'>πολλῆς</span> <span class='ocrx_word' id='word_1_622' title='bbox 3681 2810 3785 2879; x_wconf 81' lang='grc' dir='ltr'>τῆς</span> 
     </span>
    </p>
   </div>
   <div class='ocr_carea' id='block_1_87' title="bbox 2204 2900 3783 2975">
    <p class='ocr_par' dir='ltr' id='par_1_87' title="bbox 2204 2900 3783 2975">
     <span class='ocr_line' id='line_1_88' title="bbox 2204 2900 3783 2975; baseline -0.001 -17"><span class='ocrx_word' id='word_1_623' title='bbox 2204 2902 2390 2967; x_wconf 88' lang='grc' dir='ltr'>ἀδείας</span> <span class='ocrx_word' id='word_1_624' title='bbox 2421 2904 2516 2956; x_wconf 85' lang='lat'><strong>1:01</strong></span> <span class='ocrx_word' id='word_1_625' title='bbox 2542 2905 2663 2973; x_wconf 54' lang='grc' dir='ltr'>τοῖς,</span> <span class='ocrx_word' id='word_1_626' title='bbox 2683 2902 3092 2970; x_wconf 55' lang='grc' dir='ltr'>πολλοίξδεῖξαι</span> <span class='ocrx_word' id='word_1_627' title='bbox 3117 2902 3218 2974; x_wconf 79' lang='grc' dir='ltr'>τὴν</span> <span class='ocrx_word' id='word_1_628' title='bbox 3238 2902 3454 2957; x_wconf 78' lang='grc' dir='ltr'>σύνεσίν</span> <span class='ocrx_word' id='word_1_629' title='bbox 3479 2919 3599 2967; x_wconf 83' lang='grc' dir='ltr'>σου,</span> <span class='ocrx_word' id='word_1_630' title='bbox 3624 2900 3783 2975; x_wconf 81' lang='lat'>[665]</span> 
     </span>
    </p>
   </div>
   <div class='ocr_carea' id='block_1_88' title="bbox 2204 2991 3783 3066">
    <p class='ocr_par' dir='ltr' id='par_1_88' title="bbox 2204 2991 3783 3066">
     <span class='ocr_line' id='line_1_89' title="bbox 2204 2991 3783 3066; baseline -0.002 -16"><span class='ocrx_word' id='word_1_631' title='bbox 2204 2997 2298 3050; x_wconf 83' lang='lat'><strong>1:01</strong></span> <span class='ocrx_word' id='word_1_632' title='bbox 2324 2994 2424 3066; x_wconf 79' lang='grc' dir='ltr'>τὴν</span> <span class='ocrx_word' id='word_1_633' title='bbox 2451 2995 2788 3065; x_wconf 77' lang='grc' dir='ltr'>ἡμερότητα,</span> <span class='ocrx_word' id='word_1_634' title='bbox 2819 2996 2913 3048; x_wconf 82' lang='grc' dir='ltr'>καὶ</span> <span class='ocrx_word' id='word_1_635' title='bbox 2948 2994 3010 3049; x_wconf 88' lang='lat'>10</span> <span class='ocrx_word' id='word_1_636' title='bbox 3038 2993 3289 3049; x_wconf 67' lang='grc' dir='ltr'>ἐντεῦθεν</span> <span class='ocrx_word' id='word_1_637' title='bbox 3322 2991 3511 3065; x_wconf 84' lang='grc' dir='ltr'>κέρδος</span> <span class='ocrx_word' id='word_1_638' title='bbox 3538 3010 3783 3063; x_wconf 80' lang='grc' dir='ltr'>συναγα-</span> 
     </span>
    </p>
   </div>
   <div class='ocr_carea' id='block_1_89' title="bbox 2202 3078 3784 3154">
    <p class='ocr_par' dir='ltr' id='par_1_89' title="bbox 2202 3078 3784 3154">
     <span class='ocr_line' id='line_1_90' title="bbox 2202 3078 3784 3154; baseline -0.003 -16"><span class='ocrx_word' id='word_1_639' title='bbox 2202 3086 2340 3153; x_wconf 89' lang='grc' dir='ltr'>γεῖν.</span> <span class='ocrx_word' id='word_1_640' title='bbox 2372 3081 2447 3138; x_wconf 83' lang='grc' dir='ltr'>Εὖ</span> <span class='ocrx_word' id='word_1_641' title='bbox 2475 3083 2586 3153; x_wconf 85' lang='grc' dir='ltr'>γὰρ</span> <span class='ocrx_word' id='word_1_642' title='bbox 2609 3078 2725 3137; x_wconf 75' lang='grc' dir='ltr'>οἶδα</span> <span class='ocrx_word' id='word_1_643' title='bbox 2756 3082 2838 3136; x_wconf 80' lang='grc' dir='ltr'>ὅτι</span> <span class='ocrx_word' id='word_1_644' title='bbox 2878 3082 2973 3136; x_wconf 79' lang='grc' dir='ltr'>καὶ</span> <span class='ocrx_word' id='word_1_645' title='bbox 3003 3082 3131 3145; x_wconf 82' lang='grc' dir='ltr'>τοὺς</span> <span class='ocrx_word' id='word_1_646' title='bbox 3170 3081 3376 3154; x_wconf 87' lang='grc' dir='ltr'>σφόδρα</span> <span class='ocrx_word' id='word_1_647' title='bbox 3405 3083 3475 3153; x_wconf 71' lang='grc' dir='ltr'>τῇ</span> <span class='ocrx_word' id='word_1_648' title='bbox 3502 3084 3577 3153; x_wconf 62' lang='grc' dir='ltr'>γῇ</span> <span class='ocrx_word' id='word_1_649' title='bbox 3611 3098 3784 3154; x_wconf 83' lang='grc' dir='ltr'>προσ-</span> 
     </span>
    </p>
   </div>
   <div class='ocr_carea' id='block_1_90' title="bbox 2199 3172 3786 3251">
    <p class='ocr_par' dir='ltr' id='par_1_90' title="bbox 2199 3172 3786 3251">
     <span class='ocr_line' id='line_1_91' title="bbox 2199 3172 3786 3251; baseline -0.003 -18"><span class='ocrx_word' id='word_1_650' title='bbox 2199 3177 2539 3251; x_wconf 85' lang='grc' dir='ltr'>ηλωμένους,</span> <span class='ocrx_word' id='word_1_651' title='bbox 2585 3176 2679 3231; x_wconf 75' lang='grc' dir='ltr'>καὶ</span> <span class='ocrx_word' id='word_1_652' title='bbox 2712 3177 2849 3249; x_wconf 86' lang='lat'><strong>1:90;</strong></span> <span class='ocrx_word' id='word_1_653' title='bbox 2894 3176 2964 3230; x_wconf 83' lang='lat'>10</span> <span class='ocrx_word' id='word_1_654' title='bbox 3002 3175 3258 3247; x_wconf 79' lang='grc' dir='ltr'>ὀνείρατα</span> <span class='ocrx_word' id='word_1_655' title='bbox 3318 3172 3494 3231; x_wconf 85' lang='grc' dir='ltr'>ταῦτα</span> <span class='ocrx_word' id='word_1_656' title='bbox 3549 3176 3786 3247; x_wconf 78' lang='grc' dir='ltr'>κεχηνό-</span> 
     </span>
    </p>
   </div>
   <div class='ocr_carea' id='block_1_91' title="bbox 2200 3253 3784 3340">
    <p class='ocr_par' dir='ltr' id='par_1_91' title="bbox 2200 3253 3784 3340">
     <span class='ocr_line' id='line_1_92' title="bbox 2200 3253 3784 3340; baseline -0.002 -16"><span class='ocrx_word' id='word_1_657' title='bbox 2200 3286 2319 3334; x_wconf 90' lang='grc' dir='ltr'>τας,</span> <span class='ocrx_word' id='word_1_658' title='bbox 2365 3268 2511 3337; x_wconf 76' lang='grc' dir='ltr'>λέγω</span> <span class='ocrx_word' id='word_1_659' title='bbox 2555 3267 2621 3339; x_wconf 80' lang='grc' dir='ltr'>δή</span> <span class='ocrx_word' id='word_1_660' title='bbox 2656 3266 2757 3340; x_wconf 78' lang='grc' dir='ltr'>τὴν</span> <span class='ocrx_word' id='word_1_661' title='bbox 2805 3267 2962 3339; x_wconf 90' lang='grc' dir='ltr'>παρά</span> <span class='ocrx_word' id='word_1_662' title='bbox 3004 3266 3113 3327; x_wconf 84' lang='grc' dir='ltr'>τῶν</span> <span class='ocrx_word' id='word_1_663' title='bbox 3157 3266 3369 3320; x_wconf 89' lang='grc' dir='ltr'>πολλῶν</span> <span class='ocrx_word' id='word_1_664' title='bbox 3417 3253 3609 3335; x_wconf 61' lang='grc' dir='ltr'>δόξαν,</span> <span class='ocrx_word' id='word_1_665' title='bbox 3647 3285 3784 3321; x_wconf 88' lang='grc' dir='ltr'>παι-</span> 
     </span>
    </p>
   </div>
   <div class='ocr_carea' id='block_1_92' title="bbox 2200 3357 3783 3431">
    <p class='ocr_par' dir='ltr' id='par_1_92' title="bbox 2200 3357 3783 3431">
     <span class='ocr_line' id='line_1_93' title="bbox 2200 3357 3783 3431; baseline -0.002 -17"><span class='ocrx_word' id='word_1_666' title='bbox 2200 3360 2385 3415; x_wconf 89' lang='grc' dir='ltr'>δεῦσαι</span> <span class='ocrx_word' id='word_1_667' title='bbox 2421 3360 2644 3431; x_wconf 79' lang='grc' dir='ltr'>δυνήσῃ,</span> <span class='ocrx_word' id='word_1_668' title='bbox 2683 3360 2767 3413; x_wconf 81' lang='grc' dir='ltr'>ὅτι</span> <span class='ocrx_word' id='word_1_669' title='bbox 2803 3359 2904 3413; x_wconf 83' lang='grc' dir='ltr'>οὐκ</span> <span class='ocrx_word' id='word_1_670' title='bbox 2928 3360 2987 3413; x_wconf 76' lang='lat' dir='ltr'>1v</span> <span class='ocrx_word' id='word_1_671' title='bbox 3013 3361 3081 3431; x_wconf 73' lang='grc' dir='ltr'>τῇ</span> <span class='ocrx_word' id='word_1_672' title='bbox 3126 3357 3351 3429; x_wconf 87' lang='grc' dir='ltr'>χλανίδι,</span> <span class='ocrx_word' id='word_1_673' title='bbox 3381 3358 3474 3412; x_wconf 90' lang='lat'><strong>1:01</strong></span> <span class='ocrx_word' id='word_1_674' title='bbox 3506 3362 3586 3430; x_wconf 64' lang='grc' dir='ltr'>τῇ</span> <span class='ocrx_word' id='word_1_675' title='bbox 3610 3357 3783 3431; x_wconf 72' lang='grc' dir='ltr'>ζώνη,</span> 
     </span>
    </p>
   </div>
   <div class='ocr_carea' id='block_1_93' title="bbox 2200 3449 3785 3523">
    <p class='ocr_par' dir='ltr' id='par_1_93' title="bbox 2200 3449 3785 3523">
     <span class='ocr_line' id='line_1_94' title="bbox 2200 3449 3785 3523; baseline -0.002 -18"><span class='ocrx_word' id='word_1_676' title='bbox 2200 3451 2320 3505; x_wconf 75' lang='lat'><strong>0061</strong></span> <span class='ocrx_word' id='word_1_677' title='bbox 2349 3451 2412 3504; x_wconf 74' lang='grc' dir='ltr'>ὲν</span> <span class='ocrx_word' id='word_1_678' title='bbox 2432 3452 2501 3521; x_wconf 78' lang='grc' dir='ltr'>τῇ</span> <span class='ocrx_word' id='word_1_679' title='bbox 2534 3451 2685 3520; x_wconf 79' lang='grc' dir='ltr'>φωνῇ</span> <span class='ocrx_word' id='word_1_680' title='bbox 2718 3449 2812 3502; x_wconf 88' lang='grc' dir='ltr'>τοῦ</span> <span class='ocrx_word' id='word_1_681' title='bbox 2851 3450 3091 3521; x_wconf 81' lang='grc' dir='ltr'>κήρυκος</span> <span class='ocrx_word' id='word_1_682' title='bbox 3122 3451 3152 3504; x_wconf 93' lang='lat'>0</span> <span class='ocrx_word' id='word_1_683' title='bbox 3192 3450 3398 3523; x_wconf 75' lang='grc' dir='ltr'>ἄρχων,</span> <span class='ocrx_word' id='word_1_684' title='bbox 3438 3450 3554 3503; x_wconf 79' lang='grc' dir='ltr'>ἀλλ’</span> <span class='ocrx_word' id='word_1_685' title='bbox 3602 3452 3675 3503; x_wconf 59' lang='grc' dir='ltr'>ενι</span> <span class='ocrx_word' id='word_1_686' title='bbox 3702 3451 3785 3521; x_wconf 77' lang='grc' dir='ltr'>τῷ</span> 
     </span>
    </p>
   </div>
   <div class='ocr_carea' id='block_1_94' title="bbox 2200 3540 3785 3613">
    <p class='ocr_par' dir='ltr' id='par_1_94' title="bbox 2200 3540 3785 3613">
     <span class='ocr_line' id='line_1_95' title="bbox 2200 3540 3785 3613; baseline 0.001 -19"><span class='ocrx_word' id='word_1_687' title='bbox 2200 3542 2271 3595; x_wconf 88' lang='grc' dir='ltr'>τά</span> <span class='ocrx_word' id='word_1_688' title='bbox 2306 3540 2654 3611; x_wconf 87' lang='grc' dir='ltr'>πεπονηκότα</span> <span class='ocrx_word' id='word_1_689' title='bbox 2681 3541 3019 3596; x_wconf 82' lang='grc' dir='ltr'>ἀνακτᾶσθαι</span> <span class='ocrx_word' id='word_1_690' title='bbox 3048 3552 3095 3605; x_wconf 70' lang='grc' dir='ltr'>ε,</span> <span class='ocrx_word' id='word_1_691' title='bbox 3128 3541 3225 3596; x_wconf 83' lang='grc' dir='ltr'>καὶ</span> <span class='ocrx_word' id='word_1_692' title='bbox 3260 3541 3329 3594; x_wconf 88' lang='grc' dir='ltr'>τά</span> <span class='ocrx_word' id='word_1_693' title='bbox 3368 3540 3554 3605; x_wconf 91' lang='grc' dir='ltr'>κακῶς</span> <span class='ocrx_word' id='word_1_694' title='bbox 3586 3541 3785 3613; x_wconf 79' lang='grc' dir='ltr'>ἔχοντα</span> 
     </span>
    </p>
   </div>
   <div class='ocr_carea' id='block_1_95' title="bbox 2200 3631 3787 3706">
    <p class='ocr_par' dir='ltr' id='par_1_95' title="bbox 2200 3631 3787 3706">
     <span class='ocr_line' id='line_1_96' title="bbox 2200 3631 3787 3706; baseline 0 -17"><span class='ocrx_word' id='word_1_695' title='bbox 2200 3632 2466 3705; x_wconf 85' lang='grc' dir='ltr'>διορθοῦν,</span> <span class='ocrx_word' id='word_1_696' title='bbox 2508 3634 2605 3687; x_wconf 82' lang='lat'><strong>1:01</strong></span> <span class='ocrx_word' id='word_1_697' title='bbox 2652 3632 2902 3698; x_wconf 79' lang='grc' dir='ltr'>κολάζειν</span> <span class='ocrx_word' id='word_1_698' title='bbox 2942 3632 3043 3704; x_wconf 76' lang='grc' dir='ltr'>μὶν</span> <span class='ocrx_word' id='word_1_699' title='bbox 3076 3632 3317 3697; x_wconf 88' lang='grc' dir='ltr'>ἀδικίαν,</span> <span class='ocrx_word' id='word_1_700' title='bbox 3357 3631 3434 3704; x_wconf 80' lang='grc' dir='ltr'>μή</span> <span class='ocrx_word' id='word_1_701' title='bbox 3479 3638 3787 3706; x_wconf 72' lang='grc' dir='ltr'>συγχωρεῖν</span> 
     </span>
    </p>
   </div>
   <div class='ocr_carea' id='block_1_96' title="bbox 2199 3725 3787 3797">
    <p class='ocr_par' dir='ltr' id='par_1_96' title="bbox 2199 3725 3787 3797">
     <span class='ocr_line' id='line_1_97' title="bbox 2199 3725 3787 3797; baseline -0.001 -15"><span class='ocrx_word' id='word_1_702' title='bbox 2199 3728 2257 3782; x_wconf 77' lang='grc' dir='ltr'>δὲ</span> <span class='ocrx_word' id='word_1_703' title='bbox 2288 3728 2394 3782; x_wconf 78' lang='grc' dir='ltr'>ὑπὸ</span> <span class='ocrx_word' id='word_1_704' title='bbox 2412 3728 2732 3792; x_wconf 85' lang='grc' dir='ltr'>δυναστείας</span> <span class='ocrx_word' id='word_1_705' title='bbox 2761 3728 2824 3782; x_wconf 86' lang='lat'>10</span> <span class='ocrx_word' id='word_1_706' title='bbox 2852 3728 3057 3781; x_wconf 85' lang='grc' dir='ltr'>δίκαιον</span> <span class='ocrx_word' id='word_1_707' title='bbox 3083 3725 3499 3781; x_wconf 86' lang='grc' dir='ltr'>ἀπελαύνεσθαι.</span> <span class='ocrx_word' id='word_1_708' title='bbox 3533 3727 3645 3781; x_wconf 77' lang='grc' dir='ltr'>Καὶ</span> <span class='ocrx_word' id='word_1_709' title='bbox 3671 3726 3787 3797; x_wconf 80' lang='grc' dir='ltr'>γάρ</span> 
     </span>
    </p>
   </div>
   <div class='ocr_carea' id='block_1_97' title="bbox 2200 3816 3785 3893">
    <p class='ocr_par' dir='ltr' id='par_1_97' title="bbox 2200 3816 3785 3893">
     <span class='ocr_line' id='line_1_98' title="bbox 2200 3816 3785 3893; baseline -0.003 -18"><span class='ocrx_word' id='word_1_710' title='bbox 2200 3816 2319 3876; x_wconf 79' lang='grc' dir='ltr'>οἷδά</span> <span class='ocrx_word' id='word_1_711' title='bbox 2359 3838 2452 3875; x_wconf 91' lang='grc' dir='ltr'>σου</span> <span class='ocrx_word' id='word_1_712' title='bbox 2484 3822 2584 3892; x_wconf 79' lang='grc' dir='ltr'>τὴν</span> <span class='ocrx_word' id='word_1_713' title='bbox 2632 3820 2963 3893; x_wconf 73' lang='grc' dir='ltr'>παρρησίαν,</span> <span class='ocrx_word' id='word_1_714' title='bbox 3003 3820 3105 3892; x_wconf 77' lang='grc' dir='ltr'>τὴν</span> <span class='ocrx_word' id='word_1_715' title='bbox 3147 3817 3650 3891; x_wconf 75' lang='grc' dir='ltr'>έλευθεροστομίαν,</span> <span class='ocrx_word' id='word_1_716' title='bbox 3679 3816 3785 3890; x_wconf 70' lang='grc' dir='ltr'>τῆς</span> 
     </span>
    </p>
   </div>
   <div class='ocr_carea' id='block_1_98' title="bbox 2201 3906 3787 3980">
    <p class='ocr_par' dir='ltr' id='par_1_98' title="bbox 2201 3906 3787 3980">
     <span class='ocr_line' id='line_1_99' title="bbox 2201 3906 3787 3980; baseline -0.003 -15"><span class='ocrx_word' id='word_1_717' title='bbox 2201 3908 2439 3974; x_wconf 89' lang='grc' dir='ltr'>διανοίας</span> <span class='ocrx_word' id='word_1_718' title='bbox 2476 3909 2539 3963; x_wconf 88' lang='lat'>10</span> <span class='ocrx_word' id='word_1_719' title='bbox 2569 3908 2722 3979; x_wconf 77' lang='grc' dir='ltr'>ὕψος,</span> <span class='ocrx_word' id='word_1_720' title='bbox 2765 3909 2867 3980; x_wconf 84' lang='grc' dir='ltr'>τὴν</span> <span class='ocrx_word' id='word_1_721' title='bbox 2897 3908 3008 3961; x_wconf 89' lang='grc' dir='ltr'>τῶν</span> <span class='ocrx_word' id='word_1_722' title='bbox 3041 3907 3313 3978; x_wconf 84' lang='grc' dir='ltr'>βιωτικῶν</span> <span class='ocrx_word' id='word_1_723' title='bbox 3350 3906 3676 3979; x_wconf 87' lang='grc' dir='ltr'>ὑπεροψίαν,</span> <span class='ocrx_word' id='word_1_724' title='bbox 3722 3907 3787 3961; x_wconf 75' lang='lat'>10</span> 
     </span>
    </p>
   </div>
   <div class='ocr_carea' id='block_1_99' title="bbox 2208 3992 3785 4073">
    <p class='ocr_par' dir='ltr' id='par_1_99' title="bbox 2208 3992 3785 4073">
     <span class='ocr_line' id='line_1_100' title="bbox 2208 3992 3785 4073; baseline -0.001 -19"><span class='ocrx_word' id='word_1_725' title='bbox 2208 4001 2593 4073; x_wconf 86' lang='grc' dir='ltr'>μισοπόνηρον,</span> <span class='ocrx_word' id='word_1_726' title='bbox 2640 4001 2704 4055; x_wconf 83' lang='lat'>10</span> <span class='ocrx_word' id='word_1_727' title='bbox 2745 4000 2976 4071; x_wconf 71' lang='grc' dir='ltr'>ἥμερον.</span> <span class='ocrx_word' id='word_1_728' title='bbox 3026 3999 3087 4053; x_wconf 83' lang='grc' dir='ltr'>τὸ</span> <span class='ocrx_word' id='word_1_729' title='bbox 3125 3999 3532 4071; x_wconf 88' lang='grc' dir='ltr'>φιλάνθρωπον,</span> <span class='ocrx_word' id='word_1_730' title='bbox 3570 3992 3633 4053; x_wconf 77' lang='grc' dir='ltr'>οῦ</span> <span class='ocrx_word' id='word_1_731' title='bbox 3672 3999 3785 4068; x_wconf 80' lang='grc' dir='ltr'>μό-</span> 
     </span>
    </p>
   </div>
   <div class='ocr_carea' id='block_1_100' title="bbox 2202 4085 3783 4163">
    <p class='ocr_par' dir='ltr' id='par_1_100' title="bbox 2202 4085 3783 4163">
     <span class='ocr_line' id='line_1_101' title="bbox 2202 4085 3783 4163; baseline -0.001 -17"><span class='ocrx_word' id='word_1_732' title='bbox 2202 4093 2361 4148; x_wconf 89' lang='grc' dir='ltr'>λιστα</span> <span class='ocrx_word' id='word_1_733' title='bbox 2389 4094 2609 4163; x_wconf 85' lang='grc' dir='ltr'>άρχοντι</span> <span class='ocrx_word' id='word_1_734' title='bbox 2641 4092 2740 4146; x_wconf 84' lang='grc' dir='ltr'>δεῖ.</span> <span class='ocrx_word' id='word_1_735' title='bbox 2767 4091 2859 4144; x_wconf 75' lang='grc' dir='ltr'>Διὸ</span> <span class='ocrx_word' id='word_1_736' title='bbox 2904 4091 3127 4145; x_wconf 86' lang='grc' dir='ltr'>κάκεῖνο</span> <span class='ocrx_word' id='word_1_737' title='bbox 3159 4085 3278 4145; x_wconf 77' lang='grc' dir='ltr'>οἶδα</span> <span class='ocrx_word' id='word_1_738' title='bbox 3327 4090 3536 4161; x_wconf 80' lang='grc' dir='ltr'>σαφῶς,</span> <span class='ocrx_word' id='word_1_739' title='bbox 3563 4091 3648 4144; x_wconf 84' lang='grc' dir='ltr'>ὅτι</span> <span class='ocrx_word' id='word_1_740' title='bbox 3695 4088 3783 4145; x_wconf 80' lang='grc' dir='ltr'>λι-</span> 
     </span>
    </p>
   </div>
   <div class='ocr_carea' id='block_1_101' title="bbox 2207 4180 3785 4259">
    <p class='ocr_par' dir='ltr' id='par_1_101' title="bbox 2207 4180 3785 4259">
     <span class='ocr_line' id='line_1_102' title="bbox 2207 4180 3785 4259; baseline -0.003 -20"><span class='ocrx_word' id='word_1_741' title='bbox 2207 4185 2312 4257; x_wconf 78' lang='grc' dir='ltr'>μὴν</span> <span class='ocrx_word' id='word_1_742' title='bbox 2347 4184 2447 4259; x_wconf 75' lang='grc' dir='ltr'>ἔσῃ</span> <span class='ocrx_word' id='word_1_743' title='bbox 2473 4183 2582 4239; x_wconf 90' lang='grc' dir='ltr'>τῶν</span> <span class='ocrx_word' id='word_1_744' title='bbox 2625 4182 3027 4252; x_wconf 87' lang='grc' dir='ltr'>ναυαγούντων,</span> <span class='ocrx_word' id='word_1_745' title='bbox 3064 4180 3336 4254; x_wconf 85' lang='grc' dir='ltr'>βακτηρία</span> <span class='ocrx_word' id='word_1_746' title='bbox 3370 4181 3479 4235; x_wconf 84' lang='grc' dir='ltr'>τῶν</span> <span class='ocrx_word' id='word_1_747' title='bbox 3522 4181 3619 4235; x_wconf 71' lang='lat'><strong>11:1</strong></span> <span class='ocrx_word' id='word_1_748' title='bbox 3649 4181 3785 4249; x_wconf 69' lang='grc' dir='ltr'>γόνυ</span> 
     </span>
    </p>
   </div>
   <div class='ocr_carea' id='block_1_102' title="bbox 2203 4272 3786 4347">
    <p class='ocr_par' dir='ltr' id='par_1_102' title="bbox 2203 4272 3786 4347">
     <span class='ocr_line' id='line_1_103' title="bbox 2203 4272 3786 4347; baseline -0.003 -15"><span class='ocrx_word' id='word_1_749' title='bbox 2203 4276 2513 4341; x_wconf 76' lang='grc' dir='ltr'>κλιθέντων,</span> <span class='ocrx_word' id='word_1_750' title='bbox 2550 4274 2757 4347; x_wconf 74' lang='grc' dir='ltr'>πύργος</span> <span class='ocrx_word' id='word_1_751' title='bbox 2784 4273 2893 4327; x_wconf 90' lang='grc' dir='ltr'>τῶν</span> <span class='ocrx_word' id='word_1_752' title='bbox 2917 4274 3022 4327; x_wconf 81' lang='grc' dir='ltr'>ὑπὸ</span> <span class='ocrx_word' id='word_1_753' title='bbox 3052 4273 3371 4337; x_wconf 85' lang='grc' dir='ltr'>δυναστείας</span> <span class='ocrx_word' id='word_1_754' title='bbox 3398 4272 3585 4327; x_wconf 86' lang='grc' dir='ltr'>ἀδίκου</span> <span class='ocrx_word' id='word_1_755' title='bbox 3621 4272 3786 4328; x_wconf 85' lang='grc' dir='ltr'>πολε-</span> 
     </span>
    </p>
   </div>
   <div class='ocr_carea' id='block_1_103' title="bbox 2205 4364 3819 4442">
    <p class='ocr_par' dir='ltr' id='par_1_103' title="bbox 2205 4364 3819 4442">
     <span class='ocr_line' id='line_1_104' title="bbox 2205 4364 3819 4442; baseline -0.002 -18"><span class='ocrx_word' id='word_1_756' title='bbox 2205 4369 2519 4442; x_wconf 60' lang='grc' dir='ltr'>μουμένων</span> <span class='ocrx_word' id='word_1_757' title='bbox 2561 4368 2657 4421; x_wconf 86' lang='lat'><strong>1:01</strong></span> <span class='ocrx_word' id='word_1_758' title='bbox 2689 4366 2789 4439; x_wconf 74' lang='grc' dir='ltr'>ἔσῃ</span> <span class='ocrx_word' id='word_1_759' title='bbox 2828 4366 3003 4420; x_wconf 83' lang='grc' dir='ltr'>ταῦτα</span> <span class='ocrx_word' id='word_1_760' title='bbox 3038 4365 3254 4437; x_wconf 71' lang='grc' dir='ltr'>ῥᾳδίως.</span> <span class='ocrx_word' id='word_1_761' title='bbox 3292 4364 3427 4419; x_wconf 77' lang='grc' dir='ltr'><strong>Οὐδὲ</strong></span> <span class='ocrx_word' id='word_1_762' title='bbox 3466 4365 3577 4436; x_wconf 88' lang='grc' dir='ltr'>γάρ</span> <span class='ocrx_word' id='word_1_763' title='bbox 3614 4366 3784 4420; x_wconf 86' lang='grc' dir='ltr'>πόνου</span> <span class='ocrx_word' id='word_1_764' title='bbox 3806 4376 3819 4381; x_wconf 90' lang='grc'><strong><em>“</em></strong></span> 
     </span>
    </p>
   </div>
   <div class='ocr_carea' id='block_1_104' title="bbox 2205 4454 3786 4528">
    <p class='ocr_par' dir='ltr' id='par_1_104' title="bbox 2205 4454 3786 4528">
     <span class='ocr_line' id='line_1_105' title="bbox 2205 4454 3786 4528; baseline -0.006 -13"><span class='ocrx_word' id='word_1_765' title='bbox 2205 4478 2289 4515; x_wconf 89' lang='grc' dir='ltr'>σοι</span> <span class='ocrx_word' id='word_1_766' title='bbox 2326 4460 2438 4521; x_wconf 82' lang='grc' dir='ltr'>δεῖ,</span> <span class='ocrx_word' id='word_1_767' title='bbox 2476 4458 2597 4513; x_wconf 77' lang='grc' dir='ltr'>οὑδὲ</span> <span class='ocrx_word' id='word_1_768' title='bbox 2649 4456 2888 4528; x_wconf 85' lang='grc' dir='ltr'>ίδρῶτος,</span> <span class='ocrx_word' id='word_1_769' title='bbox 2928 4457 3050 4510; x_wconf 76' lang='grc' dir='ltr'>οὑδὲ</span> <span class='ocrx_word' id='word_1_770' title='bbox 3095 4455 3288 4526; x_wconf 86' lang='grc' dir='ltr'>χρόνου</span> <span class='ocrx_word' id='word_1_771' title='bbox 3325 4454 3542 4527; x_wconf 79' lang='grc' dir='ltr'>μακροῦ</span> <span class='ocrx_word' id='word_1_772' title='bbox 3588 4457 3671 4519; x_wconf 87' lang='grc' dir='ltr'>εἰς</span> <span class='ocrx_word' id='word_1_773' title='bbox 3718 4456 3786 4510; x_wconf 65' lang='grc' dir='ltr'>τὸ</span> 
     </span>
    </p>
   </div>
   <div class='ocr_carea' id='block_1_105' title="bbox 2204 4546 3785 4623">
    <p class='ocr_par' dir='ltr' id='par_1_105' title="bbox 2204 4546 3785 4623">
     <span class='ocr_line' id='line_1_106' title="bbox 2204 4546 3785 4623; baseline -0.004 -17"><span class='ocrx_word' id='word_1_774' title='bbox 2204 4550 2499 4623; x_wconf 89' lang='grc' dir='ltr'>κατορθοῦν</span> <span class='ocrx_word' id='word_1_775' title='bbox 2528 4550 2724 4604; x_wconf 90' lang='grc' dir='ltr'>ταῦτα·</span> <span class='ocrx_word' id='word_1_776' title='bbox 2762 4547 2877 4602; x_wconf 87' lang='grc' dir='ltr'>ἀλλ’</span> <span class='ocrx_word' id='word_1_777' title='bbox 2916 4546 3107 4619; x_wconf 83' lang='grc' dir='ltr'>ῶσπερ</span> <span class='ocrx_word' id='word_1_778' title='bbox 3133 4549 3162 4602; x_wconf 90' lang='lat'>0</span> <span class='ocrx_word' id='word_1_779' title='bbox 3192 4547 3341 4617; x_wconf 79' lang='grc' dir='ltr'>ἥλιος</span> <span class='ocrx_word' id='word_1_780' title='bbox 3387 4546 3523 4618; x_wconf 76' lang='grc' dir='ltr'>ὁμοῦ</span> <span class='ocrx_word' id='word_1_781' title='bbox 3554 4564 3615 4601; x_wconf 87' lang='grc' dir='ltr'>τε</span> <span class='ocrx_word' id='word_1_782' title='bbox 3649 4549 3785 4617; x_wconf 83' lang='grc' dir='ltr'>φαί-</span> 
     </span>
    </p>
   </div>
   <div class='ocr_carea' id='block_1_106' title="bbox 2203 4638 3787 4709">
    <p class='ocr_par' dir='ltr' id='par_1_106' title="bbox 2203 4638 3787 4709">
     <span class='ocr_line' id='line_1_107' title="bbox 2203 4638 3787 4709; baseline -0.001 -13"><span class='ocrx_word' id='word_1_783' title='bbox 2203 4660 2380 4706; x_wconf 87' lang='grc' dir='ltr'>νεται,</span> <span class='ocrx_word' id='word_1_784' title='bbox 2424 4641 2517 4697; x_wconf 84' lang='lat'><strong>1:01</strong></span> <span class='ocrx_word' id='word_1_785' title='bbox 2559 4641 2735 4695; x_wconf 83' lang='grc' dir='ltr'>πάντα</span> <span class='ocrx_word' id='word_1_786' title='bbox 2771 4638 2887 4693; x_wconf 88' lang='grc' dir='ltr'>λύει</span> <span class='ocrx_word' id='word_1_787' title='bbox 2925 4638 3126 4709; x_wconf 72' lang='grc' dir='ltr'>ζόφονσ</span> <span class='ocrx_word' id='word_1_788' title='bbox 3168 4638 3312 4692; x_wconf 74' lang='grc' dir='ltr'>οὕτω</span> <span class='ocrx_word' id='word_1_789' title='bbox 3352 4638 3446 4692; x_wconf 89' lang='lat'><strong>1:01</strong></span> <span class='ocrx_word' id='word_1_790' title='bbox 3481 4639 3644 4704; x_wconf 79' lang='grc' dir='ltr'>αὐτὸς</span> <span class='ocrx_word' id='word_1_791' title='bbox 3684 4641 3787 4695; x_wconf 71' lang='grc' dir='ltr'>ἐπὶ</span> 
     </span>
    </p>
   </div>
   <div class='ocr_carea' id='block_1_107' title="bbox 2201 4727 3785 4803">
    <p class='ocr_par' dir='ltr' id='par_1_107' title="bbox 2201 4727 3785 4803">
     <span class='ocr_line' id='line_1_108' title="bbox 2201 4727 3785 4803; baseline -0.001 -18"><span class='ocrx_word' id='word_1_792' title='bbox 2201 4732 2296 4786; x_wconf 91' lang='grc' dir='ltr'>τοῦ</span> <span class='ocrx_word' id='word_1_793' title='bbox 2321 4732 2509 4803; x_wconf 86' lang='grc' dir='ltr'>θρόνου</span> <span class='ocrx_word' id='word_1_794' title='bbox 2535 4734 2743 4796; x_wconf 75' lang='grc' dir='ltr'>φανεὶς,</span> <span class='ocrx_word' id='word_1_795' title='bbox 2765 4727 2824 4785; x_wconf 80' lang='grc' dir='ltr'>εὖ</span> <span class='ocrx_word' id='word_1_796' title='bbox 2846 4727 2940 4785; x_wconf 72' lang='grc' dir='ltr'>οἷδ’</span> <span class='ocrx_word' id='word_1_797' title='bbox 2966 4731 3048 4785; x_wconf 86' lang='grc' dir='ltr'>ὃτι</span> <span class='ocrx_word' id='word_1_798' title='bbox 3078 4732 3142 4783; x_wconf 76' lang='grc' dir='ltr'>ὲκ</span> <span class='ocrx_word' id='word_1_799' title='bbox 3168 4728 3392 4801; x_wconf 83' lang='grc' dir='ltr'>πρώτης</span> <span class='ocrx_word' id='word_1_800' title='bbox 3419 4729 3785 4799; x_wconf 80' lang='grc' dir='ltr'>ήμέραςτούς</span> 
     </span>
    </p>
   </div>
   <div class='ocr_carea' id='block_1_108' title="bbox 2202 4816 3859 4894">
    <p class='ocr_par' dir='ltr' id='par_1_108' title="bbox 2202 4816 3859 4894">
     <span class='ocr_line' id='line_1_109' title="bbox 2202 4816 3859 4894; baseline -0.001 -17"><span class='ocrx_word' id='word_1_801' title='bbox 2202 4841 2261 4877; x_wconf 82' lang='grc' dir='ltr'>τε</span> <span class='ocrx_word' id='word_1_802' title='bbox 2290 4825 2494 4877; x_wconf 88' lang='grc' dir='ltr'>ἀδικεῖν</span> <span class='ocrx_word' id='word_1_803' title='bbox 2526 4821 2936 4894; x_wconf 67' lang='grc' dir='ltr'>ἐπιχειροῦντας</span> <span class='ocrx_word' id='word_1_804' title='bbox 2964 4822 3296 4886; x_wconf 84' lang='grc' dir='ltr'>ἀνέστειλας,</span> <span class='ocrx_word' id='word_1_805' title='bbox 3323 4822 3448 4883; x_wconf 83' lang='grc' dir='ltr'>τούς</span> <span class='ocrx_word' id='word_1_806' title='bbox 3478 4836 3540 4872; x_wconf 87' lang='grc' dir='ltr'>τε</span> <span class='ocrx_word' id='word_1_807' title='bbox 3562 4820 3785 4876; x_wconf 79' lang='grc' dir='ltr'>ἀδικου-</span> <span class='ocrx_word' id='word_1_808' title='bbox 3854 4816 3859 4819; x_wconf 63' lang='grc'><strong>’</strong></span> 
     </span>
    </p>
   </div>
   <div class='ocr_carea' id='block_1_109' title="bbox 2206 4914 3782 4987">
    <p class='ocr_par' dir='ltr' id='par_1_109' title="bbox 2206 4914 3782 4987">
     <span class='ocr_line' id='line_1_110' title="bbox 2206 4914 3782 4987; baseline 0.01 -26"><span class='ocrx_word' id='word_1_809' title='bbox 2206 4916 2419 4987; x_wconf 76' lang='grc' dir='ltr'>μένους,</span> <span class='ocrx_word' id='word_1_810' title='bbox 2443 4916 2533 4970; x_wconf 68' lang='grc' dir='ltr'>καὶ</span> <span class='ocrx_word' id='word_1_811' title='bbox 2565 4918 2692 4985; x_wconf 79' lang='grc' dir='ltr'>πρὶν</span> <span class='ocrx_word' id='word_1_812' title='bbox 2715 4918 2794 4979; x_wconf 89' lang='grc' dir='ltr'>εἰς</span> <span class='ocrx_word' id='word_1_813' title='bbox 2821 4916 2882 4969; x_wconf 87' lang='lat'>10</span> <span class='ocrx_word' id='word_1_814' title='bbox 2901 4916 3248 4986; x_wconf 87' lang='grc' dir='ltr'>δικαστήριον</span> <span class='ocrx_word' id='word_1_815' title='bbox 3277 4914 3561 4979; x_wconf 85' lang='grc' dir='ltr'>εἰσελθεῖν,</span> <span class='ocrx_word' id='word_1_816' title='bbox 3589 4914 3782 4986; x_wconf 73' lang='grc' dir='ltr'>πάσης</span> 
     </span>
    </p>
   </div>
   <div class='ocr_carea' id='block_1_110' title="bbox 2205 5002 3784 5076">
    <p class='ocr_par' dir='ltr' id='par_1_110' title="bbox 2205 5002 3784 5076">
     <span class='ocr_line' id='line_1_111' title="bbox 2205 5002 3784 5076; baseline -0.001 -19"><span class='ocrx_word' id='word_1_817' title='bbox 2205 5006 2466 5076; x_wconf 71' lang='grc' dir='ltr'>ὲπηρείας</span> <span class='ocrx_word' id='word_1_818' title='bbox 2516 5003 2865 5072; x_wconf 73' lang='grc' dir='ltr'>ἀπήλλαξαςο</span> <span class='ocrx_word' id='word_1_819' title='bbox 2915 5004 3010 5057; x_wconf 87' lang='lat'><strong>1:01</strong></span> <span class='ocrx_word' id='word_1_820' title='bbox 3051 5005 3283 5075; x_wconf 73' lang='grc' dir='ltr'>ῆρκεσεν</span> <span class='ocrx_word' id='word_1_821' title='bbox 3324 5006 3404 5067; x_wconf 89' lang='grc' dir='ltr'>εἰς</span> <span class='ocrx_word' id='word_1_822' title='bbox 3444 5004 3543 5075; x_wconf 71' lang='grc' dir='ltr'>τὴν</span> <span class='ocrx_word' id='word_1_823' title='bbox 3584 5002 3784 5058; x_wconf 85' lang='grc' dir='ltr'>τούτου</span> 
     </span>
    </p>
   </div>
   <div class='ocr_carea' id='block_1_111' title="bbox 2202 5092 3786 5165">
    <p class='ocr_par' dir='ltr' id='par_1_111' title="bbox 2202 5092 3786 5165">
     <span class='ocr_line' id='line_1_112' title="bbox 2202 5092 3786 5165; baseline 0.001 -18"><span class='ocrx_word' id='word_1_824' title='bbox 2202 5094 2485 5165; x_wconf 85' lang='grc' dir='ltr'>διόρθωσιν</span> <span class='ocrx_word' id='word_1_825' title='bbox 2514 5096 2547 5165; x_wconf 87' lang='grc' dir='ltr'>ή</span> <span class='ocrx_word' id='word_1_826' title='bbox 2578 5094 2676 5165; x_wconf 86' lang='grc' dir='ltr'>τῆς</span> <span class='ocrx_word' id='word_1_827' title='bbox 2710 5093 3000 5163; x_wconf 85' lang='grc' dir='ltr'>φιλοσόφου</span> <span class='ocrx_word' id='word_1_828' title='bbox 3032 5110 3124 5146; x_wconf 89' lang='grc' dir='ltr'>σου</span> <span class='ocrx_word' id='word_1_829' title='bbox 3163 5092 3342 5164; x_wconf 81' lang='grc' dir='ltr'>ψυχῆς</span> <span class='ocrx_word' id='word_1_830' title='bbox 3368 5094 3657 5164; x_wconf 81' lang='grc' dir='ltr'>ὑπόληψις.</span> <span class='ocrx_word' id='word_1_831' title='bbox 3683 5097 3786 5148; x_wconf 81' lang='grc' dir='ltr'>Διά</span> 
     </span>
    </p>
   </div>
   <div class='ocr_carea' id='block_1_112' title="bbox 2202 5184 3788 5258">
    <p class='ocr_par' dir='ltr' id='par_1_112' title="bbox 2202 5184 3788 5258">
     <span class='ocr_line' id='line_1_113' title="bbox 2202 5184 3788 5258; baseline -0.002 -20"><span class='ocrx_word' id='word_1_832' title='bbox 2202 5184 2375 5239; x_wconf 90' lang='grc' dir='ltr'>ταῦτα</span> <span class='ocrx_word' id='word_1_833' title='bbox 2404 5184 2579 5238; x_wconf 86' lang='grc' dir='ltr'>καίτοι</span> <span class='ocrx_word' id='word_1_834' title='bbox 2604 5186 2662 5238; x_wconf 78' lang='grc' dir='ltr'>ἐν</span> <span class='ocrx_word' id='word_1_835' title='bbox 2690 5185 2895 5258; x_wconf 71' lang='grc' dir='ltr'>ἰρημίᾳ</span> <span class='ocrx_word' id='word_1_836' title='bbox 2932 5184 3263 5255; x_wconf 86' lang='grc' dir='ltr'>καθήμενος,</span> <span class='ocrx_word' id='word_1_837' title='bbox 3291 5185 3386 5238; x_wconf 80' lang='grc' dir='ltr'>καὶ</span> <span class='ocrx_word' id='word_1_838' title='bbox 3414 5184 3638 5249; x_wconf 75' lang='grc' dir='ltr'>πολλαῖς</span> <span class='ocrx_word' id='word_1_839' title='bbox 3666 5202 3788 5238; x_wconf 79' lang='lat' dir='ltr'><strong>00v-</strong></span> 
     </span>
    </p>
   </div>
   <div class='ocr_carea' id='block_1_113' title="bbox 2205 5276 3782 5353">
    <p class='ocr_par' dir='ltr' id='par_1_113' title="bbox 2205 5276 3782 5353">
     <span class='ocr_line' id='line_1_114' title="bbox 2205 5276 3782 5353; baseline -0.001 -23"><span class='ocrx_word' id='word_1_840' title='bbox 2205 5277 2475 5348; x_wconf 82' lang='grc' dir='ltr'>εχὸμενος</span> <span class='ocrx_word' id='word_1_841' title='bbox 2493 5278 2864 5345; x_wconf 83' lang='grc' dir='ltr'>περιστάσεσι,</span> <span class='ocrx_word' id='word_1_842' title='bbox 2893 5276 3095 5353; x_wconf 82' lang='grc' dir='ltr'>πολλῆς</span> <span class='ocrx_word' id='word_1_843' title='bbox 3119 5277 3274 5347; x_wconf 79' lang='grc' dir='ltr'>γέμω</span> <span class='ocrx_word' id='word_1_844' title='bbox 3294 5277 3394 5344; x_wconf 85' lang='grc' dir='ltr'>τῆς</span> <span class='ocrx_word' id='word_1_845' title='bbox 3419 5276 3782 5345; x_wconf 82' lang='grc' dir='ltr'>εὐφροσύνης,</span> 
     </span>
    </p>
   </div>
   <div class='ocr_carea' id='block_1_114' title="bbox 2204 5352 3784 5441">
    <p class='ocr_par' dir='ltr' id='par_1_114' title="bbox 2204 5352 3784 5441">
     <span class='ocr_line' id='line_1_115' title="bbox 2204 5352 3784 5441; baseline 0.002 -22"><span class='ocrx_word' id='word_1_846' title='bbox 2204 5366 2478 5441; x_wconf 75' lang='grc' dir='ltr'>ἡμετέραν</span> <span class='ocrx_word' id='word_1_847' title='bbox 2522 5366 2712 5438; x_wconf 83' lang='grc' dir='ltr'>ἡδονὴν</span> <span class='ocrx_word' id='word_1_848' title='bbox 2758 5368 2858 5439; x_wconf 78' lang='grc' dir='ltr'>τὴν</span> <span class='ocrx_word' id='word_1_849' title='bbox 2894 5352 3003 5421; x_wconf 61' lang='grc' dir='ltr'>τῶν</span> <span class='ocrx_word' id='word_1_850' title='bbox 3046 5367 3417 5437; x_wconf 78' lang='grc' dir='ltr'>ἀδικουμένων</span> <span class='ocrx_word' id='word_1_851' title='bbox 3460 5365 3784 5440; x_wconf 79' lang='grc' dir='ltr'>συμμαχίαν</span> 
     </span>
    </p>
   </div>
   <div class='ocr_carea' id='block_1_115' title="bbox 2206 5463 2521 5534">
    <p class='ocr_par' dir='ltr' id='par_1_115' title="bbox 2206 5463 2521 5534">
     <span class='ocr_line' id='line_1_116' title="bbox 2206 5463 2521 5534; baseline 0.003 -18"><span class='ocrx_word' id='word_1_852' title='bbox 2206 5463 2521 5534; x_wconf 71' lang='grc' dir='ltr'>ἡγούμενος.</span> 
     </span>
    </p>
   </div>
   <div class='ocr_carea' id='block_1_116' title="bbox 2269 5601 2885 5658">
    <p class='ocr_par' dir='ltr' id='par_1_116' title="bbox 2269 5601 2885 5658">
     <span class='ocr_line' id='line_1_117' title="bbox 2269 5601 2885 5658; baseline -0.01 -6"><span class='ocrx_word' id='word_1_853' title='bbox 2269 5609 2280 5629; x_wconf 87' lang='lat'>‘</span> <span class='ocrx_word' id='word_1_854' title='bbox 2306 5601 2491 5652; x_wconf 67' lang='lat' dir='ltr'>Fabri:</span> <span class='ocrx_word' id='word_1_855' title='bbox 2518 5601 2885 5658; x_wconf 73' lang='grc' dir='ltr'>ἀνακτήσασθαι.</span> 
     </span>
    </p>
   </div>
   <div class='ocr_carea' id='block_1_117' title="bbox 2640 5678 2661 5699">
    <p class='ocr_par' dir='ltr' id='par_1_117' title="bbox 2640 5678 2661 5699">
     <span class='ocr_line' id='line_1_118' title="bbox 2640 5678 2661 5699; baseline 0 0"><span class='ocrx_word' id='word_1_856' title='bbox 2640 5678 2661 5699; x_wconf 87' lang='lat'>\</span> 
     </span>
    </p>
   </div>
  </div>
