4076 6428
1744 391 2118 452 EPISTOLE.
3490 384 3601 441 678

1992 507 2074 562 sui
2107 503 2349 560 muneris
2370 508 2528 558 erant
2553 499 2970 571 exsequebatur.
3000 497 3129 555 lisse
3163 495 3326 569 igitur
3367 500 3548 559 omnia
3577 543 3593 570 ,

1991 597 2202 668 aliaque
2229 595 2281 651 id
2303 609 2473 666 genus
2503 593 2687 649 animo
2707 591 3009 656 volventes,
3029 599 3090 646 ut
3113 607 3209 647 vos
3220 591 3334 662 jam
3347 590 3595 648 hortatus

1992 705 2134 758 sum,
2167 689 2306 744 firmi
2333 695 2498 759 atque
2519 685 2824 742 immobiles
2869 693 3010 740 state
3030 727 3045 751 ,
3075 694 3130 741 et
3153 700 3185 740 a
3215 684 3613 743 fraudibusca-

285 419 390 476 ϐπ

281 534 359 594 ob
383 539 634 592 exortum
664 523 946 584 tumultum
973 522 1026 577 in
1066 515 1308 576 fraudem
1339 511 1598 584 impellat,
1623 507 1886 565 adducat—

290 643 420 700 qne,
452 634 510 681 ut
533 619 862 679 Phoenicium
890 610 1206 682 relinquatis
1238 650 1254 676 ,
1294 622 1361 662 ex
1383 618 1556 674 eaque
1571 598 1844 700 secedatis
1870 614 1884 650 :

285 692 416 789 quin
446 715 642 787 potius,
664 723 772 782 quo
787 709 966 779 plures
990 700 1333 760 difﬁcultates
1359 695 1510 789 vobis
1535 692 1884 764 objiciuntur,

285 784 674 877 gravioresque
696 799 888 854 ﬂuctus
912 809 977 850 ac
1003 792 1174 862 major
1205 784 1559 860 perturbatio,
1585 795 1653 838 eo
1676 785 1890 877 quoque

285 871 622 958 constantius
674 889 930 948 laboretis
957 929 973 955 ,
1032 881 1311 942 excubctis
1338 921 1357 948 ,
1407 877 1670 948 majorem
1724 871 1889 928 animi

291 985 768 1062 pmmptitudinem
798 976 1098 1038 adbibeatis
1121 1016 1138 1044 ,
1164 983 1226 1030 ut
1253 987 1320 1028 ne
1349 963 1759 1043 praeclarissima
1784 977 1892 1062 ’νο-

288 1053 398 1141 stra
425 1053 753 1138 substructio
778 1080 1018 1138 corruat,
1047 1083 1145 1126 nec
1174 1073 1353 1123 tantus
1372 1069 1552 1118 vester
1585 1058 1738 1114 labor
1779 1053 1892 1110 fru-

285 1186 379 1231 ctu
403 1179 606 1236 careat,
634 1174 990 1237 susceptaque
1019 1161 1073 1218 in
1102 1158 1397 1214 animarum
1422 1152 1569 1210 cultu
1602 1164 1766 1221 opera
1790 1147 1888 1203 de-

290 1269 483 1323 leatur.
512 1265 696 1318 Potest
723 1259 869 1314 enim
901 1256 1041 1310 Deus
1068 1261 1126 1308 et
1156 1251 1297 1304 hunc
1326 1245 1612 1302 tumultum
1658 1241 1851 1297 sedare
1871 1282 1887 1303 ,

1995 792 2135 847 veto,
2169 781 2267 836 Dei
2290 793 2447 848 opem
2474 786 2638 848 atque
2662 777 2944 844 auxilium,
2963 777 3047 831 cui
3071 775 3204 832 nihil
3233 790 3472 847 paresne
3502 791 3608 848 po-

1995 881 2100 928 test
2130 913 2147 940 ,
2185 878 2599 941 exspectantes:
2627 883 2692 924 ac
2715 867 2784 923 de
2811 867 3065 924 omnibus
3088 866 3172 922 his
3202 865 3368 923 rebus
3390 908 3407 936 ,
3438 876 3497 924 ut
3515 883 3596 925 rc-

1995 959 2253 1037 sponsum
2279 978 2310 1018 a
2342 962 2492 1018 vobis
2516 960 2778 1028 feramus,
2800 969 3006 1016 curate.
3043 958 3155 1015 llac
3177 958 3324 1014 enim
3344 957 3411 1014 de
3436 972 3600 1016 causa

1994 1060 2158 1115 etiam
2207 1057 2468 1114 Joannem
2515 1053 2982 1126 religiosissimum
3025 1054 3400 1124 presbyterum
3451 1053 3599 1110 misi-

1995 1166 2137 1218 mus,
2166 1158 2225 1206 ut
2247 1164 2344 1205 vos
2367 1147 2687 1204 cohortetur
2715 1187 2732 1214 ,
2765 1160 2867 1202 nec
2893 1160 2989 1201 vos
3017 1159 3049 1200 a
3075 1159 3346 1216 quoquam
3380 1152 3599 1216 pertur-

1996 1243 2112 1299 bari
2140 1241 2303 1298 sinat.
2335 1238 2597 1310 Equidem
2642 1237 2759 1308 ipse
2780 1275 2797 1302 ,
2850 1235 2996 1307 quod
3039 1235 3147 1292 mci
3177 1234 3417 1292 muneris
3443 1241 3563 1292 erat
3595 1275 3610 1301 .

1999 1334 2242 1406 praestiti,
2279 1341 2392 1389 tum
2419 1346 2517 1388 vos
2539 1329 2884 1388 sermonibus
2913 1328 3207 1384 cohortans
3237 1369 3253 1394 ,
3281 1336 3394 1384 tum
3424 1328 3605 1385 consi-

287 1369 346 1415 et
364 1353 637 1428 patientiae
680 1347 987 1422 mercedem
1026 1341 1179 1398 vobis
1216 1337 1487 1394 conferre.
1534 1333 1721 1403 Neque
1746 1330 1890 1386 enim

293 1422 441 1506 tanta
470 1445 625 1501 vobis
649 1454 860 1498 merces
883 1435 1177 1494 constituta
1203 1437 1358 1494 erat,
1387 1442 1514 1483 eum
1538 1423 1751 1495 negotia
1775 1422 1895 1478 sine

291 1540 400 1597 ulla
440 1533 757 1594 difﬁcultate
791 1545 860 1585 ac
897 1524 1153 1583 ‘molestia
1194 1518 1622 1579 conﬁciebantur
1647 1555 1664 1582 ,
1694 1520 1894 1585 quanta

294 1645 440 1688 nunc
462 1636 547 1685 est
575 1667 592 1692 ,
622 1639 744 1682 cum
774 1633 968 1691 magna
995 1614 1284 1673 difﬁcultas
1311 1609 1632 1683 proponitur
1661 1649 1678 1675 ,
1705 1607 1896 1677 ingens

294 1717 662 1794 perturbatio,
692 1711 952 1782 multique
981 1704 1306 1764 oﬂ'endiculo
1335 1711 1481 1760 sunt.
1518 1699 1783 1769 Quocirca
1813 1698 1895 1753 la-

293 1815 484 1871 borem
514 1825 640 1867 eum
665 1849 680 1874 ,
711 1818 873 1877 quem
905 1798 1200 1873 pertulistis
1223 1837 1239 1863 ,
1291 1805 1348 1852 et
1395 1806 1692 1850 aerumnam
1733 1803 1896 1861 quam

295 1898 648 1962 sustinuistis,
666 1903 727 1952 et
750 1908 814 1951 ea
837 1933 854 1956 ,
879 1905 1001 1963 qua:
1022 1887 1284 1961 praeclare
1305 1884 1549 1958 gessistis
1573 1921 1589 1949 ,
1621 1881 1896 1937 vobiscum

299 1999 644 2066 reputantes,
671 1984 910 2057 illudque
942 1984 1069 2038 item
1095 2020 1113 2050 ,
1159 1980 1270 2035 Deo
1305 1977 1516 2033 favente
1555 1982 1757 2030 tantam
1787 1972 1899 2043 jam

299 2065 590 2159 impietatis
617 2088 828 2154 partem
856 2092 888 2131 a
913 2074 1066 2132 vobis
1084 2072 1400 2130 exstinctam
1418 2083 1561 2133 esse,
1582 2065 1903 2123 Phoenicia:-

297 2192 405 2251 que
429 2190 521 2233 res
540 2175 593 2230 in
624 2169 817 2228 melius
848 2166 1196 2240 processisse,
1217 2179 1282 2220 ac
1301 2161 1562 2234 majorem
1587 2173 1733 2215 nunc
1760 2173 1903 2213 mer-

297 2248 487 2326 cedem
526 2263 951 2334 amplioremque
999 2255 1494 2315 remunerationem
1541 2252 1695 2306 vobis
1743 2248 1860 2306 fore
1885 2289 1901 2314 ,

298 2360 534 2429 denique
557 2355 723 2411 Deum
746 2348 1127 2423 impedimenta
1140 2360 1352 2419 quoque
1377 2343 1522 2401 brevi
1540 2337 1900 2403 sublaturum.

301 2458 361 2507 et
381 2447 550 2504 multa
576 2443 729 2500 vobis
763 2440 1037 2514 patientia:
1077 2437 1295 2510 praemia
1323 2433 1722 2505 persoluturum
1743 2445 1868 2487 esse
1887 2472 1923 2496 ,.

303 2541 414 2597 illic
442 2552 627 2610 quaeso
650 2542 962 2608 permanete
983 2539 1144 2600 atque
1170 2525 1470 2584 consistite.
1503 2522 1638 2578 Nam
1665 2536 1734 2577 ne
1759 2536 1906 2576 nunc

301 2633 522 2706 quidem
550 2628 702 2684 vobis
726 2625 1017 2699 quidquam
1044 2620 1236 2677 deesse
1265 2624 1474 2690 potest:
1505 2629 1606 2684 ego
1628 2611 1776 2706 enim
1801 2652 1819 2679 ,
1850 2621 1910 2666 ut

304 2704 509 2790 omnia,
541 2731 648 2777 tam
679 2721 732 2775 in
763 2713 1111 2780 indumentis,
1138 2726 1298 2784 quam
1331 2710 1384 2764 in
1417 2704 1824 2772 calceamentis,
1846 2718 1911 2760 ac

307 2817 535 2873 fratrum
562 2811 855 2878 alimentis,
885 2806 1075 2865 eadem
1101 2819 1206 2877 qua
1232 2802 1380 2874 prius
1403 2803 1560 2871 copia
1589 2809 1644 2857 et
1671 2797 1907 2856 alﬂucn-

306 2912 380 2967 tia
401 2907 558 2965 vobis
583 2903 1018 2977 suppeditentur,
1050 2896 1330 2969 imperavi.
1359 2894 1514 2963 Quod
1543 2894 1589 2951 si
1616 2909 1716 2949 nos
1740 2934 1756 2962 ,
1787 2907 1909 2948 cum

303 3004 363 3060 in
408 3008 558 3056 tanta
606 2995 912 3053 calamitate
951 2998 1112 3061 atque
1155 2987 1451 3044 acerbitate
1489 2999 1770 3041 versemur
1795 3023 1812 3051 ,
1853 2997 1918 3038 ac

307 3095 509 3154 Cucusi
534 3091 880 3149 solitudinem
923 3084 1220 3141 incolamus
1249 3121 1264 3147 ,
1305 3088 1506 3135 tantam
1539 3077 1719 3148 operis
1743 3078 1906 3132 vestri

309 3202 497 3244 curam
526 3184 763 3257 gerimus
782 3221 798 3248 ,
846 3178 1019 3235 multo
1061 3189 1192 3231 sane
1239 3170 1408 3243 magis
1437 3184 1534 3225 vos
1559 3168 1722 3225 etiam
1746 3208 1763 3235 ,
1790 3183 1913 3222 cum

311 3277 527 3336 abunde
551 3275 704 3332 vobis
732 3272 912 3330 omnia
941 3275 1233 3340 suppetant
1260 3307 1277 3332 ,
1309 3279 1431 3335 quae
1458 3271 1763 3316 vestrarum
1793 3275 1912 3331 par-

315 3375 447 3430 tium
469 3379 598 3428 sunt
626 3375 882 3439 pmstare
905 3361 1176 3420 convenit.
1205 3358 1357 3428 Rogo
1381 3355 1560 3427 igitur,
1579 3369 1647 3409 ne
1674 3353 1796 3425 quis
1821 3367 1918 3408 vos

317 3471 536 3520 terreat.
569 3460 704 3517 Nam
742 3467 798 3515 et
826 3456 1039 3527 negotia
1078 3451 1358 3508 meliorem
1393 3447 1506 3518 jam
1547 3460 1702 3516 spem
1738 3453 1920 3500 osten-

314 3559 484 3613 dunt:
515 3554 677 3625 idque
703 3552 805 3624 ipsi
831 3566 899 3606 ex
926 3549 1225 3608 literarum,
1257 3559 1379 3614 qua:
1406 3556 1436 3594 a
1463 3537 1918 3596 reverendissimo

315 3649 540 3706 domino
576 3662 698 3702 meo
723 3643 1042 3716 presbytero
1066 3635 1381 3694 Constantio
1411 3633 1591 3688 missae
1622 3641 1749 3688 sunt
1775 3672 1791 3696 .
1824 3647 1921 3687 ex-

318 3741 517 3812 emplis
547 3737 703 3793 facile
729 3732 1058 3806 intelligetis.
1093 3732 1171 3785 Ae
1196 3729 1241 3783 si
1271 3723 1632 3797 pcrmaneatis
1663 3763 1680 3790 ,
1707 3722 1923 3778 etiamsi

320 3839 574 3889 sexcenta
604 3825 986 3900 impedimenta
1009 3820 1341 3882 oboriantur,
1369 3815 1550 3872 omnia
1573 3823 1752 3870 tamen
1778 3812 1928 3869 fran-

322 3926 483 3999 geﬁs.

400 4013 661 4070 Patientia
687 4010 806 4082 rupi
845 4007 1027 4065 similis
1067 4012 1173 4072 est;
1201 4003 1269 4058 ad
1313 4001 1611 4073 patientiam
1648 3999 1882 4052 hortatur
1909 4035 1926 4061 ,

326 4107 674 4182 apostolorum
703 4102 991 4174 exemplum
1014 4111 1324 4171 proponens.
1349 4124 1423 4136 —
1444 4091 1588 4148 Nihil
1615 4090 1815 4161 quippe
1835 4101 1931 4158 pa-

329 4203 568 4261 tientiam
614 4213 677 4256 ac
734 4194 1071 4254 tolerantiam
1118 4204 1333 4262 aequare
1385 4195 1597 4259 potest:
1625 4183 1746 4255 rupi
1786 4182 1930 4238 enim

328 4295 525 4352 similis
545 4301 659 4349 est:
691 4300 881 4347 contra
911 4295 1090 4342 motus
1147 4284 1184 4338 ii
1231 4295 1422 4338 omnes
1462 4291 1649 4349 eaeque
1675 4273 1885 4331 insidiae
1915 4314 1930 4337 ,

331 4403 451 4460 quae
476 4386 733 4442 adversus
764 4380 1062 4438 Ecclesiam
1090 4383 1388 4442 struuntur,
1414 4370 1664 4428 ﬂuctibus
1692 4382 1801 4424 non
1825 4364 1936 4421 dis-

332 4477 541 4534 similes
565 4481 693 4531 sunt
723 4515 740 4539 ,
788 4472 879 4543 qui
910 4469 1028 4540 rupi
1059 4466 1341 4522 illiduntur
1368 4506 1384 4529 ,
1417 4472 1578 4532 atque
1608 4460 1661 4514 in
1688 4470 1932 4528 spumam

334 4581 487 4624 suam
514 4566 736 4622 abeunt.
764 4561 822 4617 lu
871 4567 1106 4617 mentem
1152 4557 1307 4611 vobis
1335 4554 1534 4617 veniat,
1563 4559 1761 4623 quanta
1799 4561 1934 4617 apo-

337 4659 460 4715 stoli
490 4667 601 4714 tum
632 4672 663 4711 a
693 4655 804 4711 suis
828 4695 845 4721 ,
890 4664 1002 4708 tum
1033 4650 1102 4706 ab
1146 4647 1346 4704 exteris
1385 4644 1757 4716 pertulerunt:
1783 4648 1840 4697 et
1881 4647 1938 4692 ut

339 4765 502 4806 omne
530 4745 930 4819 praedicationis
957 4751 1168 4813 tempus
1192 4755 1286 4809 per
1310 4736 1658 4799 tentationes,
1679 4747 1775 4803 per
1803 4729 1944 4802 peri-

339 4843 482 4908 cula,
516 4856 613 4912 per
633 4837 856 4895 insidias
876 4834 1236 4898 confecerint,
1267 4844 1410 4885 nunc
1429 4840 1648 4885 carcere
1670 4833 1726 4881 et
1753 4823 1940 4878 vincu-

343 4934 429 4999 lis,
459 4946 603 4988 nunc
625 4929 855 4994 exsiliis,
889 4941 1031 4982 nunc
1053 4921 1256 4994 ﬂagris,
1282 4936 1424 4976 nunc
1460 4918 1605 4974 fame
1630 4924 1684 4971 et
1704 4913 1945 4970 nuditate

343 5021 670 5092 consumpti.
702 5019 770 5075 Et
798 5027 998 5085 tamen,
1023 5017 1183 5072 etiam
1209 5027 1332 5068 cum
1355 5012 1407 5066 in
1424 5023 1646 5066 carcere
1665 5005 1944 5077 degerent,

346 5134 374 5171 a
425 5130 650 5172 munere
701 5113 805 5168 sibi
853 5109 1144 5167 commisso
1194 5121 1303 5162 non
1349 5102 1681 5161 absistebant
1713 5117 1726 5155 :
1759 5113 1945 5154 verum

351 5210 536 5263 beatus
566 5206 765 5261 Paulus
798 5244 815 5270 ,
862 5202 1022 5258 etiam
1053 5214 1174 5255 cum
1225 5198 1280 5253 in
1317 5195 1532 5251 vincula
1575 5196 1855 5262 conjectus
1885 5201 1950 5244 ac

353 5298 535 5368 ﬂagris
558 5295 812 5352 concisus
835 5300 982 5348 esset
1006 5331 1021 5358 ,
1067 5299 1123 5345 et
1149 5302 1345 5344 cruore
1372 5284 1642 5342 difﬂueret
1673 5323 1691 5351 ,
1719 5291 1776 5338 et
1805 5281 1952 5352 ligno

353 5389 599 5462 alligatus
627 5395 792 5453 esset,
807 5392 865 5441 et
878 5391 957 5440 tot
982 5382 1136 5438 malis
1159 5387 1517 5452 premeretur,
1551 5385 1728 5433 tamen
1759 5375 1813 5430 in
1836 5373 1952 5444 ipso

355 5495 568 5553 quoque
610 5492 830 5535 carcere
857 5474 1110 5532 antistitis
1141 5473 1280 5531 sacri
1325 5485 1552 5527 munere
1588 5467 1911 5539 fungebatur
1936 5503 1952 5533 ,

357 5582 411 5631 et
434 5571 675 5629 carceris
702 5567 982 5626 custodem
1013 5562 1360 5638 baptizabat,
1389 5575 1560 5633 eaque
1581 5559 1761 5616 omnia
1791 5597 1809 5625 ,
1833 5570 1956 5629 quae

2000 1426 2086 1482 liis
2105 1425 2340 1496 erigens,
2363 1432 2477 1479 tum
2514 1437 2579 1478 ca
2603 1435 2725 1492 quae
2747 1434 2884 1489 opus
2909 1429 3067 1475 erant
3095 1419 3306 1490 prolixe
3336 1418 3603 1475 submini-

2000 1528 2201 1586 strans,
2231 1531 2349 1588 quo
2387 1515 2522 1572 nihil
2548 1515 2770 1572 omnino
2797 1512 2951 1569 vobis
2995 1512 3229 1570 deesset.
3259 1513 3414 1580 Quod
3444 1513 3492 1569 si
3519 1527 3609 1569 me

2002 1609 2246 1683 perferre
2273 1609 2495 1665 minime
2515 1606 2814 1673 volueritis,
2846 1620 3033 1661 verum
3064 1605 3132 1661 iis
3163 1604 3360 1675 potius,
3389 1604 3482 1676 qui
3510 1618 3611 1659 vos

2002 1704 2276 1774 decipiunt
2296 1717 2362 1759 ac
2388 1703 2536 1758 velut
2560 1714 2767 1772 pennas
2786 1699 2940 1756 vobis
2966 1698 3193 1768 addunt,
3215 1698 3375 1755 fidem
3404 1698 3608 1755 habea-

2004 1797 2094 1861 tis,
2123 1803 2274 1851 extra
2297 1793 2511 1864 culpam
2540 1793 2656 1864 ipse
2683 1805 2828 1846 sum.
2849 1788 3014 1846 Scitis
3040 1796 3243 1854 autem,
3259 1790 3312 1845 in
3341 1789 3496 1859 cujus
3515 1803 3610 1844 ca-

2008 1896 2103 1959 put
2131 1887 2250 1943 haec
2273 1884 2655 1942 condemnatio
2699 1891 2861 1954 atque
2899 1881 3112 1954 jactura
3139 1881 3316 1940 cadat.
3343 1881 3425 1937 Ne
3451 1881 3616 1952 igitur

2006 1981 2297 2054 quidquam
2318 1975 2626 2050 hujusmodi
2650 1976 2947 2046 contingat,
2968 1989 3069 2031 vos
3086 1975 3249 2031 etiam
3269 1982 3432 2046 atque
3444 1974 3612 2030 etiam

2010 2087 2144 2144 rogo
2173 2112 2190 2138 ,
2213 2079 2274 2126 ut
2297 2083 2388 2125 me
2415 2108 2433 2134 ,
2464 2068 2557 2149 qui
2587 2080 2685 2122 vos
2715 2067 2958 2137 impense
3004 2080 3130 2120 amo
3157 2104 3175 2131 ,
3199 2063 3510 2134 perforatis.
3539 2065 3616 2120 Dc

2010 2165 2174 2222 rebus
2199 2161 2352 2218 vobis
2381 2159 2706 2218 necessariis
2731 2158 2817 2214 vel
2847 2157 2916 2213 ad
2954 2171 3054 2214 nos
3091 2156 3314 2214 scribite
3342 2196 3362 2226 ,
3409 2157 3498 2213 vel
3524 2199 3540 2225 ,
3568 2160 3616 2213 si

2013 2259 2084 2312 ita
2107 2255 2258 2312 lubet
2281 2296 2298 2322 ,
2321 2253 2597 2309 hominem
2618 2252 2851 2309 mittite:
2883 2265 2984 2308 nec
3010 2250 3165 2306 vobis
3182 2250 3479 2322 quidquam
3508 2265 3620 2306 om-

2015 2349 2144 2403 nino
2173 2345 2488 2402 del'uturum
2518 2352 2623 2401 est.
3060 2336 3069 2345 ’

2085 2457 2342 2517 CXXIV.
2387 2457 2634 2513 Geinello.
2671 2455 2907 2529 (Cucuso
2942 2470 3086 2511 anno
3125 2455 3233 2512 404
3263 2454 3352 2511 vel
3389 2455 3545 2526 405.)

2087 2573 2194 2628 Alii
2224 2570 2444 2642 quidem
2481 2569 2553 2626 ob
2582 2567 2953 2640 magistratum
2979 2566 3074 2622 tibi
3109 2567 3452 2637 gratulantur
3479 2583 3492 2621 :
3522 2581 3624 2639 ego

2017 2679 2196 2722 autem
2224 2665 2345 2722 urbi
2385 2679 2450 2720 ac
2487 2663 2605 2732 tibi,
2635 2677 2741 2718 non
2772 2661 2842 2718 ob
2871 2661 3014 2717 hunc
3058 2661 3345 2728 honorem,
3373 2674 3484 2731 quo
3523 2673 3624 2713 an-

2014 2769 2135 2814 ctus
2162 2772 2222 2814 es
2251 2755 2559 2828 (sublimior
2585 2754 2728 2810 enim
2761 2752 2845 2808 bis
2873 2752 3036 2808 rebus
3069 2767 3191 2808 esse
3217 2751 3502 2822 didicisti),
3526 2748 3622 2807 sed

2020 2848 2165 2922 quod
2190 2847 2534 2904 occasionem
2563 2853 2754 2901 nactus
2795 2845 2889 2907 sis,
2923 2858 3026 2914 qua
3056 2841 3358 2914 prudentia:
3396 2856 3460 2897 ac
3490 2840 3624 2897 leni-

2024 2945 2148 2999 tatis
2191 2949 2298 2996 tua:
2343 2939 2624 3010 specimen
2662 2935 3073 3008 quamplurimis
3117 2935 3427 2991 hominibus
3470 2932 3629 2989 facile

2026 3034 2285 3107 praebeas,
2341 3032 2685 3102 lucrumque,
2737 3028 2882 3100 quod
2938 3027 3063 3084 hinc
3115 3028 3310 3095 oritur,
3366 3027 3627 3098 colligere

2024 3141 2212 3197 queas.
2258 3123 2445 3195 Neque
2473 3123 2618 3179 enim
2651 3120 2784 3176 mibi
2823 3119 3047 3176 dubium
3085 3129 3191 3187 est,
3241 3118 3369 3191 quin
3400 3134 3494 3175 eos
3533 3118 3627 3190 qui

2025 3231 2187 3278 terra:
2211 3219 2437 3275 nimium
2465 3215 2614 3272 affixi
2642 3223 2789 3282 sunt,
2823 3225 2987 3286 atque
3029 3214 3114 3270 his
3154 3214 3403 3282 somniis,
3435 3212 3490 3270 id
3525 3220 3631 3277 est,

2029 3310 2277 3368 humanas
2305 3308 2511 3381 glorize,
2539 3307 2774 3373 inhiant,
2808 3305 2914 3362 hoc
2952 3304 3181 3362 cdocerc
3212 3306 3409 3377 possis,
3437 3312 3638 3376 praeto-

2027 3419 2143 3461 rcm
2173 3417 2279 3460 non
2310 3402 2367 3458 in
2393 3408 2546 3458 veste
2590 3415 2653 3456 ac
2684 3399 2924 3472 cingulo,
2978 3415 3080 3456 nec
3129 3399 3182 3455 in
3214 3397 3488 3469 praeconis
3503 3412 3637 3454 voce

2029 3497 2190 3554 situm
2220 3511 2376 3562 esse;
2400 3509 2590 3551 verum
2622 3493 2677 3549 in
2702 3492 2807 3549 hoc
2833 3492 3074 3562 demum,
3100 3503 3158 3547 ut
3177 3508 3297 3563 qua:
3321 3491 3636 3548 labefactata

2030 3600 2155 3646 sunt
2181 3591 2234 3644 in
2281 3589 2548 3658 integrum
2597 3587 2865 3651 restituat,
2907 3595 2962 3641 et
2989 3601 3109 3656 qua:
3139 3585 3285 3641 malo
3327 3593 3472 3641 statu
3514 3593 3641 3640 sunt

2033 3684 2291 3754 corrigat,
2315 3690 2478 3752 atque
2501 3679 2820 3751 injustiliam
2843 3686 3114 3745 coerceat,
3132 3678 3334 3749 nccjus
3357 3679 3427 3735 ab
3449 3678 3642 3748 opibus

2033 3784 2088 3832 ct
2115 3779 2352 3847 potentia
2375 3773 2609 3844 Opprimi
2639 3772 2894 3844 patiatur.
2921 3769 3050 3825 Mihi
3081 3771 3226 3827 enim
3253 3770 3531 3840 explorata
3557 3777 3642 3825 est

2034 3869 2199 3925 animi
2231 3869 2307 3925 tui
2351 3868 2566 3932 ﬁducia,
2597 3865 2853 3939 loquendi
2886 3865 3129 3932 libertas,
3160 3865 3358 3921 mentis
3385 3863 3639 3921 sublimi-

2038 3969 2140 4026 tas,
2161 3976 2340 4016 rerum
2357 3959 2515 4028 hujus
2529 3959 2652 4014 vitm
2669 3957 3026 4027 contemptio,
3047 3956 3414 4028 improborum
3437 3956 3644 4028 odium,

2039 4053 2265 4120 lenitas,
2319 4050 2658 4117 humanitas,
2705 4063 2811 4120 qua
2855 4047 3196 4121 potissimum
3254 4048 3332 4114 is,
3389 4049 3479 4119 qui
3528 4047 3648 4102 aliis

2039 4149 2255 4215 praeest,
2285 4156 2420 4212 Opus
2462 4141 2646 4197 habet.
2675 4144 2755 4196 Ac
2784 4140 3010 4210 proinde
3047 4138 3181 4195 illud
3213 4139 3383 4210 probe
3421 4140 3566 4204 novi,
3597 4149 3647 4194 te

2041 4236 2193 4291 facile
2222 4235 2335 4290 fore
2365 4232 2747 4303 naufragorum
2789 4242 3026 4301 portum,
3057 4229 3308 4285 baculum
3351 4230 3645 4295 ruentium,

2044 4327 2232 4383 turrim
2262 4340 2450 4382 eorum
2495 4325 2585 4396 qui
2615 4340 2710 4395 per
2757 4323 3009 4395 injuriam
3053 4337 3084 4378 a
3131 4322 3439 4393 potentibus
3469 4323 3650 4394 oppri.

2045 4427 2285 4475 utuntur.
2332 4418 2449 4473 Non
2487 4418 2629 4473 enim
2675 4417 2846 4484 labor,
2899 4429 3009 4471 non
3061 4416 3244 4482 sudor,
3285 4430 3392 4470 non
3432 4413 3648 4484 longum

2047 4523 2256 4583 tempus
2282 4509 2351 4566 ad
2377 4509 2495 4565 haec
2529 4507 2858 4581 perﬁcienda
2888 4507 3183 4578 requiritur
3213 4525 3228 4562 :
3254 4522 3442 4562 verum
3465 4521 3652 4577 quem-

2047 4602 2336 4660 admodum
2390 4603 2493 4670 sol,
2525 4601 2687 4657 simul
2726 4609 2891 4671 atque
2921 4599 3086 4665 lucet,
3141 4599 3323 4655 statim
3370 4598 3652 4668 caliginem

2048 4710 2265 4754 omnem
2294 4693 2479 4766 fugat:
2509 4693 2589 4750 sic
2618 4692 2778 4748 etiam
2803 4699 2877 4758 te,
2910 4690 3252 4761 simulatque
3280 4690 3332 4744 in
3361 4689 3497 4744 solio
3524 4702 3655 4743 con-

2051 4797 2266 4859 spectus
2299 4801 2380 4855 cs,
2409 4787 2583 4857 primo
2621 4784 2783 4840 etiam
2811 4782 2921 4851 die,
2966 4791 3079 4837 tum
3134 4796 3230 4837 eos
3270 4780 3360 4852 qui
3406 4778 3654 4850 injuriam

2052 4882 2174 4937 aliis
2201 4878 2403 4944 inferre
2447 4878 2803 4944 conabantur,
2833 4874 3178 4946 repressisse,
3205 4882 3315 4928 tum
3345 4888 3440 4929 eos
3466 4873 3662 4944 quibus

2054 4973 2250 5044 injuria
2280 4972 2464 5037 ﬁebat,
2494 4971 2656 5026 etiam
2688 4977 2973 5039 antequam
2997 4965 3064 5022 ad
3094 4965 3326 5022 tribunal
3348 4964 3658 5032 accederes,

2055 5066 2202 5122 omni
2227 5065 2513 5122 vexatione
2543 5063 2805 5120 liberasse
2833 5059 3071 5128 conﬁdo,
3098 5069 3259 5132 atque
3289 5060 3356 5116 ad
3388 5059 3507 5115 haec
3535 5074 3663 5130 per~

2059 5156 2285 5214 ﬁcicnda
2312 5156 2444 5212 satis
2471 5165 2557 5211 est
2581 5171 2643 5211 ea
2677 5153 2862 5225 opinio
2891 5167 3053 5224 quam
3081 5151 3333 5209 homines
3357 5151 3425 5208 de
3449 5159 3542 5208 tua
3571 5165 3664 5207 sa-

2063 5247 2264 5323 pientia
2293 5249 2587 5306 habebant.
2621 5247 2750 5305 ldeo
2795 5247 2899 5303 etsi
2930 5247 2984 5302 in
3028 5245 3323 5304 solitudine
3350 5246 3574 5317 degens,
3603 5256 3667 5299 ac

2063 5346 2245 5402 multis
2289 5343 2650 5401 incommodis
2698 5341 2944 5408 aﬂ‘ectus,
3001 5340 3202 5413 ingenti
3251 5349 3431 5396 tamen
3481 5337 3666 5395 latitia

2064 5436 2377 5511 perfundor,
2408 5435 2662 5492 nimirum
2689 5450 2755 5491 cx
2781 5449 2867 5501 ea,
2897 5447 3059 5505 quam
3089 5432 3155 5488 iis
3173 5432 3263 5504 qui
3291 5431 3557 5489 laeduntur
3581 5427 3663 5486 af-

2065 5531 2172 5587 fers
2199 5544 2325 5602 ope,
2355 5529 2628 5602 propriam
2659 5526 2791 5584 mihi
2820 5525 3152 5597 voluptatem
3183 5523 3430 5596 ﬁngens..

1434 5715 2598 5797 MW
