4076 6444
522 395 624 456 επ
1206 387 1262 442 S.
1297 382 1578 445 JOANNIS
1615 375 2107 437 CHRYSOSTOMI
2144 369 2460 429 ARCHIEP.
2501 361 3045 423 CONSTANTINOP.
3636 356 3747 413 680

916 894 995 957 IN
1025 889 1445 957 EPISTULA}!
1484 886 1935 962 SEQUENTEM
1975 884 2075 945 AD
2115 881 2496 945 C‘YRIACUM
2541 873 2962 941 EPISCOPUM
2998 873 3348 937 EXSULEM

1824 1103 2439 1198 MONITUM.

595 1423 652 1477 ln
680 1420 840 1491 hujus
864 1412 1105 1488 epistola
1139 1410 1507 1471 sinceritatem
1539 1407 1868 1480 quaestiones
1901 1411 2190 1461 moverunt
2237 1401 2346 1457 duo
2383 1399 2544 1472 Angli
2593 1398 2648 1456 in
2694 1396 2949 1456 Editione
2997 1398 3292 1456 Saviliaua.
3327 1398 3387 1455 In
3428 1401 3577 1456 notis
3606 1402 3756 1457 enim

527 1534 582 1587 p.
613 1517 716 1572 856
757 1518 870 1571 haec
897 1512 1060 1568 habet
1094 1509 1366 1572 Halesius,
1394 1507 1464 1562 ab
1494 1504 1726 1560 Henrico
1771 1501 1975 1557 Savllio
2009 1500 2204 1556 allatus
2231 1517 2246 1553 :
2285 1516 2305 1550 ι
2337 1495 2463 1553 Haec
2496 1496 2565 1552 ad
2594 1493 2880 1568 Cyriacum
2913 1497 3139 1568 epistola
3173 1511 3388 1566 semper
3424 1498 3559 1552 mihi
3590 1499 3760 1552 vehe-

527 1619 736 1665 menter
754 1617 810 1662 ut
839 1603 1182 1676 supposititia
1218 1609 1300 1654 est
1322 1606 1594 1668 suspecta.
1627 1594 1811 1650 Primo
1833 1592 1980 1648 enim
2010 1590 2355 1662 epistolarem
2389 1588 2544 1644 illum
2580 1587 2970 1654 characterem,
3002 1588 3098 1658 qui
3142 1589 3196 1643 in
3239 1588 3485 1658 reliquis,
3529 1589 3760 1643 omnino

530 1717 638 1757 non
662 1702 835 1756 video.
871 1696 1075 1753 Deinde
1101 1695 1424 1765 prooemium
1457 1692 1600 1746 idem
1634 1689 1746 1745 fere
1785 1687 1950 1743 habet
1985 1701 2110 1743 cum
2140 1685 2368 1756 epistola
2401 1683 2581 1755 prima
2628 1684 2695 1740 ad
2733 1681 3126 1755 Olympiadem,
3169 1685 3468 1755 quinetiam
3516 1686 3762 1755 integras

531 1795 827 1850 sententias
858 1806 923 1846 ex
953 1789 1075 1845 aliis
1102 1783 1482 1856 Chrysostomi
1524 1782 1781 1852 operibus
1818 1780 2121 1848 decerptas,
2171 1791 2292 1844 quae
2328 1776 2582 1830 videntur
2619 1775 2944 1831 imitatorem
2981 1775 3216 1846 aliquem
3259 1790 3448 1848 sapere
3480 1797 3496 1833 :
3523 1787 3578 1834 et
3617 1781 3761 1836 alio-

530 1885 657 1957 quin
682 1893 846 1948 certe,
877 1881 984 1937 nisi
1007 1880 1098 1936 ubi
1122 1880 1550 1948 Chrysostomus
1576 1875 1738 1946 plane
1764 1872 2110 1944 compilatur,
2138 1871 2312 1942 stylus
2341 1867 2793 1941 Chrysostomum
2825 1884 2934 1924 non
2964 1868 3148 1926 refert.
3179 1869 3484 1937 Quinetiam
3506 1875 3761 1944 quadam

531 1989 659 2034 aunt
684 1993 713 2030 a
745 1973 969 2029 Joannis
991 1971 1164 2028 nostri
1199 1969 1444 2024 moribus
1471 1975 1526 2022 et
1559 1966 1778 2037 ingenio
1807 1965 2001 2021 aliena.
2030 1962 2166 2018 Nam
2205 1962 2351 2033 quod
2376 1961 2442 2016 ad
2477 1961 2730 2017 adulterii
2755 1961 2960 2017 crimen
2991 1963 3288 2033 respondet
3318 1964 3630 2020 ἀποδύσατὲ
3653 1985 3762 2038 μου

529 2069 591 2123 τὸ
623 2068 802 2138 σῶμα,
826 2076 932 2122 etc.
959 2075 1014 2119 et
1034 2063 1315 2134 popularis
1339 2063 1488 2117 vocis
1515 2058 1964 2115 commemoratio
1997 2057 2139 2110 συνές

2153 2074 2292 2128 νερεν
2316 2056 2403 2110 ἵνα
2427 2057 2456 2110 ὁ
2483 2057 2637 2128 ἣλιος
2671 2054 2974 2110 συνιστέιλε
3007 2054 3107 2119 τὰς
3135 2056 3358 2122 ἀκτῖνας
3385 2057 3575 2124 αὐτοῦ,
3611 2058 3645 2130 ἢ
3677 2059 3763 2113 ἵνα

529 2159 783 2230 τδστόμα
819 2156 1065 2211 Ἰωάννου
1095 2153 1368 2224 ἐσιώπησε
1407 2169 1420 2205 :
1455 2151 1710 2221 quodque
1742 2151 1798 2205 in
1838 2149 2123 2204 Arsacium

2163 2149 2345 2218 paulo,
2382 2163 2546 2218 quam
2584 2163 2685 2217 par
2723 2160 2828 2214 est,
2868 2148 3120 2204 acerbius
3159 2147 3474 2204 invehitur:
3510 2150 3647 2216 haec,
3680 2151 3738 2206 in

531 2267 718 2324 quam,
750 2250 1103 2304 omnino-non
1125 2248 1357 2318 placent.
1391 2244 1632 2299 Primum
1654 2243 1798 2299 enim
1829 2242 2030 2298 habent
2052 2241 2255 2312 aliquid
2285 2243 2337 2296 in
2369 2257 2428 2297 sc
2460 2241 2738 2312 turpiculi,
2776 2241 3073 2297 secundum
3105 2242 3396 2312 iactantia),
3421 2253 3766 2314 postremum

533 2347 817 2404 stomachi.
853 2346 1030 2414 Atque
1072 2351 1216 2397 certe
1257 2341 1452 2410 horum
1492 2338 1742 2393 ultimum
1786 2336 1990 2392 dudum
2025 2351 2054 2390 a
2093 2333 2290 2392 Photio
2335 2337 2680 2392 observatum
2724 2335 2968 2398 memini,
3009 2333 3096 2390 cui
3133 2344 3187 2389 et
3224 2336 3486 2391 medelam
3529 2346 3769 2393 conatur

535 2441 806 2504 adhibere,
835 2439 928 2494 sed
963 2451 1072 2492 non
1095 2436 1226 2492 satis
1255 2435 1445 2490 dextro
1477 2432 1810 2503 Esculapio.
1840 2431 2128 2488 Postremo

2154 2432 2298 2502 quod
2338 2432 2415 2486 ait
2443 2432 2552 2485 ἀπὸ
2581 2430 2692 2484 τῶν
2714 2429 3081 2495 Κουκουσῶν,,
3113 2445 3380 2500 nusquam
3407 2429 3607 2487 Noster
3646 2433 3753 2488 hoc

535 2545 762 2585 numero
799 2528 1060 2598 loquitur,
1083 2526 1176 2582 sed
1205 2539 1422 2594 semper
1451 2523 1505 2578 in
1525 2522 1806 2593 singulari.
1840 2522 2017 2592 Atque
2047 2521 2164 2577 haec
2205 2521 2319 2592 fere
2357 2526 2506 2587 sunt,
2540 2534 2662 2591 quae
2687 2519 2740 2574 in
2770 2519 2875 2576 hac
2897 2519 3132 2590 epistola
3158 2520 3464 2585 observavi,
3490 2521 3767 2594 integrum

534 2623 603 2678 de
631 2638 688 2678 re
722 2629 830 2676 tota
861 2617 1128 2690 judicium
1166 2616 1383 2671 erudito
1413 2611 1733 2682 permittens
1759 2611 1969 2667 lectori.
2005 2629 2025 2664 ι

603 2714 660 2768 In
686 2712 877 2769 iisdem
907 2712 1050 2766 notis
1087 2709 1377 2764 Savilianis
1405 2723 1458 2777 p.
1495 2706 1599 2762 888
1627 2703 1866 2761 Joannes
1893 2703 2109 2760 Boisius
2150 2703 2235 2759 his
2267 2703 2579 2774 respondet,
2623 2712 2679 2758 et
2715 2717 2826 2757 una
2861 2711 3084 2773 excepta
3139 2703 3262 2775 styli
3301 2704 3767 2770 dissimilitudine,

535 2819 728 2866 caetera
765 2806 918 2880 [666]
972 2806 1156 2860 omnia
1195 2811 1510 2874 argumenta
1544 2800 1742 2860 refellit
1783 2817 1798 2854 :
1845 2798 1986 2855 hanc
2028 2810 2208 2854 autem
2251 2809 2435 2855 notam
2483 2799 2692 2868 putavit
2743 2797 3124 2854 Tiilemontius
3165 2815 3288 2857 esse
3336 2799 3545 2868 Savilii,
3605 2802 3770 2872 cujus

535 2911 682 2969 certe
717 2901 888 2969 major
920 2907 1064 2954 esset
1093 2895 1422 2962 auctoritas;
1467 2881 1566 2949 sed
1595 2900 1680 2949 est
1721 2889 1947 2948 Joannis
1990 2890 2180 2958 Boisii,
2218 2899 2278 2947 ut
2316 2890 2516 2947 ibidem
2556 2891 2610 2945 in
2653 2903 2872 2946 summo
2917 2892 3161 2962 margine
3204 2892 3392 2950 videas
3421 2895 3546 2950 :sic
3585 2904 3770 2950 autem

537 2991 779 3045 louuitur
815 3007 830 3044 :

559 3007 1026 3136 otiutiliuoinnibus
1063 3077 1170 3134 illis
1205 3076 1524 3143 rationibus,
1554 3090 1675 3146 qua
1715 3083 1906 3131 contra
1943 3073 2186 3144 epistolae
2232 3073 2391 3130 istius
2437 3072 2819 3130 auctoritatem
2865 3072 3184 3140 afferuntur,
3229 3075 3376 3132 nulla
3423 3076 3555 3132 mihi
3594 3079 3774 3149 magis

538 3172 734 3242 placet,
760 3186 920 3241 quam
947 3185 1066 3240 quae
1094 3184 1125 3222 a
1151 3168 1274 3238 styli
1325 3165 1766 3222 dissimilitudine
1794 3165 2033 3221 ducitur.
2068 3165 2191 3220 Haec
2220 3165 2364 3220 enim
2391 3175 2519 3220 nota
2549 3180 2675 3220 raro
2696 3165 2853 3231 fallit,
2892 3181 3016 3222 cum
3043 3168 3274 3238 reliqua,
3305 3183 3429 3240 quae
3467 3169 3770 3236 adduntur,

540 3279 645 3318 non
675 3263 807 3318 adeo
833 3262 940 3317 sint
980 3259 1278 3316 infailibilis
1311 3259 1672 3323 certitudinis,
1702 3269 1763 3314 ut
1791 3267 2071 3330 propterea
2103 3257 2414 3313 necessario
2455 3255 2527 3313 sit
2555 3258 2784 3327 epistola
2830 3258 2918 3314 illa
2951 3257 3340 3331 Chrysostomo
3374 3261 3762 3330 abjudicanda.

535 3355 856 3410 Communia
890 3353 1050 3408 habet
1088 3351 1254 3406 multa
1301 3351 1542 3420 epistola:
1582 3351 1744 3418 hujus
1784 3349 2069 3405 exordium
2104 3363 2229 3404 cum
2283 3349 2459 3419 prima
2503 3349 2568 3402 ad
2617 3347 3014 3420 Olympiadem.
3059 3349 3275 3406 Fateor.
3325 3351 3431 3408 Sed
3485 3343 3593 3410 non
3644 3355 3770 3410 ideo

537 3445 720 3500 statim
767 3444 1094 3515 negandum,
1133 3455 1252 3497 esse
1297 3457 1416 3496 eam
1465 3440 1860 3510 Chrysostomi.
1896 3437 2123 3506 Quoties
2164 3439 2310 3493 enim
2343 3439 2530 3494 eadem
2574 3438 3000 3511 Chrysostomus
3039 3442 3257 3520 repetit,
3302 3442 3466 3513 idque
3514 3444 3771 3517 dmpab
3917 3517 3921 3520 ν

537 3539 749 3600 uno;
783 3511 896 3590 fere
933 3543 1045 3588 tum
1071 3533 1126 3588 in
1156 3533 1419 3618 epistolis,
1461 3539 1575 3586 tum
1605 3531 1658 3586 in
1700 3529 1982 3585 bomiliisi
2029 3527 2162 3596 Quae
2195 3528 2362 3584 semel
2391 3529 2536 3585 enim
2565 3530 2704 3585 bene
2732 3530 2879 3585 dicta
2909 3538 3059 3596 sunt,
3098 3545 3162 3587 ea
3206 3511 3576 3590 :i‘li'terdicere
3607 3511 3812 3604 seu...

538 3631 642 3685 nisi
674 3641 839 3684 causa
875 3624 1055 3695 aliqua
1083 3623 1282 3692 justior
1314 3623 1604 3692 impulerit,
1635 3636 1744 3676 non
1784 3630 1896 3675 tam
1928 3620 2116 3675 diserti
2151 3630 2249 3682 est,
2285 3635 2448 3690 quam
2487 3621 2688 3676 curiosi
2739 3629 2794 3677 et
2841 3621 3053 3692 copiam
3089 3625 3457 3680 'ostentantis.
3511 3625 3630 3681 Non
3679 3643 3774 3684 re—

537 3719 888 3791 prehenditur
932 3715 1096 3786 igitur
1139 3712 1427 3779 Homerus,
1471 3712 1618 3782 quod
1665 3727 1694 3767 a
1737 3713 1916 3782 seipso
1954 3712 2276 3781 saepiuscule
2313 3720 2613 3776 mutuatur,
2665 3722 2722 3768 et
2751 3713 2818 3769 de
2850 3713 3042 3769 iisdem
3085 3715 3542 3774 eadem.subinde
3580 3719 3715 3777 dicit
3753 3741 3769 3779 :

539 3813 632 3870 sed
663 3813 802 3867 inter
830 3810 1066 3881 reliquas
1092 3808 1211 3878 ejus
1247 3809 1478 3863 virtutes
1505 3808 1611 3862 hoc
1655 3807 1819 3862 etiam
1871 3815 2210 3870 numeratur,
2241 3805 2388 3875 quod
2422 3805 2716 3862 utilissimo
2752 3806 3076 3876 frugalitatis
3115 3809 3366 3880 exemplo
3404 3812 3636 3891 posteris
3669 3823 3775 3870 ινα-ι

538 3904 687 3966 iicto,
727 3917 831 3956 non
863 3900 1170 3955 necessaria
1201 3899 1402 3970 ubique
1430 3899 1688 3954 varietate
1718 3899 1969 3954 consulto
1999 3899 2148 3953 abstil

2164 3908 2254 3951 tet.
2286 3897 2439 3965 Quod
2477 3899 2546 3954 ad
2591 3899 2888 3971 παθητικὸν
2916 3900 3047 3955 illud
3081 3901 3292 3970 attinet,
3323 3903 3632 3958 ἀποδύσατέ
3663 3922 3770 3977 μου

537 3996 599 4049 τὸ
635 3993 812 4065 σῶμα,
846 4002 975 4059 elc.,
996 3994 1285 4048 videndum
1320 4008 1500 4049 annon
1544 4008 1756 4048 summa
1787 3993 1905 4062 ejus
1933 3993 2265 4055 innocentia,
2307 4008 2430 4048 cum
2463 3993 2767 4048 incredibili
2799 3993 2986 4049 dolore
3011 3997 3322 4067 conjuncta,
3351 4008 3405 4053 et
3434 3999 3769 4070 impudentia

543 4101 731 4139 rursus
750 4085 1181 4139 adversariorum
1207 4085 1411 4138 homini
1443 4085 1644 4140 misero
1670 4099 1734 4139 ac
1767 4084 1973 4154 dejecto
2005 4084 2124 4139 sine
2146 4083 2308 4138 modo
2351 4083 2760 4152 insultantium,
2795 4086 2956 4141 talem
3002 4089 3077 4142 illi
3110 4104 3294 4145 vocem
3333 4094 3638 4162 exprimere
3670 4108 3773 4162 pn-

541 4178 758 4230 tuerint.
790 4174 1073 4245 Papularis
1119 4176 1526 4232 acclamationis
1558 4175 2131 4231 commemorationem
2175 4183 2388 4245 tempus
2438 4173 2671 4232 fortasse
2718 4176 2898 4247 ipsum
2936 4177 3208 4240 defendat.
3262 4179 3458 4247 Verba,
3503 4181 3550 4238 si
3583 4198 3680 4253 per
3708 4198 3774 4240 se

540 4274 870 4335 spectentur,
905 4265 1187 4321 videantur
1214 4267 1282 4322 ab
1318 4265 1538 4321 homine
1569 4266 1716 4322 inani
1756 4276 1809 4321 et
1831 4265 2167 4335 jactabundo
2198 4264 2436 4334 profecta
2468 4285 2480 4319 :
2515 4266 2609 4321 sed
2641 4266 2688 4320 si
2718 4276 2930 4338 tempus
2960 4277 3078 4340 quo‘
3114 4271 3323 4340 prolata
3371 4270 3570 4326 fuerint
3599 4273 3776 4343 respi-

539 4363 732 4424 ciatur.
760 4377 919 4417 nemo
942 4371 1044 4427 est,
1074 4363 1284 4433 opinor,
1316 4363 1476 4433 paqu
1498 4363 1722 4433 aequior,
1768 4361 1859 4431 qui
1895 4361 2288 4432 Chrysostomo
2326 4362 2520 4428 exsuli,
2567 4361 2760 4432 ejecto,
2811 4363 3025 4434 injuriis
3075 4379 3182 4419 non
3212 4364 3455 4420 dicendis
3493 4363 3747 4440 fatigato,

541 4457 937 4527 indignissimis
957 4458 1247 4512 calumniis
1269 4472 1552 4527 oppresso,
1593 4455 2151 4528 μγαλορρημοσύνην
2185 4455 2495 4511 istiusmodi
2526 4471 2632 4511 non
2667 4456 2954 4513 condonet.
2996 4457 3158 4512 Juvat
3184 4459 3328 4515 enim
3372 4461 3616 4515 animum
3645 4477 3776 4532 per-

542 4562 701 4620 petuo
729 4567 959 4607 maerore
990 4561 1320 4622 prostratum
1356 4552 1553 4605 talibus
1571 4551 1720 4605 velut
1755 4550 2103 4604 adminiculis
2144 4564 2204 4605 se
2232 4549 2440 4620 erigere
2466 4562 2630 4619 atque
2651 4551 2887 4606 elevare.
2919 4553 3022 4607 Sed
3054 4543 3342 4610 Arsacium
3386 4557 3571 4626 paulo,
3603 4573 3773 4628 quam

543 4661 640 4716 par
670 4657 833 4711 esset,
867 4647 1116 4702 acerbius
1147 4647 1414 4701 tractavit.
1448 4644 1534 4699 Sit
1557 4647 1658 4700 hoc
1687 4644 2059 4716 Chrysostomi
2097 4645 2278 4716 culpa,
2311 4661 2416 4700 non
2449 4656 2627 4701 autem
2659 4657 3059 4718 argumentum,
3087 4651 3232 4719 quod
3258 4650 3484 4720 cpistola
3525 4653 3600 4708 sit
3638 4669 3776 4724 sup-

542 4741 802 4810 posititia.
835 4742 947 4795 imo
982 4741 1107 4795 hinc
1137 4740 1438 4809 colligerem
1494 4741 1672 4809 potius
1724 4741 2018 4811 genuinum
2069 4756 2191 4796 esse
2239 4740 2451 4796 ftetum.
2484 4741 2618 4808 Quis
2649 4743 2795 4797 enim
2841 4744 3034 4808 nescit,
3069 4761 3231 4814 quam
3279 4747 3523 4817 ingentes
3567 4747 3778 4805 fuerint

541 4832 929 4903 Chrysostomo
957 4833 1179 4902 spiritus
1210 4850 1224 4886 :
1253 4848 1359 4902 qua
1392 4831 1861 4903 ὲλευθεροστομίᾳ,
1907 4847 2010 4902 qua
2074 4849 2151 4887 πα

2156 4835 2355 4906 {apt-jan
2400 4835 2455 4889 in
2501 4851 2693 4891 omnes
2740 4852 2875 4892 usus
2915 4836 3098 4904 fuerit,
3143 4838 3307 4893 etiam
3360 4841 3412 4894 in
3458 4839 3764 4908 Eudoxiam

542 4926 856 4993 Augustam.
902 4923 956 4978 Si
989 4925 1149 4995 igitur
1180 4924 1435 4980 Eudoxiaa
1473 4942 1578 4980 non
1616 4928 1871 4996 pepercit,
1915 4928 2142 4982 Arsacia
2178 4945 2300 4983 eum
2337 4945 2560 5000 parcere
2596 4931 2834 4987 voluisse
2871 4941 3022 4988 estne
3047 4934 3381 4990 verisimile?
3423 4935 3606 4992 Restat
3646 4937 3776 4992 ulti-

543 5029 690 5068 mum
717 5027 1090 5084 argumentum
1109 5031 1139 5070 a
1169 5032 1298 5070 voce
1323 5016 1647 5069 Κουκουσῶν
1671 5016 1916 5085 petitum,
1944 5017 2088 5086 quod
2117 5018 2215 5072 etsi
2257 5034 2361 5073 non
2410 5021 2783 5091 negligendum
2817 5023 3049 5089 videtur,
3076 5035 3255 5080 tamen
3286 5025 3389 5080 nisi
3418 5027 3633 5082 aliunde
3653 5043 3775 5084 eor-

546 5107 850 5171 roboretur,
872 5123 933 5161 ex
966 5123 1024 5162 se
1050 5123 1241 5177 parum
1267 5107 1532 5161 firmitatis
1559 5107 1739 5160 habet.
1768 5106 1948 5161 Potuit
1972 5110 2117 5161 enim
2140 5109 2221 5162 vel
2250 5110 2479 5175 librarii,
2509 5111 2590 5166 vel
2612 5114 2926 5184 typographi
2953 5115 3110 5184 culpa
3137 5117 3401 5182 accidere,
3431 5127 3489 5171 ut
3514 5132 3612 5187 pro
3633 5119 3773 5173 Κου-

545 5196 764 5262 κουσοῦ,
789 5198 1111 5251 Κουκουσῶν
1142 5199 1486 5254 scriberetur.
1521 5197 1806 5261 Praeterea,
1829 5200 1882 5254 ni
1914 5199 2094 5266 fallor,
2127 5216 2155 5256 e

2164 5211 2180 5254 ι
2209 5203 2517 5267 Κουκουσός
2540 5214 2594 5258 et
2625 5207 2914 5261 Κουκουσά
2942 5207 3156 5278 legitur.
3194 5208 3297 5264 Sed
3330 5209 3505 5264 instar
3528 5213 3769 5266 omnium

544 5294 622 5338 est
677 5285 804 5340 illud
835 5287 901 5342 de
931 5289 1068 5357 stylo
1108 5297 1162 5343 et
1211 5289 1541 5352 charactere,
1585 5287 1730 5357 quod
1764 5289 1937 5343 solum
1987 5301 2198 5345 tantum
2235 5293 2377 5362 apud
2423 5309 2508 5347 me
2540 5296 2703 5360 valet,
2736 5306 2794 5352 ut
2823 5315 2929 5352 non
2963 5299 3203 5355 dubitem
3230 5317 3354 5356 cum
3398 5301 3620 5358 Halesio
3653 5313 3773 5364 tuo.

546 5374 748 5439 optimo
769 5387 821 5430 et
840 5377 1206 5432 eruditissimo
1225 5377 1445 5446 juvene,
1472 5379 1845 5447 pronuntiare,
1870 5381 2109 5449 epistola:
2139 5382 2300 5450 hujus
2330 5393 2604 5438 auctorem
2637 5401 2742 5440 non
2773 5387 3226 5460 Chrysostomum
3257 5390 3447 5458 fuisse,
3484 5393 3576 5448 sed
3603 5393 3773 5448 alium

547 5467 777 5537 aliquem
817 5489 938 5527 cum
973 5474 1361 5544 Chrysostomo
1384 5487 1482 5527 nec
1516 5472 1734 5540 ingenio
1764 5488 1862 5528 nec
1890 5475 2196 5544 eloquentia
2217 5479 2664 5546 comparandum.
2709 5499 2727 5532 ι

620 5558 790 5618 Locus
834 5565 918 5619 ille
963 5566 1157 5631 Photii,
1209 5579 1367 5634 quem
1405 5574 1796 5620 commemorat
1831 5581 1992 5636 supra
2025 5569 2230 5625 Halesit

2161 5571 2298 5636 sius,
2332 5571 2412 5627 sic
2447 5571 2642 5629 habet:
2677 5576 2797 5630 Ὀτι
2833 5576 2891 5631 ἐν
2923 5580 2988 5649 τῇ
3036 5578 3171 5650 πρὸς
3199 5577 3293 5632 τὸν
3327 5579 3627 5636 ἐπίσκοπον
3658 5583 3771 5639 Κυ-

550 5656 735 5748 ριαχδν
766 5661 1042 5730 ἐπιστολῇ,
1075 5661 1143 5732 ἣν
1184 5661 1292 5714 ἀπὸ
1319 5664 1417 5728 τῆς
1446 5660 1701 5731 δευτέρας
1744 5659 2047 5731 ἐξέπεμψεν
2096 5663 2356 5736 ὲξορίας,,
2386 5667 2721 5724 καθάπτεται
2769 5671 2872 5742 μὲν
2907 5671 3000 5725 τοῦ
3045 5673 3359 5743 ’Δρσακίου,
3395 5676 3557 5748 λῆρον
3601 5679 3768 5736 αὐτὸν

549 5747 641 5802 ναὶ
675 5750 855 5820 μοιχὸν
885 5752 1092 5807 καλῶν
1129 5755 1340 5808 ἐπαινεῖ
1368 5753 1422 5806 δὲ
1453 5754 1577 5816 τοὺς
1609 5752 2117 5826 ἀποστρεφομένους
2157 5755 2257 5829 τὴν
2290 5756 2456 5815 αὑτοῦ
2495 5763 2801 5832 κοινωνίαν,
2841 5763 2916 5830 ὡς
2946 5765 3033 5820 διὰ
3061 5768 3194 5821 Θεὸν
3225 5768 3318 5823 καὶ
3353 5768 3410 5823 τὸ
3440 5747 3518 5832 εἷς
3545 5771 3635 5825 τὴν
3671 5772 3770 5842 ἁρ-

3809 3971 3846 3984 κ
