4076 6480
372 445 476 504 679
1816 428 2198 489 spissum.
3539 429 3650 487 sse

369 563 561 636 χιερέα
593 557 759 614 αὑτοῦ
800 558 1045 629 ἀδίκημα
1088 556 1188 628 τὴν
1235 555 1590 628 ἀποστροφὴν
1623 553 1806 608 αὐτῶν
1840 553 2222 625 ποιουμένους.
2274 552 2470 607 Καίτοι
2512 567 2576 621 γε
2614 551 2675 605 ἐν
2721 550 2904 614 ἄλλοις
2950 548 3201 620 φαίνεται
3243 544 3528 620 παραινῶν
3571 551 3652 617 μή

334 666 337 667 ⁷
369 656 702 726 ἁφίστασθμι
734 654 842 710 ἀπὸ
868 655 966 726 τῆς
1007 651 1360 724 Ἐκκλησίας.
1395 652 1491 714 Εἰς
1512 649 1672 704 τοῦτο
1703 649 1762 702 δὲ
1804 648 2056 720 ὕστερον,
2090 648 2167 712 ὡς
2196 646 2365 711 ἔοικε,
2406 646 2662 718 μετέστη,
2691 644 2881 715 ἐπειδὴ
2916 645 3010 699 καὶ
3038 645 3086 697 οἱ
3115 642 3306 697 τοῦτον
3325 641 3528 704 ἀδίκως
3555 641 3654 694 ἐκ·

371 749 650 814 ϐαλόντες,
679 749 780 819 οὐχ
809 740 890 810 οἷς
920 746 1157 816 ἔπραξεν
1183 743 1466 814 ἔστερξαν.
1504 741 1644 797 ἀλλὰ
1672 741 1770 796 καὶ
1800 739 2154 811 καταδρομὰς
2187 739 2284 794 καὶ
2308 737 2604 803 ἔπιδουλὰς
2637 737 2782 792 κατὰ
2812 735 2924 790 τῶν
2953 735 3106 806 αὐτῷ
3133 732 3656 807 προσαναχιιμένων

370 842 466 898 καὶ
495 839 797 912 ὑπερορίας
830 838 1278 908 ιπαλαμήσαντο.
1310 853 1329 887 s
1369 832 1426 887 In
1477 832 1712 900 epistola
1767 831 1833 887 ad
1886 832 1980 903 Cyl

2041 845 2177 887 lcum
2206 829 2546 901 episcopum,
2578 843 2741 900 quam
2787 828 2844 883 in
2876 827 3120 886 secundo
3166 827 3391 898 scripsit
3432 827 3651 892 exsilio.

371 933 656 990 Arsacium
694 933 996 988 insectatus
1027 930 1261 985 delirum
1284 937 1340 984 et
1369 927 1649 983 mtechum
1677 936 1859 992 vocat,
1893 927 2188 997 laudatque
2213 941 2309 981 eos
2335 925 2430 995 qui
2454 925 2576 995 eius
2609 923 3057 980 communionem
3090 932 3437 987 aversantur,
3466 932 3657 995 utpote

369 1029 465 1101 qui
504 1037 728 1099 propter
763 1027 962 1090 Deum,
993 1034 1049 1081 et
1081 1033 1302 1096 propter
1331 1021 1654 1092 iniustitiam
1699 1022 2114 1093 archiepiscopo
2143 1036 2248 1077 suo
2279 1021 2485 1076 illatam
2525 1021 2595 1076 ab
2637 1019 2757 1092 ipso
2803 1027 3178 1090 segregentur.
3212 1017 3271 1074 In
3306 1019 3429 1074 aliis
3465 1028 3653 1075 tamen

377 1126 514 1182 locis
534 1126 788 1181 hortatur
814 1137 884 1178 ne
916 1122 987 1177 ab
1024 1119 1268 1175 Ecclesia
1308 1125 1650 1187 separentur.
1694 1115 1899 1172 Verum
1943 1117 2025 1173 sic
2053 1116 2249 1172 ultimo
2286 1116 2615 1172 sententiam
2650 1113 2953 1171 mutavisse
2980 1114 3217 1180 videtur,
3250 1115 3377 1184 quia
3404 1115 3442 1170 il
3469 1116 3562 1184 qui
3595 1129 3657 1171 se

370 1219 572 1290 iniuste
599 1216 896 1286 eiecerant,
943 1210 1113 1284 gestis
1147 1209 1264 1266 suis
1305 1222 1413 1263 non
1457 1207 1890 1277 acquiescerent,
1928 1207 2024 1264 sed
2067 1221 2165 1264 eos
2206 1207 2302 1278 qui
2336 1206 2439 1262 sibi
2477 1205 2680 1262 addicti
2709 1215 2919 1274 essent,
2967 1205 3397 1272 insectarentur,
3435 1205 3655 1263 insidiis

367 1320 703 1383 appeterent.
745 1308 884 1364 etin
914 1304 1172 1362 exsilium
1208 1300 1591 1356 amandarent.
1626 1319 1646 1353 ι

441 1403 513 1460 Ut
545 1403 612 1458 ad
648 1401 864 1468 obiecta
897 1401 967 1456 ab
993 1399 1214 1454 Halosin
1253 1397 1564 1463 redeamus,
1601 1409 1665 1449 ea
1706 1393 1890 1447 omnia
1925 1406 2037 1447 non
2067 1390 2211 1447 male
2239 1388 2499 1446 refutavit
2544 1389 2784 1449 Joannes
2822 1391 3061 1458 Boisius,
3092 1407 3204 1449 uno
3239 1403 3465 1464 excepto
3485 1408 3655 1465 argu-

369 1508 556 1550 mento
595 1509 662 1548 ex
707 1491 832 1562 styli
867 1488 1316 1545 dissimilitudine
1350 1488 1535 1563 petito,
1577 1486 1725 1559 quod
1756 1475 1848 1542 ille
1877 1484 2255 1556 amplectitur;
2301 1492 2356 1539 et
2384 1493 2566 1539 tamen
2605 1491 2691 1540 eSI
2723 1484 2973 1540 omnium
3021 1485 3383 1554 levissimum,
3417 1495 3479 1543 ut
3510 1487 3654 1548 infra

368 1590 664 1646 videbitur.

448 1681 638 1737 Primo
659 1680 737 1736 ait
757 1677 1014 1736 Halesius
1035 1692 1094 1734 se
1118 1676 1468 1748 epistolarcm
1500 1675 1654 1730 illum
1680 1674 2054 1731 characterem
2076 1674 2130 1728 in
2154 1674 2258 1729 hac
2286 1671 2520 1743 epistola
2553 1685 2661 1727 non
2689 1671 2895 1736 videre,
2919 1671 3012 1741 qui
3043 1671 3098 1726 in
3123 1672 3246 1728 aliis
3269 1671 3651 1744 Chrysostomi

368 1775 632 1846 operibus
666 1773 1024 1837 observatur;
1057 1780 1111 1825 et
1132 1767 1290 1838 quasi
1327 1767 1531 1823 oblitus
1565 1781 1758 1823 eorum
1787 1781 1913 1839 quae
1937 1774 2065 1820 ante
2091 1765 2329 1831 dixerat,
2366 1766 2442 1818 ait
2471 1764 2794 1833 prooimium
2836 1765 2979 1819 idem
3013 1762 3129 1821 fere
3163 1765 3384 1831 habere,
3412 1769 3560 1838 quod
3590 1769 3647 1824 in

368 1862 601 1934 epistola
633 1863 808 1932 prima
839 1858 906 1914 ad
940 1857 1341 1929 Olympiadem,
1375 1872 1541 1928 quam
1581 1857 1696 1928 ipse
1723 1865 1783 1912 ut
1819 1857 2116 1926 genuinam
2146 1854 2411 1922 admittit;
2445 1854 2578 1910 illud
2614 1869 2744 1910 vero
2767 1855 3099 1926 prommium
3123 1872 3377 1930 magnam
3407 1859 3651 1931 epistolae

365 1964 581 2028 partem
610 1950 992 2023 complectitur
1027 1968 1042 2006 :
1075 1953 1128 2004 lu
1163 1957 1273 2006 tota
1309 1949 1476 2019 igitur
1503 1949 1594 2004 illa
1627 1959 1781 2019 parte
1817 1949 2070 2013 admittat
2094 1954 2310 2016 oportet
2357 1947 2708 2016 epistolarem
2751 1948 2905 2002 illum
2951 1946 3330 2021 Chrysostomi
3367 1953 3653 2009 characte-

367 2059 522 2112 rem;
562 2046 616 2100 in
654 2044 1010 2115 sequentibus
1041 2043 1206 2098 etiam
1257 2057 1366 2099 non
1415 2056 1591 2112 pauca
1633 2055 1700 2096 ex
1747 2040 1998 2111 epistolis
2039 2039 2108 2095 ad
2138 2036 2514 2111 Olympiadem
2547 2053 2729 2105 exque
2762 2038 2888 2096 aliis
2927 2040 3054 2094 item
3091 2041 3352 2112 reperias,
3392 2045 3652 2114 quoniam

367 2138 426 2194 in
455 2137 544 2194 his
584 2137 854 2209 epistolis,
878 2146 941 2194 ut
977 2136 1159 2193 statim
1187 2136 1449 2191 observes
1475 2134 1521 2191 si
1555 2134 1726 2205 legas,
1749 2147 1876 2188 cum
1916 2131 1982 2186 ad
2011 2132 2258 2187 diversos
2287 2129 2499 2196 scribit,
2523 2130 2715 2186 eadem
2749 2130 2866 2187 fere
2893 2133 3109 2204 repetit,
3138 2142 3197 2188 ut
3237 2135 3448 2205 optime
3471 2137 3655 2193 anim-

366 2230 604 2286 advertit
666 2229 902 2285 Boisius.
941 2225 1086 2283 Nihil
1126 2237 1274 2284 certe
1323 2226 1412 2282 hic
1455 2234 1540 2282 est
1577 2225 1723 2297 quod
1762 2225 2174 2295 compilatorem
2229 2225 2442 2295 sapiat;
2478 2225 2663 2281 omnia
2697 2225 2897 2293 ﬂuunt,
2933 2229 3117 2283 omnia
3157 2239 3310 2286 recto
3348 2233 3652 2303 procedunt

366 2318 563 2374 ordine
592 2338 606 2374 :
635 2335 759 2375 cum
790 2330 970 2376 autem
995 2329 1288 2375 accusatus
1320 2317 1468 2390 quod
1487 2333 1614 2373 cum
1639 2317 1870 2373 muliere
1900 2317 2255 2374 concubuerit
2283 2317 2578 2388 respondet
2610 2337 2624 2374 :
2655 2317 2852 2375 Esaite
2877 2337 3067 2390 corpus
3091 2338 3287 2391 meum,
3317 2333 3368 2380 et
3391 2326 3653 2382 membro-

366 2431 489 2471 rum
514 2432 748 2471 meorum
777 2417 1238 2486 mortiﬁcationem
1269 2415 1562 2484 reperietis,
1588 2414 1641 2470 id
1673 2413 1771 2478 ait,
1807 2413 1953 2483 quod
1991 2414 2046 2468 in
2081 2413 2199 2484 pari
2234 2427 2366 2469 casu
2391 2413 2682 2470 dicendum
2715 2417 2983 2486 oportuit.
3009 2416 3090 2471 An
3120 2428 3303 2474 tacere
3330 2420 3488 2475 licuit
3524 2436 3650 2476 cum

369 2505 423 2560 in
452 2507 619 2561 rebus
650 2507 994 2577 gravissimis
1018 2507 1153 2561 tanti
1185 2506 1430 2576 episcopi
1465 2505 1612 2559 fama
1645 2505 1975 2560 laederetur?
2006 2505 2205 2560 Annon
2238 2507 2416 2576 potuit
2444 2505 2554 2569 ille,
2592 2505 2705 2560 imo
2736 2521 2919 2563 annon
2944 2509 3133 2563 debuit
3153 2509 3222 2564 de
3246 2518 3398 2566 tanto
3419 2512 3655 2567 crimine

367 2607 661 2654 accusatus
692 2612 753 2653 ea
784 2595 1053 2669 proferre,
1087 2611 1210 2667 qua:
1236 2596 1302 2651 ad
1335 2595 1420 2651 sui
1455 2595 1836 2666 purgationem
1883 2604 2188 2666 opportuna
2226 2596 2426 2652 erant?
2450 2595 2776 2666 Popularem
2823 2607 3005 2655 autem
3038 2600 3513 2670 acclamationem,
3540 2602 3654 2658 imo

369 2701 425 2746 et
453 2691 617 2746 verba
645 2690 785 2760 ipsa,
819 2690 998 2745 amico
1026 2688 1146 2745 sine
1171 2688 1436 2759 iactantia
1469 2689 1651 2744 dicere
1681 2689 1860 2758 potuit
1895 2687 2326 2760 Chrysostnmus
2364 2706 2379 2742 :
2420 2689 2583 2744 amici
2634 2706 2893 2761 namque,
2928 2695 3231 2762 praesertim
3266 2696 3302 2751 ii
3335 2698 3429 2768 qui
3456 2699 3647 2754 eadem

373 2783 441 2837 de
461 2796 629 2837 causa
664 2789 952 2845 vexantur,
983 2793 1246 2833 arcanum
1283 2778 1421 2833 nihil
1460 2779 1600 2832 inter
1630 2792 1702 2833 se
1741 2778 1983 2833 habent:
2017 2776 2282 2848 Cyriacus
2321 2794 2487 2848 porro
2528 2782 2687 2836 exsul
2714 2781 2779 2837 de
2809 2782 2978 2840 illatis
3005 2782 3207 2841 Joanni
3255 2785 3654 2860 Chrysostomo

375 2871 536 2926 malis
566 2870 861 2926 admodum
893 2868 1148 2933 dolebat;
1182 2869 1304 2924 ideo
1344 2883 1465 2940 quae
1511 2868 1615 2924 sibi
1664 2867 1845 2924 fausta
1897 2869 2197 2924 acciderint
2237 2880 2486 2926 recenset
2519 2871 2949 2944 Chrysostomus
2994 2885 3054 2931 ut
3087 2878 3268 2948 ipsum
3309 2883 3648 2953 consoletur,

368 2964 526 3036 isque
550 2961 840 3019 recensitis
872 2960 945 3015 ita
971 2960 1180 3015 claudit
1207 2979 1221 3015 :
1256 2957 1610 3025 Quamobrem
1640 2970 1688 3014 te
1727 2977 1874 3032 rogo,
1905 2978 1969 3015 ac
1999 2961 2221 3028 genibus
2253 2963 2360 3017 tuis
2383 2964 2669 3019 advolutus
2693 2964 2945 3035 obtestor,
2977 2979 3034 3023 ut
3067 2986 3342 3027 maerorem
3364 2983 3416 3029 et
3435 2976 3639 3033 luctum

367 3059 616 3130 abjicias.
646 3056 767 3114 1am
797 3073 923 3114 cum
953 3057 1245 3113 Arsacium
1299 3057 1720 3128 sycophantam,
1745 3057 1841 3127 qui
1883 3057 2085 3114 oblatis
2117 3057 2222 3114 sibi
2271 3059 2528 3130 episcopo
2571 3075 2673 3116 suo
2715 3059 2870 3118 falsis
2912 3065 3414 3136 criminationibus,
3465 3073 3653 3128 sedem

368 3167 526 3208 suam
557 3151 852 3219 invaserat,
881 3151 967 3205 vir
996 3159 1178 3206 tamen
1210 3150 1600 3222 octogenarius
1635 3159 1691 3206 et
1733 3150 2063 3216 ineruditus,
2093 3165 2245 3218 cum,
2288 3151 2539 3224 inquam,
2577 3155 2731 3211 illum
2762 3157 3020 3224 delirum,
3051 3162 3328 3217 moechum
3365 3173 3420 3219 et
3459 3163 3650 3235 lupum

367 3255 546 3312 vocat,
583 3246 715 3302 illud
748 3246 862 3317 agit
887 3246 1033 3318 quod
1075 3245 1330 3318 praestitit
1369 3242 1728 3312 Athanasius,
1772 3261 1897 3301 cum
1943 3245 2245 3319 Gregorius
2286 3249 2562 3319 quispiam
2611 3251 2666 3307 in
2707 3252 2827 3323 eius
2868 3254 3051 3311 locum
3093 3258 3424 3316 substitutus
3456 3269 3559 3330 est,
3598 3273 3656 3320 et

367 3351 559 3416 postea
591 3358 715 3398 cum
752 3341 1050 3414 Gregorius
1087 3342 1259 3413 ipsius
1285 3341 1469 3397 sedem
1501 3340 1735 3407 invasit;
1767 3356 1895 3397 nam
1927 3342 2210 3413 improbos
2232 3344 2585 3415 huiusmodi,
2611 3345 2983 3415 facinorosos,
3024 3361 3084 3408 et
3109 3355 3203 3425 qui
3231 3371 3418 3427 pacem
3459 3357 3655 3416 Eccle-

345 3438 466 3492 sia:
496 3434 954 3498 interturbabant,
984 3448 1095 3489 non
1127 3431 1305 3489 sancti
1340 3433 1442 3488 viri
1483 3433 1668 3500 modo,
1708 3434 1801 3489 sed
1835 3433 1939 3505 ipsi
1975 3449 2198 3505 quoque
2229 3438 2466 3507 apostoli
2507 3429 2813 3497 maledictis
2852 3443 3220 3501 incessebant.
3262 3448 3341 3504 Ad
3383 3450 3500 3506 haec
3522 3465 3655 3508 vero

367 3545 440 3585 an
473 3527 799 3584 clementius
821 3526 932 3599 agit
960 3525 1391 3600 Cltrysostomus
1420 3541 1546 3583 cum
1574 3528 1800 3584 Arsacio
1823 3527 1880 3584 in
1904 3529 2048 3586 libro
2079 3530 2176 3587 illo
2194 3533 2285 3588 cui
2312 3532 2529 3599 titulus,
2561 3535 2648 3590 Ad
2674 3552 2762 3592 eos
2789 3539 2884 3608 qui
2911 3541 3276 3598 scandalisati
3303 3556 3450 3614 sunt,
3484 3562 3651 3619 quem

368 3636 534 3691 supra
568 3619 871 3677 edidimus?
893 3622 975 3675 An
1005 3620 1224 3676 mitiora
1252 3620 1339 3675 bis
1361 3627 1490 3675 sunt
1522 3621 1689 3678 verba
1712 3638 1837 3694 qua
1857 3624 1978 3680 ibidt

2045 3626 2360 3699 ileguntur,
2388 3644 2444 3700 p.
2476 3629 2606 3696 507,
2630 3646 2680 3686 c.
2702 3631 2795 3698 20,
2829 3633 3008 3704 ἱερεὺς
3040 3635 3157 3702 νῦν,
3193 3637 3398 3708 φαῦλος
3421 3659 3655 3717 γεγενησι

371 3713 553 3784 μένος,
589 3713 684 3767 καὶ
705 3712 872 3766 λύκου
902 3713 1107 3776 παντὸς
1134 3711 1474 3784 ἀγριώτερον
1497 3714 1781 3784 hurrqu
1802 3718 1869 3788 τῇ
1897 3718 1981 3787 ἀγι

2043 3734 2098 3792 ῃ,
2129 3723 2380 3775 sacerdos
2409 3721 2499 3777 ille
2539 3724 2834 3796 improbas,
2856 3727 2987 3800 lupo
3017 3732 3204 3801 quovis
3235 3711 3511 3791 ποίοισίξή
3536 3711 3653 3810 gre-

368 3821 483 3874 gem
517 3803 794 3860 insiliens!
827 3803 908 3858 An
932 3802 1062 3874 quid
1088 3804 1310 3873 gravius
1339 3803 1446 3859 dici
1485 3806 1698 3874 potuit?

439 3897 600 3953 Aliud
629 3896 888 3966 obiicitur
918 3894 1065 3966 quod
1101 3895 1190 3950 hic
1215 3895 1426 3964 legatur
1459 3897 1569 3950 ἀπὸ
1599 3899 1710 3952 τῶν
1745 3900 2049 3956 Κουκουσῶ

2040 3919 2080 3957 ιν
2112 3917 2239 3959 cum
2274 3915 2467 3963 contra
2515 3909 2832 3966 Κουκουσόν
2877 3913 2932 3968 in
2978 3915 3244 3987 singulari
3291 3935 3509 3994 semper
3552 3927 3650 3983 ha-

369 3987 568 4043 beatur
597 3985 743 4076 apud
775 3985 1257 4058 Chrysostomum.
1284 3983 1487 4040 Verum
1524 3987 1639 4043 haec
1667 3988 1832 4045 lectio
1855 3990 1967 4046 τῶν
1997 3993 2330 4051 Κουκουσῶν
2360 4006 2445 4053 cst
2486 3999 2658 4056 solius
2687 4001 2944 4060 editionis
2978 3983 3270 4067 Savillanze
3306 4031 3320 4067 :
3355 3983 3480 4071 nam
3531 4021 3652 4076 edi-

367 4079 549 4134 tiones
574 4075 780 4133 Morelli
806 4087 859 4133 et
888 4092 1082 4142 omnes
1107 4076 1239 4134 Mss.
1269 4078 1360 4135 hic
1389 4081 1705 4137 Κουκουσοῦ
1753 4085 1977 4150 habent,

2041 4087 2261 4160 Iludque
2289 4091 2390 4162 τῆς
2421 4091 2701 4160 Κιλικίας,
2733 4097 2881 4167 quod
2919 4097 2976 4152 in
3021 4099 3196 4159 Editis
3225 4106 3552 4170 addebatur.
3581 4075 3651 4170 ab

367 4173 590 4261 optimis
619 4173 751 4230 Mss.
775 4175 950 4230 abest.
977 4174 1252 4230 Cucusum
1289 4184 1474 4257 autem
1507 4179 1560 4233 in
1588 4178 1849 4253 Armenia
1874 4198 1996 4239 esse
2025 4185 2103 4241 ait
2124 4153 2255 4241 alibi
2287 4153 2868 4261 Chrysostomus;.alii
2897 4194 2950 4250 in
2974 4153 3648 4267 Cilicia;:l—tlian:siusin

367 4268 712 4358 Oappadocia
753 4269 919 4334 locat,
971 4270 1122 4338 quia,
1165 4285 1288 4325 cum
1333 4271 1388 4326 in
1434 4287 1624 4329 earum
1660 4275 1948 4346 regionum
1991 4279 2233 4336 conlinio
2277 4291 2444 4348 esset,
2493 4285 2661 4341 modo
2691 4285 2844 4352 huic,
2885 4290 3053 4346 modo
3093 4265 3517 4355 illi-contributa
3543 4265 3646 4358 est.

367 4356 571 4416 Omnes
603 4371 750 4419 certe
772 4363 871 4420 viri
905 4363 1052 4421 docti
1090 4363 1235 4424 hanc
1262 4365 1548 4436 epistolam
1578 4382 1678 4438 pro
1707 4385 1834 4427 vera
1863 4381 1916 4428 et
1940 4373 2177 4445 genuina
2203 4377 2424 4444 habent,
2450 4394 2553 4437 nec
2581 4395 2646 4437 ea
2676 4380 2744 4437 de
2775 4395 2834 4438 re
2861 4382 2945 4438 vel
2977 4386 3258 4444 minimam
3288 4356 3647 4461 quaestionem

370 4463 611 4512 movent.
