4076 6440
302 309 399 368 Ml

1734 287 2122 363 EPISTOLE.

3440 298 3552 348 «ιω

1809 1690 2066 1757 CXXV.

947 2045 1462 2142 CYBIACO
1531 2048 2118 2144 EPISCOPO
2190 2051 2928 2144 EXSULANTI.

1610 2376 1876 2460 (Cumae
1918 2395 2084 2481 anno
2127 2377 2292 2458 404.)

366 3737 516 3806 Age,
569 3729 840 3789 maestitia:
885 3740 990 3786 tua:
1035 3725 1191 3785 ulcus
1234 3739 1422 3783 rursus
1474 3725 1694 3793 leniam,
1741 3734 1903 3798 atque

295 3825 648 3898 cogitationes
696 3837 791 3880 eas
815 3863 834 3892 ,
887 3836 1007 3893 quas
1061 3819 1201 3878 hanc
1259 3819 1457 3877 nubem
1519 3818 1851 3890 collegerunt
1881 3857 1900 3886 ,

299 3917 602 3974 discutiam.
643 3913 845 3985 Ecquid
873 3914 1017 3987 enim
1049 3921 1164 3980 est,
1197 3910 1341 3985 quod
1368 3925 1567 3969 mares
1594 3918 1755 3982 atque
1784 3911 1903 3965 ani-

297 4024 444 4066 mum
468 4006 690 4078 dejicis?
719 4007 800 4063 An
829 4006 954 4077 quia
977 4003 1154 4076 gravis
1170 4012 1255 4061 est
1277 4011 1590 4074 tempestas,
1612 4018 1676 4059 ac
1699 4018 1902 4060 saevum

297 4099 633 4172 naufragium
666 4140 682 4166 ,
726 4098 869 4170 quod
921 4097 1215 4155 Ecclesiam
1263 4094 1584 4167 occupavit?
1624 4094 1740 4151 Hoc
1788 4095 1905 4167 ipse

297 4206 513 4265 quoque
537 4191 672 4257 scio,
701 4205 801 4246 nee
852 4189 993 4246 ullus
1042 4196 1146 4257 est,
1193 4188 1284 4260 qui
1323 4186 1530 4244 inﬁcias
1578 4187 1656 4242 ire
1695 4186 1901 4258 possit:

297 4285 410 4340 into
435 4296 590 4348 vero,
618 4282 664 4337 si
692 4281 765 4337 ita
791 4281 961 4348 lubet,
992 4295 1179 4338 eorum
1203 4293 1323 4350 quas
1350 4277 1786 4350 ﬂuntimaginem
1808 4277 1902 4334 tibi

297 4373 655 4432 adumbrabo.
687 4373 832 4430 Mare
860 4371 1097 4428 videmus
1125 4371 1193 4426 ab
1224 4369 1346 4426 imis
1411 4383 1584 4441 usque
1608 4367 1905 4440 gurgitibus

299 4465 611 4534 revulsum,
642 4474 830 4520 nautas
862 4461 1345 4536 gubernaculorum
1385 4474 1448 4517 ac
1477 4474 1750 4516 remorum
1785 4459 1906 4515 loco

297 4570 493 4613 manus
517 4555 742 4627 genibus
773 4553 1058 4626 implicitas
1073 4552 1355 4620 habentes,
1375 4565 1594 4623 praeque
1620 4559 1904 4622 tempesta-

302 4651 374 4708 tis
401 4649 770 4722 magnitudine
810 4657 956 4704 tanta
999 4645 1212 4704 consilii
1247 4646 1426 4717 inopia
1459 4644 1768 4701 laborantes
1791 4686 1806 4710 ,
1845 4651 1908 4698 ut

299 4759 403 4800 nec
449 4742 664 4810 cadum,
693 4755 795 4798 nec
834 4755 1003 4805 mare,
1031 4753 1133 4796 nec
1173 4748 1373 4794 terram
1423 4743 1669 4805 cernant,
1718 4750 1903 4792 verum

299 4835 490 4892 ﬂentes
508 4849 572 4889 ac
599 4833 954 4890 lamentantes
992 4831 1046 4887 in
1074 4829 1325 4887 tabulatis
1349 4830 1581 4900 iaceant.
1632 4829 1810 4900 Atque
1850 4827 1905 4883 in

297 4928 433 4986 mari
457 4925 675 5000 quidem
704 4927 776 4982 ita
800 4925 1016 4982 evenire
1041 4925 1179 4980 solet
1215 4941 1229 4978 :
1266 4938 1409 4979 nunc
1433 4930 1613 4979 autem
1641 4921 1696 4977 in
1718 4930 1906 4977 nostro

297 5012 516 5090 quoque
556 5016 694 5073 mari
745 5016 963 5087 gravior
1004 5015 1238 5086 procella
1285 5015 1666 5085 gravioresque
1712 5011 1907 5068 ﬂuctus

297 5110 622 5167 excitantur.
663 5108 862 5166 Verum
884 5106 970 5164 {ac
990 5106 1217 5164 Domino
1241 5114 1429 5162 nostro
1447 5104 1664 5175 Christo
1678 5104 1905 5175 supplex

299 5202 396 5270 sis,
426 5201 518 5274 qui
542 5216 652 5258 non
682 5209 799 5258 arte
825 5208 1197 5271 tempestatem
1224 5206 1444 5270 superat
1465 5238 1480 5264 ,
1505 5195 1603 5253 sed
1632 5204 1762 5252 nutu
1788 5197 1906 5254 solo

299 5310 420 5352 eam
435 5292 668 5351 discutit.
708 5291 863 5362 Quod
897 5292 942 5348 si
969 5292 1217 5364 precibus
1241 5289 1313 5347 ad
1341 5305 1463 5348 eum
1488 5288 1745 5346 adhibitis
1765 5305 1905 5346 non-

299 5389 428 5444 dum
453 5397 635 5444 tamen
659 5386 946 5444 exauditus
971 5399 1054 5454 es,
1072 5401 1142 5443 ne
1167 5386 1534 5458 elanguescas,
1555 5384 1908 5457 animumque

299 5478 674 5553 despondeas;
701 5477 1008 5550 huiusmodi
1041 5492 1275 5552 namque
1299 5477 1518 5549 benigni
1553 5476 1696 5533 illius
1730 5476 1909 5533 numi-

311 5564 399 5619 nis
422 5575 541 5618 mos
559 5569 662 5619 est.
701 5564 896 5620 Annon
920 5568 1028 5620 tres
1048 5564 1169 5621 illos
1185 5579 1380 5635 pueros
1401 5581 1432 5622 a
1458 5567 1699 5637 periculo
1717 5569 1894 5627 subdu

305 5668 433 5712 cere
455 5662 686 5726 poterat,
713 5670 777 5711 ac
803 5671 875 5712 ne
901 5656 956 5712 in
983 5652 1121 5728 ignis
1150 5655 1424 5750 fornacem
1455 5657 1756 5717 inciderent
1782 5677 1912 5734 pro-

307 5747 529 5806 bibere?
555 5749 626 5805 At
651 5757 935 5821 postquam
960 5750 1158 5822 captivi
1185 5747 1428 5818 abducti,
1449 5756 1613 5825 atque
1635 5750 1688 5811 in
1709 5752 1908 5814 barba-

621 5843 891 5907 Panos.
936 5841 1055 5902 (in.
1106 5839 1237 5902 ιιι.

2004 3740 2190 3782 rerum
2217 3725 2492 3798 regionem
2507 3724 2726 3797 abJecti,
2757 3732 3084 3798 paternique
3107 3724 3402 3783 hereditate
3417 3728 3616 3800 eversi,

2005 3827 2168 3890 atque
2186 3816 2255 3874 ab
2274 3817 2524 3874 omnibus
2551 3816 2822 3888 desperati
2851 3827 2998 3887 sunt,
3030 3831 3131 3874 nec
3151 3817 3264 3890 jam
3297 3819 3463 3876 ullum
3488 3822 3618 3880 mali

2003 3925 2174 3983 genus
2200 3910 2406 3976 deerat,
2437 3919 2548 3967 tum
2594 3910 2826 3982 denique
2857 3908 3102 3967 Christus
3125 3951 3142 3978 ,
3165 3926 3325 3968 verus
3351 3913 3493 3969 Deus
3521 3927 3620 3976 uo-

2005 4015 2117 4061 ster
2137 4047 2155 4075 ,
2185 4014 2410 4077 repente
2438 4003 2756 4061 miraculum
2784 4002 2972 4070 edidit,
3000 4005 3285 4075 ignemque
3313 4005 3616 4079 dissipavit.

2005 4097 2147 4169 Ignis
2189 4098 2334 4154 enim
2369 4097 2642 4169 iustorum
2676 4095 2930 4153 virtutem
2976 4091 3198 4153 minime
3238 4095 3421 4154 ferens
3447 4114 3478 4155 e
3508 4100 3622 4156 l'or.

2007 4205 2138 4247 naee
2167 4189 2402 4259 exsiliit,
2431 4198 2592 4262 atque
2614 4185 2920 4257 Chaldaeos,
2948 4202 3084 4260 quos
3108 4189 3314 4244 circum
3341 4186 3618 4248 fornacem

2002 4292 2195 4340 nactus
2225 4293 2342 4352 est,
2373 4284 2578 4340 exussit
2603 4281 2768 4356 (Dan.
2805 4281 2888 4354 3).
2916 4282 2995 4338 Ac
3022 4291 3134 4338 tum
3162 4282 3349 4339 fornax
3373 4283 3619 4343 ecclesias

2005 4377 2175 4432 instar
2199 4376 2329 4447 ipsis
2356 4381 2475 4432 erat
2502 4391 2517 4430 :
2543 4383 2708 4446 atque
2731 4387 2822 4432 res
2845 4387 3035 4430 omnes
3058 4372 3305 4430 conditas
3325 4416 3339 4440 ,
3363 4383 3470 4430 tam
3495 4390 3620 4447 quae

2004 4468 2176 4525 oculis
2205 4475 2502 4525 cernuntur
2524 4508 2540 4534 ,
2568 4482 2730 4538 quam
2763 4482 2885 4539 qua:
2924 4466 2993 4523 ab
3021 4466 3302 4524 oculorum
3334 4483 3498 4525 sensu
3526 4483 3618 4528 re-

2005 4569 2166 4616 mota:
2191 4569 2316 4616 sunt
2340 4599 2358 4626 ,
2389 4560 2493 4616 hoc
2531 4566 2618 4616 est
2644 4557 2866 4630 angelos
2894 4567 2950 4616 et
2975 4558 3200 4616 virtutes
3228 4561 3577 4620 accersebant
3595 4602 3617 4633 ,

2003 4650 2189 4722 sicque
2217 4649 2396 4707 omnia
2429 4651 2486 4706 in
2517 4665 2681 4706 unum
2711 4649 3154 4720 complectentes,
3182 4648 3268 4707 his
3294 4651 3473 4708 verbis
3501 4663 3619 4712 ute-

2006 4743 2200 4799 bantur
2229 4761 2243 4798 :
2274 4741 2567 4802 Benedicits
2591 4742 2763 4799 omnia
2786 4759 2941 4814 Opera
2966 4742 3178 4798 Domini
3201 4742 3425 4800 Domino
3450 4742 3619 4818 (Dan.

2004 4835 2060 4891 3.
2083 4835 2201 4906 57).
2232 4835 2466 4892 Videsne
2488 4833 2763 4908 quomodo
2784 4836 3054 4907 iustorum
3084 4836 3339 4907 patientia
3361 4837 3543 4910 igneus
3565 4839 3621 4896 in

2004 4942 2183 4984 rorem
2211 4929 2562 4985 commutavit
2585 4969 2601 4997 ,
2636 4927 2957 5000 tyrannique
2991 4927 3232 4984 animum
3263 4930 3334 4984 ita
3366 4928 3576 4986 inﬂexit
3602 4971 3618 4997 ,

2007 5028 2065 5078 ut
2086 5036 2184 5094 per
2205 5021 2517 5079 universum
2541 5019 2729 5078 orbem
2750 5020 2937 5077 literas
2959 5021 3219 5088 mitteret,
3245 5021 3313 5077 ad
3335 5021 3480 5079 hunc
3503 5039 3618 5079 mo-

2005 5113 2131 5171 dum
2163 5115 2390 5186 loquens
2417 5131 2431 5170 :
2461 5113 2684 5186 Magnus
2709 5111 2848 5169 Deus
2875 5112 3097 5170 θεάωιὴ
3115 5152 3133 5178 ,
3169 5112 3406 5181 Minch,
3430 5123 3484 5170 et
3513 5115 3617 5170 Ab-

2005 5207 2204 5281 dsnago
2230 5205 2392 5280 (Dan.
2420 5208 2475 5264 3.
2505 5207 2640 5278 95)?
2666 5207 2744 5262 Ac
2772 5205 2896 5262 vide
2922 5220 3085 5278 quam
3113 5213 3269 5262 atrox
3295 5205 3622 5278 suppliciqu

2004 5302 2315 5369 constituit,
2341 5302 2388 5356 si
2414 5301 2537 5373 quis
2558 5300 2816 5356 adversus
2838 5300 2984 5371 ip’sos
3003 5297 3204 5370 aliquid
3227 5300 3624 5355 contumeliose

2004 5393 2230 5451 dixisset
2255 5411 2271 5450 :
2300 5408 2497 5464 nempe
2525 5403 2582 5449 ut
2610 5392 2805 5449 domus
2831 5392 3000 5464 ipsius
3031 5406 3095 5446 ac
3122 5391 3404 5447 facultates
3427 5405 3624 5452 omnes

2006 5485 2372 5559 diriperentur
2393 5485 2559 5558 (ijd.
2585 5501 2634 5542 υ.
2661 5484 2774 5556 96).
2801 5483 2879 5540 Ne
2898 5483 3058 5556 igitur
3081 5484 3319 5538 animum
3339 5480 3623 5552 demittas.

2005 5591 2072 5635 ac
2091 5577 2472 5651 desperatione
2501 5577 2785 5652 frangaris.
2813 5576 2953 5634 Nam
2977 5591 3078 5635 nec
3103 5589 3228 5650 ego,
3252 5588 3377 5632 cum
3401 5573 3625 5636 civi“

2008 5678 2239 5750 pellerer
2260 5717 2278 5748 ,
2309 5675 2601 5750 quidquam
2639 5677 2829 5734 horum
2858 5673 3115 5732 curabant
3141 5712 3167 5741 ι
3186 5687 3372 5728 verum
3405 5683 3614 5726 mecum

3172 5824 3255 5887 19
