4076 6440
511 275 616 334 683

501 405 621 472 ipse
640 403 711 459 ita
726 399 980 472 loquebar
1001 398 1079 473 (a)
1098 415 1112 454 :
1131 396 1186 452 Si
1205 396 1516 466 imperatrix-
1532 407 1616 448 me
1627 391 1816 460 exsilio
1831 387 2087 445 mulctare

512 495 646 560 vult,
673 496 907 550 exsulem
932 508 1057 548 sane
1083 509 1098 547 :
1124 490 1328 545 Domini
1350 499 1422 544 est
1447 498 1604 556 terra,
1626 495 1674 540 et
1702 483 1961 557 plenitudo
1980 483 2089 552 ejus

511 587 684 658 (l’sal.
705 585 796 643 25.
821 588 895 656 1).
919 586 974 642 Si
995 599 1142 639 serra
1163 583 1230 639 de
1256 596 1343 638 me
1368 579 1680 651 supplicium
1706 591 1897 647 capere
1923 572 2087 644 cupit,

507 681 782 737 cisseeer:
807 679 1053 734 llesaiam
1077 693 1172 747 pro
1194 675 1437 745 exemplo
1460 671 1651 727 habeo.
1677 669 1735 724 Si
1758 683 1843 724 tne
1868 669 1920 722 in
1941 681 2090 721 mare

539 771 836 840 raecipitem
867 769 995 824 dare
1022 768 1167 831 vult,
1193 765 1344 821 Joua:
1373 762 1628 820 recordor
1651 758 1823 834 (J0me
1851 756 1925 830 l).
1949 756 2006 813 Si
2035 757 2088 811 in

512 863 779 918 limacem
807 861 1075 931 conjicere
1102 859 1212 913 vult
1231 899 1246 924 ,
1276 867 1383 912 tres
1414 869 1608 926 pueros
1637 852 1807 907 habeo
1827 893 1842 917 ,
1873 849 1962 922 qui
1991 863 2088 906 oo-

511 954 632 1009 dem
661 953 922 1024 supplicio
950 950 1123 1008 allecti
1152 958 1278 1005 sunt
1302 948 1459 1020 (Dan.
1485 948 1543 1018 3)
1593 946 1646 1002 Si
1672 944 1796 999 feris
1822 943 2085 1012 objicere,

512 1043 804 1111 Danielum,
833 1043 922 1114 qui
951 1043 1193 1099 leonibus
1217 1041 1457 1110 objectus
1477 1047 1580 1105 est,
1609 1036 1736 1092 mibi
1762 1037 1942 1089 animo
1964 1047 2087 1104 pro-

511 1149 653 1207 pono
679 1135 836 1206 (Ibid.
870 1153 916 1190 c.
950 1136 1024 1205 6).
1053 1135 1107 1189 Si
1139 1132 1399 1204 lapidibus
1422 1131 1650 1184 obruere
1676 1127 1823 1192 vult,
1855 1124 2040 1180 obruat
2071 1141 2086 1177 :

508 1228 833 1299 Stephanum
861 1225 1029 1281 habeo
1061 1225 1284 1294 primum
1323 1231 1608 1292 martyrem
1643 1219 1774 1288 (Act.
1812 1218 1884 1287 7).
1916 1214 1972 1270 Si
1999 1229 2089 1269 ca-

511 1329 603 1388 put
646 1334 820 1372 meum
859 1317 1098 1385 accipere
1129 1315 1240 1369 vult
1265 1353 1281 1380 ,
1309 1313 1532 1383 accipiat
1563 1308 1585 1366 ἐ
1627 1310 1884 1367 Joannem
1916 1306 2087 1362 habeo

513 1409 700 1477 (Marc.
731 1407 811 1478 6).
842 1407 896 1462 Si
926 1407 1200 1462 facultates
1228 1420 1374 1459 meas
1401 1418 1630 1468 sumere,
1661 1410 1831 1456 sumat
1856 1418 1868 1451 :
1900 1393 2088 1456 Nudus

507 1519 732 1569 egressus
761 1517 870 1554 sum
899 1500 963 1553 de
995 1509 1164 1552 uentre
1197 1498 1370 1551 matris
1399 1511 1524 1550 utea:
1545 1536 1559 1562 ,
1590 1495 1756 1548 nudus
1783 1493 1935 1548 etiam
1970 1490 2086 1544 hinc

507 1594 772 1646 «mettum
793 1590 911 1664 (Job
956 1592 1006 1646 l.
1025 1591 1141 1661 21).
1172 1590 1350 1646 Monet
1371 1604 1456 1644 me
1473 1589 1755 1647 hisverbis
1768 1585 2083 1656 Apostolus:

513 1681 646 1738 Deus
671 1683 888 1738 hominis
905 1698 1169 1753 personam
1190 1697 1292 1736 non
1315 1680 1532 1750 accipit;
1552 1687 1712 1750 atque
1733 1677 1815 1732 his
1837 1691 2083 1732 rursum:

511 1773 570 1825 Si
598 1774 764 1826 adhuc
788 1772 1070 1828 hominibus
1094 1773 1363 1843 placerem,
1391 1767 1580 1826 Christi
1602 1785 1774 1823 servus
1802 1785 1902 1822 non
1927 1783 2084 1822 essent

509 1877 524 1932 t
555 1866 671 1921 (iul.
701 1866 754 1921 Ξ.
783 1867 834 1922 6.
865 1877 909 1920 et
932 1867 980 1922 1.
1012 1863 1137 1937 10).
1168 1864 1296 1920 Mihi
1326 1864 1486 1918 etiatn
1519 1862 1681 1917 David
1708 1876 1854 1925 arma
1881 1860 2086 1915 submi-

510 1969 696 2012 nistrat
719 2000 734 2024 ,
766 1973 886 2013 cum
914 1959 987 2014 ait
1016 1976 1030 2013 :
1059 1956 1318 2028 Loqueltar
1356 1956 1419 2010 de
1442 1954 1737 2009 testimoniis
1763 1953 1860 2008 tuis
1888 1953 1941 2007 in
1966 1969 2088 2007 con-

507 2063 677 2112 spectu
719 2067 890 2122 regum
913 2090 929 2116 ,
959 2060 1006 2104 et
1043 2066 1144 2104 non
1186 2047 1530 2118 confundebar
1568 2044 1757 2118 (Psal.
1796 2046 1920 2101 118.
1951 2043 2020 2099 46
2042 2043 2086 2114 ).

508 2141 668 2195 Multa
711 2142 991 2197 adversum
1039 2157 1126 2196 me
1166 2151 1474 2196 sttuxerunt
1501 2157 1515 2194 :
1545 2139 1798 2210 aluntque
1842 2153 1927 2194 me
1967 2148 2090 2208 post

509 2236 692 2304 epulas
729 2233 1041 2305 quibusdam
1071 2232 1502 2290 communionem
1535 2232 1871 2305 impertiisse.
1905 2229 2018 2286 Hoc
2041 2231 2086 2285 si

511 2329 629 2391 ieci,
657 2329 722 2382 de
748 2331 1118 2398 episcOpnrum
1145 2326 1282 2380 libro
1310 2339 1502 2379 nomen
1533 2339 1706 2378 meum
1733 2332 2084 2394 expungatur,

509 2433 609 2474 nec
639 2421 689 2472 in
718 2419 1031 2474 orthodoxa:
1055 2417 1179 2474 lidei
1214 2417 1483 2489 volumine
1511 2415 1775 2470 scribatur
1795 2459 1810 2482 ,
1839 2415 2084 2485 quoniam

507 2524 633 2564 ecce
661 2511 704 2563 si
733 2509 1017 2580 quidquam
1042 2508 1303 2578 ejusmodi
1331 2507 1650 2576 perpetravi,
1680 2505 1920 2560 Christus
1943 2520 1976 2561 e
2002 2521 2087 2560 re-

507 2615 613 2669 gno
635 2615 734 2654 suo
756 2615 842 2654 me
866 2598 1098 2669 abjiciat.
1128 2597 1278 2667 Quod
1305 2597 1348 2650 si
1381 2597 1507 2650 mihi
1534 2596 1796 2650 obstinata
1832 2605 2008 2650 mente
2034 2595 2084 2650 id

508 2690 741 2758 objicere
783 2699 1004 2760 pergunt
1031 2730 1046 2755 ,
1078 2688 1296 2743 Paulum
1344 2688 1504 2743 etiam
1531 2687 1598 2743 de
1625 2687 1892 2758 dignitati.-
1921 2686 2086 2757 gradu

509 2782 760 2850 dejiciant
786 2821 802 2847 ,
834 2782 922 2851 qui
953 2792 1195 2836 coenatus
1221 2782 1518 2835 universam
1559 2782 1773 2834 domum
1806 2781 2089 2850 baptizavit

511 2872 646 2943 (Act.
682 2875 810 2944 lli);
860 2873 1085 2926 Domino
1113 2873 1238 2926 item
1271 2872 1368 2941 ipsi
1399 2875 1766 2926 auctoritatem
1796 2874 2085 2944 abrogant,

510 2964 598 3034 qui
627 2963 880 3032 apostolis
911 2972 1029 3032 post
1069 2976 1275 3017 cmuam
1301 2964 1728 3016 communionem
1756 2962 1920 3017 dedit.
1949 2963 2083 3028 Quin

513 3071 596 3108 me
637 3068 846 3124 quoque
893 3068 1012 3106 eum
1059 3052 1279 3107 muliere
1323 3053 1674 3107 concubuisse
1717 3053 2083 3108 criminantur.

511 3145 702 3199 limite
730 3159 922 3213 corpus
951 3159 1167 3209 meum,
1199 3152 1252 3198 et
1283 3142 1640 3198 membrorum
1672 3159 1909 3198 meorum
1939 3159 2082 3198 mor-

512 3233 849 3288 tilicationem
877 3233 1172 3302 reperietis.
1203 3233 1399 3289 Verum
1420 3233 1486 3289 ad
1508 3234 1622 3289 huic
1646 3236 1822 3289 omnia
1851 3235 2086 3291 iacienda

460 3355 462 3358 ν
514 3326 679 3379 livore
707 3323 918 3380 adducti
949 3333 1092 3380 sunt.
1125 3326 1192 3378 At
1217 3323 1340 3379 idne
1368 3324 1606 3391 omnino,
1637 3324 1858 3396 Cyriacc
1886 3325 2051 3381 frater
2070 3369 2083 3392 ,

509 3417 743 3470 animum
788 3426 932 3470 tuum
973 3414 1275 3481 discruciat,
1301 3415 1444 3485 quod
1491 3416 1566 3470 illi
1602 3417 1692 3486 qui
1731 3432 1816 3471 me
1847 3433 1914 3472 ex
1957 3419 2088 3472 urbe

514 3508 847 3575 expulerunt,
877 3507 928 3560 in
957 3505 1072 3561 foro
1097 3506 1261 3561 libere
1285 3508 1527 3572 volitant,
1555 3507 1844 3579 ingensque
1866 3510 2086 3579 stipato-

512 3615 626 3652 rum
653 3612 778 3668 grex
807 3612 900 3652 eos
920 3613 952 3652 a
981 3606 1127 3667 tergo
1151 3584 1428 3668 seqmtur?
1448 3596 1645 3653 Verum
1677 3598 1959 3655 recordare
1982 3600 2086 3655 La-

510 3691 616 3744 zat-i
644 3698 700 3745 et
725 3689 908 3744 divitis
935 3689 1075 3743 illius
1102 3688 1252 3761 (Luc.
1287 3689 1376 3761 16)
1407 3707 1420 3742 :
1447 3706 1623 3744 annon
1655 3690 1742 3745 ille
1767 3691 1819 3745 in
1847 3691 1949 3747 hoc
1971 3709 2086 3768 aevo

508 3781 848 3836 talnnitosus
877 3779 972 3834 fuit
995 3821 1011 3848 ,
1043 3780 1128 3835 hic
1151 3792 1329 3836 autem
1363 3782 1713 3851 voluptatibus
1735 3797 1799 3838 ac
1827 3782 1950 3838 luxu
1979 3783 2087 3838 dif-

510 3872 691 3926 t‘uxit?
706 3871 965 3938 Quidnam
986 3887 1142 3940 porro
1162 3873 1234 3927 illi
1260 3883 1539 3943 paupertas
1554 3872 1858 3928 detrimenti
1878 3875 2086 3930 attulit?

509 3966 700 4018 Annon
749 3973 807 4018 ut
849 3963 984 4033 pugil
1012 3978 1075 4016 ac
1120 3965 1286 4018 victor
1315 3963 1367 4016 in
1411 3962 1638 4017 Abrahae
1679 3963 1853 4018 sinum
1879 3964 2087 4020 delatus

510 4056 628 4108 «at?
653 4054 912 4121 Quidnam
949 4069 1159 4109 rursum
1189 4053 1309 4107 huic
1331 4095 1345 4118 ,
1378 4054 1465 4123 qui
1491 4053 1559 4108 .in
1589 4069 1818 4125 purpura
1847 4065 1901 4112 et
1928 4055 2086 4128 bysso

511 4145 890 4213 requiescebat,
911 4159 1039 4212 opes
1062 4144 1360 4213 profuerunt
1381 4143 1404 4196 ?
1427 4143 1522 4198 libi
1546 4144 1796 4198 lictores?
1819 4145 1903 4199 ubi
1925 4146 2085 4201 satel-

513 4238 669 4291 lites?
694 4237 778 4291 ubi
805 4238 925 4307 equi
953 4237 1126 4290 aureis
1150 4237 1314 4290 frenis
1341 4234 1612 4305 insignes?
1641 4237 1724 4291 ubi
1756 4237 2005 4306 parasiti,
2032 4247 2085 4293 et

512 4330 651 4399 regia
681 4329 904 4383 mensa?
932 4330 1122 4383 Annon
1164 4338 1432 4397 tamquam
1471 4328 1611 4397 latro
1643 4328 1852 4384 vinctus
1883 4331 1933 4384 in
1965 4345 2082 4384 mo-

511 4430 818 4476 numentum
866 4420 1262 4484 abducebatur,
1295 4420 1490 4474 nudam
1539 4422 1766 4475 animam
1813 4439 1843 4477 e
1887 4423 2084 4479 mundo

509 4511 737 4566 tfferens
760 4529 772 4564 :
800 4521 957 4581 atque
987 4511 1128 4564 inani
1157 4525 1285 4564 voce
1310 4510 1590 4576 clamabat,
1620 4509 1774 4565 Pater
1797 4511 2080 4579 Abraham,

511 4605 648 4656 mitte
671 4602 938 4664 Lazarum,
956 4611 1007 4653 ut
1027 4602 1238 4672 intingat
1255 4610 1530 4656 extremum
1551 4603 1694 4672 digiti
1711 4604 1792 4655 sui
1810 4605 1862 4656 in
1877 4620 2081 4674 aquam,

509 4706 555 4748 et
574 4695 830 4765 refrigeret
854 4693 1074 4761 linguam
1103 4708 1260 4744 meam
1277 4732 1290 4755 ,
1315 4693 1433 4760 quia
1461 4693 1656 4745 crucior
1680 4693 1729 4746 in
1759 4695 1852 4746 hac
1876 4694 2097 4763 ﬂamma.

514 4781 660 4855 (Luc.
692 4784 772 4838 l6.
794 4781 924 4852 2i)?
950 4781 1084 4850 Quid
1114 4792 1314 4853 patrem
1347 4782 1705 4837 Ahrahamum
1729 4799 1907 4849 vocas,
1931 4786 2084 4853 cujus

511 4877 670 4929 vitam
711 4889 814 4928 non
846 4873 1080 4928 imitatus
1117 4872 1220 4928 es?
1249 4873 1339 4928 Ille
1371 4874 1635 4928 neminem
1666 4890 1769 4929 non
1798 4875 1958 4930 domo
1985 4893 2078 4932 ex-

504 4968 734 5036 cipiebat
758 4983 771 5019 :
796 4977 850 5020 tu
878 4981 944 5021 ne
964 4967 1117 5020 unius
1143 4964 1355 5035 quidem
1379 4969 1624 5036 pauperis
1645 4981 1826 5022 curam
1848 4971 2077 5039 gessisti.

511 5057 620 5112 Nec
647 5073 773 5112 vero
800 5066 882 5112 est
907 5057 1046 5128 quod
1073 5058 1344 5127 lugeamus
1370 5072 1434 5112 ac
1459 5057 1916 5129 collacrymemns,
1938 5063 2078 5132 quod

509 5149 551 5202 is
571 5189 584 5210 ,
613 5146 702 5216 qui
732 5146 889 5201 tantis
914 5147 1100 5215 opibus
1129 5146 1376 5215 pneditus
1402 5156 1548 5212 erat,
1572 5162 1723 5218 aqua:
1745 5159 1945 5219 guttam
1973 5167 2076 5207 non

506 5247 590 5292 est
614 5248 988 5308 consequutus.
1020 5238 1278 5303 Quoniam
1307 5239 1449 5292 enim
1476 5239 1644 5293 micas
1674 5241 1890 5310 pauperi
1919 5243 2075 5297 mini-

511 5345 593 5384 me
634 5330 851 5399 largitus
877 5339 994 5396 est,
1023 5328 1219 5398 idcirco
1245 5343 1310 5383 ne
1338 5337 1536 5399 guttam
1565 5329 1779 5399 quidem
1807 5345 1958 5401 aqua:
1987 5348 2078 5386 ae-

503 5419 647 5487 cipit.
701 5419 897 5474 lliemis
939 5429 1173 5488 tempore
1219 5419 1597 5475 misericordia:
1635 5430 1927 5476 sementem
1971 5438 2074 5478 non

503 5509 649 5576 fecit,
672 5525 733 5566 ac
751 5511 974 5581 proinde
997 5526 1063 5566 ne
1083 5520 1265 5566 aestate
1288 5511 1500 5581 quidem
1521 5526 1752 5568 messem
1775 5513 1914 5568 fecit.
1939 5513 2076 5582 Quin

565 5670 637 5732 (tl)
672 5670 752 5718 His
772 5668 940 5717 similia
965 5667 1131 5732 babes
1162 5677 1309 5732 supra
1331 5667 1383 5732 in
1403 5666 1602 5732 Homilia
1626 5675 1895 5732 antequam
1910 5669 2007 5732 iret
2029 5669 2079 5716 lu

503 5727 746 5790 cnsilium,
772 5740 985 5795 itemque
1009 5730 1056 5777 in
1081 5727 1284 5793 quadam
1308 5727 1616 5792 epistolarum
1638 5727 1696 5776 ad
1719 5727 2060 5792 Olympiadem.

1281 280 1349 360 S.‘
1378 276 1663 336 JOANNIS.
1695 271 2171 333 CHRYSOSTOMI
2212 269 2533 329 ARCHIEP.
2573 271 3110 338 CONSTANTINOP.

3685 279 3793 334 681

2205 391 2304 440 hoc
2349 401 2560 458 quoque
2601 397 2751 442 certo
2788 388 3011 442 consilio
3056 403 3087 441 a
3130 388 3354 445 Domino
3379 400 3554 445 actum
3585 400 3704 453 est.
3735 406 3797 448 ut

2200 477 2480 547 impiorum
2512 492 2662 547 pmua
2685 519 2702 546 ,
2733 489 2786 534 et
2808 479 3068 547 justorum
3095 480 3308 551 requies
3328 496 3410 547 ,ιθ
3435 481 3650 552 regione
3676 484 3795 538 sita:

2199 567 2308 622 sint
2338 587 2351 623 :
2382 570 2628 624 nimirum
2667 580 2722 623 nt
2757 585 2878 625 sese
2913 571 3013 641 ipsi
3058 581 3245 627 mutuo
3273 573 3599 644 prospiciant
3630 583 3796 644 atque

2202 668 2512 728 agnoscant.
2581 659 2729 715 Tunc
2783 661 2926 715 enim
2975 662 3198 732 quilibet
3257 675 3458 736 martyr
3502 673 3792 735 tyrannum

2200 763 2354 803 suum
2391 759 2674 820 agnoscet.
2711 761 2871 821 atque
2919 751 3042 806 item
3078 752 3300 822 quilibet
3341 762 3602 824 tyrannus
3642 770 3792 810 tuar-

2201 851 2371 911 tyrem
2417 857 2538 897 eum
2569 884 2584 907 ,
2633 858 2791 910 quem
2835 843 3070 897 cruciatu
3119 843 3315 899 all‘ecit.
3357 843 3468 900 Nec
3506 859 3637 899 vero
3675 845 3792 901 have

2200 947 2228 984 a
2281 949 2367 987 me
2417 932 2579 987 dico:
2612 934 2733 988 audi
2765 934 3061 1005 enimquid
3105 934 3372 1006 Sapientia
3401 936 3544 990 dicat
3586 952 3603 990 :
3645 934 3794 991 Tunc

2197 1025 2346 1078 stabit
2376 1027 2548 1096 justus
2585 1026 2636 1079 in
2675 1044 2858 1098 magna
2884 1029 3165 1080 constantia
3199 1031 3440 1082 adversus
3465 1043 3551 1082 eos
3571 1070 3586 1092 ,
3737 1043 3791 1080 se

2195 1118 2603 1188 mtgttstiaverunt
2623 1119 2777 1188 (Sap.
2807 1119 2860 1176 5.
2887 1120 2964 1192 1).
2995 1119 3126 1176 Nam
3148 1120 3598 1190 quemadmodum
3622 1121 3668 1177 is
3689 1123 3787 1193 qui

2195 1206 2438 1263 fervente
2465 1209 2578 1264 sole
2607 1210 2708 1264 iter
2733 1211 2874 1275 facit,
2905 1227 2968 1265 ac
2996 1213 3080 1266 siti
3108 1211 3323 1282 ﬂagrat,
3355 1229 3475 1268 cum
3502 1214 3787 1284 limpidum

2197 1297 2396 1352 fontem
2429 1309 2614 1354 nactus
2640 1310 2742 1361 est.
2769 1316 2832 1356 ac
2855 1303 3037 1357 bibere
3064 1302 3394 1372 prohibetur,
3421 1320 3615 1376 magno
3635 1305 3788 1361 dolo-

2194 1405 2254 1446 re
2271 1391 2530 1458 aflicitur;
2558 1401 2648 1447 aut
2673 1408 2879 1446 rursum
2899 1394 3349 1463 quemadmodum
3375 1411 3497 1473 cum
3517 1397 3787 1467 quispiam

2196 1481 2394 1550 ingenti
2421 1473 2558 1537 fame
2587 1483 2827 1549 allectus,
2858 1498 3056 1539 mensa:
3084 1487 3229 1540 omni
3259 1486 3558 1543 eduliorum
3586 1502 3788 1560 genere

2193 1573 2446 1629 conferta:
2473 1574 2672 1630 assidet
2698 1617 2712 1638 ,
2745 1587 2995 1632 ceterum
3026 1592 3056 1631 a
3087 1579 3386 1648 potentiore
3413 1579 3646 1650 quodam
3679 1581 3787 1635 im-

2195 1666 2422 1736 peditur.
2452 1683 2519 1722 ue
2543 1683 2781 1724 mensam
2802 1669 3046 1741 attingat,
3069 1685 3132 1726 ac
3153 1670 3287 1726 cibis
3313 1670 3538 1737 fruatur,
3564 1687 3785 1743 gravem

2191 1759 2435 1815 dolorem
2467 1769 2522 1816 et
2560 1763 2855 1816 cruciatum
2883 1761 3044 1818 sentit
3074 1802 3090 1828 ,
3121 1764 3263 1834 quod
3293 1778 3415 1818 cum
3455 1780 3658 1819 mensa:
3694 1780 3788 1818 ac-

2195 1853 2431 1918 cumbat,
2456 1852 2628 1921 epulis
2653 1862 2830 1908 tamen
2851 1853 3098 1924 gaudere,
3124 1853 3208 1910 vel
3230 1854 3361 1909 fonti
3383 1854 3625 1910 assidens
3645 1871 3786 1926 aqua

2195 1943 2293 1998 frui
2343 1954 2570 2016 nequeat
2602 1963 2614 2000 :
2643 1949 2835 2002 eodem
2871 1946 3033 2002 modo
3067 1947 3118 2003 in
3147 1947 3329 2018 judicii
3357 1947 3447 2004 die
3484 1950 3632 2020 impii
3660 1965 3787 2004 san-

2192 2047 2308 2092 ctos
2337 2038 2478 2093 viros
2503 2038 2658 2094 iretos
2686 2049 2846 2110 atque
2875 2039 3075 2096 hilares
3100 2041 3450 2112 conspicient,
3475 2056 3574 2097 nec
3603 2051 3785 2099 tamen

2199 2131 2328 2199 ipsis
2355 2131 2499 2201 regia
2540 2147 2721 2186 mensa
2749 2131 2850 2186 frui
2877 2132 3219 2188 concedetur.
3250 2131 3382 2188 Nam
3410 2135 3572 2188 etiam
3605 2133 3745 2188 Deus
3766 2174 3782 2197 ,

2198 2236 2319 2276 cum
2351 2221 2418 2277 de
2444 2221 2649 2278 Adamo
2677 2223 2993 2294 supplicium
3019 2238 3233 2280 sumere
3261 2225 3420 2281 vellet
3441 2266 3457 2290 ,
3485 2222 3590 2280 hoc
3617 2223 3744 2281 fecit
3767 2268 3783 2290 ,

2194 2324 2249 2367 ut
2290 2314 2401 2383 ipse
2425 2328 2456 2369 e
2485 2314 2713 2384 paradisi
2744 2316 2960 2386 regione
2988 2326 3182 2372 terram
3218 2317 3421 2374 coleret
3449 2336 3463 2373 :
3489 2334 3596 2389 quo
3635 2318 3786 2375 vide.

2196 2407 2319 2461 licet
2342 2406 2392 2460 in
2411 2405 2654 2476 singulos
2673 2407 2788 2463 dies
2808 2422 2872 2463 ac
2891 2408 3129 2480 singulas
3149 2408 3307 2478 horas
3321 2409 3613 2480 jucundum
3631 2410 3785 2467 illum

2190 2509 2244 2554 ct
2273 2501 2626 2570 expetendum
2658 2500 2854 2568 locmu,
2885 2502 3024 2558 unde
3050 2513 3378 2567 excesserat,
3407 2505 3747 2575 prospiciens
3768 2546 3783 2570 ,

2194 2601 2506 2660 perpetuum
2524 2593 2704 2646 animo
2723 2590 2962 2648 dolorem
2987 2593 3243 2649 hauriret.
3269 2593 3423 2662 Quod
3444 2595 3491 2649 si
3512 2593 3601 2650 hic
3619 2596 3785 2652 etiam

2193 2683 2348 2736 nobis
2378 2693 2560 2737 mutuo
2588 2698 2873 2755 congressu
2912 2684 3012 2739 frui
3043 2701 3147 2742 non
3179 2686 3364 2752 licuit,
3403 2697 3458 2743 at
3486 2703 3648 2742 nemo
3677 2687 3785 2744 illic

2192 2773 2443 2837 obstabit,
2473 2775 2601 2844 quin
2629 2784 2738 2829 tum
2765 2792 2866 2830 una
2893 2776 3167 2846 degamus,
3201 2792 3418 2849 eosque,
3449 2793 3479 2832 a
3505 2779 3704 2849 quibus
3729 2781 3786 2836 in

2191 2865 2434 2918 exsiliunt
2461 2866 2613 2934 ejecti
2640 2880 2845 2930 sumus,
2873 2868 3164 2932 videmnus,
3193 2878 3250 2923 ut
3275 2869 3508 2924 Lazarus
3533 2869 3782 2938 divitem,

2191 2968 2244 3011 et
2274 2968 2535 3028 martyres
2557 2967 2832 3029 tyrannos.
2861 2960 2937 3014 Ac
2958 2959 3176 3029 proinde
3199 2961 3431 3014 animum
3457 2976 3522 3016 nc
3544 2964 3786 3031 despon-

2189 3050 2280 3117 de,
2315 3066 2497 3104 verum
2530 3051 2665 3106 banc
2693 3051 2964 3121 prapheta:
2990 3066 3173 3107 vocem
3203 3052 3258 3106 iu
3284 3054 3597 3107 memoriam
3624 3069 3786 3110 revo-

2193 3159 2252 3197 Cit
2279 3162 2291 3197 :
2320 3141 2494 3197 Nolite
2517 3144 2691 3198 timere
2713 3144 3038 3214 opprobrium
3063 3144 3342 3210 hominum,
3364 3154 3410 3198 et
3433 3154 3781 3217 contemptum

2195 3251 2365 3288 eorum
2389 3251 2451 3288 ne
2475 3235 2703 3288 metualis
2727 3235 2888 3288 :sicut
2913 3235 3045 3289 enim
3066 3235 3187 3290 lana
3214 3252 3247 3289 a
3274 3237 3407 3289 tinea
3433 3236 3674 3292 rodentttr
3694 3279 3710 3302 ,
3733 3248 3782 3293 et

2189 3326 2316 3380 sicut
2360 3326 2701 3380 aestimentur»
2747 3335 3048 3380 veterasunt
3073 3326 3091 3397 (
3116 3325 3244 3380 lsai.
3282 3326 3373 3381 5|.
3417 3327 3470 3380 7.
3512 3327 3613 3398 8).
3645 3328 3781 3383 Illutl

2188 3422 2348 3476 etiam
2378 3420 2760 3488 animadverte,
2782 3419 3050 3490 quomodo
3083 3420 3354 3482 Dominus,
3380 3418 3482 3474 hoc
3505 3429 3587 3475 est
3617 3421 3663 3475 is
3688 3424 3780 3492 qui

2189 3513 2444 3567 mundum
2473 3513 2730 3580 continet,
2751 3514 2928 3567 statim
2948 3511 3017 3565 ab
3040 3509 3371 3566 incunabulis
3391 3511 3776 3581 exagitabatur,

2187 3615 2346 3675 atque
2374 3606 2423 3660 in
2450 3604 2795 3660 barbarorum
2824 3613 3017 3658 terram
3040 3603 3348 3670 cjicicbalur
3375 3619 3389 3655 :
3415 3617 3523 3672 quo
3549 3617 3648 3657 nos
3675 3605 3780 3658 sci—

2192 3697 2316 3752 licet
2338 3699 2584 3767 exctuplo
2609 3711 2706 3750 suo
2729 3706 2992 3762 moneret,
3016 3711 3083 3750 uc
3111 3696 3161 3749 in
3191 3694 3564 3749 mutationibus
3584 3695 3782 3749 aiiitnis

2191 3789 2514 3859 frangamur.
2557 3789 2850 3843 Salvatoris
2880 3787 3056 3858 passio
3083 3786 3175 3841 tibi
3211 3787 3264 3841 in
3291 3787 3468 3841 animo
3493 3795 3739 3842 versetur
3761 3829 3778 3851 ,

2191 3896 2382 3951 nempe
2404 3889 2532 3952 quot
2559 3879 2896 3935 contumeliis
2915 3880 3028 3950 ipse
3049 3889 3224 3934 nostra
3251 3893 3408 3933 causa
3434 3877 3656 3932 allectus
3679 3881 3772 3934 sit.

2190 3972 2292 4028 Alii
2325 3973 2466 4027 enim
2506 3986 2628 4027 eum
2663 3964 3052 4026 Samaritauum
3087 3969 3386 4034 vocabant,
3416 3971 3504 4024 alii
3542 3970 3778 4042 arrepti-

2190 4067 2320 4120 tium
2346 4108 2361 4131 ,
2392 4074 2444 4121 et
2490 4064 2795 4120 helluonem
2820 4106 2834 4129 ,
2865 4071 2919 4120 et
2954 4061 3144 4118 falsum
3185 4063 3516 4131 prepltetam.
3548 4061 3779 4118 Aiehant

2187 4159 2330 4214 enim
2364 4178 2377 4213 :
2415 4157 2543 4212 Ecce
2571 4158 2721 4211 homo
2750 4171 2906 4211 voras:
2943 4165 2989 4209 et
3017 4162 3214 4225 potator
3243 4154 3344 4220 riui
3379 4152 3526 4226 (Luc.
3556 4155 3610 4208 7.
3636 4155 3734 4226 31)
3759 4195 3776 4220 .

2187 4261 2241 4306 ct
2269 4269 2282 4304 :
2313 4249 2378 4305 lu
2402 4250 2630 4320 principe
2650 4248 3015 4302 datmoniontm
3041 4247 3184 4313 eiecit
3205 4245 3455 4319 dtemonia
3478 4243 3694 4316 (Hattlt.
3717 4247 3774 4303 9.

2187 4344 2302 4413 54).
2333 4342 2470 4409 Quid
2497 4356 2619 4397 cum
2645 4356 2768 4396 eum
2795 4339 3061 4396 ducebant
3084 4348 3142 4394 ut
3168 4337 3460 4409 praecipitio
3487 4349 3736 4395 necarent
3758 4381 3774 4404 ,

2188 4445 2244 4490 et
2264 4451 2384 4490 cum
2413 4435 2578 4506 ipsius
2605 4434 2790 4498 {aciem
2817 4432 3220 4504 conspuehaut?
3239 4431 3366 4503 quid
3385 4447 3505 4486 cum
3531 4430 3779 4506 chlamy-

2188 4526 2311 4582 dem
2351 4526 2449 4596 ipsi
2496 4524 2877 4596 impOnebant,
2904 4540 2967 4580 ac
2995 4523 3164 4595 spinis
3191 4523 3364 4593 ipsum
3400 4523 3728 4582 coronabant
3753 4567 3772 4589 ,

2189 4627 2348 4689 atque
2374 4617 2439 4671 ad
2482 4616 2646 4686 ipsius
2689 4616 2852 4687 pedes
2887 4615 3100 4670 ludibrii
3135 4629 3293 4669 causa
3323 4630 3383 4670 se
3409 4615 3730 4685 abjiciebant
3755 4659 3774 4682 .

2189 4725 2288 4766 nec
2331 4711 2491 4765 ullum
2540 4710 2799 4766 irrisionis
2843 4723 3012 4780 genus
3054 4710 3108 4763 in
3144 4723 3210 4763 eo
3254 4708 3774 4778 praetermittebat“?

2186 4801 2312 4872 quid
2347 4816 2466 4857 cum
2496 4803 2662 4872 alapis
2698 4803 2869 4871 ipsum
2895 4799 3211 4855 (audebant?
3237 4815 3358 4855 cum
3387 4811 3596 4856 acetum
3621 4810 3678 4857 et
3701 4801 3778 4860 id

2189 4892 2476 4948 hibendqu
2513 4893 2562 4948 ei
2592 4891 2827 4947 dabant?
2869 4906 2988 4945 cum
3027 4889 3285 4945 arundine
3315 4889 3481 4961 ipsius
3504 4899 3666 4961 caput
3694 4890 3775 4948 fo-

2189 4984 2434 5039 riebant?
2464 5000 2583 5039 cum
2612 4982 2932 5054 sanguinarii
2963 4981 3036 5037 illi
3059 4995 3222 5038 canes
3249 4996 3372 5037 eum
3398 4981 3502 5036 huc
3525 4991 3688 5052 atque
3711 4985 3779 5041 il-

2187 5077 2272 5132 luc
2295 5075 2609 5132 trahebant?
2634 5075 2758 5145 quid
2780 5090 2898 5130 cum
2919 5073 2986 5130 ad
3008 5083 3232 5130 mortem
3257 5074 3432 5130 nudus
3455 5074 3776 5144 ducebatur,

2183 5184 2476 5239 omnesque
2510 5167 2753 5237 discipuli
2791 5183 2912 5224 eum
2941 5167 3329 5232 deseruerant,
3356 5176 3516 5238 atque
3540 5183 3682 5226 unus
3705 5185 3778 5229 cx

2185 5260 2313 5330 ipsis
2337 5277 2458 5315 eum
2486 5260 2804 5328 prodiderat.
2828 5260 2965 5316 alter
2985 5269 3302 5330 negaverat;
3323 5259 3416 5315 alii
3438 5259 3613 5330 fugam
3637 5263 3777 5320 inie-

2185 5362 2341 5418 rant,
2370 5351 2516 5405 solus
2559 5351 2670 5420 ipse
2709 5351 2761 5406 in
2805 5351 2979 5407 media
3019 5351 3105 5406 illa
3150 5350 3301 5406 turba
3341 5351 3516 5406 nudus
3554 5353 3777 5412 stabat?

2185 5443 2370 5514 (festus
2391 5443 2586 5513 quippe
2605 5442 2716 5497 dies
2737 5452 2870 5508 erat,
2894 5458 3083 5499 omnes
3103 5453 3226 5498 tunc
3248 5443 3300 5498 in
3322 5459 3485 5498 unum
3506 5459 3703 5516 cogens
3730 5452 3775 5520 ;)

2182 5533 2330 5606 quid,
2359 5550 2479 5588 cum
2513 5544 2776 5603 tamquam
2805 5549 3003 5590 nocens
3031 5543 3083 5589 et
3111 5534 3442 5590 facinorosos
3470 5536 3607 5591 inter
3638 5537 3771 5594 laci-

2183 5641 2406 5683 norosos
2433 5626 2575 5681 cruci
2602 5623 2913 5697 aiﬁgebatur
2930 5668 2945 5694 ,
2977 5641 3040 5682 ac
3070 5635 3410 5697 posteaquam
3439 5643 3471 5684 e
3495 5643 3655 5687 cruce
3676 5631 3770 5689 de-

2185 5721 2377 5777 missus
2406 5729 2507 5784 est,
2533 5717 2730 5774 tamdiu
2756 5719 3060 5774 inhumatus
3079 5717 3265 5790 jacuit,
3288 5718 3483 5791 quoad,
3510 5730 3566 5776 ut
3587 5724 3769 5796 segne.
