4076 6430
301 333 409 390 635

305 461 419 506 tura
445 449 758 517 donaretur,
789 465 820 504 a
846 450 1079 522 quodam
1109 449 1404 521 postulatus
1430 448 1552 504 est?
1598 447 1904 503 ltecordare

302 559 426 600 cum
448 542 638 602 funere
658 559 762 600 non
780 543 979 599 elatum
1002 558 1142 608 esse,
1170 543 1580 612 improbumque
1597 555 1904 598 sermonem

304 637 562 694 adversus
605 654 726 695 eum
767 637 1174 693 disseminatum
1207 637 1371 692 fuisse
1394 678 1410 699 ,
1444 636 1692 690 nimirum
1720 649 1845 689 eum
1874 648 1906 688 a

305 729 582 799 discipulis
631 728 746 785 suis
793 738 1099 799 surreptum
1151 726 1314 782 fuisse
1338 768 1354 794 ,
1404 743 1503 781 nec
1547 725 1909 782 resurrexisse

302 818 522 891 (Matth.
550 817 669 891 28).
715 819 772 874 ln
803 829 1036 874 mentem
1067 818 1282 872 veniant
1307 818 1534 889 apostoli
1560 859 1574 884 ,
1603 818 1692 888 qui
1725 828 1778 871 et
1806 817 1906 887 ipsi

305 910 679 983 undecumque
702 909 1052 976 vexabantur,
1075 924 1139 965 ac
1157 909 1390 964 latebras
1408 910 1742 980 qumrebant,
1765 906 1908 978 quod

305 1002 359 1057 in
387 1001 611 1058 urbibus
636 1002 808 1073 palam
842 1001 1042 1056 versari
1070 1016 1175 1056 non
1199 1011 1420 1071 possent
1451 1021 1464 1055 :
1490 1016 1722 1071 quonam
1752 1010 1911 1070 pacto

308 1095 502 1151 Petrus
528 1094 668 1164 apud
696 1094 967 1150 Simonem
998 1093 1284 1150 coriariutn
1314 1093 1664 1150 delitescebat
1691 1092 1826 1164 (Act.
1852 1093 1906 1150 9.

307 1191 424 1262 45),
451 1200 508 1247 et
533 1190 729 1246 Paulus
755 1190 894 1261 apud
926 1191 1202 1246 mulierem
1229 1188 1624 1260 pttrpttrariam.
1652 1188 1907 1258 quoniam

307 1283 378 1340 tlc
402 1282 630 1338 divitum
659 1298 788 1354 erga
814 1299 875 1339 se
900 1283 1080 1338 animo
1105 1281 1423 1337 dubitabant
1450 1279 1629 1350 (Ibid.
1663 1281 1753 1335 16.
1788 1280 1908 1351 l5).

309 1378 381 1431 At
422 1386 610 1446 postea
651 1377 831 1432 omnia
874 1375 1004 1446 ipsis
1042 1374 1199 1447 plana
1240 1383 1297 1429 et
1336 1373 1507 1429 facilia
1546 1371 1782 1429 fuerunt.
1830 1373 1914 1428 Ad

308 1468 560 1524 eumdem
582 1468 743 1540 igitur
762 1466 979 1523 modum
1001 1476 1056 1522 tu
1077 1480 1290 1537 quoque
1312 1465 1550 1521 animum
1574 1481 1641 1521 ne
1663 1464 1902 1537 dejicias.

312 1559 548 1616 Nlatum
569 1570 746 1615 autem
766 1557 834 1613 ad
855 1573 942 1614 me
960 1565 1045 1612 est
1063 1557 1129 1613 de
1148 1556 1320 1612 deliro
1349 1556 1442 1613 illo
1469 1557 1695 1612 Arsacio
1713 1598 1728 1623 ,
1751 1571 1910 1627 quem

313 1648 630 1722 lmperatrix
659 1651 710 1706 in
738 1650 934 1706 throno
958 1649 1274 1715 collocavit,
1303 1665 1426 1706 eum
1457 1647 1650 1706 fratres
1678 1664 1773 1705 eos
1796 1664 1913 1705 om-

315 1757 433 1812 nes,
464 1743 556 1815 qui
580 1745 597 1776 ⁸
618 1758 741 1800 cum
767 1743 884 1814 ipso
909 1743 1308 1799 communicare
1330 1743 1671 1808 recusabant,
1696 1741 1918 1798 atllixis-

315 1851 375 1893 se
405 1854 420 1892 :
450 1846 508 1893 et
545 1836 741 1893 multos
784 1851 852 1892 ex
895 1836 1024 1906 ipsis
1065 1837 1170 1891 mei
1211 1850 1372 1892 causa
1418 1835 1471 1890 in
1517 1834 1744 1890 vinculis
1773 1834 1916 1891 diem

314 1930 440 1985 vita
480 1937 778 1986 extremum
803 1928 1088 1985 ’clausisse.
1133 1925 1410 2000 Siquidem
1450 1927 1607 1998 lupus
1637 1927 1729 1984 ille
1753 1970 1768 1995 ,
1800 1927 1920 1984 ovis

313 2021 550 2093 speciem
579 2038 695 2094 prae
723 2037 783 2078 se
812 2020 990 2078 ferens
1011 2063 1030 2091 ,
1070 2022 1170 2079 etsi
1212 2022 1451 2093 episcOpi
1495 2022 1696 2077 larvam
1727 2032 1916 2093 gerat,

315 2111 530 2168 adulter
569 2123 746 2168 tamen
791 2121 892 2168 est.
926 2111 998 2170 Ut
1024 2113 1167 2168 enim
1196 2113 1387 2168 mulier
1426 2113 1669 2169 adultera
1699 2121 1920 2169 vocatur

315 2217 437 2272 qua!
466 2203 683 2259 vivente
709 2203 827 2258 viro
855 2204 1008 2260 alteri
1039 2203 1189 2259 nubit
1218 2220 1235 2258 :
1263 2203 1454 2261 eodem
1486 2203 1648 2260 modo
1674 2203 1762 2260 hic
1785 2220 1920 2275 quo-

317 2310 424 2365 que
459 2295 670 2351 adulter
697 2305 780 2353 est
803 2336 818 2362 ,
844 2311 952 2352 non
978 2297 1156 2354 carnis
1181 2339 1197 2364 ,
1229 2297 1324 2354 sed
1361 2297 1584 2369 spiritus
1617 2315 1630 2352 :
1661 2313 1750 2355 me
1773 2298 1919 2355 enim

317 2385 530 2441 vivente
562 2385 816 2442 Ecclesia
857 2386 1118 2443 thronum
1159 2387 1372 2444 invasit.
1404 2389 1581 2459 Atque
1609 2389 1722 2446 haec
1763 2390 1854 2445 tibi
1886 2405 1926 2446 e

317 2475 532 2534 Cueuso
547 2479 569 2511 ⁸
589 2479 810 2550 scripsi,
829 2495 937 2551 quo
956 2479 1208 2537 videlicet
1233 2480 1550 2553 lmperatrix
1576 2482 1808 2555 ablegari
1834 2501 1921 2542 me

313 2567 495 2637 jussit.
526 2568 700 2626 Multa:
726 2585 888 2642 porro
937 2573 1071 2628 mihi
1117 2572 1171 2628 in
1203 2573 1286 2628 via
1317 2575 1648 2631 calamitates
1676 2577 1920 2649 contige-

319 2668 444 2716 runt
465 2680 480 2717 :
505 2676 690 2718 verum
717 2663 851 2719 nihil
873 2663 1136 2736 ejusmodi
1161 2665 1291 2722 mihi
1313 2681 1458 2723 cura:
1479 2666 1596 2723 fuit.
1645 2668 1717 2728 Ut
1739 2679 1918 2725 autem

319 2751 374 2807 in
401 2751 815 2826 Cappadociam,
843 2766 1006 2827 atque
1029 2756 1192 2813 etiam
1222 2757 1276 2813 in
1300 2757 1747 2814 Tauro-Ciliciam
1773 2761 1921 2818 veni-

321 2860 444 2902 mus
464 2886 482 2914 ,
511 2861 707 2921 magno
746 2851 960 2919 agmine
1003 2851 1176 2907 sancti
1206 2861 1388 2922 patres
1408 2893 1424 2918 ,
1453 2867 1519 2909 ac
1548 2853 1834 2918 monachi,
1867 2863 1922 2910 et

319 2937 559 3010 virgines
581 2940 802 2997 obviam
824 2943 978 2998 nobis
1004 2943 1330 3014 prodibant,
1358 2946 1616 3003 infinitam
1646 2948 1914 3019 lacryma-

317 3045 439 3087 runt
463 3032 570 3087 vim
592 3033 990 3104 profundentes.
1014 3035 1257 3108 Cumque
1274 3053 1374 3095 nos
1390 3040 1441 3096 in
1458 3041 1703 3097 exsilium
1721 3042 1922 3097 abeun-

320 3133 404 3179 tes
427 3135 712 3182 cernerent
735 3167 752 3193 ,
784 3128 837 3183 in
881 3127 1037 3186 ﬂetus
1077 3133 1525 3204 prorumpebant,
1558 3134 1746 3206 hisque
1775 3135 1916 3192 inter

320 3231 381 3270 se
405 3215 588 3271 verbis
615 3218 937 3276 utebantur:
964 3221 1141 3279 Satius
1171 3223 1359 3281 fuisset
1387 3226 1556 3282 solem
1587 3227 1764 3282 radios
1791 3244 1920 3283 suos

320 3311 634 3366 subtrahere
657 3353 684 3379 ι
702 3327 861 3384 quam
887 3313 1109 3370 Joannis
1135 3331 1199 3372 os
1221 3317 1512 3374 conticere.
1541 3318 1669 3374 Haec
1693 3334 1778 3375 me
1802 3336 1922 3390 pcr-

321 3401 608 3457 turbabant
645 3418 709 3459 ac
736 3405 1049 3477 premebant
1073 3448 1089 3473 ,
1122 3409 1374 3478 quoniam
1402 3424 1590 3466 omnes
1612 3425 1729 3466 mea
1760 3426 1919 3467 causa

321 3493 597 3565 plorantes
645 3497 914 3553 intuebar.
961 3499 1094 3554 Nam
1139 3513 1332 3556 cartera
1377 3503 1554 3557 omnia
1580 3543 1596 3570 ,
1636 3517 1756 3573 qua:
1789 3503 1921 3558 mihi

320 3585 516 3641 oborta
553 3595 702 3653 sunt,
727 3587 876 3644 nulla
901 3605 988 3644 me
1017 3605 1145 3646 cura
1174 3590 1487 3648 affecerunt.
1518 3594 1589 3649 At
1616 3610 1744 3650 vero
1776 3595 1923 3650 urbis

323 3677 547 3749 hujusce
587 3681 869 3752 episcopus
905 3697 1164 3755 perquam
1197 3686 1500 3766 humaniter
1528 3704 1627 3743 nos
1662 3690 1874 3760 excepit
1906 3734 1922 3760 ,

320 3779 632 3844 tantamque
661 3789 786 3846 erga
813 3791 911 3832 nos
939 3779 1214 3834 caritatem
1243 3794 1352 3850 pra:
1379 3795 1441 3837 se
1468 3781 1606 3846 tulit,
1635 3792 1690 3837 ut
1719 3784 1882 3839 etiam
1900 3825 1918 3853 ,

318 3864 362 3915 si
396 3861 512 3919 fleri
542 3867 839 3934 potuisset,
877 3866 1074 3924 throno
1108 3885 1320 3942 qunque
1359 3886 1457 3926 suo
1489 3874 1642 3928 nobis
1666 3889 1921 3930 cessurus

321 3956 516 4023 fuerit,
549 3958 652 4012 nisi
680 3959 835 4015 nobis
860 3962 1159 4022 cavendum
1191 3962 1417 4032 fuisset,
1446 3981 1512 4021 ne
1548 3969 1919 4039 praescriptum

320 4047 546 4102 limitem
575 4050 979 4108 excederemus.
1019 4053 1378 4121 Quamobrem
1411 4064 1464 4112 te
1489 4072 1620 4129 rogo
1643 4099 1658 4124 ,
1692 4074 1754 4114 ac
1776 4061 1920 4115 velut

317 4137 546 4207 genibus
577 4141 680 4195 tuis
708 4140 989 4198 advolutus
1016 4144 1256 4201 obtestor
1278 4187 1294 4213 ,
1326 4154 1387 4201 ut
1439 4164 1726 4206 morrorem
1754 4162 1808 4207 et
1837 4152 1921 4206 lu-

319 4239 466 4284 ctum
507 4230 727 4302 abjicias
751 4274 766 4297 ,
798 4248 862 4289 ac
899 4250 998 4306 pro
1025 4235 1181 4294 nobis
1207 4238 1348 4309 apud
1378 4240 1544 4298 Deum
1575 4258 1783 4299 metnor
1807 4245 1880 4300 sis
1902 4286 1917 4312 ,

320 4321 582 4394 nobisque
612 4325 896 4383 rescribas.

391 4457 646 4516 CXXVI.
677 4460 874 4533 Ruﬁne
904 4466 1214 4538 presbytero.
1245 4467 1477 4539 (Cucuso
1513 4485 1656 4526 anno
1694 4471 1844 4544 406.)

391 4595 680 4653 thnicia:
706 4599 842 4654 mala
876 4616 1086 4656 rursum
1120 4606 1410 4672 exarsisse,
1440 4621 1502 4661 ac
1527 4609 1804 4678 gentilium
1835 4609 1918 4665 fn-

319 4705 499 4745 rnrem
527 4702 742 4747 auctum
767 4708 885 4748 esse
912 4695 1091 4765 accepi
1119 4713 1131 4749 :
1181 4697 1594 4771 compluresque
1625 4705 1918 4759 monachos

319 4781 512 4848 partim
541 4782 848 4838 vulneribus
872 4784 1091 4841 affectos
1109 4802 1250 4848 esse,
1281 4790 1474 4857 partim
1498 4792 1661 4847 etiam
1689 4807 1915 4852 mortem

315 4872 538 4930 abiisse.
569 4873 694 4930 Ideo
729 4877 986 4946 majorem
1019 4879 1073 4932 in
1103 4880 1321 4934 modum
1356 4891 1405 4937 te
1455 4898 1638 4954 urgeo,
1672 4895 1916 4956 utquam

313 4965 602 5022 celerrime
647 4976 699 5022 te
739 4967 805 5022 ad
854 4969 952 5023 iter
995 4971 1259 5042 accingas,
1309 4984 1468 5043 atque
1523 4976 1579 5030 in
1621 4979 1737 5034 acie
1781 4992 1909 5036 διες.

311 5056 533 5112 tlertum
563 5058 706 5115 enim
753 5058 925 5117 habeo
956 5062 1093 5130 fore,
1118 5073 1176 5118 ut
1205 5065 1248 5118 si
1279 5081 1485 5135 preces,
1519 5079 1570 5124 et
1599 5071 1871 5127 lenitatem
1900 5117 1914 5139 ,

311 5155 370 5202 et
421 5153 918 5223 mansuetudinem,
972 5169 1029 5214 et
1069 5159 1429 5230 tolerantiam,
1477 5173 1530 5218 et
1582 5163 1914 5235 patientiam,

311 5258 541 5314 eamque
585 5262 743 5318 quam
783 5253 927 5304 soles
963 5251 1125 5305 animi
1163 5251 1530 5308 fortitudinem
1581 5255 1912 5326 adhibueris,

312 5336 396 5392 vel
425 5348 646 5408 aspectu
673 5341 792 5395 solo
817 5341 1156 5398 adversarios
1178 5345 1227 5398 in
1252 5343 1428 5416 fugam
1455 5346 1736 5416 conjicias,
1767 5349 1914 5421 ipso-

380 5453 398 5527 ξ
428 5460 558 5527 frmi
579 5452 757 5527 fratres
779 5462 824 5506 et
848 5455 1058 5527 virgines
1080 5471 1208 5527 qum.

375 5516 396 5546 ⁸
428 5515 616 5589 Εόίιηξ
628 5515 1046 5589 ,ςυςηεο-σίιὶετω.
1061 5515 1179 5570 ﬁdit.
1197 5520 1356 5580 savil.,
1373 5536 1401 5573 ε
1417 5523 1635 5575 Cucusis.
1658 5532 1705 5575 In
1723 5526 1918 5578 duobus

310 5585 420 5628 διες.
448 5593 564 5637 vox,
584 5579 784 5638 (uicina,
808 5581 972 5630 deest.
996 5589 1141 5632 certe
1163 5579 1399 5634 Cucusum
1424 5599 1520 5635 non
1543 5600 1719 5638 omnes
1740 5589 1915 5640 Cilicia:

311 5653 429 5709 esse
446 5641 690 5691 dieehant.
716 5644 759 5692 si
781 5655 900 5709 vera
921 5645 984 5692 sit
1008 5643 1179 5693 horum
1213 5647 1432 5696 codicum
1477 5647 1643 5709 lectio,
1669 5657 1722 5700 et
1746 5665 1913 5702 veram

310 5705 484 5769 utique
508 5711 642 5769 puto,
666 5710 781 5769 tunc
801 5704 990 5769 levatur
1020 5719 1167 5769 supra
1197 5718 1460 5760 memorata
1499 5712 1547 5760 in
1585 5704 1758 5762 monito
1793 5714 1914 5764 ditii-

307 5765 480 5816 enltas.
504 5765 784 5832 Atltanasins
811 5767 937 5832 illam
965 5782 1012 5832 ut
1029 5765 1136 5832 Cum
1155 5770 1316 5822 adocia
1343 5771 1466 5824 locat
1489 5776 1756 5826 iutlistut‘ia
1781 5775 1912 5827 Aria-

305 5840 483 5879 amun
505 5828 565 5878 ad
588 5829 838 5882 ttonachos
857 5843 906 5895 ιι.
927 5830 1036 5880 διδ.

1770 330 2147 388 ιιῐιιδτοιε.

3519 345 3624 401 683

2012 465 2242 521 rumque
2272 449 2506 509 furorem
2533 453 2864 528 exstinguas,
2897 463 3059 529 atque
3081 473 3268 514 eorum
3297 456 3388 530 qui
3410 465 3624 513 nostras

2013 555 2193 614 partes
2210 554 2428 603 tuentur
2445 549 2658 604 animos
2673 564 2905 614 rccrees,
2935 552 3210 622 multaque
3232 551 3372 608 bona
3394 551 3622 609 efficias.

2012 641 2189 708 Quare
2237 660 2307 701 ne
2353 645 2644 711 cuncteris,
2687 661 2789 703 nec
2833 648 3232 718 procrasnnes;
3278 648 3373 703 sed
3431 645 3623 717 majori

2011 733 2294 791 celeritate
2319 737 2509 804 utaris,
2540 747 2700 809 teque
2727 737 2864 806 haec,
2887 755 3007 810 qua:
3028 755 3058 796 a
3088 754 3175 796 me
3199 748 3626 796 commemorata

2013 833 2160 891 sunt,
2194 825 2510 883 alacriorem
2551 827 2798 885 reddant.
2849 828 3063 886 Etenim
3108 831 3154 886 si
3198 829 3624 902 conflagrantem

2013 913 2234 972 domum
2278 917 2508 975 vidisses
2530 960 2547 988 ,
2594 936 2702 978 non
2740 921 2984 993 profecto
3029 924 3386 992 recessisses,
3438 938 3627 980 verum

2016 1008 2277 1078 majorem
2301 1009 2464 1068 etiam
2494 1010 2893 1070 festinationem
2938 1015 3279 1074 adhibuisses
3298 1058 3312 1083 ,
3341 1031 3450 1088 quo
3477 1015 3630 1073 flant-

2017 1115 2160 1155 mam
2185 1110 2558 1161 anteverteres
2575 1146 2594 1174 ,
2621 1114 2785 1178 atque
2814 1115 2925 1162 tum
2957 1121 3056 1179 per
3082 1117 3157 1176 te,
3191 1116 3304 1165 tum
3333 1124 3431 1180 per
3456 1109 3594 1165 alios
3613 1150 3630 1176 ,

2016 1193 2230 1263 quidvis
2254 1197 2462 1268 egisses
2479 1239 2496 1266 ,
2523 1209 2583 1255 ut
2611 1199 2812 1255 malum
2837 1203 3233 1274 exstingueres.
3269 1203 3472 1260 Eodem
3498 1219 3632 1276 ergo

2019 1287 2182 1342 modo
2223 1303 2367 1345 nunc
2391 1305 2626 1362 quoque,
2668 1292 2924 1363 quoniam
2970 1292 3276 1366 hujusmodi
3323 1295 3631 1352 incendium

2019 1381 2314 1438 excitatum
2341 1391 2446 1450 est,
2476 1382 2561 1440 fac
2584 1384 2703 1440 sine
2731 1385 2843 1441 ulla
2887 1401 3038 1442 mora
3067 1387 3194 1444 illuc
3225 1388 3490 1459 proficisci
3519 1406 3635 1444 nnt-

2021 1481 2208 1530 tnres:
2255 1481 2418 1546 atque
2459 1475 2682 1533 omnino
2735 1477 2939 1549 aliquid
2984 1479 3091 1535 laeti
3142 1480 3457 1552 continget,
3514 1498 3624 1537 ina-

2019 1580 2293 1640 gnumque
2320 1568 2406 1624 his
2432 1569 2788 1627 incommodis
2815 1573 3116 1629 remedium
3151 1573 3430 1632 afferetur.
3464 1577 3631 1644 Sane,

2021 1673 2143 1714 cum
2173 1659 2354 1716 omnia
2384 1661 2564 1732 quieta
2593 1670 2650 1718 et
2694 1663 2980 1735 tranquilla
3024 1675 3171 1729 sunt.
3202 1681 3304 1723 nec
3348 1667 3634 1738 quisquam

2022 1759 2110 1807 est
2126 1751 2229 1822 qui-
2241 1751 2438 1808 bellum
2465 1751 2694 1823 inferat,
2727 1752 3018 1812 nonnullos
3046 1756 3112 1812 ad
3142 1757 3396 1829 pietatem
3420 1760 3635 1815 erudire

2021 1844 2306 1915 cujuslibet
2342 1844 2577 1902 hominis
2601 1859 2686 1903 est
2712 1865 2726 1902 :
2753 1856 2811 1904 at
2836 1863 2960 1904 cum
2987 1849 3238 1907 diabolus
3278 1851 3351 1906 ita
3383 1851 3544 1920 furit,
3573 1868 3636 1907 ac

2023 1937 2301 1995 daemones
2335 1953 2486 1995 arma
2517 1939 2768 2010 induunt,
2810 1938 2937 1998 forti
2967 1944 3153 1999 animo
3178 1955 3322 2001 stare
3346 1985 3363 2013 ,
3393 1954 3560 2018 atque
3585 1955 3635 2002 «τι

2023 2046 2118 2087 eos
2143 2030 2234 2103 qui
2272 2031 2342 2088 ab
2372 2031 2513 2089 illius
2539 2033 2783 2104 partibus
2811 2043 2978 2103 stant,
3006 2037 3242 2108 eripere,
3274 2047 3329 2094 et
3366 2047 3595 2095 caeteros
3621 2081 3636 2101 .

2025 2139 2094 2180 ne
2122 2123 2176 2179 in
2201 2124 2340 2181 illius
2361 2141 2552 2183 manus
2575 2127 2838 2196 incidant,
2862 2128 3146 2200 impedire,
3177 2132 3278 2188 hoc
3302 2134 3509 2189 strenui
3538 2122 3638 2190 viti

2023 2223 2130 2283 est,
2161 2214 2266 2272 hoc
2290 2215 2456 2271 animi
2487 2217 2778 2289 vigilantis,
2814 2221 2918 2276 hoc
2945 2220 3192 2278 sublimis
3217 2231 3322 2279 tua:
3348 2233 3403 2280 et
3441 2221 3624 2296 ex‘per-

2025 2319 2187 2366 rectae
2217 2311 2436 2380 mentis,
2468 2311 2574 2369 hoc
2597 2315 2868 2370 sexcentis
2890 2315 3108 2371 coronis
3132 2331 3197 2371 ac
3223 2319 3461 2388 praemiis
3486 2319 3635 2374 omni

2025 2420 2275 2464 sermone
2286 2412 2749 2480 praestantioribus
2765 2411 3008 2484 dignum,
3024 2411 3125 2470 hoc
3143 2412 3372 2486 denique
3386 2415 3637 2486 apostoli-

2025 2513 2146 2553 cum
2185 2499 2413 2558 facinus.
2446 2502 2580 2558 lllud
2628 2505 2791 2576 igitur
2825 2521 2948 2561 cum
2993 2507 3176 2561 animo
3218 2516 3311 2563 tuo
3359 2518 3637 2579 reputans,

2027 2601 2245 2662 tempus
2286 2593 2430 2649 istud
2474 2596 2839 2668 adipiscenda:
2883 2598 3071 2667 gloria:
3121 2599 3213 2654 tibi
3268 2599 3636 2668 occasionem,

2025 2693 2187 2755 atque
2213 2684 2405 2742 infiniti
2433 2698 2672 2759 qurestus
2701 2694 2756 2744 et
2779 2689 3133 2746 emolumenti
3159 2692 3440 2747 materiam
3473 2707 3593 2747 esse
3620 2735 3635 2758 ,

2025 2790 2177 2842 cura,
2205 2777 2456 2845 obsecro,
2487 2789 2545 2835 ut
2571 2788 2748 2837 tantas
2774 2795 2907 2852 opes
2933 2781 3188 2853 arn‘pias,
3213 2783 3521 2854 ingentique
3549 2798 3637 2839 ce-

2026 2869 2240 2927 leritate
2269 2873 2472 2929 utaris:
2501 2883 2665 2945 atque
2690 2889 2851 2945 quam
2881 2875 3114 2946 primum
3147 2875 3274 2932 illnc
3301 2877 3536 2939 veneris.
3570 2876 3635 2932 ad

2028 2977 2128 3018 nos
2154 2963 2379 3020 scribas.
2407 2963 2542 3020 Nam
2569 2965 2615 3022 si
2645 2965 2730 3021 vel
2753 2966 2854 3022 hoc
2879 2965 3231 3032 audierimus,
3262 2976 3314 3022 te
3346 2967 3638 3024 Phoenicio

2029 3057 2164 3113 lines
2191 3057 2454 3130 attigisse,
2481 3058 2594 3130 jam
2624 3059 2742 3116 sine
2765 3075 2893 3116 cura
2922 3061 3125 3118 erimus
3149 3102 3164 3126 ,
3196 3062 3596 3132 requiescemus
3619 3104 3636 3126 ,

2028 3151 2418 3209 in~securitate
2455 3151 2733 3224 degemus.
2765 3151 2899 3208 Nam
2930 3169 3051 3225 qua:
3079 3153 3206 3210 hinc
3239 3164 3636 3226 consequentur

2027 3245 2267 3301 scimus:
2296 3246 2548 3302 nimirum
2577 3257 2633 3302 ut
2670 3261 2971 3318 generosus
2994 3262 3058 3302 ac
3084 3249 3160 3304 rei
3187 3248 3395 3304 bellica:
3439 3250 3639 3318 peritus

2029 3342 2340 3412 imperator,
2364 3341 2445 3399 sic
2466 3353 2520 3397 tu
2543 3343 2722 3397 omnia
2749 3342 3084 3414 peragrabis,
3108 3342 3352 3414 jacentes
3372 3342 3634 3405 excitans,

2026 3443 2236 3491 stantes
2264 3434 2591 3492 confirmans
2612 3444 2671 3492 et
2692 3435 3105 3503 eonstabiliens,
3144 3446 3390 3491 errantes
3414 3435 3468 3488 in
3495 3434 3635 3490 viam

2028 3527 2292 3584 reducens
2313 3569 2329 3596 ,
2360 3526 2602 3599 perditos
2631 3528 2914 3599 requirens
2940 3535 2996 3583 et
3019 3526 3328 3594 inveniens,
3359 3526 3639 3583 universas

2025 3619 2224 3677 diaboli
2253 3621 2436 3693 copias
2475 3621 2787 3677 concidens.
2835 3620 2934 3676 Est
2980 3619 3126 3678 enim
3169 3619 3302 3676 mihi
3331 3629 3635 3693 perspecta,

2027 3711 2205 3782 mihi,
2242 3713 2497 3784 inquam,
2545 3721 2827 3784 perspecta
2877 3721 2963 3771 est
3010 3712 3176 3770 animi
3218 3714 3294 3770 tui
3338 3714 3634 3787 vigilantia,

2028 3805 2225 3862 mentis
2249 3815 2354 3861 tua:
2376 3820 2503 3860 cura
2530 3813 2586 3861 et
2609 3804 2934 3872 sollicitudo,
2965 3805 3256 3878 sagacitas,
3277 3806 3633 3871 concinnitas,

2027 3902 2290 3968 comitas,
2339 3900 2616 3966 fortitudo,
2663 3900 2850 3969 robur,
2889 3901 3209 3957 constantia.
3241 3900 3420 3970 Quare
3473 3916 3635 3971 quam

2028 3992 2326 4063 smpissime
2356 3991 2515 4048 velim
2545 3991 2613 4048 ad
2641 4009 2739 4048 nos
2766 3991 2975 4049 scribas
3003 4009 3017 4046 :
3046 4001 3209 4062 atque
3233 3992 3421 4057 etiam,
3452 3992 3636 4062 prius-

2027 4101 2189 4157 quam
2215 4085 2268 4140 in
2297 4085 2628 4159 thniciam
2656 4085 2989 4156 perveneris,
3014 4099 3083 4141 ex
3109 4084 3304 4141 itinere
3329 4083 3638 4155 frequentes

2026 4177 2104 4233 ad
2124 4193 2223 4235 nos
2247 4179 2434 4235 literas
2463 4178 2670 4244 mittas,
2702 4177 2970 4250 siquidem
2996 4191 3140 4233 nunc
3167 4192 3380 4249 quoque
3409 4177 3636 4234 miratus

2025 4285 2143 4326 sum
2171 4279 2224 4328 te
2243 4313 2256 4337 ,
2285 4287 2408 4327 eum
2434 4269 2687 4326 dominus
2721 4284 2874 4326 meus
2903 4269 3385 4326 reverendissimus
3413 4285 3476 4325 ac
3503 4271 3633 4325 reli-

2026 4363 2360 4435 giosissimus
2387 4364 2698 4420 Theodotus
2728 4363 3008 4436 presbyter
3046 4362 3152 4418 huc
3178 4362 3362 4428 venit,
3407 4362 3540 4417 nihil
3567 4363 3634 4417 ad

2027 4470 2126 4510 nos
2156 4456 2428 4511 literarum
2455 4455 2689 4512 dedisse.
2721 4454 2981 4522 Quocirca
3005 4471 3073 4511 ne
3106 4468 3292 4510 rursus
3321 4469 3388 4509 eo
3417 4456 3635 4510 nomine

2027 4547 2269 4602 dolorem
2296 4548 2680 4616 concipiamus,
2711 4547 2852 4618 quod
2883 4548 3057 4602 nullas
3082 4547 3178 4602 abs
3201 4555 3252 4603 te
3281 4546 3600 4602 literasarei
3625 4577 3635 4586 -

2029 4639 2258 4708 pianms,
2306 4639 2349 4694 si
2391 4639 2502 4696 fieri
2543 4647 2736 4709 potest,
2766 4655 2830 4695 ex
2863 4638 3091 4710 singulis
3130 4638 3290 4694 etiam
3339 4638 3634 4692 mansioni-

2026 4731 2124 4785 bus
2151 4729 2227 4802 (α)
2252 4731 2318 4785 ad
2349 4746 2448 4786 nos
2467 4730 2667 4798 scribe,
2701 4739 2759 4784 ut
2783 4738 3042 4801 quantum
3071 4729 3170 4786 vim
3196 4729 3550 4801 processeris,
3579 4739 3637 4784 et

2026 4841 2151 4878 tnun
2181 4824 2287 4895 jam
2316 4823 2384 4879 ab
2411 4824 2475 4878 iis
2505 4824 2615 4879 oris
2647 4822 2787 4878 haud
2818 4823 3002 4894 procul
3033 4823 3128 4891 sis,
3161 4823 3539 4894 intelligamus.
3574 4823 3633 4879 In

2025 4930 2216 4987 magna
2241 4915 2387 4971 enim
2410 4929 2538 4971 cura
2574 4925 2630 4971 et
2657 4915 3018 4971 sollicitudine
3051 4931 3273 4972 sumus:
3318 4925 3481 4986 atque
3517 4915 3636 4973 haec

2023 5010 2260 5080 quotidie
2284 5011 2425 5066 scire
2451 5010 2716 5080 cupimus.
2747 5010 2878 5077 Quae
2905 5024 3026 5064 cum
3058 5009 3207 5064 noris
3231 5051 3246 5070 .
3294 5009 3636 5065 reverendis-

2023 5101 2158 5157 sime
2182 5101 2423 5168 domine,
2453 5100 2553 5156 hoc
2576 5100 2705 5155 mihi
2730 5115 2827 5171 pro
2847 5114 3060 5155 summo
3085 5098 3632 5168 beneflcio-concede,

2023 5203 2080 5250 ut
2125 5205 2248 5250 ante
2281 5193 2580 5249 discessum
2624 5204 2807 5259 tuum,
2841 5204 3002 5263 atque
3056 5191 3218 5248 etiam
3263 5201 3386 5264 post
3428 5193 3638 5250 disces-

2022 5303 2163 5351 sum,
2193 5287 2410 5344 crebras
2450 5286 2633 5342 literas
2673 5287 2876 5351 mittas,
2908 5300 3172 5356 curesque
3197 5295 3256 5339 ut
3283 5285 3462 5340 omnia
3491 5287 3635 5342 scia-

2024 5395 2181 5435 mus:
2209 5394 2316 5448 quo
2346 5379 2390 5434 si
2422 5393 2507 5434 res
2543 5393 2859 5448 prosperum
2889 5392 3109 5433 cursum
3154 5387 3408 5445 teneant,
3436 5379 3634 5446 gaudio

2022 5487 2087 5528 ac
2141 5472 2411 5543 voluptate
2465 5471 2806 5527 afficiantur:
2863 5471 2947 5526 sin
3003 5481 3185 5527 autem
3246 5471 3631 5542 impedimenta

2084 5586 2158 5660 (α)
2193 5593 2392 5660 Graece,
2419 5599 2498 5637 καθ’
2521 5598 2674 5660 tm.
2696 5598 2835 5660 paup.
2866 5597 2995 5660 11ml
3025 5584 3361 5660 minuerat-io
3390 5583 3634 5660 _Aittonint

2022 5647 2218 5720 paSsim,
2243 5647 2521 5720 in_aliisque
2545 5647 2966 5720 librishtansiones
2987 5655 3252 5720 vocantur,
3268 5653 3510 5720 erantun
3535 5654 3634 5696 sta-

2021 5707 2184 5765 tiones
2206 5707 2261 5760 et
2280 5707 2548 5760 diversoria
2574 5712 2622 5758 in
2647 5711 2766 5760 vicis
2789 5707 2998 5770 publicis
3027 5709 3308 5768 constituta,
3352 5707 3441 5757 ubi
3462 5707 3632 5758 diver-

2023 5777 2235 5826 tebatttr.
2285 5772 2576 5820 Athanasius
2617 5775 2662 5822 in
2689 5772 2922 5834 Apologia
2965 5771 3032 5819 tle
3071 5777 3199 5832 Fuga
3236 5770 3355 5823 dicit.
3378 5772 3427 5823 iu
3451 5771 3638 5823 itiner.

2023 5837 2318 5889 Alexandria
2341 5834 2640 5886 Auitucltiam
2661 5835 2723 5884 56
2743 5837 3024 5884 mansiones
3047 5845 3176 5885 esse.
