4076 6434
481 312 583 371 687

480 437 798 505 obiiciantur
821 479 834 502 ,
868 435 1011 490 mutii
1043 433 1248 489 ratione
1272 447 1335 488 ac
1372 433 1548 489 studio
1575 448 1635 489 ea
1664 433 1731 490 de
1759 433 1934 488 medio
1961 432 2058 487 tol—

485 533 594 582 lere
624 527 871 582 uiminur.
904 526 1084 596 Neque
1107 525 1246 581 enim
1274 533 1395 581 ante
1423 525 1881 597 conquiescemus,
1905 539 2058 594 quam

482 628 536 673 et
562 632 657 688 per
681 633 812 682 nos,
837 625 890 674 et
915 632 1010 688 per
1032 618 1196 682 alios,
1230 616 1275 672 si
1306 617 1418 672 fieri
1451 617 1650 688 possit,
1682 616 1784 672 boc
1821 615 2061 671 ell'eceri-

485 725 624 774 mus.
655 709 863 764 etiamsi
891 708 1086 765 millies
1113 708 1196 764 vel
1223 709 1275 763 in
1301 708 1486 765 urbem
1521 707 2061 778 Constantinopolita-

485 817 608 859 nam
635 803 847 858 mittere
876 815 1096 859 necesse
1121 802 1190 858 sit
1209 842 1224 869 ,
1251 817 1358 872 quo
1381 802 1558 856 omnia
1600 801 1688 856 tibi
1719 800 1872 855 valde
1902 814 2064 870 prona

484 894 811 960 reddamus;
857 910 925 950 ne
953 893 1004 948 id
1047 895 1259 964 quidem
1304 894 1480 950 facere
1517 892 1898 948 recusabimus.
1942 891 2067 948 llaec

486 987 648 1058 igitur
668 1002 790 1044 cum
821 987 914 1042 tibi
953 996 1072 1042 nota
1103 987 1229 1053 sint,
1261 1001 1379 1057 qua:
1403 984 1478 1041 tui
1505 984 1739 1040 muneris
1765 993 1888 1039 sunt
1916 984 2068 1037 nobis

490 1087 717 1150 prtesta,
745 1079 1064 1149 vigilantiam
1105 1093 1167 1133 ac
1206 1077 1548 1149 diligentiam.
1585 1075 1736 1145 Quod
1786 1075 1828 1130 si
1879 1075 2068 1130 fratres

489 1172 649 1228 etiam
690 1171 826 1226 mitti
852 1179 1103 1240 oportere
1137 1179 1306 1240 putes,
1339 1168 1390 1224 id
1419 1184 1627 1240 quoque
1672 1168 1751 1223 fac
1779 1169 1965 1223 sciam.
1997 1168 2070 1222 De

492 1273 796 1319 sanctorum
836 1276 965 1318 vero
994 1270 1285 1332 martyrum
1325 1260 1568 1330 reliquiis
1602 1261 1718 1315 sine
1756 1274 1882 1314 cura
1909 1267 2024 1314 esto
2053 1275 2066 1310 :

491 1355 773 1410 confestim
802 1355 943 1411 enim
969 1354 1426 1424 religiosissimum
1449 1352 1721 1408 dominum
1750 1365 1927 1406 meum
1953 1365 2073 1419 pre-

493 1448 763 1517 sbyterum
802 1445 1108 1503 Terentium
1147 1446 1213 1501 ad
1251 1445 1523 1502 dominum
1567 1461 1743 1501 meum
1780 1443 2070 1512 piissimum

492 1539 733 1592 Otreium
777 1535 852 1610 (a)
888 1537 1122 1593 Arabissi
1161 1537 1465 1608 episcopum
1512 1537 1651 1591 misi.
1700 1535 1828 1589 Nam
1874 1549 1985 1602 ipse
2019 1542 2075 1586 et

497 1628 690 1682 multas
719 1636 772 1683 ct
797 1626 1011 1684 minime
1035 1626 1223 1682 dubias
1246 1626 1424 1692 habet,
1452 1642 1584 1698 quas
1610 1626 1788 1695 paucis
1815 1624 2002 1679 diebus
2022 1625 2072 1678 in

501 1721 825 1777 l’ltmniciam
871 1721 935 1776 ad
967 1730 1018 1776 te
1063 1721 1355 1777 mittemus.
1397 1720 1572 1788 Quare
1617 1718 1683 1774 da
1725 1731 1964 1789 operam,
2006 1730 2077 1771 ne

499 1816 676 1870 ofticio
713 1812 802 1870 tuo
828 1814 934 1869 ulla
960 1829 1024 1870 cx
1055 1821 1200 1884 parte
1239 1813 1400 1869 desis.
1429 1811 1559 1867 Nam
1596 1826 1714 1882 qua:
1746 1804 1915 1865 nostri
1955 1823 2075 1862 mu-

501 1909 646 1962 neris
674 1915 827 1972 sunt,
859 1914 1051 1977 quanta
1076 1921 1197 1961 cum
1222 1906 1382 1960 animi
1409 1903 1824 1975 promptitudine
1854 1910 2077 1972 praste-

502 2015 639 2059 mos,
665 1997 834 2053 vides.
859 1996 1066 2053 Festina
1095 1998 1290 2066 itaque,
1319 2007 1379 2053 ut
1400 2005 1523 2052 ante
1550 1996 1777 2051 hiemem
1802 1993 2072 2059 ecclesias,

499 2106 619 2159 quae
645 2088 760 2144 sine
790 2098 927 2144 tecto
950 2098 1088 2152 sunt,
1120 2088 1374 2159 perlicere
1399 2103 1582 2160 queas.

641 2179 785 2236 cxx
801 2179 927 2235 vn.
961 2179 1194 2253 Polybio.
1224 2183 1421 2252 (Anno,
1448 2191 1504 2234 ut
1524 2189 1757 2249 putatur,
1785 2163 1935 2247 406.)

580 2275 732 2328 Alius
757 2271 983 2328 fortasse
1013 2273 1400 2328 intolerandum
1448 2271 1605 2342 hujus
1633 2271 1865 2342 regionis
1891 2269 2075 2340 frigus,

503 2374 709 2418 \‘mlnm
742 2363 842 2418 loci
869 2364 1231 2430 solitudinem,
1250 2363 1651 2418 acerbissimum
1681 2363 1909 2432 denique
1935 2377 2077 2415 trior—

506 2467 631 2511 tium
666 2454 811 2525 (hinc
863 2456 1003 2509 enim
1051 2456 1100 2509 in
1148 2455 1391 2509 morbum
1437 2453 1983 2523 iucidimus)luxisset
2019 2467 2082 2505 ae

505 2550 836 2616 «adorasset
864 2566 876 2600 :
903 2562 1003 2617 ego
1046 2555 1222 2600 autem
1278 2545 1360 2599 bis
1412 2545 1628 2599 omissis
1671 2543 2080 2613 disjunctionem

504 2650 737 2692 vestram
763 2637 939 2709 lugeo,
965 2653 1082 2707 qum
1111 2638 1238 2692 mihi
1266 2647 1319 2691 et
1347 2636 1634 2692 solitudine
1652 2677 1666 2699 ,
1699 2645 1746 2690 et
1777 2635 1964 2689 morbo
1983 2675 1997 2699 ,
2031 2647 2084 2688 et

508 2731 685 2784 lzieme
714 2740 797 2785 est
821 2730 1082 2784 acerbior.
1108 2729 1275 2795 Quam
1304 2730 1645 2804 acerbitatem
1678 2727 1847 2782 hiems
1873 2739 2082 2795 queque

510 2821 638 2878 Inibi
691 2821 857 2876 auxit.
879 2819 1011 2875 Nam
1059 2819 1198 2890 quod
1251 2824 1410 2873 unum
1456 2818 1844 2874 molestissima:
1882 2816 2086 2884 disiun-

508 2931 523 2960 ι
543 2913 702 2968 tinnis
728 2912 971 2966 solatium
1005 2911 1338 2981 suppetebat,
1372 2911 1471 2965 hoc
1499 2919 1580 2966 est
1609 2917 1665 2962 ut
1695 2907 1965 2962 vobiscum
1995 2921 2087 2976 per

512 3007 693 3058 literas
737 3001 1102 3072 colloquerer,
1134 3002 1232 3056 hoc
1269 3016 1481 3071 quoque
1520 3001 1691 3054 hiems
1733 3007 1916 3053 exorta
1960 2999 2085 3051 mihi

510 3095 711 3148 mli-mit
738 3111 751 3148 :
777 3102 833 3148 ut
860 3109 976 3164 qua:
1006 3095 1074 3148 ob
1101 3094 1366 3162 ingentem
1395 3093 1530 3146 nivis
1558 3091 1662 3147 vim
1696 3091 1804 3146 vias
1835 3091 2088 3145 interclu-

512 3187 664 3244 serit.
693 3201 757 3243 ac
798 3201 969 3256 neque
1012 3187 1225 3240 aliumie
1269 3201 1586 3255 quemquam
1635 3185 1736 3239 huc
1781 3185 1997 3250 venire,
2027 3200 2091 3240 ac

515 3276 792 3333 nobiscum
822 3277 1091 3345 co:igredi,
1122 3293 1291 3346 neque
1319 3279 1442 3337 item
1478 3278 1598 3330 hinc
1622 3275 1902 3341 excedere,
1931 3287 2090 3344 atque

515 3370 582 3423 al
615 3386 706 3423 vos
737 3369 999 3439 proﬁcisci
1039 3371 1196 3426 sinat.
1225 3371 1375 3436 Quod
1415 3380 1469 3424 et
1506 3371 1678 3441 ipsum
1714 3370 1850 3425 haud
1891 3372 2087 3436 minus,

520 3464 626 3516 into
652 3463 810 3520 etiam
860 3464 1026 3533 magis
1064 3463 1362 3519 Isaurorum
1394 3474 1565 3519 terror
1607 3463 1802 3529 efficit,
1835 3462 2093 3534 uobisque

521 3553 862 3608 mlitudinem
885 3564 1040 3624 auget
1062 3595 1076 3618 ,
1113 3570 1300 3609 omnes
1331 3554 1577 3608 videlicet
1619 3553 1943 3610 submovens
1962 3596 1979 3621 ,
2009 3562 2090 3609 at-

517 3660 623 3715 que
655 3647 705 3698 in
735 3647 904 3716 fugam
931 3647 1219 3716 conjicicns
1244 3689 1258 3713 ,
1287 3649 1605 3716 exsulesque
1637 3646 1885 3704 reddens.
1911 3645 2101 3716 Neque

520 3737 660 3788 enim
675 3736 782 3805 jam
800 3736 1075 3808 quisquam
1100 3738 1236 3793 nllus
1257 3749 1335 3793 est
1361 3741 1448 3808 qui
1466 3737 1610 3792 domi
1634 3723 1848 3792 manere
1863 3737 2054 3792 audeat
2079 3754 2091 3789 :

521 3843 701 3882 vrrunr
761 3831 1118 3899 unusquisque
1171 3830 1368 3884 relictis
1428 3829 1631 3884 a-dibus
1686 3831 1796 3884 suis
1846 3828 2092 3899 profugit.

523 3923 693 3989 Atque
725 3921 882 3976 urbes
910 3921 1156 3991 quidem,
1191 3923 1416 3991 parietes
1456 3931 1510 3975 et
1553 3930 1689 3976 tecta
1738 3936 1877 3976 nunc
1928 3929 2094 3975 sunt:

527 4023 809 4082 prmi-opta:
853 4024 1030 4069 autem
1079 4017 1357 4085 voragines
1382 4023 1437 4069 et
1470 4015 1653 4086 sylvte,
1696 4015 1873 4069 urbes.
1901 4013 2096 4080 Quem-

522 4106 806 4162 admodum
829 4107 970 4160 cnim
1000 4107 1310 4162 ll‘llClllCllL‘E
1337 4106 1496 4171 fer-:e,
1531 4116 1587 4161 ut
1616 4106 1760 4175 pardi
1787 4121 1850 4160 ac
1876 4105 2058 4160 leones
2080 4146 2096 4170 ,

525 4199 776 4250 tutiorem
810 4197 1028 4252 urbibus
1064 4197 1401 4253 solitudinem
1448 4198 1546 4252 sibi
1585 4213 1705 4252 esse
1748 4197 2093 4254 existimant:

525 4290 605 4346 sic
627 4290 788 4346 etiam
819 4287 1082 4358 homines,
1111 4291 1200 4361 qui
1229 4291 1535 4346 Armeniam
1579 4291 1884 4355 incolimus,
1913 4295 2092 4362 quoti-

527 4386 614 4439 die
657 4401 720 4440 ex
770 4383 887 4439 aliis
932 4395 1092 4454 atque
1119 4384 1237 4438 aliis
1267 4384 1398 4438 locis
1436 4385 1487 4439 in
1513 4385 1614 4438 alia
1660 4394 1816 4454 atque
1843 4386 1945 4439 alia
1987 4384 2100 4439 loca

529 4475 756 4544 migrare
783 4475 1039 4545 cogimur,
1065 4476 1223 4529 vitam
1255 4475 1697 4529 llamaxobiorum
1727 4484 1781 4528 ct
1810 4474 2102 4529 Nomadum

531 4577 748 4632 agentes
774 4605 790 4630 ,
846 4580 945 4621 nec
993 4581 1212 4636 usquam
1255 4565 1434 4620 fidenti
1484 4566 1661 4620 animo
1705 4566 2100 4620 consistentes:

533 4672 701 4726 usque
755 4655 889 4712 adeo
943 4656 1030 4711 hic
1093 4658 1270 4712 omnia
1326 4656 1549 4710 tumultu
1607 4665 1659 4711 et
1710 4657 2104 4725 perturbatione

533 4749 687 4817 plena
717 4756 858 4801 sunt.
893 4747 1098 4802 Etenim
1135 4748 1207 4802 illi
1251 4747 1384 4802 alios
1425 4747 1652 4802 adventu
1688 4762 1786 4802 suo
1821 4749 2064 4818 jugulant
2088 4789 2102 4814 ,

464 4857 468 4862 ·
533 4849 784 4903 exurtmt,
813 4848 971 4909 atque
998 4855 1060 4893 ex
1097 4838 1274 4894 liberis
1305 4854 1491 4893 servos
1530 4839 1766 4894 efticiunt
1799 4856 1811 4892 :
1845 4840 1980 4894 alios
2013 4855 2106 4895 au-

535 4941 641 4985 tem
687 4944 875 4998 sparso
913 4946 1126 4985 rumore
1151 4930 1202 4985 in
1234 4930 1408 5000 fugam
1439 4940 1671 4992 vertunt,
1702 4939 1859 5000 atque
1886 4931 2106 4985 urbibus

536 5019 756 5087 pellunt,
786 5021 916 5086 imo,
944 5029 999 5073 ut
1019 5060 1035 5084 ,
1066 5021 1264 5074 rectius
1299 5021 1504 5089 loquar,
1533 5020 1798 5075 occidunt.
1842 5021 2109 5092 Quotquot

535 5111 676 5164 enim
709 5110 1074 5166 adolescentes
1097 5110 1285 5165 mediis
1310 5111 1468 5166 etiam
1500 5111 1812 5180 plerumque
1841 5113 2104 5175 noctibus,

537 5218 596 5254 εις
640 5201 833 5271 frigore
861 5201 1034 5256 omnia
1062 5202 1375 5267 obdurante,
1401 5213 1619 5271 repente
1645 5202 1805 5256 domo
1833 5203 2110 5272 profugere

535 5296 703 5349 coacti
735 5303 890 5361 sunt,
932 5303 1076 5348 metu
1117 5296 1346 5349 rumoris
1372 5310 1464 5349 eos
1494 5293 1620 5348 fumi
1652 5294 1817 5349 instar
1843 5295 2106 5365 abigeutc,

537 5399 695 5457 atque
741 5386 804 5441 ad
850 5396 1074 5443 mortem
1113 5388 1464 5458 oppetentlam
1523 5403 1589 5442 ne
1636 5387 1865 5442 Isaurico
1897 5388 2109 5458 quidem

540 5478 712 5546 gladio
737 5493 872 5547 opus
895 5477 1229 5541 habuerunt,
1263 5493 1445 5533 vermu
1485 5480 1537 5534 in
1569 5479 1691 5533 nive
1719 5477 2112 5548 obrigescentcs

540 5580 832 5629 extremum
862 5571 1105 5641 spiritum
1127 5571 1436 5626 ediderunt:
1459 5586 1680 5642 quaeque
1701 5571 1828 5640 ipsis
1854 5570 2112 5642 fugiendze

602 5666 676 5726 (η)
703 5671 983 5727 armatur
1004 5671 1057 5713 et
1095 5663 1216 5716 alius
1236 5665 1427 5714 Otreius
1466 5664 1719 5727 epiamruts
1742 5661 1972 5727 \l‘elitina’.’
1988 5664 2113 5727 arani

539 5724 902 5841 arguentis»
929 5729 978 5788 5,
1000 5740 1104 5790 cap.
1130 5730 1178 5786 8,
1207 5735 1254 5779 et
1280 5727 1400 5791 apud
1653 5725 1735 5776 lib.
1757 5724 1806 5787 6,
1830 5738 1934 5790 mp.
1959 5724 2036 5787 l3,
2062 5733 2116 5778 et

597 5806 626 5834 I,
684 5823 698 5841 ,
725 5804 758 5839 ⁴,’⁴
815 5825 824 5834 .
883 5825 895 5839 .

1216 313 1271 370 S.
1309 312 1584 371 IOANNIS
1620 314 2096 373 CllllYSOSTOSII
2128 315 2441 374 AliClllEP.
2471 316 3002 374 CONSTANTINOP.

3650 320 3752 373 63$

2169 425 2360 488 mortis
2399 449 2559 490 causa
2590 433 2798 496 fuerat,
2828 433 3014 489 eadem
3045 433 3147 488 illis
3176 433 3537 490 acerbissiuue
3564 432 3759 487 intortis

2170 541 2325 578 causa
2354 525 2485 581 fuit:
2518 541 2582 580 eu
2609 542 2714 596 quo
2735 534 2875 581 statu
2901 539 2987 581 res
3013 535 3208 581 nostra:
3237 527 3361 581 sint.
3391 525 3520 591 Qua:
3540 524 3754 596 quidem

2173 631 2276 668 nun
2326 617 2576 679 diximus,
2609 629 2660 672 ut
2704 625 2755 672 te
2805 618 2856 671 in
2911 632 3194 674 maerorem
3240 618 3590 685 conjicianrus
3623 615 3757 688 (scio

2170 708 2366 776 quippe
2388 708 2502 763 btec
2523 709 2614 762 tibi
2641 707 2815 763 dolori
2839 705 2996 780 fore),
3029 724 3213 763 verum
3255 721 3310 762 ut
3331 708 3567 762 diuturni
3595 710 3764 779 εἰιειιο⁸

2174 798 2228 851 1ἰί
2274 802 2439 855 nostri
2484 816 2697 855 causam
2745 801 3085 870 aperiamus,
3113 800 3345 871 quidque
3379 814 3557 856 causa:
3600 798 3763 853 fuerit

2171 909 2267 946 cur
2296 909 2418 948 sero
2465 909 2528 948 ac
2571 894 2720 949 tarde
2763 894 2828 948 ad
2885 903 2935 950 te
2979 894 3371 964 scripserimus.
3403 894 3475 948 lta
3517 894 3662 948 enim
3691 891 3763 946 ab

2174 985 2422 1038 nntnibus
2467 985 2638 1039 relicti
2687 1000 2911 1049 smnus,
2944 994 2999 1039 ut
3045 1000 3143 1039 nec
3191 985 3446 1053 aliquem,
3478 983 3567 1054 qui
3625 981 3765 1037 istnc

2176 1074 2643 1144 proficisceretur,
2688 1077 2923 1130 nancisci
2968 1075 3332 1146 potuerimus,
3375 1090 3560 1129 verum
3608 1073 3764 1127 nobis

2177 1165 2544 1236 presbyterum
2574 1166 3012 1221 contubernalem
3044 1175 3285 1220 nostrum
3315 1149 3574 1227 excitare,
3602 1173 3767 1234 atquc

2176 1257 2241 1308 ad
2282 1265 2334 1310 te
2375 1258 2585 1312 mittere
2615 1272 2833 1312 necesse
2874 1258 3050 1312 fuerit.
3100 1259 3434 1327 Quapropter
3461 1273 3584 1312 cum
3614 1273 3763 1324 cum,

2178 1359 2233 1400 ut
2279 1359 2330 1402 te
2368 1349 2584 1418 dignum
2632 1359 2747 1414 est,
2777 1350 3088 1421 exceperis,
3115 1348 3363 1405 celeriter
3405 1348 3471 1402 ad
3525 1361 3626 1403 nos
3675 1363 3736 1402 re

2178 1442 2328 1495 mitte
2352 1482 2366 1504 ,
2396 1441 2484 1510 qui
2514 1441 2582 1495 de
2613 1450 2699 1495 tua
2730 1435 3029 1498 valetudine
3062 1441 3182 1496 beta
3213 1443 3366 1497 nobis
3399 1442 3625 1496 nuntiet.
3646 1439 3762 1497 Scis

2177 1535 2320 1586 enim
2345 1542 2542 1604 quanto
2574 1535 2728 1589 nobis
2751 1534 2928 1590 studio
2956 1536 3021 1590 sit
3055 1536 3157 1591 hoc
3183 1536 3342 1591 scire.

2299 1645 2442 1700 (.‘XX
2458 1645 2618 1700 VIII.
2650 1647 2942 1702 Man‘niano
2965 1650 2981 1680 ¹
3011 1648 3290 1720 (Arabisso
3319 1637 3461 1702 anno
3486 1647 3641 1718 406.)

2250 1761 2470 1814 tiu-teris
2499 1761 2746 1815 onmibus
2769 1760 3084 1816 mortalibus
3103 1763 3204 1815 hoc
3224 1762 3438 1815 nomine
3459 1776 3552 1814 ver
3569 1761 3767 1830 jucuu~

2179 1854 2308 1907 dum
2339 1862 2395 1908 et
2420 1867 2582 1908 suave
2612 1863 2694 1907 est
2714 1895 2728 1919 ,
2759 1851 2900 1922 quod
2933 1861 3088 1906 teme
3113 1851 3306 1906 faciem
3347 1851 3568 1907 floribus
3601 1866 3771 1907 exor-

2181 1953 2273 1998 nat
2314 1953 2472 2016 atque
2519 1943 2570 1998 in
2599 1953 2748 2014 prata
2788 1945 3052 1998 convertit
3085 1961 3098 1998 :
3130 1943 3258 1997 mihi
3308 1953 3486 1998 autem
3532 1957 3655 1998 eam
3699 1942 3776 1997 οι,

2181 2056 2396 2093 causam
2419 2080 2436 2104 ,
2458 2038 2580 2109 quia
2627 2053 2874 2108 magnam
2905 2036 3035 2092 mibi
3067 2035 3373 2092 facultatem
3406 2036 3608 2107 pnebet
3645 2050 3775 2091 cum

2184 2130 2532 2187 llnniliaribus
2577 2130 2712 2186 meis
2763 2145 2859 2199 per
2899 2130 3082 2185 literas
3133 2129 3402 2184 versandi.
3429 2130 3506 2184 Ac
3553 2128 3772 2199 quidem

2183 2226 2350 2280 «eatis
2373 2239 2469 2280 vos
2509 2238 2693 2278 coram
2734 2225 3039 2292 perspicere
3065 2238 3316 2292 cuperem
3347 2240 3360 2276 :
3389 2221 3644 2290 quoniam
3671 2236 3775 2274 au-

2186 2331 2289 2374 tem
2326 2317 2376 2373 id
2408 2318 2628 2373 minime
2659 2317 2804 2383 licet,
2835 2315 2977 2386 quod
3005 2315 3128 2370 licet
3167 2314 3566 2385 promptissimo
3592 2315 3778 2367 animo

2187 2411 2342 2476 ficio,
2371 2422 2429 2466 ut
2479 2411 2748 2467 vobiscum
2795 2425 2888 2480 per
2935 2409 3118 2464 literas
3160 2407 3456 2478 colloquar.
3495 2406 3605 2461 Nec
3645 2420 3778 2458 vero

2189 2516 2374 2567 nautte
2399 2520 2463 2560 ac
2506 2503 2732 2572 remiges
2769 2502 2880 2572 pari
2909 2501 3072 2555 animi
3112 2500 3382 2570 voluptate
3428 2496 3592 2552 maris
3625 2507 3776 2566 terga

2187 2601 2426 2663 sulcant,
2457 2610 2578 2651 cum
2607 2595 2695 2648 illa
2735 2594 2859 2649 anui
2910 2601 3200 2662 tempestas
3241 2599 3424 2647 exorta
3463 2599 3581 2655 est,
3612 2597 3777 2657 atque

2186 2706 2285 2759 ego
2327 2687 2589 2742 calamum
2631 2695 2690 2741 et
2717 2684 2956 2740 chartam
2989 2693 3044 2738 et
3073 2693 3427 2737 atramentum
3475 2681 3528 2734 in
3584 2693 3779 2733 manus

2189 2795 2378 2846 sumo,
2407 2794 2528 2834 cum
2572 2777 2638 2832 ad
2669 2793 2763 2832 vos
2806 2779 3101 2845 scripturus
3139 2789 3277 2829 sum.
3322 2773 3530 2828 Etenim
3581 2771 3778 2827 hiemis

2192 2883 2462 2941 tempore,
2490 2885 2610 2926 cum
2661 2868 2837 2923 orunia
2889 2866 3086 2936 frigore
3137 2872 3581 2930 concrescerent,
3615 2873 3779 2933 atque

2191 2964 2513 3022 incredibilis
2537 2962 2777 3033 qua'dam
2815 2962 2894 3018 vis
2921 2962 3118 3015 nivium
3147 2973 3335 3013 omnes
3368 2958 3481 3011 vias
3523 2957 3779 3010 interclu-

2192 3059 2364 3120 deret,
2388 3072 2486 3111 nec
2505 3055 2762 3124 quispiam
2793 3052 3007 3109 aliunde
3033 3051 3098 3106 ad
3121 3067 3217 3106 nos
3239 3051 3442 3115 venire,
3467 3064 3566 3104 nec
3591 3062 3781 3103 rimus

2195 3149 2314 3203 hinc
2344 3151 2450 3202 alio
2481 3145 2744 3216 proficisci
2773 3144 3088 3200 sustinebat.
3139 3143 3210 3197 Ea
3238 3142 3306 3197 de
3333 3156 3488 3197 causa
3535 3141 3634 3194 nes
3682 3138 3784 3193 bu-

2188 3242 2273 3314 jas
2305 3241 2402 3295 loci
2429 3238 2783 3304 domunculis,
2811 3235 3260 3305 quemadmodum
3292 3249 3508 3288 carcere
3564 3231 3781 3296 inclusi,

2194 3345 2349 3404 atque
2375 3331 2769 3388 tabellariorum
2801 3328 3039 3398 penuria,
3065 3345 3168 3383 non
3199 3341 3352 3382 secus
3378 3342 3439 3379 ac
3459 3325 3780 3396 quibusdam

2195 3427 2386 3496 linguae
2441 3424 2674 3490 catenis,
2709 3424 2900 3486 vincti,
2959 3420 3252 3493 quamlibet
3298 3419 3484 3484 inviti,
3525 3417 3784 3471 diuturno

2195 3519 2406 3573 silemio
2430 3517 2727 3574 utebamur.
2746 3509 3097 3585 Posteaquam
3128 3523 3305 3569 autem
3330 3523 3536 3581 tempus
3555 3512 3669 3580 jam
3697 3510 3787 3564 iti-

2198 3626 2321 3665 nera
2356 3607 2621 3678 patefecit.
2665 3607 2922 3677 nobisque
2944 3605 3136 3674 lingute
3165 3603 3432 3658 vinculum
3460 3601 3632 3672 fregit,
3661 3616 3786 3680 pre-

2199 3702 2469 3773 sbyterum
2510 3715 2656 3763 cum,
2682 3698 2895 3768 quicum
2947 3695 3076 3751 mibi
3126 3695 3246 3748 vita!
3299 3699 3631 3748 consuetudo
3671 3701 3780 3756 est,

2204 3795 2328 3850 hine
2358 3794 2423 3847 rd
2456 3807 2550 3847 vos
2576 3792 2839 3857 misimus,
2871 3801 2928 3844 ut
2954 3804 3054 3859 qua
3082 3786 3386 3842 valetudine
3411 3785 3548 3844 sitis,
3580 3784 3786 3840 intelli-

2202 3903 2408 3959 gauurs.
2434 3886 2567 3941 Cum
2597 3886 2754 3956 igitur
2783 3884 2944 3946 hunc,
2973 3891 3031 3936 ut
3065 3893 3137 3945 te,
3165 3879 3382 3935 domine
3421 3877 3492 3932 mi
3538 3891 3786 3931 summo-

2205 3997 2329 4050 pere
2355 3977 2680 4040 admiraude,
2708 3976 2925 4048 dignum
2956 3984 3058 4038 est,
3079 3972 3411 4042 susceperis,
3448 3980 3606 4040 atque
3627 4011 3642 4034 ,
3673 3982 3774 4038 pro

2202 4087 2267 4126 eo
2295 4083 2450 4142 atque
2488 4069 2684 4125 caritas
2727 4078 2814 4122 tua
2869 4065 3118 4137 postulat,
3147 4061 3517 4135 perspexeris;
3547 4075 3669 4116 cum
3717 4058 3786 4114 ad

2205 4180 2302 4220 nos
2346 4163 2557 4224 redibit,
2583 4160 2741 4217 velim
2789 4159 2858 4214 de
2902 4169 2989 4212 tua
3035 4155 3334 4211 valetudine
3379 4168 3477 4208 nos
3527 4152 3790 4206 certiores

2205 4260 2384 4313 facias.
2410 4257 2527 4313 Scis
2548 4256 2690 4310 enim
2714 4268 2871 4324 quam
2898 4251 2967 4306 de
2985 4265 3046 4305 ea
3064 4249 3265 4318 aliquid
3291 4249 3431 4304 scire
3453 4246 3786 4302 studeamus.

2207 4350 2298 4405 CX
2305 4350 2440 4405 .‘t'IX
2446 4389 2460 4404 .
2491 4349 2752 4403 Marciano
2772 4357 2819 4403 et
2845 4345 3145 4401 Marcellino
3175 4347 3195 4377 '
3215 4343 3446 4416 (Cucusu
3463 4354 3605 4394 anno
3633 4337 3788 4404 50‘.)

2279 4451 2447 4512 Quam
2480 4442 2792 4513 prarcla‘rum
2837 4439 2942 4495 hoc
2969 4455 3066 4510 par
3091 4448 3324 4491 vestrum
3376 4444 3481 4499 est,
3515 4444 3792 4503 quamque

2210 4540 2364 4593 nobis
2410 4552 2594 4590 carum
2641 4554 2652 4588 :
2697 4551 2800 4589 non
2837 4534 2998 4589 modo
3048 4543 3247 4585 natum-
3293 4531 3436 4599 lege,
3483 4527 3575 4582 sed
3625 4525 3792 4579 etiam

2210 4631 2452 4686 acerrimi
2509 4629 2706 4682 amoris
2755 4637 2941 4682 catena
2993 4624 3336 4691 colligatum!
3389 4621 3469 4674 Ob
3513 4619 3672 4688 idque
3724 4616 3795 4670 de

2210 4725 2439 4778 amicitia
2480 4731 2651 4776 vestra
2700 4720 3011 4790 gloriantur,
3038 4725 3091 4770 et
3132 4714 3797 4777 exsultantius,coramque

2212 4817 2485 4870 vobiscum
2511 4811 2786 4881 etingredi,
2818 4826 2880 4864 ac
2905 4825 2999 4863 vos
3027 4808 3205 4861 videre
3232 4806 3494 4874 cupimus.
3525 4802 3796 4870 Quatriam

2211 4919 2386 4963 autem
2433 4905 2483 4959 id
2536 4920 2676 4958 nunc
2717 4902 2934 4956 minime
2986 4901 3143 4964 licet,
3173 4897 3311 4968 quod
3371 4897 3494 4951 licet
3538 4895 3798 4960 facimus,

2212 5015 2354 5069 saepe
2401 4998 2705 5057 scribimus,
2740 4995 2899 5046 vestri
2954 5007 3218 5046 memores
3268 4999 3526 5059 perpetuo
3577 5002 3799 5049 sumus,

2212 5093 2392 5146 animo
2420 5102 2533 5147 vos,
2553 5100 2888 5154 «piceumque
2918 5083 3107 5138 inloco
3134 5077 3798 5141 simus,circumferiiuus,

2214 5199 2276 5239 ac
2322 5199 2387 5237 ne
2430 5182 2499 5235 ob
2540 5180 2744 5233 itineris
2796 5177 3011 5247 quidem
3055 5174 3493 5245 longinquitatem
3542 5187 3571 5224 a
3620 5179 3799 5222 vestra

2215 5277 2474 5332 suavitate
2518 5273 2624 5325 ullo
2654 5280 2810 5340 pacto
2838 5266 3212 5338 disiungimur.
3250 5262 3558 5333 llujnsmodi
3604 5263 3802 5330 quippe

2214 5368 2454 5425 caritatis
2475 5381 2644 5436 penna
2675 5373 2778 5429 est,
2803 5373 2860 5417 ut
2884 5371 2941 5416 et
2962 5361 3103 5415 viam
3131 5373 3344 5413 omnem
3375 5364 3428 5410 et
3463 5355 3803 5409 intervallum

2216 5477 2377 5517 omne
2401 5459 2551 5514 facile
2578 5455 2847 5526 trajiciat,
2881 5467 2980 5508 nec
3030 5450 3195 5505 ullum
3244 5445 3643 5503 incommodum
3690 5445 3804 5512 sit,

2292 5557 2304 5586 ¹
2338 5557 2502 5604 Graece
2525 5551 2795 5614 Μαρινιανῷ
2815 5546 2995 5614 Vatic,
3027 5546 3148 5607 Reg.
3174 5550 3238 5614 et
3263 5541 3438 5613 Cujacii
3479 5541 3647 5594 Codex
3673 5550 3805 5614 teste

2228 5618 2477 5668 Frontone
2526 5605 2720 5662 Durae.
2769 5605 3122 5670 Quamobrem;
3167 5605 3471 5670 Afm'im'ano,
3519 5605 3804 5666 ponendum

2228 5677 2475 5727 dniimns.
2504 5676 2656 5726 Edit..
2685 5667 2906 5722 Maritum
2931 5667 3220 5730 (“agn-io).
3472 5727 3507 5730 η

2292 5743 2310 5773 ⁸
2338 5742 2482 5789 Juxta
2513 5725 2666 5783 Vatic.
2695 5743 2744 5783 et
2787 5725 2974 5785 l'abrir.
3002 5725 3310 5780 scribendum
3338 5735 3430 5786 t'st,
3463 5725 3800 5776 Ilru‘r'cilium.
