4076 6430
236 491 384 564 quod
407 504 518 547 non
541 495 779 560 superet.
809 483 938 540 ldeo
966 494 1068 538 nos
1094 491 1306 551 quoque
1333 473 1432 531 etsi
1458 469 1658 564 alioqui
1699 465 1837 564 mul-

236 558 308 641 tis
347 558 744 642 calamitatibus
791 574 969 632 affecti
993 615 1010 642 ,
1038 572 1291 629 nimirum
1340 562 1663 627 solitudine,
1690 558 1840 614 obsi-

236 677 401 732 dione
421 717 438 743 ,
465 670 697 730 assiduis
739 668 1053 740 prmdonum
1101 658 1434 725 incursibus,
1467 652 1636 710 nihilo
1663 661 1840 706 tamen

239 784 294 823 tn
329 767 495 824 vestri
543 776 730 818 amore
771 758 1050 831 segniores
1091 767 1283 809 sumus
1315 767 1329 803 :
1360 762 1550 804 verum
1602 752 1843 798 nostram

237 874 368 930 erga
399 871 496 912 vos
539 851 972 910 benevolentiam
1018 852 1280 919 perpetuo
1314 838 1600 897 ﬂorentem
1645 833 1845 890 retine-

239 928 386 1006 mus.
414 945 776 1017 Quamobrem
819 957 917 998 vos
955 953 1206 1011 rogamus
1233 944 1292 992 ut
1326 934 1396 990 dc
1422 941 1617 989 vestrae
1643 928 1848 984 valetu-

238 1041 390 1096 dinis
409 1047 554 1093 statu
595 1037 794 1107 sepius
839 1046 939 1088 nos
968 1030 1231 1087 certiores
1261 1039 1359 1097 per
1381 1023 1569 1080 literas
1610 1018 1843 1075 faciatis.

239 1130 432 1201 Neque
457 1130 602 1184 enim
629 1127 783 1182 vobis
813 1124 1034 1180 dubium
1060 1129 1144 1176 est
1161 1161 1176 1186 ,
1205 1126 1462 1190 quantam
1498 1114 1552 1169 in
1589 1111 1690 1166 hac
1715 1109 1855 1176 θεοιίο⁵

242 1220 431 1277 tudine
456 1220 882 1276 consolationem
908 1214 1035 1270 hinc
1059 1210 1338 1281 accepturi
1359 1209 1549 1265 simus.

242 1329 470 1389 CXXX.
503 1331 653 1387 Casta
673 1372 689 1396 ,
725 1329 960 1394 Valerio,
990 1324 1319 1397 Diopftanto,
1366 1320 1581 1393 συνίαεο
1601 1360 1616 1386 ,
1665 1317 1851 1372 Λιιιὶοο

518 1422 647 1478 chia:
673 1418 992 1492 presbyteris.
1016 1417 1250 1489 (Cucuso
1273 1428 1415 1469 anno
1439 1409 1590 1482 £05.)

323 1559 631 1616 Vehemens
670 1567 726 1611 ct
767 1555 997 1610 violenta
1024 1551 1268 1623 qumdam
1311 1562 1397 1604 res
1421 1555 1504 1602 cst
1528 1543 1758 1609 caritas,
1789 1556 1852 1596 ac

247 1651 483 1707 molesto
519 1647 788 1705 creditore
832 1644 1023 1716 quovis
1054 1641 1361 1700 violentior.
1391 1638 1577 1709 Neque
1601 1635 1746 1692 enim
1772 1632 1851 1688 illi

246 1759 347 1800 cos
365 1785 385 1809 ,
413 1741 502 1814 qui
525 1740 783 1812 pecunias
807 1738 1040 1805 debent,
1073 1735 1146 1791 ita
1169 1734 1460 1806 prmfocant
1479 1773 1494 1797 ,
1522 1745 1587 1786 ac
1609 1727 1851 1785 debitum

247 1837 506 1907 exigunt,
536 1842 594 1892 ut
615 1847 711 1887 vos
759 1830 998 1887 caritatis
1025 1836 1270 1884 catenam
1298 1825 1598 1896 injicicntes
1639 1820 1706 1876 ad
1741 1818 1856 1890 cpi-

247 1929 419 1983 stolas
447 1925 832 1997 persolvendas
863 1939 962 1980 nos
991 1922 1214 1993 urgetis,
1259 1917 1473 1975 etiarnsi
1513 1915 1710 1988 alioqui
1750 1913 1856 1970 hoc

249 2020 494 2076 debitum
537 2032 781 2088 perSa-pc
802 2017 910 2086 jam
940 2030 972 2072 a
1003 2013 1156 2070 nobis
1182 2012 1254 2068 sit
1279 2012 1534 2067 solutum.
1561 2008 1762 2065 Verum
1790 2022 1853 2061 ea

252 2115 478 2179 hujusce
503 2112 668 2167 debiti
699 2102 885 2164 nﬁura
916 2117 1001 2165 est
1033 2126 1048 2164 :
1083 2121 1300 2175 semper
1339 2105 1584 2169 solvitur,
1607 2116 1854 2172 semper-

253 2220 361 2274 que
386 2203 634 2270 debetur.
670 2202 895 2270 ideoque
919 2214 1017 2256 vos
1058 2214 1126 2254 ne
1163 2198 1380 2269 quidem
1410 2195 1647 2266 acceptis
1687 2194 1856 2250 literis

251 2295 437 2349 satiari
467 2295 709 2364 potestis.
737 2291 997 2347 Nimirum
1017 2290 1143 2346 illud
1174 2293 1334 2346 etiam
1366 2289 1560 2344 caritas
1590 2286 1772 2352 habet,
1798 2294 1856 2340 ut

252 2387 408 2456 plura
439 2400 654 2452 semper
674 2393 888 2454 appetat
927 2401 942 2438 :
971 2398 1035 2440 ac
1065 2397 1212 2437 mare
1257 2381 1511 2447 lllllL‘llltl‘,
1541 2378 1857 2463 quod/licet

252 2492 442 2533 amnes
469 2476 842 2546 undecumque
891 2475 943 2529 iu
986 2476 1157 2545 ipsum
1208 2473 1460 2539 inﬂuant,
1513 2487 1618 2528 non
1677 2481 1855 2525 tamen

255 2570 531 2641 impletur.
554 2569 750 2624 Eadem
779 2570 974 2639 quippe
997 2569 1205 2621 aurium
1234 2576 1529 2622 vestrarum
1561 2563 1858 2634 amplitudo

252 2672 337 2716 Cal
365 2679 379 2717 :
406 2677 472 2715 ex
494 2676 600 2732 quo
620 2659 871 2722 efficitur,
899 2670 953 2713 ut
974 2674 1082 2729 quo
1108 2659 1256 2724 plura
1279 2659 1330 2712 in
1354 2672 1446 2713 eas
1476 2657 1820 2726 injecerimus
1838 2697 1854 2722 ,

251 2768 320 2808 eo
345 2753 511 2807 etiam
540 2752 760 2822 majoris
788 2761 984 2806 vestra:
1004 2765 1130 2820 erga
1158 2765 1258 2804 nos
1273 2747 1666 2804 benevolentia:
1707 2745 1861 2800 ﬂam-

252 2855 401 2899 mam
446 2843 766 2900 excitemus.
796 2841 1157 2910 Quamobrem
1200 2855 1270 2895 ne
1313 2838 1668 2904 existimetis,
1721 2852 1854 2900 nos,

252 2935 401 3006 quod
436 2934 507 2991 de
558 2944 736 2992 vestra
780 2935 1013 2990 amicitia
1058 2931 1302 3004 qumdam
1353 2931 1590 3001 suspicio
1619 2928 1857 2982 animmn

253 3039 504 3085 nostrqu
528 3029 825 3104 tetigisset,
849 3028 997 3086 brevi
1021 3027 1124 3082 hoc
1149 3025 1408 3095 temporis
1428 3022 1600 3094 spatio
1622 3021 1855 3078 siluisse.

252 3119 390 3177 Nam
435 3121 482 3176 si
526 3137 629 3192 qua
653 3119 888 3191 suspicio
911 3134 1011 3174 nos
1037 3117 1376 3182 incessisset,
1417 3117 1614 3186 saepius
1655 3113 1723 3170 ad
1762 3128 1860 3170 vos

254 3213 444 3270 literas
471 3212 826 3269 dedissenms.
852 3205 1313 3280 Quemadmodum
1341 3209 1486 3265 enim
1529 3206 1623 3278 qui
1656 3206 1859 3278 Optima

254 3305 566 3362 valetudine
589 3314 735 3372 sunt,
757 3305 947 3361 medici
979 3319 1138 3376 opem
1167 3319 1273 3359 non
1296 3301 1641 3359 desiderant:
1664 3300 1858 3358 eodem

257 3401 422 3456 modo
449 3400 624 3471 ignavi
648 3414 713 3455 ac
737 3399 931 3469 dcjceti
963 3397 1211 3454 homines
1236 3397 1418 3452 multis
1443 3393 1698 3450 remediis
1723 3408 1861 3464 opus

259 3493 480 3549 habent.
504 3492 767 3560 Quocirca
794 3492 842 3548 si
862 3500 1099 3548 vestrum
1117 3504 1245 3560 erga
1271 3503 1371 3545 nos
1395 3487 1633 3543 animum
1656 3485 1862 3542 claudi-

257 3601 384 3642 care
427 3585 816 3648 scnsisscmus,
875 3600 982 3640 non
1034 3583 1455 3655 neglexisscmus
1497 3597 1562 3638 ea
1603 3581 1860 3638 adhibere

255 3692 379 3747 qum
418 3676 593 3747 ipsum
623 3675 958 3732 inﬂammare
987 3683 1228 3746 possent.
1258 3673 1391 3742 Quia
1415 3688 1545 3729 vero
1569 3673 1858 3729 admodum

259 3766 415 3824 vobis
445 3766 659 3824 ﬂdimus
677 3809 696 3836 ,
723 3768 1000 3838 probeque
1025 3751 1261 3834 scimus,
1293 3766 1408 3822 sive
1428 3765 1612 3822 literas
1633 3781 1663 3820 a
1705 3765 1862 3821 nobis

259 3859 537 3930 accipiatis
555 3901 573 3928 ,
595 3859 708 3915 sive
724 3875 881 3915 secus
902 3901 918 3927 ,
949 3874 1043 3915 vos
1063 3859 1312 3914 affectum
1341 3873 1466 3928 erga
1493 3874 1592 3914 nos
1622 3856 1857 3923 firmum,

260 3951 544 4007 immotum
566 3993 582 4018 ,
615 3951 882 4022 vigentem
908 3961 1277 4022 perpetuoque
1304 3951 1587 4006 florentem
1613 3964 1855 4017 servare,

260 4045 465 4102 idcirco
491 4045 561 4102 ad
585 4060 703 4102 eam
730 4062 846 4102 rem
877 4047 1098 4101 minime
1125 4045 1459 4101 necessarias
1478 4045 1735 4114 epistolas
1761 4060 1861 4099 no-

261 4148 404 4192 stras
441 4152 564 4194 esse
606 4137 936 4195 ducebamus
965 4153 1188 4194 :vcrum
1225 4138 1292 4193 ad
1323 4140 1424 4193 hoc
1460 4138 1765 4204 dumtaxat,
1805 4146 1863 4192 ut

255 4229 448 4286 debito
486 4230 874 4287 benevolentia:
904 4246 1128 4287 nmnere
1164 4230 1528 4301 fittigcremur.
1555 4230 1689 4286 Nam
1721 4244 1862 4285 nunc

256 4337 473 4394 quoque
499 4339 605 4379 non
627 4325 949 4380 necessitate
977 4324 1085 4380 ulla
1111 4324 1354 4394 impulsi,
1388 4324 1482 4380 sed
1508 4325 1738 4380 amicitia
1761 4323 1860 4379 ad—

259 4415 409 4471 ducti
433 4416 738 4473 scribimus.
766 4417 920 4487 Quod
950 4417 1093 4474 enim
1112 4460 1128 4484 ,
1159 4419 1322 4472 etiam
1352 4417 1397 4472 si
1427 4418 1609 4472 multa:
1641 4418 1802 4471 variis
1829 4433 1861 4474 e

261 4508 397 4562 locis
441 4517 788 4578 tempestates
831 4512 1094 4575 oriantur,
1147 4519 1310 4580 atque
1355 4508 1622 4564 innumeri
1669 4508 1861 4564 ﬂuctus

257 4599 585 4664 excitentur,
609 4599 756 4655 nullo
782 4608 959 4655 tamen
989 4616 1086 4653 vos
1111 4601 1434 4655 detrimento
1465 4599 1684 4655 afficere
1701 4609 1862 4670 atque

261 4693 316 4747 in
366 4694 636 4748 maestitiae
687 4693 976 4763 procellam
1023 4691 1293 4762 conjicere
1332 4700 1564 4762 queant,
1616 4695 1863 4762 superius

263 4797 478 4856 tempus
503 4784 718 4841 abunde
745 4785 964 4856 plamnn
989 4784 1131 4841 fecit.
1162 4787 1239 4840 Ac
1269 4784 1526 4855 proinde,
1558 4800 1665 4839 non
1689 4795 1744 4838 ut
1769 4800 1861 4839 so-

261 4879 446 4934 latium
475 4878 628 4933 vobis
654 4878 943 4934 aﬂ'eramus
976 4879 1171 4950 (neque
1201 4878 1343 4932 enim
1370 4879 1740 4933 consolatione
1763 4893 1861 4932 no-

259 4972 591 5054 straegctis)
621 4970 738 5028 haec
767 4972 1054 5028 scribimus
1087 4989 1102 5025 :
1131 4989 1316 5028 verum
1347 4981 1405 5027 ut
1433 4972 1744 5043 intelligatis
1765 4989 1861 5027 nos

257 5063 455 5134 gaudio
484 5064 789 5131 exsultare,
831 5080 897 5122 ac
941 5065 1146 5132 Imtari,
1177 5064 1321 5137 quod
1353 5075 1554 5121 tantam
1600 5081 1667 5122 ex
1713 5074 1864 5122 tanto

263 5158 505 5211 locorum
555 5157 842 5212 intervallo
894 5158 1173 5214 caritatem
1222 5166 1458 5213 vestram
1502 5159 1859 5214 obtineamus.

259 5252 526 5319 Quoniam
566 5259 744 5306 autem
781 5251 895 5307 scio
919 5266 1128 5322 magna:
1148 5250 1303 5306 vobis
1347 5251 1546 5307 laetitia:
1571 5267 1726 5316 esse,
1756 5267 1864 5321 quo

258 5355 403 5398 statu
431 5360 520 5400 res
546 5355 744 5402 nostrae
787 5346 930 5412 sint,
961 5345 1291 5418 intelligere,
1324 5346 1514 5402 scitote
1543 5362 1643 5403 nos
1663 5356 1861 5402 stoma-

258 5439 347 5492 chi
370 5437 735 5493 imbecillitate
756 5438 1014 5494 liberatos
1041 5452 1197 5503 esse,
1224 5446 1383 5507 atque
1418 5439 1628 5504 valere,
1670 5454 1733 5494 ac
1761 5455 1862 5496 nec

258 5531 542 5585 obsidione
583 5545 684 5585 nec
722 5530 990 5587 latronum
1020 5532 1436 5599 incursionibus,
1467 5547 1569 5588 nec
1600 5533 1702 5587 loci
1731 5533 1859 5587 soli-

257 5623 472 5688 tudine,
504 5637 604 5678 ncc
623 5633 999 5680 sescentorum
1036 5625 1385 5682 adversorum
1415 5641 1634 5682 casuum
1668 5626 1857 5685 turba.

256 5732 362 5772 nec
387 5717 622 5789 denique
641 5716 750 5773 ullo
778 5719 883 5774 alio
910 5718 1216 5791 huiusmodi
1249 5719 1593 5777 incommodo
1619 5721 1775 5792 dcjici
1805 5734 1858 5777 rt

182 5864 192 5871 _
253 5811 602 5878 ventur-limi;
625 5826 808 5867 verum
836 5814 1159 5883 securitate,
1190 5816 1318 5884 otio,
1347 5833 1406 5871 ar
1433 5817 1608 5890 quiete
1641 5814 1764 5883 frui,
1793 5829 1855 5872 ac

1703 347 2088 410 EPISTOLE.

3450 341 3558 400 ϐω

1947 461 2177 534 singulis
2198 460 2392 518 diebus
2407 461 2478 518 de
2505 475 2689 519 rerum
2712 467 3014 518 vestrarum
3041 467 3181 514 statu
3199 457 3250 514 in
3272 472 3556 520 cumesse.

1949 554 2122 626 deque
2144 553 2228 610 his
2253 553 2322 611 ad
2344 569 2440 611 eos
2459 556 2551 626 qui
2569 553 2836 611 accedunt
2855 567 3162 610 sermonem
3182 550 3402 607 habere.
3424 549 3556 606 Nam

1951 645 2056 703 hoc
2081 647 2195 704 veri
2219 648 2421 703 amoris
2447 655 2636 703 natura
2666 645 2824 713 facit,
2854 653 2915 701 ut
2934 644 2969 700 ii
3001 634 3090 717 qui
3113 643 3270 698 nobis
3299 642 3410 699 cari
3436 653 3556 697 sunt

1951 753 2164 810 semper
2183 733 2237 795 in
2267 753 2365 795 ore
2389 747 2578 812 nostro
2606 752 2670 794 ac
2690 738 2869 810 lingua
2889 744 3196 792 versentur.
3225 733 3380 807 Quod
3397 735 3560 790 etiam

1953 831 2007 886 in
2030 831 2185 888 nobis
2206 839 2492 902 propterea
2515 845 2615 887 usu
2641 830 2823 897 venit,
2850 813 2976 901 quia
2997 827 3153 883 valde
3181 841 3460 882 amamus:
3484 825 3564 878 id-

1952 935 2060 995 que
2085 923 2188 995 ipsi
2215 924 2406 980 nostis.
2430 923 2558 980 Eme
2594 923 2757 995 igitur
2781 921 2963 980 omnia
2993 920 3269 977 vobiscum
3307 927 3562 990 reputan-

1957 1026 2070 1082 tes,
2099 1031 2170 1073 ne
2195 1016 2519 1073 existimetis
2562 1029 2664 1072 nos
2710 1015 2764 1070 in
2811 1023 3007 1070 nostro
3023 1027 3151 1084 erga
3179 1025 3278 1068 vos
3307 1009 3486 1067 ofllcio
3511 1019 3562 1064 rt

1956 1107 2328 1164 benevolentia
2355 1106 2616 1178 temporis
2643 1120 2931 1177 progressu
2978 1117 3176 1176 segnes
3199 1115 3265 1157 ac
3291 1101 3563 1172 negligen-

1960 1205 2041 1254 tes
2067 1196 2310 1254 redditos
2328 1211 2468 1253 esse.
2493 1194 2696 1252 Caritas
2739 1195 2886 1251 enim
2939 1209 3216 1264 numquam
3264 1189 3450 1245 excidit
3481 1191 3560 1260 (Ι.

1959 1290 2077 1346 Cor.
2136 1291 2225 1348 i3.
2284 1291 2340 1362 8)
2379 1309 2394 1347 :
2439 1305 2562 1359 nec,
2590 1289 2806 1346 tametsi
2843 1289 3042 1360 alioqui
3084 1287 3302 1358 longum
3353 1293 3566 1353 tempus

1957 1380 2207 1447 ﬂuxerit,
2237 1379 2449 1438 tametsi
2472 1378 2703 1452 longiori
2730 1378 2907 1435 adlmc
2925 1420 2942 1448 ,
2969 1392 3130 1448 quam
3160 1391 3324 1442 nunc,
3347 1373 3559 1430 itineris

1960 1473 2240 1530 intervallo
2266 1473 2407 1528 inter
2453 1486 2552 1528 nos
2583 1472 2933 1537 dirimamur,
2975 1468 3292 1538 interrumpi
3330 1476 3387 1523 et
3423 1465 3565 1520 obli-

1959 1566 2119 1622 terari
2150 1574 2364 1638 potest,
2391 1580 2578 1621 verum
2607 1564 2777 1635 magis
2802 1578 2866 1618 ac
2897 1563 3068 1634 magis
3102 1560 3261 1617 ﬂoret
3284 1569 3444 1631 atque
3470 1572 3569 1612 au-

1957 1671 2138 1732 getur.

2150 1787 2411 1848 CXXXI.
2440 1788 2653 1862 Efpidio
2681 1788 2940 1860 episcopo.
2975 1786 3169 1861 (Anno
3194 1785 3364 1859 £06.)

2030 1923 2148 1980 Non
2178 1935 2489 1996 contemptu
2514 1924 2620 1991 tui,
2647 1939 2748 1981 nec
2774 1923 3002 1992 incuria,
3029 1922 3295 1995 superiori
3325 1929 3570 1992 tempore

1959 2015 2206 2071 siluimus
2235 2032 2250 2071 :
2282 2032 2470 2072 verum
2496 2031 2586 2073 res
2625 2015 2868 2073 adversa:
2886 2016 3130 2088 ,quibus
3155 2014 3393 2086 mutique
3418 2013 3569 2070 obsi-

1962 2109 2173 2176 demur,
2214 2107 2526 2164 diuturnum
2573 2107 2677 2164 hoc
2721 2108 2994 2165 silentium
3039 2107 3352 2164 cﬂ‘ecernnt.
3383 2106 3570 2177 Neque

1961 2201 2105 2256 enim
2130 2211 2280 2256 certo
2309 2200 2423 2255 ullo
2448 2201 2568 2256 loco
2595 2199 2756 2256 defixi
2785 2215 2993 2267 sumus,
3017 2215 3205 2256 verum
3234 2212 3377 2253 nunc
3395 2194 3572 2253 Cucu-

1962 2312 2123 2365 sum,
2164 2312 2306 2354 nunc
2348 2297 2662 2353 Arabissum
2688 2337 2708 2365 ,
2758 2311 2902 2352 nunc
2944 2295 3151 2360 valles,
3193 2308 3256 2348 ac
3302 2303 3568 2362 prmrupta

1961 2390 2282 2460 desertaque
2322 2389 2670 2445 circumimus
2694 2405 2712 2444 :
2741 2403 2911 2460 usque
2938 2385 3074 2443 adeo
3103 2393 3295 2441 cuncta
3324 2383 3566 2439 tumulti-

1965 2485 2063 2538 bus
2092 2499 2157 2539 ac
2182 2484 2586 2554 perturbatione
2625 2483 2778 2554 plena
2827 2490 2990 2549 sunt,
3016 2479 3338 2548 ﬂammaque
3366 2487 3420 2532 ct
3465 2478 3572 2531 fcr-

1965 2591 2104 2640 rum,
2140 2585 2246 2630 tam
2277 2589 2529 2645 corpora,
2572 2590 2732 2646 quam
2761 2572 2986 2629 redificia
3016 2571 3198 2627 omnia
3223 2568 3460 2625 conficit.
3494 2573 3571 2624 Ac

1957 2668 2070 2739 jam
2119 2668 2279 2723 etiam
2326 2669 2486 2725 urbes
2535 2684 2640 2723 una
2686 2684 2810 2724 eum
2856 2667 2985 2722 viris
3031 2664 3283 2720 omnibus
3331 2662 3574 2718 funditus

1963 2760 2159 2814 excisa:
2202 2769 2360 2828 sunt,
2406 2761 2668 2831 novisque
2706 2759 2946 2830 quotidie
2987 2756 3298 2813 rumoribus
3338 2755 3570 2826 perculsi

1964 2850 2122 2906 sedes
2166 2859 2472 2918 mutamus,
2519 2865 2684 2922 grave
2728 2850 3001 2922 quoddam
3046 2863 3111 2905 ac
3153 2864 3351 2903 novum
3395 2848 3572 2903 exsilii

1963 2956 2134 3012 genus
2166 2942 2545 3013 perpetientcs,
2573 2951 2912 3013 mortemque
2945 2943 2998 2996 in
3028 2940 3145 2997 dies
3172 2947 3568 3009 exspectan‘cs.

1964 3033 2097 3089 Nam
2125 3050 2192 3090 ne
2217 3035 2441 3090 castello
2464 3033 2700 3105 quidem,
2732 3034 2956 3105 perinde
2979 3042 3141 3104 atque
3159 3047 3399 3098 carcere,
3429 3047 3573 3087 llllllc

1965 3128 2179 3196 inclusi,
2209 3128 2391 3183 fidenti
2416 3129 2597 3184 animo
2622 3143 2743 3185 esse
2772 3143 3057 3196 possumus
3081 3144 3094 3181 :
3120 3133 3403 3199 propterea
3426 3125 3570 3195 quod

1965 3220 2132 3276 Isauri
2160 3221 2423 3292 ejusmodi
2454 3236 2607 3278 arces
2634 3221 2884 3277 obsidere
2920 3235 3029 3275 non
3057 3217 3323 3274 dubitent.
3348 3217 3428 3272 Ad
3459 3216 3573 3269 lure

1964 3315 2144 3386 gravis
2169 3316 2332 3371 etiam
2364 3316 2582 3370 morbus
2608 3314 2837 3371 accessit
2864 3331 2878 3368 :
2909 3312 3062 3384 cujus
3086 3327 3229 3367 nunc
3256 3326 3400 3382 aegre
3423 3325 3573 3365 acer-

1966 3411 2131 3466 bitate
2175 3409 2419 3481 depulsa,
2470 3409 2726 3480 reliquias
2777 3406 2955 3463 adhuc
3003 3405 3475 3469 circumferimus;
3519 3412 3575 3458 et

1966 3501 2417 3572 quemadmodum
2450 3502 2503 3556 in
2555 3501 2784 3556 insulam
2813 3497 3099 3571 quamdam
3132 3513 3239 3553 non
3283 3494 3573 3568 navigabili

1967 3595 2100 3649 mari
2138 3595 2516 3650 circumfusam
2561 3595 2820 3666 relegati,
2864 3593 3056 3649 eodem
3097 3591 3260 3647 modo
3301 3590 3572 3647 netnincm

1967 3687 2081 3743 fere
2107 3687 2212 3742 ulla
2238 3703 2305 3743 ex
2336 3698 2487 3759 parte
2508 3702 2734 3744 cernere
2764 3699 3079 3758 possumus,
3112 3685 3256 3755 quod
3283 3684 3364 3739 via
3396 3683 3574 3740 omnis

1970 3778 2289 3836 tumultuum
2324 3789 2468 3835 metu
2516 3779 2806 3835 interclusa
2835 3780 2924 3832 sit.
2968 3776 3331 3845 Quamobrem
3375 3775 3474 3831 abs
3519 3784 3575 3830 te

1969 3879 2113 3942 pcto,
2147 3871 2597 3929 reverendissime
2624 3885 2689 3926 ac
2713 3867 3119 3941 religiosissime
3143 3866 3217 3923 mi
3245 3847 3484 3931 domine),
3517 3875 3576 3920 ut

1967 3967 2099 4022 mihi
2132 3966 2419 4037 ignoscas;
2451 3963 2559 4021 scis
2584 3964 2728 4020 enim
2755 3977 2890 4034 quas
2915 3961 3010 4016 tibi
3034 3959 3379 4032 jampridem,
3411 3967 3578 4030 atque

1967 4059 2036 4113 ab
2063 4059 2249 4125 initio,
2281 4058 2484 4113 amoris
2521 4064 2578 4113 et
2617 4053 3003 4112 benevolentia:
3030 4052 3449 4123 significationes
3472 4049 3575 4106 de-

1967 4151 2174 4218 derim;
2204 4165 2302 4206 nec
2330 4165 2426 4220 pro
2453 4148 2609 4204 nobis
2629 4149 2795 4203 Deum
2827 4145 3034 4218 precari
3062 4145 3406 4201 intermittas.
3436 4143 3572 4200 Nam

1968 4242 2135 4313 quod,
2178 4244 2222 4297 si
2272 4241 2518 4297 homines
2568 4241 2658 4310 qui
2708 4239 2934 4309 imperio
2980 4245 3074 4294 tuo
3115 4247 3368 4308 pareant,
3415 4235 3578 4292 facile

1970 4335 2204 4390 nancisci
2234 4348 2420 4406 queas,
2453 4332 2584 4387 nihil
2615 4331 2987 4387 submonitore
3028 4329 3095 4384 ad
3138 4344 3260 4385 eam
3286 4343 3398 4382 rem
3437 4342 3574 4397 opus

1970 4428 2248 4485 habiturus
2278 4427 2374 4492 sis,
2421 4437 2481 4482 ut
2509 4425 2577 4480 de
2603 4433 2689 4480 tua
2719 4423 3026 4480 valetudine
3053 4437 3214 4492 quam
3245 4419 3575 4477 creberrime

1969 4519 2036 4574 ad
2067 4533 2164 4574 nos
2208 4518 2453 4584 scribas,
2498 4518 2750 4588 equidem
2794 4513 3137 4572 confidimus.
3172 4513 3251 4568 Ac
3291 4525 3393 4567 nos
3421 4509 3573 4575 item,

1968 4613 2013 4667 si
2045 4613 2159 4667 haec
2187 4611 2422 4682 pericula
2467 4611 2875 4681 conquiescant,
2920 4618 3081 4680 atque
3117 4623 3184 4662 ex
3228 4606 3332 4662 hoc
3358 4619 3576 4662 carcere

1970 4720 2258 4775 prorepere
2279 4746 2294 4772 ,
2326 4715 2378 4760 et
2405 4703 2473 4759 ab
2501 4703 2782 4759 obsidione
2803 4743 2819 4770 ,
2850 4704 2901 4757 in
2929 4718 3032 4773 qua
3059 4717 3203 4757 nunc
3226 4714 3446 4765 sumus,
3477 4714 3578 4754 nos

1972 4800 2116 4866 ipsos
2141 4799 2471 4869 aliquantum
2504 4812 2753 4854 recreare
2778 4812 2842 4852 ac
2869 4795 3091 4853 reficere
3128 4809 3390 4867 queamus
3411 4836 3428 4862 ,
3457 4794 3575 4848 nul-

1973 4891 2079 4943 lum
2128 4900 2339 4961 tempus
2380 4891 2713 4957 omittemus,
2758 4894 2886 4959 quin
2921 4889 2986 4944 ad
3020 4897 3074 4944 te
3112 4887 3430 4943 scribamus.
3463 4884 3578 4940 Hoc

1968 4983 2114 5039 enim
2159 4983 2454 5051 facientes,
2501 4998 2664 5054 quam
2697 4977 2959 5038 maxime
2983 4996 3084 5037 nos
3125 4981 3272 5052 ipsos
3313 4977 3578 5037 beneficio

1969 5074 2029 5130 af
2032 5075 2291 5132 ficiemus.

2481 5208 2712 5268 CXXXI
2726 5209 2774 5265 ι.
2806 5209 3054 5266 Gemello.

2045 5355 2228 5424 Papae,
2260 5361 2456 5422 quanta
2482 5365 2571 5406 res
2607 5359 2693 5406 est
2733 5363 3027 5421 generosus
3050 5356 3108 5404 et
3136 5346 3287 5404 fortis
3328 5346 3577 5412 animus,

1968 5447 2060 5518 qui
2089 5447 2411 5516 voluptatem
2440 5460 2502 5498 ac
2541 5441 2885 5498 securitatem
2932 5457 3040 5496 non
3086 5439 3301 5495 aliunde
3325 5481 3342 5507 ,
3388 5453 3572 5495 verum

1968 5543 2113 5598 domi
2138 5551 2298 5611 atque
2328 5555 2355 5593 a
2386 5556 2445 5594 sc
2472 5539 2587 5610 ipso
2617 5537 2840 5607 percipit
2860 5578 2874 5601 ,
2899 5535 3150 5606 quodque
3177 5532 3427 5590 mirabile
3456 5542 3539 5587 est
3562 5573 3575 5595 ,

1966 5635 2036 5688 ah
2065 5635 2130 5689 iis
2153 5635 2312 5689 rebus
2334 5650 2452 5703 qum.
2475 5631 2763 5686 multorum
2791 5629 3045 5700 opinione
3073 5625 3365 5683 horrendae
3391 5639 3454 5679 ac
3481 5639 3575 5694 pe-

1968 5729 2213 5781 riculosa:
2240 5734 2383 5781 sunt.
2417 5723 2548 5780 Nam
2578 5739 2682 5778 non
2707 5721 2866 5777 modo
2903 5738 3007 5777 non
3040 5717 3339 5790 perturbari
3366 5732 3430 5773 ac
3467 5716 3576 5770 dis—

1968 5817 2231 5887 cruciari,
2263 5833 2381 5873 f‘llm
2411 5817 2727 5876 quibusdam
2760 5814 2883 5870 odio
2915 5813 3020 5873 sis.
3055 5815 3239 5868 vi‘rum
3284 5814 3442 5868 etiam
3477 5808 3576 5864 hoc
