4076 6436
563 429 778 502 nqmine
804 429 1016 499 gloriari
1033 472 1049 498 ,
1071 446 1243 502 neque
1269 432 1484 504 gloriari
1511 433 1706 501 solum,
1755 434 1851 492 sed
1867 436 2135 492 etiameos

561 520 652 589 qui
674 529 726 575 te
743 519 948 577 oderint
967 523 1225 589 miserari,
1243 533 1402 595 atque
1417 534 1474 580 ut
1499 525 1775 582 meliorem
1794 536 2022 582 mentem
2054 527 2139 582 in-

561 607 748 676 duant,
765 610 1017 682 probique
1028 611 1776 688 efliciantur,expetere,cujus
1793 617 2002 674 tandem
2017 634 2141 688 pru-

561 697 773 768 dunlim,
788 701 1044 772 cujusque
1058 704 1409 776 philosophia:
1423 708 1530 764 est?
1546 710 1622 764 Ac
1639 717 1912 779 propterea
1929 720 1999 775 te,
2016 724 2136 765 cum

564 789 746 857 primis
767 791 1145 860 admirandept
1162 797 1441 867 magniﬁce
1459 797 1693 866 domine,
1713 799 1954 855 laudibus
1972 800 2139 855 al‘lici-

563 895 682 943 mus
707 897 772 938 ac
795 884 1112 954 suspicimus
1139 905 1154 943 :
1185 897 1495 959 propterea,
1526 891 1738 961 inquam
1757 933 1770 956 ,
1805 907 1904 946 nos
1926 908 2138 964 quoque

564 987 884 1045 magnopere
924 977 1288 1047 exsultamus,
1339 981 1409 1035 ob
1434 989 1579 1035 tuam
1626 982 1948 1049 amicitiam,
1998 993 2137 1037 tam-

559 1079 718 1131 quam
753 1065 824 1120 ob
847 1065 1175 1137 splendidam
1214 1084 1465 1126 coronam
1511 1071 1822 1143 gloriantes.
1875 1073 2136 1141 Quoniam

559 1163 736 1210 autem
782 1171 963 1226 preces
990 1173 1199 1230 quoque
1224 1176 1256 1216 a
1298 1162 1452 1218 nobis
1495 1179 1589 1234 per
1634 1165 1815 1221 literas
1847 1168 2094 1237 exposcis
2119 1209 2135 1234 ,

561 1245 718 1299 velim
748 1244 1040 1318 intelligas,
1065 1263 1163 1306 nos
1189 1265 1255 1307 ue
1281 1262 1407 1308 ante
1435 1251 1532 1309 bas
1551 1255 1762 1326 quidem
1808 1257 1990 1314 literas
2017 1268 2137 1314 vota

561 1337 736 1392 licere
757 1338 1024 1394 destitisse
1047 1381 1062 1403 ,
1095 1350 1152 1395 ut
1187 1342 1418 1402 animam
1446 1359 1613 1416 usque
1639 1347 1774 1403 adeo
1814 1363 2056 1420 magnam
2084 1359 2136 1404 et

563 1425 980 1496 pliilosopliiram
1027 1431 1194 1487 sacris
1247 1433 1480 1502 initiari,
1534 1452 1598 1493 ac
1634 1442 1986 1496 sacrosanctis
2033 1442 2140 1499 illis

561 1519 955 1589 tremendisque
996 1524 1264 1594 mysteriis
1282 1525 1470 1583 donari
1515 1529 1965 1603 conspiceremus.
1997 1535 2074 1591 Ac
2093 1537 2146 1591 si‘

566 1607 719 1664 nobis
748 1608 923 1666 lil‘llllll
955 1612 1253 1684 bujusmodi
1281 1618 1522 1674 nuntium
1547 1622 1790 1690 accipere
1819 1623 2006 1692 liccat,
2027 1625 2137 1696 jam

563 1709 613 1749 et
643 1696 742 1753 hoc
765 1701 953 1756 exsilio
984 1705 997 1734 '
1028 1704 1232 1760 liberati
1260 1706 1494 1775 erimus,
1525 1719 1580 1765 et
1608 1711 1912 1769 solitudinis
1938 1731 2140 1771 memo-

565 1791 696 1842 riam
726 1788 1086 1859 deponemus,
1116 1804 1172 1850 ct
1193 1798 1434 1868 corporis
1460 1799 1820 1859 imbecillitate
1839 1845 1857 1872 ,
1879 1818 2001 1860 cum
2036 1822 2137 1876 qua

566 1894 706 1937 nunc
730 1883 882 1938 nobis
905 1895 1176 1942 certamen
1201 1899 1282 1944 est
1299 1930 1316 1954 ,
1349 1890 1554 1948 solutos
1580 1906 1680 1948 nos
1721 1909 1842 1951 esse
1861 1895 2136 1953 ducemus.

562 1973 671 2030 Nec
698 1990 824 2030 vero
848 1977 976 2032 illud
1003 1979 1153 2034 nobis
1177 1979 1391 2038 dtbium
1421 1993 1522 2052 est,
1547 1985 1628 2041 vir
1653 1985 1984 2054 admiraude,
2011 1991 2137 2060 quin

564 2076 740 2123 nostra
790 2081 951 2138 opera
1003 2085 1193 2127 arcana
1221 2072 1333 2130 bare
1357 2073 1496 2131 bona
1545 2079 1800 2150 consequi
1843 2081 2058 2136 studeas
2086 2091 2142 2137 et

561 2163 929 2233 concupiscas.
963 2165 1114 2232 Quod
1141 2166 1302 2223 etiam
1322 2210 1336 2234 ,
1381 2179 1440 2225 ut
1470 2170 1582 2242 ipse
1611 2173 1781 2240 nosti,
1831 2174 1984 2229 nobis
2010 2191 2142 2246 que-

562 2269 666 2323 que
727 2255 904 2310 studio
973 2268 1131 2328 atque
1173 2260 1444 2330 cupiditati
1485 2271 1588 2318 est.
1625 2262 1822 2320 Verum
1867 2266 1910 2320 si
1958 2281 1988 2321 a
2039 2281 2138 2322 no-

564 2343 644 2400 bis
692 2361 840 2401 tnora
892 2347 1065 2418 aliqua
1116 2351 1459 2419 interveniat,
1531 2352 1654 2409 binc
1707 2364 1882 2410 tamen
1945 2356 2021 2411 rei
2071 2373 2138 2412 ne

565 2453 709 2491 mora
757 2437 1029 2504 all'eratur,
1059 2456 1206 2496 cura.
1261 2441 1490 2498 Otuuino
1517 2444 1693 2511 enim,
1745 2446 1903 2502 etiam
1952 2449 1998 2502 si
2038 2447 2134 2516 ipsi

561 2525 919 2596 nbfuerimus,
959 2529 1200 2587 homines
1235 2533 1389 2588 nobis
1425 2535 1731 2590 amicissimi
1772 2551 1876 2591 non
1905 2536 2136 2593 defuturi

562 2627 714 2684 sunt,
761 2621 850 2691 qui
881 2633 933 2677 te
975 2622 1039 2677 ad
1095 2624 1210 2680 base
1261 2627 1635 2698 mysteriorum
1685 2628 1830 2684 initia
1873 2629 2138 2687 deducere

559 2722 756 2781 queant
786 2714 879 2786 (a).
904 2715 1054 2784 Quod
1092 2717 1137 2772 si
1162 2719 1466 2790 contingat,
1497 2720 1683 2776 eadem
1730 2722 1998 2793 voluptate
2021 2724 2139 2779 alli-

560 2804 785 2873 ciemur,
815 2822 933 2884 qua
955 2808 1308 2877 aﬂiceremur,
1345 2813 1390 2866 si
1419 2812 1654 2869 caelestis
1693 2813 1850 2886 hujus
1894 2816 2134 2871 beneﬁcii

563 2893 825 2964 largitioni
872 2895 1242 2954 administram
1302 2901 1512 2972 ipsimet
1567 2919 1784 2975 operam
1824 2907 2138 2976 praebuisse-

559 3002 707 3056 tuus,
730 2989 1152 3060 quandoquidem
1180 2994 1336 3049 etiam
1365 2995 1551 3052 eadem
1580 3006 1663 3054 est
1691 2999 1878 3070 gratia.

749 3101 1071 3159 CXXXIII.
1104 3106 1318 3164 Adoliar.
1348 3109 1581 3179 (Cucuso
1611 3127 1752 3167 anno
1781 3113 1936 3184 404.)

631 3215 766 3283 Quid
793 3215 912 3272 ais?
939 3216 1168 3275 Rursum
1212 3221 1429 3278 insidias
1455 3224 1630 3296 luges,
1655 3227 2012 3298 gravibusque
2039 3244 2133 3284 ca-

561 3305 882 3362 lamitatibus
934 3307 1179 3366 aﬂ‘ectam
1236 3321 1287 3367 te
1342 3327 1463 3370 esse
1511 3315 1719 3386 inquis?
1762 3316 1898 3385 Quid
1956 3328 2134 3374 autem

559 3395 770 3466 obstat,
800 3412 1011 3470 quaso,
1061 3401 1187 3472 quin
1228 3403 1278 3457 in
1306 3405 1647 3476 tranquillum
1675 3417 1886 3476 portum
1915 3417 1966 3465 te
2009 3425 2135 3466 cou-

560 3485 698 3542 feras
721 3529 734 3549 ,
761 3497 918 3558 atque
947 3487 1030 3544 bis
1060 3492 1308 3547 omnibus
1337 3494 1584 3550 ﬂuctibus
1623 3496 1904 3554 libereris?
1943 3500 2132 3554 Annon

560 3575 673 3631 bare
700 3576 792 3632 tibi
819 3592 1030 3651 semper
1046 3582 1389 3651 occinebam,
1417 3599 1515 3642 nec
1537 3595 1712 3642 tamen
1735 3603 1981 3660 umquam
2006 3590 2134 3645 mibi

559 3665 1028 3738 obtemperandum
1075 3671 1314 3729 duxisti?
1349 3675 1486 3742 Quin
1554 3679 1728 3748 potius
1763 3679 1872 3749 ipsa
1924 3697 2137 3752 quoque

559 3758 650 3814 tibi
703 3760 773 3815 ab
809 3759 1110 3832 huiusmodi
1159 3769 1488 3837 negotiorum
1534 3771 1644 3826 luto
1695 3755 1944 3829 sexcenta
2000 3777 2135 3831 mala

557 3853 826 3917 accersis,
884 3852 938 3907 in
986 3869 1198 3912 canum
1247 3869 1503 3930 perpetuo
1550 3861 1807 3930 illabens,
1837 3882 1904 3920 ac
1946 3867 2132 3932 nobis,

557 3939 682 3995 dum
722 3940 836 3996 luce
885 3947 1109 4026 pateris,
1134 3948 1350 4005 crebros
1369 3966 1432 4006 ac
1452 3963 1736 4023 perpetuos
1776 3971 2034 4013 tnwrores
2060 3961 2134 4013 af-

559 4033 687 4089 fers.
718 4035 798 4090 An
823 4051 907 4091 me
931 4037 1033 4093 levi
1061 4053 1294 4098 merere
1312 4042 1452 4099 afﬁci
1473 4060 1682 4114 censes,
1713 4063 1832 4103 cum
1850 4065 1910 4104 ea
1939 4051 2132 4116 audivi,

560 4139 678 4193 qum
705 4124 771 4178 ad
801 4141 886 4182 me
910 4129 1207 4199 scripsisti,
1253 4133 1502 4189 nimirum
1535 4149 1587 4192 te
1614 4153 1643 4191 a
1677 4141 1987 4210 propinquis
2006 4185 2018 4205 ,
2050 4144 2132 4197 vel

561 4215 731 4284 potius
758 4215 948 4272 alienis
975 4220 1126 4290 (ipsis
1163 4222 1305 4277 enim
1339 4225 1442 4279 tuis
1478 4227 1655 4283 verbis
1682 4236 1823 4300 utar)
1869 4232 2131 4301 proditam

557 4319 677 4360 esse
695 4345 711 4371 ,
736 4320 1026 4380 gravesque
1051 4313 1333 4383 tragmdias
1351 4318 1630 4386 pertulisse
1645 4319 1670 4371 ’ἒ
1683 4321 1966 4394 Quousque
1989 4324 2134 4380 fumo

559 4395 784 4462 assides,
803 4407 858 4453 et
878 4400 1078 4458 clarum
1103 4405 1267 4460 animi
1287 4409 1499 4465 oculum
1533 4411 1754 4468 turbas?
1776 4430 2136 4486 numquamne

557 4494 611 4540 te
639 4487 706 4540 ab
733 4487 830 4542 bac
864 4492 1203 4553 acerbissima
1255 4499 1507 4554 servitute
1553 4501 1605 4555 in
1638 4501 1932 4559 libertatem
1967 4508 2137 4561 vindi-

557 4576 737 4633 cabis?
764 4578 899 4646 Quid
938 4593 1116 4638 autem
1162 4585 1512 4655 impediebat,
1568 4594 1852 4660 quominus
1895 4595 1996 4651 buc
2045 4615 2136 4654 vc-

558 4666 720 4733 nires,
753 4685 954 4741 nosque
981 4673 1048 4729 de
1075 4674 1157 4730 bis
1183 4677 1340 4732 rebus
1357 4683 1632 4736 consilium
1659 4699 1761 4739 uua
1787 4692 2135 4756 caperemus?

555 4756 826 4828 Siquidem
855 4763 1043 4820 scribis
1070 4775 1121 4821 te
1146 4783 1432 4838 numquam
1485 4775 1670 4828 borum
1703 4791 1918 4833 sensum
1965 4783 2130 4838 ullum

555 4858 826 4919 capturam
867 4851 1062 4922 fuisse,
1114 4859 1158 4912 si
1190 4859 1240 4914 id
1287 4865 1612 4934 contigisset.
1660 4867 1846 4940 Magna
1899 4873 2132 4930 admira-

556 4939 697 4995 tiouc
723 4957 785 4996 ac
825 4955 1040 5014 stupore
1089 4957 1293 5017 teneor,
1342 4970 1513 5024 neque
1545 4958 1703 5013 ullam
1731 4939 1886 5016 aliam
1914 4981 2129 5021 causam

557 5040 661 5084 tam
691 5031 954 5090 diuturna:
1003 5047 1106 5093 tua:
1141 5058 1173 5095 a
1203 5045 1354 5098 nobis
1408 5048 1661 5104 absentia:
1706 5058 1940 5123 reperio,
1969 5075 2126 5127 quam

555 5127 924 5198 negligentiam
955 5147 1018 5186 ac
1044 5133 1339 5204 pigritiam.
1370 5138 1499 5192 Nam
1527 5151 1578 5195 et
1604 5145 1792 5214 exiguo
1815 5149 2016 5205 itineris
2043 5152 2123 5207 in-

617 5261 632 5290 ¹
668 5259 874 5322 Coislin.,
897 5277 1106 5316 carcere.

573 5322 771 5406 c.9912
787 5333 981 5406 .E‘rﬂc‘?’
1007 5341 1063 5406 "F"
1084 5342 1216 5390 τίθη*
1239 5343 1466 5406 inciam
1487 5354 1751 5406 ιιυστατυτὶν·
1792 5348 2012 5406 Verterat
2035 5350 2126 5398 nit-

552 5379 644 5470 lius
655 5379 768 5470 ᾗ)τᾴ
784 5391 830 5434 te
851 5390 918 5470 (idl
939 5379 1062 5470 Italic
1085 5379 1344 5444 madidi
1350 5379 2126 5470 animi}???

662 5447 786 5494 uiaIe
812 5450 918 5520 _:.id
957 5454 1267 5521 enimng
1304 5445 2124 5521 nonuesprimunt;

549 5504 760 5591 ﬁliifilii
780 5504 1150 5591 virisprintariis
1164 5504 1301 5591 etne:

551 5571 1311 5656 lla-timeba}:uiritim,
1321 5581 1598 5656 quiqui/ica,
1614 5571 2123 5656 iuitiéiiiinthliéti'iE

551 5626 725 5707 fuisse.
746 5626 897 5707 istolis
916 5636 977 5683 το
1001 5645 1052 5687 et
1075 5638 1166 5687 ω
1187 5626 2123 5707 mgis;ista;'géggiggaéaag'st‘ﬁihi3

548 5690 848 5779 cum
867 5703 1099 5779 l-‘rlrintouc
1119 5690 1294 5753 υυςωδ
1311 5690 1386 5755 bic
1407 5705 1469 5754 de
1489 5690 1569 5770 baut

548 5761 745 5812 ceperat
770 5758 1027 5810 Gemellus.
1556 5758 1569 5770 ⁸
1634 5758 1640 5759 ⁷
1683 5758 1710 5809 ἶ

1264 323 1323 378 S.
1361 320 1637 381 JOANNIS
1669 322 2136 385 CHRYSOSTOMI
2176 326 2494 387 AllClllEP.
2532 330 3092 405 (ΞΟΝΞΤᾹΝΪΙΝΟΡᾼ

3726 337 3839 395 0'3

2251 440 2472 496 lervallo
2500 439 2826 509 divellimur,
2857 453 2911 500 et
2933 446 3058 500 anni
3104 461 3226 515 pars
3263 445 3330 502 ad
3381 449 3835 520 peregrinamlnm

2246 547 2497 604 perquam
2528 533 2719 590 idonea
2764 546 2880 603 est,
2905 546 2962 592 ut
2985 553 3103 608 quae
3134 553 3232 593 nec
3273 538 3500 610 frigore,
3555 557 3657 596 nec
3699 554 3836 595 a-stu

2244 625 2464 681 molesta
2493 629 2584 682 sit.
2611 627 2808 686 Verum
2837 647 3018 686 rursus
3043 630 3290 698 fortasse,
3317 650 3438 704 qua:
3468 635 3559 689 tibi
3589 638 3832 690 omnium

2245 716 2504 772 malorum
2533 734 2726 790 parens
2753 720 2991 788 exsistit,
3021 721 3122 778 hoc
3145 733 3229 779 est
3255 740 3431 780 rerum
3462 724 3685 794 hujusce
3713 729 3838 782 vita:

2241 822 2401 873 cura,
2433 807 2620 864 eadem
2648 825 2788 866 nunc
2823 827 3034 884 quoque
3062 813 3156 868 tibi
3184 813 3623 886 impedimentum
3653 815 3832 870 alfert.

2245 896 2358 969 Ego
2411 913 2538 954 vero
2583 901 2630 954 si
2684 901 2903 970 venias,
2957 903 3222 974 ingentem
3273 905 3498 975 gratiam
3550 904 3839 960 habiturus

2243 1003 2396 1055 sum;
2427 991 2473 1044 si
2502 1006 2606 1046 non
2631 992 2816 1049 venias
2835 1035 2850 1060 ,
2902 1009 3008 1049 non
3041 1004 3320 1066 propterea
3349 1006 3402 1053 te
3442 999 3710 1053 accusabo
3730 1040 3743 1060 .
3772 1015 3837 1052 ac

2244 1079 2468 1137 moleste
2506 1080 2670 1138 feram
2697 1102 2712 1140 :
2735 1100 2920 1140 verum
2945 1101 3062 1141 eam
3087 1088 3302 1158 quidem
3327 1089 3608 1144 caritatem
3625 1131 3640 1154 ,
3674 1106 3835 1159 quam

2245 1189 2458 1243 semper
2485 1173 2578 1230 tibi
2602 1177 2859 1254 prmstiti,
2888 1177 3144 1248 integram
3182 1193 3247 1234 ac
3272 1180 3556 1236 ﬂorentem
3602 1180 3826 1236 retineo.

2247 1264 2377 1320 Illud
2402 1275 2582 1322 autem
2619 1267 2803 1340 iniquo
2830 1277 2989 1340 atque
3016 1269 3211 1325 acerbo
3231 1270 3413 1326 animo
3443 1271 3592 1335 fero,
3630 1286 3754 1327 cum
3783 1282 3837 1327 to

2243 1357 2538 1412 innumeris
2577 1360 2807 1430 negotiis
2851 1359 3170 1429 implicatam
3213 1364 3418 1421 teneri.
3441 1377 3505 1418 ac
3544 1369 3834 1416 sexcentas

2241 1462 2487 1503 curarum
2513 1446 2736 1519 hujusce
2764 1449 2886 1506 vita:
2914 1451 3154 1506 sarcinas
3179 1449 3526 1506 circumferre
3549 1451 3731 1505 audio.
3758 1454 3835 1506 Ac

2243 1539 2344 1593 nisi
2389 1552 2475 1594 me
2507 1539 2679 1595 exsilii
2711 1541 3001 1596 necessitas
3031 1549 3302 1613 tamquam
3342 1541 3696 1612 compedibus
3735 1548 3833 1596 att-

2242 1631 2485 1686 strictum
2526 1641 2758 1701 teneret,
2789 1634 2880 1689 tibi
2902 1635 3172 1706 negotium
3207 1651 3312 1691 non
3342 1637 3667 1693 facesserem
3690 1680 3707 1704 ,
3738 1653 3828 1693 ve-

2241 1737 2360 1777 rum
2379 1763 2395 1789 ,
2426 1723 2635 1778 etiamsi
2664 1726 2908 1796 graviore
2944 1726 3155 1794 adhuc,
3184 1743 3343 1797 quam
3374 1745 3475 1799 qua
3506 1744 3652 1784 nunc
3679 1744 3832 1792 sum,

2240 1817 2484 1887 corporis
2509 1814 2872 1873 imbecillitate
2896 1817 3226 1885 laborarem,
3259 1819 3376 1889 ipse
3403 1834 3537 1876 sane
3562 1820 3630 1874 ad
3662 1829 3715 1876 te
3743 1837 3838 1875 ex-

2243 1909 2526 1964 currissem
2540 1949 2554 1974 ,
2587 1924 2760 1981 neque
2788 1911 2934 1980 prius
2955 1911 3166 1983 quidvis
3187 1926 3346 1983 agere
3368 1927 3432 1967 ac
3452 1912 3634 1968 moliri
3663 1913 3834 1967 desii-

2244 2002 2448 2069 tisscm,
2464 2017 2622 2073 quam
2639 2012 2705 2058 te.
2719 2017 2784 2059 ex
2799 2002 2900 2059 hac
2917 2011 3232 2074 tempestate
3241 2012 3404 2074 atque
3425 2003 3835 2060 innumerorum

2243 2094 2503 2148 malorum
2525 2110 2681 2151 coeno
2706 2105 2762 2151 ct
2783 2096 3013 2153 colluvie
3040 2098 3412 2153 extraxissem.
3443 2097 3709 2166 Quoniam
3739 2116 3836 2152 au-

2243 2196 2352 2242 tem
2381 2187 2432 2241 id
2458 2187 2675 2244 minime
2699 2189 2857 2255 licet,
2886 2206 3135 2261 cuperem
3163 2205 3294 2248 sane
3320 2201 3374 2248 te
3400 2192 3501 2248 huc
3521 2193 3708 2272 venire
3731 2235 3745 2254 .
3773 2209 3838 2248 ac

2241 2279 2310 2334 de
2346 2279 2430 2335 bis
2458 2281 2616 2336 rebus
2648 2281 2715 2337 ad
2745 2297 2843 2338 nos
2867 2282 3091 2340 referre.
3117 2285 3268 2354 Quod
3297 2286 3344 2340 si
3391 2301 3490 2342 nec
3517 2285 3658 2341 istud
3714 2304 3838 2356 pro-

2240 2373 2377 2428 clive
2395 2382 2478 2428 est
2498 2413 2513 2439 ,
2545 2388 2729 2429 verum
2755 2375 2995 2442 difficile,
3022 2392 3117 2446 per
3142 2377 3324 2434 literas
3354 2386 3404 2431 te
3425 2393 3647 2434 monere
3673 2389 3837 2449 atque

2242 2463 2441 2520 ltortari
2468 2481 2572 2520 non
2601 2467 2845 2539 desinam
2867 2510 2883 2533 ,
2917 2479 2975 2522 ut
3002 2480 3055 2523 tu
3082 2467 3238 2525 funes
3261 2484 3326 2525 ac
3349 2484 3518 2524 nexus
3539 2471 3830 2540 pm-cidas,

2239 2557 2539 2628 animmque
2564 2559 2850 2628 compedes
2868 2560 3118 2631 ell'ringas
3138 2603 3154 2627 ,
3184 2576 3481 2630 magnaque
3510 2577 3632 2616 cum
3662 2564 3833 2618 l‘aeili-

2240 2656 2348 2702 tate
2370 2657 2425 2703 ct
2449 2649 2694 2705 libertate
2709 2652 2986 2720 gradiaris.
3009 2652 3121 2708 Hac
3138 2653 3280 2708 enim
3302 2655 3508 2710 ratione
3535 2669 3642 2709 n0u
3672 2655 3835 2710 modo

2243 2736 2400 2808 bujus
2434 2739 2557 2795 vita:
2597 2741 2831 2796 laetitiam
2858 2745 3239 2815 consequeris,
3287 2744 3382 2800 sed
3431 2747 3592 2801 etiam
3639 2748 3831 2801 c:ebnn

2242 2832 2382 2887 facili
2433 2835 2647 2904 negotio
2688 2835 2939 2907 accipies.
2985 2836 3342 2906 Quamobrem
3369 2839 3434 2893 da
3474 2855 3733 2910 operam,
3776 2850 3835 2896 ut

2241 2940 2362 2995 qua:
2406 2923 2680 2997 aliquanto
2718 2936 2872 2998 post,
2903 2944 3025 2983 cum
3051 2928 3174 2984 hinc
3207 2929 3542 3000 migrandum
3570 2934 3670 2985 erit
3698 2973 3711 2992 .
3753 2935 3830 2985 in-

2241 3018 2346 3071 vita
2380 3018 2627 3072 relictura
2658 3035 2746 3086 es,
2778 3035 2842 3074 ca
2868 3028 3059 3090 sponte
3089 3021 3141 3076 in
3182 3021 3372 3076 reraria
3403 3022 3470 3077 ab
3492 3024 3640 3076 omni
3671 3024 3832 3078 Iatro-

2242 3123 2368 3162 num
2391 3108 2582 3180 injuria
2615 3109 2778 3165 libera
2813 3121 2867 3165 ct
2907 3111 3163 3167 immunia
3195 3114 3522 3184 prmmittas,
3548 3131 3610 3170 ac
3644 3131 3740 3183 per
3767 3131 3828 3170 ea

2239 3201 2568 3259 immortales
2588 3243 2606 3272 ,
2635 3218 2736 3261 nec
2763 3220 3016 3276 umquam
3046 3218 3444 3264 marcescentes
3478 3224 3711 3265 coronas
3739 3211 3829 3266 tibi

2241 3292 2571 3364 prtecondas.

2441 3383 2748 3441 CXXXIV.
2777 3385 3016 3458 Diogeni.
3049 3387 3281 3453 (Cucuso
3310 3404 3452 3443 anno
3475 3389 3545 3445 40
3557 3391 3629 3457 ι.)

2312 3476 2641 3548 Permagno,
2669 3477 2884 3534 domine
2916 3481 2985 3534 mi
3016 3479 3360 3547 admirando,
3390 3481 3530 3536 istud
3551 3485 3809 3537 emissem

2241 3578 2296 3623 ut
2326 3568 2456 3624 mihi
2483 3570 2797 3625 suavitatem
2825 3579 2967 3624 tuam
2997 3570 3180 3626 videre
3215 3571 3435 3637 liceret,
3483 3573 3644 3643 idque
3669 3577 3834 3629 etiam

2241 3661 2356 3731 ipse
2378 3669 2503 3716 ante
2528 3661 2708 3717 literas
2737 3671 2950 3717 nostras
2971 3663 3306 3733 exploratum
3335 3663 3500 3720 babes
3535 3683 3547 3717 :
3582 3667 3828 3734 quando-

2240 3752 2460 3822 quidem
2487 3752 2580 3807 tibi
2610 3768 2823 3823 quoque
2864 3769 3016 3809 meus
3060 3769 3185 3824 erga
3232 3765 3284 3812 te
3321 3771 3473 3810 amor
3514 3767 3835 3826 perspt-t‘ltls

2239 3854 2343 3900 est.
2371 3845 2631 3914 Quoniam
2661 3855 2844 3902 autem
2874 3846 2924 3902 id
2957 3847 3174 3902 minime
3197 3849 3323 3903 licet
3352 3848 3501 3919 (nam
3525 3862 3578 3905 et
3611 3850 3833 3920 longum

2241 3938 2343 3993 iter
2387 3940 2526 3994 inter
2565 3953 2663 3994 nos
2708 3939 3039 4007 interiectum
3085 3948 3206 4003 est,
3253 3954 3355 3996 nec
3399 3941 3565 3995 nostri
3613 3941 3836 4011 quidem

2237 4029 2441 4084 arbitrii
2468 4037 2571 4096 est,
2593 4045 2700 4100 quo
2721 4029 2900 4095 libeat,
2929 4046 3026 4086 uos
3041 4030 3307 4098 conferre,
3333 4047 3397 4088 ac
3424 4032 3656 4103 denique
3689 4036 3839 4089 Isau-

2239 4121 2469 4177 ricarum
2517 4123 2876 4178 iucursionum
2923 4123 3160 4194 quotidie
3208 4135 3383 4179 metus
3433 4124 3834 4196 ingravt-seit),

2237 4213 2334 4270 abs
2365 4225 2415 4269 te
2456 4224 2613 4285 peto,
2647 4223 2736 4278 ut,
2768 4215 2908 4284 quod
2951 4215 3237 4269 maximum
3278 4217 3433 4271 nobis
3464 4228 3574 4270 tum
3609 4219 3837 4287 hujusce

2239 4304 2564 4370 solitudinis,
2594 4315 2703 4358 tum
2730 4318 3086 4359 mrumnarum
3116 4307 3354 4361 omnium
3383 4316 3438 4362 et
3462 4308 3834 4363 calamitatum

2239 4394 2485 4450 solatium
2521 4404 2640 4460 est,
2677 4411 2835 4466 quam
2873 4397 3170 4468 stepissime
3197 4414 3226 4452 a
3254 4407 3306 4452 te.
3337 4399 3518 4456 literas
3544 4402 3835 4471 accipiam,

2239 4488 2431 4558 quibus
2454 4489 2521 4543 de
2548 4498 2634 4543 tua
2658 4490 2924 4561 totiusque
2947 4492 3138 4546 domus
3163 4501 3267 4548 tua:
3295 4493 3598 4549 valetudine
3621 4496 3831 4552 certior

2242 4583 2361 4637 tiam
2391 4601 2405 4636 :
2437 4583 2488 4637 id
2513 4583 2669 4637 velim
2690 4625 2705 4648 ,
2753 4585 2796 4639 si
2840 4584 3066 4640 facultas
3103 4585 3261 4641 detur
3284 4627 3298 4650 ,
3337 4602 3495 4657 quam
3531 4591 3840 4659 sepissime

2241 4675 2391 4730 nobis
2417 4676 2699 4731 concedas.
2756 4677 2938 4748 Neque
2962 4678 3106 4732 enim
3146 4679 3299 4734 facile
3324 4691 3407 4735 est
3444 4695 3543 4737 nos
3568 4685 3708 4738 istud
3734 4700 3836 4739 eo-

2239 4752 2385 4837 piose
2411 4767 2649 4823 obtinere
2671 4810 2686 4834 ,
2720 4769 2861 4839 quod
2889 4768 3026 4823 baud
3058 4769 3212 4825 l'acile
3240 4772 3517 4844 quisquam
3561 4774 3720 4830 istinc
3763 4777 3834 4832 ad

2237 4873 2336 4913 nos
2371 4861 2563 4914 veniat.
2593 4859 2891 4925 Czetcrum,
2919 4861 3018 4916 etsi
3043 4863 3267 4916 arduum
3297 4873 3384 4919 est
3403 4864 3544 4935 quod
3569 4868 3833 4935 petimus,

2238 4959 2412 5004 tamen
2436 4949 2610 5019 quoad
2636 4951 2751 5019 ejus
2775 4950 2886 5006 fieri
2913 4950 3145 5021 poterit,
3171 4954 3331 5008 velim
3356 4954 3455 5010 des
3479 4969 3703 5024 operam
3729 5001 3743 5019 .
3775 4971 3835 5016 ut

2234 5041 2451 5097 crebras
2479 5041 2546 5096 ad
2585 5058 2684 5098 nos
2723 5045 2905 5098 literas
2931 5045 3108 5099 mittas
3128 5087 3144 5112 ,
3172 5061 3294 5116 qum
3323 5047 3478 5103 nobis
3505 5049 3832 5107 valetudinis

2237 5144 2338 5188 tu;e
2381 5143 2576 5189 statum
2620 5145 2908 5204 exponant.
2954 5135 3022 5192 Ut
3060 5148 3270 5203 autem,
3314 5139 3440 5210 quid
3483 5141 3580 5209 ipsi
3613 5158 3835 5210 quoque

2233 5242 2479 5297 geramus
2501 5269 2516 5292 ,
2547 5227 2843 5300 intelligere
2885 5246 3068 5300 queas,
3099 5232 3209 5286 otio
3232 5242 3392 5303 atque
3419 5234 3614 5304 ingenti
3647 5237 3832 5304 quiet-3

2233 5321 2456 5374 l‘ruimur
2477 5361 2492 5385 ,
2535 5337 2725 5392 magna
2751 5324 3134 5394 tranquillitate
3151 5367 3167 5392 ,
3209 5341 3274 5381 ac
3297 5326 3551 5382 mediocri
3580 5333 3831 5399 carperis

2230 5410 2494 5476 sanitate;
2525 5411 2626 5467 hoc
2649 5429 2809 5469 unum
2829 5416 3064 5471 animum
3093 5427 3332 5472 nostrum
3351 5417 3656 5486 conturbat,
3680 5423 3826 5490 quod

2229 5515 2258 5553 a
2287 5500 2464 5568 vobis,
2507 5518 2537 5556 a
2565 5506 2756 5574 quibus
2794 5522 3069 5575 amamur,
3109 5508 3336 5578 sejuncti
3380 5525 3584 5566 sumus.
3619 5509 3823 5567 Verum

2231 5602 2402 5661 potest
2431 5603 2516 5649 tua
2544 5597 2844 5666 prudentia,
2869 5614 2930 5654 ea
2957 5600 3194 5666 ratione,
3223 5616 3382 5668 quam
3408 5601 3662 5666 diximus,
3697 5601 3831 5662 huic

2228 5704 2437 5758 quoque
2473 5691 2611 5744 malo
2638 5693 2883 5747 Solutium
2915 5695 3190 5750 adhibere.
3227 5695 3484 5761 Quocirca
3515 5695 3614 5749 boc
3644 5697 3816 5764 uubia_

2227 5794 2431 5848 quaso,
2466 5780 2780 5840 bettelieium
2801 5785 2867 5841 da
2890 5827 2905 5854 ,
2937 5803 3041 5858 quo
3059 5828 3072 5855 ,
3106 5787 3230 5844 licet
3259 5798 3404 5842 tanto
3428 5788 3525 5841 abs
3565 5798 3616 5844 te
3645 5789 3813 5846 intor-
