4076 6444
610 312 717 371 ωδ

606 426 971 497 διαστήματος
997 426 1255 481 δύνασθαι
1275 430 1545 499 ἐντρυφᾷν
1576 431 1670 481 καὶ
1688 427 1890 499 ταύτης
1921 428 2020 497 τῆς
2041 426 2168 496 γλυ-

609 518 761 580 κείας
787 534 881 571 σου
905 516 999 573 καὶ
1031 517 1241 589 θερμῆς
1271 518 1365 573 καὶ
1394 518 1620 589 γνησίας
1651 519 1896 588 ἀγάπης.

984 610 1080 663 ΡΛ
1091 612 1167 662 E7.
1213 608 1477 680 Θεοδότῳ
1517 609 1791 679 διακόνῳ.

678 696 813 750 Οὐδὲ
853 695 1016 762 αὐτὸς
1059 697 1262 767 ἀγνοῶ,
1294 698 1376 751 ὅτι
1413 700 1583 761 πάλαι
1615 700 1736 770 μεθ’
1766 700 1923 774 ἡμῶν
1954 700 2192 770 ἔμελλες·

606 781 767 854 εἶναι,
814 790 862 842 εί
901 774 994 861 μὴ
1025 787 1135 842 τῶν
1187 790 1445 861 ’ίσαύρων
1489 794 1519 846 ό
1554 790 1715 861 φόϐος
1747 791 2082 862 διετείχιζεν.
2118 791 2175 844 ’0

606 878 713 950 γάρ
741 881 799 932 ἐν
848 880 1046 951 κρυμῷ
1085 882 1263 936 πάντα
1313 881 1597 952 πηγνύντι,
1634 882 1730 936 καὶ
1773 882 1913 953 χιόνι
1936 882 2184 956 τοσαύτῃ,

603 970 834 1042 δραμεῖν
871 970 1103 1026 ἐνταῦθα
1149 974 1514 1044 ἀνασχόμενος
1542 1012 1559 1039 ,
1612 972 1795 1044 πολλῴ
1826 972 2028 1044 μᾶλλον
2078 972 2174 1025 τοῦ

596 1062 773 1134 ,ἥρως
789 1063 1048 1131 φανέντος
1065 1076 1113 1128 ι,
1138 1065 1231 1118 καὶ
1252 1065 1452 1136 πολλῆς
1490 1068 1590 1136 τῆς
1620 1064 1763 1120 κατά
1794 1065 1886 1120 τὸν
1915 1064 2056 1136 ἀέρα
2082 1082 2177 1134 γα-

605 1150 772 1222 λήνης
801 1150 986 1223 οὔσης,
1042 1153 1143 1207 οὐκ
1186 1151 1254 1208 ἀν
1285 1155 1509 1225 ἠνέσχου
1546 1155 1728 1226 μένειν
1787 1155 1994 1211 αὐτόθι.
2043 1150 2174 1214 Οἶδα

604 1241 712 1314 γὰρ
759 1243 824 1297 τὸ
860 1243 1052 1314 γλυκὺ,
1088 1245 1181 1299 καὶ
1212 1247 1498 1318 προσηνές,
1547 1249 1644 1302 καὶ
1679 1247 1882 1320 θερμόν
1931 1265 2024 1303 σου
2072 1249 2176 1318 τῆς

601 1334 916 1399 διαθέσεως,
943 1336 1004 1389 τὸ
1033 1336 1338 1408 εἱλικρινὲς.
1366 1338 1464 1410 τήν
1491 1339 1688 1411 πολλῆς
1718 1339 1991 1411 γέμουσαν
2021 1340 2172 1394 ἐλευ-

603 1419 792 1494 θερίας
826 1412 1024 1494 ψυχήν.
1062 1424 1156 1482 Διὸ
1196 1426 1288 1481 καὶ
1312 1426 1478 1491 αὐτὸς
1523 1428 1620 1499 οὐχ
1647 1429 1723 1493 ᾡς
1748 1429 1934 1501 έτυχεν
1959 1427 2174 1500 ἀθυμῶ,

603 1511 689 1567 δτι
714 1513 773 1566 ἐν
797 1514 864 1585 τῇ
892 1513 1067 1578 οὕτως
1090 1517 1417 1589 ήμερωτάτῃ
1438 1519 1532 1574 τοῦ
1560 1519 1714 1586 έτους
1749 1521 1868 1594 ὥρᾳ
1889 1564 1904 1591 ,
1933 1524 2176 1596 χειμῶνα

603 1599 670 1654 ού
693 1599 783 1655 τὸν
804 1601 1038 1674 τυχόντα
1062 1605 1193 1676 ημῖν
1213 1605 1441 1673 ἐπάγεις
1461 1603 1717 1679 ἀθυμίας,
1739 1611 1991 1667 τοσοῦτον
2016 1615 2179 1686 ήμῶν

605 1691 970 1764 χωριζόμενος
1002 1695 1211 1767 χρόνον.
1247 1697 1357 1752 Kal
1388 1699 1559 1754 ταῦτα
1587 1701 1730 1772 λέγω
1761 1704 1861 1775 οὐχ
1903 1705 2078 1761 ῑλκων
2111 1724 2177 1764 σε

603 1780 841 1839 ἐνταῦθα
893 1783 998 1838 κᾶν
1057 1787 1314 1857 μυριάκις
1349 1789 1513 1855 αὐτὸς
1549 1792 1710 1867 θέλῃς
1765 1795 2019 1866 (πολλῶν
2064 1798 2175 1869 γάρ

603 1874 824 1931 ἅπαντα
856 1874 1106 1946 πολέμων
1145 1877 1544 1951 ἐμπέπλησται,
1597 1885 1691 1938 καὶ
1731 1883 1890 1939 τοῦτο
1935 1886 2058 1960 εἴσῃ
2086 1888 2174 1943 διὰ

600 1963 715 2020 τῶν
740 1963 988 2019 ἐντεῦθεν
1012 1967 1190 2020 ἐκεῖσε
1225 1970 1694 2043 ἀφικνουμένων),
1737 1975 1854 2029 ἀλλ’
1884 1976 1971 2032 (va
1995 1978 2176 2052 μάθῃς

601 2055 684 2110 ὅτι
713 2053 832 2109 ούδέ
856 2057 1038 2127 ἡμεῖς,
1066 2057 1244 2112 καίτοι
1272 2075 1336 2127 γε
1361 2062 1594 2132 ἡσυχίας
1617 2065 1712 2118 καὶ
1742 2065 2175 2138 ἀπραγμοσύνης

603 2145 803 2218 πολλῆς
824 2147 1204 2212 ἀπολαύοντες,
1231 2150 1456 2216 ἀλύπως
1475 2153 1751 2226 δυνάμεθα
1778 2151 1916 2211 εἶναι
1940 2159 2173 2213 ἐνταῦθα

601 2239 700 2310 τῆς
729 2239 831 2309 σῆς
858 2243 1255 2313 κεχωρισμένοι
1301 2245 1634 2317 τιμιότητος,
1669 2248 1764 2312 καὶ
1800 2249 1960 2304 τοῦτο
1985 2251 2171 2321 μαθὼν

602 2329 841 2400 συνεχῶς
867 2332 1000 2402 ἡμῖν
1034 2333 1378 2406 ἐπιστέλλῃς,
1438 2337 1512 2407 μὴ
1576 2338 1738 2408 μόνον
1775 2340 1862 2394 διά
1895 2341 2002 2395 τῶν
2039 2345 2171 2414 παρ’

600 2418 758 2488 ἡμῶν
790 2422 966 2474 ἐκεῖσε
995 2424 1306 2494 ἐρχομένων
1328 2465 1342 2488 ,
1387 2427 1519 2480 ἀλλά
1548 2429 1642 2483 καὶ
1689 2430 1777 2485 διὰ
1805 2431 1916 2486 τῶν
1965 2433 2174 2487 ἐκεῖθεν

598 2510 917 2581 ἁπτομένων
945 2512 1047 2582 τῆς
1074 2514 1197 2566 ὀδοῦ
1231 2516 1326 2569 καὶ
1355 2516 1452 2587 τῆς
1483 2518 1719 2573 ἐνταῦθα
1749 2519 2007 2590 ἀφίξεως.
2045 2523 2179 2577 Πολ-

599 2597 695 2670 λὴν
730 2599 787 2654 δέ
822 2617 904 2654 σοι
941 2602 1101 2674 χάριν
1133 2604 1313 2674 τσμεν,
1346 2606 1585 2662 δέσποτά
1606 2627 1706 2679 μου
1735 2610 2055 2680 τιμιώτατε,
2081 2614 2174 2668 καὶ

597 2692 697 2762 τῆς
721 2693 1020 2764 φροντίδος,
1053 2696 1146 2750 καὶ
1178 2697 1279 2767 τῆς
1310 2699 1600 2770 μερίμνης,
1630 2701 1696 2773 ἢν
1724 2703 1866 2774 ἔχεις
1894 2705 2036 2776 ὑπὲρ
2063 2707 2172 2760 τῶν

600 2784 627 2836 t
643 2786 835 2840 ηαῦθα
851 2786 1116 2858 θορύϐων.
1144 2790 1254 2843 Καὶ
1274 2790 1381 2861 γάρ
1402 2791 1525 2844 καθ’
1555 2793 1790 2864 ἑκάστην
1814 2796 2024 2866 ἡμέραν
2053 2798 2173 2851 ἐπι-

597 2876 830 2930 τείνεται
871 2876 939 2931 τά
970 2879 1068 2948 τῆς
1095 2879 1411 2950 πολιορκίας
1457 2881 1555 2952 τῆς
1584 2882 1817 2937 ἐνταῦθα
1837 2923 1852 2947 ,
1888 2879 1984 2939 καῖ
2010 2887 2084 2951 ὡς
2112 2888 2173 2941 ἐν

599 2965 808 3039 παγίδι,
837 2966 916 3037 τῷ
943 2969 1186 3040 φρουρίῳ
1224 2969 1398 3040 τούτῳ
1419 2971 1724 3043 καθήμεθα.
1755 2974 2050 3045 Ἥδηγοῦν
2079 2975 2173 3029 καὶ

602 3057 782 3126 μέσων
824 3059 1030 3114 νυκτῶν
1061 3061 1190 3130 παρ’
1224 3061 1415 3115 ἐλπίδα
1445 3063 1625 3116 πᾶσαν
1678 3065 1774 3118 καὶ
1817 3066 2169 3135 προσδοκίαν,

600 3151 786 3218 στῖφος
814 3150 1069 3221 ’Ῑσαύρων
1095 3153 1418 3223 τριακοσίων
1446 3155 1471 3193 δ
1493 3154 1592 3226 τὴν
1623 3155 1776 3209 πόλιν
1807 3157 2168 3229 κατέδραμον,

601 3242 693 3293 καὶ
725 3239 922 3312 μικροῦ
954 3243 1020 3303 ἂν
1048 3244 1142 3297 καὶ
1174 3244 1319 3314 ἡμᾶς
1345 3239 1506 3299 εἷλον.
1525 3245 1664 3300 Ἀλλ’
1693 3249 1726 3318 ή
1765 3247 1858 3301 τοῦ
1890 3248 2025 3301 Θεοῦ
2050 3251 2171 3321 χεὶρ

598 3331 808 3402 ταχέως
833 3333 1030 3397 αὐτοὺς
1056 3335 1148 3389 καὶ
1175 3335 1250 3406 μὴ
1269 3335 1607 3408 αἰσθομένων
1638 3338 1791 3409 ήμῶν
1807 3339 2168 3411 ἀπέστρεψεν,

599 3420 676 3484 ῶς
707 3420 782 3494 μὴ
813 3423 971 3493 μόνον
995 3425 1103 3479 τῶν
1134 3427 1416 3492 κινδύνων,
1438 3428 1575 3482 ἀλλά
1591 3429 1683 3484 καὶ
1707 3430 1802 3483 τοῦ
1824 3431 1989 3499 φόϐου
2015 3433 2172 3496 ἐκτὸς

599 3513 870 3580 γενέσθαι,
923 3516 1018 3568 καὶ
1079 3517 1289 3589 ἡμέρας
1339 3518 1660 3589 γενομένης,
1699 3521 1822 3574 τότε
1879 3521 2071 3591 μαθεῖν
2102 3521 2172 3575 τά

600 3603 903 3672 συμϐάντα.
953 3605 1052 3660 Διά
1078 3607 1252 3661 ταῦτα
1281 3611 1437 3680 χαῖρε
1466 3611 1560 3664 καὶ
1587 3610 1904 3686 εὐφραίνου,
1956 3612 2049 3666 καὶ
2096 3611 2177 3684 μὴ

601 3693 785 3767 παύσῃ
803 3694 894 3750 τὸν
922 3697 1054 3750 Θεὸν
1082 3700 1435 3769 παρακαλῶν,
1465 3700 1605 3754 ὥστε
1633 3703 1692 3756 ἐν
1721 3703 1994 3774 ἀσφαλείᾳ
2024 3706 2172 3776 ἡμᾶς

601 3784 938 3854 καταστῆσαι
970 3787 1134 3860 πάσῃ.
1168 3789 1263 3840 καὶ
1293 3789 1600 3855 ἀπαλλάξαι
1630 3794 1724 3845 καὶ
1761 3793 1859 3868 τῆς
1890 3789 2173 3865 ἐπικειμέ-

598 3890 694 3944 νης
718 3877 847 3945 ἡμῖν
875 3877 1202 3948 ἀρρωστίας.
1231 3880 1291 3932 Εἰ
1317 3880 1426 3952 γάρ
1455 3881 1551 3934 καὶ
1577 3881 1672 3936 τοῦ
1716 3883 1998 3956 σφαλερῶς
2028 3884 2172 3956 ἐχειν

601 3961 1045 4035 ήλευθερὼμεθα,
1077 3964 1191 4019 ἀλλ’
1218 3968 1366 4038 ὅμως
1397 3969 1560 4039 μένει.
1579 3969 1658 4024 ἔτι
1694 3970 1920 4041 λείψανα
1947 3973 2044 4045 τῆς
2070 3975 2170 4046 ἀρ-

599 4055 835 4124 ρωστίας
888 4057 1039 4126 ήμῖν,
1091 4058 1323 4129 συνεχῶς
1355 4060 1452 4130 τῆς
1486 4062 1796 4133 ἀρρωστίας
1853 4066 2167 4138 ἀναμιμνή-

599 4160 818 4197 σκοντα.
841 4142 1026 4198 Ταῦτα
1050 4146 1108 4199 δὲ
1135 4149 1568 4222 ἐπεστάλκαμεν,
1590 4153 1687 4225 οὐχ
1712 4154 1796 4209 ἵνα
1813 4155 2164 4228 λυπήσωμεν,

575 4227 714 4289 ἀλλ’
742 4236 829 4287 ῖνα
861 4253 920 4290 σε
952 4238 1363 4312 σπουδαιότερον
1395 4241 1530 4314 πρὸς
1555 4243 1650 4309 τάς
1673 4245 1812 4317 ὑπὲρ
1836 4248 1868 4317 ὴ
1878 4227 1992 4317 μῶν
2013 4227 2164 4321 [680]

598 4324 947 4396 διεγείρωμεν
991 4329 1174 4399 εὐχάς.
1231 4331 1333 4385 Τὸν
1373 4331 1562 4408 κύριόν
1588 4351 1689 4404 μου
1715 4334 1805 4389 τὸν
1838 4337 2165 4408 τιμιώτατον

598 4414 690 4471 τὸν
734 4417 1082 4488 ἀναγνώστην
1111 4421 1361 4475 Θεόδοτον
1410 4405 1922 4498 παρακατατίθεμαί
1975 4445 2068 4481 σου
2097 4431 2165 4501 τῇ

600 4507 876 4578 εὐλαϐείᾳ,
907 4507 1046 4561 ὥστε
1079 4511 1220 4564 κατά
1237 4513 1551 4568 ’τὸ-δυνατὸν
1572 4516 1637 4568 ἐν
1665 4515 1869 4571 άπασιν
1895 4519 2044 4590 αὐτῷ
2076 4537 2164 4589 γε-

599 4600 782 4654 νέσθαι
813 4601 1022 4672 λιμένα.
1055 4604 1234 4659 Πολλά
1259 4607 1368 4678 γάρ
1403 4609 1571 4674 ἐστιν,
1608 4609 1683 4675 ὡς
1712 4611 1976 4684 ἔγνωμεν,
2003 4615 2166 4670 αὐτὸν

596 4693 676 4754 τά·
693 4693 981 4749 λυποῦντα.

908 4790 1100 4859 PAG'.
1127 4791 1386 4860 Θεοδότῳ
1406 4795 1762 4869 ἀναγνώστῃ
1787 4810 1809 4839 ο
1828 4840 1842 4854 .

669 4879 760 4951 Μὴ
793 4881 967 4952 κάμνε
1001 4882 1177 4954 ζητῶν
1217 4885 1511 4955 ἀπολογίαν
1540 4886 1634 4941 τοῦ
1659 4890 1870 4961 ταχέως
1915 4893 2162 4947 ἐντεῦθεν

599 4970 974 5042 ἀποδημῆσαι,
1009 4974 1100 5026 ἐπὶ
1137 4974 1236 5043 τὴν
1271 4976 1377 5029 τῶν
1407 4977 1694 5049 ὀφθαλμῶν
1734 4981 2034 5049 ἀσθένειαν,
2068 4987 2162 5040 καὶ

600 5060 690 5115 ἐπὶ
721 5061 810 5114 τὸν
836 5064 1043 5134 κρυμὸν
1066 5065 1443 5134 καταφεύγων,
1468 5069 1560 5121 καὶ
1584 5070 1792 5136 τούτοις
1817 5071 2162 5146 λογιζόμενός

600 5170 696 5207 σου
721 5153 816 5225 τὴν
840 5154 1164 5226 ἀποδημίαν.
1183 5157 1368 5227 Ἡμεῖς
1399 5158 1508 5230 γάρ
1535 5176 1595 5213 σε
1637 5163 1730 5216 καὶ
1762 5169 2033 5234 παρεῖναι,
2070 5169 2164 5222 καὶ

602 5245 719 5314 μεθ’
755 5245 910 5316 ήμῶν
936 5241 1075 5301 εἶναι
1105 5249 1204 5301 οὐκ
1236 5248 1452 5303 ἔλαττον
1483 5251 1513 5322 ἢ
1543 5253 1636 5304 καὶ
1668 5253 1973 5326 ἔμπροσθεν
2015 5259 2162 5328 λογι-

598 5335 802 5406 ζόμεθα
839 5338 978 5399 κατά
1011 5339 1099 5392 τὸν
1134 5345 1234 5412 τῆς
1263 5342 1481 5414 ἀγάπης
1511 5343 1684 5414 λόγον,
1732 5348 1824 5401 καὶ
1857 5350 2151 5421 προσδοκῶο

600 5444 700 5498 μεν
724 5430 817 5483 καὶ
843 5430 942 5500 τῆς
970 5433 1086 5485 κατ’
1108 5433 1229 5502 ὄψιν
1262 5435 1662 5492 άπολαύσεσθαί
1696 5458 1823 5494 ποτε
1852 5445 2156 5514 συντυχίας.

597 5519 778 5589 Μηδὲν
806 5517 897 5576 οὖν
925 5538 981 5575 σε
1011 5523 1210 5577 τούτων
1240 5525 1554 5599 θορυϐείτω.
1584 5531 1641 5584 Εί
1672 5531 1778 5604 γὰρ
1802 5532 2010 5605 καὶτῆς
2034 5535 2158 5607 Ἀρ·

661 5611 900 5677 ῗςοίειίηη
921 5614 1058 5677 ξαρος.
1074 5617 1306 5676 φανέντος.

658 5669 918 5738 Μέῡίσιίηζ
936 5669 1158 5738 Ίὸαύρων
1183 5669 1454 5727 διακοσίων.

601 5795 630 5845 ί
661 5736 686 5764 ε
711 5734 868 5825 ίῖιξίοκ
895 5734 1092 5797 Regius}
1119 5739 1337 5804 θεοδὸτῳ
1360 5743 1576 5807 διακόνῳ,
1605 5743 1714 5795 Mox
1737 5747 1929 5798 Coislln.
1955 5750 2157 5801 ἐνιεῦθ.ν

629 5811 920 5845 «annnam.

629 5811 920 5853 ποπησησαι.

1299 319 1355 374 S.
1395 316 1679 374 JOANNIS
1714 315 2200 372 CHIH'SUSTOMI
2243 317 2556 374 ARCHIEP.
2598 318 3145 380 CONSTANTINOP.

3739 323 3851 382 6',“

2278 429 2467 498 μενίας
2511 431 2762 504 ἀπήγαγέ
2812 449 2871 485 σε
2911 433 2942 486 ό
2982 432 3209 504 χειμὼν,
3254 434 3389 490 ἀλλά
3430 437 3531 507 τῆς
3574 435 3851 510 ήμετέρας

2273 522 2453 593 ψυχῆς
2480 523 2581 577 οὐκ
2613 524 2887 592 ἐξέϐαλεν,
2932 525 3046 579 ἀλλ’
3073 525 3167 578 ἐπὶ
3204 526 3439 592 διανοίας
3469 545 3529 581 σε
3557 530 3854 601 περιφέροο

2279 631 2385 684 μεν
2415 613 2695 687 διηνεκῶς.
2727 617 2837 670 Kal
2883 618 2960 670 εἰ·
2983 615 3056 687 μὴ
3101 618 3130 670 ό
3173 617 3283 670 τῶν
3314 619 3574 690 Ἰσαύρων
3619 621 3853 692 πόλεμος

2279 706 2459 760 πᾶσαν
2489 707 2839 779 ἀποτειχίσας
2871 711 3008 778 ὁδὸν,
3041 712 3100 764 ἐν
3125 709 3318 764 σπάνει
3346 711 3681 783 κατέστησεν
3702 712 3854 783 ἡμᾶς

2276 796 2385 850 τῶν
2410 797 2713 870 γράμματα
2739 798 3177 872 διακομιζόντων,
3207 801 3312 855 κᾶν
3340 803 3563 870 νιφάδας
3604 820 3687 856 σοι
3720 802 3853 856 πολι

2277 887 2432 952 λάκις
2456 887 2781 961 ἐπέμψαμεν
2809 891 3124 953 ἐπιστολῶν.
3169 891 3283 945 Νῦν
3313 891 3496 963 μέντοι
3523 895 3590 964 τῇ
3634 891 3855 967 γλώττῃ

2275 978 2366 1032 τὸν
2415 979 2750 1051 παρελθόντα
2795 985 3166 1056 σεσιγήκαμεν
3191 985 3401 1055 χρόνον,
3435 988 3500 1057 τῇ
3549 985 3746 1058 γνώμῃ
3793 985 3856 1038 δέ

2275 1069 2554 1142 οὐδαμῶςο
2587 1071 2705 1126 ἀλλ’
2724 1073 2812 1127 ἀεί
2843 1090 2902 1128 σε
2931 1075 3117 1130 καὶτά
3148 1076 3215 1131 σά
3248 1076 3623 1149 μεριμνῶμεν,
3649 1079 3766 1139 καὶ,
3791 1078 3856 1131 τό

2276 1177 2341 1230 γε
2378 1163 2645 1236 ήμέτερον
2695 1164 2884 1236 μέρος,
2931 1168 3169 1238 συνεχῶς
3220 1169 3654 1240 ἐπεστάλκαμεν.
3684 1167 3856 1224 Ταῦτ’

2274 1253 2368 1326 οὖν
2398 1257 2576 1322 εἰδὼς,
2611 1257 2728 1329 μεθ’
2755 1259 2914 1332 ήμῶν
2944 1278 3005 1316 τε
3039 1259 3183 1317 εἶναι
3228 1262 3440 1332 νόμιζε,
3468 1263 3563 1317 καὶ
3592 1263 3856 1335 σὺν-ημῖν

2276 1348 2335 1401 ἐν
2371 1348 2634 1421 Ἀρμενίᾳ
2662 1350 2974 1424 διατρίϐειν.
3015 1355 3132 1409 Κάν
3174 1373 3256 1418 τις
3306 1355 3684 1410 ἐπιϐουλεύειν
3731 1358 3856 1410 ἐπι-

2275 1441 2427 1510 χειρῇ
2467 1439 2562 1493 καὶ
2595 1441 2780 1506 κακῶς
2813 1446 3005 1509 ποιεῖν,
3039 1444 3368 1516 ὑψηλότερος
3413 1445 3565 1515 γίνου
3616 1445 3725 1498 τῶν
3767 1448 3851 1498 tvo

2274 1528 2460 1583 τεῢθεν
2488 1529 2656 1601 βελῶν
2667 1532 3032 1607 ἀ,ἐπειδήπερ
3051 1537 3113 1589 ού
3133 1536 3195 1590 τὸ
3226 1536 3455 1607 πάσχειν
3483 1537 3690 1601 κακῶς,
3716 1537 3856 1592 ἀλλά

2273 1620 2337 1673 τὸ
2358 1624 2528 1675 ποιεῖν
2543 1621 2752 1690 κακῶς,
2781 1623 2926 1679 τοῦτ’
2953 1625 3069 1679 ἐστι
3089 1625 3152 1679 τὸ
3173 1625 3403 1697 πάσχειν
3431 1626 3641 1690 κακῶς.
3659 1627 3856 1696 Ἡμεῖς

2275 1712 2383 1783 γάρ
2420 1729 2480 1767 σε
2515 1713 2610 1769 καὶ
2638 1713 2728 1768 διά
2751 1714 2909 1770 τοῦτο
2944 1716 3201 1787 μειζόνως
3230 1716 3604 1788 θαυμάζομεν,
3629 1719 3723 1770 καὶ
3753 1716 3856 1788 τὴν

2278 1805 2612 1877 στερρότητά
2645 1823 2738 1860 σου
2762 1807 2858 1860 ml
2881 1807 2979 1879 τὴν
2999 1808 3249 1880 ἀνδρείαν
3275 1807 3630 1880 ἐπαινοῦμεν,
3651 1809 3736 1861 ὅτι
3760 1807 3866 1862 καὶ

2273 1896 2540 1969 τοσαύτης
2564 1914 2625 1951 σε
2651 1897 2819 1970 ζάλης
2847 1899 3293 1972 περιαντλωᾶσης.
3323 1900 3561 1971 ἱστηκας
3581 1897 3855 1970 ἀνῶτερος

2273 1988 2383 2042 τῶν
2415 1989 2662 2044 ἐντεῦθεν
2683 1989 2931 2064 θορύϐων
2957 1989 3265 2061 γενόμενος.
3289 1990 3436 2044 Μένε
3461 1989 3527 2061 δή
3562 1989 3705 2060 μετά
3724 1987 3860 2043 πολ-

2274 2078 2374 2149 λῆς
2425 2079 2524 2150 τῆς
2569 2079 2762 2151 ἡδονῆς
2801 2080 2863 2134 τὸ
2913 2079 3147 2151 γαληνὸν
3190 2079 3349 2134 τοῦτο
3400 2079 3497 2134 καὶ
3538 2078 3857 2148 ἀκύμαντον

2275 2169 2458 2224 πλέων
2508 2170 2760 2240 πέλαγος.
2794 2171 2906 2226 Kal
2962 2173 3038 2243 μὴ
3087 2171 3394 2242 θαυμάσῃς,
3427 2169 3484 2224 εί
3510 2187 3605 2224 σου
3644 2169 3857 2223 πολλῶν

2274 2260 2575 2315 ἐπιϐουλῶν
2621 2263 2967 2334 μεμνημένου
2993 2262 3104 2333 ἐγὼ
3124 2275 3148 2303 ο
3175 2263 3238 2318 τὸ
3273 2263 3510 2330 πέλαγος
3539 2263 3860 2336 ἀκύμαντον

2272 2352 2443 2408 καλῶ.
2473 2353 2548 2407 Οὐ
2586 2353 2697 2424 γάρ
2731 2353 2842 2414 ἀπὸ
2883 2354 2984 2425 τῆς
3028 2353 3138 2408 τῶν
3185 2356 3565 2429 ταραττόντων
3597 2355 3853 2426 γνώμης,

2273 2445 2387 2497 ἀλλ’
2415 2443 2521 2498 άπὸ
2551 2445 2651 2515 τῆς
2683 2445 2805 2499 κατ’
2839 2446 3041 2518 ἀρετὴν
3071 2446 3306 2517 ἡσυχίας
3333 2444 3539 2519 ταύτην
3563 2447 3719 2519 φέρω
3755 2447 3860 2519 τήν

2272 2537 2470 2608 ψῆφον.
2498 2538 2564 2592 Τί
2594 2538 2652 2592 δέ
2681 2540 2826 2592 ἐστιν
2852 2540 2882 2593 ὅ
2908 2557 3082 2611 φημι;
3115 2540 3175 2593 '0
3202 2538 3376 2610 μέγας
3409 2533 3563 2604 οὗτος
3596 2539 3695 2595 καὶ
3718 2538 3860 2613 ὑψη-

2273 2628 2362 2691 λὸς
2389 2627 2524 2698 βίος,
2557 2630 2654 2684 καὶ
2695 2630 2830 2701 πρὸς
2874 2631 2966 2685 τὸν
3014 2631 3243 2702 οὐρανὸν
3284 2630 3597 2701 τεταμένος,
3639 2634 3707 2701 τῇ
3759 2632 3862 2701 μὲν

2274 2720 2436 2788 φύσει
2476 2719 2584 2775 τῶν
2629 2721 2969 2792 πραγμάτων
2993 2721 3259 2793 δυσχερής
3295 2739 3380 2786 τις
3412 2715 3554 2776 εἶναι
3579 2721 3752 2784 δοκεῖ,
3788 2726 3856 2794 τῇ

2272 2813 2330 2866 δὲ
2360 2811 2588 2884 ἀνδρείᾳ
2629 2812 2738 2865 τῶν
2758 2812 3065 2884 μετιόντων
3098 2813 3189 2868 καὶ
3216 2816 3284 2886 τῇ
3316 2813 3595 2884 προθυμίᾳ
3633 2812 3862 2878 εὔκολος

2276 2903 2478 2973 σφόδρα
2499 2903 2728 2972 γίνεται.
2761 2905 2871 2958 Kal
2890 2903 2953 2958 τὺ
2980 2903 3046 2974 δὴ
3075 2904 3386 2974 θαυμαστὸν
3411 2904 3510 2976 τῆς
3529 2906 3858 2975 φιλοσοφίας

2272 2996 2476 3065 ταύτης
2500 2995 2661 3049 τοῦτο
2691 2995 2927 3067 μάλιστά
2966 2997 3135 3061 ἐστιν,
3164 2997 3249 3050 ὅτι
3284 2996 3388 3067 τῆς
3424 2996 3698 3067 θαλάττης
3732 3015 3858 3066 μαι-

2271 3091 2523 3161 νομένης,
2555 3088 2802 3160 ἐξουρίας
2829 3089 2952 3146 πλεῖ
2974 3089 3068 3142 καὶ
3095 3088 3233 3160 μετά
3255 3089 3456 3160 πολλῆς
3483 3089 3584 3160 τῆς
3612 3089 3858 3159 γαλήνης

2271 3196 2305 3240 ο
2323 3183 2559 3254 γνησίως
2583 3181 2754 3253 αὐτὴν
2776 3179 2985 3252 μετιὼν
3007 3180 3100 3233 καὶ
3129 3179 3368 3251 θερμῶς,
3394 3179 3488 3232 καὶ
3513 3180 3617 3244 ὅτι,
3644 3179 3857 3232 πολλῶν

2274 3273 2609 3344 πανταχόθεν
2640 3271 2886 3344 θορύϐων
2924 3271 3306 3345 ἐγειρομένων,
3338 3271 3568 3342 ήσυχίαν
3611 3270 3856 3340 καρποῦ-

2271 3381 2360 3417 ται
2399 3363 2666 3437 καθαρὰν,
2697 3364 2790 3418 καὶ
2842 3363 3049 3436 μυρίων
3097 3362 3435 3434 πανταχόθεν
3482 3363 3860 3435 πεμπομένων

2275 3455 2464 3526 βελῶν,
2492 3456 2722 3527 ἕστηκεν
2750 3455 3010 3526 ἄτρωτος,
3039 3455 3326 3525 δεχόμενος
3355 3455 3454 3525 μὲν
3490 3455 3560 3506 τά
3600 3454 3854 3516 ἀκόντια,

2274 3548 2498 3618 πάσχων
2543 3547 2600 3601 δέ
2645 3547 2893 3601 ἐντεῦθεν
2920 3547 3090 3601 οὐδέν.
3118 3545 3282 3600 Ταῦτ’
3308 3541 3403 3600 οὖν
3434 3543 3610 3611 εἰδὼς,
3638 3546 3737 3598 καὶ
3776 3545 3857 3599 δι-

2272 3641 2479 3713 ηνεκῶς
2506 3642 2565 3694 ἐν
2590 3641 2797 3706 τούτοις
2826 3639 3152 3712 φιλοσοφῶν,
3175 3639 3386 3712 καρποῦ
3410 3639 3510 3710 τήν
3534 3639 3858 3711 ἀμάραντον

2270 3733 2488 3805 ἡδονὴν,
2521 3732 2807 3804 ἀναμένων
2839 3734 2964 3798 τοὺς
2999 3733 3138 3805 ὑπὲρ
3169 3732 3277 3786 τῶν
3309 3731 3489 3786 καλῶν
3519 3732 3702 3786 πόνων
3730 3731 3857 3787 τού-

2272 3842 2381 3881 των
2422 3825 2710 3896 κειμένους
2761 3841 2844 3879 σοι
2892 3823 3039 3896 παρά
3070 3823 3148 3895 τῷ
3189 3822 3308 3895 Θεῷ
3338 3824 3656 3893 στεφάνους.
3695 3821 3852 3896 [681]

2274 3916 2377 3974 Καὶ
2405 3919 2581 3992 γράφε
2615 3917 2852 3988 συνεχῶς
2879 3919 3034 3989 ήμῖν,
3063 3916 3224 3988 ήνίκα
3257 3917 3324 3971 ἂν
3354 3916 3472 3988 ἐξῇ,
3491 3915 3560 3972 τά
3596 3915 3853 3989 περὶτῆς

2273 4009 2458 4079 ὑγείας
2503 4026 2598 4063 σου
2639 4008 2814 4079 δηλῶν
2850 4010 2946 4063 καὶ
2985 4008 3085 4080 τῆς
3109 4007 3250 4061 κατά
3279 4007 3376 4080 τὴν
3399 4007 3597 4081 ψυχήν,
3629 4007 3853 4076 καὶτῆς

2272 4102 2413 4156 κατά
2433 4101 2494 4156 τὸ
2528 4102 2720 4174 σῶμα⁹
2764 4103 2858 4156 καὶ
2901 4100 3000 4170 τὴν
3041 4101 3234 4171 σχολὴν
3264 4100 3482 4155 ἃπασαν
3505 4101 3586 4163 είς
3606 4099 3708 4170 τήν
3736 4099 3852 4153 τῶν

2271 4195 2431 4250 θείων
2456 4195 2716 4249 ἀνάλισκε
2745 4193 2976 4265 Γραφῶν
3005 4193 3327 4262 ἀνάγνωσιν,
3357 4191 3609 4245 τοσοῦτον
3654 4193 3850 4257 αὐταῖς

2267 4289 2492 4360 ὁμιλῶν,
2522 4290 2646 4343 ὅσον
2672 4288 2767 4342 καὶ
2812 4290 2847 4359 ή
2891 4286 3000 4340 τῶν
3027 4285 3320 4357 ὀφθαλμῶν
3345 4285 3597 4341 ἀσθένεια
3624 4285 3850 4357 ἐπιτρέ-

2271 4398 2383 4446 πει,
2412 4382 2478 4434 ῖν’
2507 4381 2560 4433 εῐ
2585 4398 2715 4435 ποτε
2746 4379 2955 4449 γένοιτο
2985 4378 3174 4449 καιρὸς
3197 4379 3328 4450 ἡμῖν
3373 4378 3466 4432 καὶ
3494 4377 3563 4430 τά
3593 4379 3850 4448 νοήματα

2268 4475 2447 4531 αὐτῶν
2473 4474 2701 4528 ἐνθεῖναι
2738 4476 2802 4545 τῇ
2836 4472 3198 4544 εὐγενεστάτη
3235 4489 3328 4524 σου
3357 4470 3523 4544 ψυχῇ,
3552 4470 3695 4541 μετά
3713 4471 3850 4524 πολ-

2268 4565 2363 4637 λῆς
2410 4565 2567 4619 τοῦτο
2609 4565 2920 4635 ποιήσωμεν
2967 4563 3066 4633 τῆς
3097 4561 3366 4624 εὐκολίας.
3399 4561 3474 4614 Οὐ
3505 4562 3614 4631 γάρ
3645 4559 3850 4632 μικρὸν

2267 4659 2348 4721 εἰς
2399 4654 2558 4710 τοῦτο
2606 4653 2895 4724 δυνήσεταί
2945 4670 3027 4706 σοι
3080 4651 3395 4704 συντελέσαι
3443 4650 3504 4703 τὸ
3555 4650 3750 4720 μαθεῖν
3776 4650 3851 4704 τά

2266 4747 2563 4818 ἐγκείμενα
2585 4744 2919 4816 γράμματα,
2947 4741 3107 4814 ήνίκα
3128 4740 3193 4796 ἀν
3221 4739 3417 4812 μέλλῃς
3437 4739 3507 4795 τά
3542 4740 3601 4794 ἐν
3629 4740 3848 4808 τούτοις

2265 4840 2509 4912 νοήματα
2545 4835 2918 4906 ὑποδέχεσθαι.

2652 4927 2812 4985 ΡΛΖ
2821 4968 2834 4984 .
2876 4926 3138 4993 Θεοδότῳ
3173 4925 3449 4992 διακόνῳ.

2334 5023 2550 5079 Παῦσαι
2590 5019 2908 5091 κατηγορῶν
2952 5018 3108 5089 ήμῶν
3137 5018 3485 5089 βραδυτῆτος,
3531 5016 3607 5086 μὴ
3645 5015 3848 5071 σαυτὸν

2266 5115 2529 5186 πρότερον
2557 5110 2684 5181 ἐλῃς
2709 5109 2785 5180 τῷ
2810 5107 3132 5180 ἐγκλήματι.
3165 5109 3208 5160 Τ
3210 5106 3443 5170 οσαύτας
3483 5107 3591 5176 γὰρ
3621 5107 3848 5158 ἐπιστο-

2263 5207 2360 5267 λάς
2405 5203 2696 5274 δεξάμενος
2746 5205 2874 5272 παρ’
2901 5199 3076 5273 ήμῶν,
3109 5200 3238 5262 ὅσας
3291 5197 3650 5259 ἐπέσταλκας,
3695 5196 3843 5268 πλὴν

2267 5301 2418 5371 μιᾶς,
2464 5297 2652 5369 ῶσπερ
2697 5295 2920 5365 νιφάδας
2967 5295 3202 5364 πέμπων
3253 5290 3614 5365 γραμμάτων,
3662 5289 3840 5354 οὕτως

2263 5393 2421 5463 ἔφης,
2462 5392 2527 5462 τῇ
2575 5389 2705 5458 γοῦν
2747 5388 2996 5460 συνῃείᾳ
3048 5387 3370 5455 ἀναστήσειν
3413 5386 3558 5455 ἡμᾶς
3604 5385 3742 5455 πρὸς
3775 5386 3840 5438 τὸ

2261 5487 2494 5558 γράφειν
2530 5484 2953 5553 οἰόμενος.”Εστι
3005 5481 3103 5552 μὲν
3152 5476 3243 5535 οὖν
3287 5481 3379 5534 καὶ
3426 5481 3501 5550 μὴ
3551 5480 3836 5549 γράφοντα

2263 5579 2456 5648 φιλεῖν,
2482 5575 2621 5644 πλὴν
2663 5575 2775 5630 ἀλλ’
2810 5575 2921 5643 ἐγὼ
2971 5576 3062 5628 καὶ
3106 5573 3332 5644 γράφων
3358 5572 3418 5625 οὗ
3447 5571 3706 5634 διέλιπον,
3739 5576 3834 5625 καὶ

2324 5692 2354 5730 ά
2370 5688 2570 5738 Cnislill.
2595 5689 2688 5734 τῶν
2709 5685 2914 5736 ἐντεῦθεν
2935 5687 3114 5742 κακῶν.

2324 5756 2347 5782 ⁸
2374 5753 2574 5811 Quulnm
2598 5765 2709 5797 nhs.
2739 5751 2780 5798 εἶ
2796 5766 2882 5797 σου
2904 5753 3089 5799 ποὶλῶν
3110 5748 3367 5798 ἐπιϐουλῶν
3387 5744 3827 5810 μεμνημένουργιᾶ

2265 5814 2316 5864 1η
2341 5813 2450 5864 alim
2471 5814 2762 5875 μεμνημένον
2786 5812 2944 5862 ἀοι-δι.
