4076 6428
233 303 343 358 σ’θὸ

232 423 376 475 vallo
400 421 613 485 seruoli,
643 429 818 474 tamen
845 418 1053 474 dulcem
1077 436 1138 473 ac
1171 421 1465 474 ferventem
1494 426 1546 474 et
1576 422 1842 475 sinceram

232 525 380 567 tuam
411 515 692 568 caritatem
726 527 825 583 pro
853 512 1060 568 deliciis
1096 512 1409 569 habeamus.

281 604 566 661 CXXXV.
611 604 871 660 Theodoto
897 606 1134 659 diacono.
1179 606 1458 675 (Arabisso
1483 619 1628 660 anno
1650 603 1804 676 406.)

305 699 417 756 Nec
445 715 532 755 me
558 698 775 769 quidem
805 698 908 754 hoc
945 697 1079 768 fugit
1099 740 1113 761 .
1161 709 1214 754 te
1254 699 1459 768 pridem
1486 698 1554 752 ad
1585 714 1684 754 nos
1710 714 1843 753 ven-

233 803 414 847 turum
463 793 656 857 fuisse,
703 794 804 847 nisi
849 792 1151 848 Isaurorum
1198 801 1372 847 metus
1403 793 1515 845 vias
1559 789 1652 846 tibi
1704 806 1843 861 pra:—

231 886 506 939 i-lusissct.
537 883 668 939 Nam
693 899 817 939 cum
839 884 1092 939 onmibus
1119 883 1316 950 frigore
1339 883 1656 950 rigentibus,
1685 893 1846 952 atque

236 979 289 1030 iu
320 988 462 1030 tanta
505 977 705 1030 uivimn
738 979 785 1029 vi
813 1016 830 1041 ,
869 976 972 1029 huc
1001 991 1283 1030 accurrere
1313 976 1531 1029 minime
1560 975 1842 1040 dubitaris,

236 1067 406 1121 nuilto
434 1081 564 1121 sane
592 1067 790 1130 minus,
821 1077 1013 1120 exorto
1041 1081 1185 1128 vere,
1210 1080 1274 1119 ac
1293 1065 1428 1118 cado
1458 1065 1656 1134 ingenti
1685 1074 1836 1119 tran-

232 1159 504 1230 quillitate
525 1159 765 1226 praedito,
797 1159 917 1213 istic
938 1173 1156 1212 manere
1176 1158 1544 1213 sustinuisses.
1571 1157 1843 1229 Siquidem

233 1252 402 1306 animi
444 1252 520 1306 tui
548 1251 875 1308 suavitatem
917 1259 972 1305 et
1000 1252 1348 1322 comitatem,
1396 1251 1756 1320 ardoremque
1782 1266 1846 1304 ac

233 1345 600 1399 sinceritatem
621 1385 636 1406 ,
683 1359 945 1414 eamque,
975 1358 1094 1413 qua:
1129 1343 1180 1397 in
1213 1353 1264 1397 te
1293 1357 1500 1397 summa
1525 1353 1647 1406 cst,
1693 1343 1844 1411 inge-

237 1437 500 1491 nuitatem
534 1435 678 1490 novi.
723 1436 903 1505 anue
933 1436 1001 1490 de
1031 1449 1191 1490 causa
1223 1449 1332 1488 non
1365 1433 1568 1504 vulgari
1611 1448 1846 1488 maerore

235 1528 480 1592 afficior,
528 1536 580 1583 te
622 1529 674 1582 in
716 1538 824 1582 tam
855 1528 1004 1582 suavi
1033 1538 1086 1581 et
1121 1542 1334 1581 amoma
1373 1527 1501 1580 anni
1545 1536 1697 1598 parte
1735 1540 1844 1580 non

235 1634 457 1688 parvam
489 1618 640 1673 nobis
668 1617 939 1672 mresutize
962 1627 1343 1687 tempestatem
1376 1632 1657 1673 accersere
1676 1658 1692 1682 ,
1715 1617 1843 1671 dum

239 1706 442 1765 tamdiu
470 1725 501 1764 a
530 1711 685 1764 nobis
715 1709 866 1764 abes.
917 1708 1078 1780 quue
1119 1724 1224 1763 non
1253 1724 1320 1764 eo
1354 1723 1725 1764 commemoro
1745 1749 1760 1772 ,
1790 1719 1846 1762 ut

235 1813 294 1860 te
335 1806 477 1870 huc,
509 1803 716 1860 etiamsi
746 1803 943 1858 millies
970 1802 1023 1856 id
1052 1803 1187 1856 velis
1209 1843 1226 1868 ,
1277 1801 1583 1873 pertraham
1631 1801 1846 1874 (multis

236 1898 383 1953 enim
426 1897 582 1952 bcl'is
608 1897 784 1950 omnia
823 1896 908 1949 hic
933 1893 1160 1964 ﬂagrant
1183 1936 1198 1959 ,
1232 1895 1391 1964 idque
1419 1911 1483 1949 ex
1530 1895 1628 1957 iis,
1657 1894 1746 1964 qui
1778 1909 1844 1948 ex

240 1993 329 2046 his
354 1991 486 2046 locis
508 1997 640 2044 istuc
667 2004 726 2044 se
755 1988 1043 2044 conferunt
1064 2029 1079 2050 ,
1114 1990 1254 2043 scire
1283 1989 1534 2058 poteris),
1573 2003 1758 2040 verum
1790 1996 1848 2039 ιιι

243 2083 542 2154 intelligas,
574 2098 671 2137 no;
695 2125 711 2149 ,
742 2083 844 2136 etsi
879 2083 1075 2152 alioqui
1105 2097 1293 2149 magna
1324 2082 1506 2151 quiete
1533 2089 1694 2150 atque
1737 2081 1848 2132 otio

240 2176 507 2243 fruimur,
561 2175 648 2230 hic
691 2184 867 2230 tamen
914 2175 1032 2230 sine
1076 2188 1311 2229 Inwrorc
1518 2190 1622 2228 non
1667 2186 1846 2241 posse,

239 2272 378 2324 dum
401 2285 431 2322 a
476 2277 528 2324 te
566 2268 817 2336 disjuucti
857 2281 1044 2323 sumus
1073 2285 1088 2322 :
1122 2267 1330 2336 hocque
1369 2267 1487 2336 ipse
1522 2266 1843 2336 intelligens,

238 2376 402 2431 quam
431 2359 730 2431 sa-pissime
754 2360 820 2415 ad
862 2374 962 2415 nos
999 2360 1238 2426 scribas,
1283 2374 1390 2413 non
1419 2358 1580 2414 modo
1614 2373 1714 2428 per
1752 2371 1848 2412 eos

241 2457 333 2526 qui
363 2456 488 2511 hinc
514 2455 580 2510 ad
606 2472 702 2509 vos
734 2455 1171 2524 proficiscuntur,
1202 2454 1297 2508 sed
1325 2453 1485 2509 etiam
1514 2467 1611 2522 per
1635 2466 1730 2508 cos
1756 2451 1847 2522 qui

246 2551 406 2603 istinc
425 2547 493 2604 ad
523 2562 621 2601 nos
651 2547 889 2601 veniunt.
938 2545 1180 2616 Magnam
1208 2553 1386 2599 autem
1415 2543 1543 2608 tibi,
1588 2556 1847 2598 reveren—

243 2640 467 2695 dissime
493 2639 565 2694 mi
590 2637 834 2703 domine,
865 2637 936 2694 ob
960 2651 1080 2692 eam
1108 2651 1292 2692 curam
1320 2644 1374 2690 et
1407 2633 1847 2700 sollicitudinem,

245 2732 434 2802 inqua
479 2737 700 2799 propter
747 2727 972 2798 hujusce
1011 2727 1247 2798 regionis
1289 2727 1547 2782 tumultus
1589 2724 1846 2791 versaris,

240 2821 470 2892 gratiam
500 2819 781 2873 habemus.
837 2817 1046 2874 Etenim
1083 2817 1294 2872 obsidio
1325 2826 1509 2872 nostra
1538 2815 1590 2870 in
1618 2815 1735 2871 dics
1763 2815 1848 2869 in-

243 2913 535 2983 gravescit,
563 2919 726 2982 atque
747 2913 798 2966 iu
821 2910 920 2967 hac
945 2925 1089 2972 arce,
1122 2919 1392 2980 tamquam
1426 2910 1477 2964 in
1507 2911 1720 2978 laqueo,
1748 2908 1848 2965 dc-

244 3007 511 3062 sidemus.
537 3005 746 3076 Quippe
762 3004 873 3074 jam
902 3004 1065 3068 etiam
1093 3003 1265 3058 media
1293 3013 1452 3058 nocte
1473 3011 1670 3072 praeter
1693 3015 1850 3071 spent

244 3116 465 3156 omnem
496 3109 552 3155 et
591 3100 1050 3170 exspectationem
1098 3105 1465 3153 trecentorum
1495 3096 1510 3127 ‘
1543 3093 1849 3149 Isaurorum

244 3211 437 3265 agmen
462 3192 716 3263 oppidum
743 3192 1106 3263 percursavit,
1149 3204 1393 3261 pencque
1417 3203 1516 3244 nos
1539 3187 1704 3257 cepit.
1741 3186 1850 3242 Ve-

248 3303 365 3340 rum
397 3285 490 3339 Dei
516 3298 704 3339 manus
730 3282 1014 3339 confestim
1046 3297 1174 3350 eos,
1197 3281 1356 3338 nobis
1382 3283 1545 3337 etiam
1574 3279 1707 3334 nihil
1745 3279 1853 3335 talc

243 3377 627 3443 sentientibus,
654 3376 780 3431 hinc
809 3376 1006 3431 avertit
1037 3393 1052 3428 :
1086 3375 1155 3428 ita
1185 3382 1242 3427 ut
1269 3390 1375 3427 non
1403 3372 1562 3426 modo
1588 3371 1851 3442 periculo,

244 3471 342 3527 sed
373 3471 535 3524 etiam
560 3476 703 3522 metu
727 3468 877 3522 vacui
903 3481 1167 3531 essemus,
1190 3475 1420 3534 ortoque
1447 3465 1534 3520 die
1559 3475 1671 3518 tum
1697 3463 1852 3518 deui-

246 3579 384 3633 que,
432 3559 575 3630 quod
622 3561 956 3629 contigerat,
999 3557 1394 3612 resciverimus.
1448 3558 1578 3623 Qua:
1612 3569 1734 3610 cum
1782 3556 1853 3608 ita

248 3658 355 3710 sint
375 3697 391 3720 ,
420 3654 595 3724 gaude
623 3668 686 3708 ac
717 3653 920 3717 lactare,
957 3652 1231 3720 Deumque
1258 3648 1624 3703 indesinenter
1647 3663 1761 3710 ora,
1799 3658 1856 3702 ut

248 3761 347 3801 nos
369 3747 422 3800 in
444 3745 592 3800 oumi
609 3745 895 3800 securitate
912 3743 1219 3804 constituat,
1245 3753 1402 3811 atque
1426 3750 1650 3810 urgente
1669 3739 1856 3794 morbo

250 3840 463 3893 liberet.
521 3837 776 3904 Quamvis
815 3835 957 3889 enim
983 3836 1091 3905 jam
1132 3846 1283 3887 extra
1324 3834 1620 3902 periculum
1662 3832 1853 3892 simus,

252 3939 434 3985 tamen
461 3929 632 3984 morbi
675 3929 914 3998 reliquie
945 3928 1116 3981 adhuc
1149 3927 1387 3992 haerent,
1432 3927 1603 3981 morbi
1647 3941 1856 3980 memo-

253 4022 386 4075 riam
432 4021 561 4074 mibi
595 4029 852 4090 perpetuo
893 4018 1225 4073 refricantcs.
1263 4017 1388 4072 Iluac
1435 4029 1613 4073 autem
1655 4034 1760 4073 non
1792 4034 1859 4073 eo

250 4113 434 4168 animo
458 4113 773 4183 scripsimus
795 4155 811 4178 ,
845 4123 903 4166 ut
933 4114 1023 4166 tibi
1070 4127 1353 4167 mmrorem
1395 4113 1682 4167 alferamus
1706 4156 1721 4177 ,
1761 4113 1856 4166 sed

252 4220 310 4261 ut
339 4217 393 4262 te
429 4205 496 4260 ad
529 4220 714 4275 preces
753 4203 1046 4258 studiosius
1089 4220 1184 4274 pro
1223 4205 1376 4259 nobis
1405 4205 1470 4258 ad
1507 4205 1672 4258 Deum
1702 4205 1857 4258 adhi-

253 4298 457 4353 bendas
487 4297 805 4351 excitemus.
837 4296 1121 4349 Dominum
1155 4312 1334 4351 meum
1383 4297 1857 4350 honoratissimum

256 4392 513 4444 leuorem
537 4387 876 4444 Theodotum
910 4391 1089 4459 pietati
1120 4399 1223 4444 tua:
1250 4390 1696 4444 commendamus
1729 4409 1742 4444 :
1782 4399 1861 4443 at-

255 4478 362 4551 que
392 4480 488 4533 abs
515 4488 566 4533 te
591 4481 843 4548 petimus,
869 4491 925 4534 ut
948 4496 1044 4550 pro
1070 4481 1207 4534 virili
1229 4490 1314 4535 tua
1343 4483 1593 4535 omnibus
1622 4483 1673 4535 in
1699 4483 1862 4536 rebus

256 4575 305 4627 ei
337 4581 524 4642 portus
547 4572 666 4626 loco
691 4573 785 4626 sis.
832 4571 990 4627 Multa
1020 4574 1165 4627 enim
1188 4588 1309 4628 esse
1336 4574 1710 4642 animadverti,
1742 4592 1864 4645 qua-

255 4681 379 4719 cum
409 4679 640 4720 maerore
668 4662 923 4718 afficiant.

255 4797 458 4856 CXXX
476 4798 570 4853 Vl.
618 4798 878 4855 Theodoto
918 4800 1094 4854 lectori
1122 4803 1164 4854 ’.
1197 4801 1662 4874 (Arabissoanno
1691 4804 1818 4861 406.
1844 4806 1864 4879 )

333 4936 470 4990 Nihil
518 4945 620 5002 est,
653 4937 1002 5007 quamobrem
1049 4953 1116 4993 eo
1145 4938 1288 5009 quod
1315 4942 1577 4997 maturius
1615 4942 1740 4998 hinc
1769 4944 1868 4998 ab-

259 5027 540 5094 scesseris,
564 5030 962 5084 excusationem
993 5045 1226 5101 quaeras,
1256 5046 1320 5087 ac
1341 5040 1452 5087 tum
1480 5033 1546 5088 ad
1585 5035 1865 5090 oculorum

260 5121 650 5187 infirmitatem,
703 5131 814 5176 tum
859 5122 927 5177 ad
957 5123 1064 5178 vim
1096 5124 1310 5195 frigoris
1355 5126 1654 5198 confugias,
1696 5129 1870 5200 iisque

261 5215 565 5268 discessum
608 5223 756 5270 tuom
787 5213 1083 5271 adscribas.
1113 5215 1222 5271 Nos
1251 5220 1393 5273 enim
1435 5228 1507 5285 te,
1552 5236 1659 5276 non
1691 5222 1870 5277 minus

261 5320 425 5375 quam
445 5305 696 5372 antehac,
727 5307 918 5363 adesse
944 5324 1005 5364 ac
1026 5310 1303 5366 nobiscum
1333 5312 1535 5366 versari
1561 5328 1867 5380 censemus,

262 5413 327 5449 ev
353 5397 575 5452 caritate
590 5397 840 5454 videlicet
869 5400 921 5453 id
944 5403 1338 5472 perpendentes
1362 5422 1376 5458 :
1409 5405 1700 5476 quinetiam
1719 5422 1869 5476 spem

265 5490 530 5546 habemus
556 5484 779 5557 fore,"ut
818 5494 1108 5564 aliquando
1144 5512 1438 5569 congressu
1478 5509 1570 5554 tuo
1608 5499 1867 5556 fruamur.

261 5581 529 5647 Quocirca
573 5583 707 5642 nihil
753 5595 807 5642 te
856 5585 1050 5643 horum
1093 5591 1396 5648 conturbet.
1444 5591 1700 5658 Quamvis
1727 5592 1872 5650 enim

333 5721 349 5752 '
385 5717 601 5782 misum,
623 5721 959 5774 ducentorum.

331 5784 354 5815 ³
385 5784 546 5834 codex
571 5787 763 5848 uegius,
788 5785 1006 5840 diacono.

1725 302 2103 362 Ερῐετοιιλῖ.

3460 310 3527 365 δ’)
3538 313 3564 367 ι

1952 423 2124 478 hiems
2169 431 2222 478 te
2258 425 2325 477 ab
2365 423 2616 478 Armenia
2657 424 2967 489 abduxerit,
3003 425 3226 481 minime
3269 434 3446 482 tamen
3496 443 3561 482 ex

1949 515 2131 569 animo
2157 525 2342 570 uOSIro
2369 515 2529 585 ejccit
2550 558 2566 582 ,
2601 526 2785 587 utpote
2814 533 2974 586 quem
3012 526 3194 574 mente
3219 533 3433 588 semper
3463 535 3565 573 uo-

1950 605 2155 660 bisemu
2181 605 2642 663 circumferamus.
2675 611 2755 664 Ac
2777 610 2876 664 nisi
2908 609 3212 665 Isaurorum
3243 610 3444 668 bellum
3473 611 3559 666 in-

1955 697 2206 752 terclusis
2249 698 2499 754 omnibus
2541 699 2822 755 itineribus
2859 699 2910 755 in
2953 700 3354 755 tabellariorum
3392 717 3565 772 penti-

1952 791 2087 846 riam
2129 805 2226 846 nos
2281 791 2610 856 adduxisset,
2656 792 3123 864 frequent'ssimas
3169 793 3237 848 ad
3280 803 3332 849 te
3382 796 3565 850 literas

1953 883 2309 940 misissemus.
2367 882 2520 938 Nunc
2562 895 2740 938 autem
2796 885 2974 954 lingua
3027 884 3244 956 quidem
3297 873 3562 956 superiori

1954 983 2198 1044 tempore
2235 975 2534 1040 tacuiutus;
2564 977 2745 1029 animo
2776 987 2986 1042 autem,
3027 993 3133 1029 non
3166 977 3291 1032 item
3319 994 3331 1030 :
3375 992 3565 1033 verum

1954 1074 2008 1119 te
2037 1080 2253 1134 semper
2281 1077 2508 1137 tuasque
2537 1081 2627 1120 res
2652 1067 2842 1122 scdulo
2884 1083 3138 1123 curamus
3161 1110 3176 1132 ,
3206 1077 3263 1123 et
3303 1078 3565 1139 quantum

1955 1159 2006 1213 in
2055 1159 2210 1213 nobis
2253 1157 2370 1224 fuit,
2414 1159 2718 1230 sa'pissime
2762 1161 3099 1230 scripsimus.
3143 1161 3276 1228 Qum
3321 1176 3445 1218 cum
3493 1162 3565 1214 ita

1951 1249 2082 1313 sint,
2105 1250 2266 1304 velim
2296 1250 2366 1303 ita
2393 1251 2671 1304 existimes
2696 1260 2750 1304 te
2776 1251 3054 1306 uobiscmn
3084 1267 3227 1314 esse,
3262 1266 3474 1320 unaque
3503 1249 3557 1305 in

1954 1342 2204 1394 Armenia
2225 1343 2568 1396 commorari.
2591 1343 2744 1410 Quod
2767 1344 2810 1397 si
2835 1344 2954 1414 quis
2975 1344 3066 1398 tibi
3086 1343 3308 1400 insidias
3328 1356 3562 1408 struere,

1951 1441 2111 1502 teque
2136 1433 2478 1487 incommodo
2503 1433 2682 1503 aliquo
2709 1435 2925 1488 allicere
2945 1444 3192 1497 conetur,
3216 1434 3282 1488 da
3315 1449 3558 1505 operam.

1953 1531 2010 1584 ut
2055 1522 2357 1592 hujusmodi
2405 1525 2589 1579 omnia
2641 1525 2743 1578 tela
2778 1526 2796 1557 ¹
2828 1540 3092 1596 superes:
3133 1526 3567 1597 quandoquidem

1954 1631 2062 1668 non
2101 1615 2293 1683 injuria
2337 1615 2499 1680 allici,
2539 1615 2635 1671 sed
2664 1616 2912 1687 iujuriam
2947 1617 3168 1683 inferre,
3208 1618 3464 1673 miserum
3507 1632 3572 1673 ac

1955 1706 2315 1775 perniciosum
2356 1715 2460 1760 est.
2497 1705 2607 1761 Nos
2629 1707 2828 1778 quippe
2868 1707 2970 1762 hoc
2997 1708 3160 1761 etiam
3206 1708 3426 1763 nomine
3465 1708 3569 1763 im-

1956 1796 2170 1866 pensius
2221 1806 2273 1852 te
2319 1797 2670 1861 admiranmr,
2716 1799 2988 1869 animique
3025 1801 3098 1854 tui
3150 1799 3460 1855 firmitatem
3506 1814 3571 1855 ac

1957 1891 2321 1947 fortitudinem
2365 1891 2678 1956 laudamus,
2707 1892 2850 1962 quod
2912 1901 3054 1947 tanta
3102 1901 3419 1963 tempestate
3458 1893 3568 1948 cir-

1954 1983 2270 2049 cumfusus,
2323 1984 2639 2038 tumultibus
2693 1993 2874 2062 tamen
2921 1984 3021 2048 iis,
3074 1984 3164 2055 qui
3219 1984 3341 2038 hinc
3393 1984 3570 2039 exorti

1955 2085 2115 2140 sunt,
2162 2076 2592 2144 superi’orem'le
2634 2076 2929 2145 praebuisti.
2977 2075 3341 2142 Quamobrem
3372 2091 3566 2147 magna

1955 2183 2076 2220 ('lllll
2111 2166 2382 2236 voluptate
2415 2167 2764 2237 tranquillum
2813 2167 2916 2222 hoe
2950 2168 3324 2240 placidumque
3356 2169 3572 2238 pelagus

1958 2246 2220 2328 navigare.
2241 2272 2422 2328 perge.
2452 2257 2562 2312 Nec
2589 2274 2718 2313 vero
2745 2259 2979 2326 mireris,
3013 2260 3181 2330 quod,
3210 2274 3332 2314 eum
3377 2263 3575 2314 multas

1957 2350 2182 2407 insidias
2232 2333 2524 2414 memores,
2572 2365 2675 2422 ego
2723 2359 2901 2407 tamen
2956 2351 3303 2421 tranquillum
3352 2351 3576 2423 pelagus

1954 2443 2243 2514 appellem.
2293 2441 2480 2512 Neque
2530 2438 2673 2497 enim
2725 2457 2756 2496 a
2806 2444 3235 2511 perturbantium
3284 2443 3469 2498 animo
3516 2453 3574 2496 et

1956 2534 2154 2601 studio,
2183 2533 2278 2590 sed
2301 2534 2370 2588 ab
2398 2549 2459 2587 ea
2491 2535 2695 2604 quiete,
2729 2549 2890 2604 quant
2924 2535 3018 2588 tibi
3046 2535 3215 2589 virtus
3244 2534 3404 2605 parit,
3436 2533 3575 2588 hanc

1955 2626 2275 2682 sententiam
2301 2624 2430 2681 fero.
2457 2625 2594 2693 Quid
2621 2635 2799 2679 autem
2822 2626 2924 2680 sibi
2958 2625 3069 2679 vult
3089 2625 3222 2680 illud
3247 2626 3390 2698 quod
3413 2626 3576 2680 dico?

1957 2719 2145 2792 Magna
2168 2718 2284 2774 hare
2302 2728 2358 2775 et
2383 2719 2633 2773 sublimis
2653 2720 2782 2783 vita,
2810 2729 2969 2790 atque
2989 2718 3056 2773 ad
3083 2719 3273 2774 uelum
3301 2729 3570 2790 porrecta,

1956 2813 2001 2868 si
2027 2828 2208 2869 rerum
2238 2822 2426 2868 natura
2455 2822 2750 2883 Speetetur,
2779 2815 3004 2868 molesta
3034 2811 3434 2883 quodammodo
3453 2826 3576 2867 esse

1957 2905 2202 2962 videtur:
2234 2905 2279 2960 si
2307 2899 2485 2960 autem
2511 2919 2723 2972 eorum,
2751 2905 2841 2976 qui
2867 2919 2986 2960 eam
3014 2912 3334 2975 sequuntur,
3365 2904 3576 2959 fortitu-

1958 2999 2140 3054 dinem
2177 2997 2451 3068 animique
2486 2997 2821 3054 alacritatem
2852 3007 3084 3068 spcctcs,
3119 3011 3376 3069 perquam
3408 2995 3578 3051 facilis

1959 3090 2208 3145 c'fllcitur.
2243 3087 2504 3158 Quodque
2550 3089 2604 3143 in
2653 3088 2750 3143 hac
2780 3087 3122 3160 philosophia
3173 3087 3420 3143 mirabile
3449 3096 3571 3152 est,

1963 3183 2171 3238 furente
2200 3179 2336 3236 mari
2387 3194 2645 3250 prospere
2683 3194 2984 3251 magnaque
3023 3194 3145 3234 cmn
3192 3178 3578 3249 tranquillitate

1961 3275 2195 3345 navigat,
2229 3273 2318 3345 qui
2350 3272 2565 3327 sincero
2591 3286 2655 3327 ac
2682 3269 2905 3328 ferventi
2939 3271 3119 3326 animo
3144 3288 3264 3326 eam
3291 3279 3576 3326 consecta-

1963 3378 2084 3425 tur:
2132 3367 2418 3436 multisque
2464 3368 2701 3438 undique
2747 3367 3064 3421 tumultibus
3092 3366 3341 3421 excitatis
3388 3381 3590 3437 puram.

1961 3464 2196 3533 quietem
2238 3463 2432 3532 carpit,
2461 3472 2622 3532 atque
2654 3461 2951 3514 innumeris
2981 3461 3126 3514 oinni
3157 3476 3222 3514 ex
3257 3471 3406 3530 parte
3442 3473 3575 3512 con-

1957 3553 2116 3626 jectis
2150 3554 2269 3608 telis
2297 3553 2496 3608 ilhesus
2525 3560 2651 3617 stat,
2697 3551 2800 3606 tela
2834 3552 3086 3606 nimirum
3115 3550 3412 3621 excipiens,
3441 3549 3576 3604 nihil

1963 3657 2141 3702 autem
2192 3647 2315 3701 hinc
2358 3646 2665 3701 detrimenti
2714 3646 2911 3699 ferens.
2965 3644 3092 3699 llme
3142 3645 3305 3715 igitur
3330 3660 3450 3699 cum
3483 3644 3578 3697 tibi

1964 3742 2238 3811 explorata
2269 3743 2398 3805 siut,
2427 3750 2481 3794 et
2506 3750 2557 3796 ιιι
2584 3739 2698 3795 luce
2723 3739 3076 3794 commentari
3103 3754 3207 3792 non
3233 3737 3577 3801 intermittas,

1968 3844 2277 3906 perpetuam
2323 3834 2648 3903 voluptatem
2695 3833 2933 3903 percipe,
2976 3832 3293 3886 constitutas
3345 3828 3439 3884 tibi
3483 3843 3582 3898 pro

1967 3925 2239 3996 praeclaris
2265 3925 2410 3980 hisce
2438 3925 2709 3979 laboribus
2734 3923 2880 3994 apud,
2905 3923 3072 3977 Deum
3106 3936 3336 3976 coronas
3382 3935 3579 3992 exspe-

1964 4028 2139 4073 ctans.
2170 4020 2344 4087 Atque
2366 4032 2526 4086 quam
2558 4016 2855 4087 sepissime
2886 4015 3127 4080 licuerit,
3162 4012 3229 4067 de
3253 4012 3418 4067 animi
3451 4027 3578 4066 cor-

1969 4111 2219 4178 porisque
2250 4109 2320 4163 tui
2347 4109 2650 4163 valetudine
2679 4122 2776 4161 nos
2805 4108 2886 4160 fac
2913 4106 3171 4160 certiores
3196 4123 3207 4157 :
3237 4103 3396 4174 idque
3417 4118 3580 4158 omne

1967 4201 2156 4264 otium,
2187 4200 2329 4269 quod
2356 4200 2446 4254 tibi
2480 4199 2736 4268 suppetit,
2762 4199 2815 4253 in
2841 4197 3150 4251 divinarum
3181 4195 3580 4265 Scripturarum

1969 4293 2199 4347 lectione
2227 4307 2486 4347 causume
2507 4333 2520 4354 ,
2569 4300 2772 4345 tantum
2802 4291 2931 4360 ipsis
2974 4289 3231 4359 temporis
3270 4287 3583 4358 impertiens

1968 4394 2229 4452 quantum
2269 4384 2551 4438 oculorum
2585 4383 2926 4440 imbecillitas
2958 4381 3214 4452 permittit
3245 4395 3258 4435 :
3291 4395 3400 4452 quo
3429 4379 3581 4434 vide-

1972 4476 2115 4533 licet.
2143 4475 2187 4528 si
2211 4474 2426 4542 quando
2455 4475 2668 4529 occasio
2684 4489 2807 4530 sese
2825 4473 3047 4543 efferat,
3079 4482 3136 4527 ut
3161 4486 3347 4527 earum
3370 4486 3584 4542 quoque

1971 4584 2128 4621 sensa
2152 4567 2486 4622 nobilissimo
2515 4569 2695 4623 animo
2720 4575 2812 4623 tuo
2833 4567 3073 4622 inserere
3098 4565 3384 4621 commode
3411 4565 3581 4644 possi-

1973 4675 2114 4725 tuus,
2150 4676 2340 4731 magna
2368 4676 2490 4716 cum
2535 4660 2788 4716 facilitate
2823 4660 2874 4715 id
2917 4660 3196 4714 faciamus.
3228 4659 3411 4730 Neque
3441 4659 3585 4713 enim

1973 4755 2038 4809 ad
2081 4770 2198 4808 eam
2247 4771 2360 4810 rem
2409 4754 2502 4810 tibi
2541 4769 2728 4825 parum
2775 4754 3069 4824 adjumenti
3109 4753 3303 4808 afferre
3335 4761 3590 4822 poterunt

1976 4847 2106 4914 ipsa:
2132 4847 2321 4912 litem,
2350 4861 2472 4902 cum
2499 4861 2680 4910 sensa,
2707 4861 2828 4917 quae
2860 4847 2911 4900 in
2936 4847 3002 4900 iis
3030 4844 3373 4911 delitescunt,
3406 4845 3584 4902 susci-

1978 4955 2104 5010 ρει-(ξ
2129 4941 2364 5010 parabis.
2403 4946 2408 4952 ’

1975 5030 2174 5087 CXXX
2193 5031 2298 5086 VII
2309 5074 2325 5088 .
2345 5032 2604 5087 Theodoto
2621 5032 2854 5086 diacono.
2885 5032 3088 5097 (Anno,
3105 5040 3161 5086 ut
3178 5041 3415 5104 putatur,
3438 5029 3591 5102 406.)

2047 5123 2338 5179 Tarditatis
2363 5139 2427 5178 ac
2455 5125 2794 5196 negligentia:
2826 5138 2924 5178 nos
2954 5137 3210 5179 accusare
3249 5122 3437 5178 desine
3461 5165 3476 5187 ,
3522 5138 3593 5178 ne

1979 5223 2031 5268 te
2055 5216 2227 5285 ipsqu
2259 5216 2407 5286 prius
2454 5216 2696 5286 ejusdem
2725 5216 2965 5271 criminis
3006 5231 3158 5270 reum
3187 5230 3430 5286 peragas.
3458 5214 3592 5269 Nam

1978 5321 2101 5362 cum
2134 5318 2209 5362 tot
2252 5309 2528 5379 epistolas,
2558 5317 2689 5377 quot
2717 5307 3004 5380 scripsisti,
3035 5323 3065 5362 a
3097 5307 3252 5363 nobis
3278 5308 3588 5377 acceperis,

1981 5418 2084 5455 una
2115 5403 2394 5457 dumtaxat
2424 5411 2672 5472 excepta,
2703 5413 2881 5458 tamen
2923 5402 3144 5474 perinde
3170 5417 3236 5458 ac
3260 5403 3305 5458 si
3335 5403 3595 5472 plurimas

1984 5511 2014 5551 a
2047 5505 2099 5575 te
2129 5497 2312 5550 literas
2338 5495 2770 5567 accepissemus,
2811 5495 2900 5552 his
2926 5496 3106 5552 verbis
3132 5510 3260 5550 usus
3293 5511 3375 5562 es,
3408 5506 3460 5550 te
3483 5493 3591 5549 fre-

1980 5590 2270 5659 quentibus
2319 5589 2488 5645 literis
2540 5605 2639 5646 nos
2685 5591 2753 5646 ad
2808 5591 3155 5648 scribendum
3210 5591 3587 5647 excitaturum.

1981 5682 2317 5754 Quamquam
2363 5693 2543 5740 autem
2593 5685 2708 5744 fieri
2753 5695 2962 5759 potest,
3005 5698 3060 5745 ut
3102 5685 3368 5759 quispiam
3411 5695 3584 5751 εωθιι

2052 5796 2070 5828 ⁸
2103 5793 2316 5855 Celsum,
2336 5795 2484 5849 mala.
