4076 6434
585 277 691 334 6⁸³3

581 395 798 449 ciamsi
830 411 934 450 non
965 397 1156 454 scribat
1182 418 1194 453 :
1229 414 1328 468 ego
1357 409 1532 455 tamen
1565 413 1664 456 nec
1693 399 1927 456 seribere
1953 401 2164 465 destiti,

585 495 682 536 nec
709 499 891 541 amare
916 485 1123 543 desino.
1158 492 1328 559 Atque
1354 499 1409 543 ut
1436 485 1594 544 etiam
1619 500 1826 559 tempus
1853 491 1998 556 illud,
2028 492 2167 560 quod

581 586 608 623 a
644 572 884 645 digressu
914 588 1096 631 nostro
1127 577 1300 645 ﬂuxit,
1340 580 1547 650 longius
1588 580 1762 636 adhuc
1806 583 2163 651 protrahatur,

589 673 748 735 atque
773 671 823 721 iit
846 669 1192 726 desertiorem
1217 671 1389 727 adhuc
1409 673 1580 727 locum
1603 673 1963 742 deportentur,
1993 686 2166 728 tamen

592 771 691 812 nec
717 765 768 810 te
792 775 854 812 ex
886 760 1064 813 animo
1106 771 1290 817 nostro
1332 763 1524 833 ejicere
1553 779 1834 831 possumus
1854 806 1866 826 ,
1915 781 2011 819 nec
2047 767 2164 819 clli-

590 865 712 900 ta-re
732 889 745 908 .
775 851 900 919 quin
942 862 1178 907 nostram
1209 871 1332 924 erga
1373 863 1425 910 te
1463 856 1879 910 benevolentiam
1911 865 2167 926 perpetuo

590 938 867 996 ﬂorentem
884 959 1279 1000 conservemus.
1301 946 1423 1001 Hmc
1438 961 1560 1001 cum
1576 947 1712 1002 scias
1729 988 1742 1011 ,
1763 949 1828 1002 de
1848 958 1949 1006 tua.
1963 951 2167 1003 valetu-

589 1029 714 1086 dine
735 1048 892 1101 quam
916 1035 1210 1104 saepissime
1232 1037 1298 1090 ad
1327 1052 1424 1091 nos
1453 1039 1643 1092 scribe.
1673 1039 1723 1092 Id
1748 1041 1887 1093 enim
1907 1040 1996 1094 tibi
2027 1040 2165 1095 factu

591 1123 796 1179 lat-ilius
817 1133 918 1191 est,
950 1142 1106 1196 quam
1133 1130 1302 1182 nobis.
1333 1130 1482 1198 Quod
1523 1130 1566 1184 si
1595 1133 1717 1184 anui
1749 1143 1975 1200 tempus,
2009 1143 2166 1202 atque

591 1212 939 1270 lxauricorum
989 1217 1246 1272 malorum
1294 1219 1556 1274 acerbitas
1605 1221 1656 1274 id
1706 1221 1998 1290 prohibeat,
2045 1238 2163 1275 cunt

588 1304 741 1360 nobis
783 1313 905 1360 tuus
942 1323 1066 1378 erga
1107 1324 1204 1363 nos
1243 1311 1451 1364 animus
1479 1311 1785 1378 exploratus
1809 1313 1912 1379 sit,
1957 1313 2166 1365 abunde

585 1394 815 1464 amplam
829 1395 1059 1451 diuturni
1076 1398 1267 1453 silentii
1283 1401 1699 1456 ciutstilatioiicnt
1719 1401 1944 1456 habituri
1963 1419 2161 1455 sumus.

612 1523 983 1581 CXXXVIII.
1023 1528 1227 1598 Elpidio
1257 1532 1515 1602 episcopo.
1549 1533 1791 1603 (Cucuso
1820 1552 1958 1587 anno
1990 1535 2133 1605 403).

659 1656 770 1711 Non
792 1673 907 1711 sum
940 1656 1170 1722 uescuis,
1194 1672 1279 1716 me
1311 1678 1431 1716 mro
1456 1663 1521 1717 ad
1544 1672 1596 1719 te
1621 1665 1896 1732 scripsisse
1930 1683 1942 1721 :
1977 1678 2026 1718 at
2057 1683 2160 1721 non

588 1749 640 1803 id
667 1749 866 1804 lubenti
893 1755 1090 1818 animo,
1114 1769 1295 1808 verum
1326 1755 1464 1825 quod
1493 1771 1668 1810 rerqu
1697 1756 1953 1826 angusdis
1981 1759 2161 1825 probi-

589 1841 761 1895 berer.
795 1840 923 1895 Nam
947 1852 1000 1896 et
1029 1844 1150 1897 anni
1181 1856 1423 1914 tempus,
1458 1855 1511 1900 et
1546 1847 1678 1910 loci,
1724 1849 1775 1900 in
1819 1863 1924 1916 quo
1951 1849 2162 1916 gravius

585 1944 740 1999 quam
763 1932 814 1984 in
846 1933 954 1985 ullo
981 1947 1196 1989 carcere
1223 1935 1462 1991 conclusi
1494 1945 1738 1991 tenemur
1762 1977 1777 2003 ,
1816 1938 2043 1992 solitudo
2064 1981 2078 2000 ,
2107 1950 2161 1993 et

585 2037 792 2086 corum,
824 2024 914 2091 qni
941 2023 1042 2078 huc
1072 2025 1307 2091 veniunt,
1342 2027 1690 2096 infrequentia
1713 2069 1728 2086 .
1757 2028 2004 2097 quodque
2035 2030 2157 2084 item

589 2111 685 2163 hos
715 2128 908 2181 patir-os
934 2129 1036 2170 nOn
1065 2131 1252 2172 omnes
1275 2119 1514 2173 s’nceros
1534 2131 1596 2172 ac
1625 2118 1756 2172 [idos
1781 2121 2156 2188 nanciscimur,

584 2217 645 2254 ac
669 2201 894 2272 denique
919 2207 1160 2275 corporis
1184 2210 1433 2270 morbus,
1464 2210 1551 2279 qui
1585 2224 1683 2263 nos
1716 2209 2056 2265 vehementer
2076 2220 2160 2264 at-

585 2295 749 2356 trivit,
780 2305 833 2349 ct
859 2311 991 2364 pene
1022 2299 1251 2354 confecit
1275 2341 1289 2362 ,
1335 2316 1398 2356 ac
1427 2316 1520 2369 per
1550 2311 1713 2356 totam
1759 2303 1988 2357 hiemem
2021 2303 2158 2358 lecto

585 2385 788 2452 aliixit,
823 2386 1033 2458 longum
1067 2389 1167 2444 hoc
1194 2391 1462 2446 silentium
1506 2391 1636 2446 mihi
1675 2394 1853 2447 attulit
1884 2410 1897 2446 :
1936 2404 1990 2446 at
2030 2395 2157 2447 illud

581 2475 856 2531 dumtaxat
881 2476 1147 2534 silcntimn
1169 2521 1184 2546 ,
1215 2481 1356 2552 quod
1402 2485 1453 2535 in
1497 2481 1672 2552 lingua
1697 2523 1713 2548 ,
1745 2497 1847 2537 non
1896 2484 1947 2536 in
1980 2486 2159 2537 animo

580 2567 841 2621 consistit.
887 2567 996 2623 Nec
1026 2585 1149 2624 vero
1178 2571 1449 2626 existimes
1487 2579 1538 2625 te
1562 2579 1640 2625 tot
1667 2573 1838 2626 solum
1868 2575 2154 2646 epistolas,

578 2668 709 2726 quot
736 2660 994 2723 misimus,
1027 2663 1315 2730 accepisse,
1345 2679 1527 2718 verum
1561 2666 1730 2718 multo
1755 2665 1957 2734 plures.
1988 2665 2042 2720 id
2065 2681 2160 2720 au-

581 2759 687 2800 tem
731 2763 851 2803 esse
898 2753 1254 2819 existimabis,
1301 2755 1345 2806 si
1387 2769 1494 2807 nou
1539 2769 1630 2808 eas
1669 2755 1977 2817 dumtaxat,
2024 2773 2157 2826 quas

579 2837 779 2892 chartae
838 2849 998 2910 atque
1046 2844 1325 2897 atramenti
1374 2860 1476 2914 ope
1526 2847 1877 2915 scripsimus,
1928 2847 2021 2903 sed
2066 2865 2158 2903 eas

579 2930 760 2995 etiam,
789 2947 908 2998 qum
932 2932 999 2984 ah
1024 2935 1200 2987 animo
1225 2944 1272 2986 et
1301 2935 1576 2989 voluntate
1603 2936 2025 3004 proﬁciscuntur.
2061 2953 2158 2992 nu-

580 3033 776 3073 meres.
800 3019 1066 3090 Siquidem
1094 3024 1271 3078 animo
1292 3039 1577 3094 numquam
1621 3025 1685 3080 ad
1714 3036 1766 3082 te
1804 3028 2038 3083 scribere
2065 3032 2157 3084 dc-

583 3108 814 3162 stitimus
837 3151 851 3172 ,
883 3125 1203 3179 semperque
1246 3123 1419 3168 tecum
1451 3131 1731 3170 versamur
1764 3135 1776 3169 :
1809 3132 1870 3171 ac
1914 3133 2011 3172 nec
2057 3119 2156 3174 via:

589 3198 881 3269 longitudo,
907 3217 1005 3256 nec
1032 3205 1285 3272 temporis
1308 3204 1647 3274 diuturnitas,
1679 3205 1777 3262 nec
1806 3224 1981 3262 rerum
2011 3210 2152 3264 dim-

578 3289 822 3354 cultates,
849 3303 1046 3346 nostra:
1066 3309 1188 3363 erga
1217 3304 1268 3350 te
1291 3295 1672 3352 benevolentia:
1699 3299 2040 3354 obscuritatis
2060 3303 2156 3356 ali-

581 3379 707 3448 quid
733 3382 1039 3437 attulcrunt.
1074 3385 1265 3440 Verum
1297 3391 1572 3444 ﬂorentem
1605 3406 1721 3445 eam
1752 3404 2002 3463 perpetuo
2030 3396 2154 3448 reti-

581 3487 787 3538 nemus,
822 3485 974 3543 teque
999 3478 1085 3545 qni
1126 3480 1289 3531 nostri
1319 3495 1499 3535 :unore
1524 3481 1712 3546 ardes,
1740 3484 1948 3538 etiamsi
1978 3485 2027 3538 in
2059 3486 2153 3541 de-

577 3565 856 3618 sertiorem
897 3568 1071 3619 adhuc
1116 3569 1288 3623 locum
1326 3571 1576 3626 abeamus
1600 3614 1615 3640 ,
1661 3574 1712 3628 in
1750 3575 1930 3630 animo
1971 3588 2154 3632 nostro

579 3655 898 3723 insculptum
940 3659 1133 3725 passim
1175 3660 1633 3716 cirruml‘cremus.
1676 3663 1750 3717 Ea
1788 3665 1927 3718 enim
1957 3666 2152 3721 sinceri

575 3745 773 3799 amoris
799 3756 979 3800 natura
1008 3760 1088 3801 est
1113 3741 1133 3812 ξ’
1162 3759 1218 3803 ιιι
1264 3767 1361 3804 uec
1400 3763 1639 3822 tempore
1663 3795 1678 3819 ,
1725 3771 1822 3810 nec
1851 3756 1968 3810 loco
1992 3798 2004 3820 ,
2055 3772 2154 3811 nec

575 3836 674 3888 via:
724 3838 1139 3907 longinquiutte,
1192 3856 1290 3896 nec
1334 3843 1493 3898 rebus
1534 3844 1773 3900 adversis
1816 3846 2149 3902 obliteretnr.

578 3925 739 3998 quue
762 3929 874 3999 ipse
898 3946 1106 4001 quoque
1137 3933 1298 4000 nosti,
1320 3934 1742 4006 quandoquidem
1765 3938 1926 3992 etiam
1947 3939 2154 3994 sincere

576 4031 762 4074 amaro
789 4021 951 4075 nosti.

572 4107 875 4166 CXXXIX.
905 4111 1166 4168 Theodoro
1195 4114 1365 4185 Syria:
1397 4120 1672 4172 consulari.
1707 4120 1725 4192 (
1751 4120 1829 4174 Ab
1857 4136 1999 4177 anno
2046 4123 2151 4178 404

1240 4207 1304 4260 ad
1336 4207 1459 4262 407.
1478 4210 1495 4277 )

649 4291 727 4347 Τιι
757 4294 970 4364 quidetn
1003 4294 1138 4349 istud
1173 4298 1404 4351 maximo
1432 4309 1742 4368 argumento
1771 4301 1861 4359 tibi
1891 4300 2003 4355 fore
2032 4304 2111 4357 ais
2131 4345 2147 4371 ,

578 4399 663 4437 res
692 4391 808 4437 tuas
836 4385 988 4439 nobis
1014 4401 1156 4440 cura!
1181 4401 1302 4442 esse
1322 4430 1338 4453 ,
1369 4388 1414 4443 si
1447 4397 1565 4458 post
1592 4393 1920 4459 superiorem
1949 4394 2150 4462 episto-

577 4474 679 4527 lam
713 4475 932 4529 alteram
962 4491 1146 4530 rnrsus
1188 4493 1216 4531 a
1249 4480 1400 4533 nobis
1428 4483 1698 4550 acceperis
1729 4484 1768 4536 ⁸.
1816 4483 1923 4538 Nos
1966 4494 2146 4540 autem

576 4564 620 4618 si
652 4563 914 4632 homines,
944 4568 1034 4635 qui
1060 4566 1126 4621 ad
1156 4568 1396 4624 eamdem
1426 4585 1536 4624 rem
1569 4572 1721 4627 nobis
1749 4587 1966 4645 operam
1997 4592 2152 4631 nava-

576 4665 714 4717 rent,
745 4669 938 4726 praesto
965 4659 1304 4722 haberemus,
1333 4660 1399 4714 ad
1433 4671 1515 4724 te,
1547 4661 1647 4716 hoc
1677 4673 1760 4718 est
1782 4665 1847 4719 ad
1876 4665 2148 4722 hominem

575 4755 716 4799 tanta
747 4748 1006 4815 probitate
1053 4763 1115 4802 ac
1147 4765 1355 4804 morum
1400 4749 1648 4806 facilitate
1689 4754 1963 4822 praeditum
1990 4798 2004 4820 ,
2048 4773 2146 4811 nc-

574 4838 775 4908 striqne
797 4854 981 4894 amore
1017 4840 1328 4911 ﬂagrantem
1363 4886 1376 4906 ,
1409 4852 1658 4913 tantaque
1699 4861 1817 4901 cum
1861 4850 2148 4917 cupiditate

573 4929 821 4997 epistolas
847 4941 1053 4986 nostras
1079 4933 1425 5001 accipientem
1446 4976 1461 4999 ,
1506 4937 1805 4991 sexcenties
1842 4942 2147 5008 scripsisse-

576 5036 710 5074 ntns.
742 5023 1000 5090 Quoniam
1029 5034 1207 5078 autem
1236 5025 1285 5079 id
1315 5026 1532 5082 minime
1573 5028 1727 5092 licet,
1762 5030 1855 5084 abs
1883 5041 1933 5084 te
1963 5042 2145 5101 postu-

577 5113 786 5173 lamus.
829 5128 897 5168 ne
930 5116 1207 5170 caritatem
1251 5127 1486 5172 nostram
1536 5121 1880 5198 cpistolarum
1926 5140 2148 5180 numero

576 5204 858 5258 metiaris:
903 5220 1084 5260 verum
1131 5206 1245 5262 sive
1289 5218 1557 5266 taceamus
1584 5255 1597 5276 ,
1649 5199 2142 5284 siveiﬂscribamus,

573 5291 714 5361 quod
740 5293 807 5348 de
836 5308 895 5348 ea
925 5295 1069 5363 prius
1096 5295 1330 5351 habebas
1355 5339 1370 5365 ,
1404 5299 1541 5355 idem
1568 5304 2146 5373 constanterjudicium

578 5386 806 5443 retineas
836 5404 848 5439 :
885 5387 1012 5442 illud
1042 5399 1215 5444 tecum
1249 5400 1499 5460 reputans
1521 5436 1534 5459 ,
1570 5394 1824 5466 longioris
1869 5400 2035 5452 nostri
2079 5403 2148 5454 si-

637 5535 649 5562 ‘
686 5533 826 5604 sarit.
850 5535 989 5584 sicin
1014 5544 1153 5606 textu
1178 5539 1424 5606 habet,._...
1463 5554 1540 5590 res
1572 5548 1678 5591 tuas
1718 5544 1852 5594 uoltis
1891 5561 1982 5596 non
2017 5562 2150 5598 cura:

570 5606 688 5663 οδες.
718 5608 853 5644 πμ...
878 5604 1135 5664 acceperis.
1164 5607 1211 5648 In
1231 5604 1446 5664 margine
1481 5613 1640 5651 autem
1666 5609 1870 5661 con'ici'.
1898 5622 1989 5658 non
2011 5624 2150 5660 αισι·αό

571 5656 714 5765 imis,
741 5669 845 5721 pro,
871 5656 1147 5724 acceperis;
1173 5671 1217 5710 et
1244 5663 1312 5712 sic
1333 5656 1391 5712 an
1425 5679 1620 5714 sensum
1647 5678 1811 5717 textus
1838 5656 1984 5721 inistti

1374 285 1432 344 8.
1464 285 1740 343 JUANNIS
1778 288 2249 345 Cillli'SUS'l'Oill
2291 293 2604 350 .\lil2llli‘2[’.
2645 297 3176 355 liliNSTANTINOP.

3759 305 3867 360 696

2278 403 2422 458 iettlii
2464 423 2677 461 (‘tttlsattt
2705 451 2719 472 ,
2765 425 2868 463 non
2907 412 3206 480 pigritiam,
3238 414 3330 468 sed
3370 415 3469 470 loci
3514 417 3864 474 solitudinem

2272 511 2408 549 0558.

2400 587 2559 643 CXL.
2599 590 2852 646 Theodoto
2882 594 3112 648 diacono.
3149 597 3382 660 (Cucuso
3403 613 3544 653 anno
3573 599 3729 669 £03.)

2342 677 2458 733 Non
2491 697 2708 748 parvum
2740 685 2789 736 in
2823 694 2961 739 tanta
2985 687 3270 743 solitudine
3294 688 3544 743 solatium
3575 692 3732 744 nobis
3760 692 3864 747 hoc

2272 783 2408 831 erat.
2438 775 2576 839 quod
2605 776 2669 827 ad
2694 788 2834 830 tuam
2864 780 3179 833 suavitatem
3209 795 3352 849 saepe
3379 783 3618 839 scribere
3647 797 3866 853 patera-

2274 878 2390 915 mus
2424 879 2438 916 :
2475 879 2657 918 vet-mn
2691 868 2916 921 Isaurica
2947 871 3081 922 mala
3116 868 3217 924 hoc
3245 886 3459 942 quoque
3489 874 3642 928 nobis
3668 875 3862 929 abun-

2275 950 2469 1006 lerunt.
2518 957 2714 1010 Exorto
2738 960 2881 1013 enim
2910 975 3032 1014 vere
3056 1002 3072 1024 ,
3111 960 3321 1016 illorutn
3365 979 3580 1033 quoque
3626 966 3865 1035 impetus

2273 1044 2464 1119 llorcre
2505 1050 2708 1113 coepit,
2755 1064 2817 1103 ac
2849 1064 2943 1117 per
2970 1065 3158 1105 omnes
3200 1053 3312 1106 vias
3356 1055 3510 1108 eﬂusi
3556 1066 3676 1110 sunt
3707 1097 3722 1119 .
3765 1074 3862 1113 eas

2270 1118 2517 1188 onmibns
2544 1154 2760 1202 prorsus
2788 1140 2958 1195 invias
2987 1140 3291 1197 reddentcs.
3319 1142 3458 1198 Sane
3483 1146 3595 1213 jam
3624 1155 3680 1200 et
3710 1146 3861 1215 inge-

2273 1239 2390 1278 nuae
2430 1238 2686 1283 matronm
2713 1241 2882 1299 capta:
2906 1241 3064 1296 sunt,
3092 1243 3147 1288 et
3173 1235 3270 1288 viri
3318 1236 3637 1290 obtruncati.
3678 1238 3861 1306 Quare

2272 1317 2427 1369 velim
2455 1319 2586 1371 mihi
2613 1335 2890 1388 agnoscas,
2922 1323 3062 1391 quod
3094 1339 3200 1378 non
3231 1324 3541 1396 frequenter
3561 1329 3626 1381 ad
3655 1339 3709 1384 te
3731 1333 3858 1384 scri-

2273 1410 2489 1472 pserim.
2525 1409 2785 1476 Quoniam
2815 1423 2992 1467 autem
3031 1430 3137 1469 non
3165 1414 3349 1470 dubito
3374 1418 3502 1486 quin
3533 1417 3602 1472 de
3643 1421 3855 1474 valetu-

2269 1496 2393 1550 dine
2421 1512 2596 1554 nostra
2625 1505 2822 1557 certior
2859 1504 2972 1558 lieri
3006 1507 3192 1576 cupias
3216 1548 3232 1570 ,
3271 1507 3407 1560 scito
3451 1523 3549 1562 nos
3586 1511 3855 1578 superiori

2271 1592 2447 1646 hieme
2484 1595 2782 1660 graviorem
2809 1596 2861 1650 in
2890 1596 3104 1651 modum
3135 1607 3445 1668 a-grotassc,
3489 1615 3630 1654 nunc
3673 1611 3856 1656 autem

2269 1684 2484 1747 paulum
2515 1696 2789 1740 recreatos
2811 1701 2952 1742 esse.
2983 1687 3284 1756 Quinetiam
3315 1691 3456 1744 acris
3497 1691 3854 1746 incomtatttia

2266 1786 2454 1825 rursus
2499 1777 2789 1848 perturbati
2824 1777 2987 1848 (nam
3030 1793 3172 1833 nunc
3200 1796 3409 1850 quoque
3455 1781 3626 1836 ltiems
3655 1783 3744 1839 hic
3772 1786 3855 1836 ιι-

2265 1866 2420 1930 get).
2451 1875 2624 1918 tamen
2654 1883 2931 1934 speramus
2960 1869 3076 1925 fore
3099 1913 3113 1933 ,
3143 1881 3198 1925 ut
3228 1873 3535 1927 cunt'anatas
3575 1875 3734 1945 plane
3763 1878 3850 1929 ci-

2265 1956 2488 2024 fnlserit,
2513 1962 2680 2014 morbi
2713 1963 2963 2032 reliquias
2986 1963 3335 2033 deponamus.
3363 1965 3544 2036 Neque
3563 1969 3712 2021 enim
3729 1984 3857 2024 cor-

2266 2065 2364 2119 pus
2395 2062 2631 2106 nostrum
2661 2055 2763 2108 ulla
2797 2070 2855 2108 re
2883 2071 3034 2125 mque
3077 2056 3422 2112 labefactatur
3444 2098 3459 2122 ,
3511 2069 3567 2112 ιιι
3608 2057 3809 2126 frigore
3836 2078 3852 2125 ;

2266 2159 2364 2195 tu-c
2396 2160 2579 2198 lltl'SlIS
2607 2146 2705 2199 ulla
2736 2163 2792 2201 re
2812 2162 2963 2218 teque
2983 2148 3222 2218 juvatur,
3255 2159 3309 2201 ut
3336 2159 3541 2213 :cstatc,
3575 2159 3624 2202 et
3657 2137 3854 2206 caloris

2264 2237 2472 2288 solatio.

2300 2367 2466 2424 CXLI
2481 2414 2489 2423 .
2517 2371 2774 2427 Theodoto
2795 2391 2857 2428 ex
2881 2376 3247 2432 comula-ribus.
3280 2382 3459 2448 (.\nno
3491 2383 3625 2436 [orte
3655 2385 3808 2454 .506.)

2336 2506 2495 2559 Multa
2524 2507 2617 2562 tibi
2652 2509 2784 2562 bona
2813 2512 3080 2578 eveniant,
3104 2514 3192 2582 qui
3221 2523 3327 2569 tam
3357 2516 3652 2574 honorifice
3683 2522 3852 2577 lilium

2261 2600 2555 2665 cxcepcris.
2585 2599 2640 2654 ld
2666 2601 2806 2654 enim
2837 2603 2950 2670 ipse
2973 2604 3129 2656 nobis
3163 2608 3439 2674 exposuit,
3472 2624 3571 2664 nee
3601 2613 3847 2666 oet-ulta—

2268 2691 2361 2753 vit,
2396 2699 2504 2742 tum
2532 2706 2684 2745 suutu
2715 2708 2836 2761 erga
2868 2701 3068 2762 [mtrem
3099 2695 3344 2750 allectum
3375 2699 3670 2755 ostendens
3690 2745 3705 2767 ,
3739 2713 3850 2759 tum

2267 2797 2364 2836 nos
2395 2784 2591 2851 ingenti
2625 2784 2801 2837 laetitia
2827 2785 3122 2839 cumulans.
3154 2785 3425 2858 Siquidem
3454 2792 3552 2847 hac
3579 2794 3633 2848 in
3662 2810 3722 2849 re
3747 2795 3817 2850 du
3835 2826 3851 2839 -

2261 2873 2382 2942 piici
2414 2889 2511 2927 nos
2539 2874 2739 2930 honore
2763 2876 2902 2931 allici
2937 2893 3215 2933 censemus
3236 2922 3250 2943 ,
3280 2890 3388 2936 tum
3415 2885 3560 2953 quia,
3590 2887 3851 2959 quidquid

2261 2963 2348 3018 ille
2377 2965 2616 3020 bcnelieii
2646 2970 2915 3037 aeceperit
2939 3012 2952 3033 ,
3003 2971 3141 3025 idem
3192 2974 3349 3028 nobis
3391 2977 3693 3046 impensum
3725 2982 3854 3036 feri-

2261 3069 2399 3118 mus,
2422 3063 2534 3110 tum
2556 3057 2713 3111 etiam
2738 3059 2862 3128 quia
2887 3077 2916 3112 ιι
2945 3059 3114 3116 literis
3139 3064 3336 3117 nostris
3357 3065 3664 3135 lmjnsmodi
3687 3069 3853 3126 bene-

2259 3146 2507 3202 voientia':
2552 3149 2939 3204 incrementum
2981 3155 3251 3224 accepisse
3280 3158 3522 3227 contigit.
3567 3159 3648 3215 Tu
3679 3177 3808 3218 vero
3832 3205 3846 3228 .

2257 3237 2475 3294 domine
2517 3239 2589 3295 mi
2639 3243 2957 3314 cumprimis
3027 3246 3328 3302 venerande
3365 3264 3428 3303 ac
3470 3251 3806 3311 nobilissime
3831 3297 3848 3320 .

2261 3329 2536 3398 pulchram
2557 3328 2696 3388 hanc
2722 3334 2940 3404 stirpem
2968 3335 3145 3391 coiere
3177 3353 3353 3408 perge.
3384 3339 3641 3407 Quantam
3666 3354 3847 3401 autem

2261 3421 2425 3488 ipsius
2464 3423 2701 3478 colenda:
2735 3426 2873 3480 ratio
2915 3426 3058 3480 erit?
3100 3426 3355 3482 Nimirum
3389 3431 3431 3485 si
3472 3432 3850 3501 pulcherrimae

2261 3513 2477 3582 hujusce
2505 3515 2890 3587 ρΙιὶιιλιεοριιίτιξ,
2922 3534 3080 3587 quam
3123 3535 3265 3574 nunc
3296 3533 3638 3579 consectatur
3663 3567 3680 3593 ,
3732 3539 3850 3583 stn-

2256 3606 2402 3662 dium
2430 3619 2590 3678 atque
2616 3626 2853 3666 amorem
2881 3621 3134 3682 perpetuo
3165 3615 3214 3668 iu
3249 3618 3362 3685 ipso
3383 3619 3495 3672 alas
3515 3632 3564 3674 et
3594 3634 3808 3692 vegetes
3833 3645 3845 3681 :

2257 3695 2333 3750 sic
2362 3698 2502 3750 enizn
2542 3700 2743 3754 celeres
2772 3701 2972 3755 fructus
3009 3705 3160 3757 nobis
3192 3705 3342 3760 feret.
3373 3707 3647 3778 Siquidem
3681 3730 3846 3781 genr-

2259 3790 2366 3842 rosi
2394 3791 2580 3856 animi,
2610 3795 2854 3863 stirpium
2890 3798 3098 3861 harum,
3128 3814 3246 3867 quzc
3277 3809 3432 3856 terrm
3458 3807 3666 3873 gremio
3695 3824 3849 3864 man-

2258 3879 2470 3944 dantur,
2500 3883 2798 3939 tarditatem
2846 3900 2951 3941 non
2995 3889 3190 3942 imitari
3218 3892 3390 3946 solent
3421 3913 3435 3948 :
3469 3911 3654 3950 verum
3687 3899 3848 3953 simul

2257 3981 2413 4041 atque
2441 3974 2492 4028 in
2520 3975 2919 4045 prteclarissima
2955 3979 3114 4047 hujus
3143 3982 3352 4035 virtutis
3379 3987 3672 4054 cupiditate.
3720 4007 3854 4047 con-

2257 4072 2524 4131 seruntur,
2549 4067 2614 4121 ad
2638 4068 2808 4137 ipsum
2839 4085 3049 4138 quoque
3075 4072 3262 4126 ca-lum
3285 4075 3605 4144 evehuntur,
3637 4089 3850 4136 tantos-

2256 4175 2359 4229 que
2405 4159 2602 4214 fructus
2667 4160 2851 4226 edunt,
2901 4170 2960 4215 nt
3002 4172 3055 4216 et
3101 4165 3252 4233 ecpia
3301 4177 3354 4219 et
3400 4177 3587 4223 natura
3634 4171 3854 4228 divitias

2254 4265 2440 4304 omnes
2470 4260 2742 4321 superent.
2775 4251 2955 4322 Neque
2979 4255 3121 4308 enim
3157 4270 3256 4308 una
3306 4272 3426 4312 cum
3458 4265 3711 4327 presenti
3744 4268 3854 4321 vita

2255 4343 2662 4410 exstinguuntur
2688 4385 2704 4410 ,
2747 4358 2930 4398 verum
2960 4344 3026 4399 ad
3075 4345 3308 4401 futurum
3350 4364 3522 4404 :cvum
3566 4353 3853 4412 nobiscum

2256 4435 2543 4486 “cedunt.

2291 4521 2517 4577 CXLII.
2569 4524 2771 4593 Elpidio
2798 4528 3054 4598 episcopo.
3097 4529 3369 4601 (Anno,ut
3401 4542 3627 4600 putatur.
3643 4537 3815 4606 406.)

2327 4614 2524 4685 Lingua
2561 4617 2771 4686 quidem
2805 4634 2961 4684 raro,
2992 4620 3171 4674 animo
3195 4631 3371 4675 autem
3403 4623 3468 4678 ad
3513 4633 3564 4677 te
3608 4643 3857 4700 persche

2255 4708 2582 4775 scripsimus,
2609 4709 2947 4778 qttnlitiictptc
2978 4721 3147 4764 tecum
3172 4727 3469 4767 ver-amur.
3505 4716 3680 4786 Atque
3709 4720 3856 4775 hunc

2254 4814 2595 4869 congress-unt
2628 4802 2778 4870 nobis
2811 4817 2906 4853 nec
2946 4804 3198 4871 temporis
3228 4805 3581 4873 diuturnitas,
3627 4824 3731 4864 nec
3762 4813 3854 4865 iti-

2257 4893 2398 4944 neris
2431 4891 2784 4961 longinquitas
2807 4935 2819 4950 ,
2854 4908 2949 4946 nec
2980 4909 3154 4947 rerum
3186 4894 3481 4949 adversitas
3507 4900 3720 4967 eripere
3751 4916 3856 4971 po-

2247 4992 2374 5037 test.
2409 4983 2538 5037 Nam
2581 4999 2642 5036 ea
2672 4986 2906 5038 caritatis
2939 4997 3122 5040 natura
3154 4997 3232 5041 est
3253 5030 3267 5048 ,
3299 5001 3350 5042 ut
3386 4990 3511 5043 nulli
3546 4992 3854 5061 lutjnsmmb‘

2256 5079 2329 5131 rei
2379 5077 2555 5142 cedat,
2606 5093 2787 5132 verum
2837 5088 2977 5137 stet,
3028 5079 3314 5148 omniaque
3363 5092 3596 5150 superet.
3647 5084 3858 5153 Quam-

2255 5173 2438 5226 obrem
2457 5214 2471 5234 ,
2506 5170 2951 5226 reverendissime
2979 5187 3042 5226 ac
3073 5173 3476 5242 religiosissime
3509 5176 3579 5228 mi
3609 5176 3856 5242 domine,

2257 5263 2362 5319 noli
2392 5263 2733 5332 epistolarum
2766 5279 2989 5318 nmuero
3019 5280 3194 5317 meum
3222 5280 3344 5334 erga
3377 5275 3427 5319 te
3456 5281 3696 5322 amorem
3730 5285 3854 5339 pon-

2255 5356 2444 5410 derare
2473 5373 2486 5407 :
2521 5371 2724 5418 verum,
2752 5371 2872 5409 cum
2904 5355 2996 5410 tibi
3023 5357 3233 5410 animus
3260 5371 3412 5411 mens
3435 5373 3500 5411 ac
3528 5358 3714 5413 benevu
3741 5361 3850 5415 im-

2258 5447 2325 5500 tia
2349 5489 2362 5508 ,
2390 5460 2547 5516 quam
2574 5445 2754 5515 pietati
2784 5455 2888 5501 tua:
2917 5461 3128 5516 semper
3159 5448 3376 5517 prastiti
3401 5491 3414 5513 ,
3446 5447 3540 5503 tibi
3569 5464 3849 5520 comperta

2257 5539 2344 5603 sit,
2379 5537 2507 5592 nihil
2553 5539 2622 5592 ob
2645 5538 2949 5594 diuturnum
2998 5541 3264 5594 silentium
3303 5542 3501 5596 sinistri
3533 5545 3851 5613 suspici-ris.

2257 5630 2696 5700 Quandoquidem
2730 5647 2797 5685 ne
2839 5647 2937 5686 nos
2981 5633 3230 5703 quidem.
3279 5638 3376 5691 etsi
3427 5637 3609 5692 literas
3659 5642 3757 5693 alia
3799 5654 3852 5698 te

2263 5737 2384 5777 raro
2415 5736 2795 5791 acceperimus,
2845 5733 3124 5801 propterea
3155 5727 3458 5797 segniorem
3507 5741 3560 5785 te
3592 5747 3716 5804 erga
3751 5751 3850 5792 nr..-
