4076 6438
217 444 393 518 φιλῶν
423 444 486 496 οὐ
519 440 785 510 παύομαι.
806 437 963 490 ’Δλλά
992 436 1094 490 κᾶν
1130 434 1318 506 χρόνος
1349 431 1569 502 γένηται
1607 431 1810 502 μακρό-

215 552 382 610 τερος
415 539 443 590 ό
479 533 680 606 μεταξὺ
712 530 804 585 τοῦ
834 526 1119 601 χωρισμοῦ
1151 525 1245 580 τοῦ
1272 524 1564 596 ἡμετέρου,
1599 519 1700 574 κᾶν
1735 522 1814 582 είς

220 629 570 700 ἐρημότερον
615 622 1007 694 ἀπενεχθῶμεν
1037 619 1253 690 χωρίον,
1280 616 1403 670 οὐτε
1453 613 1706 668 ἐκϐαλεῖν
1755 628 1814 664 σε

224 719 326 790 τῆς
349 717 531 791 ψυχῆς
565 713 863 786 δυνάμεθα,
893 710 1017 767 οὐτε
1051 710 1127 781 μὴ
1171 707 1436 781 διηνεκῶς
1461 703 1815 775 ἀκμάζουσαν

223 809 502 880 διατηρεῖν
545 805 644 877 τὴν
691 803 820 877 περὶ
875 803 935 856 σέ
983 800 1244 856 διάθεσιν.
1287 797 1450 851 Ταῦτ’
1476 792 1571 850 οὖν
1618 793 1813 860 είδὼς,

225 902 410 975 γράφε
458 897 701 969 συνεχῶς
750 897 883 968 ἡμῖν
926 893 996 948 τά
1037 893 1166 965 περὶ
1211 893 1311 963 τῆς
1346 891 1536 960 ύγείας
1561 891 1660 963 τῆς
1693 889 1812 960 σῆς.

224 993 439 1048 mam
463 993 574 1062 7&9
604 992 734 1061 ύμῖν
759 989 794 1059 ἡ
819 986 1039 1063 εὐκολία
1075 986 1293 1051 τούτου,
1323 987 1358 1058 ἢ
1388 988 1542 1058 ἡμῖν.
1578 985 1642 1039 El
1681 983 1737 1037 δὲ
1783 984 1815 1053 ἡ

226 1080 326 1135 τοῦ
356 1081 513 1146 ετους
539 1080 656 1151 ῶρα
686 1077 996 1142 διακωλύει,
1023 1076 1119 1131 καὶ
1139 1076 1247 1130 τῶν
1286 1074 1607 1147 Ἰσαυρικῶν
1632 1073 1818 1127 κακῶν

226 1178 265 1246 η
299 1171 619 1243 σφοδρότης,
655 1169 860 1232 ειδότες
885 1184 980 1221 σου
1017 1166 1117 1237 τὴν
1141 1165 1367 1237 γνώμην
1393 1166 1460 1239 ην
1502 1166 1632 1237 περὶ
1670 1166 1817 1238 ἡμᾶς

227 1267 395 1335 εχεις,
425 1261 706 1333 ἀρκοῦσαν
737 1260 838 1332 τῆς
877 1259 1096 1332 μακράς
1130 1256 1290 1328 σιγῆς
1322 1255 1518 1328 ἕξομεν
1558 1275 1819 1332 παραμυ-

227 1358 374 1411 θίαν.

585 1451 771 1504 PAH'.
823 1448 1099 1516 Ἐλπιᾶίῳ
1131 1451 1461 1515 ἐπισκόπῳ.

306 1551 440 1612 Οἶδα
465 1557 547 1610 δτι
570 1557 816 1626 ὀλιγάκις
835 1559 1148 1615 ἐπέσταλκα
1173 1563 1238 1632 τῇ
1267 1561 1545 1632 τιμιότητί
1570 1577 1684 1625 σου,
1703 1561 1820 1616 ἀλλ’

233 1650 332 1720 οὐχ
363 1646 526 1714 ἑκὼν,
577 1647 694 1703 ἀλλ’
733 1649 837 1702 ὐπὸ
884 1650 980 1722 τῆς
1031 1651 1140 1704 τῶν
1192 1654 1532 1723 πραγμάτων
1573 1653 1821 1722 ἀνάγκης

229 1742 615 1813 κατεχόμενος.
646 1744 756 1797 Kal
799 1745 908 1814 7&9
951 1747 984 1816 ὴ
1035 1746 1131 1799 τοῦ
1165 1746 1319 1811 ἐτους
1348 1746 1488 1817 ὥρα,
1518 1746 1614 1800 καὶ
1662 1749 1697 1818 ἡ
1727 1745 1820 1813 τοῦ

229 1833 434 1903 χωρίου
473 1833 680 1904 ἐρημία
708 1837 766 1888 ἐν
792 1828 838 1903 ᾧ
871 1836 1245 1909 καθείργμεθα
1269 1837 1647 1909 δεσμωτηρίου
1670 1837 1823 1907 χαλε.

227 1925 502 1998 πῶτερον,
533 1927 630 1981 καὶ
661 1928 694 1998 ἠ
726 1927 836 1982 τῶν
861 1929 1096 1983 ἐνταῦθα
1128 1930 1577 2000 παραγινομένων
1603 1932 1819 1992 σπάνις,

229 2020 328 2073 καὶ
355 2019 414 2073 τὸ
447 2018 585 2090 μηδέ
614 2018 795 2074 αὐτῶν
820 2018 926 2075 τῶν
951 2019 1146 2088 ὀλίγων
1183 2021 1402 2074 πάντων
1430 2022 1668 2091 γνησίων
1701 2021 1822 2074 ἐπι-

228 2112 544 2182 τυγχάνειν,
577 2111 659 2164 ἐτι
682 2110 738 2164 δὲ
767 2113 863 2165 καὶ⁵
897 2112 929 2182 η
959 2109 1052 2166 τοῦ
1081 2111 1334 2183 σώματος
1376 2113 1658 2186 ἀρρωστία
1689 2114 1820 2182 σφό-

227 2204 334 2275 δρα
366 2204 514 2275 ἡμᾶς
554 2203 1038 2274 κατεργασαμένη,
1074 2205 1168 2257 καὶ
1211 2205 1390 2258 πάντα
1435 2205 1526 2258 τὸν
1573 2204 1822 2276 χειμῶνα

228 2299 296 2368 τῇ
348 2297 507 2369 κλίνῃ
551 2297 974 2372 προσηλώσασα,
1002 2297 1104 2368 τὴν
1149 2297 1368 2372 μακράν
1414 2295 1622 2366 ταύτην
1663 2297 1822 2368 σιγὴν

231 2389 513 2460 ἐποίησεν,
543 2390 660 2444 ἀλλ’
686 2392 747 2443 οὐ
793 2391 892 2462 τὴν
948 2390 1058 2444 ἀπὸ
1107 2389 1355 2460 γνώμης,
1384 2389 1521 2444 άλλά
1568 2389 1668 2461 τὴν
1714 2392 1823 2443 ἀπὸ

229 2477 505 2550 γλώσσης.
535 2479 685 2551 Μηδὲ
714 2480 902 2550 νόμιζε
934 2481 1200 2544 τοσαύτας
1233 2481 1484 2551 δέχεσθαι
1509 2481 1818 2544 ἐπιστολὰς.

229 2571 362 2634 ὅσας
408 2571 854 2641 διεπεμψάμεθα,
888 2571 1024 2626 ἀλλὰ
1054 2572 1234 2642 πολλῷ
1264 2572 1736 2646 πλείους.Ἡγήσῃ
1765 2573 1822 2626 δὲ

227 2659 412 2724 τοῦτο,
436 2660 504 2714 ἀν
532 2660 608 2733 μὴ
635 2661 731 2725 τάς
758 2662 845 2715 διά
876 2662 1081 2734 χάρτου
1115 2664 1209 2716 καὶ
1229 2653 1464 2734 μέλανος
1486 2663 1669 2734 μόνον,
1688 2665 1824 2718 ἀλλά

232 2753 327 2808 καὶ
360 2753 457 2816 τὰς
492 2752 601 2806 ἀπὸ
620 2753 920 2817 διαθέσεως
953 2755 1215 2826 ἀριθμῇς,
1256 2757 1364 2810 Καὶ
1385 2756 1495 2828 γάρ
1520 2759 1586 2828 τῇ
1613 2757 1822 2828 διανοίᾳ

232 2845 476 2916 συνεχῶς
525 2845 962 2916 ἐπεστάλκαμεν,
1015 2848 1110 2900 καὶ
1157 2850 1242 2900 ἀεί
1295 2865 1379 2900 σοι
1430 2848 1822 2919 συγγινόμεθα,

231 2936 325 2990 καὶ
362 2935 516 2990 ούδέν
543 2937 663 2991 οὐδὲ
701 2939 802 3007 τῆς
830 2937 953 2992 όδοῦ
985 2939 1048 2991 τὸ
1077 2939 1272 3009 μῆκος,
1311 2941 1373 2993 οὐ
1408 2939 1501 2993 τοῦ
1535 2942 1729 3012 χρόνου
1764 2945 1826 2995 τὸ

233 3027 462 3097 πλῆθος,
494 3027 617 3081 οὐτε
669 3031 726 3082 αί
781 3028 894 3082 τῶν
937 3032 1281 3100 πραγμάτων
1331 3033 1681 3104 περιστάσεις
1725 3033 1826 3105 τὴν

233 3122 366 3192 περὶ
404 3120 507 3191 τὴν
551 3118 648 3191 σὴν
692 3122 980 3192 τιμιότητα
1008 3121 1248 3176 διάθεσιν
1277 3124 1408 3193 ἡμῖν
1441 3124 1827 3196 ἀμαυροτέραν

234 3215 521 3282 ἐποίησαν.
554 3213 716 3267 Ἀλλά
766 3215 999 3285 μένομεν
1049 3213 1404 3285 ἀκμάζουσαν
1442 3215 1613 3287 αὐτὴν
1643 3215 1828 3288 διατηο

237 3304 482 3376 ροῦντες,
514 3304 609 3358 καὶ
640 3303 731 3357 τὸν
766 3304 994 3374 σφοδρὸν
1024 3304 1182 3376 ημῶν
1210 3306 1305 3359 καὶ
1333 3304 1534 3376 θερμὸν
1567 3307 1826 3378 ἐραστὴν,

235 3395 340 3449 κέν
375 3395 456 3458 είς
483 3393 816 3466 ἐρημότερον
850 3396 1040 3448 τούτου
1079 3394 1280 3467 χωρίον
1313 3395 1660 3468 ἀπέλθωμεν,
1693 3413 1830 3453 παν-

233 3485 403 3557 ταχοῦ
452 3485 845 3558 περιφέροντες
890 3478 1131 3559 ἀπιμεν,
1183 3485 1379 3562 [682]
1423 3490 1830 3560 ἐγκολάψαντες

235 3579 400 3651 ἡμῶν
423 3581 493 3650 τῇ
527 3578 752 3650 διανοίᾳ.
774 3577 1024 3633 Τοιοῦτον
1045 3579 1154 3653 7&9
1179 3579 1241 3635 τδ
1267 3582 1508 3655 γνησίως
1536 3583 1711 3654 φιλεῖν
1731 3600 1744 3614 ·
1767 3586 1828 3639 οὐ

237 3672 437 3743 χρόνῳ,
479 3671 541 3724 οὐ
593 3670 767 3741 τόπῳ,
809 3671 909 3742 οὐχ
961 3671 1082 3726 ὁδοῦ
1134 3673 1325 3744 μήκει,
1370 3675 1432 3729 οὐ
1485 3675 1831 3748 πραγμάτων

239 3763 565 3835 περιστάσει
603 3763 848 3836 ἐξίτηλον
897 3764 1130 3835 γίνεται.
1179 3767 1292 3821 Καὶ
1330 3765 1490 3822 τοῦτο
1532 3765 1692 3824 οἶσθα
1737 3770 1831 3824 καὶ

237 3855 422 3922 αὐτὸς,
451 3855 640 3929 ἐπειδὴ
662 3856 763 3911 καὶ
785 3858 1025 3930 γνησίως
1055 3853 1214 3913 οῐσθα
1243 3858 1440 3928 φιλεῖν.

417 3972 599 4026 PAO.
643 3969 921 4040 Θεοδώρῳ
957 3973 1392 4043 Κονσουλαρίφ
1408 3975 1651 4044 Συρίας.

312 4081 486 4144 Αὐτὸς
537 4081 637 4153 μὶν
680 4081 820 4154 ἐφης
859 4084 1086 4155 σημεῖον
1132 4083 1408 4140 ποιεῖσθαι
1447 4085 1702 4157 μέγιστον
1735 4087 1831 4141 τοῦ

240 4171 429 4247 μόλειν
453 4173 585 4244 ἡμῖν
619 4172 732 4228 τῶν
760 4173 892 4240 σῶν,
921 4177 971 4230 εί
997 4175 1266 4251 δευτέρα⁸
1310 4179 1452 4249 μετά
1489 4179 1590 4251 τὴν
1635 4179 1834 4251 προτέ-

241 4281 348 4338 ραν
377 4265 636 4338 ἐπιστολὴ
671 4265 814 4321 ἐλθοι
848 4267 985 4340 πρὸς
1022 4268 1121 4339 τὴν
1165 4269 1267 4342 σὴν
1310 4270 1674 4344 λαμπρότητα
1701 4272 1832 4344 παρ’

240 4354 423 4428 ήμῶν.
452 4356 645 4428 Ἡμεῖς
685 4357 742 4412 δέ
787 4359 838 4412 εί
877 4358 988 4412 τῶν
1034 4360 1117 4424 είς
1162 4360 1322 4415 τοῦτο
1362 4361 1834 4436 διακονησομένων

240 4450 378 4522 ημῖν
401 4449 767 4522 εὐποροῦμεν,
789 4451 1020 4519 νιφάδας
1041 4450 1108 4506 ἀν
1136 4453 1466 4526 ἐπέμψαμεν
1486 4457 1834 4528 γραμμάτων

240 4538 382 4612 πρὸς
411 4539 581 4612 ἀνδρα
609 4538 755 4594 οὕτω
790 4539 1048 4613 χρηστὸν,
1089 4543 1183 4597 καὶ
1211 4544 1452 4615 ἐπιεικῆ,
1486 4545 1576 4599 καὶ
1604 4545 1834 4617 σφοδρὸν

241 4624 402 4698 ⁴ημῶν
436 4625 695 4699 ἐραστὴν,
730 4628 826 4682 καὶ
861 4628 1003 4699 μετά
1044 4631 1318 4702 τοσαύτης
1361 4632 1657 4706 ἐπιθυμίας
1680 4635 1832 4707 δεχό-

245 4732 411 4787 μενον
439 4716 597 4788 ημῶν
641 4717 742 4783 τὰς
790 4719 1102 4785 ἐπιστολάς.
1134 4722 1273 4776 Ἀλλ’
1297 4724 1487 4797 ἐπειδὴ
1533 4725 1698 4782 τοῦτο
1735 4729 1833 4781 οὐκ

241 4808 347 4876 ενι,
370 4811 800 4885 παρακαλοῦμέν
831 4831 924 4868 σου
951 4815 1048 4888 τὴν
1075 4815 1456 4890 λαμπρότητα,
1492 4819 1568 4892 μὴ
1587 4820 1698 4875 τῶν
1721 4825 1836 4876 ἐπι-

235 4905 452 4960 στολῶν
470 4906 693 4979 ἀριθμῷ
722 4911 942 4980 μετρεῖν
974 4910 1133 4984 ⁴ἡμῶν
1159 4911 1257 4983 τὴν
1298 4914 1540 4986 ἀγάπην,
1573 4915 1709 4972 ἀλλά
1741 4918 1834 4972 καὶ

243 4995 526 5066 σιγώντων
553 4999 646 5052 καὶ
671 4998 1012 5070 γραφόντων,
1034 5001 1211 5073 ἥνπερ
1239 5003 1330 5056 καὶ
1356 5002 1835 5077 ἐμπροσθενιεῖχες

245 5092 376 5162 περὶ
401 5091 574 5162 αὐτῆς
601 5092 802 5164 ψῆφον.
840 5092 1048 5164 ταύτην
1070 5095 1327 5165 ἀκίνητον
1359 5097 1660 5170 διατηρεῖν,
1683 5099 1834 5168 λογι-

243 5183 476 5256 ζόμενον
517 5185 596 5250 ὡς
639 5186 738 5256 τὴν
783 5185 942 5257 σιγὴν
987 5190 1118 5258 ἡμῖν
1150 5190 1517 5262 μακροτέραν,
1545 5193 1707 5266 οὐχή
1741 5195 1835 5250 τοῦ

243 5276 448 5346 τρόπου
486 5275 754 5349 ῥᾳθυμία,
776 5277 892 5332 ἀλλ’
916 5281 949 5350 ἡ
974 5279 1068 5334 τοῦ
1089 5280 1256 5334 τόπου
1283 5286 1684 5352 κατασκευάζει
1707 5289 1837 5361 ἐρηο

244 5366 366 5441 μία.

657 5463 798 5516 PM'.
845 5462 1109 5530 Θεοδότῳ
1140 5465 1416 5534 διακόνῳ.

319 5575 395 5628 οὐ
431 5579 638 5646 μικρὰν
660 5576 882 5648 εἴχομεν
909 5578 1263 5650 παραμυθίαν
1285 5583 1344 5634 ἐν
1365 5581 1574 5656 ἐρημίᾳ
1597 5585 1834 5659 τοσαύτῃ

311 5680 526 5760 ἒεεῖὶίζ
628 5687 779 5760 ιεξιιι⁸
795 5683 882 5760 τρῦ
906 5685 1094 5749 ἀμελεῖν
1137 5689 1262 5750 ἡμᾶς
1296 5690 1392 5738 τῶν
1415 5692 1533 5751 σῶν,
1559 5693 1598 5740 εί

243 5739 306 5799 In
327 5756 480 5806 marg.
505 5747 631 5806 conj.
659 5747 697 5794 εί
723 5748 787 5808 μὴ
811 5749 934 5795 δευτ.

1683 306 1874 367 EPIS'I
1884 303 2069 363 OLE.

1920 430 1979 480 τὸ
2011 429 2249 498 συνεχῶς
2281 427 2538 482 δύνασθαι
2568 425 2907 480 ἐπιστέλλειν
2941 441 3036 478 σου
3070 427 3135 495 τῇ
3170 423 3505 496 γλυκυιητι·

1919 516 2058 570 ἀλλὰ
2099 517 2194 570 καὶ
2219 516 2377 569 τοῦτο
2402 517 2550 585 ἡμᾶς
2579 514 2869 585 παρείλετο
2900 512 3011 566 τῶν
3045 511 3366 586 Ὶσιυρικῶν
3403 529 3508 566 και

1918 603 2032 657 κῶν
2060 606 2094 674 ἡ
2124 603 2467 675 περίστασις.
2487 602 2838 666 Ἐπιστάντος
2865 601 2977 672 γὰρ
2999 599 3096 654 τοῦ
3119 599 3282 672 ἐαρος
3303 598 3512 671 ηνθησι

1923 693 2019 745 καὶ
2047 694 2118 747 τὰ
2149 694 2249 764 τῆς
2282 694 2511 746 ἐκείνων
2551 692 2765 762 ἐφόδου,
2797 693 2893 746 καὶ
2930 689 3206 762 πανταχοῦ
3232 688 3342 744 τῶν
3373 689 3511 744 όδὼν

1919 781 2060 833 είσιν
2104 779 2462 852 ἐκκεχυμένοι
2486 819 2503 844 ,
2554 782 2722 833 πᾶσιν
2774 779 3014 842 ἀϐάτους
3069 777 3351 840 ποιοῦντες
3410 778 3509 840 τάς

1919 867 2402 941 λεωφόρους.Ἧδη
2436 868 2569 937 γοῦν
2609 869 2704 924 καὶ⁵
2746 871 3005 938 γυναῖκες
3032 865 3315 938 ἐλεύθεραι
3347 865 3514 919 ἑάλω-

1922 972 2043 1020 σαν,
2083 955 2180 1010 καὶ
2199 955 2393 1028 ἀνδρες
2416 956 2756 1028 ἐσφάγησαν.
2793 955 2886 1009 Διὸ
2906 953 3212 1026 παρακαλῶ
3242 949 3513 1022 συγγινώ-

1922 1059 2074 1097 σκειν
2109 1044 2241 1115 ἡμῖν
2273 1045 2348 1115 μὴ
2377 1044 2619 1114 συνεχῶς
2649 1043 3086 1114 γεγραφηκόσιν.
3105 1041 3327 1112 Ἐπειδὴ
3366 1039 3423 1094 δέ
3449 1034 3510 1093 εὖ

1920 1126 2058 1196 οἶδα,
2081 1131 2163 1185 ὃτι
2203 1128 2672 1201 περισπούδαστόν
2703 1148 2784 1184 σοι
2822 1129 3114 1199 μανθάνειν
3139 1129 3210 1184 τά
3242 1127 3371 1199 περὶ
3404 1126 3511 1196 τῆς

1924 1217 2136 1288 ὑγιείας
2185 1218 2368 1289 ⁴ἡμῶν,
2395 1218 2889 1288 δεινοπαθήσαντες
2928 1216 3184 1288 χαλεπῶς
3233 1216 3375 1271 κατά
3419 1210 3515 1268 τὸν

1923 1306 2264 1378 παρελθόντα
2310 1307 2580 1379 χειμῶνα,
2607 1306 2789 1376 ὀλίγον
2834 1307 3220 1378 ἀνηνέγκαμεν
3265 1304 3383 1369 νῦν,
3419 1304 3516 1360 καὶ

1841 1423 1845 1428 ·
1921 1396 2377 1468 διαταραχθέντες
2411 1395 2576 1450 πάλιν
2615 1397 2688 1467 τῇ
2731 1394 3029 1467 ἀνωμρλίᾳι
3048 1393 3144 1448 τοῦ
3173 1394 3338 1468 ἀέρος
3377 1392 3516 1458 (καὶ

1923 1483 2034 1556 γὰρ
2067 1486 2160 1538 καὶ
2191 1482 2287 1538 νῦν
2317 1482 2528 1556 χειμὼν
2558 1481 2797 1537 ἐνταῦθα
2832 1483 3147 1554 ἀκμάζων),
3171 1483 3323 1552 ὅμως
3347 1497 3519 1554 προσ-

1923 1568 2171 1639 δοκῶμεν
2209 1568 2278 1623 τά
2313 1568 2543 1640 λείψανα
2569 1569 2670 1639 τῆς
2708 1569 3021 1642 ἀρρωστίας
3048 1569 3370 1633 ἀποθέσθαι,
3417 1584 3519 1622 κα·

1925 1657 2098 1732 θαροῦ
2124 1656 2387 1728 φανέντος
2407 1655 2501 1712 τοῦ
2527 1657 2743 1730 θέρους.
2769 1657 2936 1712 Οὐδὲν
2952 1658 3062 1730 γὰρ
3089 1658 3246 1730 ἡμῶν
3269 1657 3332 1712 τδ
3355 1657 3517 1727 σῶμα

1924 1747 2100 1812 οὕτως
2129 1747 2474 1820 λυμαίνεται,
2509 1748 2586 1811 ὼς
2613 1747 2848 1819 κρυμὸς,
2880 1746 3005 1802 οὐτε
3037 1749 3299 1820 ὀνίνησιν,
3322 1746 3398 1813 ὼς
3423 1746 3516 1800 θό-

1926 1853 2041 1909 ρος,
2071 1837 2226 1909 καὶὴ
2253 1833 2349 1891 τοῦ
2376 1834 2683 1890 θάλπεσθαι
2718 1833 3066 1907 παραμυθία.

2138 1973 2331 2026 PMA'.
2374 1968 2638 2033 Θεοδότῳ
2664 1967 2784 2024 άπὸ
2817 1969 3306 2037 Κονσουλορίων.

1977 2061 2175 2122 ,Πολλά
2214 2078 2295 2114 σοι
2345 2060 2417 2114 τά
2466 2059 2929 2130 ἀγαθά’γένοιτο,
2962 2061 3045 2113 δτι
3088 2060 3179 2112 τὸν
3219 2060 3334 2113 υίὺν
3380 2057 3520 2130 μετά

1924 2149 2193 2220 τοσαύτης
2219 2147 2465 2214 ὑπεδέξω
2492 2147 2683 2220 τιμῆς.
2716 2146 2890 2200 Τοῦτο
2917 2148 3027 2221 7&9
3067 2147 3230 2211 αὐτὸς
3254 2149 3384 2219 ἡμῖν
3408 2147 3522 2221 ἐδη-

1924 2239 2088 2300 λωσε,
2126 2239 2222 2292 καὶ
2249 2238 2352 2291 οὐκ
2386 2235 2650 2308 ἔκρυψεν,
2675 2234 2813 2307 όμοῦ
2843 2252 2904 2290 τε
2923 2236 3023 2306 τὴν
3046 2237 3174 2307 περὶ
3193 2235 3285 2290 τὸν
3310 2237 3523 2309 πατέρα

1925 2325 2350 2396 εὐγνωμοσύνην
2384 2323 2855 2395 ἐπιδεικνύμενος.
2883 2323 2980 2378 καὶ
3010 2324 3158 2396 ἡμᾶς
3188 2323 3393 2394 πολλῆς
3418 2328 3522 2394 ἐμ-

1929 2415 2133 2485 πλῆσαι
2159 2412 2480 2485 βουλόμενος
2505 2413 2722 2484 ἡδονῆς.
2739 2413 2896 2469 Ἐπεὶ
2918 2414 3013 2467 καὶ
3036 2413 3310 2487 ἡμετέραν
3325 2413 3524 2483 διπλῆν

1927 2503 2210 2577 ἡγούμεθα
2241 2498 2382 2558 εἶναι
2415 2502 2515 2574 τὴν
2547 2501 2737 2574 τιμὴν,
2771 2501 2852 2573 τῷ
2899 2520 2960 2558 τε
3007 2504 3158 2575 ἡμᾶς
3213 2504 3412 2567 αὐτοὺς
3461 2497 3522 2559 εὖ

1926 2594 2256 2649 πεπονθέναι
2302 2594 2566 2664 νομίζειν,
2597 2594 2742 2665 άπερ
2791 2592 2858 2648 ἂν
2895 2596 3104 2658 ἐκεῖνος
3135 2590 3194 2648 εὗ
3229 2593 3400 2666 πάθη,
3443 2594 3524 2668 τῷ

1924 2701 1984 2737 τε
2017 2684 2112 2738 καῖ
2140 2683 2249 2736 ἀπὸ
2285 2681 2394 2735 τῶν
2423 2683 2772 2754 γραμμάτων
2791 2683 2819 2723 δ
2860 2682 2970 2735 τῶν
3001 2679 3289 2755 ἡμετέρων
3321 2682 3524 2754 πολλὴν

1927 2771 2076 2842 αὐτῷ
2120 2769 2378 2839 γενέσθαι
2402 2770 2502 2843 τὴν
2533 2770 2854 2842 προσθήκην
2883 2771 3118 2842 ταυτησὶ
3143 2771 3245 2840 τῆς
3286 2771 3520 2836 εὐνοίας.

1927 2860 2073 2913 Μένε
2106 2859 2193 2930 δὴ,
2227 2859 2466 2913 δέσποτά
2501 2875 2603 2930 μου
2640 2857 3038 2930 αίδεσιμὼτατε
3072 2859 3168 2913 καὶ
3199 2858 3525 2927 εὐγενέστα-

1926 2969 2008 3015 τε,
2040 2949 2359 3023 θεραπεύων
2391 2949 2452 3004 τὸ
2477 2949 2644 3004 καλὸν
2673 2949 2834 3004 τοῦτο
2867 2949 3056 3025 φυτόν.
3112 2948 3264 3023 [683]
3319 2951 3417 3014 Τίς
3467 2952 3524 3004 δὶ

1927 3039 2083 3092 ἐσται
2123 3038 2222 3109 τῆς
2265 3037 2568 3109 θεραπείας
2609 3039 2640 3092 ό
2677 3038 2920 3109 τρόποςς
2956 3038 3059 3091 Ἦν
3093 3037 3185 3093 τὸν
3214 3036 3392 3110 ἐρωτα
3425 3041 3527 3106 τῆς

1929 3125 2227 3196 καλλίστης
2269 3123 2476 3197 ταύτης
2518 3124 2866 3194 φιλοσοφίας,
2906 3125 2975 3198 ην
3011 3127 3222 3196 μέτεισι
3255 3124 3372 3192 νῦν,
3401 3126 3529 3196 19i-

1929 3231 2037 3284 φῃς
2065 3214 2123 3267 ἐν
2144 3211 2295 3284 αὐτῷ
2321 3211 2608 3285 διηνεκῶς,
2633 3213 2728 3266 καὶ
2754 3213 3028 3284 ἀκμάζειν
3067 3212 3523 3286 παρασκευάζῃςο

1928 3299 2074 3356 οὕτω
2102 3299 2213 3374 γάρ
2235 3301 2331 3354 καὶ
2347 3301 2536 3370 ταχεῖς
2561 3301 2694 3371 ἡμῖν
2718 3300 2857 3354 οίσει
2881 3299 3009 3364 τούς
3033 3300 3302 3371 καρπούς.
3331 3304 3396 3356 Al
3419 3303 3530 3372 γὰρ

1929 3391 2178 3459 γενναῖαι
2209 3386 2382 3460 ψυχαὶ
2407 3388 2470 3440 οὐ
2497 3385 2796 3461 μιμοῦνται
2823 3387 2925 3460 τὴν
2956 3387 3269 3460 βραδυτῆτα
3299 3391 3530 3444 τουτωνὶ

1929 3476 2040 3531 τῶν
2066 3476 2271 3546 φυτῶν,
2304 3475 2414 3531 τῶν
2441 3478 2558 3541 τοῖς
2583 3476 2808 3542 κόλποις
2830 3471 2934 3549 τῆς
2960 3477 3067 3549 γῆς
3093 3479 3532 3550 παρακατατιθε-

1935 3565 2137 3636 μένων,
2169 3564 2284 3620 ἀλλ’
2315 3563 2452 3637 όμοῦ
2480 3581 2540 3619 τε
2570 3564 2897 3636 φυτεύονται
2924 3567 2984 3620 ἐν
3011 3569 3079 3638 τῇ
3117 3565 3384 3640 καλλίστῃ
3429 3568 3529 3638 τῆς

1931 3653 2135 3724 ἀρετῆς
2162 3651 2369 3725 ταύτης
2401 3651 2693 3726 ἐπιθυμίᾳ,
2727 3653 2824 3707 καὶ
2855 3652 2993 3726 πρὸς
3021 3653 3185 3708 αὐτὸν
3215 3655 3530 3710 ἀνατείνον-

1932 3758 2023 3795 ται
2071 3741 2164 3795 τὸν
2205 3740 2460 3811 οὐρανὸν,
2498 3741 2596 3795 καὶ
2643 3739 2917 3812 τοσαύτην
2967 3740 3370 3796 ἐπιδείκνυνται
3422 3741 3530 3798 τῶν

1934 3828 2165 3900 καρπῶν
2198 3829 2298 3902 τὴν
2326 3827 2522 3901 φορὰν,
2545 3828 2623 3894 ὡς
2653 3828 2873 3884 ἀπάντα
2896 3827 3276 3902 ἀποκρύπτειν
3301 3830 3533 3886 πλοῦτον

1936 3919 2031 3975 καὶ
2075 3922 2142 3992 τῇ
2191 3919 2444 3991 δαψιλείᾳ
2490 3920 2586 3974 καὶ
2616 3921 2684 3991 τῇ
2715 3918 2899 3990 φύσει.
2927 3919 3004 3973 Οὐ
3043 3919 3154 3992 γάρ
3194 3919 3275 3993 τῷ
3300 3921 3529 3995 παρόντι

1937 4007 2404 4079 συγκαταλύονται
2435 4007 2558 4080 βίῳ,
2590 4006 2731 4065 ἀλλά
2765 4007 2903 4080 πρὸς
2925 4009 3028 4081 τὴν
3067 4008 3371 4081 μέλλουσαν
3396 4011 3532 4083 ημῖν

1939 4094 2382 4168 συναποδημοῦσι
2408 4096 2576 4168 ζωήν.

2284 4191 2473 4243 PMB'.
2524 4186 2807 4257 ’EJkap
2839 4189 3172 4256 ἐπισκόκφ.

2009 4280 2229 4354 Γλώττη
2263 4281 2362 4353 μὲν
2384 4281 2655 4350 ὀλιγάκις,
2678 4281 2874 4354 γνώμη
2894 4281 2951 4336 δέ
2975 4281 3238 4348 πολλάκις
3264 4283 3533 4360 ἐπεστάλο

1935 4373 2113 4445 καμέν
2149 4389 2244 4427 σου
2278 4375 2344 4444 τῇ
2374 4371 2660 4446 θεοσεϐείᾳ
2699 4374 2797 4429 καὶ
2843 4372 2968 4428 καθ’
2994 4373 3237 4446 ἐκάστην
3281 4374 3534 4445 συγγινό·

1940 4463 2081 4536 μεθα
2108 4463 2208 4536 τὴν
2237 4462 2476 4535 ἡμέραν,
2506 4462 2605 4518 καὶ
2636 4461 2843 4535 ταύτης
2874 4463 2976 4518 οὐκ
3003 4462 3180 4535 ίσχύει
3209 4462 3313 4535 τῆς
3338 4479 3532 4520 συνου-

1938 4556 2060 4621 σίας
2089 4557 2240 4629 ήμᾶς
2263 4555 2641 4628 ἀποστερῆσαι
2680 4572 2745 4612 ου
2790 4555 2985 4628 χρόνου
3027 4554 3256 4629 πλῆθος,
3283 4555 3383 4628 οὐχ
3407 4554 3532 4614 ὁδοῦ

1939 4651 2134 4723 μῆκος,
2171 4650 2233 4704 οὐ
2275 4649 2624 4722 πραγμάτων
2654 4647 2997 4722 ¹ιιῐερίστασις.
3029 4649 3265 4722 Τοιαύτη
3295 4649 3405 4720 γάρ
3429 4647 3534 4722 τῆς

1936 4744 2160 4815 ἀγάπης
2193 4744 2231 4813 ἡ
2261 4743 2423 4812 φύσις
2443 4760 2456 4774 ·
2482 4741 2660 4796 οὐδενὶ
2692 4741 2901 4796 τούτων
2927 4741 3088 4810 εῐκει,
3119 4741 3242 4796 οὐδὲ
3267 4759 3532 4814 παραχω-

1939 4838 2040 4908 ρεῖ,
2078 4834 2196 4888 ἀλλ’
2221 4835 2423 4905 ἐστηκε
2470 4834 2691 4890 πάντων
2749 4833 3059 4907 ὑψηλοτέρα
3104 4833 3385 4908 γινομένη.
3435 4832 3533 4908 Μὴ

1936 4927 2118 4981 τοίνυν
2167 4926 2247 4998 τῷ
2277 4927 2385 4981 τῶν
2430 4925 2732 4981 ἐπιστολῶν
2759 4924 3002 4998 ἀριθμῷ,
3035 4925 3272 4980 δέσποτά
3309 4943 3412 4998 μου
3445 4941 3532 4981 τιο

1942 5019 2180 5091 μιώτατε
2211 5021 2304 5075 καὶ
2333 5020 2718 5084 εὐλαϐέστατε,
2751 5019 2940 5090 μέτρει
2971 5017 3036 5073 τὸ
3062 5019 3304 5091 φίλτρον,
3332 5019 3361 5073 δ
3402 5021 3532 5090 περὶ

1935 5113 2036 5184 τὴν
2065 5113 2163 5185 σὴν
2192 5113 2387 5184 ἐχομεν
2415 5111 2737 5183 ἐμμέλειαν,
2770 5109 2885 5165 ἀλλ’
2905 5111 3063 5176 είδὼς
3090 5111 3248 5183 ἡμῶν
3268 5111 3366 5184 τὴν
3393 5111 3535 5182 γνὼ-

1942 5223 2049 5276 μην
2097 5205 2194 5260 καὶ
2242 5204 2341 5277 τὴν
2390 5203 2652 5269 διάθεσιν,
2685 5203 2756 5276 ην
2801 5203 2890 5256 ἀεὶ
2925 5203 3057 5276 περὶ
3097 5203 3200 5276 τὴν
3241 5201 3536 5259 εὐλάϐειαν

1938 5295 2336 5369 ἐπεδειξάμεθα
2365 5296 2465 5367 τὴν
2501 5296 2619 5369 σὴν,
2664 5295 2834 5367 μηδέν
2866 5294 2978 5351 ἀπὺ
3003 5298 3105 5368 τῆς
3153 5297 3370 5368 μακρᾶς
3396 5297 3534 5352 ταύο

1936 5404 2037 5462 της
2077 5387 2237 5460 σιγῆς
2286 5387 2584 5446 ὑπόπτευε.
2601 5387 2755 5445 Ἐπεὶ
2783 5388 2880 5444 καὶ
2906 5390 3072 5460 ἡμεῖς
3101 5387 3349 5458 ὀλιγάκις
3377 5389 3534 5456 δεξά-

2002 5571 2032 5612 δ
2051 5570 2258 5636 Γρᾶρω
2299 5584 2473 5636 omne;
2497 5573 2655 5621 nostri
2697 5573 2795 5622 ἀπὸ
2825 5573 2923 5621 τῶν
2945 5572 3253 5636 γραμμάτων’
3272 5571 3348 5636 pic
3380 5571 3532 5636 eli-In

1940 5646 2068 5683 unus
2092 5647 2120 5682 ε
2141 5633 2396 5683 Frontone
2438 5632 2620 5697 Ducag
2637 5632 3169 5697 ωεωοηιιιεξήειιιιε
3202 5633 3377 5685 dublto
3401 5635 3534 5697 hanc

1939 5707 2052 5764 gate
2075 5708 2240 5744 veram
2268 5697 2548 5764 legionem.
2577 5694 2708 5764 ιξᾱιιί
2734 5697 2949 5764 ἀπὸ-τῶν
2971 5694 3362 5764 γνωριμωτέρων.
3390 5696 3533 5751 ειη-

1938 5758 2037 5812 ιίιιε
2051 5769 2252 5820 quoque
2275 5755 2423 5807 lubet
2441 5759 2536 5808 ἀπὸ
2555 5758 2650 5806 τῶν
2667 5758 2976 5820 ργαμμάτων.
