4076 6438
234 368 339 424 697

231 479 506 538 reddit.
547 476 712 535 fuisse
737 474 1110 534 existimamus
1140 488 1156 527 :
1183 481 1370 524 verum
1402 465 1532 521 illud
1563 477 1660 535 pro
1683 469 1834 517 certo

237 571 525 634 habemus,
573 571 833 639 nobisque
871 562 1258 638 persuademus
1280 602 1296 626 ,
1324 569 1378 614 tc
1403 554 1832 614 benevolentiam

233 679 356 719 eam
380 705 396 732 ,
431 675 537 734 qua
564 676 662 717 nos
691 662 948 716 hactenus
977 657 1290 725 complexus
1314 665 1372 706 cs
1397 649 1679 704 florentem
1707 645 1838 700 reti-

236 772 372 813 nere
390 797 406 824 ,
433 766 596 827 alque
629 755 699 810 ob
725 754 1058 809 calamitates
1081 789 1098 815 ,
1129 761 1248 818 qure
1275 743 1430 812 nobis
1453 741 1666 796 assidue
1697 735 1835 793 infe-

238 856 433 903 runtur
451 887 469 912 ,
499 862 606 902 non
637 844 798 901 modo
822 857 928 898 non
955 835 1321 899 consternari,
1353 832 1449 888 sed
1477 831 1640 887 etiam
1669 829 1832 883 vehe-

239 937 512 993 mentiore
537 950 663 1007 erga
691 948 793 990 nos
835 945 1022 987 amore
1064 926 1247 983 afﬁci:
1283 924 1404 980 ideo
1443 923 1711 993 ingentem
1743 917 1836 973 tibi

239 1026 473 1097 gratiam
502 1025 781 1080 habemus.
814 1021 950 1090 Quia
987 1027 1166 1074 autem
1195 1015 1363 1086 probe
1391 1012 1504 1068 scio
1535 1023 1587 1066 te
1625 1022 1840 1081 quoque

239 1117 311 1174 de
357 1118 522 1172 rebus
557 1115 758 1170 nostris
783 1112 1070 1168 certiorem
1112 1108 1229 1163 ﬁeri
1276 1119 1478 1177 cupere
1499 1143 1514 1170 ,
1555 1098 1838 1158 commoda

239 1207 547 1264 valetudine
575 1220 762 1261 sumus
781 1245 798 1272 ,
831 1202 1138 1274 ingentique
1164 1199 1276 1254 otio
1301 1206 1358 1252 et
1380 1195 1562 1267 quiete
1591 1192 1837 1257 fruimur,

237 1308 404 1370 atque
447 1299 501 1352 in
535 1298 824 1353 securitate
860 1293 1137 1363 degimus,
1184 1288 1430 1344 lsauricis
1459 1284 1711 1340 nimirum
1752 1291 1838 1337 tu-

236 1388 505 1444 multibus
551 1385 782 1442 liberati.
829 1383 964 1438 Nam
1003 1379 1146 1452 quod
1186 1379 1254 1434 ad
1291 1376 1564 1439 Armeniae
1606 1373 1839 1429 hiem‘em

237 1479 455 1544 attinet,
489 1491 609 1533 eam
653 1475 764 1546 jam
795 1487 894 1528 usu
941 1472 1060 1542 ipso
1093 1469 1235 1525 ferre
1277 1467 1460 1524 didici.
1504 1466 1840 1533 Quamquam

239 1572 388 1626 enim
419 1569 618 1641 frigore
645 1583 752 1623 non
796 1565 930 1622 nihil
971 1562 1248 1630 olfendor,
1277 1570 1337 1617 ut
1375 1560 1515 1616 solet
1543 1559 1588 1614 is
1613 1557 1706 1629 qui
1732 1565 1841 1611 tam

235 1660 499 1716 imbecilli
545 1673 773 1730 corpore
819 1653 1074 1726 [traditus
1106 1653 1219 1708 sit:
1251 1649 1497 1722 superior
1525 1657 1702 1704 tamen
1742 1661 1841 1702 ex-

240 1751 399 1818 sisto,
448 1749 578 1804 dum
615 1748 763 1804 domi
809 1761 898 1802 me
947 1752 1242 1816 perpetuo,
1291 1756 1415 1797 cum
1458 1739 1626 1810 frigus
1668 1738 1841 1803 saevit,

242 1842 483 1906 iucludo,
507 1856 741 1912 raroque
766 1854 800 1897 e
827 1839 1013 1895 limin‘e
1039 1835 1228 1908 pedem
1249 1833 1437 1890 effero.
1464 1831 1599 1888 Nam
1620 1840 1844 1887 cmtcras

238 1935 460 2006 quidem
489 1933 616 1989 anni
660 1943 840 2004 partes
881 1932 954 1986 ita
991 1927 1260 2001 iucundas
1301 1940 1366 1982 ac
1406 1938 1600 1981 suaves
1643 1923 1840 1988 sentio,

240 2036 306 2081 ut
330 2041 456 2081 eum
487 2025 650 2081 etiam
694 2023 963 2086 morbum,
995 2035 1156 2091 quem
1202 2035 1271 2074 ex
1316 2017 1509 2073 hiemis
1555 2016 1844 2086 asperitate

242 2115 512 2182 contraxi,
540 2114 795 2185 perfacile
825 2113 1098 2183 depellere
1123 2125 1337 2182 queam.

458 2205 722 2264 CXLIII.
755 2205 994 2277 Polybio.
1030 2203 1276 2277 (Cucuso
1296 2216 1440 2258 anno
1464 2201 1631 2274 ibi.)

317 2296 482 2354 Urbis
516 2297 733 2368 quidem
777 2296 918 2363 solo,
963 2310 1030 2350 ac
1053 2294 1224 2350 muris
1262 2301 1319 2348 et
1357 2291 1649 2363 parietibus
1687 2290 1843 2361 ejeeti

244 2404 434 2446 sumus
465 2405 479 2443 :
509 2404 697 2444 verum
741 2403 810 2443 ex
859 2387 1014 2454 urbe,
1060 2400 1179 2456 qua:
1221 2385 1438 2455 proprie
1479 2384 1584 2439 hoc
1629 2384 1846 2439 nomine

243 2481 474 2552 gaudet,
503 2481 724 2537 minime
749 2479 1120 2552 inigravimus.
1166 2477 1299 2532 Nam
1330 2477 1377 2532 si
1406 2489 1506 2531 vos
1535 2475 1664 2531 urbs
1690 2476 1842 2541 estis,

243 2589 378 2630 sane
401 2589 525 2630 cum
555 2575 836 2631 vobiscum
879 2582 1041 2644 atque
1085 2573 1138 2626 in
1169 2571 1321 2626 vobis
1347 2577 1609 2640 perpetuo
1651 2567 1841 2633 simus,

244 2667 375 2722 illud
420 2667 762 2737 perspicuum
809 2673 933 2733 est,
980 2678 1079 2720 nos
1108 2663 1266 2718 etiam
1296 2661 1382 2716 hic
1423 2667 1841 2728 commorantes,

245 2759 438 2813 urbem
489 2757 634 2812 illam
677 2757 941 2812 habitare.
987 2754 1175 2826 Neque
1216 2753 1360 2809 enim
1406 2752 1592 2808 dubito
1619 2752 1747 2823 quin
1790 2751 1842 2806 in

245 2848 441 2902 animis
485 2849 674 2904 vestris
718 2848 1021 2903 habitemus
1063 2864 1078 2900 :
1119 2860 1184 2902 ac
1223 2844 1456 2901 vicissim
1504 2857 1845 2914 quocumque

241 2937 573 3004 abierimus,
619 2952 719 2993 vos
759 2951 992 3004 omnes,
1036 2937 1129 3007 qui
1157 2936 1326 2992 nostri
1354 2949 1541 2990 amore
1581 2933 1842 3004 flagrantis,

241 3030 427 3084 animo
453 3028 896 3084 circumferimns.
942 3027 1056 3084 Hoc
1092 3042 1253 3098 porro
1280 3039 1379 3082 nos
1404 3039 1505 3081 nec
1534 3024 1694 3096 hujus
1738 3023 1842 3079 loci

246 3118 594 3175 solitudinem
619 3121 744 3189 (est
772 3129 952 3174 autem
979 3118 1142 3173 totius
1173 3116 1320 3172 orbis
1349 3125 1509 3172 terrm
1533 3114 1844 3171 desertissi-

243 3211 412 3281 mus),
460 3227 562 3268 nec
587 3211 899 3282 prmdonum
925 3210 1264 3266 obsidionem
1294 3210 1454 3282 (nam
1483 3209 1720 3280 quotidie
1746 3209 1843 3264 ob-

244 3301 503 3374 sidetur),
535 3317 635 3359 nec
657 3301 891 3372 denique
917 3299 1133 3366 famem,
1160 3313 1281 3371 qua:
1303 3300 1428 3355 hinc
1452 3311 1630 3355 ortum
1658 3298 1840 3367 trahit,

245 3391 556 3461 perspicere
579 3391 745 3447 sinit:
771 3390 1205 3462 quandoquidem
1246 3404 1442 3461 corpus
1484 3389 1572 3447 hic
1609 3391 1841 3447 defixum

242 3490 360 3546 est,
407 3481 587 3538 anima
627 3497 759 3538 vero
801 3482 943 3551 apud
983 3497 1080 3538 vos
1122 3481 1328 3537 versari
1369 3496 1479 3536 non
1516 3481 1734 3538 desinit.
1772 3483 1843 3538 At

243 3575 504 3645 quoniam
531 3574 618 3639 iis,
663 3575 754 3645 qui
805 3574 908 3630 hoc
934 3574 1117 3629 animo
1159 3573 1368 3644 praediti
1411 3582 1556 3640 sunt,
1597 3575 1842 3645 corporis

243 3680 461 3737 quoque
501 3667 788 3738 praesentia
813 3679 1141 3738 magnopere
1168 3681 1293 3722 cara
1329 3674 1384 3722 et
1410 3667 1708 3737 expetenda
1734 3677 1838 3733 est,

243 3771 556 3829 mterorque
579 3759 753 3826 adest,
779 3775 904 3815 cum
929 3775 991 3816 ea
1035 3768 1279 3830 negatur,
1323 3759 1376 3815 id
1417 3775 1580 3830 porro
1619 3760 1842 3818 minime

245 3846 365 3904 eri
407 3858 605 3919 potest,
631 3849 758 3905 huic
780 3851 857 3906 rei
885 3851 1177 3906 maximum
1203 3850 1502 3906 remedium
1529 3851 1685 3908 affert
1711 3867 1842 3908 con-

244 3956 468 4013 gressus
506 3942 619 4010 ille,
661 3944 752 4016 qui
794 3943 1002 3999 mutuis
1041 3941 1285 4013 epistolis
1324 3953 1706 4015 comparatur:
1733 3960 1841 4017 quo

245 4033 292 4087 si
334 4033 492 4089 nobls
531 4049 630 4104 per
651 4050 749 4090 vos
772 4035 993 4106 copiose
1030 4034 1134 4091 frui
1165 4036 1458 4106 contingat,
1503 4035 1604 4092 hac
1628 4052 1841 4109 quoque

243 4125 502 4180 hcestitia
531 4125 785 4181 libentes
827 4141 928 4182 nos
966 4126 1283 4182 sentiemus.
1326 4125 1487 4182 Potes
1515 4128 1659 4184 enim
1700 4129 1836 4200 ipse,

242 4216 463 4273 domine
502 4218 576 4273 mi
613 4216 932 4288 «Imprimis
980 4218 1328 4287 admirande,
1357 4221 1659 4289 prmsentia:
1688 4221 1840 4277 volu-

244 4316 446 4379 ptatcm
476 4322 571 4377 per
595 4308 777 4364 literas
799 4309 1140 4366 adumbrare.

460 4399 707 4455 CXLIV.
740 4400 977 4473 Diogeni.
1013 4401 1260 4474 (Scripta
1289 4416 1431 4458 anno
1460 4404 1625 4476 ιοιδ)

318 4491 574 4548 Desertus
599 4492 815 4564 quidem
860 4494 1010 4549 locus
1036 4502 1122 4550 est
1158 4492 1432 4563 Cucusus,
1463 4504 1518 4552 et
1543 4497 1742 4568 alioqui
1770 4497 1838 4554 ad

240 4579 591 4638 habitandum
634 4584 965 4655 periculosus
988 4627 1004 4650 ,
1036 4594 1095 4640 ut
1133 4587 1222 4655 qui
1263 4596 1522 4657 perpetuo
1566 4589 1833 4645 latronum

240 4682 393 4729 metu
417 4673 642 4731 infestus
663 4676 735 4731 sit
765 4693 780 4730 :
812 4686 868 4731 tu
898 4689 1051 4742 vero,
1079 4677 1241 4732 etiam
1270 4678 1465 4735 absens
1483 4720 1498 4747 ,
1528 4695 1653 4737 eum
1683 4683 1838 4739 nobls

239 4763 296 4819 in
328 4764 752 4820 amnissimum
798 4766 974 4822 locum
1017 4768 1382 4825 commutasti.
1426 4769 1561 4826 Nam
1589 4786 1710 4828 cum
1751 4775 1836 4828 in-

235 4867 456 4929 gentem
481 4867 629 4914 tuum
655 4860 866 4924 selum,
890 4862 1260 4933 sinceramque
1296 4877 1360 4918 ac
1384 4861 1681 4921 ferventem
1710 4881 1835 4939 erga

239 4962 341 5003 nos
381 4949 658 5005 caritatem
701 4951 947 5006 audimus
976 4951 1152 5022 (nihil
1193 4953 1336 5008 enim
1377 4954 1564 5023 nobis,
1592 4958 1834 5027 quamvis

240 5050 350 5096 tam
383 5039 541 5112 longe
582 5043 819 5110 dissitis,
847 5045 1176 5115 incognitum
1215 5046 1334 5108 est)
1358 5089 1375 5115 ,
1406 5046 1832 5107 benevolentiam

239 5141 419 5198 tuam,
465 5143 733 5204 tamquam
778 5137 1092 5206 amplissimi
1137 5138 1415 5208 cujusdam
1459 5141 1736 5210 thesauri,
1769 5159 1834 5200 ac

236 5225 674 5283 inenarrabilium
701 5227 1005 5284 divitiarum
1047 5229 1216 5284 instar
1243 5230 1531 5300 habentes,
1564 5235 1634 5290 ita
1659 5236 1831 5294 afficiu

238 5331 382 5377 mur.
406 5325 462 5372 ut
484 5317 640 5373 nobis
663 5319 763 5389 ipsi
786 5321 837 5374 in
869 5322 1130 5376 tutissima
1159 5323 1290 5379 urbe
1308 5326 1507 5380 versari
1533 5327 1828 5399 videamur,

235 5413 383 5460 tanta
411 5406 658 5463 videlicet
680 5409 862 5465 lzrtitia
894 5412 1081 5478 erecti,
1112 5414 1510 5487 maximumque
1538 5419 1663 5476 hinc
1683 5423 1829 5477 sola~

233 5495 370 5550 tium
399 5498 694 5566 capientes.
724 5500 842 5568 Quo
871 5501 1032 5572 igitur
1068 5503 1209 5561 alter
1234 5506 1453 5578 insuper
1494 5509 1649 5566 nobis
1674 5513 1826 5568 volu-

231 5586 396 5656 ptatis
441 5590 688 5645 cumulus
737 5592 994 5660 accedat,
1051 5595 1211 5650 velim
1262 5597 1431 5654 literis
1473 5615 1684 5672 quoque
1731 5618 1831 5660 nos

232 5689 469 5744 recrees,
493 5678 687 5749 quibus
706 5680 773 5737 de
799 5691 886 5738 tua
907 5684 1209 5742 valetudine
1228 5689 1489 5745 certiores
1506 5691 1825 5751 efficiamur.

229 5766 364 5828 Nam
391 5771 492 5830 etsi
522 5770 740 5829 difficile
780 5774 920 5832 istud
951 5787 1067 5844 est,
1102 5787 1212 5834 tum
1241 5781 1312 5837 ob
1337 5784 1436 5840 via:
1465 5784 1828 5856 longinquita-

569 5881 841 5944 PATROL.
889 5883 1006 5944 Gn.
1054 5885 1182 5946 Lll.

1695 346 2079 407 EPISTOLE.

3451 324 3552 389 ϐίῆ

1946 469 2078 527 tem,
2110 466 2221 514 tum
2248 456 2395 528 quod
2425 455 2514 512 hic
2543 454 2696 510 locus
2723 467 2754 508 a
2785 451 3000 523 publica
3027 449 3115 505 via
3138 446 3293 504 valde
3317 454 3556 502 semotus

1943 551 2036 615 sit,
2067 558 2246 604 tamen
2292 546 2500 601 homini
2530 546 2602 600 ita
2645 543 2868 609 amanti,
2914 550 2972 596 ut
3007 541 3123 611 ipse
3162 552 3346 594 amare
3391 535 3556 600 nosti,

1943 640 2106 696 etiam
2135 654 2256 708 qua:
2285 637 2453 692 ardua
2495 643 2622 691 sunt
2660 633 2838 690 facilia
2879 632 3198 688 redduntur.
3231 629 3365 686 Cum
3397 628 3560 700 igitur

1945 728 2364 794 animadvertas,
2388 737 2641 798 quantam
2667 723 2975 796 bujusmodi
3003 723 3276 778 literarum
3305 719 3556 791 frequen-

1947 824 2016 879 tia
2045 823 2272 895 gratiam
2299 837 2330 877 a
2359 821 2514 877 nobis
2534 818 2767 875 initurus
2788 818 2885 885 sis,
2912 816 3049 872 hanc
3075 828 3288 886 quoque
3315 812 3556 868 lmtitiatn

1945 915 2101 971 nobis
2141 913 2324 984 praebe
2350 930 2366 966 :
2395 909 2660 982 siquidem
2692 907 2824 964 illud
2865 906 3094 963 moleste
3124 903 3380 971 ferimus,
3413 900 3556 973 quml

1945 1022 2069 1064 cum
2095 1008 2292 1062 iterum
2315 1007 2424 1076 jam
2454 1004 2522 1059 ad
2557 1012 2611 1059 te
2635 1001 3049 1073 scripserimus,
3083 1009 3262 1054 tamen
3288 1011 3358 1052 nc
3386 993 3558 1052 semel

1945 1100 2164 1173 quidem
2191 1098 2375 1155 literas
2401 1112 2432 1152 a
2463 1106 2516 1153 te
2543 1095 2872 1166 accepimus.

2016 1220 2230 1293 θην.
2256 1234 2475 1290 Νἱωιαο
2510 1231 2823 1304 presbytero.
2879 1229 3078 1302 (Anno
3103 1224 3319 1283 circiter
3347 1222 3454 1279 tos

2605 1343 2690 1401 vel
2721 1342 2881 1415 ‘06.)

2020 1483 2285 1554 Cuperem
2307 1481 2522 1553 quidem
2552 1480 2670 1551 ipse
2684 1492 2917 1550 quoque,
2947 1484 3001 1532 et
3024 1474 3241 1547 quidem
3257 1471 3553 1527 vehemen-

1949 1584 2031 1631 ter
2061 1589 2316 1644 cuperem
2372 1584 2425 1628 te
2455 1573 2640 1628 videre
2670 1580 2831 1641 atquc
2872 1567 3199 1638 complecti:
3238 1565 3397 1634 idque
3442 1563 3558 1632 ipse

1947 1666 2108 1721 etiam
2141 1675 2266 1720 ante
2316 1673 2526 1719 nostras
2556 1671 2807 1732 acceptas
2833 1661 3016 1715 literas
3046 1657 3269 1714 minime
3318 1657 3555 1726 ignoras.

1945 1757 2077 1814 Nam
2104 1773 2228 1812 cum
2257 1757 2471 1813 sincero
2500 1757 2681 1811 animo
2710 1769 2894 1810 amare
2945 1753 3095 1808 noris
3120 1794 3135 1816 ,
3192 1764 3289 1806 eos
3335 1757 3550 1820 quoque

1946 1850 2038 1920 qui
2068 1849 2283 1904 sincero
2334 1850 2518 1903 animo
2543 1855 2749 1917 amant,
2797 1858 3093 1917 agnoscere
3140 1842 3305 1898 nosti.
3361 1841 3558 1895 Verum

1949 1942 2072 2012 quia
2098 1941 2148 1996 id
2177 1957 2284 1995 non
2313 1941 2460 2008 licet,
2493 1941 2734 2008 interim,
2767 1939 2910 2011 quod
2942 1939 3086 2002 licet,
3121 1936 3261 1992 facio
3290 1954 3304 1990 :
3329 1933 3510 1989 scribo
3538 1972 3556 1994 ,

1950 2033 2146 2098 saluto,
2197 2033 2402 2100 literas,
2450 2047 2571 2103 qua:
2621 2032 2777 2088 nobis
2830 2030 3154 2086 valetudinis
3204 2039 3308 2082 tua:
3357 2034 3556 2080 statum

1949 2124 2144 2180 crebro
2169 2132 2461 2196 exponant,
2517 2122 2752 2193 postulo.
2803 2121 3169 2190 Quamobrem
3213 2120 3353 2174 hanc
3403 2114 3559 2171 nobis

1946 2217 2172 2284 gratiam
2196 2214 2454 2271 concede.
2477 2213 2613 2270 Nam
2634 2228 2958 2285 quamquam
2996 2212 3064 2267 ad
3111 2226 3230 2267 eam
3276 2221 3389 2265 rem
3434 2209 3558 2262 ho'r-

1949 2317 2120 2365 tatore
2149 2309 2281 2364 nihil
2307 2308 2533 2378 indiges,
2567 2316 2750 2363 tamen
2777 2306 2848 2362 de
2897 2305 2997 2361 hac
3044 2319 3107 2358 re
3153 2312 3210 2359 te
3231 2301 3557 2358 submonere

1949 2401 2169 2457 minime
2197 2399 2544 2455 desistemus.
2577 2397 2765 2469 Neque
2793 2398 2938 2454 enim
2969 2397 3217 2468 exiguam
3270 2394 3437 2450 animi
3464 2391 3549 2451 le—

1951 2491 2245 2554 vationem,
2271 2500 2434 2559 atque
2463 2499 2576 2544 tum
2609 2487 2941 2554 solitudinis,
2973 2497 3084 2542 tum
3115 2486 3556 2557 quotidianarum

1951 2592 2242 2649 terrorum,
2290 2583 2380 2652 qui
2411 2597 2481 2638 ex
2511 2581 2826 2651 prtedonum
2859 2580 3168 2635 incursione
3193 2579 3349 2632 nobis
3373 2577 3558 2633 oriun-

1950 2686 2057 2742 tur,
2083 2683 2194 2729 tum
2225 2672 2400 2728 morbi
2428 2672 2694 2744 corporis,
2717 2670 3179 2741 adversarumque
3201 2671 3428 2724 aliarum
3463 2681 3555 2724 re-

1949 2781 2066 2820 rum
2098 2765 2528 2820 consolationem
2556 2763 2690 2818 illud
2719 2763 2878 2818 nobis
2903 2763 3190 2818 allaturum
3213 2771 3293 2817 est
3320 2802 3334 2824 ,
3393 2761 3440 2816 si
3484 2774 3552 2816 ex

1947 2856 2118 2924 vobis,
2143 2856 2337 2926 quibus
2363 2855 2474 2911 cari
2497 2870 2703 2919 sumus,
2728 2855 2832 2910 hoc
2862 2854 3244 2925 intelligamus,
3272 2865 3369 2907 vos
3394 2851 3549 2905 firma

1947 2949 2254 3005 valetudine
2280 2963 2421 3017 esse,
2453 2950 2741 3020 omniaque
2760 2949 2914 3004 vobis
2963 2963 3032 3003 ex
3080 2947 3242 3001 animi
3287 2946 3553 3002 sententia

1948 3043 2196 3110 evenire,
2231 3042 2441 3096 etiamsi
2469 3042 2669 3111 alioqui
2711 3051 2994 3097 sexcentas
3025 3040 3179 3095 nobis
3206 3046 3555 3108 tempestates

1946 3145 2365 3188 commemores.
2392 3131 2492 3201 Qui
2522 3132 2738 3188 tandem
2767 3132 2948 3188 istud?
2974 3131 3239 3201 Quoniam
3287 3130 3418 3186 niltil
3445 3129 3554 3185 im.

1948 3223 2114 3295 pedit,
2146 3224 2455 3295 quominus,
2488 3224 2579 3295 qui
2631 3225 2883 3294 generOsi
2928 3233 2984 3278 ct
3034 3222 3335 3293 experrecti
3390 3232 3553 3292 atque

1945 3316 2136 3370 attenti
2162 3316 2326 3370 animi
2380 3325 2494 3382 cst,
2544 3316 2708 3371 etiam
2753 3317 2806 3370 in
2855 3315 3171 3386 perturbato
3213 3314 3551 3386 negotiorum

1945 3407 2081 3461 mari
2113 3406 2341 3462 feliciter
2378 3407 2629 3478 naviget:
2663 3407 3121 3478 quemadmodum
3165 3417 3354 3463 contra
3383 3448 3400 3474 ,
3456 3407 3552 3478 qui

1947 3496 2125 3568 ignavi
2152 3511 2217 3552 ac
2236 3498 2565 3553 consternati
2592 3498 2877 3568 supinique
2902 3499 3069 3554 animi
3094 3507 3198 3563 est,
3261 3497 3552 3570 tranquillo

1945 3602 2159 3659 quoque
2193 3589 2328 3644 mari
2373 3589 2714 3660 perturbetur
2738 3597 2898 3661 atque
2920 3591 2973 3646 in
3013 3591 3246 3646 tumultu
3284 3599 3552 3647 versetur.

2016 3724 2156 3782 CXL
2171 3725 2266 3781 VI.
2293 3724 2582 3791 Theodoto,
2611 3726 2666 3782 Ν
2670 3727 2858 3796 icolao,
2885 3728 3145 3796 Clamas,
3179 3727 3483 3802 presbyteris

2257 3827 2304 3873 et
2332 3819 2615 3874 monachis.
2647 3817 2884 3889 (Cucuso
2904 3834 3047 3876 anno
3073 3818 3231 3893 405.)

2021 3951 2131 4008 Vos
2154 3951 2372 4024 quidem
2393 3951 2698 4010 Isaurorum
2722 3954 3087 4012 incursionem
3107 3965 3270 4027 atque
3288 3955 3550 4028 impetum

1944 4046 2206 4102 absentia:
2233 4055 2428 4102 vestra:
2454 4062 2672 4103 causam
2700 4063 2823 4104 esse
2859 4047 3038 4104 dicitis
3063 4066 3078 4104 :
3125 4057 3183 4105 at
3216 4063 3318 4120 ego
3343 4064 3440 4105 vos
3491 4060 3550 4105 et

1945 4135 2160 4204 adesse,
2187 4146 2245 4194 et
2265 4137 2542 4194 nobiscum
2573 4141 2779 4195 versari
2814 4137 2937 4195 dico
2959 4180 2975 4204 ,
3028 4154 3206 4210 neque
3240 4139 3550 4210 bujusmodi

1944 4242 2080 4293 rem,
2101 4228 2231 4300 quin
2245 4228 2313 4283 ad
2335 4243 2434 4283 nos
2445 4229 2726 4298 veneritis,
2761 4229 3148 4301 impedimento
3174 4232 3328 4286 vobis
3360 4230 3546 4287 fuisse.

1943 4318 2078 4374 Nam
2109 4335 2189 4375 ea:
2213 4320 2455 4376 caritatis
2481 4335 2673 4391 penna:
2718 4330 2886 4388 sunt,
2940 4331 3002 4377 ut
3029 4323 3239 4380 etiamsi
3295 4334 3551 4380 sexcenta

1943 4410 2402 4481 impedimentase
2437 4411 2716 4482 obiiciant,
2756 4422 2980 4483 repente
3019 4423 3198 4469 tamen
3245 4429 3309 4471 ac
3352 4430 3545 4486 magna

1942 4513 2064 4555 cum
2095 4499 2354 4555 facilitate
2382 4501 2583 4572 ubique
2605 4501 2768 4558 adsit.
2797 4503 2950 4572 Quod
2981 4505 3025 4559 si
3076 4519 3338 4576 corporea
3367 4514 3546 4561 vestra

1943 4591 2231 4661 praesentia
2255 4606 2526 4658 caremus,
2550 4594 2760 4662 precari
2788 4609 2855 4649 ne
2876 4594 3212 4650 intermittite
3240 4611 3257 4649 :
3288 4610 3353 4651 ac
3403 4595 3548 4652 Deus

1941 4695 2061 4736 eam
2085 4696 2182 4752 pro
2233 4696 2330 4737 sua
2356 4682 2690 4752 benignitate
2736 4683 2905 4740 dabit.
2934 4685 3378 4757 Quandoquidem
3430 4686 3546 4757 ipse

1941 4789 2154 4846 quoque
2206 4777 2390 4831 animo
2415 4791 2514 4833 vos
2539 4776 2756 4833 assidue
2784 4793 2999 4849 gerens,
3051 4794 3400 4850 congressum
3448 4796 3544 4835 vc-

1940 4876 2112 4921 strum
2144 4866 2288 4922 haud
2322 4867 2601 4939 vulgarem
2627 4869 2680 4924 in
2699 4870 2919 4925 modum
2945 4871 3198 4927 desidem
3219 4889 3230 4926 ε
3251 4888 3426 4943 neque
3439 4872 3547 4927 duo

1940 4957 2070 5022 hito,
2093 4959 2222 5028 quin
2254 4957 2394 5014 istud
2426 4959 2560 5015 mihi
2585 4961 2885 5033 contingat,
2913 4961 3208 5019 dummodo
3234 4978 3360 5020 eum
3383 5005 3398 5031 ,
3451 4965 3546 5034 qui

1940 5059 2316 5122 tempestatem
2333 5065 2550 5108 omnem
2569 5053 2862 5121 discutere,
2889 5064 3192 5127 cunctaque
3218 5057 3270 5110 in
3293 5071 3542 5128 magnam

1940 5145 2381 5215 tranquillitatem
2408 5145 2678 5203 adducere
2701 5156 2901 5218 potest,
2953 5149 3153 5204 obnixe
3176 5149 3344 5206 oretis
3363 5159 3418 5206 et
3441 5151 3541 5206 ob-

1938 5236 2188 5292 secretis.
2219 5235 2296 5294 Ut
2322 5247 2503 5295 autem
2555 5253 2738 5294 rerum
2781 5254 2995 5310 quoque
3046 5251 3351 5297 nostrarum
3402 5250 3542 5298 statu

1937 5329 2154 5399 cognito
2181 5328 2459 5397 lzetemini,
2492 5329 2692 5400 ingenti
2721 5333 2904 5402 quiete
2930 5341 3092 5403 atque
3120 5334 3233 5389 otio
3269 5333 3497 5390 fruimur
3524 5376 3538 5402 ,

1936 5436 2239 5491 corpusque
2260 5432 2527 5490 nostrum,
2557 5425 2660 5480 etsi
2681 5424 2887 5496 alioqui
2922 5426 3091 5481 multa
3111 5427 3355 5497 sintque
3376 5427 3543 5497 ipsius

1939 5517 2301 5575 valetudinem
2327 5520 2670 5588 labefactent,
2724 5523 2857 5577 satis
2912 5523 3197 5579 commode
3247 5538 3307 5579 se
3358 5521 3539 5579 habet.

1936 5606 2270 5680 Quamquam
2321 5611 2465 5666 enim
2514 5621 2570 5666 et
2605 5611 2939 5668 medicorum
2995 5613 3208 5682 inopia,
3259 5622 3315 5668 et
3359 5627 3542 5670 rerum

1939 5701 2364 5756 necessariarum
2409 5702 2634 5772 penuria
2686 5702 2864 5774 (nihil
2903 5705 3048 5760 enim
3079 5704 3167 5759 hic
3196 5707 3388 5761 venale
3411 5719 3538 5772 est,

1943 5805 2042 5848 nec
2055 5791 2444 5852 medicamenta
2462 5796 2571 5852 ulla
2590 5797 2949 5870 suppetunt),
2977 5805 3034 5854 et
3055 5798 3173 5852 celi
3191 5798 3536 5869 intemperies

3105 5915 3185 5977 20
