4076 6426
615 330 717 389 699

617 444 822 514 (neque
841 440 982 496 enim
1006 443 1163 494 testas
1197 433 1350 490 nobis
1377 433 1556 488 minus
1582 446 1741 502 quam
1771 430 1935 500 frigus
1961 429 2180 483 molesta

616 541 714 596 est,
748 540 803 584 ut
828 544 946 599 quae
966 527 1177 597 frigoris
1203 524 1546 580 acrimoniam
1577 523 1629 577 in
1657 521 1975 578 contrarium
2006 519 2182 572 imite-

619 619 764 692 tur),
798 628 852 674 et
871 617 1045 689 gravis
1072 630 1136 672 ac
1163 625 1414 686 perpetua
1444 611 1671 680 obsidio,
1717 610 1992 679 crebrique
2030 606 2178 662 lsau-

617 712 845 764 ricarum
871 707 1228 762 incursionum
1255 710 1463 770 metus;
1492 702 1624 767 hare,
1652 701 1881 770 inquam,
1912 697 2182 762 omnia,et

618 799 718 852 alia
742 799 894 869 plura
913 805 1036 852 sunt
1053 810 1170 866 quae
1194 791 1550 850 valetudinem
1573 799 1802 844 nostram
1825 785 2178 851 labefactent;

616 904 758 943 nunc
785 897 960 943 tamen
979 887 1127 958 gravi
1155 883 1410 955 periculo,
1433 891 1590 951 atque
1621 877 1918 949 hujusmodi
1950 877 2134 933 morbo
2163 878 2179 908 ³

616 979 824 1035 liberati
869 993 1054 1035 sumus
1109 991 1172 1031 ac
1215 974 1536 1030 mediocrem
1591 970 1872 1036 quamdam
1901 967 2180 1024 sanitatem
2197 1011 2236 1050 ί,

614 1070 962 1125 obtinuimus.
997 1067 1105 1123 Vos
1131 1079 1258 1122 vero
1282 1076 1497 1134 operam
1529 1059 1688 1115 etiam
1709 1057 1853 1124 date,
1884 1066 1941 1112 ut
1979 1055 2044 1110 ad
2085 1053 2195 1108 nos"

613 1172 755 1228 saepe
783 1157 1046 1221 scribatis,
1070 1170 1132 1210 ac
1150 1154 1218 1209 de
1238 1160 1412 1208 vestra
1429 1150 1731 1206 valetudine
1749 1148 1866 1203 sine
1898 1147 1998 1200 ulla
2015 1148 2180 1199 inter-

613 1248 866 1303 missione
885 1247 1142 1302 certiores
1166 1259 1263 1300 nos
1284 1241 1507 1298 faciatis.
1534 1239 1806 1310 Siquidem
1836 1236 2077 1291 maxima:
2098 1235 2179 1289 le-

611 1338 869 1402 vationis,
920 1335 1242 1404 maximique
1273 1332 1483 1398 solatii,
1524 1340 1683 1399 atque
1735 1326 2177 1396 amplissimorum

611 1430 975 1482 thesaurorum
999 1428 1187 1491 instar,
1205 1432 1438 1480 vestram
1465 1423 1740 1476 caritatem
1764 1431 1883 1471 esse
1900 1416 2174 1469 ducimus:

610 1534 674 1572 ac
703 1534 822 1572 cutn
843 1519 1066 1572 sincerae
1093 1525 1283 1571 Vestrae
1308 1511 1714 1576 benevolentiae,
1765 1508 2029 1576 animique
2053 1519 2178 1560 con-

611 1611 841 1676 stantizn,
868 1623 930 1662 ac
957 1608 1122 1661 firmae
1148 1604 1385 1660 caritatis
1411 1602 1660 1673 cogitatio
1690 1599 1842 1654 nobis
1867 1599 1921 1652 in
1947 1605 2178 1651 mentem

613 1701 758 1754 venit
783 1702 1087 1768 (numquam
1109 1705 1282 1752 autem
1297 1709 1404 1750 non
1426 1692 1609 1762 venit),
1639 1701 1905 1760 tamquam
1936 1688 1988 1742 in
2016 1687 2176 1740 latum

612 1790 892 1861 quemdam
918 1798 1074 1862 atque
1103 1787 1440 1860 tranquillum
1468 1794 1677 1851 portum
1709 1799 1772 1839 ex
1814 1781 1993 1837 multis
2037 1780 2179 1834 cala-

615 1886 880 1940 mitatibus
905 1883 1239 1953 appellitnus.

815 2019 953 2075 CXL
967 2019 1036 2074 γι
1045 2019 1070 2072 1
1081 2057 1093 2071 .
1108 2017 1388 2072 Anthemio.
1413 2015 1649 2087 (Cucuso
1665 2026 1807 2067 anno
1821 2010 1969 2080 405.)

652 2175 654 2177 ’
683 2155 784 2209 Alii
815 2154 908 2208 tibi
936 2153 1242 2208 consulatus
1267 2159 1426 2221 atque
1466 2149 1794 2219 praefectura:
1820 2147 2034 2201 nomine
2057 2160 2178 2214 gra-

615 2247 846 2300 tulantur
897 2246 1012 2318 (a):
1046 2259 1145 2315 ego
1188 2252 1364 2298 autem
1415 2240 1824 2312 magnificentiae
1870 2250 1974 2294 tua:
2024 2252 2184 2291 causa

613 2341 744 2410 ipsis
770 2352 979 2409 quoque
1002 2334 1401 2406 magistratibus
1427 2332 1768 2402 imperiisque
1795 2330 2051 2401 gratulor.
2081 2327 2185 2383 Ne-

610 2447 714 2501 que
737 2432 877 2485 enim
923 2438 975 2484 te
998 2435 1273 2492 ornarunt,
1328 2439 1512 2479 verum
1561 2425 1656 2478 abs
1709 2432 1761 2478 te
1805 2430 1992 2477 ornata
2035 2428 2180 2475 sunt.

607 2520 1046 2593 Quandoquidem
1076 2519 1236 2576 etiam
1261 2533 1322 2573 ea
1351 2517 1560 2571 virtutis
1588 2526 1771 2570 natura
1800 2525 1905 2581 est,
1933 2513 2170 2568 uthono-

611 2630 697 2669 res
740 2629 844 2667 non
887 2610 1097 2666 aliunde
1119 2618 1409 2675 mutuetur,
1442 2622 1626 2662 verum
1658 2607 1768 2676 ipsa
1819 2620 1913 2660 eos
1962 2607 2012 2659 in
2067 2618 2185 2659 sese

610 2702 993 2766 circumferat,
1077 2699 1326 2754 nimirum
1391 2698 1540 2752 hisce
1609 2696 1953 2766 dignitatibus
2011 2694 2185 2748 hono-

610 2809 723 2850 rem
773 2794 1012 2863 prmbens
1041 2833 1057 2860 ,
1107 2807 1212 2846 non
1264 2798 1440 2844 autem
1482 2789 1597 2858 ipsa
1636 2788 1705 2842 ab
1750 2787 1855 2842 illis
1900 2787 2185 2858 accipiens.

613 2885 792 2953 anue
813 2883 881 2938 de
906 2897 1063 2938 causa
1093 2896 1160 2936 ne
1180 2880 1347 2935 amori
1359 2878 1573 2950 quidem
1596 2893 1719 2948 erga
1749 2888 1799 2933 te
1824 2888 2010 2934 nostro
2034 2878 2187 2949 quid-

611 2989 768 3044 quam
800 2988 940 3028 nunc
969 2971 1323 3042 adiunximus.
1354 2970 1495 3025 Nihil
1517 2970 1659 3026 enim
1691 2970 1786 3025 tibi
1813 2971 2044 3042 amplius
2085 2985 2181 3026 ac-

610 3067 801 3131 cessit;
837 3080 935 3120 nec
961 3080 1056 3120 nos
1085 3063 1393 3135 praefectum
1416 3072 1577 3133 atque
1602 3061 1875 3118 consulem
1902 3077 2142 3117 amamus
2162 3102 2178 3130 ,

609 3159 703 3214 sed
719 3159 991 3213 dominum
1021 3172 1197 3213 meum
1223 3156 1596 3210 suavissimum
1641 3155 2009 3222 Anthemium,
2058 3170 2182 3211 cum

612 3261 800 3318 magna
824 3246 1124 3317 prudentia,
1155 3255 1263 3299 tum
1284 3245 1442 3300 etiam
1475 3244 1675 3315 ingenti
1726 3245 2065 3315 philosophia
2094 3261 2182 3302 re-

611 3337 823 3391 fertum.
865 3339 943 3391 Ac
976 3335 1195 3405 proinde
1221 3344 1272 3390 te
1313 3349 1525 3406 quoque
1549 3337 1762 3392 beatum
1790 3336 2140 3406 praedicamus
2163 3379 2180 3407 ,

611 3444 714 3483 non
735 3427 874 3498 quod
901 3427 968 3482 ad
997 3429 1100 3483 hoc
1122 3427 1313 3482 solium
1342 3437 1558 3483 evecms
1579 3428 1672 3495 sis,
1705 3427 1799 3483 sed
1820 3430 1942 3499 quia
1971 3430 2182 3485 uberio-

611 3536 722 3576 rem
753 3520 1046 3591 prudentiae
1070 3529 1172 3575 tuae
1199 3525 1356 3590 atque
1384 3519 1726 3576 humanitatis
1750 3519 2181 3576 demonstrandae

607 3613 883 3670 materiam
910 3613 1180 3684 accepisti.
1198 3615 1371 3683 Atque
1386 3611 1450 3667 iis
1471 3613 1741 3680 omnibus,
1760 3613 1950 3683 quibus
1989 3613 2181 3681 injuria

610 3703 688 3769 fit,
721 3705 1067 3775 gratulamur,
1100 3703 1261 3758 latum
1298 3702 1501 3758 scilicet
1520 3704 1711 3760 animat
1741 3712 1843 3759 tua
1867 3713 2078 3773 portum
2103 3704 2184 3757 in-

609 3805 836 3864 tuentes,
865 3797 952 3867 qui
979 3797 1147 3866 possit
1171 3796 1446 3852 innumera
1473 3795 1749 3868 naufragia
1783 3797 2073 3868 depellere,
2101 3805 2184 3851 at-

608 3903 712 3957 que
735 3888 983 3954 efficere,
1007 3897 1063 3942 ut
1083 3888 1138 3953 ii,
1187 3889 1276 3962 qui
1317 3888 1369 3943 in
1398 3888 1784 3944 atrocissimam
1816 3897 2184 3958 tempestatem

611 3981 932 4045 inciderunt,
964 3980 1206 4035 exanimi
1261 3980 1525 4035 sententia
1571 3981 1845 4050 navigent.
1896 3980 2183 4050 Propterea

609 4074 940 4129 exsultamus
967 4081 1022 4128 et
1044 4072 1224 4127 laetitia
1269 4072 1653 4137 dill‘undimur,
1701 4073 1982 4144 imperium
2032 4081 2181 4128 tuum

609 4180 890 4219 commune
917 4179 1127 4229 eorum,
1151 4164 1240 4234 qui
1266 4163 1458 4233 injuria
1484 4162 1789 4218 afficiuntur
1808 4202 1822 4228 ,
1843 4163 2034 4220 festum
2063 4178 2182 4220 esse

608 4255 992 4310 existimantes.
1022 4254 1138 4322 Quo
1162 4253 1322 4309 etiam
1353 4267 1494 4307 nunc
1513 4253 1613 4323 ipsi
1629 4251 1873 4320 fruimur,
1906 4263 1965 4308 ut
1989 4255 2078 4325 qui
2109 4270 2178 4310 ex

607 4347 857 4416 ,virtutum
890 4355 1095 4401 tuarum
1120 4343 1482 4416 magnitudine
1517 4345 1785 4416 propriam
1836 4346 1990 4401 nobis
2030 4347 2180 4402 volu-

609 4449 808 4510 ptatem
830 4440 1110 4512 fingamus.

679 4579 818 4637 CXL
829 4577 991 4634 VIII.
1013 4577 1243 4649 Cyriaco,
1267 4577 1535 4646 Demetrio,
1564 4577 1822 4644 Palladio,
1843 4576 2110 4649 Eulysio‘,

958 4670 1224 4740 episcopis.
1259 4669 1490 4742 (Cucuso
1516 4683 1657 4724 anno
1676 4668 1829 4739 405.)

680 4808 827 4865 Beati
853 4821 967 4876 vos,
997 4821 1060 4862 ac
1089 4815 1169 4862 ter
1186 4804 1348 4873 beati,
1379 4805 1679 4875 saepiusque
1713 4804 1892 4870 beati,
1948 4803 2018 4861 ob
2049 4819 2182 4875 prae-

687 4939 704 5001 !
739 4935 950 5001 febrim,
974 4932 1258 5001 huiusmodi
1269 4931 1562 5001 d_iﬂi{:ulta_t_e_.

687 5000 710 5030 ³
741 4999 863 5058 Reg.
905 4990 957 5044 et
998 4990 1183 5058 Fabric.
1218 4990 1415 5058 [inhisin
1449 4990 1730 5058 (Ιςζύλῑξςίῳ),
1754 4991 1929 5058 ethoc
1960 4995 2066 5039 erat
2097 5000 2183 5038 ve-

627 5071 736 5104 rum
761 5051 868 5113 ejus
889 5069 1084 5105 nomen.
1112 5051 1526 5119 Morel.,"Eclysio
1552 5051 1862 5114 (Ἑιίλυσίῳ).

673 5122 745 5184 (a)
781 5129 827 5170 tu
852 5122 981 5171 hunc
1000 5119 1158 5169 locum
1178 5121 1284 5170 haec
1300 5127 1438 5184 uetat
1453 5126 1885 5184 FrontoADucaeus:
1909 5119 2077 5184 Bittius
2098 5132 2182 5172 vo-

608 5180 734 5232 cmn'
755 5195 998 5248 grwcam,
1025 5185 1260 5251 ἡπααιης.
1289 5181 1588 5232 intellexerat
1609 5180 1673 5230 de
1695 5181 1934 5251 (inperio;
1963 5183 2049 5251 sed
2074 5195 2185 5251 cum

608 5243 844 5314 lenaee—31¢
871 5257 1002 5301 τόλμας
1021 5283 1032 5301 ,
1054 5243 1298 5314 petimus;
1333 5262 1402 5294 10v
1417 5255 1641 5314 Epanpr
1656 5282 1668 5300 ,
1682 5243 1753 5314 ‘81-!
1776 5244 2031 5314 praefectus
2055 5243 2179 5314 ειν-ὑπ,

607 5313 653 5375 et
669 5302 922 5376 pi'mfe'ctus
945 5303 1188 5370 praetoria,
1211 5302 1280 5355 sic
1302 5302 1592 5368 praefectura
1614 5302 1948 5377 urbaneapitd
1967 5303 2179 5378 Anteros.

610 5367 691 5417 lib.
713 5370 744 5418 3
767 5369 899 5418 nmc.
926 5384 971 5418 c.
994 5367 1059 5416 8:
1082 5375 1134 5416 et
1155 5364 1455 5418 praefectum
1476 5367 1674 5415 urbanae
1690 5363 2178 5418 subhmefasttmum.

613 5369 691 5417 lib.
713 5370 744 5418 3
767 5369 899 5432 offic.
926 5369 971 5418 c.
994 5369 1059 5416 8:
1082 5375 1134 5416 et
1155 5369 1455 5432 praefecturae
1476 5369 1674 5415 urbanae
1690 5369 1908 5436 sublime.-
1919 5369 2178 5436 fastigium.

613 5432 793 5492 ιπαηιιή
816 5440 982 5488 ίεουσία,
1015 5428 1232 5492 praefecti
1271 5433 1473 5492 potestas
1509 5428 1687 5492 dicitur
1701 5440 1740 5492 _a
1765 5426 2007 5492 tihtlmo
2027 5440 2078 5476 ιη
2099 5437 2177 5478 se-

610 5487 755 5560 rerff,
779 5487 824 5542 et
856 5493 933 5543 hic
1202 5487 1500 5560 Anthemium
1520 5491 1648 5560 erunt
1668 5487 1765 5538 sive
1787 5487 1914 5560 hiare
1940 5491 2009 5560 μά
2041 5502 2181 5560 φιφτη

611 5553 773 5622 scribit
999 5552 1094 5622 sise
1116 5552 1266 5622 etiam
1287 5552 1433 5622 fuisse
1445 5552 1741 5622 Ρτωῐεειευη.
1754 5562 1823 5622 Pr!

613 5626 675 5663 ex
695 5617 794 5676 teqe
817 5616 877 5664 14
897 5615 983 5664 tib.
1011 5615 1086 5673 i2,
1111 5614 1181 5664 tit.
1208 5614 1269 5664 12
1291 5613 1480 5663 codicis
1517 5613 1824 5663 Theodosium
1850 5620 1972 5675 Imp.
2000 5621 2176 5663 Honor.

611 5683 658 5726 et
699 5668 917 5728 Maedos.
945 5678 1052 5729 Fuit
1090 5676 1234 5728 etiam
1272 5675 1434 5727 conm
1475 5687 1585 5726 cum
1621 5672 1838 5725 stiticone
1881 5686 2005 5726 arma
2038 5674 2176 5727 Chri-

611 5738 798 5790 αεωδ.

1513 5551 1738 5611 (erectan
1754 5550 1980 5611 praztorio
2001 5550 2181 5602 constat

1364 320 1417 378 S.
1461 315 1734 376 JOANNIS
1766 316 2240 378 CHRYSOSTOMI
2278 316 2588 375 ARClllEP.
2630 317 3153 377 CONSTANTINOP.

3765 325 3870 383 τοο

2290 430 2463 488 claros
2489 434 2585 491 hos
2609 438 2850 503 sudores,
2875 446 3186 511 certamina,
3206 455 3259 502 et
3273 463 3557 519 aerumnas,
3579 468 3641 510 ac
3657 455 3870 515 labores

2289 531 2343 575 et
2369 524 2630 592 pericula,
2662 542 2780 597 quae
2808 546 2904 599 pro
2941 536 3186 592 omnibus
3213 540 3357 596 orbis
3400 551 3556 600 terra:
3613 546 3872 606 Ecclesiis

2290 614 2545 681 subiistis,
2581 616 2808 689 hincque
2835 629 2944 677 tum
2970 625 3023 679 in
3050 634 3214 694 terra,
3249 640 3358 687 tum
3385 633 3436 688 in
3465 636 3614 692 caelis
3638 639 3869 707 gloriam

2289 713 2343 760 et
2362 706 2700 788 splendorem
2741 719 3053 784 consequuti
3098 720 3247 776 estis.
3304 720 3578 792 Siquidem
3619 706 3872 788 homines

2291 811 2495 865 omnes,
2524 799 2610 868 qui
2629 803 2822 857 mentis
2838 815 3111 874 compotes
3131 819 3273 877 sunt,
3303 827 3401 868 vos
3435 816 3749 886 praedicant,
3807 835 3874 876 ac

2290 888 2504 978 coronis
2526 899 2736 958 ornant,
2767 895 2926 948 animi
2950 901 3112 953 vestri
3140 901 3323 968 robur,
3355 904 3745 978 fortitudinem,
3781 919 3869 968 to-

2293 975 2590 1042 lerantiam,
2614 988 2775 1050 atque
2799 988 3170 1055 constantiam,
3194 992 3261 1046 ad
3277 1002 3548 1064 stuporem
3581 975 3750 1071 usque
3776 1009 3872 1056 mi-

2291 1077 2492 1164 rantes.
2520 1070 2788 1164 Benigntts
2813 1084 2992 1132 autem
3038 1078 3196 1146 Deus,
3245 1086 3336 1153 qui
3377 1070 3670 1146 laboribus
3704 1092 3864 1164 longe

2286 1159 2541 1253 ampliora
2574 1163 2787 1253 praemia
2810 1179 3020 1236 semper
3041 1171 3337 1241 constituit,
3374 1185 3450 1232 tot
3476 1187 3729 1253 tantaque
3754 1159 3856 1240 bo-

2285 1260 2351 1298 na
2381 1246 2529 1302 vobis
2548 1251 2821 1346 rependet,
2850 1265 2979 1326 quot
3003 1270 3309 1330 quantaque
3329 1267 3393 1322 iis
3422 1282 3452 1322 a
3480 1270 3593 1327 Deo
3639 1246 3870 1346 rependi

2290 1351 2385 1406 par
2408 1349 2510 1404 est,
2531 1343 2620 1411 qui
2646 1359 2743 1412 pro
2768 1348 2998 1406 universi
3029 1353 3174 1410 orbis
3194 1371 3324 1426 pace
3337 1367 3443 1415 tam
3465 1372 3686 1422 strenue
3705 1343 3868 1424 dimi-

2288 1441 2430 1521 cant.
2455 1430 2578 1488 Ideo
2606 1451 2704 1491 nos
2730 1453 2940 1510 quoque
2961 1442 3146 1502 beatos
3167 1463 3262 1505 vos
3293 1455 3587 1521 praedicam
3631 1474 3741 1515 non
3767 1461 3866 1518 de-

2287 1520 2529 1586 sinimus,
2557 1526 2878 1596 voluptatem
2909 1547 2975 1588 ex
3001 1538 3160 1592 vestri
3188 1520 3561 1602 recordatione
3608 1560 3870 1621 perpetuo

2287 1619 2576 1688 capientes,
2608 1637 2827 1693 vosque,
2851 1627 3058 1683 etiamsi
3083 1629 3278 1702 alioqui
3321 1635 3482 1708 longo
3527 1619 3734 1698 itineris
3787 1644 3872 1700 in-

2289 1711 2514 1766 tervallo
2537 1727 2566 1766 a
2597 1713 2746 1768 vobis
2775 1715 3026 1787 disjuncti
3056 1721 3242 1790 simus,
3264 1726 3445 1783 animo
3473 1729 3864 1790 circumferen-

2286 1809 2386 1856 tes.
2417 1803 2493 1856 Ac
2519 1803 2768 1874 Cyriacus
2793 1807 3004 1877 quidem
3026 1814 3498 1874 reverendissfmus
3523 1821 3780 1881 diaconus
3794 1826 3871 1898 (a)

2287 1909 2426 1948 nunc
2452 1897 2701 1967 navigare
2729 1913 2832 1953 non
2869 1904 3056 1971 potuit,
3088 1907 3230 1975 quod
3261 1909 3427 1966 multo
3474 1912 3658 1972 labore
3683 1897 3874 1974 confe-

2290 1994 2406 2079 ctus
2421 1996 2580 2079 esset.
2604 1988 2675 2043 At
2719 2004 2846 2045 vero
2893 1992 3093 2073 domini
3130 1999 3234 2054 mei
3270 2000 3700 2071 religiosissimus
3740 2024 3870 2079 pre—

2289 2074 2470 2146 shyter
2488 2075 2740 2168 Joannes,
2763 2090 2816 2136 et
2844 2085 3321 2145 reverendissimus
3354 2091 3608 2151 diaconus
3628 2074 3824 2155 Paulus
3848 2141 3868 2168 ,

2291 2179 2412 2220 cum
2439 2167 2670 2238 undique
2696 2182 3033 2242 vexarentur,
3067 2193 3166 2234 nec
3193 2195 3413 2252 usquam
3452 2187 3781 2244 consistendi
3808 2167 3872 2246 ac

2291 2257 2631 2314 delitescendi
2654 2271 2888 2330 potestas
2909 2275 3083 2334 esset,
3136 2274 3491 2330 necessarium
3542 2293 3664 2334 esse
3711 2289 3868 2349 puta-

2290 2357 2430 2414 runt,
2460 2359 2518 2405 ut
2540 2352 2605 2406 ad
2622 2355 2897 2412 caritatem
2923 2367 3154 2416 vestram
3204 2377 3324 2420 sese
3353 2368 3684 2436 conferrent,
3719 2373 3870 2430 istic—

2288 2457 2391 2511 que
2414 2443 2688 2499 vobiscum
2719 2455 2915 2502 essent.
2948 2449 3306 2518 Quamobrem
3338 2458 3483 2529 ipsos
3503 2475 3625 2516 cum
3645 2466 3868 2522 caritate

2289 2535 2536 2679 exii-ﬂe,
2562 2550 2807 2609 eamque,
2839 2555 2997 2612 quam
3025 2559 3121 2614 par
3134 2555 3235 2612 est,
3264 2548 3688 2610 benevolentiam
3741 2558 3872 2628 ipsis

2289 2637 2355 2677 cx
2398 2640 2411 2678 I
2485 2632 2557 2679 te.

2289 2632 2557 2680 exhibete.

2360 2760 2605 2818 CXLIX.
2628 2765 2830 2820 Aurelio
2844 2767 3162 2841 Carthaginis
3172 2775 3424 2846 epist-apo.
3441 2777 3622 2847 (Anno
3644 2780 3796 2852 406.)

2361 2901 2536 2972 Papae,
2555 2913 2750 2974 quanta
2775 2920 2864 2961 res
2885 2915 2969 2963 est
2991 2922 3282 2978 generosus
3315 2914 3545 2981 animus,
3576 2924 3740 2986 atque
3780 2932 3869 2973 ea-

2288 2991 2460 3048 ritatis
2487 3007 2552 3047 ac
2579 2993 2786 3054 pietatis
2817 2995 3073 3054 fructibus
3117 3001 3393 3058 abundans
3441 3022 3455 3058 :
3499 3005 3700 3077 quippe
3744 3021 3869 3063 cunt

2289 3083 2403 3152 ipse
2419 3092 2565 3141 tanto
2592 3086 2795 3142 itineris
2815 3086 3097 3169 intervallo
3115 3105 3144 3145 a
3164 3093 3317 3149 nobis
3336 3094 3580 3162 dissitus,
3600 3106 3871 3169 tamquam

2287 3189 2526 3244 praesens
2572 3191 2635 3232 ac
2664 3177 2938 3234 nobiscum
2969 3180 3189 3250 degens,
3235 3199 3333 3240 nos
3361 3189 3572 3256 ceperis
3595 3230 3610 3255 ,
3671 3190 3872 3259 tibique

2287 3265 2608 3324 devinxeris.
2635 3269 2909 3340 Siquidem
2930 3274 3168 3330 caritatis
3197 3283 3300 3330 tuae
3325 3277 3507 3342 ardor,
3540 3293 3711 3349 eaque
3733 3280 3869 3335 odo-

2286 3363 2362 3418 ris
2391 3362 2642 3426 suavitas,
2663 3379 2781 3434 qua:
2802 3379 2866 3418 ex
2890 3373 2976 3419 tua
3004 3366 3254 3436 loquendi
3308 3367 3554 3425 libertate
3583 3385 3647 3425 ac
3674 3372 3872 3441 pietate

2286 3465 2487 3519 manat,
2515 3455 2581 3509 ad
2621 3469 2719 3511 nos
2747 3470 2933 3525 usque,
2973 3459 3064 3527 qui
3103 3457 3154 3512 iu
3185 3468 3424 3514 extremo
3464 3461 3613 3515 orbis
3651 3478 3868 3518 recessu

2285 3548 2532 3602 collocati
2563 3562 2770 3614 sumus,
2797 3549 3117 3617 penetravit.
3141 3549 3426 3620 Propterea
3473 3554 3718 3624 ingentes
3777 3557 3872 3610 tibi

2285 3641 2482 3709 gratias
2506 3641 2745 3711 agimus;
2777 3648 3076 3710 propterea,
3104 3642 3340 3714 inquam,
3361 3653 3415 3699 te
3441 3645 3652 3700 beatum
3680 3647 3873 3717 pra-di-

2288 3749 2488 3801 camus,
2518 3735 2658 3804 quod
2687 3750 2806 3790 cum
2832 3751 3078 3807 magnum
3107 3739 3341 3795 laborem
3390 3756 3450 3796 ac
3491 3743 3742 3798 sudorem
3776 3761 3872 3814 pro

2287 3826 2535 3882 omnibus
2561 3827 2707 3883 orbis
2749 3836 2906 3883 terrae
2950 3829 3204 3886 Ecelesiis
3242 3834 3561 3904 susceperis,
3609 3839 3873 3892 maximas

2290 3918 2385 3973 tibi
2414 3918 2551 3988 apud
2582 3918 2868 3989 benignum
2889 3920 3055 3975 Deum
3080 3937 3307 3978 coronas
3347 3926 3650 3981 condidisu.
3688 3929 3873 3999 Teque

2289 4011 2584 4078 hortamur,
2614 4021 2670 4065 ιιι
2694 4014 2744 4067 in
2770 4012 2870 4067 hoc
2903 4015 3160 4083 praeclaro
3186 4017 3479 4073 certamine
3506 4034 3825 4089 perseveres
3855 4041 3869 4072 :

2287 4116 2460 4172 neque
2479 4102 2620 4157 enim
2654 4111 2708 4158 te
2736 4101 2886 4174 fugit,
2918 4119 3160 4174 quaenam
3193 4106 3319 4161 hinc
3360 4109 3573 4177 praemia
3604 4111 3870 4166 oriantur.

2286 4195 2417 4250 Nam
2447 4195 2492 4250 si
2518 4195 2778 4265 quispiam
2805 4210 2970 4249 unum
2999 4196 3232 4266 aliquem
3281 4198 3471 4268 injuria
3519 4199 3773 4256 affectum
3810 4219 3876 4258 ac

2288 4295 2480 4356 praeter
2500 4285 2586 4354 jus
2603 4285 2786 4339 laesum
2806 4286 3108 4353 sublevans,
3136 4287 3435 4344 mercedem
3453 4286 3872 4348 inenarrabiletn

2287 4394 2317 4431 a
2347 4377 2455 4432 Deo
2485 4376 2688 4431 obtinet
2714 4393 2728 4428 :
2759 4376 2960 4446 cogites
2986 4377 3435 4449 velim,quantum
3460 4380 3871 4451 ipseprarminm

2288 4477 2603 4538 accepturus
2629 4468 2723 4535 sis,
2754 4470 2842 4539 qui
2890 4477 2969 4524 tot
3017 4468 3284 4526 Ecclesias
3336 4473 3712 4541 perturbalas,
3775 4492 3873 4546 per

2288 4560 2555 4631 egregium
2584 4559 2884 4630 hujusmodi
2905 4560 3161 4629 studium,
3187 4563 3498 4620 tumultibus
3547 4579 3612 4619 ac
3658 4575 3878 4636 pertur-

2289 4651 2500 4707 batione
2520 4651 2745 4720 liberes,
2779 4661 2937 4724 atque
2983 4652 3037 4707 in
3086 4654 3430 4724 tranquillum
3461 4655 3607 4724 pacis
3649 4665 3875 4727 portum

2288 4743 2555 4814 appellere
2575 4744 2808 4800 studeas.

2567 4878 2674 4934 CL.
2695 4878 2923 4933 Maximo
2943 4878 3194 4950 episcopo.
3224 4879 3242 4950 (
3265 4879 3584 4952 Αηηοιοϐ.)

2357 5016 2489 5073 Cum
2520 5016 2729 5071 labores
2753 5029 2846 5070 eos
2859 5030 2922 5071 ac
2937 5015 3180 5083 sudores,
3203 5030 3338 5087 quos
3355 5016 3606 5072 diuturno
3625 5027 3872 5088 tempore

2287 5113 2544 5178 subiistis,
2573 5111 2751 5165 animo
2775 5107 3127 5178 contemplor,
3158 5123 3264 5162 non
3286 5108 3579 5178 vulgarem,
3629 5109 3727 5164 sed
3754 5127 3865 5165 am-

2289 5205 2583 5275 plissimam
2608 5201 2891 5272 quamdam
2937 5201 3250 5270 injuriarum
3277 5214 3462 5254 earum
3484 5241 3498 5265 ,
3526 5199 3724 5271 quibus
3769 5217 3869 5271 per

2286 5312 2554 5355 summum
2584 5297 2758 5351 scelus
2804 5295 3026 5351 aﬂ‘ectus
3044 5309 3182 5359 sum,
3226 5291 3646 5349 consolationem
3687 5296 3871 5364 capio,

2285 5397 2517 5443 vestram
2545 5386 2794 5440 nimirum
2817 5399 2983 5455 usque
3011 5383 3145 5440 adeo
3159 5383 3436 5439 ardentem
3468 5397 3531 5439 ac
3554 5398 3873 5455 germanam

2284 5481 2581 5542 caritatem,
2605 5479 2864 5532 sinceram
2891 5489 3096 5539 curam,
3126 5475 3548 5545 acerrimamque
3577 5475 3630 5530 in
3659 5476 3725 5530 iis
3753 5491 3871 5528 ma-

2347 5613 2420 5681 (a)
2436 5611 2720 5681 _Sic_legunt
2739 5611 2927 5681 Coislin:
2945 5618 3009 5681 et
3037 5609 3262 5681 Savilius,
3287 5611 3521 5681 panaque
3555 5619 3681 5681 Inito
3699 5622 3872 5662 veram

2284 5673 2411 5730 ess'e'
2436 5673 2699 5726 lectionem
2722 5689 2734 5726 :
2762 5688 2871 5726 nam
2911 5675 2988 5726 hic
3016 5674 3236 5738 Cyriacus
3271 5673 3500 5725 diaconus
3522 5673 3640 5725 alibi
3662 5685 3871 5738 quoque

2286 5745 2596 5794 memoratur.
