4076 6426
236 376 343 435 699

230 492 326 545 καὶ
361 488 522 559 ἀέρος
567 484 867 558 δυσκρασία
899 480 1013 554 (τοῦ
1051 477 1266 552 κρυμοῦ
1311 477 1417 546 γὰρ
1456 475 1556 527 οὐκ
1592 471 1812 525 ἔλαττον

231 593 379 664 ἡμᾶς
403 607 464 645 το
489 590 646 661 Θέρος
679 590 859 656 λυπεῖ,
879 584 1211 646 ἀπεναντίας
1233 579 1328 634 τοῦ
1365 575 1577 649 κρυμοῦ
1612 573 1812 646 μιμού-

232 714 394 770 μενον
433 713 535 766 την
583 689 974 763 σφοδρότητα),
1016 689 1112 743 καὶ
1145 683 1430 755 πολιορκία
1469 679 1676 752 χαλεπὴ
1719 677 1814 730 καὶ

228 798 508 869 διηνεκὴς,
546 794 654 848 ’καὶ
710 794 954 863 συνεχεῖς
996 789 1091 844 καὶ
1144 786 1435 856 ἐπάλληλοι
1487 782 1641 852 φόϐοι
1703 780 1812 834 τῶν

241 898 558 970 Ἰσαυρικῶν
589 895 792 965 ἐφόδων
817 910 832 926 ο
858 892 1063 946 τούτων
1088 890 1266 944 τοίνυν
1290 889 1385 942 καὶ
1417 886 1616 957 ἐτέρων
1645 884 1805 937 πλειό

228 1021 336 1058 νων
363 1003 535 1055 ὅντων
566 1001 673 1054 τῶν
707 997 1132 1068 διαφθειρόντων
1156 995 1256 1065 τὴν
1289 993 1454 1065 ῥῶσιν
1482 992 1613 1061 ἡμῖν
1631 1030 1645 1054 ,
1675 989 1813 1050 τέως

228 1107 322 1162 τοῦ
340 1108 439 1178 μὲν
455 1107 700 1160 κινδύνου
724 1103 818 1157 τοῦ
849 1101 1110 1173 χαλεποῦ,
1131 1099 1339 1168 καὶτῆς
1354 1095 1606 1165 τοιαύτης
1636 1093 1814 1163 ἀπηλ-

229 1207 484 1280 λάγμεθει
503 1207 816 1280 ἀρῤωστίας
838 1218 887 1270 α,
910 1203 1225 1274 ὑγιαίνομεν
1242 1202 1298 1254 δέ
1318 1217 1440 1253 τινα
1458 1199 1645 1265 ὑγείαν
1673 1197 1812 1267 σύμ-

234 1329 454 1385 μετρον.
499 1309 586 1381 Μὴ
619 1310 683 1381 δὴ
734 1309 1017 1377 διαλίπητε
1067 1309 1161 1361 καὶ
1203 1306 1356 1359 αὐτοὶ
1400 1302 1634 1373 συνεχῶς
1679 1303 1812 1373 ἡμῖν

230 1414 658 1477 ἐπιστέλλοντες,
687 1413 780 1467 καὶ
808 1411 876 1465 τά
897 1412 1026 1482 περὶ
1056 1412 1155 1480 τῆς
1182 1410 1368 1478 ὑγείας
1409 1407 1512 1477 τῆς
1540 1404 1812 1476 ὑμετέρας

232 1519 734 1589 εὐαγγελιζόμενοι.
772 1517 878 1568 Καὶ
909 1516 1014 1586 γάρ
1035 1515 1381 1585 παράκλησιν
1411 1511 1694 1582 μεγίστην,
1721 1508 1815 1562 καί⁵

232 1621 612 1695 παραμυθίαν,
642 1620 735 1673 καὶ
768 1618 1040 1689 θησαυρὸν
1075 1615 1283 1670 πολλῶν
1307 1615 1544 1686 γέμοντα
1569 1612 1810 1681 ἀγαθῶν,

229 1729 332 1801 τὴν
363 1725 636 1797 ὑμετέραν
658 1723 880 1793 ἀγάπην
909 1717 1049 1776 εἶναι
1082 1721 1375 1792 νομίζομεν
1396 1735 1410 1750 ·
1439 1718 1532 1771 καὶ
1558 1717 1684 1770 ὅταν
1715 1716 1813 1786 τὴν

232 1831 475 1888 διάθεσιν
503 1825 658 1899 ὑμῶν
683 1827 780 1897 τὴν
811 1826 1038 1896 γνησίαν
1054 1865 1068 1891 ,
1093 1826 1188 1878 καὶ
1205 1823 1268 1877 τδ
1293 1821 1692 1893 ἀπερίτρεπτον
1716 1817 1814 1888 τῆς

234 1935 464 2006 γνώμης
481 1972 496 1999 ,
533 1931 627 1987 καὶ
646 1931 746 2001 τὴν
770 1929 965 1997 ἀκλινῆ
993 1930 1087 1982 καὶ
1108 1927 1345 1999 στεῤῥάν
1378 1924 1529 1996 ὑμῶν
1553 1924 1817 1993 ἐννοήσω-

237 2055 340 2109 μεν
404 2036 628 2105 ἀγάπην
682 2033 790 2104 (ἀεὶ
839 2033 896 2086 δέ
947 2031 1116 2102 αὐτὴν
1175 2030 1484 2092 ἐννοοῦντες
1541 2025 1690 2099 [686]
1753 2027 1813 2078 οὐ

234 2142 571 2212 παυόμεθα),
614 2140 808 2213 ὥσπερ
848 2140 927 2202 είς
962 2154 1084 2192 τινα
1115 2137 1309 2208 λιμένα
1348 2137 1513 2206 εὐρὺν
1553 2135 1650 2188 καὶ
1691 2132 1820 2187 ἀκύο

240 2265 441 2322 μαντον
462 2248 570 2302 ἀπὸ
591 2247 697 2300 τῶν
717 2245 927 2298 πολλῶν
953 2242 1331 2312 καταπλέομεν
1363 2240 1614 2309 θλίψεων.

770 2358 956 2410 ΡΜΖ’.
1001 2354 1301 2422 Ἀνθεμίῳ.

306 2475 494 2530 Ἄλλοι
527 2472 626 2545 μέν
661 2489 755 2525 σου
776 2474 841 2542 τῇ
871 2469 1264 2538 θαυμασιότητι
1297 2467 1390 2520 καὶ
1418 2465 1520 2535 τῆς
1554 2464 1818 2527 ὑπατείας

236 2581 330 2635 καὶ
376 2579 478 2649 τῆς
532 2576 901 2647 ἐπαρχότητος
963 2572 1326 2642 συνήδονται·
1369 2568 1479 2635 ἐγὼ
1520 2569 1576 2622 δὲ
1628 2568 1817 2630 αὐταῖς

232 2689 356 2750 ταῖς
382 2685 581 2756 ἀρχαῖς
599 2681 698 2752 τῆς
727 2679 826 2750 σῆς
853 2679 1038 2731 ἕνεκεν
1068 2676 1565 2747 μεγαλοπρεπείας.
1598 2674 1672 2728 Οὐ
1711 2673 1818 2743 γὰρ

238 2792 300 2845 σὲ
354 2787 808 2858 κατεκόσμησαν,
877 2781 991 2835 ἀλλ’
1053 2779 1436 2850 ἐκοσμήθησαν
1490 2776 1642 2847 παρὰ
1700 2775 1814 2828 σοῦ.

246 2893 466 2961 Ἐπειδὴ
493 2892 586 2945 καὶ
611 2889 850 2943 τοιοῦτον
873 2889 906 2957 ἡ
929 2887 1096 2958 ἀρετή
1124 2899 1136 2913 ⁶
1164 2885 1263 2937 οὐκ
1286 2883 1483 2948 ἔξωθεν
1506 2880 1814 2946 δανείζεται

233 3000 334 3062 τάς
376 2996 564 3066 τιμὰς,
609 2993 722 3048 ἀλλ’
760 2993 901 3062 αὑτὴ
948 2994 1005 3045 ἐν
1053 2993 1220 3060 ἐαυτῇ
1260 2989 1548 3058 περιφέρει
1592 2986 1815 3049 ταύτας,

232 3102 401 3173 τιμὴν
426 3102 536 3163 τοῖς
582 3097 853 3168 ἀξιώμασι
894 3095 1105 3158 τούτοις
1147 3096 1502 3166 παρέχουσα,
1544 3093 1644 3144 οὐκ
1679 3092 1815 3162 αὐτὴ

233 3207 366 3278 παρ’
394 3203 616 3258 ἐκείνων
642 3199 1017 3272 λαμϐάνουσα.
1052 3199 1152 3252 Διά
1184 3199 1249 3269 δὴ
1298 3197 1453 3251 τοῦτο
1490 3195 1611 3249 οὐδέ
1647 3210 1817 3266 προσ-

231 3312 513 3381 εθήκαμεν
545 3305 622 3375 τῷ
658 3305 866 3375 φίλτρῳ
898 3301 992 3358 νῦν
1015 3301 1094 3372 τῷ
1125 3303 1254 3373 περὶ
1287 3301 1368 3355 σέ.
1400 3300 1562 3356 Οὐδὲν
1598 3297 1708 3368 γάρ
1738 3315 1818 3351 σοι

232 3410 572 3487 προσγέγονε
610 3407 771 3462 πλέον
813 3423 825 3436 ·
874 3405 994 3459 οὐδὲ
1041 3407 1134 3459 τὸν
1186 3405 1428 3476 ὕπαρχον
1474 3406 1568 3459 καὶ
1617 3403 1819 3458 ὕπατον

233 3519 398 3589 ἡμεῖς
426 3512 687 3583 φιλοῦμεν
707 3552 722 3579 ,
750 3511 887 3566 ἀλλά
911 3510 1000 3563 τὸν
1029 3510 1297 3580 δεσπότην
1335 3528 1435 3580 μου
1473 3510 1564 3565 τὸν
1604 3509 1821 3582 ήμερώυ

231 3637 397 3674 τατον
444 3615 742 3684 Ἀνθέμιον,
776 3615 867 3667 τὸν
897 3613 1097 3683 πολλῆς
1133 3614 1228 3684 μὲν
1265 3613 1530 3678 συνέσεως
1553 3653 1568 3678 ,
1618 3613 1819 3682 πολλῆς

231 3726 292 3779 δὲ
320 3725 559 3794 γέμοντα
582 3720 921 3792 φιλοσοφίας.
951 3719 1042 3771 Διό
1066 3734 1125 3770 σε
1149 3719 1242 3770 καί
1275 3719 1648 3790 μακαρίζομεν
1671 3761 1686 3787 ,
1719 3721 1817 3772 οὐκ

233 3827 426 3898 ἐπειδὴ
449 3827 584 3898 πρὸς
628 3824 719 3878 τὸν
756 3823 944 3894 θρόνον
982 3821 1184 3892 ἀνέϐης
1217 3822 1407 3876 τοῦτον
1429 3863 1443 3889 ,
1479 3823 1593 3876 ἀλλ’
1632 3825 1816 3894 ἐπειδὴ

232 3931 631 4001 δαψιλεστέραν
675 3925 864 3990 ἔλαϐες
902 3925 1034 3996 ὓλην
1063 3965 1078 3991 ,
1119 3927 1199 3987 εἰς
1239 3925 1301 3976 τὸ
1328 3925 1428 3996 τὴν
1463 3926 1676 3980 σύνεσίν
1722 3943 1816 3978 σου

234 4039 332 4092 καὶ
367 4039 464 4108 τὴν
513 4034 924 4105 φιλανθρωπίαν
967 4031 1360 4096 ἐπιδείξασθαι.
1401 4033 1511 4086 Καὶ
1559 4037 1672 4097 τοῖς
1702 4033 1816 4086 ἀδι-

234 4139 527 4209 κουμένοις
554 4137 688 4189 πᾶσι
716 4134 1054 4204 συνηδόμεθα
1079 4173 1094 4199 ,
1123 4133 1216 4187 τὸν
1253 4135 1459 4188 πλατύν
1491 4153 1585 4188 σου
1623 4136 1817 4205 λιμένα

231 4243 334 4314 τῆς
362 4241 542 4312 ψυχῆς
564 4238 819 4310 ὁρῶντες,
852 4238 1022 4309 μυρία
1053 4238 1351 4308 δυνάμενον
1374 4238 1532 4292 λῦσαι
1559 4240 1814 4308 ναυάγια,

233 4345 332 4398 καὶ
357 4343 482 4404 τοὺς
515 4342 596 4403 είς
619 4338 844 4409 ἔσχατον
865 4339 1157 4394 κλυδωνίου
1182 4342 1603 4412 κατενεχθέντας
1636 4361 1816 4413 παρα⁸

235 4445 503 4499 σκευάσαι
525 4444 775 4515 ἐξουρίας
813 4443 987 4497 πλεῖν.
1039 4445 1137 4498 Διά
1164 4445 1336 4499 ταῦτα
1368 4448 1698 4519 σκιρτῶμεν,
1730 4449 1819 4502 διά

231 4551 408 4604 ταῦτα
447 4549 713 4618 χαίρομεν
739 4586 754 4612 ,
799 4547 896 4618 τὴν
928 4549 1027 4618 σὴν
1054 4549 1230 4620 ἀρχὴν
1257 4553 1441 4621 κοινὴν
1483 4553 1678 4625 ἑορτὴν
1707 4554 1816 4608 τῶν

233 4655 697 4728 ἐπηρεαζομένων
737 4649 876 4707 εἶναι
905 4655 1239 4725 νομίζοντες.
1273 4652 1383 4722 *Ης
1412 4661 1505 4712 καὶ
1536 4660 1690 4714 αὐτοὶ
1722 4657 1816 4711 νῦν

231 4761 605 4832 ἀπολαύομεν,
638 4759 843 4812 οἰκείαν
875 4760 1065 4832 ἡδονὴν
1096 4756 1236 4815 εἶναι
1271 4762 1543 4834 τιθέμενοι
1567 4765 1675 4818 τῶν
1707 4764 1815 4818 σῶν

234 4865 676 4937 κατορθωμάτων
709 4862 770 4914 τὸ
807 4864 1053 4932 μέγεθος.

232 4977 427 5030 1¹ΜΗ’.
457 4972 751 5042 Κυριακῷ,
781 4975 1105 5044 Δημητρίῳ,
1139 4979 1478 5047 Παλλαδίῳ,
1508 4982 1813 5048 Εὐλυσίῳ,

816 5066 1191 5133 ἐπισκόποις.

305 5180 583 5252 Μακάριοι
623 5184 718 5236 καὶ
752 5184 1178 5254 τρισμακάριοι,
1229 5185 1324 5235 καὶ
1358 5183 1615 5248 πολλάκις
1658 5185 1815 5239 τοῦτο

233 5282 394 5353 ὑμεῖς
416 5284 524 5337 τῶν
554 5285 733 5339 καλῶν
771 5286 976 5339 τούτων
1015 5287 1253 5357 ἱδρώτων
1283 5289 1376 5341 καὶ
1409 5287 1638 5356 ἀγώνων
1659 5330 1673 5355 ,
1707 5289 1815 5342 τῶν

236 5387 475 5459 μόχθων,
498 5392 592 5443 καὶ
627 5391 803 5445 πόνων
829 5431 841 5457 ,
874 5393 968 5445 καὶ
989 5393 1099 5446 τῶν
1125 5394 1408 5460 κινδύνων,
1429 5394 1521 5457 οὓς
1550 5395 1689 5466 ὑπὲρ
1709 5395 1816 5451 τῶν

247 5490 585 5563 Ἐκκλησιών
605 5497 711 5549 τῶν
738 5498 880 5551 κατά
909 5497 1008 5566 τὴν
1034 5499 1356 5570 οἰκουμένην
1382 5501 1653 5572 κειμένων
1683 5503 1816 5557 ὑπο-

236 5598 605 5669 μεμενήκιεε,
633 5601 875 5674 λαμπροὶ
901 5603 999 5671 μὲν
1017 5605 1073 5656 ἐν
1106 5607 1197 5677 γῇ,
1218 5605 1463 5678 λαμπροί
1493 5609 1549 5662 δέ
1577 5610 1632 5665 ἐν
1653 5609 1815 5680 οὐραι·⁸

300 5732 330 5764 ⁸
356 5732 544 5784 Fabric.
567 5735 901 5799 ἀπηλλάγμεθα
920 5739 1133 5802 ἀπορίας.

1685 347 2074 409 EPISTOLAS.

3402 340 3505 395 700

1922 471 2032 532 νοῖς
2051 467 2139 521 διὰ
2168 464 2376 519 τούτων
2406 460 2707 530 γενόμενοι.
2741 456 2846 511 Καὶ
2867 456 2977 528 γὰρ
3005 455 3283 524 ἀνθρωττοι
3308 453 3508 515 πάντες

1919 577 1969 628 οἰ
2000 572 2124 627 νοῦν
2148 571 2363 643 ἔχοντες
2385 565 2855 638 ἀνακηρύττουσιν
2885 564 3052 634 ὑμᾶς,
3087 561 3182 616 καὶ
3215 559 3508 630 στεφανοῦ-

1923 695 2027 741 σιν,
2065 671 2492 743 ἐκπληττόμενοι
2513 669 2614 740 τὴν
2634 667 2880 721 εὐτονίαν
2906 664 3084 736 ὑμῶν,
3111 664 3211 734 τὴν
3233 661 3509 732 ἀνδρείαν,

1921 783 2017 854 τὴν
2051 779 2368 852 καρτερίαν,
2405 776 2505 844 τὴν
2536 771 2918 842 προσεδρείαν.
2951 769 3022 821 ’Ὁ
3042 785 3102 822 τε
3128 766 3514 838 φιλάνθρωπος

1921 888 2053 951 Θεὸς
2077 930 2092 952 ,
2121 887 2150 939 ὁ
2185 882 2437 954 μείζονας
2467 883 2532 934 ἐκ
2561 877 2757 933 πολλοῦ
2792 875 2885 930 τοῦ
2914 875 3196 947 περιόντος
3223 871 3391 934 τιθεὶς
3427 872 3515 925 ἀεὶ

1921 991 2031 1046 τῶν
2053 990 2231 1044 πόνων
2252 989 2352 1052 τὰς
2373 984 2628 1058 ἀμοιϐάς,
2649 981 2924 1044 τοσούτοις
2943 979 3240 1050 ἀμείψεται
3263 977 3513 1044 ἀγαθοῖς,

1923 1098 2068 1159 ὅσοις
2099 1094 2424 1168 ἀμείϐεσθαι
2469 1090 2590 1161 Θεῷ
2643 1089 2854 1161 πρέπον
2896 1089 3023 1150 τούς
3067 1085 3210 1139 οὕτω
3248 1083 3515 1152 γενναίως

1924 1199 2362 1270 ἀγωνιζομένους
2381 1197 2520 1268 ὑπὲρ
2535 1199 2634 1267 τῆς
2658 1195 2798 1249 κατά
2814 1193 2914 1264 τὴν
2941 1191 3271 1262 οἰκουμένην
3295 1190 3516 1244 ἀπασαν

1926 1309 2167 1380 εἰρήνης.
2209 1305 2310 1359 Διά
2347 1303 2503 1358 τοῦτο
2543 1302 2636 1356 καὶ
2676 1302 2839 1373 ἡμεῖς
2864 1301 2927 1353 οὐ
2963 1297 3248 1368 παυόμεθα
3277 1296 3516 1367 μακαρί-

1925 1411 2110 1476 ζοντες
2138 1411 2307 1482 ὑμᾶς,
2335 1407 2712 1479 ἐντρυφῶντες
2741 1404 2898 1477 ὑμῶν
2915 1406 2983 1475 τῇ
3011 1404 3201 1474 μνήμῃ
3225 1399 3513 1471 διηνεκῶς.

1924 1517 2017 1570 ἐπὶ
2053 1515 2292 1579 διανοίας
2314 1514 2730 1586 περιφέροντες,
2763 1514 2810 1565 εἰ
2840 1511 2935 1565 καὶ
2965 1507 3147 1580 πολλῷ
3175 1507 3517 1578 διῳκίσμεθα

1927 1619 2174 1695 [68ητῷ
2197 1617 2437 1691 τῆςεόδοῦ
2460 1618 2645 1689 μήκει.
2666 1619 2723 1670 '0
2745 1617 2844 1687 μέν
2859 1611 2953 1670 οῦν
2967 1612 3293 1685 τιμιώτατος
3314 1613 3517 1683 Κυριαι

1926 1725 2018 1790 κὸς
2064 1727 2093 1778 ό
2122 1724 2369 1788 διάκονος
2417 1723 2518 1777 οὐκ
2545 1721 2792 1793 ἠδυνήθη
2820 1720 2916 1774 νῦν
2948 1718 3288 1783 ἐκπλεῦσαι,
3332 1716 3422 1771 διὰ
3455 1718 3516 1769 τὸ

1927 1829 2106 1901 πολλῷ
2134 1828 2532 1900 κατειργάσθαι
2571 1827 2740 1898 πόνῳ.
2777 1825 2842 1879 Οἰ
2874 1824 3055 1895 μέντοι
3091 1822 3271 1894 κύριοί
3314 1840 3439 1894 μου,
3489 1824 3517 1874 ό

1927 1934 2320 1996 εὐλαϐέστατος
2347 1931 2716 2004 πρεσϐύτερος
2758 1930 3011 2000 Ἰωάννης
3035 1970 3048 1994 ,
3087 1929 3181 1982 καί¹
3200 1931 3228 1982 ό
3253 1926 3518 1998 τιμιώτα-

1927 2058 2021 2103 τος
2051 2038 2265 2100 Παῦλος
2294 2039 2323 2091 ό
2353 2036 2620 2100 διάκονος,
2657 2036 3009 2108 ἐλαυνόμενοι
3037 2033 3395 2103 πανταχόθεν,
3424 2031 3516 2085 καὶ

1929 2140 2178 2215 μηδαμοῦ
2213 2140 2445 2211 στῆναι,
2491 2138 2625 2210 μηδέ
2680 2138 2865 2192 λαθεῖν
2909 2137 3160 2207 ἔχοντες,
3219 2137 3521 2204 ἀναγκαῖον

1925 2249 2184 2319 ἐνόμισαν
2201 2245 2540 2299 ’καταλαϐεῖν
2581 2245 2610 2297 ὑ
2621 2244 2736 2315 μῶν
2769 2245 2868 2314 τὴν
2899 2243 3120 2313 ἀγάπην
3147 2286 3162 2309 ,
3192 2243 3287 2295 καὶ
3329 2241 3517 2296 αὐτόθι

1929 2354 2046 2424 μεθ’
2077 2352 2232 2424 ὑμῶν
2263 2348 2423 2405 εἶναι.
2454 2350 2749 2420 Δεξάμενοι
2779 2347 2957 2402 τοίνυν
2981 2349 3178 2413 αὐτοὺς
3209 2347 3346 2418 μετὰ
3381 2347 3520 2416 ἀγά-

1927 2476 2056 2530 πης,
2091 2460 2192 2530 τὴν
2220 2458 2538 2529 πρέπουσαν
2571 2457 2699 2526 ὑμῖν
2733 2453 2945 2508 εὔνοιαν
2993 2455 3119 2525 περὶ
3156 2453 3354 2516 αὐτοὺς
3394 2453 3518 2505 ἐπι-

1924 2563 2192 2628 δείξασθε.

2067 2681 2254 2732 ΡΜΘ’.
2295 2677 2572 2745 Αλιῗνρηλίῳ
2612 2675 2922 2741 ἐπισκόπει)
2971 2673 3374 2742 Καρθαγένης.

1997 2785 2210 2851 Βαϐαῖ,
2267 2784 2452 2855 ἡλίκον
2502 2783 2619 2836 ἐστὶ
2673 2781 2898 2851 γενναία
2954 2781 3136 2851 ψυχὴ,
3194 2782 3288 2833 καὶ
3340 2777 3520 2848 πολλῷ

1927 2889 2166 2961 βρύουσα
2219 2889 2298 2958 τῷ
2356 2888 2456 2956 τῆς
2510 2888 2732 2957 ἀγάπης
2789 2888 2884 2940 καί
2948 2885 3027 2956 τῷ
3080 2885 3179 2955 τῆς
3231 2883 3522 2947 εὐλαϐείας

1925 2995 2123 3065 καρπῷ
2145 3036 2160 3061 ,
2198 2995 2332 3048 ὄπου
2383 3009 2447 3061 γε
2495 2993 2590 3046 καὶ
2634 2992 2800 3054 αὐτὸς
2838 2990 3091 3044 τοσοῦτον
3123 2990 3278 3062 ἡμῶν
3307 2993 3521 3063 ἀπῳκι-

1927 3101 2122 3171 σμένος
2152 3096 2275 3151 όδοῦ
2303 3098 2477 3168 μῆκος
2505 3139 2519 3162 ,
2571 3098 2648 3160 ὼς
2687 3095 2880 3166 παρὼν
2921 3095 3018 3148 καὶ
3056 3095 3174 3162 μεθ’
3220 3095 3377 3166 ἡμῶν
3420 3093 3518 3162 ὢν,

1929 3202 2112 3267 οὓτως
2147 3204 2297 3274 ἡμᾶς
2324 3198 2490 3267 εἷλες,
2523 3203 2616 3256 κα¹ι
2647 3201 2944 3272 ἐχειρὼσω.
2995 3200 3109 3271 Τῆς
3149 3199 3259 3271 γὰρ
3297 3201 3522 3271 ἀγάπης

1926 3329 2018 3364 σου
2039 3311 2100 3364 τὸ
2123 3309 2354 3381 θερμὸν,
2391 3309 2485 3362 καὶ
2517 3309 2617 3380 τῆς
2643 3307 2958 3380 παρρησίας
2985 3309 3079 3361 καὶ
3102 3307 3200 3377 τῆς
3232 3306 3522 3370 εὐλαϐείας

1923 3417 1956 3484 ἡ
1995 3414 2190 3468 εὐωδία
2227 3413 2389 3486 μέχρι
2419 3413 2488 3468 τά
2524 3413 2684 3485 ἡμῶν
2711 3413 2820 3467 τῶν
2853 3415 2911 3466 ἐν
2944 3414 3170 3484 ἐσχατιᾷ
3209 3413 3308 3484 τῆς
3335 3413 3521 3467 οἰκου-

1932 3521 2102 3591 μένης
2133 3521 2458 3592 καθημένων
2501 3519 2755 3589 ἐφθασεν.
2805 3519 2904 3573 Διά
2948 3520 3118 3574 ταῦτά
3163 3537 3244 3574 σοι
3289 3520 3520 3591 χάριτας

1926 3613 2126 3676 πολλάς
2156 3614 2334 3683 ἴσμεν,
2365 3611 2454 3666 διά
2492 3612 2666 3666 ταῦτά
2709 3629 2801 3666 σου
2837 3612 3216 3684 μακαρίζομεν
3234 3611 3332 3683 τὴν
3355 3613 3521 3666 εὐλά-

1925 3719 2195 3783 ϐειαν,ὃτι
2211 3719 2371 3772 πόνον
2399 3717 2565 3771 πολὺν
2587 3718 2681 3772 καί
2714 3717 2912 3788 ἱδρῶτα
2944 3717 3084 3790 ὑπὲρ
3111 3717 3218 3772 τῶν
3252 3718 3394 3771 κατὰ
3422 3717 3522 3791 τὴν

1926 3823 2252 3893 οἰκουμένην
2314 3821 2654 3892 Ἐκκλησιῶν
2711 3822 3149 3894 ἀναδεχόμενος,
3229 3823 3520 3893 μεγίστους

1926 3926 2106 3996 ἐαυτῷ
2147 3925 2302 3998 παρὰ
2339 3925 2418 3996 τῷ
2461 3925 2831 3997 φιλανθρώπῳ
2865 3925 2984 3996 Θεῷ
3034 3926 3346 3998 προαπέθου
3391 3929 3519 3991 τούς

1931 4031 2249 4098 στεφάνους.
2273 4031 2383 4084 Καί
2434 4047 2492 4084 σε
2537 4031 2966 4103 παρακαλοῦμεν
3013 4034 3193 4102 μεῖναι
3222 4033 3314 4085 τὸν
3353 4032 3522 4087 καλὸν

1931 4135 2118 4187 τοῦτον
2161 4133 2350 4202 ἀγῶνα
2379 4135 2781 4206 ἀγωνιζόμενον
2807 4151 2819 4164 ·
2850 4130 3006 4188 οἶσθα
3038 4135 3146 4206 γάρ
3171 4134 3238 4188 τὰ
3268 4134 3520 4190 ἐντεῦθεν

1929 4241 2173 4313 βραϐεἰα.
2225 4243 2289 4298 Εἰ
2319 4243 2426 4314 γάρ
2469 4243 2565 4297 ἕνα
2606 4261 2690 4307 τις
2731 4243 3089 4313 ἀδικούμενον
3132 4243 3226 4298 καί.
3276 4260 3520 4314 παρανο-

1929 4345 2198 4417 μούμενον
2240 4347 2447 4417 ἀνέχων
2491 4347 2698 4414 ἄφατον
2745 4347 2860 4417 ἔχει
2903 4349 3056 4417 παρὰ
3103 4346 3195 4399 τοῦ
3249 4347 3384 4400 Θεοῦ
3427 4347 3519 4402 τὸν

1929 4447 2120 4516 μισθὸν
2147 4489 2162 4513 ,
2205 4448 2457 4517 ἐννόησον
2505 4447 2638 4518 ὅσην
2688 4447 2852 4510 αὐτὸς
2899 4447 3045 4520 λήψῃ
3091 4447 3188 4517 τὴν
3245 4446 3516 4518 ἀμοιϐὴν,

1937 4549 2266 4621 Ἑκκλησίας
2305 4551 2575 4614 τοσαύτας
2617 4551 3031 4621 ταρασσομένας
3077 4549 3163 4604 διά
3202 4551 3303 4621 τῆς
3345 4551 3519 4618 καλῆς

1926 4655 2133 4726 ταύτης
2173 4656 2410 4728 σπουδῆς
2439 4655 2800 4710 ἀπαλλάττων
2835 4658 2935 4727 μὲν
2957 4657 3203 4727 θορύϐων
3231 4659 3324 4711 καὶ
3347 4667 3534 4729 ταρα-·

1926 4759 2048 4830 χῆς,
2081 4763 2158 4823 εἰς
2180 4760 2236 4813 δὲ
2258 4760 2492 4832 γαληνὸν
2525 4761 2722 4832 λιμένα
2752 4764 2974 4832 εἰρήνης
3008 4763 3235 4833 ὁρμίσαι
3263 4764 3289 4804 ι.
3322 4765 3510 4818 ἑσπου-

1923 4863 2120 4927 δακώς.

2316 4981 2450 5033 ΡΝ.
2493 4981 2740 5049 Μαξίμῳ
2788 4982 3118 5046 ἑπισκόπῳ.

2004 5085 2169 5141 Ὅταν
2201 5088 2442 5158 ἐννοήσω
2470 5090 2598 5154 τοὺς
2631 5090 2826 5154 πόνους
2857 5093 3034 5162 ὑμῶν,
3070 5094 3164 5146 καὶ
3197 5095 3324 5158 τούς
3362 5095 3517 5166 ἱδρῶ-

1922 5211 2042 5258 τας,
2084 5195 2208 5256 τοὺς
2246 5195 2339 5246 ἐπὶ
2387 5196 2585 5266 μακρῷ
2629 5198 2804 5267 χρόνῳ
2849 5199 3249 5270 γεγενημένους
3275 5239 3289 5264 ,
3329 5201 3389 5254 οὐ
3419 5202 3517 5273 τὴν

1923 5301 2212 5370 τυχοῦσαν,
2241 5297 2381 5354 ἀλλά
2405 5301 2499 5355 καὶ
2519 5301 2783 5372 μεγίστην
2810 5303 3127 5373 καρποῦμαι
3149 5305 3516 5378 παράκλησιν,

1926 5403 2009 5474 ἐφ’
2044 5397 2126 5466 οἷς
2167 5403 2327 5467 αὐτὸς
2371 5403 2618 5458 πέπονθα
2671 5406 3002 5479 παρανόμως
3029 5449 3042 5473 ,
3097 5411 3197 5482 τὴν
3240 5412 3515 5483 ὑμετέραν

1925 5507 2147 5578 ἀγάπην
2173 5507 2271 5577 τὴν
2299 5508 2442 5562 οῦτω
2469 5507 2680 5582 θερμὴν
2709 5511 2803 5565 καὶ
2836 5513 3068 5584 γνησίαν
3089 5555 3103 5578 ,
3130 5515 3230 5587 τὴν
3256 5516 3514 5588 πρόνοιαν

1923 5613 2023 5684 τὴν
2057 5612 2346 5684 εἰλικρινῆ,
2380 5614 2477 5685 τὴν
2511 5616 2822 5688 ἀγρυπνίαν
2855 5615 2957 5688 τὴν
2988 5618 3130 5690 ὑπὲρ
3160 5621 3256 5693 τῆς
3293 5619 3518 5694 διορθώ-

1991 5750 2021 5790 ὶ)
2045 5747 2179 5799 Unus
2202 5751 2426 5811 ὁρμῆσαι.
