4076 6434
590 345 688 403 ῗθό
1268 326 1329 383 S.
1373 323 1653 384 JOANNIS
1687 324 2174 386 CHRYSOSTOMI
2222 325 2542 387 ARCHIEP.
2583 323 3129 386 CONSTANTINOP.

591 475 732 523 σεως
757 456 863 512 τῶν
890 455 1287 528 γεγενημένων,
1312 452 1412 523 τὴν
1437 445 1848 520 ἐπιτεταμένην,
1886 440 2146 528 μεγίστην

591 550 731 622 έχων
775 525 1144 618 παραμυθίαν.
1191 545 1304 598 Καὶ
1345 540 1451 612 γὰρ
1493 540 1590 610 οὐχ
1618 541 1653 609 ή
1691 535 1929 606 τυχοῦσα
1958 525 2150 622 γέγονὲ

595 618 687 712 μοι
707 636 1000 709 παραψυχὴ
1020 675 1035 700 ,
1073 635 1134 688 τὸ
1163 631 1470 702 λογίζεσθαι
1496 631 1579 684 ὅτι
1623 631 1688 682 ἐκ
1722 623 1975 679 τοσούτου
2017 618 2152 712 καθ-

591 709 780 803 ήμενοι
807 729 1193 799 διαστήματος,
1231 726 1329 795 οὐχ
1365 723 1669 796 ἑωρακότες
1698 719 1844 790 ἡμᾶς
1871 729 2020 778 ποτε,
2052 709 2153 762 οὐκ

590 820 844 890 ὀφθέντες
865 820 994 876 παρ’
1025 817 1203 890 ήμῶν,
1238 817 1300 871 οὐ
1329 815 1505 881 λόγων
1527 813 1661 883 ἡμῖν
1687 805 2110 875 κοινωνήσαντες
2133 839 2148 863 ,

593 911 786 983 ἀθρόον
815 911 921 964 ὑπὸ
963 909 1066 981 τῆς
1094 906 1439 982 παρανομίας
1463 903 1572 958 τῶν
1599 899 1971 971 τολμηθέντων
1998 911 2154 965 κινηο

594 999 796 1065 θέντες,
839 999 1109 1071 τοσαύτην
1161 993 1506 1060 ἐπεδείξασθε
1548 993 1676 1062 περὶ
1715 986 1863 1061 ἡμᾶς
1909 985 2153 1056 ἀγάπην,

591 1092 724 1163 ὅσην
751 1090 984 1162 πατέρες
1014 1091 1145 1162 περὶ
1186 1088 1413 1151 παῖδας,
1459 1083 1659 1156 μᾶλλον
1689 1081 1748 1134 δέ
1785 1080 1880 1134 καὶ
1915 1077 2156 1149 πατέρας

591 1181 944 1252 ἀπεκρύψατε
973 1185 1038 1253 τῇ
1059 1180 1293 1253 τοσαύτῃ
1321 1174 1634 1249 κηδεμονίᾳ.
1666 1173 1765 1227 Διά
1794 1170 1968 1225 ταῦτα
2001 1172 2157 1240 χάρι-

591 1288 692 1335 τας
721 1271 873 1343 ὑμῶν
903 1273 1059 1344 ίσμεν
1085 1274 1153 1343 τῇ
1183 1271 1439 1344 εὐλαϐείᾳ
1463 1312 1478 1336 ,
1503 1270 1889 1346 θαυμάζομεν,
1923 1262 2160 1337 μακαρί-

593 1361 784 1433 ζομεν,
824 1363 1246 1435 παρακαλοῦμεν
1274 1365 1418 1436 ὑμᾶς
1447 1367 1646 1429 αὐτοὺς
1668 1363 1736 1418 τά
1755 1359 1960 1416 έαυτῶν
1987 1356 2160 1427 μιμή-

595 1453 810 1518 σασθαι,
831 1455 925 1508 καὶ
937 1453 1005 1524 ήν
1026 1454 1085 1521 ἐξ
1103 1456 1277 1527 ἀρχῆς
1295 1455 1640 1521 ἐπεδείξασθε
1664 1451 1988 1527 προθυμίαν,
2005 1446 2156 1521 [688]

594 1545 799 1618 ταύτην
831 1548 912 1610 είς
949 1547 1102 1611 τέλος
1133 1549 1380 1617 ἀγαγεῖν.
1420 1548 1537 1602 Κάν
1582 1548 1690 1618 γὰρ
1737 1544 1901 1617 μηδὲν
1940 1542 2159 1611 γίνηται

596 1636 761 1690 πλέον
787 1639 866 1701 είς
896 1637 1180 1708 διόρθωσιν
1205 1638 1313 1694 τῶν
1341 1637 1736 1708 γεγενημένων,
1757 1635 1819 1690 οὐ
1851 1632 2023 1705 μικρά
2056 1647 2162 1684 πα-

599 1726 867 1800 ράκλησις
891 1729 1044 1799 ἡμῖν,
1079 1729 1215 1800 ὅπερ
1243 1729 1413 1802 ἔφθην
1445 1729 1636 1794 είπὼν,
1669 1725 1937 1796 τοσαύτης
1962 1722 2160 1778 ἀπολε-

594 1813 819 1868 λαυκόσι
854 1816 954 1868 καὶ
1003 1817 1334 1872 ἀπολαύουσι
1383 1818 1539 1890 παρὰ
1575 1818 1673 1890 τῆς
1716 1814 2028 1887 τιμιότητος
2060 1811 2161 1882 τῆς

597 1905 870 1980 ὑμετέρας
893 1906 1130 1976 ἀγάπης.

947 2042 1125 2096 PNA'.
1179 2038 1434 2108 Ἆσέλλφ
1485 2042 1810 2108 ἐπισκόπφ.

669 2150 799 2210 Οἶδα
826 2161 924 2229 μὲν
951 2158 1033 2212 ὅτι
1054 2158 1206 2212 οὐδὲν
1229 2159 1358 2229 ὑμῖν
1385 2158 1468 2212 δεῖ
1485 2158 1828 2230 γραμμάτων
1860 2158 1939 2221 είς
1966 2156 2028 2212 τὸ
2053 2156 2166 2210 δια-

601 2247 880 2316 ναστῆναι,
911 2251 1004 2303 καὶ
1033 2249 1416 2304 ἀντιλαϐέσθαι
1439 2250 1539 2321 τῆς
1565 2249 1903 2321 διορθώσεως
1932 2247 2040 2302 τῶν
2067 2247 2166 2311 τάς

615 2339 937 2411 Ἐκκλησίας
952 2340 1054 2410 τῆς
1089 2341 1379 2411 Ἀνατολῆς
1403 2341 1804 2412 κατειληφότων
1828 2339 2032 2394 κακῶν.
2057 2338 2168 2393 Καὶ

602 2428 762 2483 τοῦτο
789 2431 856 2484 δι’
879 2424 956 2484 ὧν
983 2432 1334 2503 πεποιήκατε,
1357 2429 1722 2497 ἐπεδείξασθε,
1755 2428 2164 2501 αὐτοπαράκλη·

603 2537 688 2574 τοι
717 2521 982 2590 τοσαύτην
1014 2523 1385 2593 παρασχόντες
1427 2533 1451 2564 ι
1499 2522 1749 2593 σπουδήν.
1796 2521 1934 2576 Ἀλλ’
1978 2521 2166 2591 ἐπειδὴ

602 2615 674 2669 τά
699 2615 844 2668 κακά
864 2615 944 2668 ἔτι
978 2614 1126 2684 μένει
1147 2614 1465 2686 ἀδιόρθωτα,
1495 2613 1582 2669 διά
1609 2613 1708 2684 τὴν
1731 2614 1916 2668 ἀνοιαν
1942 2614 2050 2667 τῶν
2078 2630 2167 2666 το-

605 2703 777 2758 σαῦτα
808 2706 1326 2777 παρανομησάντων,
1360 2706 1653 2774 ἀναγκαῖον
1677 2700 1814 2758 εἷναι
1843 2705 2170 2775 ἐνομίσαμεν

606 2795 987 2868 παρακαλέσαι
1017 2795 1170 2866 ὑμῶν
1193 2797 1292 2867 τὴν
1317 2795 1631 2861 εὐλάϐειαν,
1669 2795 1808 2848 ῶστε
1845 2795 1920 2866 μὴ
1967 2796 2173 2848 ἀποκα-

611 2888 753 2956 μεῖν,
781 2886 917 2956 μηδέ
950 2890 1337 2957 περικακήσαι,
1372 2886 1486 2940 ἀλλ’
1514 2885 1836 2955 ἀκμαζούσῃ
1869 2883 2173 2954 χρήσασθαι

608 2979 677 3048 τῇ
719 2975 1017 3048 προθυμίᾳ,
1046 2977 1138 3030 καὶ
1162 2976 1233 3029 τὰ
1255 2978 1384 3049 παρ’
1417 2976 1624 3030 έαυτῶν
1645 2975 1805 3029 πάλιν
1836 2975 2049 3028 ἃπαντα
2070 2978 2176 3028 εἰσ-

609 3070 873 3136 ενεγκεῖν.
912 3070 1059 3139 Ὀσῳ
1085 3068 1192 3140 γάρ
1217 3068 1284 3122 ἀν
1323 3067 1516 3122 ἀνίατα
1543 3067 1768 3122 νοσῶσιν
1809 3069 1860 3122 οί
1901 3067 2038 3138 πρὸς
2074 3067 2174 3138 τήν

608 3159 719 3214 τῶν
764 3159 1098 3230 Ἐκκλησιῶν
1122 3160 1456 3214 κατάστασιν
1486 3160 1895 3225 στασιάζοντες,
1936 3157 2175 3227 τοσούτῳ

611 3251 883 3305 κάκείνων
908 3251 938 3291 ι)
964 3249 1125 3304 πλέον
1149 3249 1301 3305 ἐσται
1329 3251 1392 3305 τὸ
1426 3253 1600 3322 κρῖμα
1623 3289 1638 3314 ,
1671 3249 1765 3303 καλ⁵
1791 3250 1917 3320 ύμῖν
1947 3250 2059 3311 τοῖς
2099 3248 2173 3319 μή

611 3341 990 3412 ἀποκάμνουσι
1015 3341 1391 3414 λαμπρότερος
1431 3343 1460 3395 6
1493 3341 1680 3411 μισθὸς
1704 3381 1721 3407 ,
1748 3341 1841 3393 καὶ
1873 3340 2092 3411 μείζους
2123 3341 2173 3394 οί

616 3433 890 3502 στέφανοι.

1076 3569 1255 3622 PNB'.
1307 3568 1708 3634 Ἐπισκόποις.

687 3677 800 3732 Καὶ
836 3678 942 3750 ίδίᾳ
969 3678 1205 3749 ἐκάστῳ,
1239 3681 1334 3734 καὶ
1367 3681 1519 3750 κοινῇ
1545 3679 1711 3732 πᾶσιν
1741 3679 1866 3749 ὑμῖν
1891 3675 2178 3746 ὀφείλομεν

615 3771 862 3842 χάριτας,
885 3771 982 3842 οὐχ
1004 3773 1164 3842 ἡμεῖς
1185 3772 1242 3826 δὲ
1264 3772 1444 3843 μόνον,
1460 3769 1598 3824 ἀλλά
1620 3770 1715 3826 κοιλ⁸
1741 3763 1939 3834 πάντες
1958 3770 2011 3822 οί
2038 3767 2178 3822 κατὰ

618 3860 715 3932 τὴν
746 3861 1032 3934 ’Δνατολην
1059 3863 1363 3930 ἐπίσκοποι,
1388 3861 1639 3934 κληρικοὶ
1659 3860 1928 3932 διαφόρων
1949 3860 2178 3926 πόλεων,

619 3950 737 4004 λαοὶ
769 3952 1026 4017 ποικίλως
1074 3953 1438 4025 ἐλαυνόμενοι,
1483 3955 1565 4008 ὅτι
1618 3955 1859 4024 πατρικά
1902 3951 2182 4021 σπλάγχνα

619 4041 1052 4114 ἐπιδειξάμενοι,
1097 4043 1468 4117 συνηλγήσατε
1493 4085 1507 4110 ,
1545 4045 1737 4116 ἔστητε
1781 4043 2068 4114 γενναίως,
2112 4042 2184 4096 τά

619 4133 753 4203 παρ’
775 4135 926 4205 ὑμῶν
945 4135 1123 4190 αὐτῶν
1144 4137 1321 4191 πάντα
1349 4136 1720 4208 είσηνέγκατε.
1734 4135 1832 4190 Διά
1855 4134 2025 4190 ταῦτα
2050 4134 2184 4190 πάν-

620 4239 715 4287 τες
743 4223 886 4294 ὑμᾶς
914 4225 1367 4296 ἀνακηρύττωσι,
1403 4226 1774 4298 στεφανοῦσιν,
1796 4225 1889 4279 ἐπὶ
1918 4225 2182 4295 στόματος

622 4314 880 4386 φέρουσιν
908 4315 938 4368 ύ
946 4316 1063 4387 μῶν
1083 4317 1150 4370 τά
1174 4316 1588 4388 κατορθώματα.
1632 4317 1694 4370 El
1721 4316 1776 4370 δέ
1800 4315 1952 4386 παρὰ
1975 4314 2182 4387 ἀνθρώ-

622 4421 745 4458 πων
772 4405 1013 4460 τοιαῦται
1054 4409 1111 4460 αί
1155 4408 1311 4478 τιμαὶ
1330 4447 1345 4470 ,
1375 4409 1660 4481 ἐννοήσατε
1691 4407 1843 4480 παρά
1870 4406 1966 4462 τοῦ
1998 4406 2184 4476 φιλαν-

625 4496 842 4570 θρώπου
870 4497 1004 4551 Θεοῦ
1050 4498 1214 4552 πόσαι
1259 4498 1387 4568 ὑμῖν
1427 4501 1484 4552 αί
1528 4499 1820 4562 ἀντιδόσεις
1880 4499 2046 4553 Ταῦτ’
2089 4497 2181 4552 οὖν

625 4588 855 4652 ειδότες,
886 4589 1202 4659 τιμιώτατοι
1242 4586 1496 4643 δέσποταί
1527 4605 1628 4660 μου
1659 4589 1753 4644 καὶ
1781 4589 2181 4656 εὐλαϐέστατοι,

625 4679 730 4733 κᾶν
757 4681 806 4732 οί
840 4677 1192 4749 θορυϐοῦντες
1226 4678 1327 4743 τὰς
1367 4678 1690 4747 Ἐκκλησίας
1725 4679 1915 4734 ἀνίατα
1954 4681 2182 4748 νοσῶσι,

629 4771 704 4842 μή
731 4771 1007 4841 παύσησθε
1046 4771 1143 4844 τὴν
1185 4774 1316 4844 παρ’
1342 4773 1496 4844 ὑμῶν
1526 4772 1702 4826 αὐτῶν
1740 4774 2076 4847 εἰσφέροντες
2099 4775 2185 4830 θε-

629 4862 878 4932 ραπείαν.
912 4864 1059 4932 Ὀσῳ
1095 4863 1200 4934 γὰρ
1244 4862 1310 4918 ἀν
1353 4863 1573 4918 πλείονα
1602 4863 1668 4918 τά
1697 4864 1989 4936 κωλύματα
2016 4864 2051 4939 ᾖ
2091 4867 2186 4922 καὶ

627 4953 826 5006 πλείων
849 4956 881 5025 ή
909 4954 1163 5008 δυσκολία
1185 4995 1201 5021 ,
1240 4956 1477 5028 τοσούτῳ
1515 4957 1610 5010 καὶ
1644 4955 1844 5028 μείζων
1871 4958 1998 5029 ὑμῖν
2026 4960 2057 5013 ό
2096 4978 2183 5031 μι-

631 5041 774 5104 σθός.
793 5043 856 5096 El
875 5043 982 5115 7&9
1007 5045 1168 5098 ποτόν
1197 5063 1280 5109 τις
1306 5046 1512 5117 ψυχρὸν
1534 5056 1556 5086 ε
1580 5046 1818 5112 ἐπιδοὺς,
1843 5049 1941 5102 ούκ
1959 5048 2188 5120 άμισθον

627 5130 739 5196 ἕξει
761 5131 858 5202 τὴν
882 5131 1134 5202 βραχεῖαν
1150 5133 1545 5208 φιλοφροσύνην
1563 5153 1577 5167 ·
1595 5137 1644 5190 οί
1667 5137 1905 5192 τοσαῦτα
1929 5140 2022 5194 καὶ
2037 5142 2189 5212 ποιῆ-

631 5240 724 5278 σαι
746 5225 840 5277 κα)⁵
873 5225 1060 5279 παθεῖν
1091 5226 1332 5298 ἑλόμενοι
1368 5229 1508 5298 ύπέρ
1553 5230 1890 5300 Ἑκκλησιῶν
1923 5249 2188 5302 ταρασσο-

633 5313 842 5384 μένων,
875 5317 1160 5387 ἐννοήσατε
1185 5316 1377 5389 ἡλίκην
1408 5319 1640 5388 λήψεσθε
1670 5321 1768 5389 τήν
1791 5320 2026 5392 ἀμοιϐήν
2045 5361 2063 5386 ,
2097 5326 2191 5377 καὶ

629 5403 771 5458 πόσα
795 5405 939 5476 ὑμᾶς
967 5405 1222 5476 ἀναμένει
1253 5407 1362 5460 τῶν
1407 5410 1585 5462 καλῶν
1624 5411 1799 5463 πόνων
1829 5413 1898 5466 τά
1942 5413 2187 5485 βραϐεῖα.

692 5565 722 5623 _'
742 5559 866 5623 [res
887 5575 1000 5613 mss.
1022 5566 1316 5623 παρέχοντες.

695 5621 725 5684 ξ
761 5621 942 5672 Omnes
965 5637 1079 5674 ωας.
1095 5621 1346 5684 κάκείνοις.
1370 5628 1500 5678 Εᾶὶί.
1530 5630 1774 5679 κάκείνων.

696 5683 723 5716 ⁸
750 5683 930 5736 Omnes
961 5687 1078 5738 editi
1103 5690 1139 5736 εί
1163 5690 1247 5752 7&9
1269 5683 1491 5752 ποτήριόν
1513 5707 1581 5748 τις
1613 5693 1809 5756 ψυχροῦ.

3721 311 3830 367 ἳοὶ

2744 432 2928 488 ΡΝΓ.
2968 430 3094 497 Τοῖς
3117 429 3338 496 αὐτοῖς.

2331 547 2406 600 ού
2439 545 2872 618 διαλιμπάνομεν
2891 545 3052 617 χάριν
3075 543 3204 615 ύμῖν
3239 537 3629 614 ὁμολογοῦντες
3657 538 3835 611 διηνε-

2257 634 2390 702 κῶς.
2429 639 2492 691 Et
2519 638 2627 708 7&9
2656 637 2751 691 καὶ
2794 636 2964 691 πολλά
3005 634 3497 708 παρανενομήμεθα
3534 630 3688 704 παρά
3721 629 3837 684 τῶν

2259 730 2490 802 ἐχθρῶν,
2519 730 2632 785 ἀλλ’
2663 731 2814 800 ὅμως
2845 729 3046 798 πολλῆς
3075 727 3207 798 παρ’
3242 725 3397 796 ὑμῶν
3429 723 3839 794 ἀ-πηλαύσαμεν

2262 819 2416 894 [689]
2445 822 2545 891 τῆς
2575 819 2913 890 συμμαχίας,
2936 816 3194 889 δαψιλοῦς
3212 815 3312 885 τῆς
3335 816 3574 885 ἀγάπης,
3607 812 3838 882 γνησίας

2262 911 2691 983 φιλοφροσύνης,
2729 909 3067 981 θερμοτάτης
3110 908 3350 978 σπουδῆς
3378 924 3394 936 ·
3424 908 3519 961 καὶ
3557 906 3732 960 ταῦτα
3771 906 3835 958 ού

2265 1003 2468 1074 μικρὰν
2489 1003 2832 1074 παράκλησιν
2859 1002 2952 1056 καὶ
2979 1001 3078 1072 τῆς
3103 999 3492 1071 χαλεπωτάτης
3515 997 3754 1070 ἐξορίας,
3776 999 3839 1050 ἐν

2261 1088 2297 1165 ᾖ
2344 1093 2707 1166 κατεχόμεθα,
2752 1095 2848 1148 καὶ
2891 1093 3000 1147 τῶν
3048 1093 3222 1148 ἀλλων
3272 1092 3383 1145 τῶν
3433 1090 3838 1161 ἐπενεχθέντων

2262 1187 2396 1255 ἡμῖν
2436 1185 2658 1250 δεινῶν,
2693 1185 2909 1256 ἔχομεν.
2947 1185 3040 1240 Διδ
3080 1183 3503 1256 παρακαλοῦμεν
3547 1183 3704 1254 ὐμῶν
3737 1182 3838 1254 τὴν

2256 1277 2546 1334 ἐὐλάϐειαν
2570 1278 2844 1349 ἐπιμεῖναι
2864 1278 2965 1349 τὴν
2991 1277 3162 1349 αὐτὴν
3190 1262 3320 1347 περὶ
3356 1277 3504 1349 ήμάς
3527 1276 3838 1330 ἐπιδεικνυ-

2267 1371 2466 1442 μένους
2492 1369 2732 1427 διάθεσίν
2757 1387 2816 1425 τε
2861 1369 2958 1425 καὶ
2997 1369 3254 1441 σπονδήν.
3284 1369 3419 1423 οὐδὲ
3443 1368 3552 1441 γάρ
3577 1369 3658 1431 είς
3687 1368 3840 1438 ἡμᾶς

2264 1459 2522 1531 στήσεται
2539 1459 2603 1514 τὺ
2622 1461 2906 1533 γινόμενον
2937 1460 3119 1533 μόνον,
3143 1457 3286 1515 ἀλλά
3310 1457 3404 1512 καὶ
3425 1459 3506 1522 είς
3524 1457 3588 1511 τὺ
3605 1456 3633 1496 ἀ
3657 1457 3839 1511 κοινὸν

2259 1553 2372 1607 τῶν
2408 1553 2743 1624 Ἐκκλησιῶν
2764 1553 3102 1624 διαϐήσεται.
3157 1551 3234 1606 Οὐ
3260 1549 3370 1622 γάρ
3398 1549 3501 1621 μία
3525 1588 3542 1616 ,
3577 1551 3672 1604 καὶ
3709 1549 3840 1614 δύο,

2265 1644 2360 1699 καὶ
2395 1647 2545 1717 τρεῖς
2573 1644 2758 1708 πόλεις
2780 1685 2796 1712 ,
2825 1643 2941 1700 ἀλλ’
2968 1643 3240 1715 ὁλόκληρα
3257 1642 3384 1714 έθνη
3419 1641 3699 1714 πανταχοῦ
3733 1641 3842 1713 τῆς

2263 1735 2368 1807 γῆς
2394 1736 2741 1807 ταράττεται.
2765 1737 2877 1791 Καὶ
2895 1735 3165 1807 τοσαύτην
3183 1735 3311 1806 παρ’
3348 1734 3502 1805 ὑμῶν
3527 1732 3843 1805 ἐπιδειχθῆ-

2263 1841 2351 1878 ναι
2370 1825 2577 1879 δίκαιον
2599 1825 2854 1898 σπουδὴν,
2877 1826 3008 1896 ὅσην
3029 1825 3176 1889 είκὸς
3201 1825 3342 1896 ὑπὲρ
3365 1826 3634 1879 τοσούτων
3647 1825 3843 1896 ψυχῶν

2265 1916 2664 1980 ἐσπουδακότας
2707 1917 2805 1971 καὶ
2847 1917 3154 1987 κάμνοντας
3213 1914 3604 1982 ἐπιδείξασθαι.
3661 1917 3728 1971 Ei
3779 1916 3842 1971 ει

2206 2001 2210 2004 ’
2268 2007 2439 2061 πολλά
2463 2008 2830 2080 πεπονήκατε,
2864 2007 2960 2061 καὶ
2983 2007 3052 2061 τά
3080 2009 3211 2078 παρ’
3227 2005 3443 2061 ἑαυτῶν
3458 2007 3844 2078 είσηνέγκατε,

2271 2100 2429 2172 ῖσμεν
2469 2100 2627 2154 τοῦτο
2668 2101 2762 2155 καὶ
2801 2103 2984 2173 ήμεῖς,
3011 2099 3110 2154 καὶ
3139 2099 3586 2172 εὐχαριστοῦντες
3614 2099 3746 2171 ὑμῖν
3775 2100 3842 2154 ού

2270 2191 2554 2262 παυόμεθα
2574 2209 2587 2222 ·
2601 2191 2861 2262 ἀξιοῦμεν
2875 2193 2932 2247 δὲ
2959 2191 3033 2264 μὴ
3052 2191 3318 2246 διαλιπεῖν
3343 2189 3500 2245 τοῦτο
3527 2189 3841 2256 ποιοῦντας.

2281 2281 2345 2336 Ἦ
2386 2282 2495 2353 γὰρ
2541 2284 2806 2355 καρτερία
2848 2283 3001 2356 ὑμῶν
3025 2327 3039 2352 ,
3070 2283 3168 2338 καὶ
3195 2280 3440 2354 ὑπομονὴ
3465 2322 3480 2347 ,
3506 2283 3603 2336 καὶ
3628 2284 3664 2354 ή
3691 2281 3846 2336 εὐτοο

2270 2390 2358 2436 νος
2377 2373 2568 2444 γνώμη
2589 2375 2877 2445 δυνήσεται
2896 2375 2991 2428 καὶ
3012 2375 3140 2439 τοὺς
3171 2374 3372 2445 σφόδρα
3398 2373 3719 2444 φιλονείκως
3731 2374 3845 2427 δυα-

2271 2463 2558 2533 κειμένους
2587 2466 2682 2518 καὶ
2701 2465 2898 2518 ἀνίατα
2925 2464 3216 2529 νοσοῦντας
3236 2464 3544 2534 ἀποστῆσαι
3577 2464 3680 2535 τῆς
3711 2481 3848 2518 ικατ-

2272 2557 2500 2630 εχούσης
2530 2559 2725 2622 αὐτοὺς
2747 2546 2870 2612 νυνὶ
2897 2558 3340 2631 παραφροσύνης.
3359 2559 3422 2613 Et
3451 2557 3508 2612 δέ
3536 2558 3849 2628 ἐπιμένοιεν

2274 2649 2370 2702 καὶ
2395 2648 2568 2713 οὕτως
2593 2650 2828 2711 ἀνιάτως
2857 2650 3092 2722 ἔχοντες,
3126 2650 3240 2704 ἀλλ’
3280 2651 3409 2721 ύμῖν
3433 2649 3850 2722 ἀπηρτισμένος

2275 2741 2304 2792 6
2327 2739 2515 2810 μισθὸς
2545 2740 2717 2805 ἕσται,
2749 2743 2841 2795 καὶ
2879 2742 3058 2813 πλήρη
3086 2740 3155 2795 τά
3179 2741 3280 2812 τῆς
3306 2739 3539 2811 ἀμοιϐῆς
3560 2778 3577 2805 ,
3604 2739 3703 2795 καὶ
3733 2738 3851 2795 ἂύ-

2279 2829 2479 2902 κληρος
2507 2829 2616 2885 τῶν
2648 2830 2828 2884 καλῶν
2859 2832 3062 2886 τούτων
3095 2833 3123 2885 6
3148 2832 3411 2902 στέφανος
3443 2843 3491 2886 ο.

2753 2983 2928 3035 ΡΝΔν.
2954 2981 3085 3047 Τοῖς
3115 2982 3335 3050 αὐτοῖς.

2356 3107 2549 3183 Ἦμεῖς
2572 3111 2680 3182 ,μέν
2701 3111 3004 3185 ἐποθοῦμεν
3031 3113 3051 3153 ί
3076 3113 3171 3168 καὶ
3201 3116 3317 3179 ταῖς
3342 3114 3435 3170 τοῦ
3460 3115 3712 3188 σώματος
3735 3119 3858 3191 Mt-

2279 3229 2363 3268 σιν
2387 3213 2532 3284 ὑμᾶς
2567 3211 2864 3268 θεάσασθαι
2881 3231 2896 3248 ·
2927 3215 3113 3289 ἐπειδὴ
3137 3217 3194 3272 δὲ
3221 3216 3380 3272 τοῦτο
3394 3217 3501 3272 οὐκ
3528 3218 3628 3286 ἔνι,
3654 3221 3736 3293 τῷ
3755 3220 3857 3294 τῆς

2276 3309 2491 3382 ἐξορίας
2526 3310 2710 3382 δεσμῷ
2761 3313 3142 3384 κατεχομένων
3180 3313 3370 3385 ήμῶν,
3414 3319 3526 3381 τοῖς
3556 3317 3858 3391 ὀφθαλμοῖς

2279 3413 2379 3482 τῆς
2433 3412 2652 3484 ἀγάπης
2683 3413 2830 3485 ὑμᾶς
2882 3413 3272 3484 καθ’ἑκάστην
3323 3416 3706 3487 φανταζόμεθα
3752 3421 3856 3491 τήν

2285 3511 2497 3582 ήμέραν
2518 3551 2533 3575 ,
2563 3512 2658 3565 καὶ
2685 3513 3166 3586 περιπτυσσόμεθα
3185 3555 3201 3581 ,
3250 3517 3347 3570 καὶ
3387 3519 3710 3589 κροτοῦντες
3764 3523 3860 3577 καὶ

2282 3610 2652 3683 θαυμάζοντες
2679 3613 2738 3666 οὐ
2771 3612 3220 3687 διαλιμπάνομεν,
3246 3616 3328 3670 ότι
3356 3618 3622 3691 τοσαύτην
3660 3622 3861 3693 προθυα

2285 3710 2414 3779 μίαν
2459 3711 2554 3763 καὶ
2604 3709 2839 3782 σπουδὴν
2886 3711 2946 3779 ἐξ
2975 3712 3150 3784 ἀρχῆς
3181 3714 3342 3785 μέχρι
3379 3713 3475 3768 νῦν
3513 3719 3862 3789 μεμενήκατε

2284 3810 2711 3882 ἐπιδεικνύμενοι
2739 3811 2882 3884 ὺπέρ
2905 3811 3013 3866 τῶν
3035 3811 3134 3886 τῆς
3148 3813 3434 3886 Ἀνατολής
3474 3816 3816 3889 Ἐκκλησιῶν
3841 3835 3858 3852 ·

2286 3913 2381 3967 καὶ
2407 3911 2828 3987 παρακαλοῦμεν
2850 3913 2995 3983 ἀξιον
3023 3915 3134 3970 τῶν
3160 3917 3458 3988 προοιμίων
3489 3919 3863 3986 ἐπιδείξασθαι

2285 4011 2347 4064 τὸ
2377 4010 2547 4074 τέλος.
2579 4011 2643 4064 Εἰ
2670 4011 2779 4084 γὰρ
2803 4013 2854 4066 οί
2885 4015 3061 4068 πάντα
3083 4016 3416 4086 ταράξαντες
3436 4057 3450 4082 ,
3494 4021 3588 4074 καὶ
3612 4020 3864 4090 θορύϐων

2287 4097 2671 4185 ἐμπλήσαντες
2696 4150 2712 4176 ,
2759 4112 2996 4188 τοσαύτη
3058 4115 3353 4189 κέχρηνται
3400 4122 3468 4191 τῇ
3537 4121 3863 4198 φιλονεικίᾳ,

2288 4213 2467 4286 πολλῷ
2491 4214 2689 4287 μᾶλλον
2698 4205 2744 4269 ’ύ
2751 4218 2886 4288 μᾶς,
2909 4219 3034 4282 τοὺς
3054 4219 3122 4273 τὰ
3153 4222 3339 4286 κακῶς
3361 4225 3706 4296 γεγενημένα
3728 4226 3870 4302 διορ-

2289 4315 2414 4371 θοῦν
2443 4316 2862 4384 ἐσπουδακότας,
2885 4319 3052 4393 πολλῇ
3076 4320 3282 4378 δίκαιον
3313 4325 3614 4396 κεχρῆσθαι
3637 4331 3707 4400 τῇ
3731 4330 3870 4384 ὐπο-

2292 4418 2460 4488 μονῇ,
2488 4417 2582 4471 καὶ
2613 4417 2878 4491 καρτερίᾳ
2905 4421 2972 4492 τῇ
3007 4421 3134 4493 περὶ
3181 4423 3278 4496 τὴν
3307 4424 3561 4498 τοιαύτην
3601 4431 3867 4503 σπουδήν.

2290 4514 2446 4572 Οὕτω
2471 4517 2580 4589 γάρ
2613 4515 2813 4571 πλείων
2857 4519 2985 4590 ύμῖν
3012 4519 3165 4573 ἐσται
3197 4523 3226 4574 6
3255 4521 3442 4593 μισθὸς
3463 4563 3478 4589 ,
3511 4524 3609 4578 καὶ
3661 4527 3872 4596 μείζων

2289 4616 2323 4686 ή
2351 4613 2582 4687 ἀμοιϐὴ,
2627 4617 2762 4671 ὅταν
2793 4617 2890 4673 καὶ
2932 4619 3140 4673 πολλῶν
3173 4620 3506 4692 κωλυμάτων
3538 4627 3869 4697 γινομένων,

2295 4712 2370 4784 μή
2398 4714 2771 4788 ἀνακρούησθε
2793 4757 2810 4783 ,
2861 4718 2997 4772 ἀλλὰ
3029 4719 3227 4791 μένητε
3256 4721 3357 4795 τήν
3382 4722 3492 4778 τῶν
3520 4728 3873 4798 πραγμάτων

2291 4813 2572 4870 δυσκολίαν
2603 4821 2670 4889 τῇ
2720 4820 2849 4890 παρ’
2889 4819 3096 4875 ἑαυτῶν
3130 4822 3564 4896 ἀποτειχίζοντες
3587 4828 3875 4903 ἀγρυπνίᾳ

2291 4932 2350 4969 τε
2379 4916 2472 4971 καὶ
2509 4918 2732 4990 σπουδῇ.

2466 5080 2648 5134 ΡΝΕ’.
2683 5080 2995 5150 Χρωματίφ
3018 5082 3328 5150 ἐπισκόπφ
3365 5087 3692 5158 Ἀκυλητας.

2367 5218 2578 5289 Ἥχησε
2608 5220 2702 5274 καὶ
2741 5221 2931 5293 μέχρις
2963 5224 3116 5298 ήμῶν
3139 5226 3174 5296 ἠ
3210 5226 3590 5298 μεγαλόφωνος
3617 5231 3718 5302 τῆς
3748 5233 3878 5307 0:9-

2300 5319 2407 5389 μῆς
2431 5336 2524 5372 σου
2553 5321 2647 5374 καὶ
2670 5321 2898 5393 γνησίας
2927 5324 3148 5397 ἀγάπης
3176 5326 3407 5397 σάλπιγξ
3431 5369 3447 5395 ,
3485 5330 3629 5399 μέγα
3678 5349 3732 5387 τι
3775 5331 3874 5389 καὶ

2298 5508 2593 5628 ωξνίὲἒιξὲε
2641 5526 2754 5562 mss.
2797 5515 2905 5563 οὐδέ
2927 5517 3016 5578 γὰρ
3057 5517 3107 5564 ἐν
3156 5518 3221 5566 ένὶ
3265 5522 3485 5579 στήσεται
3531 5521 3587 5572 τὸ
3613 5525 3871 5586 γινόμενον·

2368 5639 2390 5698 ς
2421 5638 2526 5698 Duo
2552 5649 2663 5683 mss.
2690 5636 2869 5685 τούτων
2889 5638 3045 5686 πόνων
3068 5642 3094 5688 ὁ
3114 5642 3356 5698 στέφανος.

2369 5694 2387 5735 ί
2420 5697 2527 5747 Duo
2549 5710 2659 5746 mss.
2683 5699 2816 5760 ἡμεῖς
2838 5699 3164 5761 ἐπιθυμοῦμεν.
3207 5697 3215 5706 ’
