4076 6426
231 355 330 413 τυι

232 472 321 539 lis,
341 485 462 541 qua
479 469 836 539 contigerunt,
870 462 1203 535 corrigendis
1219 455 1568 529 vigilantiam,
1602 450 1820 506 maximi

228 563 410 618 solatii
445 563 569 623 loco
609 560 834 616 ducens.
879 556 1156 628 Siquidem
1186 553 1239 609 id
1265 565 1374 607 non
1402 545 1661 603 mediocri
1690 543 1820 598 mihi

228 653 584 711 consolationi
615 653 732 719 fuit,
765 667 888 708 cum
926 649 1053 705 illud
1081 661 1292 703 mecum
1329 651 1637 713 reputarem
1661 680 1675 706 ,
1726 653 1824 692 vos

231 753 384 800 tanto
410 743 691 799 intervallo
719 758 749 798 a
782 757 868 797 me
883 740 1202 812 disjunctos,
1230 751 1356 794 cum
1411 748 1513 790 nec
1563 747 1652 788 mc
1702 745 1824 784 mn-

229 850 390 907 qnam
417 834 704 900 vidissetis,
734 849 835 889 nec
882 848 914 887 a
964 847 1052 886 me
1097 829 1196 885 visi
1239 826 1430 884 essetis
1457 867 1475 895 ,
1507 839 1607 880 nec
1657 822 1827 878 ullum

232 940 484 996 umquam
520 939 832 988 sermonem
862 938 1070 979 mecum
1111 919 1431 975 habuissetis
1453 955 1469 983 ,
1499 924 1828 987 perpetrato-

231 1031 350 1072 rum
375 1015 668 1070 facinorum
698 1014 974 1085 iniquitate
1009 1021 1230 1083 repente
1241 1017 1558 1072 commotos,
1575 1014 1829 1078 quantam

232 1116 414 1177 patres
426 1121 552 1177 erga
565 1105 783 1174 liberos,
799 1113 998 1160 tantam
1012 1119 1136 1175 erga
1153 1119 1240 1160 me
1267 1103 1543 1159 caritatem
1568 1099 1830 1155 ostendis-

233 1212 316 1264 se,
330 1198 438 1253 imo
465 1197 625 1253 etiam
639 1212 781 1253 cura:
802 1211 864 1254 ac
884 1195 1253 1255 sollicitudinis
1275 1193 1636 1266 magnitudine
1659 1202 1833 1264 pater-

236 1303 363 1343 unm
390 1303 628 1346 amorem
657 1302 958 1360 superasse.
989 1289 1068 1344 Ac
1109 1297 1392 1358 propterea
1432 1285 1616 1358 pietati
1639 1293 1832 1340 vestra:

234 1380 464 1449 gratiam
497 1380 691 1448 habeo,
720 1394 920 1452 vosque
963 1379 1207 1438 mirificis
1249 1380 1494 1436 laudibus
1535 1379 1590 1434 in
1640 1378 1833 1436 cmlum

239 1471 376 1538 fero,
407 1483 635 1545 petoque
653 1488 684 1528 a
710 1473 882 1541 vobis,
913 1482 970 1528 ut
990 1473 1089 1543 ipsi
1104 1470 1622 1538 vosmetimitemini,
1645 1486 1836 1541 quam-

237 1579 346 1634 que
372 1567 600 1620 antehac
628 1580 844 1636 semper
871 1565 1035 1619 animi
1061 1563 1532 1634 promptitudinem
1559 1561 1834 1618 exhibuis—

240 1657 330 1722 tis,
359 1670 477 1712 eam
506 1654 574 1711 ad
605 1664 903 1712 extremum
935 1655 1261 1726 perducatis.
1315 1655 1386 1712 Ut
1433 1657 1578 1712 enim
1617 1654 1684 1709 ad
1727 1669 1789 1710 ea
1817 1695 1832 1720 ,

239 1763 362 1817 qute
387 1746 717 1814 acciderunt,
753 1747 1192 1804 sarciendanihil
1243 1748 1368 1803 hinc
1422 1747 1663 1803 utilitatis
1713 1760 1837 1816 pro-

240 1839 532 1910 grediatur,
591 1855 696 1897 non
728 1855 889 1910 parva
917 1849 1119 1906 tamen,
1151 1850 1204 1895 ut
1221 1841 1332 1910 jam
1358 1839 1488 1903 dixi,
1538 1838 1692 1894 nobis
1722 1839 1837 1894 ha:c

239 1931 541 1987 consolatio
570 1933 745 1987 futura
774 1941 876 1998 est,
905 1931 1046 2002 quod
1078 1940 1278 1986 tantam
1303 1946 1334 1986 a
1361 1931 1512 1987 vobis
1558 1933 1835 1987 caritatem

240 2024 590 2092 obtinuerim,
619 2033 778 2096 atque
798 2025 1090 2080 etiamnum
1116 2024 1412 2081 obtineant.

543 2155 684 2213 CLI.
709 2157 882 2213 Asello
900 2158 1154 2229 episcOpo.
1188 2157 1368 2229 (Anno
1391 2158 1540 2228 406.)

310 2282 438 2340 Scio
486 2296 585 2338 vos
612 2281 785 2338 literis
811 2281 941 2337 nihil
971 2281 1212 2354 indigere
1231 2323 1246 2346 ,
1273 2282 1468 2354 quibus
1491 2283 1798 2339 cxcitemini
1818 2323 1836 2352 ,

239 2384 402 2446 atque
433 2389 497 2429 ea
525 2374 667 2430 mala
685 2415 702 2442 ,
731 2389 850 2445 qua:
878 2374 1168 2430 orientales
1196 2373 1464 2430 Ecclesias
1490 2375 1834 2443 invaserunt,

239 2466 524 2523 sareienda
557 2466 880 2538 suscipiatis.
912 2467 1075 2539 quue
1098 2482 1199 2539 per
1225 2482 1295 2522 ea.
1313 2509 1328 2534 ,
1361 2483 1480 2538 qua:
1505 2483 1536 2523 a
1567 2468 1716 2523 vobis
1739 2483 1840 2539 ge-

240 2566 322 2610 sta
364 2567 525 2624 sunt,
570 2558 782 2628 planum
823 2558 1024 2614 fecistis
1054 2575 1068 2612 :
1099 2559 1295 2631 quippe
1322 2560 1412 2630 qui
1440 2571 1616 2615 vestra
1645 2571 1838 2629 sponte

244 2656 448 2704 tantum
495 2649 656 2704 studii
703 2665 767 2705 ac
804 2650 1094 2722 diligentiae
1133 2651 1436 2721 prmbcatis.
1469 2652 1666 2708 Verum
1697 2667 1834 2723 quo-

242 2739 386 2798 niam
429 2741 731 2810 huiusmodi
759 2743 898 2797 mala
919 2785 934 2811 ,
966 2754 1184 2815 propter
1212 2759 1402 2800 eorum
1430 2745 1518 2816 qui
1545 2759 1608 2801 ea
1641 2759 1834 2815 perpe-

244 2838 455 2886 trarunt
477 2832 762 2887 amentiam
784 2875 800 2898 ,
822 2849 929 2888 non
956 2833 1131 2891 adhuc
1151 2834 1434 2891 emendata
1456 2844 1614 2900 sunt,
1640 2835 1840 2892 idcirco

243 2924 605 2980 necessarium
657 2925 907 2983 duximus
955 2943 1051 2984 vos
1098 2928 1332 2996 hortari,
1383 2932 1442 2986 ut
1481 2945 1550 2986 ne
1577 2930 1838 3001 defatige-

243 3013 413 3078 mini,
445 3029 629 3069 verum
659 3025 932 3072 strenuam
958 3018 1121 3074 animi
1148 3020 1477 3076 alacritatem
1499 3016 1836 3087 adhibentis,

243 3116 404 3174 atque
430 3122 462 3160 a
491 3107 639 3164 vobis
661 3110 790 3180 ipsis
816 3126 1002 3168 rursns
1026 3113 1205 3168 omnia
1232 3113 1541 3170 conferatis.
1574 3115 1705 3170 Nam
1733 3131 1840 3187 quo

245 3197 630 3266 pcricniosiore
682 3215 748 3257 ac
796 3201 1172 3260 incurabiliore
1218 3205 1411 3262 morbo
1455 3206 1702 3263 laborant
1750 3209 1840 3278 qui

244 3285 511 3346 adversus
545 3289 906 3349 Ecclesiarum
945 3303 1143 3350 statum
1186 3295 1482 3354 seditiones
1511 3300 1747 3369 agitant,
1775 3315 1844 3357 eo

245 3393 459 3451 quoque
477 3383 692 3453 gravius
713 3386 948 3458 ipsorum
969 3388 1229 3458 judicium
1254 3392 1358 3446 erit
1385 3407 1401 3446 :
1429 3406 1494 3448 ac
1515 3392 1689 3460 vobis,
1713 3409 1846 3448 con-

247 3479 358 3537 tra,
402 3488 629 3543 quorum
668 3479 833 3534 animi
874 3480 1093 3537 minimc
1141 3481 1482 3554 franguntur,
1526 3483 1846 3542 luculentior

246 3576 458 3620 merces
486 3573 540 3620 et
561 3567 793 3638 majores
817 3585 1054 3628 coronze.

407 3723 583 3782 CLII.
616 3682 907 3797 ερίεσὶρέε.
940 3726 1140 3798 (Anno,
1169 3735 1230 3783 ut
1252 3737 1491 3799 putatur,
1522 3729 1676 3801 tos.)

317 3859 384 3914 Et
429 3859 674 3930 privatim
719 3861 975 3931 singulis,
1006 3871 1062 3918 et
1090 3863 1383 3920 universim
1414 3865 1664 3922 omnibus
1692 3866 1845 3923 vobis

244 3949 446 4018 gratias
493 3949 696 4006 referre
744 3951 1038 4020 debemus,
1087 3967 1193 4009 non
1242 3969 1339 4010 nos
1386 3956 1701 4024 dumtaxat,
1748 3958 1843 4013 scd

244 4042 409 4095 etiam
439 4055 630 4097 omnes
648 4041 937 4099 orientales
964 4044 1238 4116 episcopi,
1265 4046 1599 4104 diversarum
1630 4050 1844 4106 urbium

248 4129 436 4186 clerici
459 4171 474 4196 ,
520 4145 584 4187 ac
624 4131 743 4187 laici
773 4133 922 4190 vario
949 4134 1110 4191 modo
1141 4136 1313 4206 pulsi,
1345 4138 1486 4208 quod
1515 4149 1738 4209 paterna
1765 4143 1847 4196 vi-

201 4253 204 4256 ~
245 4236 400 4276 scera
429 4221 765 4293 exhibentes,
795 4226 964 4281 vicem
993 4236 1230 4282 nostram
1243 4227 1508 4296 doluistis,
1530 4231 1848 4304 fortiterque

245 4311 493 4367 stetistis.
521 4312 654 4368 Nam
680 4315 937 4388 quidquid
960 4326 1261 4374 vestrarum
1290 4323 1519 4390 partium
1541 4333 1676 4388 erat,
1706 4340 1845 4395 pra:-

246 4401 482 4458 slitistis.
525 4405 604 4460 Ac
640 4416 921 4476 propterea
952 4410 1127 4465 cuncti
1160 4425 1258 4466 vos
1285 4413 1611 4483 pra-dicant,
1644 4431 1845 4473 corona

244 4492 485 4561 donant,
528 4504 814 4568 vestraque
859 4499 1068 4572 egregia
1112 4499 1349 4558 facinora
1389 4504 1444 4559 in
1483 4521 1581 4562 ore
1623 4505 1842 4564 habent.

246 4584 404 4654 Quod
437 4587 484 4642 si
512 4590 644 4643 tanti
673 4587 906 4646 honores
931 4592 1083 4648 vobis
1111 4593 1180 4649 ab
1209 4594 1517 4653 hominibus
1545 4598 1846 4670 habentur,

245 4679 481 4748 cogitate
519 4689 712 4750 quanta
753 4681 906 4738 vobis
945 4698 975 4738 a
1005 4684 1240 4755 benigno
1266 4687 1377 4743 Deo
1406 4690 1625 4758 praemia
1651 4707 1834 4763 exspe-

247 4769 443 4825 ctanda
473 4770 599 4826 sint.
628 4771 761 4838 Qum
788 4788 909 4828 cum
940 4775 1040 4845 ipsi
1069 4792 1174 4830 non
1196 4777 1480 4848 ignoretis,
1507 4783 1846 4841 reverendis-

247 4860 374 4914 simi
403 4876 466 4916 ac
494 4861 881 4934 religiosissimi
907 4866 1106 4922 domini
1131 4870 1269 4938 mei,
1294 4871 1506 4928 etiamsi
1533 4874 1605 4944 ii,
1628 4877 1720 4946 qui
1748 4877 1850 4934 Ec-

249 4952 448 5007 clesias
499 4956 839 5023 let-turbant,
889 4958 1166 5016 incurabili
1207 4964 1399 5020 morbo
1433 4976 1748 5038 teneantur,
1781 4988 1851 5029 ne

252 5054 467 5111 tamen,
514 5049 656 5118 quod
707 5052 960 5119 potestis,
1005 5055 1302 5111 remedium
1350 5058 1546 5117 afferre
1572 5062 1852 5121 desinatis.

251 5137 385 5192 Nam
427 5154 535 5208 quo
583 5140 731 5208 plura
771 5142 1150 5213 impedimenta
1192 5148 1319 5214 ',ae
1353 5154 1526 5222 major
1562 5154 1852 5213 difficultas

254 5228 451 5294 fuerit,
492 5245 558 5285 eo
599 5247 812 5303 quoque
854 5235 1026 5306 major
1063 5238 1220 5294 vobis
1252 5255 1462 5299 merces
1492 5246 1612 5300 erit.
1644 5247 1778 5303 Nam
1805 5251 1850 5305 si

254 5319 346 5389 qui
381 5321 628 5389 poculum
657 5338 809 5392 aqua:
836 5324 1040 5396 frigida:
1066 5328 1192 5396 dat,
1226 5347 1334 5387 non
1361 5335 1478 5390 sine
1507 5339 1754 5395 mercede
1781 5340 1852 5396 ob

254 5411 642 5468 humanitatem
668 5415 780 5471 abit
801 5415 1014 5486 (Matth.
1049 5419 1136 5475 10.
1159 5422 1274 5494 42);
1291 5427 1624 5499 perpendite,
1646 5447 1852 5503 quaeso,

298 5608 340 5690 ξι
363 5607 569 5690 nec
582 5607 894 5690 hmani-nostri,
911 5625 1017 5690 quo
1029 5616 1192 5690 plures
1211 5623 1509 5690 tempestates
1530 5624 1631 5690 (gr.
1653 5627 1849 5690 metm

260 5668 789 5748 ‘.§-i""ﬁ‘ﬁ?-J‘3dil-'
834 5668 933 5748 tit“;
953 5668 1098 5748 P.1d"?
1137 5668 1845 5748 διηρεάῖιέιέωἶ(ἷὼὶόᾗᾶὶὲίῇ

250 5727 258 5737 '
265 5742 438 5802 1-mith
454 5733 718 5802 lectionem
767 5727 1095 5802 prieferebant.
1139 5727 1844 5802 an}.imi"iiiontbiﬁswbiiﬁéi

262 5788 378 5839 llas.
408 5794 560 5844 Savii.
589 5791 740 5845 etiam
764 5788 811 5846 in
837 5803 982 5849 textu
1008 5788 1266 5864 metopae;

1683 331 2061 389 ΙιΙΡΙειΤΟΙΑΞ.

3427 330 3535 384 70".!

1933 455 2186 516 quantam
2232 458 2363 510 vos,
2413 442 2504 512 qui
2557 457 2654 512 pro
2692 441 3016 511 perturbatis
3053 442 3313 500 Ecclesiis
3360 455 3439 500 tot
3472 460 3535 503 ac

1933 545 2078 592 tanta
2103 544 2162 592 et
2187 539 2362 590 facere
2386 544 2442 589 et
2471 535 2673 605 perpeti
2704 535 2758 588 in
2780 534 3017 589 animum
3047 535 3356 604 induxistis,
3387 555 3532 594 mer-

1931 627 2119 684 cedem
2149 626 2420 697 accepturi
2447 625 2567 680 sitis
2585 667 2598 690 ,
2627 635 2936 698 quantaque
2964 642 3059 684 vos
3087 629 3429 702 egregiorum
3457 631 3539 686 ia-

1933 720 2124 776 borum
2153 719 2369 789 praemia
2396 728 2667 773 maneant.

2112 809 2322 867 CLIII.
2349 808 2564 865 Iisdem.
2592 811 2797 882 (Anno,
2825 824 2883 867 ut
2904 822 3141 883 putatur,
3171 814 3324 885 £06.)

2005 901 2307 972 Numquam
2335 901 2488 958 vobis
2514 903 2714 974 gratias
2743 901 2944 960 habere
2975 905 3393 962 intermittimus.
3425 908 3537 964 Etsi

1935 995 2080 1052 cnim
2118 995 2316 1051 multas
2351 995 2422 1051 ab
2465 995 2707 1051 hostibus
2731 995 2959 1065 injurias
2983 999 3323 1067 accepimus,
3357 1009 3536 1056 tamen

1938 1087 2223 1159 plurimum
2268 1087 2450 1143 auxilii
2492 1096 2655 1158 atque
2694 1087 2916 1142 subsidii
2962 1105 2994 1143 a
3036 1090 3218 1158 vobis,
3262 1091 3536 1162 ingentem

1936 1178 2258 1246 caritatem,
2298 1178 2563 1235 sinceram
2595 1178 3022 1248 humanitatem,
3051 1181 3539 1240 ferventissimum-

1938 1285 2043 1340 quc
2070 1270 2308 1328 studium
2337 1271 2603 1326 sensimus
2633 1287 2647 1325 :
2674 1286 2739 1326 ex
2766 1271 2937 1341 iisque
2963 1273 3125 1330 rebus
3151 1290 3254 1330 non
3284 1278 3538 1347 exiguum

1939 1372 2052 1418 tum
2085 1364 2388 1435 gravissimi
2427 1364 2633 1431 exsilii,
2662 1379 2771 1434 quo
2799 1363 3137 1434 detinentur,
3171 1377 3283 1423 tum
3311 1368 3540 1425 aliorum

1939 1454 2200 1509 malorum
2220 1493 2238 1520 ,
2273 1469 2394 1524 qua:
2430 1453 2584 1510 nobis
2613 1454 2759 1510 illata
2783 1464 2909 1511 sunt
2929 1497 2944 1522 ,
2976 1458 3227 1513 solatium
3255 1459 3540 1517 habemus.

1941 1547 2068 1603 Ideo
2101 1562 2196 1603 vos
2240 1563 2492 1619 rogamus
2512 1588 2528 1610 .
2569 1557 2628 1604 ut
2655 1549 2900 1629 eamdem
2931 1551 3087 1608 nobis
3112 1553 3542 1612 benevolentiam

1943 1638 2194 1709 idemque
2218 1638 2453 1696 studium
2481 1639 2735 1697 exhibere
2761 1643 3230 1721 pcfgatis..Neque
3253 1647 3398 1702 enim
3418 1648 3543 1703 offi-

1941 1731 2084 1786 cium
2111 1731 2265 1787 nobis
2289 1741 2493 1787 tantum
2523 1732 2885 1804 praestabitur,
2909 1751 3094 1790 verum
3118 1737 3278 1793 etiam
3303 1739 3370 1794 ad
3393 1755 3543 1797 com-

1941 1837 2160 1878 munem
2192 1822 2556 1879 Ecclesiarum
2587 1823 2873 1880 utilitatem
2902 1826 3220 1884 dimannbit.
3250 1828 3368 1886 Non
3399 1833 3543 1888 enim

1947 1929 2050 1967 una
2069 1954 2084 1980 ,
2114 1923 2207 1967 ant
2235 1914 2400 1978 altera
2422 1955 2438 1980 ,
2469 1923 2564 1968 aut
2592 1923 2700 1971 tres
2721 1916 2912 1983 urbes,
2947 1933 3130 1973 verum
3164 1922 3387 1994 integra:
3412 1940 3546 1995 gen-

1944 2012 2029 2061 tes
2047 2006 2242 2076 ubique
2267 2015 2525 2061 terrarum
2551 2007 2952 2076 perturbantur.
2981 2012 3058 2066 Ac
3085 2013 3311 2082 proinde
3340 2023 3544 2071 tantum

1943 2112 1974 2152 τι
2027 2097 2180 2154 vobis
2237 2098 2470 2154 studium
2527 2099 2770 2156 adhiberi
2827 2105 3118 2168 convenit,
3166 2117 3424 2178 quantum
3476 2112 3546 2167 ab

1944 2189 2009 2244 iis
2051 2190 2292 2246 adhiberi
2339 2206 2436 2261 par
2480 2201 2596 2258 est,
2623 2194 2714 2263 qui
2766 2209 2864 2264 pro
2908 2204 2986 2250 tot
3035 2197 3334 2254 animarum
3377 2202 3549 2259 salute

1945 2282 2184 2337 laborem
2242 2283 2560 2353 suscipiunt.
2616 2286 2770 2355 Quod
2820 2288 2864 2341 si
2919 2289 3117 2345 multos
3171 2293 3282 2362 jam
3337 2295 3549 2353 labores

1947 2375 2273 2445 pertulistis,
2335 2379 2636 2448 vestrisque
2699 2381 2939 2450 partibus
3003 2385 3169 2440 functi
3231 2389 3397 2458 estis,
3452 2406 3551 2445 nos

1944 2482 2159 2538 quoque
2207 2468 2258 2524 id
2302 2470 2637 2540 exploratum
2668 2472 2960 2543 habemus,
2991 2492 3163 2548 coque
3188 2482 3406 2538 nomine
3434 2484 3553 2540 sine

1943 2561 2048 2615 ulla
2099 2562 2496 2620 intermissione
2541 2565 2695 2621 vobis
2748 2569 2948 2639 gratias
3005 2573 3213 2642 agimus
3258 2591 3273 2628 :
3320 2577 3554 2644 petimus

1943 2664 2126 2709 autem
2158 2670 2189 2709 a
2220 2656 2403 2725 vobis,
2437 2673 2504 2713 ne
2532 2656 2634 2714 hoc
2658 2659 2839 2717 facere
2860 2661 3139 2719 desinatis.
3168 2666 3445 2738 Siquidem
3472 2680 3554 2726 to-

1945 2745 2170 2801 lerantia
2189 2789 2206 2815 ,
2239 2749 2490 2818 patientia
2512 2792 2529 2818 ,
2560 2761 2617 2807 et
2640 2763 2896 2809 constans
2923 2760 3186 2815 sententia
3219 2772 3425 2832 vestra,
3456 2780 3553 2821 eos

1945 2837 2108 2892 etiam
2148 2838 2239 2909 qui
2285 2841 2551 2910 pervicaci
2589 2844 2771 2899 animo
2811 2855 2971 2915 sunt,
3015 2864 3080 2906 ac
3109 2865 3246 2921 pene
3270 2854 3552 2912 incurabili

1947 2930 2136 2984 morbo
2169 2939 2420 2987 tenentur
2447 2975 2460 2999 ,
2491 2934 2556 2989 ab
2584 2949 2680 2999 ea,
2709 2953 2812 3008 qua
2845 2953 2987 2995 nunc
3012 2941 3292 3013 laborant,
3326 2946 3554 3004 demen-

1949 3012 2018 3074 tia
2045 3021 2315 3078 abducere
2346 3025 2563 3093 poterit.
2598 3025 2657 3081 Si
2685 3042 2813 3083 vero
2844 3029 3221 3090 immedicabili
3252 3012 3442 3093 morbo
3473 3039 3555 3095 la-

1949 3111 2142 3168 borent
2164 3153 2180 3180 ,
2225 3123 2282 3170 at
2313 3115 2468 3173 vobis
2508 3128 2657 3175 certe
2692 3123 2962 3180 cumulata
2989 3140 3230 3197 merces,
3259 3129 3556 3189 bonorum-

1947 3219 2053 3276 que
2084 3206 2278 3263 horum
2307 3209 2324 3240 ί
2351 3224 2550 3267 corona
2575 3211 2781 3286 integra
2810 3216 2934 3272 erit.

2163 3318 2284 3376 CLI
2299 3319 2358 3373 V.
2385 3321 2596 3379 Iisdem.
2613 3325 2818 3398 (Anno,
2842 3339 2900 3385 ut
2923 3340 3161 3404 putatur,
3185 3336 3340 3411 406.)

2021 3431 2133 3487 Nos
2160 3434 2382 3505 quidem
2412 3441 2656 3510 corporis
2680 3443 2842 3498 etiam
2873 3446 3042 3505 oculis
3068 3465 3163 3506 vos
3190 3452 3375 3511 videre
3396 3469 3562 3528 cupe-

1950 3540 2174 3592 rcmus;
2216 3531 2467 3598 quoniam
2497 3543 2678 3590 autem
2709 3535 2759 3591 id
2786 3538 3009 3596 minime
3035 3541 3197 3609 licet,
3229 3547 3354 3617 quia
3381 3551 3557 3609 exsilii

1950 3617 2178 3674 vinculis
2219 3623 2496 3678 constricti
2530 3633 2775 3682 tenemur
2795 3671 2809 3693 ,
2840 3630 3080 3689 caritatis
3105 3637 3276 3693 oculis
3301 3654 3399 3696 vos
3427 3658 3566 3713 quo.

1953 3710 2084 3764 tidie
2122 3711 2394 3767 cernimus
2428 3723 2589 3785 atque
2618 3719 3028 3788 amplectimur.
3063 3725 3359 3800 plausuque
3384 3710 3563 3789 etad-

1953 3801 2241 3858 miratione
2272 3807 2524 3875 prosequi
2549 3822 2655 3863 non
2679 3809 2995 3877 desinimus,
3014 3817 3158 3885 quod
3178 3827 3377 3876 tantam
3396 3826 3561 3881 animi

1951 3891 2284 3948 alacritatem
2309 3909 2373 3950 ac
2394 3896 2628 3953 studium
2658 3914 2756 3969 pro
2775 3900 3012 3961 Orientis
3037 3906 3295 3966 Eeclcsiis
3315 3912 3384 3967 ab
3410 3914 3564 3973 initio

1953 3983 2019 4039 ad
2045 3984 2147 4042 hoc
2185 4002 2355 4059 usque
2385 3997 2594 4060 tempus
2620 4003 2930 4052 constanter
2959 3999 3280 4060 cxhibuistis
3313 4025 3326 4061 :
3359 4023 3562 4082 vosque

1952 4092 2207 4149 rogamus
2227 4121 2243 4146 ,
2285 4089 2341 4136 ut
2370 4096 2552 4151 parem
2579 4084 2742 4140 initiis
2773 4086 2934 4144 finem
2961 4096 3247 4162 prmstctis.
3277 4097 3410 4154 Nam
3437 4115 3562 4158 cum

1954 4169 1988 4224 ii
2013 4171 2102 4241 qui
2134 4174 2314 4228 omnia
2341 4175 2725 4245 perturbarunt
2744 4196 2807 4236 ac
2832 4185 3148 4244 tumultibus
3171 4189 3561 4262 impleverunt,

1912 4313 1918 4325 ,
1957 4273 2098 4320 tanta
2130 4268 2476 4324 contentione
2499 4285 2564 4327 ac
2581 4274 2878 4341 pervicacia
2905 4279 2984 4332 nsi
3015 4281 3122 4335 sint
3142 4323 3156 4346 ,
3188 4284 3358 4340 multo
3379 4289 3563 4358 utique

1957 4356 2218 4424 majorem
2260 4373 2391 4423 vos,
2419 4362 2511 4431 qui
2556 4362 2912 4424 incommodis
2956 4373 3190 4442 acceptis
3219 4376 3421 4433 mederi
3447 4356 3566 4436 stu-

1955 4447 2131 4513 detis,
2181 4452 2492 4517 patientiam
2543 4469 2609 4510 ac
2652 4456 2989 4517 tolerantiam
3036 4463 3086 4518 in
3131 4464 3440 4538 bnjnsmodi
3467 4488 3564 4529 co-

1956 4547 2084 4593 natu
2109 4539 2367 4596 adhibere
2386 4547 2659 4600 convenit.
2685 4547 2797 4604 Hac
2820 4551 2962 4606 enim
2986 4555 3193 4612 ratione
3215 4561 3388 4631 major
3407 4565 3567 4622 vobis

1957 4645 2169 4686 merces
2221 4633 2501 4706 majusque
2551 4639 2831 4708 praemium
2886 4643 3122 4715 erit,si,
3165 4649 3291 4708 licet
3333 4654 3567 4726 impedi.

1956 4734 2135 4778 menta
2180 4725 2344 4780 multa
2384 4742 2505 4783 sese
2536 4730 2687 4786 vobis
2723 4733 3012 4806 objiciant,
3042 4755 3138 4795 vos
3166 4751 3344 4801 tamen
3375 4749 3567 4818 pedem

1958 4818 2182 4873 minimc
2226 4819 2506 4899 referatis,
2554 4838 2743 4879 verum
2790 4842 2972 4883 rerum
3016 4832 3388 4895 difficultatem
3433 4841 3570 4913 vigi-

1960 4909 2123 4965 lantia
2154 4922 2331 4967 vestra
2359 4915 2606 4971 etstudio
2630 4929 2946 4978 constanter
2975 4924 3365 4987 intercludatis.

1961 5023 2122 5079 CLV.
2167 5023 2462 5082 Chromatio
2496 5027 2576 5100 (α)
2601 5029 2848 5101 Aquileia:
2891 5036 3152 5109 cpiscOpo.
3185 5041 3368 5111 (Anno
3406 5045 3568 5117 406.)

2032 5137 2344 5193 Clarissima
2388 5137 2650 5196 ferventis
2692 5151 2797 5198 tua:
2831 5159 2895 5201 ae
2922 5147 3148 5206 sincera:
3176 5155 3417 5211 caritatis
3443 5159 3570 5217 tuba

1960 5228 2027 5284 ad
2055 5244 2154 5284 nos
2183 5246 2351 5300 usque
2375 5247 2568 5287 sonum
2595 5250 2750 5290 suurn
2775 5236 3015 5306 ditfudit,
3033 5257 3286 5314 magnum
3313 5250 3570 5318 quiddam

2027 5324 2043 5354 ¹
2079 5331 2180 5372 Duo
2204 5329 2312 5372 Mss.
2337 5323 2552 5382 addunt,
2579 5324 2815 5377 laborum.

2027 5385 2102 5448 (ιι)
2138 5386 2220 5434 llic
2241 5385 2622 5467 Chromatiit'ts‘ad
2645 5392 3311 5467 Joannem__chrysostomum
3348 5406 3573 5467 scripsit,

1963 5447 2649 5531 utcennnemoratlt’ailadius
2672 5452 2721 5500 in
2747 5454 2848 5524 βίω
2870 5447 3192 5531 Cmrvsbstomi
3216 5447 3322 5531 cap.
3348 5447 3578 5531 λζ’ϋρὶῖὗέ

1965 5512 2114 5594 etiam
2135 5511 2318 5594 mentio
2342 5510 2550 5594 habetur
2573 5526 2721 5594 supra
2745 5515 2794 5564 in
2821 5510 3037 5594 epistola
3050 5510 3319 5594 Innocentii
3341 5510 3401 5576 id
3425 5510 3576 5594 ξξίῖἶῆἶ

1964 5579 2248 5646 sesuman
2275 5573 2604 5646 Eumdenique
2637 5573 2968 5646 Chromatium
3008 5580 3084 5646 Aq
3097 5573 3401 5638 eiiciens—em"
3425 5573 3576 5641 lieni)-

1964 5635 2100 5684 vilice
2118 5643 2467 5705 commemorat
2489 5638 2811 5705 Itieronymus
2844 5635 3084 5705 Praefatior'
3098 5659 3128 5695 c
3155 5649 3201 5696 in
3227 5635 3383 5701 libros
3400 5635 3577 5705 litari-tli-

1968 5709 2212 5777 min-enen
2238 5703 2291 5746 et
2313 5698 2589 5777 in‘l-Zpistola
2610 5698 2689 5750 66'.
2706 5702 2827 5772 .ttnuic
2847 5704 3071 5777 epistolae
3094 5709 3299 5777 alteram
3323 5698 3577 5777 subibit—xit

1967 5761 2174 5833 savilins
2191 5798 2203 5818 ,
2227 5773 2340 5833 quae
2366 5769 2530 5833 tamen
2569 5763 2761 5833 nonnisi
2785 5761 3004 5825 pauculis
3041 5773 3208 5823 verbis
3243 5775 3304 5822 ah
3332 5761 3576 5830 indicit—ab

1968 5822 2058 5873 hac
2082 5825 2243 5874 tlill'ct't
2262 5857 2277 5882 ,
2306 5833 2358 5874 et
2383 5825 2612 5875 eumdem
2635 5822 2833 5877 enuntio
2865 5842 3068 5882 sensum
3098 5822 3321 5885 exhibet.
