4076 6430
567 312 672 370 703

565 441 631 483 ac
670 425 966 483 diutissime
992 424 1195 481 durans
1222 437 1288 480 ex
1318 431 1464 479 tanto
1497 420 1702 479 itineris
1724 417 2011 476 intervallo
2033 415 2140 486 spi-

563 532 712 585 rans,
730 524 890 587 atque
915 513 983 570 ad
1010 523 1277 571 extremos
1300 528 1469 585 usque
1480 521 1647 569 terrae
1666 511 1798 567 fines
1816 509 2142 581 pertingens.

560 609 672 666 Nec
717 622 851 675 nos,
894 609 1015 666 licet
1060 608 1257 678 alioqui
1303 616 1407 662 tam
1448 606 1603 677 longe
1642 604 1927 676 disiuncti,
1966 601 2141 657 minus

562 716 724 771 quam
770 701 807 756 ii
852 701 943 772 qui
987 699 1217 767 adsunt,
1262 696 1780 754 vehementissimam
1816 703 1975 765 atque
2017 692 2137 763 igne

560 792 774 861 plenam
818 792 1124 857 caritatem,
1170 791 1541 861 sinceramque
1578 799 1632 846 et
1670 787 1869 859 ingenti
1897 786 2142 843 libertate

560 898 625 938 ac
682 882 872 939 fiducia
916 882 1184 952 perfusam
1222 882 1452 953 linguam
1483 921 1500 948 ,
1547 890 1707 951 atque
1748 878 2138 935 adamantinam

565 975 960 1030 contentionem
988 973 1315 1045 exploratam
1343 971 1616 1027 habemus.
1641 970 1762 1026 Ideo
1784 979 1961 1026 vestro
1982 968 2138 1024 etiam

561 1076 850 1138 conspectu
915 1074 1075 1136 atque
1134 1078 1419 1135 congressu
1462 1063 1565 1119 frui
1618 1076 1938 1134 magnopere
1988 1060 2140 1117 nobis

562 1162 618 1216 in
682 1161 821 1217 votis
868 1168 1028 1216 esset.
1080 1158 1339 1227 Quoniam
1393 1166 1571 1213 autem
1623 1156 1676 1213 id
1724 1170 1935 1227 quoque
1987 1153 2139 1210 nobis

556 1267 623 1309 ea
693 1250 958 1316 solitudo,
1021 1264 1124 1320 qua
1171 1264 1311 1304 nunc
1372 1257 1621 1318 tanquam
1666 1245 2008 1316 compedibus
2053 1259 2140 1300 re-

556 1342 728 1399 stricti
793 1355 978 1397 sumus
1008 1380 1025 1407 ,
1090 1339 1288 1411 eripuit
1335 1357 1349 1394 :
1399 1338 1599 1395 idcirco
1643 1336 1915 1393 dominum
1959 1348 2139 1390 meum

558 1433 1063 1490 reverendissimnm
1082 1445 1148 1487 ac
1169 1430 1627 1503 religiosissimum
1651 1427 2018 1499 presbyterum
2044 1440 2140 1480 na-

555 1526 669 1593 cti,
720 1524 1058 1596 cupiditatem
1091 1532 1364 1590 nostram,
1413 1530 1471 1577 ut
1495 1522 1655 1590 licet,
1679 1517 2141 1591 explemus,scri-

557 1618 746 1673 bentes
791 1624 845 1672 et
884 1616 1210 1681 salutantes,
1262 1613 1520 1683 vobisque
1555 1627 1653 1683 pro
1673 1626 1740 1667 eo
1762 1608 1974 1678 studio,
1996 1608 2139 1680 quod

478 1700 481 1703 ’
558 1716 675 1762 toto
718 1706 820 1762 boc
863 1718 968 1761 tam
1005 1705 1254 1760 diuturno
1292 1713 1531 1773 tempore
1566 1715 1756 1773 magna
1805 1714 1926 1756 cum
1975 1699 2137 1754 animi

563 1798 907 1855 contentione
933 1798 1269 1869 praestitistis,
1300 1796 1655 1868 amplissimas
1679 1795 1875 1867 gratias
1898 1802 2134 1865 agentes.

560 1892 641 1945 Ac
659 1904 755 1945 vos
782 1904 1028 1960 rogamus
1047 1897 1103 1946 et
1128 1888 1470 1945 obsecramus
1486 1928 1500 1954 ,
1531 1896 1589 1944 ut
1615 1902 1735 1944 cum
1763 1887 1877 1958 ipse
1901 1893 2138 1943 reverte-

563 1992 649 2035 tur
665 1977 691 2046 ,'
726 1981 1044 2050 insuperqne
1066 1980 1225 2036 etiam
1243 2020 1260 2046 ,
1291 1978 1337 2036 si
1362 1979 1620 2035 tab‘ellarii
1644 1986 1927 2035 occurrant
1952 1977 2041 2049 qui
2069 1973 2136 2030 ad

557 2070 697 2125 banc
743 2070 1079 2126 solitudinem
1124 2070 1370 2139 veniant,
1414 2070 1482 2127 de
1514 2078 1691 2126 vestra
1725 2069 2031 2126 valetudine
2068 2070 2137 2127 ad

559 2178 659 2218 nos
697 2162 962 2218 scribatis.
1010 2162 1128 2219 Scis
1172 2163 1312 2218 enim
1359 2170 1609 2233 quautam
1651 2161 1774 2217 hinc
1816 2162 2136 2232 voluptatem

562 2254 865 2323 percepturi
912 2253 1078 2309 simus
1101 2293 1116 2320 ,
1158 2268 1278 2309 cum
1315 2252 1383 2310 de
1425 2252 1701 2309 hominum
1744 2262 1851 2308 tam
1888 2252 2137 2309 ardenter

557 2357 659 2399 nos
702 2344 989 2399 amantium
1029 2358 1286 2416 prospera
1317 2342 1619 2401 valetudine
1660 2344 1902 2401 crebrius
1942 2344 2011 2400 ad
2037 2358 2136 2401 nos

559 2436 761 2508 aliquid
786 2436 1056 2493 afferetur.

700 2567 785 2623 CL
802 2567 893 2624 VI.
922 2566 1209 2639 Episwpis.
1243 2568 1441 2639 (Anno,
1463 2575 1522 2623 ut
1548 2574 1784 2639 putatur,
1814 2565 1968 2638 406.)

630 2700 837 2757 Clamat
865 2700 1077 2770 quidem
1105 2699 1300 2771 ubique
1324 2699 1441 2771 ipsa
1467 2714 1677 2771 quoque
1705 2714 1883 2757 rerum
1913 2710 2095 2757 natura
2116 2742 2133 2770 ,

556 2790 744 2861 quavis
791 2791 915 2846 tuba
953 2790 1354 2847 luculentiorem
1392 2804 1576 2846 vocem
1600 2792 1883 2862 emiltens,
1910 2792 2136 2862 praecla-

555 2883 828 2937 rissimum
864 2889 1103 2937 vestrum
1145 2883 1340 2949 zelum,
1370 2882 1639 2953 animique
1662 2898 1759 2953 pro
1785 2881 2020 2937 veritatis
2044 2881 2137 2938 de-

564 2972 808 3028 fensione
848 2971 1211 3039 alacritatem,
1261 2986 1418 3044 quam
1461 2988 1565 3028 non
1594 2973 1801 3028 itineris
1824 2972 2132 3044 longitudo,

559 3080 669 3119 non
710 3064 963 3134 temporis
1001 3063 1317 3119 diuturnitas
1342 3104 1356 3131 ,
1398 3080 1505 3119 non
1549 3065 1823 3119 hominum
1852 3065 2132 3121 insanabili

557 3154 745 3210 morbo
791 3154 1143 3209 laborantium
1188 3169 1382 3209 vesana
1426 3155 1729 3222 contentio,
1777 3170 1882 3211 non
1908 3156 2134 3226 denique

557 3243 701 3299 aliud
725 3244 1008 3314 quidquam
1038 3244 1338 3313 lmjusmodi
1367 3246 1663 3315 oppressit,
1689 3254 1779 3300 aut
1800 3247 1957 3301 etiam
1981 3246 2133 3303 debi-

560 3337 755 3391 litavit.
782 3339 859 3391 Ac
880 3350 974 3391 nos
995 3336 1120 3391 item
1147 3350 1364 3406 magnas
1387 3337 1536 3394 vobis
1562 3339 1758 3409 gratias
1784 3354 1959 3410 agere,
1977 3348 2135 3410 atque

558 3444 877 3484 coronarum
922 3443 1105 3485 earum
1148 3430 1361 3485 nomine
1384 3471 1401 3498 ,
1442 3446 1559 3501 qua:
1598 3432 1747 3487 vobis
1786 3432 1857 3487 ob
1884 3434 2133 3501 praeclara

560 3520 677 3575 hanc
700 3521 990 3574 certamina
1027 3536 1057 3574 a
1086 3521 1313 3591 benigno
1340 3522 1447 3576 Deo
1475 3522 1854 3589 reconduntur,
1882 3524 2132 3593 gratulari

560 3625 667 3663 non
708 3609 1015 3664 desinimus.
1068 3610 1137 3664 Et
1161 3611 1371 3681 quidem
1400 3626 1578 3667 coram
1607 3615 1767 3669 etiam
1795 3628 1889 3669 vos
1913 3629 2135 3672 cernere

559 3716 897 3770 caperemus.
942 3702 1200 3768 Quoniam
1246 3713 1421 3757 autem
1464 3703 1514 3757 id
1540 3704 1756 3760 minime
1784 3705 1894 3761 fieri
1926 3716 2131 3776 potest,

560 3794 699 3861 quod
743 3794 913 3849 exsilii
954 3795 1177 3849 vinculis
1202 3795 1439 3851 adstricti
1468 3806 1775 3863 teneamur;
1810 3799 2009 3854 idcirco
2035 3800 2132 3855 do—

561 3887 760 3938 miuum
810 3902 985 3941 meum
1032 3888 1525 3943 reverendissimum
1576 3905 1639 3945 ac
1679 3892 2132 3960 religiosissimum

561 3978 925 4050 presbyterum
956 3980 1127 4047 nacti,
1156 3996 1251 4050 per
1266 3995 1384 4035 cum
1412 3981 1688 4037 scribimus
1710 4022 1724 4047 ,
1756 3982 2015 4052 vobisque
2039 3985 2133 4039 de-

559 4074 725 4125 bitum
770 4072 1100 4128 salutationis
1147 4088 1339 4127 munus
1382 4074 1730 4143 persolvimus
1774 4092 1787 4128 :
1830 4076 1954 4130 illud
1986 4077 2134 4131 vobis

560 4162 916 4232 significantes
935 4203 950 4229 ,
976 4177 1070 4217 vos
1096 4163 1399 4219 universum
1429 4162 1698 4219 Orientem
1729 4166 1890 4219 vestri
1920 4165 2131 4220 deside-

558 4257 642 4309 rio
664 4253 1035 4321 inﬂammasse,
1062 4255 1430 4326 ingentemque
1459 4257 1618 4311 vestri
1646 4272 1879 4311 amorem
1904 4258 2030 4326 ipsis
2050 4268 2130 4311 at-

562 4350 772 4413 tulisse,
817 4356 974 4417 atque
1012 4365 1259 4405 numeros
1299 4350 1539 4405 homines
1578 4349 1731 4419 justre
1770 4350 2021 4419 hujusce.
2064 4350 2134 4405 ob

559 4454 620 4493 ea
664 4439 857 4508 ﬂagitia
896 4454 1011 4508 quas.
1052 4449 1349 4508 perpetrata
1375 4450 1533 4504 sunt,
1564 4440 1934 4510 indignationis
1963 4442 2133 4497 socios

559 4528 781 4582 habere.
825 4526 929 4581 Vos
974 4529 1149 4597 itaque
1192 4528 1497 4592 hortamur,
1545 4539 1601 4582 ut
1643 4530 1780 4583 idem
1808 4530 2035 4583 studium
2068 4531 2131 4584 ad

527 4609 856 4685 lextremum
900 4631 1067 4686 usque
1105 4619 1381 4687 prmstetis.
1426 4619 1582 4673 Scitis
1618 4618 1759 4673 enim
1803 4629 2023 4689 quantas
2065 4622 2135 4675 ob

534 4692 752 4762 breves
795 4708 892 4761 hos
919 4708 1125 4764 labores
1151 4724 1375 4764 coronas
1402 4711 1669 4779 accepturi
1699 4712 1814 4765 sitis
1837 4753 1852 4778 ,
1885 4713 2130 4768 nimirum

560 4798 880 4852 immortalia
920 4800 1068 4853 vobis
1108 4810 1264 4869 atque
1306 4801 1517 4871 copiosa
1564 4804 1776 4871 praemia
1817 4804 1956 4873 apud
1987 4805 2134 4860 beni-

558 4905 719 4957 gnum
757 4891 917 4944 Deum
950 4892 1315 4947 recondentes.

647 4981 729 5034 CL
744 4982 869 5035 VII.
902 4982 1185 5054 Episwpis,
1207 4987 1289 5055 qui
1314 4986 1374 5039 ub
1403 4986 1668 5041 Occidente
1691 5001 1923 5044 uenerant
1944 4992 2042 5062 (α).

990 5096 1188 5164 (Anno,
1217 5108 1273 5152 ut
1300 5109 1529 5168 putatur,
1558 5101 1710 5171 406.)

636 5207 704 5260 Et
727 5206 936 5276 quidem
970 5209 1113 5277 prius
1134 5226 1341 5280 quoque
1366 5213 1593 5267 studium
1623 5226 1853 5270 vestrum
1874 5260 1889 5284 ,
1921 5229 1973 5274 et
1996 5223 2127 5277 alle-

627 5320 716 5395 I(n)_
737 5327 845 5395 llaec
868 5328 920 5369 et
949 5329 1217 5395 sequentes
1242 5324 1458 5395 epistolae
1493 5328 1551 5377 ad
1573 5329 1842 5395 episcenos
1862 5335 1944 5395 qni
1967 5336 2029 5383 ab
2050 5346 2134 5386 oe-

561 5380 753 5451 cidente
772 5390 1009 5451 venerant
1024 5380 1206 5451 missae,
1232 5380 1439 5448 eicepto
1460 5380 1667 5451 quodafn
1690 5380 1951 5443 vei-bber
1966 5380 2131 5447 {ﬁse};

562 5442 1108 5521 mittietejufdempene
1132 5442 1295 5521 formae
1318 5442 1429 5521 sunt
1445 5489 1458 5507 ,
1477 5442 1537 5521 ἷξε,
1566 5453 1628 5500 ab
1653 5453 1826 5521 eodem
1849 5442 2133 5521 presbitero

562 5503 844 5575 deferenda:
874 5503 1115 5575 (limatur.
1148 5509 1221 5575 sic
1254 5503 1468 5575 auten'ta
1488 5512 1817 5575 Clirysostomo
1840 5503 2131 5571 concinnata;

563 5561 715 5635 fuisse
752 5565 1002 5635 videntur,
1040 5575 1095 5616 ut
1132 5570 1225 5618 eLsi
1263 5570 1325 5618 ad
1359 5561 1611 5635 epismpo's
1642 5561 2135 5635 bditiéniiié's'siﬁﬁti

566 5634 725 5735 ἓξὲξ
746 5626 993 5736 immatur,
1028 5640 1168 5677 suum
1202 5638 1363 5681 tamen
1392 5626 1571 5697 "cuique
1609 5626 2132 5703 cpiscopoﬂtra‘der-et‘tir

714 5700 773 5736 ιδ’
816 5720 829 5736 .

714 5700 829 5748 ptas.

1302 308 1359 365 8.
1396 303 1673 364 JOANNIS
1705 295 2178 360 CHRYSOSTOMI
2222 294 2532 353 LRCHIEP.
2554 296 3084 360 CONSTANTINOP.

3725 309 3834 368 7N

2250 418 2391 466 ctum
2415 452 2430 479 ,
2473 427 2630 484 quem
2671 413 2739 470 ad
2785 414 3144 473 Ecclesiarnm
3188 417 3507 477 detrimenta
3549 424 3836 480 sarciendis

2246 504 2604 575 praestitistis,
2654 505 2861 564 ﬁrmam
2905 509 3063 566 etiam
3102 525 3167 567 ac
3206 513 3470 569 sinceram
3504 513 3837 572 benevolen-

2247 596 2403 663 tiam,
2449 595 2839 666 fortitudinem,
2888 600 3048 656 animi
3088 604 3441 661 constantiam
3484 623 3550 663 ac
3591 609 3832 666 toleran-

2251 688 2415 756 tiam,
2455 704 2611 760 quam
2655 690 2849 747 tamdiu
2878 707 2988 763 pra:
3029 695 3177 751 vobis
3220 697 3447 765 tulistis,
3488 703 3749 773 majorem
3777 705 3833 759 in

2247 780 2463 835 modum
2491 781 2816 840 admirabar.
2844 784 2995 840 Nunc
3020 795 3193 842 autem
3223 804 3290 844 ex
3318 793 3517 861 ingenti
3544 794 3709 848 animi
3736 811 3835 850 ve-

2245 870 2342 925 stri
2365 872 2543 942 vigore
2570 882 2784 942 stupore
2810 873 3029 931 affecms
3056 890 3208 933 sum:
3239 880 3433 950 quippe
3461 885 3552 953 qui
3580 892 3687 938 tam
3717 886 3834 941 lon-

2244 977 2363 1032 gam
2410 978 2472 1018 ac
2520 964 2810 1033 marinam,
2859 966 3204 1040 laborumque
3246 981 3301 1027 et
3327 974 3583 1031 sudorum
3614 978 3830 1047 plenam

2246 1055 2727 1125 peregrinationem
2769 1057 2919 1114 vobis
2937 1099 2951 1124 ,
3000 1070 3056 1114 ut
3086 1060 3338 1119 Ecclesiae
3366 1066 3665 1122 commodis
3694 1084 3831 1123 con-

2243 1144 2487 1199 suleretis
2507 1187 2522 1212 ,
2564 1146 2951 1216 suscipiendam
2978 1148 3252 1208 duxeritis.
3283 1153 3362 1208 Ac
3386 1155 3577 1210 vellem
3605 1156 3830 1226 quidem

2241 1233 2372 1288 mihi
2413 1250 2624 1305 quoque
2668 1250 2810 1307 saepe
2838 1239 3073 1294 scribere
3091 1281 3106 1307 ,
3137 1241 3477 1314 debitamque
3502 1246 3653 1302 vobis
3680 1249 3831 1304 salu-

2243 1322 2496 1379 tationem
2541 1326 2844 1395 persolvere
2888 1328 3089 1385 liceret.
3132 1330 3397 1398 Quoniam
3425 1344 3605 1391 autem
3634 1337 3689 1392 id
3719 1341 3827 1393 nti—

2242 1414 2386 1470 nime
2422 1414 2582 1484 licet,
2609 1417 2749 1488 quod
2775 1417 2829 1474 in
2858 1434 2923 1475 eo
2948 1420 3067 1477 loco
3096 1412 3331 1480 habitem
3350 1465 3367 1491 ,
3401 1425 3490 1496 qui
3519 1442 3658 1497 pene
3677 1432 3828 1486 omni

2240 1506 2387 1562 aditu
2425 1518 2607 1576 caret,
2648 1519 2704 1566 et
2744 1511 3025 1569 solitudine
3061 1513 3327 1587 undique,
3374 1525 3626 1589 tanquam
3667 1536 3827 1579 mure

2241 1600 2468 1670 quodam
2490 1641 2508 1669 ,
2539 1603 2862 1673 interceptus
2889 1615 3001 1673 est,
3033 1606 3231 1663 idcirco
3259 1623 3401 1664 nunc
3429 1614 3827 1670 reverendissi-

2240 1707 2386 1746 mum
2430 1707 2493 1748 ac
2533 1693 2986 1765 religiosissimum
3031 1698 3302 1756 dominum
3347 1717 3523 1759 meum
3549 1705 3827 1778 presbyteo

2240 1797 2357 1838 rum
2402 1793 2589 1841 nactus
2611 1825 2629 1853 ,
2667 1787 2943 1843 caritatem
2983 1799 3210 1846 vestram
3240 1794 3411 1848 saluto
3433 1836 3450 1861 ,
3479 1810 3682 1867 vosque
3709 1813 3827 1853 mo-

2240 1889 2343 1929 neo
2367 1889 2430 1930 ac
2452 1889 2580 1946 rogo
2602 1916 2618 1943 ,
2648 1884 2706 1931 ut
2730 1877 2889 1933 finem
2914 1879 3187 1951 principiis
3210 1893 3625 1941 consentaneum
3654 1889 3827 1958 impo-

2239 1966 2399 2020 natis.
2442 1965 2599 2022 Scitis
2639 1968 2780 2023 cnim
2806 1980 3002 2039 quanta
3030 1972 3180 2029 vobis
3209 1974 3476 2043 patientia:
3502 1992 3713 2033 merces
3738 1978 3829 2034 fu-

2240 2063 2358 2111 tura
2378 2056 2476 2123 sit,
2505 2068 2803 2129 quantaque
2828 2061 2894 2115 iis
2921 2075 2952 2115 a
2979 2062 3206 2133 benigno
3235 2065 3347 2120 Deo
3370 2069 3591 2136 praemia
3616 2072 3828 2125 consti-

2239 2155 2353 2202 tuta
2375 2190 2390 2215 ,
2411 2148 2501 2219 qui
2522 2163 2620 2218 pro
2639 2150 2846 2220 publica
2868 2166 2996 2221 pace
3018 2153 3228 2210 labores
3252 2156 3501 2224 subeunt,
3530 2173 3595 2215 ac
3616 2168 3824 2218 tantum

2237 2246 2505 2296 certamen
2534 2240 2848 2310 suscipiunt.

2402 2370 2662 2427 CLVIII.
2690 2372 2900 2431 Iisdem.
2935 2376 3134 2450 (Anno,
3164 2387 3221 2436 ut
3242 2391 3473 2452 putatur,
3506 2384 3663 2459 406.)

2310 2511 2424 2567 Non
2453 2527 2668 2583 parvam
2699 2522 2753 2570 et
2777 2515 2929 2573 vobis
2960 2514 3088 2587 ipsis
3112 2532 3432 2576 coronarum
3460 2533 3699 2592 segetem
3726 2573 3740 2591 ,
3766 2535 3827 2581 es

2239 2602 2394 2658 nobis
2420 2605 2852 2661 consolationum
2883 2610 3159 2665 materiam
3189 2651 3205 2677 ,
3251 2612 3667 2681 praeclarissimo
3716 2616 3824 2674 hoc

2238 2702 2419 2751 vestro
2469 2696 2646 2752 studio
2696 2697 3071 2771 laboribusque
3135 2707 3502 2775 comparastis.
3557 2708 3825 2777 Quocirca

2242 2793 2389 2840 tanto
2440 2786 2601 2842 etiam
2638 2788 2844 2844 itineris
2872 2789 3150 2847 intervallo
3169 2809 3199 2847 a
3224 2796 3372 2851 vobis
3397 2796 3569 2853 dissiti
3588 2840 3606 2863 ,
3634 2801 3826 2859 laudes

2240 2886 2445 2933 vestras
2464 2878 2834 2948 praedicamus,
2858 2882 3009 2938 vobis
3035 2885 3233 2953 gratias
3267 2887 3496 2957 agimus,
3536 2904 3634 2946 vos
3672 2892 3823 2950 deni-

2238 2983 2342 3038 que
2361 2983 2557 3025 corona
2589 2970 2868 3038 donamus,
2902 2989 2966 3030 ac
3014 2975 3197 3032 beatos
3221 2994 3523 3037 censemus.
3552 2984 3629 3039 Ac
3660 2988 3824 3044 velle-

2238 3073 2358 3113 mus
2393 3059 2605 3130 quidem
2628 3060 2956 3133 frcquentius
2981 3066 3139 3120 etiam
3177 3069 3243 3123 ad
3266 3085 3360 3125 vos
3388 3072 3625 3130 scribere
3663 3079 3821 3135 nobis

2238 3152 2455 3218 liceret;
2483 3169 2603 3208 nam
2635 3156 2755 3210 hinc
2779 3171 2989 3229 quoque
3014 3161 3298 3217 maximum
3322 3165 3565 3220 solatium
3592 3183 3818 3238 capere-

2238 3258 2355 3298 mus
2379 3260 2393 3307 ;
2425 3244 2469 3297 si
2490 3244 2700 3314 quidem
2718 3248 2805 3315 qui
2832 3248 3011 3303 literas
3031 3249 3231 3306 ferrent
3258 3256 3488 3310 nancisci
3512 3272 3816 3327 possemus.

2238 3334 2496 3403 Quoniam
2541 3348 2718 3392 autem
2745 3339 2916 3405 nobis,
2948 3343 3037 3411 qui
3068 3344 3132 3397 ad
3160 3356 3430 3402 extremos
3472 3363 3647 3421 usque
3671 3354 3820 3410 orbis

2240 3429 2370 3483 lines
2397 3430 2611 3499 relegati
2642 3447 2845 3496 sumus,
2878 3432 2930 3487 id
2972 3436 3189 3490 minime
3209 3436 3360 3493 facile
3390 3450 3492 3506 est,
3520 3456 3643 3497 cum
3676 3462 3819 3514 pra:-

2240 3519 2422 3572 sertim
2452 3518 2594 3582 haud
2621 3519 2774 3576 facile
2794 3523 3069 3593 quisquam
3086 3526 3152 3579 ad
3181 3542 3276 3581 nos
3316 3531 3570 3588 accedere
3611 3546 3778 3605 queat
3801 3579 3817 3601 .

2239 3608 2437 3663 idcirco
2475 3626 2615 3664 nunc
2640 3653 2655 3677 ,
2706 3627 2824 3666 cum
2857 3616 3359 3673 reverendissinmm
3393 3636 3452 3676 ac
3478 3625 3821 3694 religiosissi-

2239 3716 2383 3752 mum
2409 3702 2680 3756 dominum
2712 3720 2889 3761 meum
2939 3708 3302 3779 presbyterum
3336 3716 3469 3767 nacti
3504 3718 3697 3786 simus,
3727 3723 3824 3776 de-

2240 3788 2397 3842 bitam
2418 3791 2783 3848 salutationem
2808 3796 2955 3851 vobis
2986 3797 3292 3867 pendimus;
3320 3818 3513 3875 vosque
3542 3822 3821 3879 rogamus,

2242 3891 2297 3936 ut
2323 3885 2418 3947 rei,
2450 3888 2492 3937 si
2524 3885 2791 3951 succedat,
2848 3890 3264 3959 magnitudinem
3295 3895 3474 3950 animo
3503 3898 3779 3956 intuentes
3806 3946 3821 3966 ,

2239 3973 2442 4027 etiamsi
2470 3975 2660 4045 alioqui
2693 3978 2978 4045 plurimum
3005 3981 3114 4048 jam
3148 3986 3400 4053 temporis
3420 3988 3471 4039 in
3499 4003 3562 4042 ea
3596 4006 3656 4044 re
3682 4007 3811 4047 con-

2240 4076 2504 4133 sumptum
2534 4074 2636 4133 est,
2664 4078 2823 4136 atque
2850 4070 3269 4127 adversariorum
3309 4079 3598 4145 pervicacia
3631 4081 3817 4152 ingra-

2237 4156 2419 4219 vescit,
2452 4171 2546 4210 nec
2576 4158 2900 4212 curationem
2930 4161 3087 4213 ullam
3121 4164 3405 4219 etiamnum
3433 4168 3701 4236 admittit;
3738 4182 3823 4227 ta-

2239 4259 2398 4311 men,
2445 4261 2563 4312 qum
2609 4256 2902 4300 vestrarum
2953 4254 3182 4318 partium
3232 4264 3372 4318 sunt,
3405 4257 3467 4309 ad
3496 4258 3825 4319 detrimenta

2238 4336 2512 4391 sarcienda
2540 4337 2782 4392 conferre
2808 4356 2875 4394 ne
2898 4340 3182 4396 desistatis.
3217 4345 3331 4410 Quo
3361 4348 3501 4402 enim
3532 4353 3706 4420 major
3721 4355 3825 4410 dif-

2239 4428 2445 4483 ﬁcultas
2471 4439 2572 4491 cst,
2625 4447 2687 4483 eo
2717 4448 2924 4503 quoque
2954 4436 3123 4503 major
3158 4448 3209 4489 et
3240 4440 3451 4493 uberior
3480 4446 3820 4513 egregiorum

2241 4519 2423 4574 horum
2455 4522 2802 4577 certaminum
2833 4541 3036 4580 merces
3067 4543 3096 4581 a
3124 4529 3350 4600 benigno
3383 4534 3487 4587 iteo
3520 4537 3669 4591 vobis
3686 4553 3821 4593 con-

2240 4614 2505 4669 stituetur.

2429 4749 2617 4803 CLIX.
2653 4749 2860 4805 Iisdem.
2887 4756 3082 4823 (Anno,
3114 4766 3171 4810 ut
3201 4767 3430 4828 putatur,
3463 4763 3613 4829 .506.)

2308 4886 2420 4939 Non
2444 4887 2683 4954 exiguam
2728 4890 2984 4943 ntalornnt
3030 4909 3212 4946 eorum
3236 4937 3248 4956 ,
3299 4911 3416 4963 qua:
3449 4896 3541 4951 has
3572 4901 3826 4968 regiones

2239 4975 2565 5040 invaserunt,
2594 4978 3009 5033 consolationem
3033 4997 3095 5034 ex
3125 4984 3280 5035 studii
3312 4988 3469 5039 vestri
3499 5002 3559 5042 ac
3586 4988 3821 5059 diligen-

2238 5066 2325 5119 tite
2345 5066 2705 5135 magnitudine
2727 5071 2982 5137 capimus.
3010 5078 3087 5125 Ac
3115 5074 3349 5141 proiecto
3374 5091 3434 5128 ea
3462 5093 3674 5147 quoque
3701 5098 3826 5149 qua:

2239 5157 2384 5223 prius
2413 5172 2442 5208 a
2477 5156 2624 5210 vobis
2652 5156 2787 5214 facta
2819 5173 2981 5227 sunt,
3015 5173 3295 5233 vestraque
3335 5167 3601 5235 vigilantia
3627 5180 3682 5224 et
3710 5180 3828 5227 stu-

2237 5247 2403 5314 dium,
2431 5256 2678 5317 tantaque
2707 5266 2831 5305 cura
2882 5268 2943 5306 ac
2994 5255 3292 5310 sollicitudo
3320 5297 3335 5320 ,
3372 5258 3437 5310 ad
3476 5259 3659 5328 ingens
3690 5264 3827 5317 sula~

2238 5340 2369 5393 tium
2416 5338 2567 5394 nobis
2617 5338 2939 5407 afferendum
2991 5343 3205 5400 abunde
3255 5347 3634 5403 sufﬁciebant:
3677 5358 3825 5421 quod

2238 5444 2413 5485 autem
2482 5446 2622 5486 nunc
2676 5433 2981 5502 adjecistis,
3033 5444 3090 5489 ut
3141 5452 3237 5507 pro
3282 5440 3531 5495 Ecclesiae
3581 5458 3829 5502 commo—

2238 5521 2321 5575 dis
2349 5532 2453 5575 tam
2483 5522 2693 5593 longum
2723 5528 2825 5579 iter
2853 5526 3212 5597 susciperetis,
3238 5544 3332 5583 nos
3353 5546 3537 5587 omnes
3557 5535 3823 5603 majorem

2240 5612 2292 5666 in
2317 5612 2531 5668 modum
2563 5617 2837 5669 recreavit.
2886 5616 3065 5685 Itaque
3105 5622 3476 5675 counnunibus
3503 5624 3695 5678 animis
3744 5628 3823 5680 in.

2241 5713 2428 5775 gentes
2459 5718 2551 5775 pro
2596 5712 2672 5761 tot
2702 5707 2970 5765 laboribus
3010 5723 3073 5765 ac
3104 5708 3381 5767 sudoribus
3436 5715 3817 5789 pretiumque
