4076 6442
572 323 679 380 ἳθὸ

571 441 668 496 καὶ
697 439 805 494 τῶν
851 438 1028 493 καλῶν
1073 436 1277 492 τούτων
1318 435 1547 506 ἀγώνων
1569 476 1583 502 ,
1621 436 1715 490 καὶ
1750 434 2141 507 μακαρίζοντες

571 531 716 604 ὑμᾶς
747 531 807 583 οὑ
830 529 1257 600 διαλιμπάνομεν
1277 527 1375 597 τῆς
1407 527 1580 598 καλῆς
1603 527 1806 598 ταύτης
1839 525 2142 599 προθυμίας

569 641 630 678 τε
659 625 752 677 καὶ
781 622 1032 693 σπουδῆς.
1059 621 1152 674 Διὸ
1178 620 1270 676 καὶ
1296 620 1388 675 τὸν
1425 619 1612 690 κύριόν
1638 636 1738 690 μου
1770 618 1863 672 τὸν
1880 616 2141 688 τιμιώτα-

568 731 659 770 τον
691 714 785 770 καὶ
832 713 1224 768 εὑλαδέστατον
1274 711 1644 782 πρεσϐύτερον
1692 708 2142 780 παρεκαλέσαμεν

567 805 796 877 δραμεῖν
816 806 921 870 ῑως
947 805 1124 877 ὑμῶν.
1154 804 1447 876 Δεξάμενοι
1474 805 1652 858 τοίνυν
1684 802 1845 858 αὑτὸν
1886 800 2024 874 μετὰ
2044 800 2143 872 τῆς

566 895 696 967 ὑμῖν
723 895 1042 967 πρεπούσης
1070 894 1465 966 φιλοφροσύνης
1481 933 1498 957 ,
1523 893 1671 959 ἀξιον
1699 894 1810 956 τοῖς
1837 890 2141 963 προοιμίοις

565 985 629 1040 τὸ
660 985 816 1050 τέλος
841 985 1110 1040 ἐπιθεῖναι
1146 983 1556 1057 παρακλήθητε.
1593 982 1656 1036 El
1684 980 1796 1050 709
1823 979 1918 1036 καὶ
1945 980 2142 1034 ἀνίατα

567 1077 784 1132 νοσοῦσι
824 1078 962 1142 τέως
990 1080 1040 1131 οἱ
1094 1077 1379 1140 τοσούτους
1428 1072 1702 1146 χειμῶνας
1739 1072 1833 1127 καὶ
1873 1071 2141 1142 πολέμους

565 1173 686 1233 ταῖς
708 1168 1058 1240 Ἐκκλησίαιις
1092 1167 1459 1240 ἐργασάμενοι
1487 1205 1502 1230 ,
1551 1163 1804 1218 τοσοῦτον
1837 1161 2138 1226 ταλανίζειν

567 1262 668 1334 μὲν
695 1261 934 1325 ἐκείνους
953 1261 1048 1314 καὶ
1073 1259 1329 1332 δακρύειν
1347 1256 1477 1330 χρὴ,
1497 1257 1643 1328 ὑμᾶς
1665 1256 1722 1310 δὲ
1745 1253 2138 1324 ἐκπλήττεσθαι

565 1353 660 1410 καὶ
691 1351 1083 1423 ἀνακηρύττειν
1107 1389 1124 1416 ,
1154 1351 1237 1405 ὅτι
1287 1351 1380 1404 καὶ
1427 1348 1538 1403 τῶν
1584 1347 1770 1410 κακῶν
1805 1345 2136 1418 αὐξομένων,

568 1443 788 1515 μείζονα
813 1443 898 1497 ἀεὶ
925 1443 1206 1515 προϊόντες
1233 1441 1332 1512 τὴν
1371 1441 1512 1511 ὑπὲρ
1536 1439 1627 1494 τοῦ
1655 1439 1724 1494 10
1754 1437 1976 1494 τοιαῦτα
2004 1437 2138 1508 διορ-

566 1534 736 1589 θῶσαι
760 1532 996 1604 σπουδὴν
1025 1530 1419 1586 ἐπιδείκνυσθε.

758 1647 863 1702 PE’
926 1648 1262 1714 Ἐπισκόπῳ
1285 1646 1521 1700 ἐλθόντι
1552 1642 1672 1701 ἀπὸ
1699 1644 1958 1710 Δύσεως.

636 1762 804 1814 Ὅταν
838 1760 1075 1830 ἐννοήσω
1108 1759 1199 1812 τὸν
1229 1757 1430 1830 ἱδρῶτα
1454 1798 1470 1824 ,
1499 1757 1559 1813 ὃν
1587 1757 1851 1827 ἶδρωσας,
1879 1755 1975 1811 καὶ
1998 1757 2136 1811 οῐκοι

565 1850 870 1922 καθήμενος
892 1892 908 1918 ,
938 1850 1034 1904 καὶ
1064 1849 1282 1920 μακρὰν
1311 1849 1454 1904 οὑτω
1479 1850 1572 1905 καὶ
1599 1849 1904 1903 διαπόντιον
1930 1849 2130 1914 ἀποδη-

567 1943 696 2017 μίαν
729 1942 1074 2010 στειλάμενος
1095 1981 1110 2002 .
1141 1942 1280 2011 ὑπὲρ
1316 1940 1426 1996 τῶν
1455 1943 1572 2003 ταῖς
1613 1938 1962 2011 Ἐκκλησίαις
1997 1956 2135 2012 συμ-

562 2035 835 2104 φερόντων
863 2033 1223 2104 πραγμάτων,
1251 2031 1346 2086 καὶ
1373 2031 1480 2102 πρὸ
1504 2029 1599 2086 τοῦ
1621 2030 1808 2092 τέλους
1842 2047 1904 2083 σε
1939 2047 2133 2100 στεφα-

561 2122 670 2175 νῶν
719 2123 812 2175 καὶ
838 2121 1227 2195 ἀνακηρύττων
1259 2121 1354 2174 καὶ
1403 2119 1721 2192 μακαρίζων
1761 2119 1821 2173 οὑ
1869 2121 2129 2190 παύομαι.

565 2215 666 2267 ’Δν
690 2230 748 2267 τε
778 2213 887 2285 γὰρ
915 2213 1140 2284 γένηταί
1158 2230 1210 2266 τι
1237 2212 1401 2266 πλέον
1423 2211 1532 2266 ἀπὸ
1561 2214 1659 2282 τῆς
1684 2211 1951 2283 ὑμετέρας
1977 2228 2134 2265 01:00-

560 2304 658 2374 δῆς
680 2344 694 2368 ,
727 2303 960 2357 δέσποτά
986 2321 1087 2375 μου
1137 2301 1433 2374 τιμιώτατε
1457 2342 1473 2364 ,
1503 2302 1569 2358 ἀν
1616 2319 1678 2355 τε
1705 2303 1797 2354 ἐπὶ
1828 2306 1929 2374 τῆς
1964 2304 2131 2376 αὐτῆς

564 2396 769 2465 μένωσι
797 2395 1126 2461 φιλονεικίας
1154 2396 1202 2448 οί
1232 2393 1331 2458 τάς
1355 2394 1599 2465 ταραχὰς
1634 2393 1786 2466 παρά
1828 2393 1928 2463 τήν
1959 2393 2132 2465 ἀρχὴν

561 2485 892 2554 ὲμὸαλόντες
916 2525 933 2550 ,
966 2485 1158 2539 ἀνίατα
1191 2485 1469 2548 νοσοῦντες
1493 2527 1509 2554 ,
1543 2486 1672 2555 ὑμῖν
1691 2488 1719 2540 ὁ
1750 2486 1939 2557 μισθός
1982 2487 2131 2542 ἐστιν

559 2576 971 2647 ἀπηρτισμένος
1001 2576 1110 2631 ἀπὸ
1138 2576 1239 2647 τῆς
1264 2575 1488 2649 γνώμης
1529 2577 1624 2631 καὶ
1645 2577 1740 2631 τοῦ
1767 2578 1836 2632 τά
1858 2579 1988 2652 παρ’
2009 2580 2131 2634 ἐαυ-

559 2666 668 2729 τῷν
697 2666 913 2720 ᾶπαντα
949 2668 1296 2735 είσενεγκεϊν.
1341 2667 1440 2721 Διά
1465 2667 1623 2720 τοῦτο
1653 2667 1798 2738 ὑμᾶς
1835 2669 2132 2739 μακαρίζο-

563 2775 683 2829 μεν,
710 2759 1079 2830 θαυμάζομεν,
1111 2757 1342 2830 χάριτας
1359 2759 1488 2830 ὑμῖν
1511 2758 1897 2830 ὁμολογοῦντες
1925 2761 1986 2814 οὑ
2013 2761 2129 2816 δια-

558 2850 921 2922 λιμπάνομεν.
971 2851 1081 2905 Καὶ
1112 2849 1441 2921 ἐδουλόμεθα
1482 2851 1582 2921 μὲν
1620 2853 1711 2906 καὶ
1750 2854 2133 2924 συνεχέστερον

561 2941 924 2996 ἐπιστέλλεινο
957 2941 1146 3014 ἐπειδὴ
1170 2944 1229 2997 δὲ
1253 2941 1410 2998 τοῦτο
1437 2944 1586 3014 ήμάς
1611 2943 1898 3015 παρείλετο
1918 2956 1946 2987 ι
1974 2945 2007 3016 ή
2035 2945 2128 3005 τοῦ

559 3034 761 3106 χωρίου
794 3034 986 3088 τούτου
1011 3074 1026 3099 ,
1052 3036 1112 3089 ὲν
1143 3028 1189 3103 ᾧ
1211 3035 1584 3108 καθείργμεθα
1610 3077 1626 3102 ,
1651 3038 1853 3109 ἐρημία
1876 3078 1893 3105 ,
1925 3036 2019 3091 νῦν
2040 3037 2127 3091 ὅτε

562 3125 894 3196 ἐπετύχομεν
938 3125 1031 3179 τοῦ
1065 3125 1253 3197 κυρίου
1299 3143 1401 3197 μου
1430 3126 1522 3180 τοῦ
1551 3129 1879 3198 τιμιωτάτου
1913 3129 2006 3183 καὶ
2038 3129 2129 3182 εὑ-

561 3214 892 3269 λαϐεστάτου
943 3214 1313 3286 πρεσϐυτέρου
1339 3257 1354 3281 ,
1395 3216 1488 3271 καὶ
1539 3218 1856 3289 γράφομεν,
1892 3221 1985 3273 καὶ
2030 3220 2129 3291 τήν

562 3307 915 3378 ὀφειλομένην
967 3307 1096 3376 ὑμῖν
1150 3307 1508 3381 ἀποδιδόαμεν
1561 3311 1882 3382 πρόσρησιν.
1932 3310 2130 3384 Γνώμη

567 3397 666 3467 μὲν
694 3397 801 3467 γάρ
835 3398 928 3451 καὶ
947 3396 1184 3451 διαθέσει
1213 3397 1470 3462 πολλάκις
1489 3401 1900 3466 ἐπεστάλκαμεν
1917 3442 1933 3469 ,
1956 3402 2131 3476 χάρτῃ

563 3486 620 3539 δὲ
650 3489 742 3539 καὶ
765 3485 952 3556 μέλανι
975 3485 1188 3556 πρῶτον
1213 3487 1328 3552 νῦν,
1356 3487 1544 3559 ἐπειδὴ
1571 3492 1663 3542 καὶ
1687 3489 1782 3544 νῦν
1807 3491 2021 3563 πρῶτον
2040 3491 2132 3546 τὸν

565 3579 698 3649 πρὸς
722 3580 864 3649 ὑμᾶς
888 3578 1279 3650 ἀφικνούμενον
1297 3580 1630 3651 εὑρήκαμεν.
1648 3580 1938 3654 Δεξάμενοι
1954 3582 2131 3638 τοίνυν

562 3669 723 3723 αὐτὸν
749 3670 824 3732 ώς
875 3669 1004 3740 ὑμῖν
1033 3669 1240 3738 πρέπον
1284 3669 1401 3723 ἐστὶ
1425 3708 1442 3734 ,
1493 3671 1588 3725 καὶ
1618 3669 1716 3743 τήν
1747 3674 2130 3745 προσήκουσαν

561 3759 694 3831 περὶ
722 3759 883 3813 αὑτὸν
907 3757 1307 3829 ἐπιδειξάμενοι
1333 3761 1576 3831 ἀγάπην,
1609 3759 1726 3815 δότε
1751 3764 2081 3834 ἐντρυφῆσαι
2102 3765 2130 3805 δ

563 3848 714 3919 ὑμῶν
743 3852 810 3920 τῇ
833 3848 1090 3902 διαθέσει.
1124 3850 1199 3903 Οὑ
1234 3849 1344 3919 γάρ
1372 3848 1575 3922 μικράν
1597 3851 1707 3917 εξει
1747 3853 1845 3922 τῆς
1864 3852 2132 3924 τοσαύτης

560 3937 963 4010 ταλαιπωρίας,
995 3938 1095 4007 τῆς
1136 3939 1276 3993 κατά
1297 3940 1396 4011 τὴν
1419 3941 1755 4012 ὁδοιπορίαν,
1779 3943 2132 4016 παραμυθίαν

561 4030 658 4085 καὶ
686 4029 1050 4101 παράκλησιν,
1088 4030 1265 4103 τὸτῆς
1299 4031 1508 4096 εὑνοίας
1530 4033 1836 4088 ἀπολαῦσαι
1868 4039 1968 4107 τῆς
2000 4037 2133 4108 ὑμε-

559 4121 742 4191 τέρας.
773 4122 897 4174 Ὅτι
927 4123 1036 4190 γάρ
1061 4121 1199 4194 ὑπέρ
1226 4121 1321 4175 τοῦ
1347 4125 1800 4200 ἐρρωμενεστάτῃ
1826 4128 2130 4199 χρήσασθαι

559 4215 626 4282 τῇ
650 4211 850 4281 σπουδῇ
878 4209 987 4264 τῶν
1007 4213 1126 4272 ταῖς
1161 4210 1509 4282 Ἐκκλησίαις
1531 4213 1718 4269 ἐνεκεν
1747 4216 2129 4286 συμφερόντων

559 4301 710 4356 οὐδὲν
732 4299 985 4371 δεήσεσθε
1013 4301 1113 4370 τῆς
1133 4294 1334 4372 ἐτέρων
1359 4303 1716 4376 ὑπομνήσεως
1733 4343 1751 4370 ,
1778 4305 2015 4372 ἐδείξατε
2040 4307 2131 4362 διὰ

561 4393 668 4446 τών
693 4392 1031 4463 πραγμάτων
1053 4391 1251 4447 αὑτῶν.

562 4505 738 4560 ΡΞΑν.
768 4505 1546 4632 Πρεσόυτέροιῖὲῗὲἕὲᾒ.
1566 4507 1814 4566 ἐλθοῦσι
1835 4510 1984 4582 μετὰ
2010 4511 2124 4567 τῶν

631 4711 805 4765 Πολὺν
817 4713 1291 4784 ρλπομεμενήκατε
1329 4712 1491 4766 πόνον
1512 4753 1528 4779 ,
1581 4713 1798 4785 μακρὰν
1844 4714 1988 4769 οὑτω
2034 4719 2129 4772 καὶ

557 4805 862 4859 διαπόντιον
883 4805 1192 4876 ἀποδημίαν
1224 4805 1583 4874 στειλάμενοι,
1603 4807 1770 4862 πολὺν
1792 4809 1885 4864 τὸν
1905 4810 2125 4882 ἱδρῶτα,

559 4890 672 4949 ἀλλ’
685 4896 780 4966 οὑχ
790 4896 930 4969 ὑπὲρ
941 4897 1050 4951 τῶν
1065 4896 1334 4967 βιωτικῶν
1353 4904 1446 4952 καὶ
1463 4900 1742 4970 ἐπικήρων
1762 4904 2103 4974 πραγμάτων

561 4986 845 5058 16951ἀλλ”
875 4989 1015 5059 ὑπὲρ
1039 4987 1145 5042 τῶν
1178 4992 1298 5054 ταῖς
1347 4990 1696 5055 Ἐκκλησίαις
1720 4996 2120 5065 συμφερόντων,

560 5078 699 5146 ὑπὲρ
738 5071 812 5130 ὧν
867 5078 962 5131 καὶ
986 5077 1164 5148 πολλῷ
1189 5079 1410 5149 μείζονα
1456 5081 1566 5133 τῶν
1595 5081 1776 5136 πόνων
1800 5082 2033 5152 λήψεσθε
2055 5086 2125 5140 τὰ

560 5168 788 5239 βραϐεϊα
818 5169 969 5240 παρά
987 5169 1081 5223 τοῦ
1115 5169 1497 5240 φιλανθρώπου
1521 5171 1675 5226 Θεοῦ.
1711 5172 1788 5225 Οὑ
1820 5173 1990 5244 μικρά
2020 5175 2127 5228 τοί-

557 5278 650 5312 νυν
681 5261 776 5314 καὶ
818 5262 946 5331 ὑμῖν
983 5260 1077 5314 καὶ
1129 5263 1259 5331 ἡμῖν
1306 5261 1457 5314 ἔσται
1505 5261 1847 5331 παράκλησις
1889 5264 1919 5315 ὁ
1964 5263 2127 5327 πόνος

559 5351 710 5421 ὑμῶν
748 5351 842 5404 καὶ
875 5353 909 5421 ή
968 5351 1166 5421 σπουδή
1203 5369 1217 5382 ο
1260 5353 1388 5422 ὑμῖν
1433 5352 1531 5423 μὲν
1556 5392 1571 5416 ,
1621 5352 1702 5405 ὅτι
1735 5354 1873 5424 ὑπὲρ
1905 5356 2126 5428 εἰρήνης

557 5446 824 5501 τοσούτων
863 5446 1194 5518 Ἐκκλησιῶν
1220 5449 1249 5500 ό
1279 5446 1437 5513 καλὸς
1463 5441 1617 5510 οὗτος
1647 5448 1772 5518 ὑμῖν
1814 5446 1963 5517 ἀγὼν
1983 5491 1998 5518 ,
2032 5452 2126 5505 καὶ

619 5603 645 5669 _‘
668 5603 804 5669 μους
820 5610 944 5667 ἡμᾶς
962 5607 1234 5669 περιείλετο.

620 5664 645 5703 δ
668 5663 775 5736 1200
937 5663 1034 5725 τῆν’
1053 5669 1386 5730 προσήκουσαν
1413 5669 1508 5731 ιιερἶ
1539 5668 1676 5716 αὑτὸν
1697 5669 1980 5726 ἐπιδείξασθε
2007 5671 2122 5734 ἀγά-

555 5740 664 5787 πην,
685 5726 835 5786 δὰντες
856 5726 1150 5793 ἐντρυφῆσαι.

1251 297 1309 354 S.
1344 294 1630 358 JOANNIS
1670 299 2163 360 CHRYSOSTOMI
2199 302 2522 368 ARCHIEP.
2568 311 3116 373 CONS‘I'ANTINOP.

3713 325 3834 382 706

2252 434 2345 489 ἐπὶ
2377 435 2558 508 πολλῷ
2598 434 2805 508 μείζοσι
2844 435 3127 505 στεφάνοις
3176 436 3210 506 ἡ
3239 434 3539 501 ἀντίδοσις·
3580 439 3716 510 ήμῖν
3741 439 3827 508 ἃ,

2246 529 2330 584 ὅτι
2354 527 2622 600 τοσαύτης
2653 528 2783 600 παρ’
2821 528 2976 600 ὑμῶν
3003 527 3397 598 ἀπηλαύσαμεν
3437 529 3659 602 ἀγάπης
3682 570 3699 596 ,
3729 538 3833 586 και

2247 620 2401 694 παρὰ
2423 620 2534 675 τῶν
2581 619 2850 675 τοσούτων
2885 619 2982 672 καὶ
3011 618 3345 690 τηλικούτων
3373 620 3583 693 ἀνδρῶν
3621 622 3831 693 πολλῆς

2243 713 2623 787 τετυχήκαμεν
2651 712 2750 783 τῆς
2777 711 3011 782 σπουδῆς
3031 751 3046 776 ,
3073 711 3172 765 καὶ
3213 709 3294 782 τῷ
3331 710 3542 784 σώματι
3569 712 3831 768 τοσοῦτον

2243 805 2634 876 διῳκισμένους
2664 802 2786 858 ὀδοῦ
2816 806 2990 875 μῆκος
3019 805 3087 874 τῇ
3107 800 3210 873 τῆς
3237 802 3457 874 ἀγάπης
3475 802 3668 856 ἀλύσει
3695 801 3830 873 ὑμῖν

2244 896 2432 959 αὐτοῖς
2473 893 2798 965 συνεδήσατε
2858 890 2996 963 μετά
3021 890 3223 962 πολλῆς
3262 889 3363 961 τῆς
3391 888 3697 961 ἀκριϐείας.
3725 887 3840 942 Διὰ

2244 985 2418 1041 ταῦτα
2443 985 2670 1058 χάριτας
2701 983 2831 1056 ὑμῖν
2855 981 3013 1053 ῐσμεν
3035 978 3236 1043 πολλάς
3257 1018 3273 1044 ,
3298 979 3394 1033 καὶ
3415 976 3828 1050 ἀνακηρύττον-

2241 1095 2334 1143 τες
2360 1077 2512 1147 ὑμῶν
2539 1073 2636 1147 τήν
2672 1073 2873 1145 πολλὴν
2895 1071 3109 1127 εὑνοιαν
3131 1070 3194 1124 οὑ
3238 1068 3546 1140 παυόμεθα.
3579 1069 3691 1140 Hoc;
3722 1067 3828 1139 μέν

2242 1169 2351 1239 709
2369 1167 2536 1242 αὑτήν
2555 1167 2649 1221 καὶ
2671 1165 2811 1237 αὑτὴ
2837 1164 2946 1219 τῶν
2972 1161 3315 1234 πραγμάτων
3335 1161 3370 1231 ή
3399 1161 3572 1231 φωνή,
3599 1160 3664 1213 οὑ
3707 1159 3826 1214 δια-

2241 1258 2581 1330 λιμπάνομεν
2609 1256 2667 1312 δέ
2689 1255 2783 1312 καὶ
2807 1255 2970 1327 ήμείς
2996 1253 3085 1308 διά
3102 1253 3203 1323 τῆς
3231 1251 3508 1323 ἡμετέρας
3530 1250 3694 1305 τοῦτο
3727 1251 3824 1322 ἐρ-

2240 1350 2530 1421 γαζόμενοι
2556 1349 2822 1422 γλώττης.
2849 1349 2913 1404 Εῑ
2942 1348 3001 1403 δὲ
3031 1347 3126 1401 νῦν
3155 1346 3372 1414 πρῶτον
3403 1347 3532 1416 ὑμῖν
3554 1344 3825 1400 ἐπεστάλ-

2241 1458 2452 1514 καμεν,
2490 1439 2592 1495 οὑκ
2628 1440 2738 1496 ἀπὸ
2783 1441 2883 1511 τῆς
2917 1438 3228 1510 ῥᾳθυμίας,
3275 1435 3389 1491 ἀλλ’
3433 1435 3544 1489 ἀπὸ
3581 1435 3686 1506 τῆς
3724 1434 3822 1489 τοῦ

2239 1536 2406 1588 τόπου
2441 1531 2678 1604 ἐρημίας
2707 1530 2867 1585 τοῦτο
2897 1528 3246 1601 πεπόνθαμεν
3265 1569 3280 1583 .
3318 1525 3434 1581 Νῦν
3465 1525 3599 1596 γοῦν
3628 1525 3822 1583 ἐπιλα-

2240 1625 2458 1696 6όμενοι
2487 1623 2582 1678 τοῦ
2606 1623 2798 1696 κυρίου
2820 1621 2915 1677 τοῦ
2938 1621 3267 1693 τιμιωτάτου
3293 1620 3387 1674 καὶ
3419 1618 3821 1674 εὑλαὸεστάτου

2239 1716 2633 1789 πρεσϐυτέρου,
2660 1714 3025 1778 διαϐαίνοντος
3043 1707 3098 1769 οῖ
3121 1711 3336 1780 διάγετε
3352 1750 3368 1776 ,
3391 1712 3490 1782 τήν
3513 1727 3577 1763 τε
3610 1710 3821 1779 ὀφειλο-

2241 1806 2411 1878 μένην
2449 1807 2579 1878 ὑμίν
2604 1804 2964 1876 ἀποδιδόαμεν
2986 1802 3286 1873 πρόσρησιν
3305 1841 3321 1864 ,
3342 1799 3438 1854 καὶ
3465 1798 3818 1871 παρακαλοῦ-

2240 1912 2339 1966 μεν
2365 1896 2511 1966 ὑμᾶς
2555 1895 2697 1966 μετά
2740 1894 2840 1966 τῆς
2874 1891 3192 1966 πρεπούσης
3225 1893 3352 1962 ὑμῖν
3388 1892 3611 1960 ἀγάπης
3655 1890 3818 1944 αὑτὸν

2238 1985 2635 2052 ὑποδέξασθαι,
2677 1985 2771 2040 καὶ
2804 1976 3150 2048 ἐπανιόντος,
3197 1983 3267 2038 τά
3316 1985 3442 2055 περὶ
3489 1983 3589 2052 τῆς
3630 1982 3823 2052 ὑγείας

2237 2080 2368 2149 ήμῖν
2405 2076 2643 2148 δηλῶσαι
2680 2076 2782 2148 τῆς
2808 2076 3079 2148 ὑμετέρας
3100 2113 3117 2139 ,
3159 2074 3287 2147 περὶ
3311 2070 3381 2148 ἧς
3419 2073 3626 2145 σφόδρα
3658 2090 3821 2146 περι-

2237 2168 2569 2227 σπούδαστον
2604 2169 2737 2240 ἡμῖν
2761 2167 3071 2236 μανθάνειν.
3117 2165 3288 2237 Ὑπέρ
3312 2165 3370 2219 δέ
3391 2163 3489 2218 τοῦ
3515 2164 3620 2235 τήν
3646 2181 3822 2238 προσ-

2235 2261 2474 2331 ήκουσαν
2511 2259 2745 2331 σπουδήν
2788 2257 3158 2323 ἐπιδείξασθαι
3197 2258 3278 2322 είς
3311 2256 3410 2327 τήν
3441 2254 3536 2309 τοῦ
3557 2255 3822 2328 πράγμα-

2233 2370 2324 2418 τος
2353 2352 2629 2417 ὑπόθεσιν,
2657 2353 2738 2416 είς
2762 2352 2832 2422 ἦν
2862 2351 2985 2405 ἐστε
3009 2347 3323 2420 ἀφιγμένοι,
3345 2347 3497 2402 οὐδὲν
3525 2341 3684 2419 οἶμαι
3709 2345 3820 2400 δετ-

2236 2443 2359 2500 σθαι
2386 2446 2486 2517 τήν
2516 2443 2799 2498 εὑλάδειαν
2827 2441 2984 2512 ὑμῶν
3003 2440 3103 2512 τῆς
3130 2438 3396 2512 ἑτέρωθεν
3417 2438 3782 2508 ὑπομνήσεως
3804 2453 3818 2467 ο

2236 2534 2330 2592 καλΙ
2359 2535 2518 2591 τοῦτο
2547 2535 2705 2608 δῆλον
2737 2535 3075 2604 πεποιήκατε
3101 2531 3188 2587 διὰ
3219 2530 3320 2602 τῆς
3344 2530 3614 2602 σπουδῆς,
3637 2531 3708 2602 ήν
3729 2529 3824 2586 διά

2235 2628 2436 2693 παντὸς
2468 2626 2817 2693 ἐπεδείξασθε
2847 2625 2944 2680 τοῦ
2976 2624 3195 2699 χρόνουτ

2367 2762 2548 2818 PZB'.
2591 2761 2840 2831 Ὰνυσίῳ
2869 2760 3184 2827 έπισκόκφ
3217 2757 3691 2827 Θεσσαλονίκης.

2317 2896 2443 2967 Ὀψέ
2464 2897 2564 2968 μὲν
2583 2896 2678 2951 καὶ¹
2697 2895 2941 2968 βραδέως
2965 2891 3378 2964 ἐπεστάλκαμέν
3398 2907 3495 2946 σου
3511 2893 3580 2962 τῇ
3599 2891 3818 2963 ἀγάπῃο

2231 2989 2348 3044 ἀλλ’
2378 2988 2476 3058 οὑχ
2500 2987 2761 3052 ἑκουσίως
2787 2986 2948 3058 ημῶν
2971 2987 3006 3056 ή
3032 2981 3221 3057 μακρά
3239 2982 3381 3053 αῦτη
3412 2981 3540 3052 σιγὴ
3563 2979 3817 3049 γέγονεν,

2232 3078 2371 3143 ἀλλά
2395 3076 2487 3132 διά
2507 3077 2607 3150 τήν
2638 3074 2734 3131 τοῦ
2757 3075 2958 3149 χωρίου
2981 3075 3239 3146 ἐρημίαν,
3274 3067 3392 3140 ὲ.νῷ
3416 3068 3822 3143 καθείργμεθα,

2231 3171 2294 3233 οὑ
2327 3168 2416 3224 διά
2438 3169 2536 3242 τήν
2571 3167 2840 3242 ρᾳθυμίαν
2866 3169 2965 3238 τήν
2993 3167 3121 3237 περὶ
3149 3164 3248 3236 τὴν
3270 3162 3543 3235 ὑμετέραν
3569 3161 3817 3233 ἀγάπην.

2233 3262 2348 3318 Νῦν
2375 3261 2506 3332 γοῦν
2526 3259 2908 3331 ἐπιλαϐόμενοι
2934 3257 3028 3314 τοῦ
3063 3256 3255 3328 κυρίου
3289 3271 3391 3327 μου
3434 3254 3530 3308 τοῦ
3555 3251 3822 3324 τιμιωτά-

2232 3371 2328 3412 του
2355 3353 2452 3408 καὶ
2487 3350 2879 3406 εὑλαδεστάτου
2904 3347 3308 3422 πρεσϐυτέρου,
3330 3345 3430 3417 τὴν
3466 3344 3638 3400 πάλαι
3671 3345 3824 3415 0:90:-

2234 3443 2466 3516 λομένην
2494 3441 2910 3512 ἀποδεδώκαμεν
2944 3441 3246 3512 πρόσρησιν
3271 3441 3338 3510 τῇ
3374 3435 3654 3507 τιμιότητί
3694 3450 3815 3499 σου,

2235 3541 2466 3614 χάριτας
2486 3539 2688 3604 πολλάς
2717 3537 3106 3610 ὁμολογοῦντές
3148 3554 3242 3590 σου
3281 3537 3350 3606 τῇ
3382 3533 3641 3606 εὐλαϐείᾳ
3676 3533 3822 3594 ὑπὲρ

2232 3619 2332 3706 τῆς
2371 3633 2676 3696 ἐνστάσεως
2693 3674 2708 3698 ,
2739 3632 2834 3685 καὶ
2858 3631 2957 3701 τῆς
2984 3629 3238 3701 ἀνδρείας
3265 3627 3363 3697 τῆς
3391 3625 3531 3697 ὑπέρ
3559 3624 3673 3680 τῶν
3696 3626 3821 3680 ἐκ-

2234 3730 2494 3802 κλησιῶν.
2531 3728 2834 3800 Δεξάμενος
2870 3727 3047 3782 τοίνυν
3086 3724 3248 3780 αὑτὸν
3275 3764 3292 3790 ,
3328 3723 3566 3780 δέσποτά
3589 3741 3698 3795 μου
3732 3742 3818 3779 τι-

2238 3821 2496 3893 μιώτατε,
2528 3819 2604 3884 ὥς
2631 3836 2712 3874 σοι
2739 3818 2949 3891 πρέπον
2979 3818 3120 3884 ἐστὶ,
3160 3818 3256 3872 καὶ
3291 3815 3390 3887 τὴν
3428 3816 3823 3888 προσήκουσαν

2236 3905 2366 3977 περὶ
2396 3905 2556 3959 αὑτὸν
2583 3905 2979 3976 φιλοφροσύνην
3004 3903 3412 3976 ἐπιδειξάμενος
3436 3941 3453 3969 ,
3491 3903 3569 3975 μή
3600 3904 3819 3959 ἀποκά-

2240 4010 2348 4070 μης
2381 3995 2452 4050 τά
2482 3995 2836 4050 συντελοῦντα
2855 3998 2922 4068 τῇ
2949 3997 3101 4066 κοινῇ
3125 3992 3409 4067 διορθώσει
3436 3994 3548 4048 τῶν
3581 3993 3820 4064 Ἐκκλη-

2237 4085 2368 4142 σιῶν
2381 4086 2549 4146 ποιῶν
2567 4087 2660 4142 καὶ
2680 4087 3216 4159 πραγματευόμενος.
3238 4082 3409 4141 Οἶσθα
3430 4087 3539 4159 γὰρ
3562 4086 3661 4142 τοῦ
3683 4105 3821 4142 κατ-

2234 4177 2554 4251 ορθώματος
2604 4179 2666 4233 τὸ
2697 4179 2925 4251 μέγεθος
2949 4218 2966 4245 ,
2995 4180 3089 4235 καὶ
3121 4180 3262 4255 ὑπὲρ
3290 4181 3431 4235 ὅσων
3476 4181 3821 4252 Ἑκκλησιῶν

2233 4272 2325 4327 τὸν
2354 4271 2519 4326 καλὸν
2550 4269 2739 4325 τοῦτον
2769 4269 2959 4340 ἀγῶνα
2988 4269 3312 4338 ἀνεδέξασθε
3335 4309 3352 4336 ,
3386 4271 3482 4325 καὶ
3506 4271 3622 4326 ὅσοι
3669 4272 3821 4346 ὑπὲρ

2233 4365 2332 4434 τῆς
2377 4364 2563 4436 κοινῆς
2613 4364 2836 4437 είρήνης
2889 4363 3288 4434 πονησαμένοις
3333 4362 3462 4434 ὑμῖν
3492 4362 3819 4420 ἀπόκεινται

2234 4455 2387 4529 παρὰ
2418 4453 2497 4526 τῷ
2535 4453 2901 4528 φιλανθρώπῳ
2929 4453 3049 4526 Θεῷ
3097 4454 3145 4508 οί
3181 4453 3454 4526 στέφανοι.

2237 4588 2386 4662 [694]
2421 4589 2621 4662 ΡΞΓᾍ
2639 4591 2887 4662 Ἁνυσίφ
2903 4630 2919 4655 ,
2945 4592 3250 4662 Νουμερίφ
3271 4629 3287 4656 ,
3311 4591 3608 4659 Θεοδοσίφ
3625 4633 3641 4659 ,
3689 4596 3817 4651 Εὐ-

2305 4660 2554 4732 τροπίῳὲ
2579 4661 2893 4732 Εὐσταθίῳ
2911 4700 2927 4726 ,
2957 4661 3292 4732 Μαρκέλλῳ
3310 4702 3326 4727 ,
3353 4664 3652 4732 Εὑσεϐίῳ,
3685 4666 3817 4720 Πα-

2307 4727 2585 4806 ειμιανῷρ
2613 4729 2911 4806 εὐπνέφο
2945 4727 3268 4806 mimice.
3284 4731 3414 4806 Ml-
3429 4727 3662 4806 βύρσα
3708 4736 3821 4789 και

2305 4797 2455 4851 πᾶσι
2487 4798 2613 4866 τοῖς
2643 4797 2793 4855 κατά
2804 4797 3179 4854 Μακεδονίαν
3205 4797 3547 4871 ὀρθοδόξοιξ·
3567 4797 3816 4860 00:02:6-

2304 4884 2440 4934 ποις
2469 4880 2516 4924 ε.

2304 5025 2482 5098 Πολλὴ
2538 5028 2636 5097 μὲν
2685 5026 2839 5098 ὑμῶν
2866 5027 2968 5099 τῆς
3015 5028 3238 5098 ἀγάπης
3282 5030 3377 5084 καὶ
3418 5031 3454 5102 ή
3495 5030 3817 5102 ἐμπροσθεν

2187 5176 2189 5178 _
2232 5119 2434 5191 σπουδὴ
2455 5161 2470 5184 ,
2501 5119 2595 5174 καὶ
2628 5120 2854 5190 χάριτας
2876 5120 3014 5191 ὑπὲρ
3045 5121 3248 5174 τούτων
3290 5122 3660 5194 ὁμολογοῦμεν
3679 5165 3695 5189 ,
3723 5127 3811 5181 ὅτι

2229 5215 2287 5266 ὲν
2314 5213 2456 5266 οὕτω
2484 5212 2659 5285 χρόνῳ
2685 5211 2882 5284 μακρῷ
2907 5211 3097 5283 ἔστητε
3129 5212 3270 5284 μετά
3295 5215 3396 5284 τῆς
3423 5218 3813 5290 προσηκούσης

2231 5304 2262 5355 ὑ
2269 5306 2359 5374 μῖν
2389 5302 2639 5374 ἀνδρείας
2659 5341 2673 5366 ,
2698 5303 2885 5374 μηδενὶ
2909 5305 3147 5366 εῐκοντες
3164 5302 3274 5357 τῶν
3294 5305 3660 5377 συναρπάζειν
3687 5311 3811 5362 ἐπι-

2231 5395 2556 5467 χειρούντων
2577 5411 2591 5425 ·
2625 5394 3050 5466 παρακαλοῦμεν
3077 5395 3133 5450 δὲ
3153 5396 3246 5450 καὶ
3273 5395 3336 5450 τὸ
3355 5398 3507 5463 τέλος
3539 5400 3810 5458 ἐπιθεῖναι

2228 5481 2338 5538 οἷον
2374 5486 2650 5556 προσῆκόν
2693 5487 2858 5541 ἐατιν.
2899 5486 3050 5556 Ὀσῳ
3079 5485 3184 5556 γὰρ
3211 5467 3432 5541 πλείονα
3460 5486 3529 5542 1'0
3565 5488 3676 5544 τῶν
3711 5507 3812 5546 και

2234 5580 2418 5650 μάτων
2451 5580 2578 5649 ὑμῖν
2604 5621 2618 5645 ,
2655 5579 2874 5648 μείζονα
2927 5579 3020 5632 καὶ
3043 5579 3111 5632 τὰ
3145 5579 3251 5633 τῶν
3276 5580 3599 5635 ἀντιδόσεων
3629 5581 3811 5648 ἔσται,

2295 5739 2316 5770 ⁸
2361 5738 2468 5788 Duo
2631 5738 2886 5800 ὸρίθοῧὸξοις
2911 5742 3196 5797 κοιείωνικοῖς
3219 5741 3376 5789 ἐπισκ.
