4076 6440
274 365 379 424 705

276 478 360 534 his
383 474 768 532 certaminibus
805 469 1005 542 gratias
1027 465 1181 521 vobis
1207 462 1436 535 agimus,
1461 474 1558 516 nec
1593 471 1691 527 pro
1723 471 1868 526 egre-

274 570 365 640 gio
394 567 496 622 hoc
516 564 680 620 animi
706 561 884 618 studio
907 561 1094 614 beatos
1109 571 1209 611 vos
1237 552 1528 625 praedicare
1548 548 1867 640 desinimus.

276 639 506 729 ideoque
525 656 803 712 dominum
830 666 1008 710 meum
1033 645 1544 705 revereudissimum
1572 648 1631 695 et
1663 639 1871 710 religio-

274 749 554 804 sissimum
577 743 972 816 presbyterum,
1005 751 1064 795 ut
1091 739 1158 793 ad
1189 751 1286 792 vos
1316 749 1485 805 usque
1513 737 1825 789 excurreret
1851 769 1868 797 ,

271 837 694 895 obsecravitnus.
723 836 800 891 Eo
834 834 994 904 igitur
1019 833 1091 887 ita
1119 842 1177 886 ut
1196 829 1424 886 comitas
1447 836 1625 882 vestra
1655 823 1864 894 poscit,

273 939 522 999 excepto,
567 928 722 984 velim
750 939 969 997 operam
995 924 1155 987 detis,
1197 931 1258 976 ut
1284 919 1444 975 linem
1467 915 1745 990 principiis
1782 913 1873 973 di-

273 1035 437 1090 gnum
489 1019 794 1088 imponatis.
826 1015 960 1072 Nam
989 1029 1114 1074 cum
1144 1010 1426 1068 incurabili
1472 1009 1652 1068 adhuc
1681 1008 1874 1066 morbo

276 1110 566 1177 laborent,
591 1109 685 1179 qui
712 1115 792 1162 tot
816 1113 1164 1177 tempestates
1182 1117 1247 1158 ae
1274 1100 1424 1165 bella
1436 1103 1694 1161 Ecclesiis
1732 1109 1874 1158 attu-

277 1203 475 1273 lerunt,
517 1217 613 1258 eos
641 1201 857 1274 quidem
890 1198 994 1255 hoc
1024 1205 1241 1260 nomine
1265 1199 1494 1256 miseros
1525 1197 1871 1260 existimare,

273 1296 634 1368 lacrymisque
684 1294 940 1365 prosequi
968 1310 1069 1378 par
1117 1302 1222 1360 est,
1246 1307 1345 1347 vos
1392 1300 1574 1346 autem
1616 1286 1878 1344 admirari

274 1401 338 1443 ac
367 1384 700 1456 medicare,
747 1386 891 1460 quod
940 1386 1115 1441 etiam-
1153 1381 1642 1454 ingravescentibus
1685 1378 1871 1445 malis,

274 1485 452 1554 majus
483 1493 697 1552 semper
723 1481 790 1534 ad
816 1495 880 1537 ea
910 1475 1228 1550 depellenda
1252 1473 1488 1530 studium
1506 1473 1874 1544 majoremque

277 1572 607 1644 diligentiam
633 1585 920 1642 progressu
950 1568 1206 1642 temporis
1229 1565 1513 1623 adhibetis.

279 1704 441 1770 CLX.
481 1703 762 1776 Episcopo,
811 1705 900 1778 qui
927 1705 990 1758 ab
1019 1702 1291 1759 Occidente
1331 1710 1552 1756 venerat.
1581 1699 1785 1771 (Auno,
1816 1709 1875 1756 ut

859 1806 1094 1868 putatur,
1116 1795 1267 1864 406.)

346 1931 484 1988 Cum
511 1929 740 1986 sudores
765 1944 881 1996 eos,
934 1944 1069 1999 quos
1094 1937 1150 1984 et
1177 1928 1349 1995 domi,
1381 1935 1437 1982 et
1465 1927 1517 1981 in
1572 1936 1678 1982 tztm
1717 1927 1874 1998 longa

278 2038 343 2079 ac
363 2024 570 2077 marina
599 2021 1031 2093 peregrinatione
1060 2035 1158 2090 pro
1184 2019 1441 2075 Ecclesiae
1469 2017 1766 2075 commodis
1793 2033 1878 2073 su-

278 2114 448 2181 biisti,
485 2129 696 2169 meeum
751 2111 1048 2183 perpendo,
1089 2111 1250 2166 etiam
1302 2120 1427 2165 ante
1476 2110 1639 2164 tinem
1686 2107 1880 2164 laudes

279 2216 396 2270 tuas
432 2207 761 2278 praedicare,
804 2215 962 2276 teque
1006 2219 1206 2260 corona
1247 2203 1521 2271 redimire,
1547 2217 1613 2261 ac
1657 2201 1878 2260 beatum

275 2303 459 2359 dicere
483 2317 592 2358 non
618 2302 827 2358 desino.
850 2300 984 2356 Nam
1009 2301 1125 2356 sive
1153 2309 1247 2355 tuo
1271 2298 1451 2355 studio
1493 2313 1558 2354 ac
1599 2297 1874 2369 diligentia

276 2395 478 2466 aliquid
499 2393 833 2467 perﬁciatur,
865 2391 1084 2471 domine
1120 2391 1194 2449 mi
1243 2388 1694 2446 reverendissime
1715 2430 1731 2455 ,
1760 2389 1875 2444 sive

281 2487 334 2541 iu
363 2485 554 2541 eadem
576 2484 739 2539 animi
764 2483 1057 2555 pertinacia
1080 2483 1160 2538 illi
1181 2483 1441 2549 haereant,
1462 2496 1527 2536 ac
1552 2479 1874 2537 medicinam

279 2593 496 2640 omnem
521 2587 896 2648 aSpcrneutur,
928 2577 1016 2646 qui
1049 2575 1151 2632 hos
1188 2585 1367 2631 motus
1412 2575 1641 2646 primum
1678 2573 1877 2645 injece-

281 2679 426 2734 runt,
455 2669 549 2724 tibi
575 2679 723 2724 certe
748 2668 820 2724 ob
847 2669 990 2725 hunc
1033 2668 1270 2725 animum
1297 2708 1313 2734 ,
1336 2677 1392 2725 et
1439 2667 1584 2738 quod
1605 2683 1669 2726 ea
1695 2667 1875 2722 omnia

279 2776 401 2831 qua:
432 2760 507 2815 tui
529 2759 768 2816 muneris
803 2767 958 2816 erant
981 2759 1276 2818 contuleris
1298 2800 1314 2826 ,
1342 2758 1501 2830 plena
1526 2767 1581 2814 et
1604 2758 1874 2812 cumulata

278 2863 488 2908 merces
527 2851 650 2906 erit.
675 2853 754 2907 Ac
774 2861 1061 2922 propterea
1087 2853 1204 2907 sine
1232 2851 1337 2905 ulla
1384 2851 1784 2906 intermissione
1825 2861 1877 2906 te

277 2945 496 3000 beatum
524 2944 756 3014 prardico
793 2959 857 3001 ac
887 2943 1147 3014 suspicio,
1180 2942 1487 3015 gratiasque
1510 2943 1600 2996 tibi
1624 2957 1743 3013 ago.
1773 2942 1876 2997 At-

275 3051 384 3113 que
402 3037 564 3092 etiam
591 3036 782 3092 vellem
810 3036 1050 3092 crebrius
1081 3036 1210 3090 mihi
1233 3036 1468 3094 scribere
1489 3037 1673 3092 liceret
1701 3056 1715 3092 :
1743 3051 1879 3107 quo-

278 3128 423 3182 niam
441 3136 620 3182 autem
647 3127 807 3198 hujus
831 3128 932 3184 loci
960 3171 976 3194 ,
1006 3143 1114 3199 quo
1135 3130 1420 3185 conclusus
1451 3144 1656 3196 teneor,
1685 3129 1877 3185 solitu-

277 3219 350 3278 do
371 3218 502 3275 mihi
534 3220 635 3276 hoc
660 3220 891 3287 ademit,
937 3221 1138 3278 idcirco
1189 3238 1364 3289 nunc,
1392 3238 1515 3278 eum
1559 3224 1690 3279 mihi
1721 3238 1878 3280 reve-

279 3310 587 3367 rendissimi
646 3328 709 3366 ac
744 3311 1138 3384 religiosissimi
1174 3313 1377 3370 domini
1423 3315 1530 3370 mei
1579 3315 1878 3387 presbyteri

280 3411 520 3472 potestas
547 3405 684 3458 facta
712 3413 825 3469 est,
871 3414 926 3460 et
963 3405 1162 3471 scribo,
1190 3414 1244 3460 et
1271 3420 1434 3475 quam
1475 3405 1647 3460 debeo
1673 3406 1878 3460 saluta-

281 3495 484 3550 tionem
513 3495 606 3550 tibi
641 3496 904 3565 persolvo.
932 3496 1066 3552 Nam
1084 3497 1489 3568 auimoquidem
1515 3513 1579 3553 ac
1607 3497 1879 3553 voluntate

281 3601 524 3659 perm-pe
543 3588 732 3657 scripsi
755 3605 768 3644 :
789 3589 989 3644 charta
1014 3599 1192 3645 autem
1223 3600 1382 3660 atque
1407 3590 1689 3646 atramenti
1713 3604 1880 3660 opera

281 3693 425 3738 nunc
462 3679 690 3748 primum
713 3697 728 3740 ;
754 3681 1007 3750 quoniam
1033 3683 1239 3737 scilicet
1265 3697 1407 3738 nunc
1445 3683 1604 3738 etiam
1643 3683 1876 3753 primum

283 3768 598 3836 hominem,
641 3770 731 3840 qui
759 3771 826 3825 ad
870 3786 967 3827 vos
993 3772 1440 3841 proficisceretur,
1498 3784 1686 3830 nactus
1734 3791 1876 3830 sum.

280 3862 415 3920 Cum
438 3862 596 3933 igitur
615 3861 776 3929 hunc,
799 3873 856 3918 ut
884 3863 1186 3924 humanitas
1214 3875 1302 3920 tua
1353 3867 1545 3936 poscit,
1577 3867 1876 3938 exeepcris,

280 3970 531 4026 eamque,
558 3971 718 4026 quam
740 3958 1010 4024 convenit,
1038 3972 1164 4028 erga
1191 3973 1314 4013 eum
1333 3958 1612 4012 caritatem
1655 3958 1881 4013 demou-

284 4046 562 4110 straveris,
594 4045 698 4102 hoc
721 4048 770 4103 ei
792 4047 909 4113 des,
959 4063 1165 4118 quaeso.
1189 4058 1247 4103 ut
1292 4064 1359 4105 ex
1390 4057 1479 4103 tua
1506 4050 1879 4105 benevolentia

284 4137 489 4207 ingenti
517 4138 790 4208 voluptate
835 4139 1117 4194 afficiatur.
1161 4138 1277 4194 Non
1313 4140 1456 4195 enim
1487 4155 1694 4211 magna:
1723 4141 1881 4211 hujus

283 4243 561 4295 teruuune,
603 4244 763 4299 quam
817 4230 869 4284 in
912 4230 1102 4287 itinere
1146 4231 1421 4288 subiturus
1475 4240 1558 4286 est
1585 4274 1600 4298 ,
1633 4232 1880 4302 exiguam

283 4317 710 4374 consolationem
759 4317 1010 4389 habebit,
1043 4321 1088 4375 si
1119 4321 1169 4375 ei
1224 4329 1311 4375 tua
1359 4321 1733 4377 benevolentia
1779 4321 1881 4377 t‘rui

283 4409 578 4479 contingat.
605 4408 740 4464 Nam
765 4410 908 4480 quod
933 4410 1063 4466 nihil
1090 4426 1310 4468 necesse
1330 4414 1399 4468 sit
1422 4411 1698 4468 admoneri
1727 4428 1824 4469 vos
1850 4427 1884 4468 a

288 4499 443 4555 nobis
469 4541 485 4567 ,
535 4509 594 4555 ut
619 4499 686 4556 ad
714 4501 1076 4557 Ecelesiarum
1130 4503 1413 4560 utilitatem
1459 4503 1880 4572 promovendam

287 4607 560 4650 summum
605 4593 840 4649 studium
884 4608 948 4649 ac
996 4594 1329 4666 diligentiam
1373 4596 1693 4664 adhibentis,
1720 4597 1884 4655 rebus

287 4685 420 4756 ipsis
449 4687 666 4757 planum
690 4685 914 4745 fecistis.

289 4817 459 4873 CLXI
467 4857 482 4873 .
513 4818 760 4876 Romanis
788 4822 1090 4894 presbyteris
1114 4865 1131 4891 ,
1176 4826 1263 4896 qui
1288 4842 1406 4880 cum
1454 4828 1707 4899 episcOpis
1734 4845 1886 4884 uene-

625 4922 765 4968 rant.
786 4912 807 4985 (
832 4917 1009 4982 Anno,
1038 4926 1097 4972 ut
1123 4926 1355 4987 putatur,
1374 4918 1542 4990 406.)

361 5048 658 5104 Plurimum
689 5049 890 5105 laboris
921 5066 986 5107 ac
1034 5053 1248 5110 sudoris
1296 5056 1558 5124 subiistis,
1589 5065 1698 5114 tam
1728 5059 1882 5132 longa

293 5148 344 5193 et
373 5140 578 5194 marina
621 5141 1050 5211 peregrinatione
1069 5155 1315 5218 suscepta
1349 5166 1363 5202 :
1393 5164 1580 5206 verum
1633 5167 1741 5210 non
1788 5171 1888 5226 pro

290 5232 508 5288 caducis
550 5248 615 5288 ac
645 5231 923 5304 Iragilibus
970 5235 1198 5307 hujusce
1244 5241 1370 5296 vita
1418 5244 1612 5312 rebus,
1644 5246 1742 5302 sed
1788 5262 1887 5318 pro

293 5324 654 5382 Ecclesiarum
685 5325 914 5382 utilitate
937 5368 954 5395 ,
975 5344 1075 5400 pro
1099 5346 1203 5401 qua
1250 5334 1468 5404 praemia
1495 5344 1709 5410 quoque
1732 5355 1763 5394 a
1793 5340 1888 5398 be-

295 5418 460 5485 nigno
513 5414 626 5472 Deo
675 5417 949 5475 laboribus
984 5423 1154 5478 multo
1186 5426 1390 5496 majora
1434 5440 1594 5501 atque
1621 5435 1889 5506 ampliora.

296 5507 559 5563 referetis.
592 5510 951 5574 Quamobrem
979 5523 1034 5568 et
1083 5515 1234 5572 vobis
1280 5529 1337 5573 et
1389 5522 1546 5578 nobis
1594 5536 1773 5583 vester
1803 5529 1889 5585 hic

299 5602 470 5669 labor,
492 5610 837 5673 vestrumque
865 5606 1099 5661 studium
1148 5602 1274 5665 non'
1311 5628 1490 5682 parva:
1529 5620 1888 5678 consolationi

296 5706 381 5748 est
404 5711 417 5747 :
444 5693 592 5748 vobis
623 5691 870 5749 nimirum
890 5737 908 5764 ,
931 5699 1076 5768 quod
1120 5717 1217 5770 pro
1249 5712 1327 5758 tot
1357 5705 1714 5766 Ecciesiarum
1759 5729 1889 5784 pace

298 5786 612 5860 praeclarum
644 5787 745 5846 hoc
765 5797 1035 5850 certamen
1060 5797 1391 5869 suscepistis,
1423 5801 1698 5876 multoque
1717 5805 1886 5878 majo-

1701 335 2077 398 EPISTOLxE.

3482 352 3585 414 τα)

1983 468 2071 508 res
2091 467 2327 512 coronas
2360 461 2636 529 accepturi
2663 464 2832 518 estis:
2864 462 3020 520 nobis
3042 474 3244 532 autem,
3277 466 3422 536 quod
3464 477 3584 526 lau-

1982 553 2090 600 tam
2138 560 2171 600 a
2199 547 2355 603 vobis
2401 553 2680 609 caritatem
2705 555 3022 625 consequuti
3050 571 3256 622 sumus,
3289 558 3585 630 ingensque

1980 645 2058 692 tut
2085 647 2142 696 et
2168 647 2441 700 tantorum
2464 646 2703 702 virorum
2725 647 2958 702 studium
2985 647 3348 706 obtinuimus:
3379 667 3586 720 nosque

1978 730 2100 794 etsi,
2128 745 2391 804 quantum
2418 737 2485 792 ad
2513 753 2709 807 corpus
2735 739 2962 803 attinet,
2994 749 3145 795 tanto
3176 741 3382 796 itineris
3412 743 3583 798 inter-

1982 822 2173 881 valloa
2201 827 2355 883 vobis
2381 828 2702 898 disjuuctos,
2748 832 3065 890 aretissimis
3089 834 3329 889 caritatis
3358 836 3586 895 vinculis

1979 915 2260 980 vobiscum
2302 919 2690 977 adstrinxistis.
2741 923 3083 995 Quapropter
3131 926 3376 997 ingentes
3430 930 3584 986 vobis

1980 1011 2179 1080 gratias
2225 1011 2522 1081 habemus,
2579 1025 2921 1088 vestramque
2971 1034 3097 1089 erga
3127 1034 3230 1075 nos
3257 1020 3583 1081 benevolen-

1981 1102 2108 1156 tiam
2133 1102 2432 1173 praadicare
2450 1120 2560 1166 non
2578 1107 2897 1163 desinimus.
2920 1108 3254 1182 Quamquam
3285 1114 3429 1169 enim
3461 1130 3581 1172 eam

1980 1192 2094 1263 ipsa
2118 1210 2330 1266 quoque
2353 1212 2535 1254 rerum
2565 1214 2670 1254 vox
2698 1199 2898 1255 clamat
2927 1219 2941 1255 :
2968 1211 3145 1258 tamen
3195 1219 3293 1260 nos
3324 1205 3451 1260 item
3473 1207 3576 1263 lin-

1979 1297 2091 1352 gua
2107 1292 2292 1339 nostra
2321 1285 2713 1365 idem‘efliecre
2738 1305 2850 1353 non
2897 1291 3318 1350 iutennittimus.
3342 1295 3496 1364 Quod
3534 1299 3582 1355 si

1979 1376 2123 1429 nun'e
2151 1374 2382 1444 primam
2406 1377 2475 1433 ad
2493 1365 2503 1388 ”
2515 1393 2613 1437 vos
2640 1380 2975 1451 scripsimus,
3010 1383 3114 1445 hoc
3160 1401 3269 1441 non
3299 1387 3579 1460 negligen-

1981 1466 2191 1536 tia,_sed
2211 1467 2316 1523 loci
2335 1469 2626 1527 solitudine
2648 1471 2844 1528 factum
2867 1483 2969 1529 est.
2993 1475 3144 1532 Nunc
3171 1478 3391 1549 quippe,
3424 1490 3572 1551 post-

1978 1571 2206 1628 eaquam
2241 1561 2752 1618 reverendissimum
2793 1578 2859 1621 ac
2898 1565 3363 1636 religiosissimum
3400 1570 3578 1626 domi.-

1917 1703 1919 1707 .
1981 1664 2109 1704 num
2152 1666 2333 1707 meum
2366 1653 2742 1725 presbyterum
2770 1671 2838 1712 eo
2868 1657 2958 1712 ubi
2995 1659 3189 1730 degitis
3234 1664 3584 1731 proficiscen—

1981 1748 2090 1797 tem
2118 1742 2261 1798 nacti
2288 1757 2497 1811 sumus,
2554 1756 2663 1800 tum
2717 1763 2861 1815 eam,
2910 1765 3072 1819 quam
3105 1751 3256 1807 vobis
3281 1752 3541 1811 debemus
3563 1797 3580 1822 .

1978 1831 2358 1889 salutationem
2406 1836 2790 1904 persolvimus,
2826 1847 2936 1892 tum
2989 1855 3085 1895 vos
3120 1857 3362 1911 oramus,
3415 1855 3473 1900 ut
3517 1864 3580 1903 ea

1979 1925 2204 1980 caritate
2232 1967 2250 1993 ,
2306 1942 2428 1998 qua:
2470 1928 2621 1984 vobis
2675 1928 2836 2001 digna
2865 1940 2986 1997 est,
3043 1933 3216 2003 ipsum
3263 1937 3580 2007 excipiatis:

1978 2030 2211 2086 cumque
2233 2028 2556 2086 revertetur,
2583 2021 2652 2077 de
2683 2036 2859 2079 veSIra
2881 2025 3208 2095 valetudine,
3235 2028 3304 2084 de
3327 2046 3430 2101 qua
3479 2031 3584 2088 ali-

1978 2106 2106 2176 quid
2139 2108 2444 2181 intelligere
2475 2126 2820 2185 summopere
2861 2117 3112 2186 cupimus
3136 2159 3151 2182 ,
3197 2120 3458 2177 certiores
3486 2137 3599 2180 nos.

1980 2195 2208 2253 faciatis.
2238 2199 2310 2260 Ut
2329 2209 2509 2258 autem
2536 2218 2676 2269 eam,
2710 2221 2869 2277 quam
2892 2210 3144 2265 convenit
3175 2210 3490 2267 industriam
3520 2230 3587 2273 ac

1980 2289 2313 2362 diligentiam
2354 2295 2423 2349 ad
2447 2311 2567 2352 eam
2610 2313 2745 2363 rem,
2772 2299 2844 2354 ob
2868 2317 3027 2372 quam
3054 2304 3299 2370 venistis,
3330 2305 3588 2362 adhibea-

1981 2382 2071 2447 tis,
2103 2383 2302 2442 nullius
2327 2386 2729 2446 submouitione
2757 2391 2912 2448 vobis
2958 2409 3096 2464 opus
3140 2411 3262 2452 esse
3288 2399 3539 2455 existimo
3566 2418 3583 2454 :

1981 2472 2141 2544 idque
2166 2490 2264 2545 per
2288 2476 2340 2532 id
2370 2479 2632 2550 studium,
2661 2481 2804 2554 quod
2834 2494 3096 2556 perpetuo
3123 2502 3235 2557 prze
3263 2489 3416 2545 vobis
3458 2491 3584 2546 tuli-

1978 2564 2098 2633 stis,
2131 2569 2413 2639 perSpicue
2438 2570 2772 2630 deelarastis.
3554 2630 3559 2639 .

1981 2678 2210 2742 CLXII.
2241 2684 2434 2755 Anysio
2487 2683 2929 2745 Thessalonicensi
2968 2692 3228 2764 episcOpo.
3274 2693 3297 2766 (
3325 2695 3504 2759 Anno,
3528 2706 3586 2752 ut

2574 2785 2815 2848 putatur,
2830 2779 2988 2852 406.)

2053 2887 2190 2944 Sero
2213 2889 2533 2960 quidemac
2563 2891 2718 2948 tarde
2771 2892 2840 2949 ad
2885 2903 2939 2949 te
2987 2895 3308 2967 scripsimus
3339 2907 3433 2954 :at
3476 2915 3588 2957 non

1981 2990 2178 3049 sponte
2204 2992 2386 3037 nostra
2433 2981 2691 3039 diuturno
2718 2984 2825 3041 hoc
2861 2986 3081 3043 silentio
3127 2989 3210 3045 usi
3236 3005 3446 3060 sumus,
3494 3008 3590 3049 ven

1982 3088 2099 3130 rum
2124 3074 2196 3129 ob
2225 3074 2365 3142 loci,
2407 3090 2519 3145 quo
2543 3075 2736 3132 inclusi
2764 3085 3036 3146 tenemur,
3069 3080 3442 3150 solitudinem,
3475 3099 3588 3140 non

1981 3174 2162 3223 autem
2206 3166 2278 3222 ob
2319 3168 2625 3224 socordiam
2665 3169 2719 3224 iu
2763 3179 2816 3226 te
2868 3170 3034 3226 ullam
3086 3187 3150 3227 ac
3189 3173 3586 3244 negligentiam.

1982 3255 2136 3312 Nunc
2186 3257 2388 3328 quippe
2446 3258 2960 3315 reverendissimum
3011 3276 3077 3317 ae
3123 3263 3589 3334 religiosissimum

1982 3347 2260 3404 dominum
2281 3365 2464 3406 meum
2491 3350 2869 3424 presbyterum
2894 3354 3061 3419 nacti.
3087 3370 3246 3425 quam
3263 3356 3588 3427 jampridem

1981 3437 2244 3495 debemus
2273 3440 2653 3497 salutationem
2686 3443 2779 3497 tibi
2807 3445 3167 3514 persolvimus
3192 3487 3208 3513 ,
3236 3447 3593 3519 ingentesque

1983 3546 2082 3602 pro
2100 3546 2163 3586 ea
2192 3533 2545 3589 contentione
2570 3548 2635 3590 ac
2660 3533 3000 3600 fortitudine,
3032 3551 3192 3607 quam
3227 3537 3591 3596 Ecclesiarutn

1982 3640 2149 3681 causa
2177 3626 2474 3696 praestitis“
2502 3667 2520 3696 ,
2566 3629 2765 3699 gratias
2806 3631 3035 3700 agimus.
3081 3630 3215 3687 Cum
3259 3633 3418 3704 igitur
3444 3651 3590 3704 cum,

1983 3716 2436 3773 revereudissime
2462 3719 2536 3773 mi
2557 3718 2794 3787 domine,
2834 3731 2893 3775 ut
2916 3721 3223 3780 humanitas
3252 3734 3339 3779 tua
3369 3728 3544 3796 poscit
3571 3769 3588 3793 ,

1982 3807 2302 3878 cxceperis,
2352 3823 2618 3880 eamque,
2669 3826 2830 3880 quam
2873 3814 3154 3882 convenit,
3187 3817 3497 3874 comitatem
3538 3831 3595 3875 ut

1985 3896 2376 3955 lmmanitatem
2429 3915 2556 3971 erga
2609 3915 2733 3957 eum
2784 3903 3130 3970 ostenderis,
3183 3923 3252 3963 ne
3307 3908 3490 3966 labore
3539 3923 3592 3968 te

1984 3990 2157 4062 frangi
2187 4007 2250 4047 ac
2271 3993 2542 4048 debilitari
2563 3994 2732 4064 sinas,
2763 4005 2926 4067 atque
2947 4000 3236 4067 quominus
3265 4017 3352 4069 ea,
3379 4019 3499 4074 qua:
3523 4007 3591 4061 ad

1984 4097 2329 4140 communem
2361 4085 2724 4142 Ecclesiarum
2758 4091 3152 4146 correctionem
3189 4093 3440 4161 attinent,
3470 4097 3595 4152 efti-

1985 4175 2098 4230 cias
2117 4190 2182 4232 ac
2201 4175 2461 4242 moliaris,
2488 4176 2760 4249 impediri.
2807 4177 2928 4234 Scis
2952 4181 3097 4235 enim
3145 4193 3340 4251 quanta
3370 4185 3596 4256 hujusce

1987 4265 2087 4332 rei,
2119 4265 2165 4322 si
2187 4266 2444 4323 succedat
2477 4309 2492 4334 ,
2533 4267 2846 4338 magnitudo
2877 4271 2948 4325 sit
2970 4311 2986 4334 ,
3008 4285 3276 4344 quamque
3307 4277 3592 4334 multarum

1988 4355 2353 4414 Ecclesiarum
2381 4372 2542 4415 causa
2569 4361 2887 4430 pmclarum
2915 4360 3018 4418 hoc
3046 4372 3322 4420 certamen
3355 4382 3384 4420 a
3411 4378 3462 4422 te
3502 4386 3596 4424 su-

1985 4457 2231 4517 sceptum
2261 4449 2365 4504 sit:
2391 4463 2456 4504 ac
2476 4449 2708 4520 denique
2733 4462 2946 4521 quanta:
2975 4467 3071 4521 pro
3113 4437 3390 4514 laboribus
3419 4460 3594 4529 publi-

1986 4553 2068 4594 ea:
2098 4540 2246 4610 pacis
2265 4553 2428 4594 causa
2481 4539 2679 4597 subitis
2723 4557 2940 4600 corona:
2971 4544 3067 4600 tibi
3115 4562 3146 4600 a
3195 4546 3433 4620 benigno
3479 4550 3591 4610 Deo

1989 4628 2372 4691 recondantur.

1991 4746 2258 4804 CLXIII.
2295 4749 2488 4822 Anysio
2515 4792 2534 4819 ,
2587 4750 2871 4819 Numerio,
2920 4752 3240 4825 Theodosio,
3295 4759 3594 4836 Eutropio,

2062 4840 2358 4907 Eustathio,
2393 4841 2643 4898 Marcello
2667 4885 2684 4911 ,
2735 4842 2978 4913 Eusebio,
3037 4847 3358 4908 Maaiutiano
3379 4895 3394 4917 ,
3419 4855 3597 4927 Enge-

2063 4935 2171 4999 m'o,
2201 4933 2443 4990 Gerontio
2475 4935 2518 5004 ί,
2541 4944 2588 4989 et
2612 4933 2832 5007 Thyrso,
2876 4947 3031 5008 atque
3077 4942 3313 4998 omnibus
3343 4944 3593 5004 Macedo-

2062 5026 2163 5082 niae
2186 5026 2488 5082 orthodoaa's
2508 5027 2757 5097 episcopis
2781 5041 2805 5084 :
2823 5028 3003 5096 (Auno
3037 5042 3088 5084 ut
3119 5041 3355 5101 putatur,
3372 5038 3525 5110 ιοϐ.)

2068 5141 2261 5212 Ingens
2289 5149 2440 5195 certe
2462 5140 2748 5209 pristinum
2775 5157 2989 5214 quoque
3017 5153 3214 5201 vestrze
3236 5149 3475 5205 caritatis
3497 5164 3599 5209 stu-

1995 5236 2141 5291 dium
2180 5235 2406 5292 exstitit.
2434 5234 2622 5308 quue
2645 5236 2866 5292 nomine
2887 5238 3087 5308 gratias
3117 5239 3268 5296 vobis
3292 5241 3553 5301 habemus
3582 5289 3598 5312 ,

1994 5328 2136 5400 quod
2159 5336 2270 5385 tam
2311 5327 2569 5384 diuturno
2615 5337 2883 5400 tempore,
2933 5345 3060 5386 cum
3117 5347 3210 5401 ea,
3238 5349 3358 5404 quae
3385 5352 3415 5390 a
3447 5341 3602 5396 vobis

1997 5422 2393 5493 postulabatur,
2445 5421 2764 5478 fortitudine
2814 5423 3062 5490 stetistis,
3118 5427 3319 5482 nemini
3379 5446 3593 5498 eorum,

1997 5515 2088 5586 qui
2115 5530 2212 5572 vos
2233 5514 2300 5572 ad
2329 5530 2390 5571 se
2419 5515 2661 5586 arripere
2697 5515 3056 5582 conabantur,
3087 5518 3365 5576 cedentes.
3413 5520 3600 5595 itaque

1996 5624 2097 5664 vos
2125 5607 2428 5675 hortamur,
2472 5617 2531 5664 ut
2558 5624 2682 5664 eum
2735 5610 2896 5664 etiam
2923 5651 2937 5676 ,
2970 5626 3134 5682 quem
3164 5627 3259 5683 par
3287 5623 3392 5681 est,
3437 5616 3598 5669 finem

1999 5701 2303 5773 imponatis.
2338 5699 2470 5755 Nam
2498 5714 2605 5772 quo
2631 5700 2816 5770 plures
2836 5705 3001 5759 vestri
3044 5703 3257 5762 labores
3286 5703 3506 5778 fuerint,
3528 5726 3596 5769 ευ

2061 5825 2072 5852 ¹
2103 5821 2324 5886 Ευιξὶίιιη
2352 5821 2560 5888 eeorgio
2581 5827 2596 5885 (
2607 5825 2732 5886 [ζωρ
2747 5824 2846 5890 ςίιιιὶ
