4076 6440
523 284 624 346 7οτ

524 398 680 457 etiam
703 393 872 464 major
899 405 1106 449 merces
1130 399 1290 463 atque
1329 391 1591 463 ampliora
1622 394 1840 464 praemia
1872 408 1899 448 a
1938 394 2090 451 bent.

522 504 627 560 gno
657 489 766 543 Deo
798 485 1112 540 referentur.
1144 484 1222 540 Ac
1259 483 1451 539 vellem
1473 484 1686 555 quidem
1719 484 1874 542 nobis
1909 494 2089 543 vestro

520 593 726 648 quoque
751 585 1036 645 conspectu
1057 573 1158 630 frui
1183 574 1417 630 daretur.
1449 575 1711 644 Quoniam
1739 585 1913 634 autem
1936 579 2081 634 exsi-

520 668 571 722 lii
596 666 805 722 vincula
833 666 936 721 hoc
956 665 1110 720 nobis
1147 665 1515 733 abstulerunt,
1547 676 1706 738 atque
1735 667 1787 722 in
1815 682 1920 722 uno
1959 668 2080 724 loco

517 758 915 823 concluserunt,
946 756 1451 814 reverendissimum
1473 773 1537 815 ac
1567 761 1956 830 pientissimum
1984 760 2086 816 do-

519 850 714 903 minum
747 863 922 903 meum
964 849 1330 920 presbyterum
1357 850 1617 918 misimus,
1649 865 1711 906 ac
1749 865 1847 921 per
1871 852 2042 922 ipsum
2067 892 2083 920 ,

515 952 677 1009 quam
705 937 984 1003 debemus,
1010 939 1383 996 salutationem
1411 939 1563 994 vobis
1590 939 1945 1010 persolvimus
1977 960 1990 996 :
2016 941 2085 997 il-

516 1028 712 1100 ludque
749 1028 900 1085 vobis
935 1029 1311 1100 signiﬁcamus,
1342 1043 1459 1110 nos
1486 1028 1741 1100 plurimas
1793 1039 1953 1103 atque
1999 1033 2085 1088 in-

516 1126 704 1189 gentes
743 1118 862 1173 sine
901 1117 1008 1173 ulla
1046 1118 1440 1174 intermissione
1464 1119 1615 1175 vobis
1664 1122 1864 1192 gratias
1889 1137 2082 1194 agere:

516 1217 676 1280 atque
700 1224 729 1263 a
758 1209 907 1264 vobis
934 1218 1134 1279 petere,
1172 1218 1233 1266 ut
1275 1225 1372 1280 pro
1411 1210 1661 1268 diuturno
1706 1213 1916 1270 silentio
1938 1256 1952 1279 ,
1981 1231 2086 1286 quo

514 1298 741 1354 antehac
770 1298 851 1355 usi
884 1314 1066 1354 sumus
1089 1339 1106 1364 ,
1153 1303 1360 1355 veniam
1413 1301 1570 1357 nobis
1614 1302 1880 1359 tribuatis.
1906 1303 2087 1373 Neque

514 1390 658 1444 enim
689 1389 852 1443 vestri
899 1398 1205 1460 contemptu
1245 1399 1403 1460 atque
1441 1392 1762 1463 negligentia
1783 1393 1982 1448 tamdiu
2008 1397 2084 1450 si-

512 1477 704 1533 luimus
733 1497 745 1532 :
774 1478 870 1534 sed
896 1480 1016 1549 quia
1046 1495 1185 1535 nunc
1216 1481 1441 1550 primum
1466 1480 1735 1538 hominem
1761 1483 1850 1553 qui
1881 1498 1966 1550 eo,
1995 1485 2084 1540 ubi

514 1583 658 1623 nunc
684 1569 833 1624 vobis
860 1569 1014 1624 sedes
1040 1577 1142 1634 est,
1181 1571 1626 1639 proficisceretur,
1656 1581 1970 1643 nostrasque
2015 1574 2085 1629 li-

515 1667 658 1712 teras
683 1656 819 1712 fcrre
849 1668 1048 1726 posset,
1075 1661 1214 1714 nacti
1244 1675 1447 1727 sumus,
1481 1662 1690 1716 tandem
1734 1663 1802 1717 ad
1830 1655 1925 1717 ves
1953 1665 2085 1720 scri-

514 1744 708 1813 bimus,
741 1747 972 1816 quidque
1002 1763 1181 1802 rerum
1210 1764 1477 1819 geramus,
1503 1751 1838 1819 exponimus.
1867 1752 2084 1809 Postea-

513 1851 669 1906 quam
694 1837 851 1907 igitur
875 1853 996 1893 eum
1042 1840 1254 1896 sincero
1295 1841 1455 1896 animi
1495 1841 1688 1898 affectu
1721 1845 2035 1914 exceperitis
2064 1886 2080 1912 ,

512 1927 668 1981 velim
693 1925 760 1982 de
788 1928 1089 1985 valetudine
1122 1942 1300 1987 vestra
1326 1947 1422 1988 nos
1447 1934 1704 1989 certiores
1737 1934 1960 1992 faciatis.
2002 1936 2084 1992 Si-

505 2016 723 2086 quidem
753 2032 820 2074 ex
859 2019 1160 2090 hujusmodi
1191 2022 1380 2090 literis,
1409 2024 1567 2080 etiam
1595 2026 1648 2080 in
1680 2027 1779 2083 hac
1800 2028 2084 2087 solitudine

509 2109 807 2178 eonstituti,
839 2111 1121 2167 maximam
1171 2115 1589 2171 consolationem
1613 2116 1845 2174 habituri
1875 2133 2081 2177 sumus.

578 2242 712 2299 CLX
721 2242 747 2298 I
760 2243 820 2299 V.
850 2245 1136 2304 Alexandro
1151 2248 1380 2306 Corinthi
1394 2253 1644 2324 episcopo.
1661 2253 1837 2327 (Anno
1855 2256 2008 2329 406.)

580 2373 722 2430 Nosti
753 2393 908 2447 quam
935 2394 1056 2450 erga
1097 2390 1148 2436 te
1189 2384 1460 2440 caritatem
1507 2401 1615 2457 prze
1643 2403 1729 2444 me
1765 2392 1997 2459 tulerim,
2026 2400 2082 2448 et

507 2479 614 2533 quo
660 2475 832 2534 pacto,
881 2469 1086 2525 etiamsi
1137 2472 1264 2526 mihi
1309 2476 1493 2545 exigua
1538 2485 1710 2534 tecum
1754 2483 2079 2539 consuetudo

508 2555 682 2621 fuerit,
717 2558 787 2612 tui
819 2567 989 2615 tamen
1034 2577 1215 2618 amore
1243 2572 1486 2636 tanquam
1513 2569 1732 2626 vinculis
1759 2574 2075 2642 quibusdam

507 2648 788 2704 adstrictus
812 2652 928 2705 sim.
963 2655 1140 2724 anue
1170 2657 1234 2712 de
1255 2673 1410 2714 causa
1434 2663 1719 2729 permirum
1751 2665 1879 2720 mihi
1907 2667 2076 2722 visum

505 2745 606 2802 est,
639 2745 690 2792 te
716 2749 819 2794 tam
853 2741 1007 2812 longo
1041 2754 1279 2815 tempore
1325 2763 1390 2803 ne
1437 2752 1605 2806 semel
1652 2754 1864 2823 quidem
1893 2755 1960 2812 ad
1989 2772 2077 2813 me

505 2828 738 2884 scribere
763 2833 1095 2889 sustinuisse.
1128 2838 1204 2891 Ac
1234 2847 1286 2893 tu
1315 2839 1544 2909 quidem,
1571 2854 1653 2897 sat
1692 2845 1824 2911 scio,
1859 2847 2076 2903 tabella-

505 2917 699 2972 riorum
726 2922 998 2988 penuriam
1028 2927 1348 2994 causaberis,
1396 2946 1570 3000 neque
1617 2934 1670 2987 id
1710 2935 1940 2991 alienum
1970 2947 2070 2994 est.

502 3005 631 3060 Nam
673 3010 771 3062 etsi
818 3012 965 3066 multi
1010 3014 1166 3070 istinc
1209 3018 1446 3086 veniunt,
1487 3036 1645 3076 nemo
1674 3032 1846 3080 tamen
1886 3041 2072 3083 eorum

502 3094 624 3158 huc,
656 3097 743 3152 ubi
770 3115 909 3156 nunc
936 3101 1177 3174 degimus
1209 3109 1246 3170 ³,
1278 3108 1427 3166 facile
1456 3113 1710 3170 accedere
1739 3125 1930 3184 potest.
1953 3118 2073 3174 Cae-

500 3192 693 3254 terum,
721 3203 839 3243 cum
872 3206 936 3246 ne
969 3195 1133 3250 semel
1161 3197 1376 3267 quidem
1416 3201 1595 3257 literas
1628 3205 1722 3260 abs
1760 3214 1811 3262 te
1851 3221 2071 3279 accepe-

501 3276 622 3341 rim,
652 3277 750 3334 hac
777 3284 1115 3340 excusatione
1155 3289 1369 3346 minime
1395 3306 1512 3347 sum
1552 3303 1853 3352 contentus.
1888 3276 2069 3370 Nesiue

497 3368 638 3422 enim
669 3370 799 3438 ipse,
831 3387 951 3427 cum
981 3375 1046 3430 ad
1076 3379 1317 3434 eamdem
1345 3384 1740 3440 excusationem
1769 3387 1897 3442 mihi
1940 3403 2070 3445 con-

497 3454 677 3527 fugere
703 3460 908 3529 liceret,
935 3465 1102 3531 tacui;
1126 3482 1304 3522 verum
1333 3474 1831 3530 reverendissimum
1854 3491 1915 3532 ac
1941 3480 2070 3550 piis-

493 3548 684 3603 simum
713 3551 902 3622 virum,
930 3555 1198 3612 dominum
1228 3575 1404 3616 meum
1431 3566 1793 3637 presbyterum
1819 3572 2064 3639 excitavi,

491 3646 546 3691 et
571 3637 637 3692 ad
663 3648 714 3695 te
756 3643 895 3709 misi,
928 3655 982 3699 ut
1013 3654 1064 3700 te
1106 3651 1430 3720 conveniret,
1461 3665 1618 3724 atque
1660 3656 1795 3739 hanc
1827 3637 2062 3716 nostram

490 3727 855 3785 salutationem
894 3735 1189 3805 perferret,
1239 3741 1660 3814 valetudinisque
1690 3727 1822 3813 iure,
1866 3748 1932 3804 de
1960 3765 2063 3820 qua

489 3815 684 3884 aliquid
727 3819 1019 3891 intelligere
1057 3841 1393 3898 summopere
1433 3834 1607 3901 cupio,
1639 3843 1831 3889 statum
1867 3815 2064 3910 cogito.

487 3915 677 3960 sceret.
720 3907 1064 3980 Posteaquam
1094 3915 1251 3984 igitur
1291 3933 1411 3973 eum
1454 3922 1625 3977 amico
1665 3925 1863 3993 animo,
1894 3907 2062 3999 eaque

487 4010 590 4064 qua
620 4004 864 4054 convenit
895 4001 1237 4071 humanitate,
1270 4015 1513 4078 tanquam
1554 4014 1850 4069 membrum
1881 4033 2057 4073 meum

485 4090 844 4156 conspexeris,
865 4107 983 4146 cum
1014 4096 1078 4148 ad
1108 4111 1193 4151 tne
1220 4112 1278 4152 se
1302 4100 1517 4167 referet,
1551 4102 1616 4156 de
1646 4111 1729 4157 tua
1760 4106 2060 4165 valetudine

485 4180 760 4232 certiorem
805 4197 889 4236 me
929 4183 1100 4240 facere
1131 4202 1216 4254 ne,
1246 4203 1447 4258 quzeso,
1484 4194 1742 4260 graveris.
1783 4194 2056 4266 Siquidem

482 4268 650 4322 literae
687 4280 786 4324 tua:
833 4275 1113 4330 maximam
1145 4278 1292 4345 mihi,
1325 4281 1481 4335 etiam
1514 4283 1568 4336 in
1608 4286 1890 4342 solitudine
1927 4303 2055 4344 con-

481 4358 684 4423 stituto,
717 4364 1126 4421 consolationem
1155 4369 1390 4426 allatura:
1418 4383 1558 4428 sunt.

481 4490 621 4546 CLX
637 4492 695 4546 V.
727 4494 988 4567 Episcopis
1013 4503 1222 4569 quicum
1239 4505 1626 4562 occidentalibus
1647 4521 1899 4570 venerant.
1925 4515 2050 4586 (An-

963 4603 1052 4656 no,
1082 4598 1137 4644 ut
1164 4600 1398 4662 putatur,
1427 4597 1580 4668 406.)

551 4717 831 4774 Pristinam
860 4723 1072 4791 quidem
1095 4735 1324 4780 vestram
1355 4729 1515 4785 animi
1557 4735 2040 4805 promptitudinem,

476 4819 635 4879 atque
658 4812 908 4879 studium,
939 4815 1077 4883 quod
1109 4832 1201 4886 pro
1232 4819 1584 4875 Ecclesiarum
1615 4828 1905 4882 commodis
1935 4845 2045 4899 pra:

478 4901 628 4954 vobis
649 4903 858 4968 tulistis,
882 4903 1122 4959 admirati
1144 4924 1345 4964 sumus.
1369 4911 1716 4982 Posteaquam
1740 4926 1912 4972 autem
1938 4930 2041 4974 tam

476 4991 683 5061 longam
712 4995 1182 5063 peregrinationem
1225 5000 1438 5069 insuper
1474 5003 1762 5072 adjecistis,
1793 5011 2042 5080 omnique

469 5084 809 5137 cunctatione
838 5084 1062 5153 abjecta,
1093 5086 1231 5155 forti,
1259 5099 1314 5144 ut
1338 5105 1431 5147 vos
1457 5092 1698 5163 decebat,
1731 5098 1908 5153 animo
1934 5109 2037 5156 tam

472 5172 684 5241 longum
730 5174 830 5228 iter
873 5177 1201 5246 suscepistis,
1247 5195 1351 5237 non
1387 5184 1672 5255 vulgariter
1700 5187 1804 5244 hoc
1829 5206 2041 5263 quoque

473 5278 683 5318 nomine
718 5279 812 5319 vos
836 5267 1152 5336 suspicimus
1176 5287 1188 5323 :
1213 5287 1310 5328 nec
1337 5275 1507 5340 vobis,
1552 5287 1660 5332 tum
1691 5297 1830 5336 nunc
1855 5298 1948 5352 per
1972 5285 2039 5338 li-

469 5359 627 5418 teras,
658 5363 766 5407 tum
792 5354 922 5410 citra
948 5358 1148 5424 literas,
1177 5361 1370 5430 gratias
1403 5379 1558 5435 agere
1589 5367 1900 5427 desinimus.
1929 5372 2037 5429 Nec

468 5455 591 5494 vero
621 5459 716 5498 nos
744 5444 1036 5515 dumtaxat,
1078 5449 1173 5504 sed
1211 5451 1369 5507 etiam
1414 5458 1699 5515 orientales
1727 5477 1913 5520 omnes
1936 5465 2033 5519 ad-

475 5531 754 5591 miratione
794 5545 1042 5594 tenentur
1069 5553 1364 5614 veSIranue
1406 5548 1664 5608 ﬁrmitatis
1716 5564 1873 5625 atque
1902 5571 2033 5614 con-

529 5661 540 5692 '
576 5664 794 5734 Coisliu.,
818 5670 899 5726 ubi
919 5683 1042 5726 nunc
1065 5675 1417 5745 consumimur.

1321 278 1378 337 s.
1409 277 1685 338 JOANNIS
1719 277 2094 340 cunvsos'r.
2133 281 2454 341 ARCHIEP.
2494 284 3028 359 consummes.

2198 398 2425 467 stantia,
2454 397 2818 473 ferventisque
2852 405 3090 462 caritatis
3135 414 3190 462 et
3231 407 3468 467 immota:
3495 417 3782 473 sententia:

2195 507 2468 562 praecones
2492 503 2632 552 sunt.
2664 499 2743 552 Ac
2783 513 2882 554 nec
2924 498 3127 556 itineris
3173 501 3633 574 longinquitatem,
3677 523 3779 566 nec

2194 584 2635 662 peregrinationis
2676 603 2966 643 arumnam
2993 591 3103 646 ullo
3131 593 3290 648 modo
3314 609 3530 664 gravem
3562 608 3620 653 et
3659 615 3780 655 mo-

2194 671 2382 728 lestam
2409 690 2529 731 esse
2555 676 2772 744 ducunt,
2798 689 2855 734 ut
2883 680 2950 736 ad
2976 696 3070 738 vos
3098 695 3384 741 excurrant
3407 702 3471 744 ac
3499 698 3779 747 tot.vestra

2195 764 2449 833 praeclara
2486 765 2623 836 facta
2649 770 2999 840 conspiciant.
3042 773 3270 845 Ideoque
3295 778 3783 837 reverendissimus

2192 862 2247 908 et
2279 853 2550 925 piissimus
2573 856 2820 924 dominus
2841 875 2992 917 meus
3015 865 3311 936 presbyter,
3339 868 3549 924 etiamsi
3577 871 3775 942 alioqui

2193 959 2378 1014 parum
2409 946 2564 1003 firmo
2587 962 2811 1019 corpore
2850 951 3122 1021 praeditus,
3153 955 3286 1011 nihil
3315 972 3420 1012 non
3465 959 3568 1016 sibi
3598 961 3776 1032 perfe-

2191 1035 2418 1091 rendum
2459 1039 2693 1107 putavit,
2733 1049 2794 1095 ut
2832 1042 2899 1097 ad
2929 1058 3022 1099 vos
3051 1059 3110 1101 se
3153 1045 3442 1116 conferret,
3488 1060 3781 1126 vestroque

2192 1135 2480 1197 conspectu
2531 1139 2689 1201 atque
2732 1146 3020 1203 congressu
3075 1135 3362 1206 frueretur.
3420 1140 3778 1215 Posteaquam

2192 1215 2350 1286 igitur
2373 1218 2567 1288 ipsum,
2608 1230 2666 1277 ut
2691 1232 2870 1278 vestra
2913 1226 3104 1282 caritas
3149 1229 3402 1298 postulat,
3432 1236 3778 1304 exceperitis,

2192 1306 2320 1363 illud
2342 1322 2372 1361 a
2402 1309 2553 1364 vobis
2581 1313 2828 1380 petimus,
2853 1321 2913 1369 ut
2950 1317 3158 1373 etiamsi
3201 1321 3340 1375 mala
3380 1321 3776 1393 ingravescent,

2193 1414 2288 1455 vos
2318 1410 2492 1456 tamen
2518 1403 2584 1457 iis
2610 1405 2927 1461 medicinam
2948 1407 3139 1464 afferre
3158 1425 3226 1467 ne
3250 1414 3568 1484 gravemini,
3587 1431 3778 1476 verum

2192 1504 2372 1559 parem
2403 1492 2567 1547 initiis
2611 1494 2770 1549 linem
2798 1496 3099 1566 imponatis.
3151 1500 3308 1558 Scitis
3337 1505 3480 1560 enim
3522 1517 3775 1577 quantam

2192 1580 2341 1635 vobis
2368 1581 2624 1654 benignus
2671 1585 2808 1642 Deus
2833 1589 3133 1646 mercedem
3171 1594 3435 1652 relaturus
3470 1597 3560 1665 sit,
3591 1601 3637 1655 si
3679 1615 3776 1670 pro

2192 1679 2269 1726 tot
2297 1671 2549 1729 Ecclesiis
2575 1678 2894 1746 perturbatis
2927 1679 3203 1750 laboretis,
3231 1685 3472 1756 nihilque
3492 1690 3772 1757 omittatis,

2190 1776 2296 1832 quo
2325 1778 2416 1821 eas
2441 1766 2506 1821 ad
2538 1769 2880 1840 tranquillum
2910 1779 3121 1842 portum
3142 1775 3442 1846 appellatis.

2189 1916 2326 1974 CLX
2341 1918 2435 1974 v1.
2481 1919 2762 1994 Episcopis,
2818 1926 2906 1997 qui
2949 1942 3062 1980 cum
3090 1928 3480 1986 occidentalibus
3525 1933 3774 2005 episcopis

2436 2023 2671 2067 venerant
2697 2015 2734 2069 ί.
2773 2013 2972 2087 (Anno,
3000 2025 3057 2073 ut
3084 2027 3318 2090 putatur,
3347 2021 3502 2090 406.)

2257 2163 2446 2235 Magna
2475 2165 2690 2236 quidem
2731 2182 2793 2224 ac
2831 2170 3084 2240 prmelara
3120 2186 3183 2228 ea
3213 2188 3424 2246 quoque
3453 2187 3598 2246 sunt,
3651 2195 3773 2252 qua:

2188 2255 2334 2325 prius
2361 2257 2581 2323 fecistis,
2613 2275 2805 2331 nempe
2836 2264 2978 2332 quod
3014 2263 3210 2334 justam
3249 2268 3536 2341 virtutique
3576 2281 3775 2330 vestra}

2185 2355 2617 2419 consentaneam,
2649 2350 2720 2406 ob
2741 2365 2807 2407 ea
2848 2353 2988 2408 mala
3022 2369 3143 2425 qua:
3185 2365 3264 2412 tot
3301 2357 3571 2416 Ecclesiae
3606 2376 3772 2419 occu-

2185 2447 2397 2508 parunt,
2454 2440 2871 2513 indignationem
2915 2449 3236 2518 concepistis
3273 2465 3565 2523 earumque
3598 2455 3774 2512 vicem

2185 2529 2429 2585 doluistis
2470 2547 2690 2604 :neque
2724 2534 2809 2589 hic
2857 2536 3078 2606 gradum
3129 2537 3336 2608 ﬁxistis,
3382 2556 3566 2598 verum
3608 2546 3771 2602 etiam

2184 2635 2303 2689 qua:
2327 2622 2563 2678 muneris
2580 2625 2744 2680 vestri
2769 2627 2903 2681 ratio
2930 2628 3249 2696 postulabat,
3282 2629 3382 2700 ipsi
3411 2634 3765 2701 praestitistis.

2183 2712 2316 2768 Illud
2345 2724 2520 2770 autem
2547 2715 2704 2788 longe
2723 2720 3008 2775 maximum
3031 2735 3093 2776 ac
3113 2722 3598 2793 praeclarissimum,
3624 2729 3771 2798 quod

2185 2819 2326 2860 nunc
2349 2819 2379 2859 a
2407 2806 2555 2862 vobis
2585 2807 2781 2863 factum
2812 2819 2912 2876 est,
2946 2811 3194 2867 nimirum
3223 2813 3368 2883 quod
3393 2817 3766 2888 unusquisque

2184 2903 2417 2950 vestrum
2442 2895 2746 2955 domesticis
2776 2899 2993 2957 sedibus
3022 2902 3219 2958 relictis
3242 2913 3348 2959 tam
3374 2905 3583 2978 longam
3611 2923 3768 2978 pere-

2181 2987 2539 3055 grinationem
2567 2990 2702 3056 iniit,
2736 2999 2897 3062 atque
2927 2992 2979 3047 in
3006 3002 3187 3050 extera
3215 2998 3433 3066 regione
3457 3013 3766 3055 commora-

2181 3083 2285 3141 tur,
2316 3091 2380 3133 ac
2422 3093 2516 3149 pro
2548 3079 2902 3137 Ecclesiarum
2940 3085 3166 3141 utilitate
3206 3085 3472 3145 diuturna:
3519 3094 3768 3162 peregri-

2178 3169 2410 3226 nationis
2453 3171 2662 3228 labores
2700 3172 2905 3230 sutl'ert.
2958 3177 3036 3232 Ac
3065 3187 3345 3248 propterea
3385 3181 3539 3237 vobis
3565 3184 3767 3255 gratias

2177 3273 2355 3329 agere,
2378 3275 2575 3333 vosque
2600 3262 2668 3319 ob
2697 3271 2865 3320 totae
2892 3273 3036 3322 tanta
3071 3270 3312 3338 praemia,
3357 3287 3479 3342 quae
3515 3270 3619 3329 hoc
3663 3289 3762 3330 no—

2176 3350 2319 3406 mine
2345 3353 2483 3408 Deus
2508 3354 2657 3412 vobis
2682 3370 2779 3426 pro
2816 3371 2912 3412 sua
2941 3357 3264 3429 benignitate
3293 3362 3557 3430 recondit,
3581 3365 3762 3421 admi-

2176 3442 2284 3496 rari
2309 3455 2371 3496 ac
2395 3441 2581 3499 beatos
2609 3445 2902 3515 praedicare
2928 3463 3032 3504 non
3058 3449 3368 3508 desinimus.
3401 3454 3477 3510 Ac
3502 3458 3760 3525 quoniam

2174 3547 2274 3588 nos
2303 3549 2402 3590 nec
2428 3535 2497 3589 ob
2523 3537 2787 3606 exsilium,
2812 3553 2918 3610 quo
2943 3555 3084 3597 nunc
3123 3557 3453 3611 coercemur,
3479 3547 3760 3604 vobiscum

2175 3626 2394 3693 versari,
2429 3642 2528 3683 nec
2557 3628 2704 3696 item,
2732 3631 2895 3699 quod,
2939 3633 3022 3687 cui
3049 3633 3230 3690 literas
3257 3635 3465 3704 demus,
3499 3637 3641 3694 haud
3675 3641 3758 3695 fa-

2171 3714 2272 3768 cile
2311 3717 2688 3784 nanciscimur,
2730 3721 2942 3778 assidue
2971 3723 3036 3779 ad
3064 3740 3163 3781 vos
3204 3727 3438 3783 scribere
3468 3744 3758 3799 possumus

2174 3803 2316 3872 (nam
2341 3804 2534 3876 alioqui
2574 3808 2843 3864 literarum
2874 3811 3169 3883 frequentia
3196 3831 3289 3870 vos
3316 3817 3706 3892 ohruissemns)
3739 3841 3753 3877 :

2169 3894 2369 3951 idcirco
2389 3899 2899 3957 reverendissimum
2916 3919 2978 3959 ac
2999 3905 3453 3976 religiosissimum
3474 3910 3754 3968 dominum

2167 4000 2344 4041 meum
2376 3989 2764 4061 presbyterum,
2797 3993 2888 4063 qui
2915 3995 3074 4049 etiam
3113 3997 3226 4066 ipse
3255 4008 3444 4067 sponte
3485 4016 3578 4055 sua
3626 4018 3756 4072 pm-

2164 4075 2328 4132 ficisci
2355 4093 2416 4134 ac
2449 4094 2542 4134 vos
2571 4081 2755 4138 videre
2802 4085 3069 4155 cupiebat,
3114 4089 3531 4157 obsecravimus,
3584 4103 3643 4148 ut
3690 4097 3752 4151 li-

2168 4175 2307 4222 teras
2334 4184 2363 4222 a
2407 4171 2558 4227 vobis
2587 4173 2652 4227 ad
2703 4188 2800 4230 nos
2829 4176 3111 4245 obtineret,
3165 4188 3325 4251 atque
3374 4183 3486 4251 ipse
3522 4188 3752 4242 caritate

2162 4268 2338 4313 vestra
2365 4274 2544 4315 coram
2574 4261 2858 4319 frueretur.
2904 4267 3253 4339 Posteaquam
3287 4272 3446 4342 igitur
3472 4290 3617 4341 cum,
3649 4295 3751 4347 pro

2161 4361 2226 4404 eo
2247 4357 2405 4416 atque
2430 4365 2524 4404 vos
2553 4349 2724 4419 decet,
2756 4358 3090 4426 exceperitis,
3121 4359 3189 4414 de
3208 4370 3384 4416 vestra
3413 4365 3738 4434 valetudine,

2159 4454 2278 4492 cum
2305 4439 2530 4507 licuerit,
2560 4444 2815 4499 certiores
2859 4461 2955 4501 nos
2999 4447 3193 4518 facere,
3225 4466 3428 4521 quasso,
3458 4471 3526 4509 ne
3550 4471 3742 4527 grave-

2157 4529 2308 4582 mini.
2337 4530 2606 4600 Siquidem
2639 4534 2794 4588 nobis
2820 4535 2871 4590 id
2897 4538 3033 4593 scire
3061 4554 3269 4596 summo
3292 4543 3468 4600 studio
3488 4555 3573 4601 est
3599 4565 3614 4601 :
3645 4563 3746 4604 ne-

2155 4633 2257 4688 que
2283 4634 2497 4688 parvam
2523 4623 2826 4680 solitudinis
2857 4627 3031 4697 hujus,
3082 4630 3134 4685 in
3162 4647 3264 4703 qua
3290 4649 3588 4704 versamur,
3609 4653 3744 4696 con-

2155 4711 2467 4768 solationem
2496 4716 2618 4770 hinc
2636 4721 2903 4788 accepturi
2933 4735 3133 4778 sumus.

2464 4869 2601 4924 CLX
2618 4867 2745 4925 VII.
2779 4871 2970 4928 Iisdem
2994 4878 3034 4932 ’.
3071 4877 3248 4949 (Anno
3273 4880 3426 4952 406.)

2221 5014 2588 5085 Amplissimas
2616 5019 2764 5074 vobis
2793 5020 2862 5075 ob
2893 5031 3088 5077 tantam
3116 5025 3279 5080 animi
3305 5027 3629 5097 lirmitatem,
3666 5051 3730 5090 ac

2149 5105 2399 5170 studium,
2429 5115 2482 5160 et
2499 5122 2706 5176 curam,
2732 5109 3044 5181 laboresque
3070 5122 3124 5167 et
3146 5114 3475 5184 sudores,.ac
3498 5120 3732 5193 denique

2149 5199 2218 5253 ob
2243 5199 2452 5269 longam
2480 5199 2615 5257 hanc
2641 5204 3138 5275 peregrinationem,
3171 5222 3328 5277 quam
3361 5211 3599 5267 utilitatis
3621 5216 3728 5268 Ec-

2149 5289 2427 5345 clesiarum
2455 5305 2612 5346 causa
2653 5294 2981 5364 suscepistis,
3025 5297 3223 5366 gratias
3252 5299 3477 5368 agimus.
3511 5302 3727 5360 Etenim

2210 5506 2448 5578 {.Coislin.
2475 5509 2545 5575 sic
2576 5507 2947 5578 titulumrhabet
2973 5511 3235 5578 :Episcopo
3257 5513 3340 5577 qui
3367 5526 3476 5564 cum
3499 5521 3730 5570 occulen-

2145 5566 2315 5618 tulibus
2337 5567 2570 5630 episcopis
2593 5577 2803 5618 venerat.

2207 5631 2580 5704 {unjust-etiam
2606 5630 2789 5700 titulus
2830 5640 2906 5682 est
2944 5636 2991 5704 in
3025 5635 3232 5689 Coisling
3260 5636 3489 5703 Episcopo
3512 5642 3596 5704 qui
3617 5655 3728 5693 cum

2147 5689 2516 5744 occidentalibus
2539 5690 2768 5755 episcopis
2793 5701 2997 5746 triuerat.
