4076 6432
324 324 426 383 ’10⁸1

322 440 418 494 καὶ
449 438 559 494 τῶν
583 437 824 510 άμοιδῶν
857 438 1007 512 παρὰ
1045 439 1140 494 τοῦ
1183 441 1562 514 φιλανθρώπου
1590 443 1746 496 Θεου.
1777 443 1889 497 Και

321 531 701 603 ἐπεθυμοῦμεν
739 531 880 586 κατὰ
915 531 1204 603 πρόσωπον
1252 532 1408 600 ὑμῶν
1455 533 1754 588 θεάσασθαι
1793 533 1892 604 τὴν

317 623 628 694 τιμιότητα.
676 621 894 693 Ἐπειδὴ
921 623 979 675 δὲ
1007 622 1076 674 τά
1103 622 1202 692 τῆς
1248 622 1462 695 ἐξορίας
1510 623 1686 695 δεσμά
1734 623 1893 676 τοῦτο

319 717 468 786 ἡμᾶς
493 714 797 786 παρείλετο,
826 715 918 766 καὶ
953 715 1009 766 ἐν
1039 714 1118 768 ἐνὶ
1145 714 1396 785 καθεῖρξε
1427 716 1641 785 χωρίῳ,
1674 715 1765 768 16v
1791 714 1891 767 κύ-

320 808 436 877 ριόν
474 824 577 877 μου
621 806 711 859 τὸν
736 805 1060 874 τιμιώτατον
1099 805 1192 858 καὶ
1228 805 1618 860 εὑλαδέστατον
1651 806 1890 877 1195066-

315 915 476 969 τερον
505 896 945 967 ἀπεστάλκαμεν,
983 897 1074 949 καὶ
1098 897 1165 950 δι’
1194 897 1359 950 αὑτοῦ
1392 899 1491 967 τήν
1525 913 1585 949 τε
1611 897 1893 967 ὀφειλομέσ

316 1007 414 1060 νην
443 991 744 1062 πρόσρησιν
775 987 1155 1058 ἀποδιδόαμεν,
1185 989 1280 1042 καὶ
1321 987 1608 1058 δηλοῦμεν,
1633 989 1716 1042 δτι
1741 988 1892 1060 χάρι-

314 1099 416 1144 τας
440 1081 641 1144 πολλάς
671 1081 765 1134 καὶ
811 1079 1050 1149 μεγάλας
1083 1079 1470 1149 ὁμολογοῦντες
1496 1079 1650 1150 ὑμῶν
1675 1083 1740 1151 τῇ
1773 1079 1891 1133 θεο-

315 1173 505 1243 σεϐείᾳ
543 1172 604 1224 06
651 1169 1115 1241 διαλιμπάνομεν,
1161 1170 1255 1224 καὶ
1294 1169 1569 1234 ἀξιοῦντες
1610 1169 1750 1241 ὑπὲρ
1789 1171 1890 1241 τῆς

317 1263 536 1333 μακρᾶς
561 1260 715 1330 σιγῆς
728 1260 826 1330 τῆς
846 1259 1150 1330 ἔμπροσθεν
1178 1259 1503 1331 συγγνώμην
1528 1261 1658 1330 ἡμῖν
1684 1263 1885 1331 νεῖμαι.

312 1353 388 1406 Οὐ
410 1351 521 1422 γάρ
539 1351 603 1422 δὴ
629 1349 1014 1422 ῥᾳθυμοῦντες,
1041 1350 1160 1402 οὐδὲ
1188 1350 1683 1423 κατολιγωροῦντες
1711 1353 1740 1404 ὑ
1749 1351 1885 1423 μῶν,

309 1442 565 1497 τοσοῦτον
595 1442 931 1512 ἐσιγήσαμεν
963 1441 1180 1513 χρόνον·
1234 1441 1349 1496 ἀλλ’
1389 1443 1578 1514 ἐπειδὴ
1608 1442 1702 1496 νῦν
1733 1442 1886 1514 πρῶ-

309 1552 400 1588 τον
426 1533 662 1605 εὕρομεν
697 1533 787 1586 τὸν
805 1532 1102 1602 δυνάμενον
1123 1532 1299 1587 ἐκεῖσε
1325 1533 1594 1604 διαϐῆναι,
1621 1536 1748 1590 ἔνθα
1777 1536 1886 1591 δια-

307 1624 522 1696 τρίϐετε
545 1623 764 1686 νῦν,καὶ
786 1623 854 1676 τά
884 1623 1013 1693 παρ’
1035 1623 1192 1693 ἡμῶν
1219 1623 1532 1694 διακομίσαι
1554 1627 1879 1696 γράμματα,

306 1718 591 1789 γράφομεν
620 1715 748 1785 ὑμῖν
783 1714 1087 1784 δηλοῦντες,
1133 1717 1191 1768 ἐν
1231 1709 1311 1780 οἷς
1349 1718 1537 1786 ἐσμεν.
1590 1717 1881 1787 Δεξάμενοι

306 1806 484 1860 τοίνυν
513 1804 672 1856 αὑτὸν
699 1803 814 1873 μετ’
854 1804 1063 1867 εὐνοίας
1087 1803 1182 1856 καὶ
1213 1803 1507 1869 διαθέσεως
1535 1805 1784 1877 γνησίας,
1813 1806 1879 1860 τά

306 1896 433 1965 περὶ
477 1895 578 1964 τῆς
625 1894 810 1962 ὑγείας
875 1895 1026 1964 ὑμῶν
1057 1893 1248 1964 δηλοῦν
1298 1895 1428 1964 ἡμῖν
1467 1897 1875 1969 παρακλήθητε.

304 1984 583 2055 Μεγίστην
618 1983 727 2054 γάρ
777 1983 885 2037 ἀπὸ
930 1984 1038 2036 τῶν
1085 1983 1339 2038 τοιούτων
1369 1986 1735 2056 γραμμάτων,
1785 1988 1879 2040 καὶ

304 2075 362 2126 ἐν
391 2072 595 2144 ἐρημίᾳ
625 2071 938 2143 καθήμενοι,
968 2071 1163 2142 ἕξομεν
1198 2074 1570 2145 παραμυθίαν.

460 2229 630 2283 ΡΞΔ’.
681 2229 1042 2299 Ἀλεξάνδρῳ
1066 2231 1374 2296 ἐπισκόπφ
1403 2234 1714 2303 Κορίνθου.

371 2383 541 2439 Οϊσθα
567 2384 665 2456 τὴν
689 2385 932 2457 ἀγάπην,
961 2385 1027 2457 ἢν
1065 2388 1464 2461 ἐπεδειξάμεθα
1498 2393 1625 2465 περὶ
1646 2393 1744 2466 τὴν
1773 2397 1874 2467 σὴν

299 2477 611 2546 τιμιότητα,
645 2477 738 2530 καὶ
767 2477 884 2540 πῶς
915 2478 1070 2546 ὀλίγα
1102 2497 1184 2533 σοι
1210 2482 1619 2555 συγγενόμενοι,
1655 2487 1870 2541 συνεδέ-

299 2567 475 2639 θημέν
509 2585 604 2622 σου
642 2569 721 2642 τῷ
750 2571 918 2644 πόθῳ.
958 2573 1050 2627 Διὸ
1080 2575 1174 2628 καὶ
1215 2577 1421 2650 σφόδρα
1462 2580 1873 2653 ἐθαυμάσαμεν,

297 2660 381 2712 δτι
403 2660 460 2711 ἐν
489 2658 631 2713 οὑτω
653 2661 829 2732 χρόνῳ
858 2663 1054 2736 μακρῷ
1079 2667 1200 2720 οὑδέ
1236 2668 1380 2736 άπαξ
1408 2672 1544 2742 ἡμῖν
1572 2673 1873 2728 ἐπιστεῖλαι

298 2749 588 2814 κατεδέξω.
616 2752 726 2804 Καὶ
746 2749 860 2805 οἶδα
884 2754 982 2823 μὲν
1005 2755 1084 2808 ὅτι
1107 2761 1594 2832 γραμματηφόρων
1625 2764 1870 2836 προϐαλῇ

298 2841 514 2902 σπάνιν,
563 2841 656 2893 καὶ
709 2840 859 2894 οὐδὲν
919 2844 1162 2910 ἀπεικός.
1205 2848 1269 2902 Εἰ
1311 2850 1419 2921 γάρ
1465 2853 1558 2904 καὶ
1598 2853 1782 2906 πολλοὶ
1821 2857 1871 2907 οί

298 2931 508 2984 ἐκεῖθεν
534 2933 935 3004 ἀφικνούμενοι,
952 2937 1064 2990 ἀλλ’
1082 2939 1209 2994 ἔνθα
1234 2943 1518 3014 καθήμεθα
1537 2957 1563 2986 ι
1583 2946 1676 2999 νῦν
1698 2948 1872 3011 οὐδεὶς

297 3020 363 3073 ἂν
384 3021 590 3090 ταχέως
620 3024 976 3091 παραγένοιτο
1001 3027 1109 3080 τῶν
1131 3030 1336 3084 ἐκεῖθεν
1365 3035 1691 3105 ἐρχομένων.
1724 3037 1870 3108 Πλὴν

296 3111 411 3164 ἀλλ’
439 3113 540 3166 οὐκ
560 3114 718 3184 ἀρκεῖ
735 3115 893 3170 τοῦτο
920 3119 1050 3188 ἡμῖν
1079 3121 1158 3183 εἰς
1185 3122 1245 3174 τὸ
1278 3125 1412 3194 μηδὲ
1447 3126 1593 3193 ἅπαξ
1614 3127 1868 3192 δέξασθαι

295 3203 616 3273 γράμματα.
678 3206 829 3259 Ἐπεὶ
884 3209 978 3262 καὶ
1037 3213 1194 3280 ἡμεῖς
1252 3215 1329 3278 είς
1400 3216 1601 3288 ταύτην
1656 3219 1869 3290 ἔχοντες

294 3297 647 3370 ἀναχωρῆσαι
690 3298 789 3368 τὴν
829 3301 1117 3372 πρόφασιν,
1156 3302 1274 3356 οὐδέ
1311 3305 1481 3370 οὕτως
1510 3311 1865 3380 ἐσιγήσαμεν,

293 3385 430 3438 ἀλλά
451 3387 542 3439 τὸν
564 3387 751 3458 κύριόν
778 3406 878 3460 μου
899 3390 988 3444 16v
1015 3392 1335 3463 τιμιώτατον
1359 3397 1452 3450 καὶ
1476 3399 1866 3454 εὐλαϐέστατον

293 3477 665 3549 πρεσϐύτερον
717 3479 1138 3551 ἀναστήσαντες,
1208 3487 1458 3540 ἐντεῦθεν
1519 3491 1862 3562 ἐπέμψαμεν,

291 3567 435 3620 ὥστε
480 3570 574 3621 καὶ
617 3571 681 3638 τῇ
727 3572 794 3639 σῇ
842 3575 1118 3640 συντυχεῖν
1180 3577 1472 3647 τιμιότητι,
1524 3582 1617 3633 καὶ
1664 3583 1864 3651 ταύτην

292 3658 448 3728 ἡμῶν
482 3659 580 3729 τὴν
610 3663 977 3732 προσηγορίαν
1010 3664 1358 3734 ἀποκομίσαι,
1392 3670 1482 3722 καὶ
1519 3672 1708 3740 μαθεῖν
1739 3676 1863 3745 περὶ

290 3748 391 3814 τῆς
417 3748 603 3814 ὑγείας
627 3750 724 3818 τῆς
750 3751 868 3819 σῆς,
910 3753 1034 3823 περὶ
1063 3749 1128 3824 ἧς
1169 3757 1369 3828 σφόδρα
1403 3764 1863 3832 περισπούδαστον

291 3841 424 3908 ἡμῖν
453 3840 762 3908 μανθάνειν.
795 3842 938 3896 Ἰδὼν
971 3847 1146 3900 τοίνυν
1173 3850 1334 3903 αὐτὸν
1364 3855 1482 3920 μετ’
1511 3856 1742 3921 εὐνοίας,
1770 3860 1862 3911 καὶ

289 3930 530 4000 ἀγάπης,
590 3932 681 3983 καὶ
725 3933 827 4001 τῆς
879 3938 1258 4010 προσηκούσης
1312 3943 1730 4016 φιλοφροσύνης,
1784 3951 1861 4014 ώς

292 4020 452 4089 μέλος
483 4022 766 4093 ἡμέτερον,
799 4026 960 4094 ἡνίκα
988 4027 1052 4081 ἀν
1086 4031 1302 4102 ἐπανίῃ,
1331 4035 1398 4088 τά
1433 4038 1559 4108 περὶ
1587 4041 1683 4106 τῆς
1713 4042 1859 4115 [695]

291 4109 508 4178 ρώσεώς
542 4129 633 4165 σου
657 4113 893 4182 δηλῶσαι
923 4118 1052 4188 ημῖν
1093 4121 1164 4192 μή
1193 4130 1551 4200 κατοκνήσῃς.
1581 4109 1860 4204 Μεγίστην

288 4201 393 4270 γὰρ
453 4204 583 4271 ἡμῖν
632 4204 738 4256 άπὸ
794 4207 899 4261 τῶν
959 4214 1318 4282 γραμμάτων,
1379 4220 1471 4272 καὶ
1532 4221 1619 4284 ἐν,
1653 4201 1860 4298 ἐρημία

289 4291 692 4363 καθεζομένοις,
721 4297 974 4368 παρέξεις
1002 4301 1102 4371 τὴν
1129 4308 1490 4378 παράκλησιν.

291 4448 460 4504 ΡΞΕ’.
520 4450 930 4542 Ἐίτισκόποιιςή
953 4457 1200 4542 ἐλθοῦσι
1248 4466 1392 4542 μετᾴ
1437 4465 1554 4542 τῶι⁴
1598 4470 1713 4524 ἀπὸ
1751 4472 1854 4542 τῆς

568 4522 800 4588 Δύσεως
824 4525 1120 4581 ἐλθόντων
1147 4522 1492 4588 ἐπισκόπων
1523 4537 1571 4591 ι).

370 4669 784 4743 Ἐθαυμάσαμεν
806 4676 957 4746 ὑμῶν
982 4681 1073 4732 καὶ
1099 4682 1196 4752 τὴν
1219 4685 1525 4757 ἔμπροσθεν
1548 4696 1855 4766 προθυμίαν

285 4777 340 4812 τε
379 4760 469 4813 καὶ
508 4763 759 4833 σπουδὴν,
789 4767 852 4835 ἣν
888 4769 1025 4839 ὑπὲρ
1054 4773 1159 4824 τῶν
1184 4780 1300 4840 ταῖς
1343 4780 1688 4852 Ἐκκλησίαις
1720 4807 1856 4860 συμ-

283 4852 556 4919 φερόντων
591 4855 958 4920 ἐπεδείξασθε.
1007 4864 1155 4916 Ἐπεὶ
1203 4867 1257 4919 δὲ
1292 4871 1383 4922 καὶ
1428 4878 1643 4946 μακρὰν
1682 4852 1853 4946 οῠτίυς

280 4940 589 5009 ἀποδημίαν
622 4947 1013 5017 προσεθήκατε,
1063 4956 1154 5005 καὶ
1191 4957 1364 5011 πάντα
1405 4962 1559 5016 ὄκνον
1599 4968 1853 5022 ἐκϐαλόν-

280 5046 388 5090 τες,
426 5031 564 5098 μετά
605 5036 701 5103 τῆς
734 5040 1112 5111 προσηκούσης
1142 5045 1270 5114 ὑμῖν
1303 5051 1554 5121 ἀνδρείας
1587 5061 1851 5131 τοσαύτην

278 5119 394 5171 ὁδὸν
419 5123 746 5190 ἐστείλασθε,
774 5129 872 5198 οὐχ
891 5129 964 5193 ὠς
988 5131 1143 5202 ἔτυχε
1174 5139 1268 5191 καὶ
1293 5140 1378 5192 διά
1407 5119 1564 5197 τοῦτο
1598 5148 1738 5217 ὑμᾶς
1763 5119 1850 5204 ta;—

279 5208 645 5282 πληττόμεθα,
685 5217 778 5268 καὶ
820 5220 1264 5292 εὐχαριστοῦντες
1295 5233 1354 5283 ού
1394 5208 1845 5310 διαλιμπάνομεν,

278 5301 372 5351 καὶ
424 5301 510 5355 δια
568 5310 908 5377 γραμμάτων
958 5313 1072 5377 νῦν,
1133 5319 1225 5369 καὶ
1273 5322 1439 5391 χωρὶς
1483 5301 1844 5398 γρλαμμὲἀωνξ

275 5389 391 5460 Οὐχ
432 5393 591 5462 ἡμεῖς
636 5397 691 5450 δὲ
737 5401 917 5469 μόνον,
959 5406 1092 5459 ἀλλὰ
1136 5411 1226 5463 καὶ
1270 5389 1466 5478 πάντες
1493 5389 1541 5469 οἱ
1586 5389 1725 5474 κατὰ
1753 5423 1847 5493 τὴν

337 5585 361 5660 ς
606 5592 707 5660 ἔνθα
728 5598 1044 5660 καθείργμεθα.

273 5646 603 5754 ϋκέν-(ζοίειίιὶ,
648 5646 1105 5722 ἐπισκὸπίρΗέλθὸίνις
1137 5672 1251 5726 μετα
1297 5674 1388 5719 τῶν
1413 5674 1506 5722 ἀπὸ
1552 5693 1627 5734 της
1667 5682 1844 5740 ὀύοεω,

353 5723 514 5754 οντων.

379 5724 514 5758 ντων.

1738 311 2126 372 EPISTOLE.

3477 331 3579 388 708

2004 441 2294 511 Ἀνατολὴν
2312 438 2705 510 θαυμάζονται,
2740 441 2833 494 καὶ
2869 441 3112 512 κήρυκες
3147 441 3302 513 ὑμῶν
3339 442 3578 510 γίνονται

1993 529 2286 594 διαπαντὸς
2301 530 2404 599 τῆς
2429 531 2785 603 στερρότητος
2814 533 2914 603 τῆς
2939 533 3211 596 ἀκλινοῦς,
3244 533 3336 586 καὶ
3370 533 3579 606 θερμῆς

1994 619 2235 690 ἀγάπης,
2276 621 2369 673 καὶ
2410 621 2510 692 τῆς
2555 622 2957 692 ἀπεριτρέπτου
3011 626 3255 695 γνώμης.
3306 627 3417 678 Kac
3453 624 3578 677 οὔτε

1992 709 2114 765 ὁδοῦ
2160 712 2352 782 μῆκος,
2384 712 2509 765 οὔτε
2553 713 2930 784 ταλαιπωρίαν
2972 716 3284 786 ἀποδημίας
3320 715 3578 786 ἡγοῦνταί

1992 818 2046 854 τι
2084 801 2223 872 βαρὺ
2265 803 2450 857 λοιπὸν
2488 804 2582 857 καὶ
2612 805 2870 874 ἐπαχθὲς,
2904 806 3044 876 ὑπὲρ
3075 807 3169 859 τοῦ
3199 807 3445 878 δραμεῖν,
3482 809 3578 860 καὶ

1996 893 2124 968 ίδεῖν
2154 894 2309 964 ὑμῶν
2339 895 2409 947 τά
2445 895 2683 948 τοσαῦτα
2726 895 3148 968 κατορθώματα.
3187 897 3279 950 Διὸ
3319 898 3381 968 δὴ
3418 900 3513 951 καὶ
3547 900 3579 952 6

1993 965 2180 1053 κύριός
2208 1001 2310 1053 μου
2345 986 2373 1038 ό
2395 983 2720 1054 τιμιώτατος
2741 986 2836 1038 καὶ
2856 965 3249 1049 εὑλαδέστατος
3274 965 3576 1059 πρεσσύτε..

1993 1089 2108 1144 ρος,
2155 1073 2332 1128 καίτοι
2375 1091 2438 1145 γε
2480 1075 2697 1130 ἀσθενεῖ
2734 1078 3074 1148 κεχρημένος
3121 1079 3358 1150 σώματι,
3397 1081 3580 1137 πάντα

1990 1163 2166 1217 εἵλετο
2216 1166 2407 1220 παθεῖν
2447 1166 2590 1239 ὑπὲρ
2641 1169 2832 1222 τούτου
2869 1171 3314 1243 παραγενόμενος
3354 1174 3447 1227 καὶ
3472 1175 3577 1245 τῆς

1993 1258 2109 1308 κατ’
2138 1255 2260 1327 ὄψιν
2307 1257 2618 1313 ἀπολαῦσαι
2659 1259 2946 1324 συνουσίας
3001 1263 3156 1333 ὑμῶν
3178 1274 3226 1318 ο.
3279 1265 3574 1336 Δεξάμενοι

1985 1346 2166 1399 τοίνυν
2198 1347 2362 1402 αὑτὸν
2404 1350 2543 1420 μετά
2565 1350 2664 1421 τῆς
2692 1352 3008 1424 πρεπούσης
3033 1354 3163 1425 ὑμῖν
3189 1354 3431 1428 ἀγάπης,
3466 1358 3573 1412 κᾶν

1989 1437 2083 1490 ἐπὶ
2143 1439 2331 1508 μεῖζον
2392 1441 2618 1517 αῐρηται
2664 1442 2735 1497 τά
2789 1444 2960 1507 δεινὰ,
3019 1445 3445 1519 παρακαλοῦμεν
3494 1448 3576 1520 μὴ

1987 1529 2324 1600 κατοκνῆσαι
2382 1531 2798 1604 διορθουμένους
2859 1534 3019 1601 αὐτὰ,
3081 1536 3198 1590 ἀλλ’
3261 1536 3409 1602 ἀξιον
3462 1538 3574 1592 τῶν

1987 1619 2286 1690 προοιμίων
2325 1621 2593 1676 ἐπιθεῖναι
2632 1624 2694 1678 16
2717 1625 2885 1689 τέλος.
2926 1627 3070 1679 Ἶστε
3089 1626 3200 1699 γὰρ
3225 1627 3414 1699 ἡλίκος
3440 1631 3572 1699 ὑμῖν

1985 1707 2137 1761 ἔσται
2175 1713 2203 1764 6
2244 1712 2432 1782 μισθὸς
2481 1715 2634 1786 παρὰ
2673 1714 2768 1768 τοῦ
2813 1717 3194 1789 φιλανθρώπου
3227 1718 3384 1786 Θεοῦ,
3428 1720 3570 1791 ὑπὲρ

1982 1801 2249 1857 τοσούτων
2282 1804 2617 1874 Ἐκκλησιῶν
2638 1810 3056 1879 ταραττομένων
3080 1810 3454 1882 πονουμένοις,
3475 1814 3571 1866 καὶ

1983 1893 2160 1947 πάντα
2176 1895 2537 1967 ποιουμένοις,
2552 1897 2692 1952 ὥστε
2716 1900 2796 1963 είς
2815 1901 3071 1955 εὑδιεινὸν
3100 1901 3127 1942 ά
3145 1903 3318 1968 αὑτὰς
3341 1905 3567 1977 ὁρμίσαι

1980 1983 2201 2055 λιμένα.

1978 2138 2166 2205 ΡΞΕΓ.
2222 2140 2610 2218 Ἐπισκόθξοις
2655 2142 2905 2218 ἐλθοῦσι
2946 2145 3098 2214 μετὰ
3143 2145 3262 2200 τῶν
3305 2149 3423 2203 ἀπὸ
3455 2149 3566 2218 τῆς

2447 2213 2683 2279 Δύσεως
2710 2213 3080 2270 ἐπισκόπων.

2047 2345 2158 2399 Καὶ
2208 2347 2277 2402 τά
2330 2347 2637 2418 ἔμπροσθεν
2691 2349 2842 2418 παρά
2887 2350 2990 2421 τῆς
3034 2353 3346 2424 τιμιότητος
3407 2356 3564 2427 ὑμῶν

1975 2439 2318 2508 γεγενημένα
2350 2439 2579 2510 μεγάλα,
2617 2439 2680 2493 16
2710 2441 2926 2495 δικαίαν
2955 2443 3050 2496 καὶ
3080 2444 3399 2515 πρέπουσαν
3431 2449 3565 2520 ὑμῖν

1975 2527 2348 2600 ἀγανάκτησιν
2392 2530 2534 2600 ὑπὲρ
2576 2530 2686 2585 τῶν
2729 2534 2996 2597 τοσαύτας
3053 2535 3379 2605 Ἐκκλησίας
3424 2554 3562 2590 κατ-

1975 2619 2276 2690 ειληφότων
2326 2621 2514 2677 κακῶν
2554 2623 2958 2694 ἀγανακτῆσαι,
2998 2625 3058 2679 16
3098 2628 3451 2701 συναλγῆσαι,
3498 2632 3561 2684 16

1980 2709 2054 2781 μὴ
2106 2713 2269 2784 μέχρι
2307 2713 2496 2767 τούτου
2552 2715 2746 2785 στῆναι
2800 2718 2978 2786 μόνον,
3019 2719 3155 2774 ἀλλά
3196 2722 3287 2774 καὶ
3331 2722 3398 2775 τά
3429 2723 3559 2794 παρ’

1975 2803 2182 2856 ἑαυτῶν
2231 2806 2580 2873 εἰσενεγκεῖν.
2635 2809 2778 2862 [Ιολὺ
2827 2811 2884 2862 δὲ
2938 2811 3192 2881 μέγιστον
3242 2815 3338 2868 καὶ
3382 2816 3442 2868 16
3465 2815 3558 2870 νῦν

1973 2897 2336 2966 γεγενημένον
2383 2899 2546 2979 παρὰ,
2570 2900 2669 2970 τῆς
2701 2902 2925 2974 ἀγάπης
2961 2904 3135 2974 ὑμῶν,
3161 2905 3221 2958 16
3253 2908 3552 2979 ἀναστῆναι

1971 2963 2202 3038 ἕκαστον
2247 2989 2401 3057 ὑμῶν
2430 2963 2659 3052 οῖκόθεν,
2697 2963 2763 3044 16'
2789 2963 3009 3063 μακράν
3039 2963 3212 3060 οὕτως
3243 2963 3553 3071 ἀποδημίαν

1972 3077 2304 3144 στείλασθαι,
2327 3079 2386 3132 16
2414 3081 2711 3152 διατρίϐειν
2734 3086 2822 3137 ἐπ’
2847 3087 3151 3158 ἀλλοτρίας,
3182 3090 3274 3143 καὶ
3298 3094 3423 3157 τοὺς
3447 3096 3557 3148 ἀπὸ

1969 3171 2070 3241 τῆς
2116 3173 2332 3244 μακρᾶς
2373 3175 2683 3246 ἀποδημίας
2736 3181 3028 3250 ὑπομένειν
3063 3187 3379 3255 καμάτουςν
3410 3190 3555 3261 ὑπὲρ

1967 3263 2076 3316 τῶν
2107 3267 2224 3327 ταῖς
2264 3267 2610 3336 Ἐκκλησίαις
2637 3274 3045 3343 συμφερόντων.
3088 3278 3186 3331 Διά
3215 3279 3390 3336 ταῦτα
3421 3283 3550 3352 ὑμῖν

1969 3355 2414 3424 εὐχαριστοῦντες
2455 3360 2514 3410 οὐ
2555 3361 2860 3431 παυόμεθα,
2889 3366 3281 3436 θαυμάζοντες,
3315 3376 3552 3445 μακαρίου

1968 3445 2169 3509 ζοντες,
2212 3447 2370 3510 ὅσους
2419 3451 2632 3515 ἑαυτοῖς
2685 3454 2825 3526 ὑπὲρ
2873 3459 3080 3511 τούτων
3119 3462 3263 3531 παρὰ
3299 3464 3389 3516 τοῦ
3430 3467 3554 3534 φιλο

1965 3536 2253 3607 ανθρώπου
2303 3540 2435 3593 Θεοῦ
2480 3547 2912 3612 πρωποτίθεσθε
2961 3551 3086 3615 τοὺς
3148 3554 3392 3622 μισθούς.
3438 3559 3550 3612 Καὶ

1966 3628 2150 3699 ἐπειδὴ
2172 3628 2294 3682 οὔτε
2318 3634 2674 3700 συγγενέσθαι
2699 3638 2825 3708 ὑμῖν
2850 3641 3074 3696 δυνατὸν
3092 3645 3184 3697 νῦν
3209 3647 3312 3699 ὑπὸ
3336 3647 3550 3721 ἐξορίας

1965 3721 2332 3792 κατεχομένῳ,
2357 3723 2479 3776 οῦτε
2499 3729 2737 3798 συνεχῶς
2766 3733 3120 3799 ἐπιστέλλειν,
3147 3738 3225 3808 τῷ
3245 3740 3320 3811 μὴ
3333 3744 3549 3811 ταχέως

1965 3809 2216 3880 εὐπορεῖν
2278 3821 2761 3890 γραμματοφόρων
2803 3819 2857 3894 (ἦ
2890 3824 2998 3894 γάρ
3039 3827 3104 3880 ἂν
3138 3809 3365 3898 νιφάδας
3395 3809 3546 3907 [696]

1963 3902 2291 3975 ἐπέμψαμεν
2327 3911 2714 3981 γραμμάτων),
2756 3915 2846 3966 τὸν
2891 3918 3078 3986 κύριόν
3109 3938 3210 3990 μου
3241 3923 3332 3978 τὸν
3361 3902 3552 3996 τιμιώί

1962 4009 2122 4045 τατον
2163 3997 2256 4048 καὶ
2291 3997 2682 4056 εὑλαδέστατον
2714 4007 3103 4082 πρεσϐύτερον.
3145 4015 3240 4068 καὶ
3278 4016 3436 4070 αὑτὸν
3470 4017 3547 4069 0E1-

1963 4084 2120 4138 κοθεν
2136 4087 2456 4159 ὁρμώμενον
2479 4093 2671 4159 ἐλθεῖν,
2702 4100 2796 4150 καὶ
2818 4100 3115 4158 θεάσασθαι
3142 4107 3238 4177 τὴν
3260 4109 3546 4164 εὐλάϐειαν

1961 4173 2058 4244 τὴν
2087 4176 2376 4250 ὑμετέραν,
2422 4188 2898 4260 παρεκαλέσαμεν,
2933 4193 3070 4248 ὥστε
3107 4173 3204 4250 καῖ
3226 4201 3364 4271 πρὸς
3398 4202 3544 4273 ἡμᾶς

1960 4269 2304 4339 γραμμάτων
2319 4274 2624 4344 ἐπιτυχεῖν,
2659 4281 2751 4332 καὶ
2783 4283 2946 4336 αὐτὸν
2977 4287 3067 4338 καὶ
3093 4289 3233 4343 κατὰ
3255 4269 3546 4363 πρόσωπον

1960 4360 2267 4414 ἀπολαῦσαι
2320 4365 2416 4434 τῆς
2466 4367 2686 4440 ἀγάπης
2745 4374 2841 4444 τῆς
2891 4376 3179 4450 ὑμετέρας.
3250 4360 3544 4454 Δεξάμενοι

1957 4451 2135 4503 τοίνυν
2162 4454 2322 4506 αὐτὸν
2353 4457 2427 4518 ὼς
2459 4458 2587 4528 ὑμῖν
2610 4462 2815 4531 πρέπον
2839 4467 3005 4531 ἐστὶν,
3036 4472 3196 4539 ἡνίκα
3223 4474 3287 4526 ἂν
3309 4451 3424 4549 ἐξῆ,
3451 4479 3546 4532 καὶ

1957 4541 2092 4609 ἡμῖν
2138 4543 2329 4611 δηλοῦν
2367 4547 2440 4617 μὴ
2471 4557 2779 4607 κατοκνεῖτε
2816 4559 2885 4610 τά
2931 4563 3058 4630 περὶ
3099 4565 3197 4634 τῆς
3229 4541 3418 4634 ὑγείας
3443 4571 3544 4640 τῆς

1961 4630 2253 4724 ὑμετέρας.
2295 4637 2506 4710 Σφόδρα
2553 4643 2660 4714 γὰρ
2701 4649 2832 4717 ἡμῖν
2874 4630 3339 4724 περισπούδαστον
3386 4630 3545 4717 τοῦίο

1960 4721 2268 4789 μανθάνειν,
2303 4729 2396 4781 καὶ
2421 4731 2481 4782 ού
2524 4737 2695 4806 μικρά
2731 4741 2829 4808 τῆς
2858 4721 3118 4814 ἐρημίας,
3155 4743 3270 4822 ἐν
3299 4753 3543 4826 καθήμε-

1957 4811 2043 4877 Θα,
2066 4814 2224 4869 τοῦτο
2253 4819 2382 4889 ἡμῖν
2407 4819 2560 4876 ἔσται
2596 4811 2963 4903 παράκλησις.

2407 4971 2580 5027 ΡΞΖ’.
2630 4977 2756 5044 Τοῖς
2780 4982 2981 5050 αὐτοῖς
3016 4998 3057 5041 ο.

2025 5118 2198 5224 ξίάριν
2218 5123 2370 5224 *ὑμῖν
2419 5127 2577 5196 ἴσμεν
2604 5133 2803 5206 πολλὴν
2832 5139 2929 5210 τῆς
2970 5145 3237 5217 τοσαύτης
3272 5150 3532 5224 εὐτονίας,

1955 5207 2326 5309 κἀὶλσπουδῆς,
2366 5219 2459 5271 καὶ
2487 5226 2782 5292 φροντίδος,
2819 5207 2912 5284 καὶ
2936 5234 3046 5289 τῶν
3085 5207 3284 5309 πόνων,
3309 5247 3404 5300 καὶ

1957 5297 2194 5398 ἱδρώτων
2247 5307 2460 5414 καὶιτῆς
2485 5317 2702 5384 μακρᾶς
2725 5321 2929 5393 ταύτης
2953 5297 3284 5401 ἀποδημίας,

1950 5404 2059 5442 των
2108 5399 2493 5468 συμφερόντων
2551 5408 2617 5476 τῇ
2671 5409 2966 5487 Ἐκκλησία
3019 5399 3338 5496 πεποίησθεί
3386 5399 3538 5504 Ὀσιρ

2013 5567 2036 5653 2
2060 5567 2603 5653 91133155161102.0609
2638 5586 2889 5653 συντυχίας
2911 5591 3060 5653 ὑμῶν.

2060 5603 2166 5616 νυν
2189 5603 2304 5620 μισ.)-
2331 5603 2603 5628 υιηυΛαυσαι
2638 5603 2784 5633 συντν
2819 5605 2889 5644 ιας
2911 5603 2938 5637 υ

2012 5624 2039 5664 σι
2284 5635 2347 5688 εἰς
2372 5638 2542 5688 εὖδιον.
2565 5643 2714 5696 Savil.
2743 5603 2940 5698 ειᾶινον.

1955 5699 2037 5781 ,M,°
2059 5689 2260 5781 θοίξηηυ
2305 5697 2507 5769 ξιθτυων
2549 5705 2795 5773 ἐπισκὸπῳ
2843 5713 3019 5765 ἐλθόντι
3046 5718 3165 5778 μιτὰ
3195 5721 3291 5772 τῶν
3318 5722 3413 5774 ἀπὸ
3457 5731 3538 5781 τῆς

1950 5753 2127 5810 δύσεως
2153 5753 2442 5812 ἐπισκόπων,
2496 5753 2506 5762 ’
2614 5753 2647 5754 ἡ
2681 5753 2791 5773 Tur
2844 5753 3019 5765 "Iw,"
3047 5753 3056 5778 ⁵
