4076 6480
544 344 656 400 ’ῗϋθ-

538 457 644 527 γάρ
712 455 822 517 τοῖς
878 451 1228 520 ταράττουσιν
1291 449 1504 502 ἅπαντα
1561 445 1744 516 μεῖζον
1793 443 1855 498 τὸ
1897 446 2089 516 κρῖμα,

534 545 772 614 τοσούτῳ
795 543 887 596 καὶ
907 543 1033 612 ὑμῖν
1064 540 1261 593 πλείων
1283 539 1311 590 ό
1332 538 1541 609 μισθὸς,
1567 535 1800 606 τοσαύτῃ
1823 534 2097 606 κεχρημέ-

535 651 646 698 νοις
679 633 920 702 ὑπομονῇ
960 631 1053 684 καὶ
1094 629 1294 700 σπουδῇ
1328 630 1409 691 είς
1443 627 1724 696 διόρθωσιν
1767 625 1878 679 τῶν
1913 623 2096 690 κακῶς

535 728 666 794 παρ’
696 723 896 795 ἐτέρων
924 721 1322 792 γεγενημένων.
1353 721 1461 775 Καὶ
1496 718 1832 789 ἐϐουλόμεθα
1875 719 1975 790 μὲν
2001 717 2096 772 καὶ

537 815 797 886 παρόντες
823 813 964 869 κατά
989 813 1279 884 πρόσωπον
1316 812 1593 882 συντυχεῖν
1638 809 1792 881 ὑμῶν
1831 812 1898 882 τῇ
1934 809 2095 863 εὐλα-

535 905 672 977 δεία·
703 905 888 975 ἐπειδὴ
908 905 965 958 δέ
999 903 1156 959 τοῦτο
1178 901 1507 975 ἀφῃρήμεθα
1551 900 1661 956 ἀπὸ
1686 901 1788 972 τῆς
1830 899 1970 955 κατά
1994 899 2095 971 τὴν

532 996 747 1064 ἐξορίαν
774 996 1043 1068 ἀνάγκης,
1072 995 1176 1065 ὀψέ
1192 1011 1321 1047 ποτε
1346 993 1442 1048 καὶ
1466 992 1618 1063 μόλις
1637 989 2091 1062 ἐπιτυχόντεςτοῦ

532 1088 669 1160 πρὸς
702 1089 845 1159 ὑμᾶς
871 1085 1285 1156 ἀφικνουμένου,
1313 1081 1407 1137 τοῦ
1432 1082 1621 1154 κυρίου
1650 1097 1752 1153 μου
1779 1079 1876 1135 τοῦ
1903 1097 2092 1151 τιμιω-

531 1178 694 1232 τάτου
721 1177 815 1234 καὶ
845 1175 1234 1231 εὐλαϐεστάτου
1259 1171 1652 1247 πρεσϐυτέρου,
1677 1169 2094 1242 διεπεμψάμεθα

530 1267 699 1320 ταυτὶ
725 1265 794 1320 τά
817 1265 1138 1336 γράμματα,
1159 1265 1261 1335 τήν
1279 1280 1341 1316 τε
1378 1261 1731 1334 ὀφειλομένην
1757 1259 2094 1324 ἀποδιδόντες

531 1358 852 1429 πρόσρησιν,
878 1357 972 1410 καὶ
998 1352 1443 1427 εὐχαριστοῦντες
1473 1352 1615 1424 ὑπέρ
1649 1368 1709 1405 τε
1742 1351 1849 1404 τῶν
1887 1349 2092 1421 παρελ-

529 1447 751 1510 θόντων,
786 1446 927 1518 ὑπέρ
957 1463 1016 1499 τε
1045 1445 1154 1498 τῶν
1178 1443 1297 1508 νῦν,
1321 1444 1462 1514 ὑπέρ
1487 1461 1548 1496 τε
1579 1441 1873 1512 ὁλοκλήρου
1895 1440 1997 1510 τῆς
2015 1440 2093 1496 δι-

528 1536 811 1608 ορθώσεως
833 1535 938 1589 τῶν
967 1536 1167 1589 κακῶν.
1193 1535 1313 1588 Κᾶν
1340 1535 1448 1605 γὰρ
1477 1533 1641 1605 μηδὲν
1657 1532 1882 1603 γένηται
1908 1530 2089 1595 πλέον,

531 1630 690 1700 ὑμεῖς
713 1630 772 1683 τὸ
795 1629 1054 1700 ὑμέτερον
1081 1628 1435 1698 πεποιήκατε.
1466 1626 1556 1680 Διὸ
1576 1627 1671 1679 καὶ
1689 1623 2092 1695 ἀπηρτισμένον

530 1719 681 1790 ἔχετε
712 1720 860 1790 παρά
881 1719 974 1772 τοῦ
997 1717 1376 1788 φιλανθρώπου
1399 1718 1532 1771 Θεοῦ
1551 1717 1641 1771 τὸν
1667 1718 1878 1788 μισθὸν,
1897 1717 2093 1771 τοσαύο

530 1826 602 1882 τῃ
659 1811 753 1863 καὶ
817 1809 1016 1879 σπουδῇ
1074 1809 1170 1861 καὶ
1216 1809 1494 1879 προθυμίᾳ
1539 1809 1674 1880 πρὸς
1710 1808 1771 1861 τὸ
1804 1809 1873 1862 τά
1904 1809 2090 1873 κακῶς

529 1899 866 1972 γεγενημένα
915 1899 1168 1956 ἰάσασθαι
1211 1899 1299 1954 διὰ
1359 1900 1556 1963 παντὸς
1616 1900 1948 1974 χρησάμενοι
1995 1899 2087 1955 τοῦ

529 1993 739 2063 χρόνου.

763 2081 940 2135 PER.
971 2082 1163 2150 Πρόϐῃ
1199 2080 1498 2150 ἐλευθέρᾳ,
1531 2080 1602 2148 ἐκ
1637 2079 1841 2150 Ῥώμῃ.

597 2171 661 2226 Εί
686 2171 780 2226 καὶ
808 2170 986 2242 πολλῷ
1014 2171 1350 2242 διῳκίσμεθα
1370 2170 1450 2242 τῷ
1668 2171 1766 2241 τῆς
1787 2171 1928 2238 ὀδοῦ,
1953 2171 2088 2226 ἀλλά

527 2262 624 2331 τῆς
660 2263 885 2333 γνησίας
911 2279 1005 2315 σου
1053 2262 1146 2315 καὶ
1175 2261 1382 2333 θερμῆς
1417 2263 1654 2332 ἀγάπης,
1689 2261 1766 2325 ὡς
1797 2264 2084 2333 παρόντες,

527 2353 623 2410 παλ⁸
653 2353 829 2407 πάντα
846 2352 918 2406 τά
947 2352 1015 2406 σά
1040 2352 1291 2422 ὁρῶντες,
1313 2350 1482 2414 οὕτως
1501 2353 1699 2424 ἀκρισῆ
1724 2354 1918 2424 πεῖραν
1942 2354 2087 2425 είλή-

527 2458 725 2514 φαμεν,
760 2440 869 2504 τῶν
900 2441 1110 2494 ἐκεῖθεν
1131 2439 1539 2511 ἀφικνουμένων
1568 2440 1705 2511 πρὸς
1731 2441 1879 2512 ήμάς
1903 2443 2085 2512 ἀπαγ-

526 2531 820 2600 γελλόντων
886 2531 1007 2602 περὶ
1068 2529 1168 2600 τῆς
1221 2532 1321 2600 σῆς
1380 2529 1674 2600 ἐμμελείας
1709 2530 1900 2598 ταῦτα,
1943 2531 2087 2604 άπερ

524 2621 900 2691 ἐπεθυμοῦμεν
931 2618 1237 2689 μανθάνειν.
1257 2618 1355 2672 Διά
1377 2616 1534 2672 τοῦτό
1559 2635 1640 2671 σοι
1673 2618 1900 2690 χάριτας
1928 2621 2086 2691 ῐσμεν

526 2711 727 2774 πολλὰς
741 2711 846 2764 καὶ
855 2710 1113 2780 μεγάλας,
1143 2710 1237 2763 καὶ
1264 2709 1688 2780 ἐναϐρυνόμεθα,
1705 2711 1800 2763 καὶ
1815 2710 2085 2766 καλλωπι·

527 2800 731 2871 ζόμεθα
755 2800 848 2853 ἐπὶ
872 2802 938 2871 τῇ
983 2799 1217 2852 διαθέσει
1258 2799 1361 2869 τῆς
1408 2800 1685 2869 εὐγενείας
1709 2816 1823 2854 σου·
1847 2802 2088 2867 καὶτοὺς

525 2893 863 2962 ἀγαπητῶς,
887 2889 978 2944 τὸν
997 2889 1389 2944 εὑλαδέστατον
1420 2890 1788 2964 πρεσϐύτερον
1813 2893 2083 2966 Ἰωάννην,

526 2983 622 3045 καὶ
648 2983 738 3035 τὸν
767 2980 1090 3052 τιμιώτατον
1125 2980 1367 3034 διάκονον
1398 2980 1610 3036 Παῦλον
1643 2984 2086 3053 παρακατατιθέ-

528 3072 667 3144 μεθά
704 3090 797 3126 σου
826 3074 891 3143 τῇ
930 3070 1265 3142 κοσμιότητι,
1292 3069 1369 3135 ὠς
1404 3073 1483 3135 είς
1509 3071 1702 3143 λιμένα
1728 3072 1826 3136 τὰς
1859 3072 1959 3137 σάς
1989 3076 2088 3128 αὐ.

523 3164 651 3228 τοὺς
680 3163 1140 3235 παραπέμποντες
1171 3165 1376 3233 χεῖρας.
1419 3163 1570 3218 Ἰδεῖν
1592 3163 1768 3218 τοίνυν
1788 3165 1984 3229 αὐτοὺς
2010 3164 2087 3229 ὦς

527 3272 610 3310 σοι
647 3256 854 3324 πρέπον
902 3256 1037 3319 ἐστὶ,
1080 3257 1336 3311 δέσποινά
1380 3272 1479 3325 μου
1519 3256 1820 3326 τιμιωτάτη
1857 3257 1953 3311 καὶ
1994 3255 2085 3310 εὑ-

524 3344 840 3416 γενεστάτη,
875 3345 1277 3417 παρακλήθητι.
1309 3340 1480 3401 Οἶσθα
1517 3345 1645 3416 γάρ,
1676 3347 1798 3409 ὅσος
1820 3345 1973 3400 ἔσται
2002 3363 2085 3402 σοι

523 3437 623 3506 τῆς
669 3434 1061 3507 φιλοφροσύνης
1103 3436 1304 3508 ταύτης
1349 3437 1378 3489 ό
1425 3435 1630 3507 μισθός.
1680 3437 1790 3490 Καὶ
1821 3438 1983 3509 ήνίκα
2019 3439 2087 3493 ἀν

526 3526 675 3600 [1597]
723 3527 838 3598 ἐξῇ,
879 3528 1258 3599 συνεχέστερον
1313 3529 1443 3598 ἡμῖν
1502 3527 1662 3598 δήλου
1708 3528 1777 3582 τὰ
1820 3528 2088 3600 περὶτῆς

526 3619 714 3686 ὑγείας
756 3618 858 3688 τῆς
906 3619 1025 3689 σῆς,
1076 3619 1203 3688 περὶ
1245 3614 1313 3688 ἧς
1367 3618 1570 3690 σφόδρα
1627 3620 2086 3688 περισπούδαστον

523 3711 652 3779 ἡμῖν
707 3707 1015 3777 μανθάνειν,
1065 3707 1357 3778 ἐπειδήπερ
1405 3706 1607 3778 σφόδρα
1647 3708 1816 3779 αὐτῆς
1864 3709 2087 3780 ἀντεχῶ

527 3799 685 3870 μεθα.

725 3888 897 3943 ΡΞΘν.
939 3888 1250 3956 Ἶουλιανῇ,
1277 3889 1374 3943 καί
1399 3888 1527 3957 ταῖς
1552 3890 1674 3945 σὺν
1697 3890 1872 3960 αὐτῇ.

595 3977 747 4048 Ὀσῳ
787 3977 1161 4048 χαλεπώτερον
1206 3978 1267 4031 τὸ
1306 3980 1481 4049 κρῖμα
1527 3979 1816 4051 γεγένηται
1858 3981 1970 4045 τοῖς
2016 3982 2086 4038 τά

525 4069 754 4123 τοιαῦτα
788 4071 1226 4141 παρανομήσασι,
1259 4070 1497 4143 τοσούτῳ
1525 4071 1723 4126 πλείων
1761 4073 1890 4140 ὑμῖν
1933 4073 2084 4129 ἔσται

523 4160 556 4214 δ
590 4158 798 4231 μισθὸς,
833 4163 943 4222 τοῖς
973 4160 1237 4225 τοσαύτας
1271 4163 1613 4234 παρανομίας
1639 4162 1785 4218 λύειν
1821 4166 2085 4222 ἐσπουδα-

525 4251 666 4315 κόσι,
695 4252 790 4305 καὶ
815 4251 1064 4307 τοσοῦτον
1103 4253 1564 4324 ἐπιδεικνυμένοις
1593 4255 1753 4310 πόνον
1781 4256 1871 4309 καὶ
1905 4258 2085 4329 κάμα-

522 4357 633 4396 τον.
665 4341 800 4398 Οὐδέ
831 4340 939 4412 γὰρ
970 4340 1154 4395 ἐλσθεν
1179 4344 1324 4413 ἡμᾶς
1361 4343 1462 4413 τῆς
1495 4344 1764 4416 ὑμετέρας
1795 4345 2084 4412 διαθέσεως

521 4433 558 4505 ἡ
593 4432 825 4497 εὐποιία,
850 4432 943 4487 καὶ
963 4434 998 4502 ή
1029 4434 1252 4504 σπουδὴ,
1273 4434 1340 4504 ήν
1371 4435 1465 4488 καὶ
1489 4437 1568 4498 είς
1596 4437 1695 4509 τὴν
1720 4440 2084 4509 προκειμένην

525 4522 778 4580 ὑπόθεσιν
804 4519 1171 4586 ἐπεδείξασθε,
1203 4523 1302 4574 καὶ
1323 4524 1400 4586 είς
1421 4524 1518 4593 τὴν
1552 4524 1944 4600 φιλοφροσύνην
1976 4528 2083 4582 τῶν

524 4611 654 4681 παρ’
673 4608 830 4680 ήμῶν
861 4611 1038 4662 ἐκεῖσε
1067 4609 1399 4677 ἀφιγμένων.
1440 4610 1531 4663 Διὸ
1564 4612 1658 4665 καὶ
1694 4614 1919 4684 χάριτας
1958 4617 2083 4686 ὑμῖν

524 4700 738 4769 ἔχομεν,
765 4700 860 4752 καὶ
895 4697 1318 4770 παρακαλοῦμεν
1360 4703 1426 4771 τῇ
1468 4702 1604 4774 αὐτῇ
1636 4704 1913 4776 ἐπιμένειν
1949 4725 2086 4778 προ·

523 4789 713 4860 θυμία,
740 4790 836 4842 καὶ
863 4790 1342 4864 ἐρρωμενεστέραν
1369 4791 1731 4859 ἐπιδείξασθαι
1751 4797 1998 4851 εὐτονίαν
2022 4816 2083 4854 τε

522 4881 616 4934 καὶ¹
642 4881 910 4951 ἀνδρείαν.
945 4881 1089 4934 Ἱστε
1122 4880 1229 4952 γάρ
1252 4881 1436 4953 ήλίκον
1459 4883 1554 4938 τοῦ
1581 4886 1997 4957 κατορθώματος
2019 4891 2083 4946 τὸ
2113 4949 2120 4954 _

525 4976 772 5045 μέγεθος,
799 4977 892 5029 καὶ
927 4977 1050 5029 ὅσον
1077 4975 1313 5046 λήψεσθε
1342 4977 1431 5030 τὸν
1461 4979 1672 5048 μισθὸν,
1698 4981 1963 5054 τοσαύτην
1990 5001 2082 5037 τα-

525 5068 717 5141 ραχὴν,
741 5067 834 5120 καὶ
852 5066 994 5120 οὕτω
1014 5066 1235 5137 κύματα
1264 5067 1447 5139 ἄγρια,
1476 5069 1538 5122 τό
1562 5087 1626 5138 γε
1650 5073 1730 5134 εἰς
1752 5072 1894 5141 ὑμᾶς
1923 5068 2076 5141 ἧκον,

522 5156 995 5222 καταστέλλουσαι,
1038 5157 1134 5210 καὶ
1168 5157 1269 5227 τὴν
1307 5159 1684 5230 προσήκουσαν
1726 5163 1806 5224 είς
1846 5162 1943 5234 τὴν
1974 5164 2080 5219 τῶν

517 5245 898 5318 γεγενημένων
929 5249 1114 5303 κακῶν
1147 5249 1491 5319 εἰσφέρουσαι
1512 5251 1815 5323 διόρθωσιν.

1081 5341 1128 5391 Ρ
1135 5336 1210 5392 Ο’.
1250 5338 1520 5406 Ἰταλικῇ.

602 5427 725 5480 Ἐπὶ
747 5426 844 5496 μὲν
869 5425 976 5479 τῶν
999 5426 1193 5491 ἔξωθεν
1212 5431 1571 5499 πραγμάτων,
1601 5431 1788 5503 ὥσπερ
1813 5437 1877 5506 τῇ
1900 5436 2077 5503 φύσει,

519 5517 660 5572 οῦτω
711 5520 806 5572 καὶ
854 5520 920 5588 τῇ
959 5519 1151 5588 πράξει
1192 5520 1286 5572 καὶ
1325 5523 1390 5591 τῇ
1427 5525 1790 5594 μεταχειρίσει
1830 5527 2079 5599 διῄρηται

522 5609 690 5662 ταῦτα
730 5609 800 5663 τὰ
826 5607 985 5680 γένη,
1029 5608 1166 5680 ἀνὴρ
1219 5610 1361 5678 λέγω
1400 5613 1491 5664 καὶ
1536 5616 1690 5684 γυνή.
1721 5617 1798 5687 Τῇ
1839 5618 1939 5687 μὲν
1969 5619 2078 5690 γάρ

521 5695 784 5766 οἰκουρεῖν
821 5696 1147 5767 νενόμισται,
1177 5697 1251 5768 τῷ
1286 5699 1339 5751 δὲ
1381 5700 1488 5755 τῶν
1532 5703 1812 5761 πολιτικῶν
1843 5709 1936 5762 καὶ
1965 5710 2073 5765 τῶν

1250 334 1308 393 S.
1345 332 1626 391 JOANNIS
1662 328 2162 390 CHRYSOSTOMI-
2188 323 2506 384 ARCIIIEP.
2546 316 3090 378 CONSTANTINOP.

3649 334 3774 395 ἠο-

2199 445 2259 497 ἐν
2278 445 2450 516 ἀγορᾷ
2467 445 2803 516 πραγμάτων
2829 445 3112 501 ἃπτεσθαι.
3143 443 3269 504 Ἐπὶ
3293 447 3353 502 δέ
3376 447 3489 502 τῶν
3505 447 3604 503 τοῦ
3619 445 3757 504 Θεοῦ

2194 532 2439 600 ἀγώνων,
2467 537 2560 588 καὶ
2589 535 2698 589 τῶν
2729 535 2867 607 ύπέρ
2885 535 2987 606 τῆς
3013 535 3334 608 Ἐκκλησίας
3359 536 3540 594 ⁴πιόνων
3556 539 3661 593 οὐκ
3679 539 3770 597 ενι

2192 627 2370 691 τοῦτο,
2406 627 2522 680 ἀλλ’
2544 626 2660 680 ἐστι
2688 629 2784 683 καὶ
2811 629 3043 696 γυναῖκα
3063 628 3257 696 ἀνδρὸς
3281 630 3761 706 ἐρρωμενέστερον

2192 716 2301 771 τῶν
2339 717 2520 773 καλῶν
2558 717 2762 772 τούτων
2801 718 3122 789 ἀντέχεσθαι
3171 718 3398 788 ἀγώνων
3429 720 3528 776 καὶ
3557 721 3758 778 πόνων.

2193 810 2303 869 Καὶ
2329 809 2486 864 τοῦτο
2510 808 2683 881 δηλῶν
2718 809 2749 862 ό
2787 809 3000 875 Παῦλος
3030 812 3090 866 ἐν
3123 813 3188 882 τῇ
3221 811 3356 882 πρὸς
3393 810 3494 882 τήν
3523 811 3760 884 πατρίδα

2191 900 2290 971 τὴν
2317 901 2591 973 ὑμετέραν
2623 899 2902 973 ἐπιστολῇ,
2947 901 3147 966 πολλάς
3178 901 3546 974 ἀνακηρύττει
3572 905 3763 972 γυναί-

2192 1008 2316 1056 κας,
2332 992 2504 1062 λέγων
2525 991 2696 1056 αὑτάς
2714 994 2776 1046 οὐ
2797 992 2969 1063 μικρά
2993 992 3356 1064 πεπονηκέναι
3386 993 3535 1066 ἐντῷ
3558 993 3761 1066 ἄνδρας

2189 1082 2456 1152 διορθοῦν,
2485 1082 2584 1138 καὶ
2603 1084 2816 1152 ἐνάγειν
2842 1083 2936 1136 ἐπὶ
2965 1083 3033 1137 τά
3060 1085 3427 1155 προσήκοντα.
3465 1083 3627 1151 Τίνος
3651 1084 3761 1139 Iv:-

2191 1189 2288 1228 κεν
2328 1173 2502 1229 ταῦτά
2535 1191 2709 1245 φημι;
2741 1175 2858 1228 ἰνα
2895 1173 2970 1246 μὴ
3002 1173 3261 1246 νομίσητε
3291 1175 3571 1246 ἀλλότριον
3605 1175 3762 1248 ὑμῶν

2191 1259 2329 1319 εἶναι
2359 1264 2424 1319 τὸ
2451 1264 2550 1334 τῆς
2577 1265 2809 1336 σπουδῆς
2845 1264 3128 1328 ἅπτεσθαι,
3166 1265 3261 1319 καὶ
3290 1265 3400 1319 τῶν
3425 1265 3610 1320 πόνων
3649 1266 3760 1320 τῶν

2191 1356 2272 1420 είς
2329 1354 2427 1426 τὴν
2485 1355 2943 1427 ἐκκλησιαστικὴν
2990 1354 3274 1426 διόρθωσιν
3337 1353 3760 1419 συντελούντων,

2191 1446 2305 1500 ἀλλ’
2329 1446 2405 1510 ὠς
2425 1446 2631 1518 πρέπον
2657 1448 2783 1517 ὑμῖν
2811 1449 2947 1510 ἐστι,
2967 1446 3058 1500 καὶ
3081 1446 3151 1499 δι’
3179 1444 3408 1511 ἑαυτῶν,
3437 1446 3534 1500 καὶ
3556 1446 3625 1500 δι’
3648 1447 3762 1501 έτέ-

2193 1555 2323 1608 ρων,
2347 1533 2422 1592 ὧν
2445 1538 2513 1592 ἃν
2542 1532 2652 1592 οἶόν
2673 1555 2734 1591 τε
2761 1534 2822 1610 ᾖ,
2853 1537 2954 1608 τήν
2988 1538 3374 1609 προσήκουσαν
3406 1537 3758 1608 είσενέγκητε

2193 1626 2447 1695 σπουδὴν,
2475 1628 2554 1688 είς
2589 1627 2647 1680 τὸ
2670 1625 2826 1680 λῦσαι
2861 1625 2959 1695 τὴν
2985 1625 3168 1697 κοινὴν
3201 1623 3369 1699 ζάλην
3395 1626 3488 1679 καὶ
3509 1626 3759 1697 ταραχὴν

2189 1712 2288 1784 τὴν
2338 1713 2436 1777 τὰς
2481 1713 2803 1784 Ἐκκλησίας
2846 1716 2946 1785 τῆς
2991 1715 3281 1784 ’Δνατολῆς
3323 1714 3754 1770 καταλαϐοῦσαν.

2191 1804 2341 1874 Ὄσῳ
2367 1803 2474 1874 γάρ
2499 1804 2848 1874 χαλεπωτέρα
2879 1806 3100 1872 γέγονεν
3127 1807 3160 1875 ή
3202 1804 3360 1876 ζάλη,
3391 1807 3485 1859 καὶ
3528 1805 3762 1878 βαρύτεο

2192 1913 2282 1968 ρος
2340 1898 2371 1948 ό
2427 1892 2652 1966 χειμὼν,
2708 1894 2944 1965 τοσούτῳ
2998 1896 3089 1950 καὶ
3132 1896 3260 1967 ὑμῖν
3310 1896 3510 1951 πλείων
3539 1897 3694 1954 ἔσται
3728 1901 3761 1952 ό

2192 1983 2402 2053 μισθὸς,
2423 1986 2540 2048 ταῖς
2570 1984 2750 2037 πάντα
2777 1984 2979 2054 πρᾶξαι
3005 1985 3098 2039 καὶ
3124 1984 3317 2039 παθεῖν
3339 1986 3759 2058 αίρουμέναιςι,

2189 2074 2330 2146 ὑπὲρ
2357 2073 2449 2128 τοῦ
2479 2075 2576 2144 τὴν
2603 2075 3055 2145 διαταραχθεῖσαν
3093 2077 3318 2148 εἰρήνην
3360 2080 3755 2148 ἐπαναγαγεῖν,

2189 2166 2283 2220 καὶ
2310 2167 2369 2218 ἐν
2401 2165 2728 2218 καταστάσει
2771 2168 2835 2237 τῇ
2860 2167 3211 2241 προσηκούσῃ
3243 2167 3542 2222 σπουδάσαι
3580 2186 3757 2224 κατα-

2189 2254 2383 2326 στῆσαι
2410 2254 2833 2327 διαταραχθέντα
2856 2256 3088 2311 ἀπανταέ

2733 2349 2912 2404 POA'.
2938 2348 3192 2414 Μοντίφ.

2257 2437 2453 2509 Πόρρω
2476 2436 2576 2504 μέν
2604 2453 2699 2491 σου
2723 2437 3010 2510 καθήμεθα
3034 2441 3101 2511 τῇ
3130 2439 3400 2510 παρουσίᾳ
3428 2439 3527 2494 τοῦ
3567 2440 3762 2512 σώμα-

2183 2545 2294 2592 τος,
2325 2530 2491 2597 ἐγγὺς
2527 2528 2585 2582 δέ
2620 2531 2686 2600 τῇ
2711 2528 2950 2582 διαθέσει
2987 2529 3087 2600 τῆς
3123 2528 3321 2600 ψυχῆς,
3356 2531 3452 2585 καὶ
3485 2529 3757 2603 σύνισμέν

2187 2635 2289 2686 σοι,
2314 2616 2465 2692 [698]
2497 2621 2593 2675 καὶ
2619 2620 3085 2691 συμπεπλέγμεθα
3112 2619 3233 2674 καθ’
3257 2621 3492 2693 ἐκάστην
3516 2621 3754 2694 ἡμέραν,

2185 2711 2276 2765 τὸν
2303 2711 2502 2782 θερμόν
2525 2729 2618 2766 σου
2649 2711 2777 2783 περὶ
2802 2713 2950 2783 ήμάς
2966 2712 3165 2776 εοωτα,
3187 2711 3286 2783 τὴν
3306 2713 3634 2783 φιλοξενίαν,
3656 2713 3758 2788 τὴν

2187 2799 2599 2873 φιλοφροσύνην,
2632 2800 2730 2871 τήν
2749 2799 3018 2872 τοσαύτην
3047 2801 3343 2874 θεραπείαν
3370 2804 3466 2858 καὶ
3495 2805 3756 2879 στωυδήν,

2187 2890 2254 2956 ἦν
2279 2890 2367 2944 διὰ
2403 2891 2618 2945 πάντων
2647 2891 2927 2957 ἐπεδείξω,
2960 2891 3083 2947 καθ’
3114 2894 3341 2959 ἑαυτοὺς
3367 2895 3760 2970 ἀναλογιζόμε-

2185 2995 2287 3044 νοι,
2323 2980 2419 3033 καὶ
2448 2979 2819 3051 ἐντρυφῶντες
2853 2984 2922 3054 τῇ
2971 2983 3162 3055 μνήμῃ
3206 2983 3307 3054 τῆς
3335 2986 3614 3055 εὐγενείας
3652 2988 3758 3060 τῆς

2188 3069 2307 3140 σῆς,
2347 3070 2440 3124 καὶ
2468 3071 2604 3138 πρὸς
2625 3073 2870 3137 ἅπαντας
2893 3073 3355 3147 άνακηρύττοντές
3382 3094 3476 3130 σου
3497 3079 3598 3151 τὴν
3622 3079 3759 3133 είλι-

2185 3160 2346 3230 κρινῆ
2366 3160 2626 3226 διάθεσιν,
2649 3164 2745 3218 καὶ
2767 3163 2917 3218 δόλον
2933 3166 3034 3219 οὐκ
3052 3164 3299 3237 ἔχουσαν.
3334 3168 3425 3228 Διὸ
3448 3169 3544 3224 καὶ
3567 3187 3757 3243 γραμμ-

2188 3249 2376 3317 μάτων
2423 3249 2797 3322 ἐπιθυμοῦμεν
2827 3252 2928 3323 τῆς
2967 3253 3244 3323 εὐγενείας
3277 3257 3377 3329 τῆς
3405 3257 3526 3329 σῆς,
3561 3261 3658 3314 καί
3692 3277 3754 3316 σε

2185 3339 2604 3411 παρακαλοῦμεν
2648 3341 2888 3413 συνεχῶς
2932 3345 3067 3414 ήμῖν
3121 3345 3476 3414 ἐπιστέλλειν,
3539 3353 3636 3404 καὶ
3682 3352 3755 3406 τά

2186 3431 2314 3502 περὶ
2344 3431 2444 3500 τῆς
2467 3431 2656 3499 ὑγείας
2687 3435 2788 3504 τῆς
2811 3433 2909 3504 σῆς
2932 3435 3396 3514 εὐαγγελίζεσθαι,
3433 3440 3521 3494 ἵνα
3557 3441 3654 3496 καὶ
3686 3445 3756 3498 ἐκ

2183 3520 2370 3574 τούτου
2406 3519 2606 3591 πολλὴν
2632 3523 3052 3594 καρπωσώμεθα
3075 3525 3176 3597 τὴν
3209 3528 3573 3600 παράκλησιν,
3619 3548 3757 3602 μαν-

2186 3610 2435 3673 θάνοντες
2479 3611 2549 3666 τά
2594 3613 2720 3683 περὶ
2764 3613 2865 3683 τῆς
2923 3614 3143 3687 ῥώσεως
3183 3619 3283 3690 τῆς
3307 3621 3427 3691 σῆς.
3468 3623 3617 3676 Πάνυ
3642 3623 3756 3695 γάρ

2186 3703 2317 3773 ἡμῖν
2348 3701 2504 3755 τοῦτο
2533 3702 2996 3774 περισπούδαστον
3035 3707 3251 3763 εἰδέναι.
3285 3711 3378 3782 Μὴ
3403 3713 3581 3769 τοίνυν
3613 3716 3757 3769 ἀπο-

2186 3793 2454 3864 στερήσῃς
2491 3793 2638 3863 ήμάς
2667 3793 2873 3866 ταύτης
2895 3796 2993 3867 τῆς
3017 3799 3370 3873 εὐφροσύνης·
3418 3804 3534 3858 ἀλλ’
3559 3806 3756 3871 ὁσάκις

2185 3884 2254 3938 ἂν
2283 3883 2378 3954 ἐξῇ
2404 3883 2603 3957 γράφε,
2639 3882 2810 3940 ταῦτα
2835 3887 3314 3962 εὐαγγελιζόμενος
3335 3894 3384 3948 b.

2698 3976 2874 4033 POB'.
2911 3979 3226 4048 'EJJaOlrp.

2269 4064 2453 4135 Ὀλίγα
2483 4067 2583 4137 μέν
2613 4085 2696 4122 σοι
2721 4072 3141 4142 συνεγενόμεθα,
3167 4073 3369 4147 πολλὴν
3397 4075 3457 4130 δέ
3495 4077 3597 4148 τήν
3631 4083 3757 4134 πεῖ-

2188 4155 2286 4227 ράν
2321 4174 2413 4211 σου
2445 4158 2546 4228 τῆς
2573 4159 2805 4230 γνησίας
2835 4162 2930 4214 καὶ
2954 4161 3159 4234 θερμῆς
3184 4167 3482 4238 εἰλήφαμεν
3505 4170 3753 4242 ἀγάπης.

2183 4247 2295 4300 Καὶ
2315 4247 2424 4318 γάρ
2448 4251 2505 4302 αί
2525 4251 2769 4318 γενναῖαι
2795 4249 2966 4323 ψυχαὶ
2996 4253 3055 4305 ἐν
3085 4252 3275 4325 βραχεῖ
3301 4258 3476 4329 καιρῷ
3501 4261 3629 4324 τοὺς
3659 4263 3756 4315 ἐνο

2147 4408 2153 4413 ι
2182 4339 2549 4408 τυγχάνοντας
2583 4340 2911 4411 χειροῦνται.
2946 4343 3012 4396 Ὃ
3041 4343 3106 4415 δὴ
3130 4346 3226 4398 καὶ
3260 4347 3421 4412 αὐτὸς
3443 4351 3758 4424 πεποίηκας

2183 4427 2242 4481 ἐν
2268 4428 2434 4498 ὀλίγῳ
2467 4430 2730 4502 σφοδροὺς
2762 4434 2914 4504 ήμάς
2947 4436 3179 4506 ποιήσας
3206 4437 3442 4509 ἐραστὰς
3465 4440 3565 4512 τῆς
3590 4445 3758 4513 εὐγε-

2181 4519 2330 4583 νείας
2375 4521 2474 4592 τῆς
2525 4522 2644 4592 σῆς.
2694 4523 2786 4576 Διὸ
2817 4524 2912 4578 καὶ
2943 4526 3347 4597 ἐπιστέλλομεν.
3382 4531 3477 4584 καὶ
3512 4532 3584 4586 τά
3624 4535 3756 4590 καθ’

2183 4611 2329 4678 ἡμᾶς
2359 4612 2557 4676 αὐτοὺς
2583 4612 2872 4685 δηλοῦμεν,
2904 4616 2987 4669 δτι
3021 4617 3080 4672 ἐν
3107 4619 3307 4690 ήσυχία
3339 4621 3431 4674 καὶ
3457 4623 3752 4697 ἀπραγμο-

2186 4700 2318 4771 σύνῃ
2349 4702 2608 4773 διάγομεν
2651 4705 2838 4778 πολλῇ,
2884 4708 3102 4763 πάντων
3137 4709 3284 4779 ήμάς
3323 4713 3556 4770 ἐνταῦθα
3585 4716 3756 4790 θερα-

2179 4793 2456 4848 πευόντων
2488 4795 2624 4865 μετά
2661 4798 2919 4868 σπουδῆς,
2957 4801 3052 4853 καλ
3095 4802 3233 4871 μετά
3257 4804 3458 4876 πολλῆς
3496 4809 3752 4878 ὁρώντων

2179 4881 2282 4951 τῆς
2324 4883 2552 4949 εὐνοίας.
2585 4887 2681 4939 Ἰν’
2713 4882 2807 4940 οῦν
2856 4888 2951 4941 καὶ
2986 4889 3057 4942 τά
3103 4891 3342 4964 ὑμέτερα
3384 4896 3755 4966 μανθάνοντες

2179 4975 2616 5048 εὐφραινώμεθα,
2669 4981 2906 5050 συνεχῶς
2947 4983 3079 5053 ήμῖν
3125 4987 3456 5043 ἐπιστέλλειν
3497 4992 3573 5063 μὴ
3617 5011 3754 5048 κατ-

2180 5067 2346 5130 όκνει,
2385 5069 2478 5123 καὶ
2518 5069 2587 5123 τά
2617 5072 2746 5141 περὶ
2781 5072 2880 5144 τῆς
2909 5074 3094 5157 ὑγείας
3120 5077 3219 5149 τῆς
3266 5080 3367 5150 σῆς
3403 5083 3752 5152 εὐαγγελίζε-

2181 5159 2322 5224 σθαι,
2367 5159 2452 5212 ἵνα
2488 5161 2583 5213 καὶ
2619 5162 2684 5214 ἐκ
2721 5162 2910 5216 τούτου
2949 5166 3149 5239 πολλὴν
3195 5171 3620 5244 καρπωσώμεθα
3645 5177 3750 5246 τήν

2179 5251 2545 5322 παράκλησιν,
2586 5253 2810 5309 τοιαῦτα
2851 5258 3002 5329 παρά
3027 5261 3128 5330 τῆς
3158 5262 3258 5334 σῆς
3288 5264 3566 5332 εὐγενείας
3593 5266 3750 5338 δεχό-

2182 5359 2334 5412 μενοι
2363 5344 2690 5414 γράμματα.

2715 5441 2899 5496 por.
2929 5443 3183 5510 Εὐηθίῳ.

2250 5525 2313 5578 Εί
2342 5523 2438 5576 καὶ
2457 5523 2534 5595 τῷ
2559 5523 2769 5596 σώματι
2798 5533 3180 5604 κεχωρίσμεθά
3202 5553 3296 5590 σου
3316 5538 3416 5610 τῆς
3445 5540 3745 5613 εὐγενείας,

2240 5659 2269 5728 ξ
2293 5659 2399 5728 ρυο
2422 5673 2537 5709 mss.
2562 5663 2714 5728 τοῖς...
2739 5668 3040 5728 αἱρουμένοις.

2243 5719 2272 5762 δ
2292 5719 2403 5773 Duo
2420 5735 2535 5774 mss.
2562 5723 2707 5774 ταῦτα
2733 5719 2842 5787 ἡμῖν
2866 5719 3284 5794 εὐαγγελιζομενος.
