4076 6434
295 366 401 424 709

293 484 499 553 quanto
517 474 738 549 gravius
763 485 883 542 eos,
911 468 1006 544 qui
1049 465 1230 526 omnia
1257 461 1598 538 perturbant,
1621 455 1884 553 judicium

293 551 494 634 manet,
537 573 687 622 tanto
720 576 934 636 quoque
971 560 1145 632 majus
1183 556 1509 627 uberiusque
1551 551 1706 608 vobis
1746 563 1886 619 prae-

293 661 460 717 mium
487 656 906 730 exspectandum
933 663 1039 722 est,
1065 652 1158 724 qui
1184 650 1252 706 ad
1272 663 1358 714 ea,
1384 661 1507 718 qua;
1528 644 1599 701 ab
1619 643 1740 699 aliis
1768 655 1888 698 sce-

294 749 464 807 lerate
499 762 566 803 ac
593 747 800 802 nefarie
849 743 1085 800 admissa
1123 748 1270 805 sunt,
1302 732 1643 808 corrigenda,
1680 739 1888 788 tantum

293 838 568 910 patientia:
610 836 877 907 studiique
903 831 1241 889 adhibuiStis.
1270 830 1447 900 Atque
1473 827 1678 883 utinam
1704 836 1888 879 coram

291 945 508 1002 quoque
537 930 810 985 vobiscum
836 924 1091 998 congredi
1119 935 1423 995 possemus.
1450 916 1606 986 Quod
1633 914 1888 988 quoniam

293 1021 451 1076 nobis
481 1019 654 1077 exsilii
685 1019 978 1073 necessitas
999 1014 1218 1080 ademit,
1251 1009 1468 1068 tandem
1493 1005 1783 1078 aliquando
1806 1013 1890 1060 at-

245 1179 250 1182 _
293 1125 401 1181 que
425 1124 569 1180 aegre
590 1107 991 1164 ornatissimum
1019 1119 1083 1160 ac
1116 1101 1580 1174 religiosissimum
1607 1098 1888 1154 dominum

294 1217 475 1259 meum
496 1200 870 1272 presbyterum
899 1199 967 1255 ad
990 1213 1096 1254 vos
1137 1194 1570 1266 proﬁciscentem
1596 1191 1760 1258 nacti,
1789 1189 1890 1246 has

294 1275 479 1348 literas
527 1291 789 1357 misimus,
834 1290 1028 1360 quibus
1069 1287 1308 1343 debitum
1358 1285 1510 1341 vobis
1555 1281 1891 1338 salutationis

286 1398 494 1440 munus
519 1383 822 1454 pendimus,
855 1396 919 1438 ac
945 1389 1055 1436 tum
1082 1394 1182 1451 pro
1206 1376 1562 1449 prmsentibus
1586 1374 1782 1431 vestris
1811 1373 1895 1428 ofa

297 1475 455 1542 ﬁciis,
484 1483 595 1529 tum
627 1485 727 1545 pro
753 1486 844 1541 eo,
894 1487 1004 1543 quo
1053 1471 1311 1543 flagratis,
1359 1467 1762 1526 sareieudorum
1811 1467 1895 1523 in-

285 1564 703 1622 minuiodorum
726 1563 866 1631 zeio,
902 1563 1102 1634 gratias
1139 1562 1367 1634 agimus.
1405 1559 1542 1616 Nam
1579 1559 1682 1615 etsi
1722 1557 1893 1613 nihilo

288 1656 522 1712 meliore
561 1661 703 1712 statu
725 1667 814 1709 res
840 1661 926 1710 est
952 1672 967 1708 :
994 1661 1170 1709 tamen
1199 1652 1326 1724 ipsi,
1368 1649 1510 1722 quod
1537 1649 1776 1705 muneris
1803 1662 1895 1704 ve-

291 1748 396 1804 stri
423 1754 559 1811 erat,
588 1746 931 1815 praestitistis.
968 1745 1154 1816 quue
1188 1741 1413 1800 nomine
1438 1742 1598 1813 plena
1624 1754 1834 1798 merces
1861 1755 1893 1796 a

298 1837 527 1908 benigno
549 1835 830 1892 Deovobis
852 1836 1140 1892 constituta
1163 1842 1265 1903 est,
1289 1843 1347 1891 ut
1363 1833 1453 1905 qui
1474 1832 1543 1888 ad
1573 1833 1894 1888 medicinam

297 1927 549 1982 admissis
580 1925 880 1984 sceleribus
918 1925 1245 1984 aﬁ'erendam
1271 1934 1417 1981 tanto
1444 1923 1625 1982 studio
1649 1922 1893 1979 τεῖναι-εε-

296 2032 402 2090 que
428 2017 645 2074 assidue
667 2018 750 2074 usi
776 2018 921 2075 sitis.

294 2146 615 2205 CLXVIII.
662 2147 852 2206 Proba
898 2158 1147 2205 matrona:
1205 2148 1385 2205 Roma
1424 2147 1645 2222 drgentt'.
1694 2147 1896 2218 (Auno

1012 2243 1179 2316 too.)

367 2354 486 2410 Etsi
529 2354 691 2427 longo
733 2355 942 2412 itineris
988 2357 1164 2428 spatio
1191 2355 1290 2412 abs
1328 2363 1383 2412 te
1415 2355 1718 2427 disiunctus
1747 2370 1892 2424 sum,

303 2454 496 2504 tamen
529 2447 796 2504 sinceram
835 2461 898 2504 ac
936 2447 1234 2506 ferventem
1268 2456 1415 2504 tuam
1452 2449 1755 2514 caritatem,
1786 2463 1895 2504 non

303 2551 465 2593 meus
503 2550 570 2592 ac
608 2537 656 2592 si
683 2551 866 2593 coram
896 2551 1092 2606 essem,
1139 2548 1338 2609 tuaque
1371 2539 1552 2594 omnia
1593 2551 1894 2606 cernerem,

296 2636 453 2686 certo
476 2637 731 2700 expertus
769 2643 910 2693 sum,
961 2628 1030 2685 iis
1071 2629 1344 2695 nimirum,
1371 2630 1462 2700 qui
1500 2630 1658 2684 istinc
1701 2628 1770 2684 ad
1799 2642 1899 2685 nos

303 2718 546 2786 veniunt,
572 2733 636 2775 ea
660 2719 730 2776 de
758 2728 812 2777 te
837 2715 1200 2789 aﬁ'erentibus,
1230 2736 1350 2792 qua:
1377 2719 1564 2777 audire
1590 2719 1895 2788 cupiebam.

303 2807 487 2880 anue
536 2809 606 2866 de
643 2823 805 2866 causa
856 2811 1051 2868 multas
1086 2821 1245 2882 atque
1285 2815 1528 2884 ingentes
1577 2811 1671 2866 tibi
1701 2812 1901 2882 gratias

304 2899 500 2968 habeo,
529 2911 691 2972 atque
717 2902 789 2958 ob
818 2903 978 2958 istum
1008 2913 1159 2960 tuum
1191 2904 1428 2960 animum
1452 2905 1674 2976 glorior,
1705 2919 1902 2977 neque

301 2991 471 3050 cﬁ'ero
513 2993 812 3066 :virosque
858 2995 992 3050 mihi
1035 2996 1343 3052 carissimos
1372 3037 1389 3063 ,
1436 2997 1900 3068 religiosissimum

306 3084 678 3155 presbyterum
729 3084 1013 3154 Joannem,
1061 3095 1118 3143 et
1165 3087 1566 3144 ornatissimum
1611 3087 1900 3144 diaconum

307 3176 530 3233 Paulum
562 3177 657 3234 tibi
691 3180 1030 3247 commendo,
1071 3186 1232 3250 atque
1276 3181 1345 3236 ad
1391 3190 1510 3236 tuas
1537 3196 1730 3236 manus
1755 3177 1904 3237 velut

304 3265 373 3322 ad
403 3277 615 3338 portum
644 3270 969 3326 transmitte.
999 3270 1112 3325 Abs
1155 3277 1209 3326 te
1252 3271 1428 3341 igitur,
1461 3271 1776 3342 cumprimis
1805 3285 1901 3328 ve-

306 3356 544 3413 neranda
564 3365 620 3414 et
646 3357 979 3415 nobilissima
999 3359 1214 3415 domina
1235 3376 1374 3426 mea,
1398 3369 1543 3431 peto,
1568 3370 1626 3416 ut
1645 3361 1906 3433 quemad»

305 3446 527 3504 modum
551 3447 933 3505 humanitatem
981 3459 1124 3505 tuam
1153 3449 1330 3518 decet,
1377 3450 1524 3521 ipsos
1557 3451 1760 3507 videas.
1786 3452 1906 3510 Scis

306 3537 452 3594 enim
475 3548 728 3610 quantam
765 3539 989 3611 hujusce
1019 3540 1286 3596 comitatis
1321 3539 1630 3597 mercedem
1669 3542 1904 3598 relatura

307 3628 406 3684 sis.
429 3630 508 3685 Ac
526 3644 685 3701 quam
706 3630 1003 3700 saepissime
1026 3630 1228 3697 licebit,
1245 3630 1313 3686 de
1332 3639 1422 3686 tua
1445 3631 1768 3701 valetudine,
1786 3648 1906 3705 qua

307 3718 597 3777 admodum
621 3720 778 3777 nobis
795 3736 942 3778 cura:
969 3728 1075 3790 est,
1103 3721 1188 3778 fac
1214 3736 1302 3777 me
1330 3722 1638 3780 certiorem.

308 3853 558 3912 CLXIX.
600 3855 829 3912 Iulianis
867 3865 916 3911 et
952 3856 1037 3921 iis,
1081 3870 1197 3927 quc
1235 3871 1354 3910 cum
1391 3855 1506 3928 ipsa
1542 3865 1681 3913 sunt.
1705 3857 1725 3929 (
1749 3858 1907 3915 Anno

1025 3945 1187 4018 406.)

380 4055 499 4124 Quo
522 4056 767 4128 graviore
791 4071 948 4128 paena
1005 4058 1248 4115 mulctati
1293 4070 1437 4127 sunt,
1464 4060 1554 4131 qui
1590 4070 1673 4117 tot
1699 4063 1904 4118 scelera

309 4155 707 4218 perpetrarunt,
735 4163 802 4204 eo
825 4164 1038 4219 quoque
1066 4151 1240 4216 vobis,
1271 4151 1362 4222 qui
1386 4160 1465 4207 tot
1487 4152 1692 4208 scelera
1718 4153 1903 4210 delere

309 4237 608 4304 studuistis,
643 4247 959 4311 tantumque
1001 4241 1201 4297 laboris
1233 4251 1290 4298 et
1330 4258 1584 4300 aerumna:
1611 4245 1900 4317 suscipitis,

309 4331 537 4403 amplior
560 4347 768 4388 merces
787 4332 964 4388 futura
991 4341 1096 4390 est.
1122 4333 1306 4406 Neque
1329 4336 1471 4392 enim
1500 4336 1657 4394 nobis
1676 4338 1903 4394 obscura

313 4420 412 4476 fuit
435 4436 500 4476 ea
540 4421 911 4486 beneﬁcentia,
939 4423 1098 4494 idque
1125 4424 1384 4492 studium,
1407 4426 1548 4496 quod
1577 4436 1633 4483 et
1661 4429 1713 4484 in
1742 4443 1905 4500 nego-

311 4511 408 4578 tio,
430 4510 500 4566 de
527 4525 635 4582 quo
660 4512 852 4583 agitur,
879 4522 936 4570 et
964 4513 1016 4568 in
1037 4514 1374 4584 excipiendis
1401 4515 1737 4588 benigneque
1756 4534 1906 4576 com-

311 4601 609 4672 plectendis
636 4602 724 4670 iis,
752 4617 886 4674 quos
933 4603 1072 4661 istuc
1114 4604 1382 4673 misimus,
1422 4609 1768 4677 praestitistis.
1795 4611 1906 4667 Eo-

311 4707 419 4763 que
446 4693 662 4748 nomine
689 4694 888 4765 gratias
915 4695 1068 4751 vobis
1108 4695 1390 4768 habemus,
1424 4713 1628 4772 vosque
1655 4715 1907 4773 rogamus

315 4794 374 4839 ut
401 4785 455 4839 in
480 4783 670 4840 eodem
694 4785 871 4841 studio
900 4796 956 4842 et
992 4787 1266 4845 alacritate
1296 4793 1655 4860 permaneatis
1682 4834 1699 4859 ,
1728 4809 1791 4850 ac
1817 4794 1908 4850 ﬁr-

315 4874 638 4942 mius,etiam
675 4876 837 4932 animi
878 4877 1046 4934 robur
1073 4888 1130 4936 et
1173 4880 1536 4938 fortitudinem
1584 4885 1906 4944 adhibentis.

315 4968 500 5040 Neque
530 4971 672 5026 enim
703 4986 799 5028 vos
837 4971 990 5045 fugit,
1019 4983 1220 5045 quanta
1248 4975 1469 5048 hujusce
1495 4979 1739 5049 praeclari
1783 4981 1908 5037 facti

317 5063 630 5133 magnitudo
675 5065 766 5131 sit,
805 5075 1166 5138 quantamque
1217 5069 1522 5126 mercedem
1576 5082 1909 5142 perceptum

315 5156 453 5220 sitis,
481 5162 658 5210 tantos
682 5165 879 5222 motus,
910 5173 973 5214 ac
1000 5169 1110 5215 tam
1136 5174 1311 5216 stevos
1337 5160 1549 5230 ﬂuctus,
1575 5175 1832 5235 quantum
1855 5165 1910 5221 in

315 5246 469 5300 vobis
493 5255 600 5312 est,
639 5258 1061 5317 compescentes,
1097 5265 1342 5323 eamque,
1373 5268 1532 5324 quam
1562 5270 1658 5325 par
1683 5267 1787 5324 est,
1821 5271 1911 5313 ac-

316 5336 485 5407 ceptis
511 5338 864 5395 incommodis
888 5339 1206 5398 medicinam
1226 5341 1532 5401 afferentes.

690 5471 904 5529 CLXX.
936 5473 1152 5533 Italica.
1182 5477 1362 5550 (Anno
1389 5478 1542 5552 ωδ.)

391 5602 451 5659 in
486 5604 725 5662 externis
769 5608 1030 5680 negotiis,
1071 5619 1132 5668 ut
1170 5620 1380 5683 natura,
1411 5612 1484 5670 ita
1505 5614 1666 5672 etiam
1701 5617 1911 5677 actione

319 5704 481 5764 atque
521 5694 980 5759 administratione
1007 5703 1243 5762 distincti
1291 5716 1417 5764 sunt
1447 5707 1500 5763 hi
1543 5722 1722 5776 sexus,
1754 5710 1913 5766 nimi-

325 5799 452 5841 rutu
468 5786 541 5841 vit
585 5796 640 5844 et
674 5791 881 5848 mulier.
934 5793 1024 5852 Sic
1071 5798 1214 5853 enim
1261 5798 1500 5858 moribus
1543 5799 1909 5875 comparatum

1749 341 2132 403 EPIS'I'OLE.

3502 335 3616 397 7l0

1995 464 2102 525 est,
2133 461 2193 511 ut
2240 453 2436 510 mulier
2459 451 2609 510 domi
2645 467 2707 511 se
2744 458 2945 519 teneat,
2974 450 3057 508 vir
3087 459 3270 510 autem
3298 452 3512 526 publica
3548 468 3610 518 si

1997 543 2232 602 forensia
2258 544 2470 615 negotia
2490 543 2768 614 suscipiat.
2797 544 2867 598 At
2891 542 2947 598 in
2968 541 3164 598 divinis
3188 544 3607 616 certaminibus,

1995 637 2170 709 iisque
2195 635 2490 705 laboribus,
2517 636 2609 708 qui
2637 631 2898 692 Ecclesiae
2937 649 3102 691 causa
3141 635 3459 701 subeuntur,
3504 636 3610 694 hoc

1995 727 2175 784 locum
2200 741 2308 783 non
2336 726 2497 783 habet
2537 740 2766 782 :verum
2803 725 2923 782 ﬁeri
2968 734 3174 797 potest,
3195 734 3254 782 ut
3298 725 3499 783 femina
3555 727 3612 783 in

1997 817 2274 889 prmelaris
2308 816 2395 872 bis
2420 815 2805 873 certaminibus
2842 815 3224 887 laboribuSque
3258 816 3614 889 capessendis

1997 909 2170 965 virum
2195 923 2413 981 quoque
2455 906 2771 965 fortitudine
2799 917 3037 979 superet.
3079 908 3234 975 Quod
3257 909 3422 966 etiam
3465 907 3615 966 indi-

1997 1016 2130 1059 cans
2153 1003 2351 1059 Paulus
2381 1002 2436 1059 in
2458 1018 2523 1059 ea
2547 1003 2795 1074 epistola,
2827 1017 2991 1074 quam
3019 1001 3088 1059 ad
3117 1004 3344 1073 patriam
3370 1013 3605 1062 vestram

1997 1095 2237 1167 scripsit,
2259 1095 2570 1167 complures
2594 1094 2822 1152 feminas
2859 1096 3208 1167 amplissimis
3248 1096 3498 1154 laudibus
3521 1096 3605 1154 ef-

2000 1186 2125 1256 fert,
2158 1187 2304 1259 lpsas
2327 1187 2582 1244 nimirum
2609 1187 2752 1244 haud
2778 1201 2972 1259 parum
3010 1187 3066 1243 in
3100 1202 3168 1246 eo
3191 1188 3499 1246 elaborasse
3518 1203 3607 1245 as-

1999 1291 2209 1344 serens,
2238 1287 2300 1334 ut
2345 1279 2490 1334 viros
2517 1279 2681 1334 etiam
2709 1280 3046 1350 corrigerent
3072 1287 3235 1351 atque
3266 1279 3338 1334 ad
3367 1277 3606 1335 ofﬁcium

1997 1380 2317 1425 revocarent
2343 1369 2522 1440 (Rom.
2554 1370 2674 1441 ult).
2695 1369 2968 1439 Quorsum
3006 1378 3188 1426 autem
3230 1370 3346 1426 hare
3368 1383 3609 1426 comme-

1999 1461 2192 1517 moro?
2219 1459 2426 1530 Nempe
2454 1474 2523 1516 ne
2550 1460 2788 1516 alienum
2829 1459 2985 1516 vobis
3013 1460 3334 1517 existimetis
3368 1461 3607 1517 studium

1995 1549 2155 1618 illud,
2183 1567 2250 1607 ac
2276 1551 2491 1608 labores
2517 1567 2614 1609 eos
2637 1551 2921 1624 attingere,
2951 1566 3074 1623 qua:
3110 1551 3180 1608 ad
3207 1552 3606 1610 ecclesiastica-

1997 1659 2118 1700 rum
2141 1654 2325 1701 rerum
2353 1644 2784 1701 emendationem
2806 1643 3117 1701 conducunt
3143 1663 3158 1700 :
3179 1657 3366 1702 verum
3391 1654 3448 1704 et
3466 1646 3606 1718 quod

1997 1735 2232 1805 primum
2258 1743 2362 1802 est,
2391 1748 2493 1807 per
2518 1751 2616 1792 vos
2643 1737 2810 1806 ipsos,
2836 1742 2893 1792 et
2918 1750 3016 1807 per
3033 1735 3168 1792 alios
3193 1745 3421 1808 quorum
3442 1753 3609 1808 opera

1998 1825 2077 1880 uti
2108 1825 2290 1881 licebit
2315 1824 2384 1881 ad
2421 1825 2718 1882 sedandam
2756 1839 3097 1882 communem
3133 1833 3508 1899 tempestatem
3531 1842 3600 1886 ac

1999 1917 2478 1986 perturbationem,
2526 1917 2581 1973 in
2622 1931 2783 1987 quam
2821 1915 3058 1974 Orientis
3097 1917 3354 1974 Ecclesiae
3403 1919 3612 1976 incide-

1997 2017 2146 2075 runt,
2170 2018 2300 2068 eam
2310 2024 2473 2079 quam
2497 2008 2754 2066 convenit
2774 2022 2961 2066 curam
2997 2023 3062 2064 ac
3094 2008 3428 2082 diligentiam
3453 2008 3608 2066 adhi-

1998 2096 2190 2156 bcatis.
2216 2098 2349 2155 Nam
2370 2114 2479 2171 quo
2505 2100 2745 2157 atrocior
2777 2109 3069 2173 tempestas
3097 2111 3153 2157 et
3179 2101 3453 2172 graviores
3477 2113 3602 2170 pro-

2000 2191 2155 2248 cellae
2180 2192 2525 2259 exstiterunt,
2563 2207 2630 2248 eo
2657 2207 2871 2264 quoque
2898 2193 3074 2264 major
3101 2207 3311 2250 merces
3338 2193 3492 2249 vobis
3509 2202 3598 2243 re-

2002 2281 2227 2349 feretur,
2258 2285 2326 2351 si,
2356 2293 2415 2340 nt
2460 2284 2727 2340 turbatam
2763 2298 2953 2354 pacem
2992 2283 3262 2339 reducatis
3283 2324 3299 2351 ,
3340 2282 3472 2338 nihil
3502 2298 3608 2339 non

2001 2385 2162 2445 agere
2190 2390 2254 2430 ac
2284 2376 2492 2446 perpeti
2514 2376 2568 2431 in
2609 2376 2849 2430 animum
2890 2374 3177 2444 inducatis,
3206 2374 3494 2446 omniaque
3522 2389 3608 2442 ea,

2001 2481 2123 2537 qua:
2165 2467 2475 2537 perturbata
2523 2476 2666 2534 sunt,
2721 2467 2775 2523 in
2811 2466 3130 2538 congruenti
3171 2474 3314 2522 statu
3342 2467 3612 2524 collocare

2003 2556 2285 2613 studentis.

2175 2645 2422 2704 CLXXI.
2457 2647 2678 2704 Montio.
2710 2647 2732 2722 (
2756 2649 2836 2706 Ah
2861 2664 3007 2705 anno
3033 2645 3141 2706 404
3169 2649 3237 2705 ad
3266 2646 3392 2706 407.
3417 2650 3438 2724 )

2077 2774 2192 2839 Etsi
2225 2783 2407 2853 procul
2444 2799 2475 2838 a
2515 2791 2568 2839 te
2594 2797 2821 2854 corpore
2865 2790 3110 2838 semotus
3147 2797 3266 2837 sum
3292 2819 3307 2848 ,
3352 2790 3409 2837 at
3445 2782 3610 2838 animi

2007 2880 2184 2928 tamen
2215 2872 2412 2929 affectu
2437 2888 2627 2946 prope,
2657 2882 2949 2944 tecumque
2972 2873 3214 2944 quotidie
3243 2887 3450 2939 versor,
3475 2887 3540 2930 ac
3561 2881 3615 2930 te

2004 2964 2322 3034 amplector,
2343 2966 2595 3021 nimirum
2616 2966 2893 3022 ardentem
2914 2975 3065 3021 tuum
3081 2981 3209 3037 erga
3239 2982 3326 3022 me
3344 2982 3609 3034 amorem,

2007 3057 2460 3130 hospitalitatem,
2497 3061 2806 3116 comitatem
2836 3099 2853 3125 ,
2899 3059 3170 3131 ingentem
3212 3059 3610 3116 observantiam

2005 3159 2167 3222 atque
2191 3150 2448 3218 studium,
2479 3151 2622 3223 quod
2655 3149 2784 3206 mihi
2814 3165 3029 3222 semper
3054 3151 3372 3221 prastitisti,
3400 3168 3613 3210 mecum

2007 3252 2282 3314 reputans,
2321 3244 2502 3314 tuique
2533 3244 2848 3299 memoriam
2877 3258 2973 3314 pro
3001 3243 3210 3301 deliciis
3240 3244 3466 3312 habens,
3495 3247 3612 3300 sin-

2006 3349 2294 3405 ceramque
2321 3334 2751 3391 benevolentiam
2779 3349 2842 3390 ac
2871 3335 2981 3390 doli
3012 3345 3293 3408 expertem
3319 3338 3461 3408 apud
3490 3353 3613 3392 om-

2007 3440 2105 3482 nes
2129 3425 2448 3497 praedicans.
2477 3426 2661 3498 anue
2686 3426 2757 3482 de
2781 3442 2944 3483 causa
2973 3428 3246 3483 literarum
3278 3438 3487 3486 tuarum
3515 3431 3614 3488 de-

2007 3519 2207 3578 siderio
2231 3529 2455 3578 teneor:
2479 3530 2638 3594 teque
2660 3536 2814 3593 rogo,
2843 3531 2903 3577 ut
2926 3537 3085 3592 quam
3111 3523 3409 3593 smpissime
3433 3524 3501 3580 ad
3527 3539 3617 3581 me

2007 3613 2236 3679 scribas,
2268 3629 2461 3685 meque
2490 3613 2559 3669 de
2598 3623 2687 3668 tua
2721 3613 3032 3670 valetudine
3070 3616 3360 3670 certiorem
3405 3615 3568 3671 facias
3597 3633 3614 3673 :

2009 3718 2118 3776 quo
2146 3705 2418 3778 ingentem
2448 3705 2574 3762 hinc
2597 3705 3022 3762 consolationem
3051 3707 3284 3778 capiam,
3305 3708 3375 3764 de
3404 3711 3614 3766 valetu-

2009 3794 2152 3851 dinis
2177 3804 2284 3852 tua:
2310 3795 2564 3852 ﬁrmitate
2582 3837 2600 3864 ,
2631 3811 2752 3867 qua:
2778 3795 2911 3852 mihi
2936 3810 3162 3852 summa:
3188 3812 3333 3854 cura:
3360 3809 3444 3855 est
3465 3841 3480 3864 ,
3510 3801 3616 3856 ali-

2009 3886 2140 3958 quid
2179 3886 2448 3969 ediscens.
2479 3887 2657 3956 Quare
2698 3902 2768 3944 ne
2794 3902 2881 3942 me
2903 3929 2918 3952 ,
2951 3903 3135 3958 quaaso
3155 3931 3170 3954 ,
3206 3889 3306 3946 hac
3339 3892 3616 3962 voluptate

2011 3995 2196 4038 carere
2236 3981 2383 4036 sinas
2414 3998 2429 4036 :
2459 3996 2646 4037 verum
2694 3981 2908 4052 quoties
2954 3981 3180 4038 facultas
3225 3982 3458 4054 dabitur,
3501 3990 3620 4046 haec

2010 4065 2209 4140 scribe,
2239 4072 2469 4143 Izetoqne
2496 4072 2685 4128 nuntio
2705 4087 2806 4129 nos
2827 4071 3090 4129 exhilara.

2209 4231 2490 4288 CLXXII.
2523 4233 2787 4289 Ilelludio.
2817 4234 3069 4307 (Cucuso
3096 4251 3241 4292 anno
3264 4239 3419 4312 604.)

2085 4369 2289 4439 Exigua
2317 4367 2449 4425 mihi
2477 4378 2653 4425 tecum
2681 4368 2944 4425 hactenus
2973 4371 3306 4425 consuetudo
3334 4370 3432 4428 fuit
3456 4416 3470 4439 ,
3502 4387 3619 4426 ma-

2011 4476 2181 4533 gnum,
2197 4469 2377 4516 tamen
2395 4459 2588 4516 sinceri
2613 4458 2688 4514 tui
2709 4467 2870 4529 atque
2890 4460 3133 4515 ardentis
3157 4476 3280 4531 erga
3306 4477 3391 4518 me
3415 4472 3619 4522 amoris

2012 4552 2444 4623 experimentum
2481 4549 2623 4621 cepi.
2655 4549 2867 4606 Etenim
2911 4565 3192 4622 generoszn
3231 4552 3427 4609 animo:
3466 4556 3619 4616 brevi

2013 4654 2257 4717 tempore
2294 4659 2392 4701 eos
2417 4686 2433 4712 ,
2467 4645 2560 4716 qui
2598 4643 2668 4700 ad
2705 4659 2766 4700 se
2800 4644 3036 4710 adeunt,
3065 4643 3165 4700 sibi
3193 4645 3524 4705 devinciunt.
3559 4649 3618 4708 ιιι

2015 4738 2132 4808 ipse
2160 4751 2374 4809 quoque
2399 4735 2575 4792 fecisti
2601 4777 2617 4802 ,
2649 4744 2709 4791 ut
2734 4736 2826 4806 qui
2857 4736 3007 4792 brevi
3033 4745 3273 4807 tempore
3298 4747 3406 4794 tam
3435 4755 3618 4799 acrem

2016 4829 2089 4885 tui
2123 4843 2362 4886 amorem
2401 4827 2535 4885 mihi
2565 4827 2829 4884 attuleris.
2863 4827 2946 4884 0b
2973 4843 3201 4899 eamque
3225 4844 3442 4886 causam
3472 4833 3540 4888 ad
3573 4844 3626 4890 te

2014 4921 2229 4988 scribo,
2272 4935 2560 4993 rerumque
2605 4935 2848 4976 mearum
2890 4930 3088 4977 statum
3125 4937 3337 4994 expono
3358 4964 3376 4991 ,
3424 4941 3626 4998 nempe

2013 5014 2160 5087 quod
2187 5015 2240 5072 in
2269 5030 2462 5087 magna
2488 5015 2670 5086 quiete
2706 5023 2868 5086 atque
2904 5016 3016 5071 otio
3040 5014 3230 5087 degam
3255 5058 3270 5083 ,
3305 5032 3498 5091 meque
3534 5021 3625 5078 hic

2015 5121 2204 5164 omnes
2232 5107 2518 5179 diligenter
2545 5122 2610 5163 ac
2637 5105 2880 5163 studiose
2906 5105 3090 5162 colant
3107 5149 3123 5176 ,
3154 5123 3457 5181 magnaque
3503 5128 3626 5168 cum

2016 5201 2389 5258 benevolentia
2417 5200 2776 5271 couSpiciant.
2803 5198 2874 5256 Ut
2898 5199 3058 5272 igitur
3082 5201 3245 5258 rebus
3274 5217 3489 5275 quoque
3523 5208 3629 5262 tuis

2015 5292 2243 5366 cognitis
2272 5291 2396 5347 larto
2423 5293 2604 5346 animo
2628 5291 2754 5358 sim,
2779 5290 3017 5346 scribere
3042 5290 3111 5346 ad
3137 5305 3224 5346 me
3247 5308 3406 5362 quam
3434 5298 3635 5365 saepis”

2016 5387 2154 5443 sime
2176 5427 2192 5454 ,
2226 5399 2290 5441 ac
2312 5384 2382 5441 de
2409 5393 2497 5440 tua
2524 5383 2828 5440 valetudine
2870 5383 3157 5439 certiorem
3202 5399 3290 5440 me
3332 5384 3510 5443 facere
3557 5405 3630 5444 ne

2016 5478 2276 5551 graveris.
2307 5474 2624 5546 Huiusmodi
2653 5475 2798 5531 enim
2838 5474 3006 5530 literis
3032 5474 3130 5531 abs
3157 5484 3209 5531 te
3234 5478 3506 5549 acceptis,
3542 5477 3630 5536 in—

2017 5572 2161 5645 genti
2192 5571 2315 5628 hinc
2337 5568 2705 5626 consolatione
2730 5566 2954 5623 afﬁcior.

2231 5681 2547 5742 CLXXIII.
2577 5680 2808 5738 Evethio.
2833 5678 3054 5750 (Cucusi
3081 5696 3224 5736 anno
3249 5680 3402 5754 406.)

2092 5801 2205 5859 Etsi
2234 5814 2459 5872 corpore
2488 5799 2584 5854 abs
2609 5807 2661 5855 te
2701 5802 2940 5854 remotus
2982 5809 3140 5864 sum,
3181 5794 3405 5853 caritate
3432 5801 3620 5851 tamen
