4076 6426
555 328 652 386 ἨΙ

548 458 674 506 cum
712 442 889 499 animo
926 447 1020 498 tuo
1057 438 1329 496 devinctus
1370 452 1508 493 sum.
1537 435 1851 506 Huiusmodi
1874 435 2120 492 videlicet

547 531 795 588 amicitia
849 531 1069 602 pignora
1113 527 1266 585 nobis
1293 527 1519 596 iniecisti
1542 569 1558 594 ,
1600 526 1726 581 dum
1766 533 1964 582 tantam
1993 539 2118 596 erga

553 636 641 677 me
667 620 1053 677 observantiam
1078 631 1141 673 ac
1162 615 1584 673 benevolentiam
1605 616 1722 671 istic
1735 628 1845 685 pra:
1864 623 1915 669 te
1932 612 2118 670 tulisti.

549 711 676 766 ideo
711 722 1094 780 quemcumque
1130 708 1184 762 in
1219 707 1394 762 locum
1423 705 1735 762 accesserim
1759 744 1776 771 ,
1805 703 2002 773 gratias
2026 702 2120 758 tibi

539 817 706 873 agere
732 802 951 858 minime
979 801 1288 855 intermitto.
1320 797 1474 853 Acte
1498 811 1645 867 rogo,
1672 803 1730 850 ut
1751 794 1818 849 ad
1846 808 1931 849 me
1958 807 2119 864 quam

541 891 841 960 smpissime
883 892 996 960 ipse
1021 903 1231 960 quoque
1272 888 1490 953 scribas,
1520 891 1583 941 ac
1611 886 1678 941 de
1702 895 1788 940 tua
1818 883 2120 939 valetudine

547 996 635 1035 me
680 980 841 1035 facias
868 981 1166 1036 certiorem.
1197 979 1309 1049 Ego
1351 978 1489 1033 enim
1515 1018 1532 1044 ,
1560 977 1642 1031 via
1670 977 1813 1030 omni
1839 973 2121 1044 tranquille

542 1087 612 1126 ac
643 1082 756 1127 tuto
800 1072 1023 1127 decursa
1045 1112 1061 1138 ,
1104 1069 1295 1126 Cueusi
1330 1068 1465 1139 dego
1487 1109 1502 1132 ,
1552 1068 1668 1122 loci'
1694 1068 1923 1137 quietem
1961 1075 2119 1134 atque

1264 324 1322 381 S.
1359 320 1634 380 JOANNIS
1668 317 2138 378 CHRYSOS‘I'OMI
2174 319 2491 379 ARCHIEP.
2531 323 3060 387 CONSTANTINOP.

3705 335 3816 394 712

2227 437 2394 492 otium
2421 453 2520 509 pro
2546 440 2748 498 deliciis
2789 443 3025 511 habens,
3057 453 3215 518 atque
3251 449 3524 521 ingentem
3564 460 3813 517 omnium

2225 526 2616 619 observantiam
2660 542 2717 588 et
2759 534 3182 592 benevolentiam
3224 540 3490 599 obtinens.
3536 545 3607 602 Ut
3648 547 3812 619 igitur

2227 615 2527 675 valetudine
2547 635 2760 692 quoque
2781 633 2868 679 tua
2888 625 3097 696 cognita
3126 627 3360 685 laetitiam
3388 615 3710 704 concipiam,
3730 639 3804 693 da

2225 723 2462 779 operam,
2490 718 2550 764 ut
2575 711 2791 772 crebras
2807 714 2950 785 ,jmo
2973 717 3214 773 assiduas
3237 719 3448 790 literas,
3475 740 3594 794 qua:
3617 725 3688 782 de
3717 737 3810 784 tua

2225 802 2487 872 totiusque
2504 803 2696 859 domus
2715 812 2819 860 tua:
2844 807 3146 865 valetudine
3174 812 3437 878 nuntient,
3465 815 3532 870 ad
3559 832 3660 872 nos
3683 820 3809 873 mit-

2227 899 2327 947 tas.
2368 893 2502 948 Hinc
2538 894 2679 950 enim
2729 897 3108 967 amplissimam
3155 901 3571 959 consolationem
3624 909 3807 977 perci-

2191 1047 2193 1050 g
2222 985 2447 1053 piemus.

548 1194 3802 1225 MM

1394 1276 1933 1365 EJUSDEM
1989 1281 2564 1365 EPISTOLE
2605 1286 2976 1369 LXVIII

1921 1471 2004 1516 ΔΙ)
2043 1472 2369 1519 DIVERSOS.

543 1612 778 1668 Primum
805 1611 858 1666 in
886 1610 1046 1665 lucem
1065 1607 1212 1662 edim
1236 1619 1368 1659 anno
1392 1603 1527 1660 1615
1544 1643 1559 1670 ,
1586 1617 1648 1656 ea;
1674 1596 2216 1686 codicedfsniflo‘llegiii
2231 1599 2565 1686 sentverpiani
2585 1597 2774 1656 Societ.
2805 1602 2948 1674 Iesu,
2972 1606 3254 1668 Fsorvrons
3280 1613 3498 1686 Ducao,
3527 1617 3796 1679 Sacietats'e

1797 1669 1829 1722 J
1836 1685 1922 1722 esu
1951 1668 2201 1738 theologo,
2227 1668 2511 1740 interprete.

1993 1826 2360 1883 Μ

534 1967 759 2029 CLXXI
774 1969 838 2026 V.
867 1959 1165 2040 Episwpis,
1199 1967 1528 2037 presbyteris,
1570 1971 1617 2017 et
1655 1959 1878 2016 diaconis
1904 1958 2112 2013 Chalce-

609 2062 738 2115 done
753 2060 978 2114 inclusis.
1001 2057 1256 2127 (Scripta,
1285 2065 1342 2111 ut
1356 2064 1592 2126 putatur,
1619 2067 1738 2108 cum
1767 2050 2028 2106 Cucusum
2056 2047 2110 2102 in

609 2150 849 2205 exsilium
880 2155 1141 2218 pergeret,
1171 2161 1310 2201 anno
1339 2145 1489 2213 404.)

609 2238 756 2295 Beati
783 2253 875 2294 vos
903 2247 958 2293 et
982 2237 1053 2291 ob
1078 2236 1305 2301 vincula,
1334 2241 1390 2289 et
1412 2235 1481 2289 ob
1509 2233 1742 2287 animum
1767 2244 1872 2301 quo
1900 2227 2109 2284 vincula

536 2335 811 2402 toleratis,
838 2343 894 2390 et
931 2334 983 2388 in
1027 2332 1107 2388 his
1134 2331 1435 2401 apostolicae
1477 2326 1795 2383 fortitudinis
1839 2325 2108 2394 specimen

535 2422 800 2478 cxhibetis
829 2441 842 2476 :
871 2420 1291 2492 quandoquidem
1321 2418 1396 2472 illi
1423 2417 1580 2471 etiam
1612 2416 1737 2471 dum
1767 2413 2105 2482 ﬁagellaren-

537 2525 652 2578 tur,
681 2521 996 2568 vexarentur
1016 2551 1030 2577 ,
1061 2525 1122 2564 ac
1145 2510 1500 2573 vincirentur,
1531 2506 1644 2560 haec
1671 2505 1834 2559 multa
1858 2517 1976 2557 cum
2009 2515 2104 2555 vo-

534 2605 734 2672 luptate
778 2601 1110 2666 tolerabant;
1153 2613 1323 2669 neque
1365 2612 1491 2652 vero
1536 2606 1738 2650 tantum
1780 2593 1943 2647 multa
1983 2605 2104 2645 cum

533 2695 801 2762 voluptate
831 2692 1160 2755 tolerabant,
1209 2690 1302 2745 sed
1344 2689 1504 2743 etiam
1543 2688 1667 2742 dum
1705 2686 1906 2740 catenis
1943 2682 2104 2737 vincti

532 2790 732 2845 essent,
762 2795 858 2835 suo
884 2795 1102 2834 munere
1132 2777 1497 2849 fungebantur,
1530 2785 1583 2831 et
1613 2775 1676 2829 de
1707 2783 1816 2829 toto
1845 2781 2102 2827 terrarum

529 2872 658 2927 orbe
683 2870 892 2926 solliciti
914 2879 1084 2925 erant.
1112 2867 1368 2935 Quocirca
1395 2875 1622 2920 vestram
1647 2865 1804 2917 etiam
1829 2863 2101 2917 caritatem

528 2979 645 3030 oro,
679 2971 734 3017 ut
765 2976 830 3016 ne
858 2961 1052 3015 idcirco
1078 2960 1254 3012 animo
1281 2955 1569 3011 concidatis
1590 2997 1604 3022 ,
1637 2954 1728 3009 sed
1757 2963 1954 3024 quanto
1982 2969 2098 3008 ma-

527 3055 696 3122 jorem
727 3050 874 3105 vobis
921 3048 1127 3104 sentitis
1167 3046 1332 3116 iniligi
1367 3045 1602 3100 dolorem
1632 3059 1695 3099 ex
1725 3043 1787 3097 iis
1814 3058 1930 3112 qua:
1962 3043 2098 3112 pati-

529 3139 679 3206 mini,
713 3150 856 3194 tanto
896 3140 1054 3193 etiam
1091 3138 1343 3205 majorem
1375 3135 1533 3189 animi
1561 3135 1884 3189 alacritatem
1914 3142 2096 3187 osten-

522 3231 656 3295 dite,
673 3245 871 3298 vosque
892 3227 1110 3297 singulis
1127 3226 1314 3281 diebus
1330 3225 1685 3279 Ecclesiarum
1706 3238 1886 3278 curam
1905 3223 2093 3293 gerite,

526 3337 645 3390 quae
675 3320 724 3373 in
757 3327 868 3373 toto
893 3327 1016 3372 sunt
1039 3316 1169 3373 orbe
1199 3325 1478 3381 terrarum,
1510 3325 1566 3368 ut
1592 3315 1913 3368 conveniens
1942 3312 2096 3368 malis

528 3409 815 3465 remedium
847 3407 1176 3472 adhibeatur,
1223 3420 1393 3475 neque
1435 3403 1633 3458 idcirco
1676 3403 1967 3458 reddamini
2007 3417 2093 3457 se-

524 3503 736 3572 gniores
759 3541 783 3567 ,,
803 3499 944 3569 quod
981 3511 1204 3553 numero
1245 3511 1438 3566 paucos
1481 3510 1575 3551 vos
1611 3510 1732 3551 esse
1773 3494 2013 3562 videatis,
2044 3504 2097 3550 et

523 3589 666 3660 quod
711 3589 1056 3658 undequaque
1096 3588 1378 3643 vexemini.
1424 3586 1539 3642 Non
1579 3587 1721 3642 enim
1764 3585 1977 3640 dubium
2012 3594 2095 3639 est

523 3684 650 3754 quin
675 3723 691 3749 ,
716 3696 836 3737 cum
876 3697 939 3736 ex
982 3680 1066 3736 his
1090 3695 1208 3751 qua:
1236 3680 1473 3750 patimini
1502 3678 1755 3749 majorem
1782 3680 1929 3734 vobis
1953 3678 2092 3749 apud

523 3775 690 3828 Deum
713 3771 955 3826 ﬁduciam
979 3771 1289 3838 concilietis,
1316 3771 1542 3839 majores
1571 3769 1693 3824 inde
1715 3784 1926 3839 quoque
1953 3769 2091 3824 vires

523 3864 764 3934 adepturi
788 3864 924 3918 sitis.
952 3863 1082 3917 Date
1111 3863 1266 3932 igitur
1284 3877 1519 3932 operam,
1541 3870 1601 3916 ut
1622 3877 1744 3916 cum
1764 3875 1883 3915 sese
1904 3860 2092 3916 oﬁ‘cret

523 3957 732 4011 occasio
754 3996 770 4022 ,
812 3955 1041 4009 studium
1080 3965 1133 4009 et
1176 3956 1495 4009 alacritatem
1530 3955 1821 4009 exhibeatis
1844 3995 1860 4020 ,
1891 3969 1952 4008 ac
1981 3963 2091 4008 tum

525 4064 619 4119 per
647 4063 741 4103 vos
771 4049 940 4116 ipsos,
973 4055 1082 4101 tum
1115 4062 1206 4115 per
1231 4046 1363 4101 alios
1405 4061 1762 4116 quoscumque
1785 4087 1797 4111 ,
1832 4061 1927 4115 per
1959 4060 2092 4114 quos

522 4142 730 4196 licuerit
754 4182 767 4207 ,
795 4155 858 4195 ea
885 4140 1062 4194 facere
1091 4154 1153 4193 ac
1179 4138 1355 4194 dicere
1381 4139 1586 4193 studete
1610 4179 1624 4206 ,
1656 4155 1773 4208 qua:
1807 4138 2089 4207 procellam

520 4242 764 4304 poterunt
811 4242 1046 4287 exortam
1083 4231 1288 4286 sedare.
1321 4230 1410 4286 Sic
1451 4231 1590 4286 enim
1637 4231 1864 4284 maxime
1902 4228 2088 4298 proﬁci

520 4326 732 4393 poterit,
755 4327 797 4378 si
825 4339 917 4377 vos
935 4323 1161 4378 studium
1185 4322 1560 4377 adhibueritis:
1583 4321 1724 4392 quod
1750 4323 1794 4376 si
1815 4321 1945 4376 nihil
1967 4336 2090 4391 pro-

519 4416 601 4471 ﬁci
631 4418 888 4484 potuerit,
918 4430 1013 4469 vos
1041 4415 1385 4468 nihilominus
1415 4415 1483 4468 ob
1513 4415 1650 4469 hanc
1695 4415 1857 4469 animi
1895 4415 2084 4470 alacri-

521 4516 680 4561 tatem
712 4507 1005 4562 mercedem
1034 4523 1063 4559 a
1092 4507 1320 4574 benigno
1351 4506 1457 4561 Deo
1486 4508 1769 4576 recipietis.

564 4595 829 4651 CLXXV.
857 4597 1098 4666 Agapeto.
1130 4594 1356 4667 (Cucuso
1381 4609 1519 4650 anno
1544 4596 1667 4662 404,
1695 4605 1754 4656 ut
1779 4598 2035 4666 putatur.)

585 4687 778 4743 Multos
802 4688 961 4742 subiit
986 4698 1040 4743 et
1062 4690 1342 4744 continuos
1366 4689 1589 4744 sudores
1616 4690 2088 4746 reverendissimns

515 4795 574 4836 ac
602 4780 1026 4850 religiosissimus
1051 4781 1327 4851 presbyter
1353 4779 1602 4835 dominus
1629 4796 1780 4836 meus
1810 4781 2046 4851 Elpidius
2068 4823 2085 4850 ,

514 4872 642 4925 dum
672 4871 827 4940 hujus
857 4872 1051 4925 montis
1078 4871 1296 4936 incolas,
1327 4871 1427 4925 hoc
1451 4881 1532 4926 est
1560 4871 1770 4938 Amani,
1794 4871 1972 4926 studet
2000 4886 2080 4935 ea,

517 4976 619 5029 qua
640 4961 960 5026 detinentur,
985 4961 1252 5030 impietate
1279 4960 1519 5014 liberare.
1552 4959 1772 5031 Jamque
1794 4962 1926 5017 adeo
1951 4961 2084 5016 libe-

520 5052 660 5106 ravit
682 5092 698 5117 ,
727 5059 781 5104 ct
804 5050 1019 5105 abduxit
1047 5067 1139 5105 eos
1164 5052 1229 5106 ah
1254 5067 1432 5106 errore
1450 5094 1462 5115 .
1493 5053 1785 5107 construxit
1811 5054 2077 5120 ecclesias,

519 5151 573 5195 et
603 5141 918 5195 monasteria
945 5142 1304 5205 exmdificavit,
1333 5152 1490 5211 atque
1520 5143 1633 5198 haec
1662 5143 1728 5196 ab
1753 5144 1869 5198 aliis
1897 5144 2083 5200 nobili-

522 5243 602 5286 tas
629 5240 717 5286 tua
761 5233 952 5302 poterit
992 5233 1301 5302 intelligere.
1339 5233 1559 5299 Quando
1599 5235 1754 5303 igitur
1791 5236 1906 5304 pios
1943 5237 2084 5292 viros

523 5329 678 5391 atque
714 5336 1004 5392 generosos
1042 5338 1070 5388 a
1102 5332 1150 5374 te
1179 5325 1287 5376 scio
1311 5324 1650 5378 vehementer
1679 5324 1908 5380 adamari
1981 5343 2085 5383 non

523 5411 840 5465 mediocrem
871 5428 899 5465 a
931 5423 980 5466 te
1022 5413 1238 5482 gratiam
1287 5413 1531 5467 initurum
1580 5429 1664 5469 me
1704 5416 1863 5481 novi,
1892 5417 1935 5470 si
1963 5431 2082 5472 eum

523 5502 612 5554 tibi
640 5511 818 5555 notum
851 5501 1034 5556 faciam
1060 5543 1078 5568 ,
1104 5505 1253 5572 cujus
1285 5513 1389 5557 tam
1419 5504 1670 5571 praeclara
1707 5515 1916 5561 exstant
1958 5507 2085 5564 faci-

525 5605 654 5645 nora
684 5591 870 5659 simul,
901 5603 956 5647 ut
985 5609 1313 5663 quacumque
1334 5594 1454 5648 data
1477 5600 1751 5651 occasione
1777 5606 1829 5651 te
1856 5598 2085 5656 salutare

523 5683 780 5738 t‘Oltlelido
805 5727 818 5751 ,
847 5684 1166 5754 adjiciendas
1195 5685 1291 5743 has
1317 5685 1498 5743 censui
1529 5685 1707 5744 literas
1727 5728 1742 5758 ,
1777 5697 1830 5746 ut
1861 5697 1916 5747 et
1939 5689 2084 5749 debi-

2223 1953 2327 2001 tam
2355 1949 2445 2004 tibi
2473 1951 2836 2013 salutationem
2856 1960 3166 2033 penderem,
3197 1975 3251 2021 et
3275 1968 3445 2024 virum
3473 1980 3575 2028 tua:
3601 1974 3795 2032 nobili-

2217 2039 2314 2092 tati
2361 2045 2808 2103 commendarem.
2858 2049 3213 2118 Quamobrem
3265 2057 3355 2114 illo
3400 2061 3613 2119 intuens
3665 2081 3790 2123 eum

2215 2139 2451 2199 aspectu,
2478 2149 2585 2202 quo
2609 2143 2661 2192 te
2687 2137 2855 2206 decet,
2883 2142 3098 2200 domine
3125 2147 3196 2200 mi
3221 2148 3704 2211 observandissime
3732 2172 3794 2213 ac

2214 2231 2552 2292 summopere
2578 2225 2885 2286 admirande
2911 2272 2924 2297 ,
2966 2232 3039 2287 illi
3071 2235 3228 2291 rebus
3271 2237 3395 2306 ipsis
3433 2243 3657 2299 ostende
3687 2261 3790 2303 non

2214 2316 2414 2366 temere
2439 2328 2613 2385 neque
2639 2315 2830 2373 frustra
2859 2331 3041 2378 nostra
3079 2325 3227 2380 illum
3255 2328 3354 2382 hac
3380 2334 3643 2388 munitum
3672 2337 3789 2405 epi-

2200 2399 2345 2457 btola
2375 2403 2440 2458 ad
2470 2417 2521 2461 te
2546 2409 2755 2464 venisse
2778 2453 2793 2478 ,
2826 2413 2920 2468 sed
2959 2414 3146 2470 harum
3185 2419 3486 2478 interventu
3513 2399 3790 2483 literarum

2209 2493 2426 2548 multam
2468 2497 2636 2563 ipsum
2677 2502 2814 2571 apud
2856 2513 2906 2558 te
2949 2506 3367 2566 benevolentiam
3409 2523 3464 2569 et
3489 2518 3788 2577 caritatem

2208 2593 2480 2651 expertum
2498 2602 2634 2642 esse.
2657 2589 2745 2645 Sic
2766 2593 2905 2647 enim
2926 2595 3035 2662 ﬁet,
3056 2607 3111 2651 ut
3128 2609 3180 2653 ct
3199 2615 3295 2655 nos
3312 2604 3533 2660 multam
3554 2610 3787 2667 solertia

2210 2678 2312 2725 tua:
2339 2673 2354 2704 ¹
2386 2676 2612 2742 gratiam
2639 2680 2894 2736 habemus
2917 2724 2933 2750 ,
2974 2686 3114 2754 quod
3154 2697 3298 2744 tanto
3332 2691 3453 2747 licet
3479 2710 3510 2750 a
3540 2705 3591 2752 te
3615 2698 3787 2756 dissiti

2209 2762 2454 2819 locorum
2477 2768 2774 2838 intervallo,
2808 2789 2903 2844 per
2927 2777 3205 2845 epistolam
3239 2789 3340 2837 tum
3369 2786 3576 2841 caritati
3606 2792 3783 2846 conci-

2206 2853 2336 2911 liare
2375 2873 2436 2911 ac
2483 2863 2844 2930 conglutinare
2887 2871 3150 2937 possimus
3191 2887 3321 2940 eos,
3363 2878 3450 2945 qui
3494 2880 3652 2948 potiri
3691 2883 3784 2939 illa

2207 2951 2522 3018 percupiunt
2549 2970 2561 3005 :
2592 2968 2662 3007 ex
2690 2957 2881 3024 quibus
2903 2976 3040 3016 unus
3069 2962 3156 3018 hic
3189 2975 3269 3020 cst
3297 2980 3504 3024 summo
3529 2979 3633 3027 tua:
3661 2988 3784 3029 sua~

2203 3040 2379 3095 vitatis
2398 3057 2578 3100 amore
2601 3045 2984 3107 inﬂammatus:
3004 3068 3160 3123 quam
3183 3058 3252 3112 ob
3271 3073 3484 3116 causam
3502 3071 3558 3118 et
3571 3079 3782 3121 summo

2201 3131 2376 3187 studio
2404 3132 2497 3188 has
2527 3151 2554 3189 a
2587 3153 2672 3193 me
2695 3139 2874 3196 literas
2901 3145 3202 3211 postulavit.

2378 3224 2675 3283 CLXXVI.
2705 3229 2978 3304 Hesychia.
3010 3236 3243 3306 (Cucuso
3267 3257 3408 3298 anno
3436 3245 3590 3318 404.)

2269 3315 2375 3372 Nos
2398 3328 2453 3373 et
2480 3333 2792 3390 praesentem
2819 3326 3008 3383 intueri
3039 3339 3091 3386 te
3113 3333 3375 3402 cupimus,
3400 3346 3453 3393 et
3467 3315 3780 3399 dulcissimo

2195 3405 2684 3498 jucundissimoque
2709 3425 2799 3471 tuo
2824 3432 3110 3490 congressu
3139 3422 3260 3480 frui.
3291 3426 3393 3481 Sed
3417 3431 3669 3498 quoniam
3695 3446 3781 3492 est

2201 3494 2302 3551 hoc
2329 3497 2545 3555 difﬁcile
2567 3541 2581 3565 ,
2613 3519 2732 3559 cum
2766 3518 2984 3576 propter
3007 3511 3208 3569 itineris
3234 3494 3633 3589 difﬁcultatem,
3665 3533 3778 3583 tum

2197 3596 2412 3656 propter
2442 3593 2670 3662 negotia,
2701 3610 2764 3652 ac
2789 3601 3029 3669 corporis
3054 3603 3464 3664 imbecillitatem
3489 3627 3502 3664 :
3532 3615 3777 3671 consola-

2195 3678 2416 3746 tionem,
2443 3699 2560 3753 qute
2585 3687 2870 3778 percipitur
2894 3706 2960 3747 ex
2987 3693 3154 3751 literis
3174 3737 3190 3761 ,
3225 3702 3547 3770 requirimus
3569 3724 3774 3778 ,quam

2196 3783 2368 3869 neque
2393 3776 2630 3842 corporis
2655 3779 2933 3848 mgritudo,
2967 3798 3137 3854 neque
3162 3791 3422 3857 asperitas
3446 3776 3656 3851 itineris
3677 3815 3776 3869 po-

2197 3869 2300 3915 test
2320 3863 2734 3959 interrumpere.
2781 3871 2894 3927 lloc
2939 3875 3096 3945 igitur
3135 3895 3233 3935 nos
3276 3882 3432 3939 aflice
3476 3863 3772 3959 beneﬁcio,

2195 3955 2335 4054 quod
2364 3967 2417 4011 et
2441 3958 2557 4013 leve
2594 3970 2708 4026 est,
2744 3973 2798 4019 et
2840 3967 3054 4024 minime
3094 3973 3372 4030 molestum
3396 4018 3412 4044 ,
3444 3955 3776 4054 multamque

2196 4045 2350 4140 nobis
2393 4047 2716 4116 voluptatem
2756 4053 2941 4121 affert,
2974 4068 3026 4112 et
3063 4072 3391 4121 contractam
3417 4085 3483 4123 ex
3512 4045 3774 4140 corporea

2194 4133 2542 4230 disjunctione
2567 4143 2870 4199 maestitiam
2891 4161 2994 4203 non
3022 4153 3357 4211 mediocriter
3383 4133 3624 4230 mitigat:
3637 4164 3772 4221 Nam

2193 4225 2297 4280 hoc
2332 4229 2522 4283 solatio
2562 4233 2607 4287 si
2646 4233 2902 4305 fruamur,
2933 4247 2987 4294 et
3013 4257 3108 4297 nos
3137 4259 3300 4316 prope
3337 4265 3457 4306 esse
3483 4225 3772 4313 arbitrabi-

2193 4332 2331 4384 mur,
2357 4330 2410 4374 et
2439 4333 2692 4392 perpetuo
2717 4343 2836 4384 cum
2868 4335 3164 4389 reverentia
3195 4346 3281 4392 tua
3306 4346 3529 4398 versari.
3562 4346 3774 4408 Sufﬁcit

2192 4410 2331 4464 enim
2360 4413 2443 4466 vel
2472 4415 2584 4469 sola
2611 4420 2803 4475 caritas
2829 4423 2896 4478 ad
2923 4424 3025 4481 hoc
3043 4431 3404 4497 praestandum
3433 4451 3447 4488 :
3481 4438 3576 4493 sed
3605 4443 3770 4498 multa

2191 4508 2365 4600 tamen
2396 4509 2699 4566 accessione
2736 4517 3090 4574 cumulabitur
3121 4522 3235 4592 ipsa
3276 4526 3437 4581 animi
3476 4531 3731 4600 cogitatio

2190 4593 2234 4647 si
2265 4594 2538 4650 literarum
2567 4601 2800 4658 subsidio
2824 4605 3057 4674 juvetur.

2191 4682 2378 4785 Χ
2391 4685 2496 4740 VII
2507 4689 2840 4749 .Artemidoro
2866 4694 3098 4762 (Cucuso
3116 4715 3274 4768 anno,
3292 4714 3348 4759 ut
3367 4715 3601 4778 putatur,
3615 4711 3770 4785 404.)

2260 4776 2446 4848 Magna
2476 4788 2529 4836 te
2553 4784 2952 4854 complexurum
2988 4791 3158 4860 ipsum
3201 4794 3566 4856 benevolentia
3586 4776 3772 4860 domi;

2189 4885 2291 4925 nus
2317 4887 2467 4928 meus
2495 4876 2784 4934 Antiochus
2812 4881 3096 4937 arbitratus
3121 4893 3223 4952 est,
3254 4889 3298 4943 si
3325 4903 3444 4945 cum
3470 4892 3640 4951 literis
3667 4912 3770 4955 θος

2189 4962 2313 5017 stris
2342 4971 2446 5019 tuae
2475 4969 2720 5024 suavitati
2744 4986 2804 5027 se
2831 4972 3062 5029 sisteret.
3093 4976 3168 5030 Da
3200 4978 3357 5048 igitur
3378 4997 3595 5050 operam
3620 5029 3647 5052 ,,
3668 4989 3772 5045 do-

2189 5055 2333 5110 mine
2376 5055 2447 5110 mi
2491 5058 2772 5127 plurimum
2802 5068 3102 5122 venerande
3129 5109 3143 5131 ,
3185 5079 3241 5124 ut
3269 5086 3338 5126 ne
3379 5076 3632 5143 Opinione
3677 5097 3771 5138 sua

2189 5147 2494 5213 frustretur,
2526 5159 2579 5206 et
2603 5166 2720 5206 cum
2748 5169 2809 5209 ea
2839 5171 2939 5224 qua
2969 5173 3063 5227 par
3086 5170 3168 5215 est
3197 5162 3342 5217 illum
3369 5169 3646 5234 exceperis
3681 5172 3772 5228 ὕθ-

2191 5240 2490 5295 nevolentia
2516 5283 2532 5308 ,
2571 5243 2616 5298 si
2645 5245 2770 5315 quid
2800 5262 3006 5318 mquum
3034 5266 3096 5305 ac
3121 5254 3312 5309 rationi
3343 5271 3770 5318 consentaneum

2189 5340 2371 5401 petat,
2404 5346 2701 5405 promptum
2726 5381 2742 5405 ,
2769 5356 2949 5410 quaeso
2973 5385 2987 5410 ,
3015 5359 3078 5399 ac
3107 5355 3346 5414 paratum
3377 5349 3451 5405 illi
3484 5361 3536 5407 te
3566 5355 3769 5422 praebe,

2189 5424 2371 5496 illique
2396 5428 2557 5482 rebus
2577 5431 2704 5500 ipsis
2723 5436 2943 5490 ostende
2963 5452 3066 5492 non
3093 5438 3286 5496 frustra
3302 5457 3399 5498 nec
3419 5453 3621 5502 temere
3638 5459 3768 5501 cum

2190 5518 2357 5574 literis
2383 5522 2578 5577 nostris
2620 5525 2790 5593 ipsum
2835 5526 2903 5580 ad
2943 5537 2994 5582 te
3023 5531 3230 5589 venisse
3258 5550 3272 5587 :
3304 5533 3396 5591 sed
3425 5534 3492 5591 aJ
3509 5535 3767 5595 obtinen-

2253 5703 2269 5734 ί
2304 5707 2480 5751 onmes
2499 5705 2626 5763 Mss,
2649 5700 2878 5756 nobilitati
2911 5710 3025 5756 tute.
