4076 6426
303 349 402 406 7H

292 463 430 520 ἀλλά
459 465 526 535 τῇ
558 462 748 534 ἀγάπῃ
793 457 1150 528 συνδεδέμεθά
1195 474 1290 510 σου
1333 459 1400 527 τῇ
1429 457 1595 527 ψυχῇ.
1631 455 1870 510 Τοιαῦτα

293 553 528 626 ἐνέχυρα
553 553 734 622 φιλίας
755 551 885 620 ἡμῖν
906 548 1193 613 ὲναπέθου,
1215 546 1416 617 πολλὴν
1444 547 1572 618 περὶ
1604 548 1752 617 ἡμᾶς
1772 547 1871 616 τὴν

291 643 590 716 θεραπείαν
612 643 704 696 καὶ
722 640 820 710 τὴν
846 639 1084 694 διάθεσιν
1111 637 1518 707 ἐπιδειξάμενος
1546 634 1753 690 αὐτόθι.
1775 635 1874 688 Διά

289 735 448 790 τοῦτο
477 736 721 803 ὅπουπερ
756 731 821 785 ἂν
847 728 1190 800 ἀφικώμεθα,
1224 729 1284 781 οὐ
1317 727 1605 797 παυόμεθα
1644 727 1873 798 χάριτας

290 823 684 896 ὁμολογοῦντες
705 825 772 892 τῇ
800 820 1048 890 εὐγενείᾳ
1072 822 1140 890 τῇ
1289 818 1399 871 Καί
1430 835 1489 871 σε
1523 815 1876 888 παρακαλοῦ-

297 893 397 988 μεν
427 913 665 984 συνεχῶς
696 911 951 984 ἡμῖνκαὶ
972 910 1134 963 αὐτὸν
1158 893 1515 975 ἐπιστέλλειν,
1540 910 1635 963 καὶ
1657 910 1726 962 τά
1748 909 1876 979 περὶ

291 1009 392 1077 τῆς
424 1004 612 1072 ὑγείας
642 1004 742 1073 τῆς
777 1002 879 1073 σῆς
911 999 1380 1069 εὐαγγελίζεσθαι.
1422 1001 1612 1070 Ἡμεῖς
1641 998 1748 1070 γάρ
1776 997 1876 1068 τὴν

292 1097 412 1150 ὁδὸν
441 1095 660 1148 ἀπασαν
690 1093 1062 1164 ἀπραγμόνως
1127 1093 1224 1144 καὶ
1261 1092 1402 1162 μετά
1439 1090 1741 1160 ἀσφαλείας
1795 1091 1875 1142 δι-

293 1184 590 1248 ανύσαντες
612 1185 672 1237 ἐν
700 1185 766 1255 τῇ
798 1180 1095 1252 Κουκουσῷ
1112 1179 1482 1252 διατρίδομεν,
1501 1178 1875 1251 ἐντρυφῶντες

298 1362 658 1372 ———.————.—
678 1363 686 1367 .

1732 342 2119 401 EPISTOLE.

3450 337 3561 395 712

1978 459 2045 526 τῇ
2095 453 2293 526 ἡσυχίᾳ
2344 453 2438 506 τοῦ
2484 455 2708 527 χωρίου,
2751 455 2846 508 καὶ
2893 454 2959 523 τῇ
3000 451 3424 526 ἀπραγμοσύνῃ,
3462 453 3561 509 καὶ

1980 546 2182 616 πολλῆς
2210 545 2574 610 ἀπολαύοντες
2617 545 2916 616 θεραπείας
2958 560 3018 596 τε
3058 543 3152 597 καὶ
3193 539 3426 606 εὐνοίας.
3463 540 3565 598 Ἵν⁹

1979 631 2074 689 οὖν
2107 635 2202 689 καὶ
2234 635 2362 705 περὶ
2387 635 2483 704 τῆς
2513 633 2730 704 ῥώσεως
2763 635 2863 704 τῆς
2890 625 3165 701 ὑμετέρας
3198 629 3567 697 μανθάνοντες

1981 723 2425 797 εὐφραινώμεθα,
2482 724 2663 778 πυκνά
2725 724 2820 777 καὶ
2883 723 3078 793 συνεχῆ
3140 721 3381 792 πέμπειν
3431 721 3567 792 ἡμῖν

1980 821 2049 873 τά
2075 819 2380 890 γράμματα
2410 816 2735 881 σπούδασον,
2775 814 3240 884 εὐαγγελιζόμενα
3263 815 3412 884 ἡμᾶς
3436 812 3568 883 περὶ

1976 910 2077 979 τῆς
2131 908 2319 977 ὑγείας
2371 908 2473 978 τῆς
2540 907 2643 978 σῆς
2699 906 2794 960 καὶ
2853 904 2949 960 τοῦ
3007 906 3159 959 οῐκου
3210 921 3303 957 σου
3339 903 3564 966 παντός.

1978 997 2136 1052 Ούτω
2200 997 2309 1070 γὰρ
2369 998 2633 1068 μεγίστην
2692 995 2946 1050 ἐντεῦθεν
2997 993 3407 1066 καρπωσόμεθα
3465 992 3565 1062 τὴν

1979 1089 2346 1161 παράκλησιν.

981 1499 1137 1574 [⁸99]
1191 1507 1420 1594 ΤΟΥ
1465 1502 1843 1594 ΑΥΤΟΥ
1897 1502 2191 1590 ΠΡΟΣ
2233 1502 2854 1591 ΔΙΑΦΟΡΟΥΣ

1674 1689 2017 1746 Ἐπιστολαί
2046 1689 2081 1756 ξ
2084 1696 2156 1758 η’.

289 2021 467 2076 POA'.
515 2017 644 2084 Τοῖς
684 2015 754 2070 ἐν
791 2011 1135 2084 Χαλκηδόνι
1195 2010 1716 2084 ἐγκεκλεισμένοις
1751 2008 1878 2062 ἐπι-

439 2079 716 2152 σκόποις,
748 2079 1175 2153 πρεσϐυτέροις
1198 2079 1262 2135 τε
1296 2081 1394 2135 καὶ
1427 2079 1748 2146 διακόνοις.

370 2179 648 2250 Μακάριοι
676 2177 771 2231 καὶ
792 2175 900 2230 τῶν
925 2175 1140 2246 δεσμῶν
1174 2174 1353 2246 ὑμεῖς,
1382 2173 1476 2228 καὶ
1506 2172 1608 2242 τῆς
1635 2171 1880 2242 γνώμης,

301 2269 422 2342 μεθ’
447 2264 517 2341 ἧς
553 2267 750 2337 φέρετε
808 2263 878 2318 τὰ
911 2263 1107 2335 δεσμά,
1148 2262 1511 2333 άποστολικὴν
1542 2261 1794 2333 ἀνδρείαν
1824 2263 1882 2315 ἐν

299 2361 510 2422 τούτοις
548 2355 1000 2428 ἐπιδεικνύμενοι·
1040 2353 1164 2406 ἐπεὶ
1199 2353 1438 2407 κάκεῖνοι
1466 2351 1559 2405 καὶ
1588 2350 1883 2423 μαστιγού-

304 2465 476 2522 μενοι,
536 2448 631 2502 καὶ
688 2445 1056 2517 ἐλαυνόμενοι,
1121 2446 1216 2498 καὶ
1279 2442 1673 2514 δεσμούμενοι,
1744 2444 1882 2512 μετά

302 2539 506 2610 πολλῆς
535 2538 708 2594 ταῦτα
737 2536 932 2607 ἐφερον
974 2535 1072 2606 τῆς
1100 2533 1311 2605 ἡδονῆςο
1347 2532 1406 2586 οὐ
1458 2532 1619 2603 μόνον
1648 2531 1706 2586 δὲ
1744 2532 1882 2603 μετά

301 2629 505 2699 πολλῆς
521 2627 712 2700 έφερον
739 2625 838 2696 τῆς
866 2623 1078 2695 ἡδονῆς,
1100 2619 1237 2676 ἀλλά
1258 2620 1354 2674 καὶ
1367 2619 1438 2674 τά
1463 2619 1643 2674 αὐτῶν
1663 2621 1882 2675 ἐποίουν

300 2722 362 2774 ἐν
387 2721 514 2777 ταῖς
543 2717 794 2772 ἀλύσεσιν
822 2713 1096 2779 δντες,καὶ
1110 2711 1211 2782 τὴν
1229 2711 1555 2782 οίκουμένην
1572 2711 1883 2783 μεριμνῶν-

300 2829 390 2877 τες
430 2812 668 2866 ἀπασαν.
700 2809 792 2861 Διὸ
819 2807 882 2878 δὴ
911 2804 1211 2877 παρακαλῶ
1236 2804 1338 2876 τὴν
1367 2803 1640 2876 ὑμετέραν
1659 2805 1880 2876 ἀγάπην

304 2901 475 2972 μηδὲν
503 2898 752 2954 ἐντεῦθεν
775 2899 1084 2961 ἀναπεσεῖν,
1113 2893 1229 2950 ἀλλ’
1258 2896 1370 2966 ὅσῳ
1414 2895 1616 2950 πλείων
1641 2897 1770 2967 ὑμῖν
1791 2909 1817 2938 ει
1846 2898 1880 2968 ἡ

300 2993 461 3062 ὀδύνη
486 2990 693 3060 γίνεται
719 2988 777 3056 ἐξ
799 2982 873 3043 ὦν
903 2987 1163 3058 πάσχετε,
1190 2986 1413 3040 πλείονα
1437 2988 1531 3040 καὶ⁵
1551 2988 1652 3058 τὴν
1681 2988 1882 3061 προθυ-

306 3084 436 3154 μίαν
464 3079 852 3146 ἐπιδείξασθαι,
871 3079 964 3132 καὶ
981 3077 1100 3134 καθ’
1120 3077 1358 3149 ἑκάστην
1375 3079 1586 3150 ἡμέραν
1609 3082 1881 3151 μεριμνᾷν

301 3173 444 3243 ὑπὲρ
465 3171 574 3225 τῶν
599 3171 740 3224 κατά
757 3169 857 3242 τὴν
881 3167 1206 3239 οἰκουμένην
1251 3167 1609 3240 Ἐκκλησιῶν,
1635 3168 1784 3232 ὅπως
1814 3169 1880 3222 ἂν

303 3263 513 3332 γένοιτό
537 3279 620 3325 τις
644 3260 928 3332 διόρθωσις
971 3261 1005 3330 ἡ
1057 3260 1446 3331 προσήκουσα,
1501 3259 1634 3331 μηδὲ
1669 3261 1748 3322 είς
1781 3261 1880 3330 τὴν

301 3353 590 3423 ὀλιγότητα
638 3351 791 3421 ὑμῶν
825 3349 1132 3416 ἀπιδόντες,
1168 3351 1262 3404 καὶ
1307 3348 1387 3420 τῷ
1430 3351 1883 3422 περιελαύνεσθαι

301 3443 658 3514 πανταχόθεν,
677 3442 1002 3514 ὑπτιώτεροι
1016 3440 1266 3512 γένησθε.
1293 3443 1370 3494 Δι’
1388 3435 1462 3495 ὧν
1482 3441 1588 3513 γάρ
1619 3441 1880 3512 πάσχετε,

304 3535 527 3607 μείζονα
581 3534 682 3605 τὴν
733 3533 887 3605 παρὰ
937 3533 1016 3604 τῷ
1053 3532 1173 3604 Θεῷ
1217 3535 1529 3605 παρρησίαν
1578 3533 1882 3606 κτώμενοι,

303 3627 526 3681 πλείονα
553 3625 772 3696 εὔδηλον
793 3626 874 3679 ὅτι
897 3624 991 3678 καὶ
1006 3623 1104 3696 τὴν
1128 3623 1360 3695 δύναμιν
1388 3623 1560 3689 ἕξετε.
1589 3620 1882 3696 Χρήσασθε

300 3718 483 3772 τοίνυν
514 3717 595 3780 είς
629 3715 823 3787 καιρὸν
856 3716 922 3785 τῇ
961 3713 1260 3784 προθυμίᾳ,
1294 3716 1390 3768 καὶ
1418 3713 1484 3766 δι’
1525 3713 1756 3779 ἐαυτῶν,
1789 3714 1884 3766 καὶ

299 3803 372 3860 δι’
394 3807 614 3878 ἐτέρων,
645 3799 720 3860 ὧν
751 3804 816 3859 ἂν
835 3797 948 3858 οἷόν
968 3819 1029 3856 τε
1058 3799 1115 3876 ᾖ,
1136 3803 1309 3856 ταῦτα
1337 3803 1432 3858 καὶ
1453 3803 1657 3874 πρᾶξαι
1684 3803 1780 3858 καὶ
1809 3804 1884 3856 εἰ-

301 3901 428 3952 πεῖν
456 3896 796 3951 σπουδάσατε
815 3936 830 3960 ,
868 3895 957 3949 ῐνα
991 3893 1054 3947 τὸ
1097 3894 1324 3968 κατέχον
1371 3895 1662 3949 κλυδώνιον
1708 3912 1881 3950 κατα-

303 3988 512 4044 στεῖλαι
538 3985 855 4058 δυνήσεσθε.
907 3985 1161 4041 Μάλιστα
1204 3985 1305 4057 μὲν
1349 3985 1458 4059 γάρ
1497 3985 1650 4040 ἔσται
1692 4004 1745 4040 τι
1789 3990 1883 4042 καὶ

302 4081 469 4133 πλέον
500 4075 904 4142 σπουδαζόντων
936 4075 1118 4148 ὐμῶν·
1169 4079 1219 4130 εί
1256 4078 1300 4132 δ’
1336 4077 1446 4149 ἀρα
1482 4078 1648 4150 μηδὲν
1674 4078 1883 4147 γένοιτο

302 4169 490 4234 πλέον,
506 4168 608 4238 τῆς
628 4166 938 4239 προθυμίας
961 4168 1054 4220 καὶ
1082 4168 1180 4237 τῆς
1201 4167 1426 4240 γνώμης
1447 4168 1599 4233 ἕξετε
1615 4170 1766 4240 παρά
1787 4169 1881 4223 τοῦ

303 4262 691 4336 φιλανθρώπου
711 4258 848 4313 Θεοῦ
882 4259 974 4312 τὸν
1004 4258 1214 4330 μισθόν.

810 4351 990 4404 POE’.
1037 4347 1359 4418 Ἀγαπητῷ.

374 4443 610 4505 Πολλοὺς
644 4440 738 4496 καὶ
779 4442 1022 4511 συνεχεῖς
1068 4440 1298 4512 ἱδρῶτας
1346 4441 1575 4512 ἵδρωσεν
1622 4445 1651 4496 6
1693 4443 1881 4516 κύριός

307 4549 409 4604 μου
443 4533 472 4584 6
490 4529 886 4592 εὐλαϐέστατος
901 4527 997 4581 καὶ⁵
1011 4526 1340 4598 τιμιώτατος
1367 4529 1736 4602 πρεσΰύτερος
1766 4532 1881 4584 Ἐλ-

306 4621 501 4684 πίδιος,
544 4620 670 4682 τοὺς
716 4618 778 4671 τὸ
831 4617 955 4690 δρος
1008 4618 1312 4682 οἰκοῦντας,
1346 4620 1406 4672 τὸ
1449 4621 1679 4690 Ἀμανὸν
1714 4621 1877 4690 λέγω,

307 4710 624 4775 σπουδάζων
651 4707 958 4774 ἀπαλλάξαι
1000 4708 1099 4780 τῆς
1135 4708 1474 4780 κατεχούσης
1513 4710 1712 4774 αὐτοὺς
1756 4713 1882 4766 ἀσε-

302 4803 476 4867 θείας.
495 4803 606 4856 Καὶ
630 4800 929 4872 ἀπήλλαξε,
961 4800 1056 4854 καὶ
1087 4799 1388 4871 μετέθηκεν
1421 4802 1620 4866 αὐτοὺς
1648 4803 1759 4856 ἀπὺ
1782 4803 1882 4872 τῆς

305 4893 535 4963 πλάνης,
577 4892 673 4945 καὶ
705 4890 1000 4962 ἐκκλησίας
1044 4889 1381 4961 ᾠκοδόμησε,
1414 4893 1508 4945 καὶ
1543 4895 1884 4965 μοναστήρια

306 4985 693 5054 συνεστήσατοο
726 4982 820 5037 καὶ
863 4981 1038 5048 ἔξεστι
1071 4979 1244 5035 ταῦτα
1278 4983 1347 5052 τῇ
1383 4982 1633 5053 εὐγενείᾳ
1668 4998 1764 5039 σου
1790 4984 1885 5037 καὶ

306 5075 438 5150 παρ’
469 5073 673 5144 ἐτέρων
709 5071 1022 5144 μανθάνειν.
1063 5070 1219 5125 Ἐπεὶ
1248 5067 1476 5125 οὖνοῐδα
1493 5074 1575 5127 ὅτι
1602 5073 1712 5127 τῶν
1726 5073 1886 5127 εὐλα-

307 5167 418 5220 σῶν
444 5165 653 5236 ἀνδρῶν
678 5163 774 5219 καὶ
793 5163 1057 5232 γενναίων
1080 5160 1286 5233 σφόδρα
1313 5162 1544 5231 γέγονας
1573 5165 1809 5236 ἐραστὴς
1830 5165 1882 5229 b,

307 5256 463 5320 είδὼς
493 5257 576 5311 δτι
603 5273 684 5310 σοι
717 5254 1010 5327 χαριοῦμαι
1032 5253 1312 5326 γνώριμον
1343 5254 1514 5308 ποιῶν
1541 5256 1631 5310 τὸν
1649 5256 1885 5311 τοσαῦτα

309 5347 747 5418 κατωρθωκότα,
790 5345 929 5417 δμοῦ
963 5345 1059 5399 καὶ
1095 5347 1412 5418 προσειπεῖν
1456 5362 1514 5399 σε
1543 5347 1612 5401 δι’
1649 5349 1884 5418 ἑκάστης

310 5439 636 5511 προφάσεως
653 5439 1028 5509 ἐπειγόμενος,
1046 5437 1410 5508 προστέθεικα
1429 5438 1603 5492 ταῦτα
1624 5439 1693 5493 τά
1711 5440 1888 5511 γράμ-

311 5544 481 5600 ματα,
519 5528 620 5598 τήν
649 5543 710 5580 τε
739 5516 1098 5597 όφειλομέὗην
1136 5525 1442 5599 πρόσρησιν
1466 5528 1771 5596 ἀποδιδοὺς,
1793 5531 1889 5585 καὶ

372 5621 400 5681 ξ
423 5617 626 5681 Aliquot
642 5631 755 5668 mss.
779 5620 930 5681 ὐμῶν.

371 5679 403 5744 ξι
421 5678 504 5730 Sic
522 5678 636 5728 inss.
651 5678 837 5729 omnes}
854 5678 984 5744 Editf
1000 5690 1119 5728 vero
1141 5678 1343 5744 σφοδρὸς
1357 5679 1431 5730 ἀεὶ
1453 5681 1646 5743 γέγονας
1665 5680 1884 5744 ἐραστής.

310 5739 442 5793 ῑιιΐη
458 5753 631 5794 omnes
651 5752 768 5792 mss.
793 5742 1095 5804 προστίθεικα
1113 5739 1246 5789 ταυτὶ
1268 5739 1345 5788 τά.

1993 2010 2087 2062 τὸν
2113 2007 2279 2078 ἄνδρα
2307 2003 2884 2078 παρακατατιθέμενόξ
2915 2020 3010 2058 σου
3039 2009 3106 2078 τῇ
3134 2006 3401 2080 εὐγενείᾳ.
3420 2004 3568 2062 Ἰδὼν

1928 2098 1934 2104 ”
1984 2101 2167 2153 τοίνυν
2193 2099 2354 2153 αὐτὸν
2371 2099 2446 2163 ὥς
2477 2115 2558 2151 σοι
2577 2097 2786 2168 πρέπον
2814 2097 2952 2162 ἐστὶ,
2983 2097 3220 2153 δέσποτά
3247 2116 3348 2171 μου
3375 2096 3569 2171 τιμιώ-

1984 2206 2114 2244 τατε
2146 2189 2238 2244 καὶ
2267 2187 2708 2258 θαυμασιώτατε,
2739 2185 2910 2251 δεῖξον
2940 2185 3092 2256 αὐτῷ
3113 2187 3201 2242 διά
3227 2187 3336 2242 τῶν
3361 2187 3564 2259 ἔργων,

1985 2278 2137 2352 [700]
2165 2279 2240 2342 ώς
2262 2279 2322 2330 οὐ
2355 2279 2530 2348 μάτην
2563 2277 2684 2331 οὐδὲ
2712 2277 2836 2346 εἰκῆ
2852 2277 3058 2346 ταύτην
3081 2273 3243 2348 ἦλθεν
3273 2279 3411 2349 ἔχων
3439 2278 3571 2350 παρ’

1984 2369 2142 2442 ἡμῶν
2171 2370 2270 2440 τὴν
2298 2367 2607 2438 ἐπιστολὴν,
2628 2366 2742 2420 ἀλλ’
2769 2367 2954 2436 ἴσχυσε
2983 2368 3140 2420 ταυτὶ
3163 2368 3233 2422 τά
3266 2369 3573 2441 γράμματα

1985 2460 2184 2532 πολλῆς
2216 2459 2379 2513 αὐτὸν
2405 2459 2626 2529 ποιῆσαι
2653 2457 2965 2512 ἀπολαῦσαι
2989 2458 3203 2523 εὐνοίας
3232 2476 3289 2512 τε
3314 2461 3407 2514 καὶ
3433 2460 3570 2528 ἀγά-

1983 2572 2113 2627 πης.
2139 2553 2294 2607 Οὕτω
2309 2553 2420 2622 γάρ
2446 2553 2539 2606 καὶ
2566 2554 2728 2622 ἡμεῖς
2753 2552 2914 2622 χάριν
2934 2552 3137 2622 πολλὴν
3162 2550 3570 2624 ὁμολογήσομεν

1982 2649 2048 2718 τῇ
2085 2643 2338 2715 ἀγχινοίᾳ
2362 2655 2384 2683 ε
2419 2646 2484 2715 τῇ
2525 2646 2615 2715 σῇ,
2639 2643 2722 2696 ὅτι
2751 2642 2846 2695 καὶ
2885 2645 2950 2697 ἐκ
2979 2641 3234 2696 τοσούτου
3270 2641 3569 2712 καθήμενοι

1982 2739 2171 2807 διαστὴ
2182 2753 2372 2808 ματος.
2404 2735 2514 2788 ἀπὸ
2539 2733 2639 2804 τῆς
2667 2734 2960 2804 ἐπιστολῆς
2979 2734 3256 2804 δυνάμεθα
3276 2735 3572 2788 συνάπτειν

1985 2847 2079 2884 σου
2111 2831 2178 2900 τῇ
2200 2829 2391 2900 ἀγάπῃ
2418 2825 2660 2898 γνησίως
2681 2827 2806 2891 τοὺς
2822 2825 3225 2896 ἐπιθυμοῦντας
3241 2827 3413 2895 αὐτῆς
3435 2828 3570 2880 ἀπο-

1982 2917 2187 2972 λαύειν·
2216 2910 2291 2971 ὧν
2316 2910 2399 2978 εἷς
2419 2909 2576 2978 οὗτός
2610 2915 2764 2978 ἐστι,
2812 2913 3044 2982 σφοδρὸς
3092 2917 3326 2986 ἐραστὴς
3358 2913 3435 2968 ὢν
3474 2931 3567 2968 σου

1982 3008 2082 3079 τῆς
2116 3005 2477 3078 κοσμιότητος
2499 3019 2513 3034 °
2543 3004 2627 3058 διὸ
2653 3003 2750 3057 καὶ
2783 3004 2923 3074 μετά
2961 3005 3162 3075 πολλῆς
3195 3005 3295 3076 τῆς
3333 3004 3570 3076 σπουδῆς

1981 3098 2184 3168 ταύτην
2221 3097 2353 3166 παρ’
2373 3094 2534 3166 ἡμῶν
2568 3093 2742 3164 ᾔτησε
2771 3093 2870 3164 τὴν
2898 3094 3208 3166 ἐπιστολήν.

2507 3185 2699 3252 Poq'.
2745 3183 3032 3252 Ἠσυχίῳ.

2063 3278 2254 3350 Ἡμεῖς
2291 3273 2670 3346 ἐπιθυμοῦμεν
2704 3275 2802 3328 καὶ
2841 3275 3090 3346 παρόντα
3128 3292 3188 3328 σε
3233 3274 3568 3343 θεάσασθαι,

1983 3372 2078 3424 καὶ
2096 3373 2195 3441 τῆς
2227 3369 2574 3438 γλυκυτάτης
2601 3368 2696 3420 καὶ
2719 3367 2945 3438 ἡδίστης
2979 3385 3072 3421 σου
3104 3367 3412 3422 ἀπολαῦσαι
3441 3384 3570 3420 συν-

1983 3463 2191 3525 ουσίας.
2221 3460 2361 3515 Ἀλλ’
2390 3459 2578 3530 ἐπειδὴ
2615 3458 2776 3512 τοῦτο
2807 3459 3069 3531 ἐργῶδες,
3104 3461 3199 3515 καὶ
3230 3461 3318 3517 διά
3345 3462 3444 3533 τὴν
3469 3461 3572 3533 τῆς

1980 3553 2104 3609 6606
2128 3552 2414 3607 δυσκολίαν
2441 3551 2537 3605 καὶ
2557 3550 2645 3605 διὰ
2668 3550 2765 3622 τὴν
2786 3550 2898 3606 τῶν
2927 3555 3273 3624 πραγμάτων
3290 3553 3567 3624 ἀσχολίαν,

1983 3645 2076 3698 καὶ
2106 3644 2206 3714 τὴν
2232 3640 2327 3695 τοῦ
2360 3640 2615 3712 σώματος
2643 3639 2952 3706 ἀσθένειαν,
2982 3641 3082 3713 τὴν
3116 3643 3227 3696 ἀπὸ
3254 3643 3364 3696 τῶν
3382 3660 3570 3715 γραμ-

1985 3736 2172 3806 μάτων
2211 3733 2484 3805 ζητοῦμεν
2511 3731 2883 3804 παράκλησιν,
2918 3733 2986 3804 ἡν
3026 3732 3151 3786 οὔτε
3186 3734 3437 3805 σώματος
3472 3737 3572 3802 ἀῤ-

1984 3823 2191 3896 ρωστία
2217 3862 2232 3888 ,
2281 3821 2402 3876 οὐδὲ
2459 3821 2581 3875 ὁδοῦ
2620 3821 2898 3893 τραχύτης
2949 3821 3285 3878 διακωλῦσαι
3322 3825 3568 3882 δύναται.

1982 3915 2133 3969 Δίδου
2161 3914 2226 3985 δὴ
2259 3913 2358 3983 τὴν
2388 3912 2548 3983 χάριν
2570 3913 2703 3982 ἡμῖν
2731 3912 2943 3982 κούφην
2970 3929 3028 3966 τε
3050 3908 3217 3968 οὖσαν
3240 3915 3335 3968 καὶ
3357 3917 3564 3970 ἀνεπα-

1982 4007 2107 4078 χθῆ,
2143 4006 2239 4059 καὶ
2271 4003 2474 4076 πολλὴν
2509 4003 2843 4074 κομίζουσαν
2870 4005 3004 4074 ἡμῖν
3034 4002 3132 4076 τὴν
3150 4004 3367 4076 ἡδονὴν,
3386 4007 3480 4059 καὶ
3499 4006 3562 4060 οὐ

1985 4096 2182 4169 μικρὸν
2195 4095 2296 4165 τῆς
2315 4094 2576 4166 ἀθυμίας,
2604 4094 2703 4164 τῆς
2726 4096 2791 4148 ἐκ
2810 4094 3243 4166 τοῦ”σωματικοῦ
3261 4097 3569 4169 χοιρισμοῦ,

1983 4185 2452 4256 ὐποτεμνομένην.
2486 4186 2584 4238 Ἂν
2623 4183 2734 4254 γάρ
2774 4184 2983 4256 ταύτης
3015 4186 3417 4257 ἀπολαύσωμεν
3467 4189 3570 4258 τῆς

1983 4277 2405 4350 παρακλήσεως,
2438 4275 2536 4329 καὶ
2561 4275 2792 4346 πλησίον
2819 4277 3143 4348 ἡγησόμεθα
3163 4274 3325 4346 εἶναι,
3360 4281 3456 4333 καὶ
3481 4281 3570 4334 ἀεὶ

1987 4369 2128 4441 μετά
2153 4368 2254 4438 τῆς
2281 4366 2592 4437 τιμιότητός
2619 4384 2733 4421 σου.
2779 4369 2968 4440 Ἀρκεῖ
3000 4369 3102 4439 μὲν
3132 4371 3239 4442 γάρ
3262 4372 3354 4425 καὶ
3375 4374 3406 4442 ἡ
3431 4371 3572 4441 ἀγά-

1984 4479 2061 4532 πη
2090 4459 2250 4514 τοῦτο
2283 4459 2526 4529 ποιῆσαι·
2565 4459 2786 4513 πλείονα
2820 4461 2878 4514 δὲ
2909 4461 3048 4533 αὐτὴ
3071 4464 3104 4532 ἡ
3140 4465 3412 4532 φαντασία
3432 4465 3571 4536 λαμ-

1984 4552 2136 4606 6άνει
2161 4549 2499 4622 προσθήκην,
2521 4551 2649 4604 ὅταν
2687 4551 2780 4605 καὶ
2810 4551 2908 4623 τὴν
2935 4552 3044 4606 ἀπὸ
3077 4554 3188 4608 τῶν
3225 4555 3574 4626 γραμμάτων

1983 4641 2082 4714 ἔχῃ
2111 4641 2451 4713 συμμαχίαν.

2448 4758 2625 4809 POZ'.
2673 4756 3093 4826 Ἀρτεμιδώρῳ.

2054 4868 2266 4938 Πολλῆς
2308 4865 2560 4939 ἐνόμισεν
2600 4867 3005 4923 άπολαύσεσθαι
3045 4869 3258 4934 εὐνοίας
3301 4871 3331 4923 6
3382 4870 3574 4944 κύριός

1986 4979 2088 5034 μου
2130 4961 2420 5033 Ἀντίοχος,
2446 4962 2494 5015 εί
2528 4960 2670 5032 μετά
2693 4962 3042 5033 γραμμάτων
3065 4963 3354 5034 ἡμετέρων
3375 4967 3572 5038 φανείη

1981 5056 2049 5126 τῇ
2084 5053 2354 5126 ἐμμελείᾳ
2386 5055 2455 5124 τῇ
2500 5056 2589 5125 σῇ.
2624 5052 2809 5118 Δεῖξον
2841 5053 3050 5119 τοίνυν,
3087 5051 3326 5110 δέσποτά
3364 5074 3468 5128 μου
3499 5075 3577 5112 τι·

1989 5145 2246 5219 μιώτατε,
2296 5144 2373 5208 ώς
2391 5144 2452 5198 οὐ
2483 5143 2764 5215 τηνάλλως
2796 5143 2974 5198 ταῦτα
3004 5144 3247 5216 ἐνόμισε,
3289 5148 3385 5200 καὶ
3415 5147 3574 5216 δεξά-

1989 5254 2148 5310 μενος
2178 5236 2344 5292 αὐτὸν
2369 5235 2509 5306 μετά
2529 5236 2630 5305 τῆς
2654 5252 2740 5289 σοι
2766 5235 3155 5308 προσηκούσης
3178 5237 3413 5302 εὐνοίας,
3436 5241 3500 5293 ἀν
3520 5257 3575 5293 τι

1966 5331 2192 5384 δίκαιον
2249 5329 2470 5402 νομίζῃ,
2518 5329 2612 5383 καὶ
2662 5326 2820 5396 λόγον
2877 5329 3021 5400 ἔχον,
3077 5329 3296 5401 ἐτοιμον
3347 5333 3575 5388 σεαυτὸν

1987 5421 2134 5494 αὐτῷ
2181 5424 2484 5493 παρασχεῖν
2538 5419 2956 5494 παρακλὴθητι,
3010 5421 3106 5475 καὶ
3147 5420 3319 5486 δεῖξον
3347 5422 3433 5476 διά
3464 5423 3576 5476 τῶν

1987 5513 2164 5585 ἔργων
2195 5513 2345 5584 αὐτῷ
2379 5515 2454 5577 ὼς
2481 5512 2543 5566 οὐ
2572 5513 2750 5584 μάτην
2778 5512 2901 5566 οὐδέ
2928 5513 3054 5583 είκῆ
3083 5513 3288 5585 ταύτην
3318 5508 3453 5584 ἦλθε
3487 5513 3576 5584 φέ-

1992 5621 2098 5676 ρων
2131 5605 2260 5676 παρ⁹
2283 5603 2441 5676 ἡμῶν
2471 5603 2571 5674 τὴν
2600 5603 2910 5672 ἐπιστολὴν,
2947 5602 3086 5656 ἀλλά
3112 5603 3305 5673 γέγονέ
3335 5621 3385 5658 τι
3415 5604 3577 5660 πλέον

2054 5740 2077 5770 ⁸
2101 5735 2286 5791 Omnes
2305 5751 2420 5788 mss.
2454 5738 2810 5802 ὁμολογήσομεν
2832 5742 2889 5800 τῇ
2916 5737 3122 5802 εὐγενείᾳ
