4076 6430
288 326 323 380 3

214 328 323 383 715
1665 328 1819 356 uno

210 440 343 498 dam
385 415 816 496 benevolentiam
841 469 858 495 ,
896 432 951 483 et
986 422 1190 495 justum
1232 415 1493 474 auxilium
1538 411 1828 485 plurimum

111 548 126 559 ‘
214 531 421 590 nostris
447 543 572 586 eum
599 522 771 582 literis
793 519 1038 591 adjutum
1066 514 1251 571 fuisse.
1279 511 1373 569 Sic
1409 508 1555 566 enim
1586 505 1682 564 flet
1707 547 1724 573 ,
1770 513 1828 559 ut

215 636 275 684 ct
299 624 390 681 ille
416 617 736 680 beneﬁcium
780 613 1113 684 adipiscatur
1129 649 1145 674 ,
1173 614 1230 663 et
1263 619 1365 677 ego
1391 602 1600 659 honore
1625 597 1833 655 alliciar

213 733 286 773 ex
312 731 380 773 eo
403 711 546 787 quod
571 705 894 767 beneficium
920 703 1010 759 ille
1033 699 1197 758 fuerit
1223 702 1611 766 consequutus.

379 840 575 904 CLXI
587 839 662 897 Vl
667 837 732 894 ll
739 877 753 892 .
783 834 1062 892 Euthalite.
1091 829 1328 904 (Cucuso
1352 839 1497 882 anno
1520 819 1676 893 405.)

290 981 618 1053 Hagnopere
642 974 854 1031 sincera
874 978 929 1026 et
956 965 1189 1024 ferventi
1213 963 1440 1020 caritate
1463 953 1826 1053 conditae-fue-

218 1081 348 1130 runt
366 1047 538 1128 literae
565 1075 692 1132 tuae,
715 1078 846 1120 vero
873 1060 1202 1130 minimeque
1229 1059 1408 1112 locato
1434 1065 1645 1108 amore.
1677 1047 1833 1118 Quo-

219 1168 366 1224 circa
393 1164 637 1234 ingentes
668 1157 762 1214 tibi
791 1155 990 1226 gratias
1019 1151 1280 1208 habemus
1299 1190 1316 1218 ,
1348 1157 1402 1204 et
1428 1143 1574 1218 quod
1601 1142 1831 1207 scribas,

219 1267 280 1316 et
305 1253 449 1329 quod
472 1253 698 1311 sincerae
724 1257 829 1304 tuae
847 1259 975 1318 erga
989 1258 1100 1304 nos
1124 1239 1517 1298 benevolentiae
1538 1235 1832 1329 maximum

220 1327 498 1421 specimen
528 1342 678 1400 edas.
713 1341 853 1397 Deus
881 1336 974 1393 tibi
1011 1342 1316 1392 mercedem
1345 1331 1476 1387 tanti
1505 1327 1709 1384 amoris
1731 1367 1749 1396 ,
1780 1333 1837 1384 et

222 1441 313 1499 hic
341 1447 398 1497 et
425 1440 478 1494 in
511 1436 692 1492 futuro
720 1431 919 1490 saeculo
948 1429 1187 1496 tribuat,
1217 1435 1376 1498 teque
1420 1423 1630 1479 muniat
1657 1431 1712 1478 et
1735 1434 1836 1477 cu-

221 1531 444 1597 stodiat,
470 1536 632 1600 atque
659 1526 716 1581 in
746 1522 894 1579 omni
915 1520 1206 1578 securitate
1229 1515 1503 1586 animique
1533 1511 1839 1584 tranquilli-

224 1636 336 1683 tate
359 1622 673 1681 constituat.
700 1616 818 1674 Non
845 1615 989 1672 enim
1022 1621 1074 1668 te
1101 1612 1253 1675 latet,
1283 1607 1502 1664 domina
1534 1617 1653 1661 mea
1681 1618 1839 1660 reve-

225 1717 551 1777 rendissima
571 1755 588 1782 ,
619 1727 727 1770 non
755 1707 1014 1766 mediocri
1059 1720 1158 1761 nos
1185 1701 1328 1758 affici
1362 1700 1638 1771 voluptate
1662 1740 1680 1766 ,
1710 1712 1836 1752 cum

223 1811 310 1869 vel
337 1810 392 1866 in
419 1809 522 1864 hac
543 1804 833 1863 solitudine
857 1801 1116 1871 degentes
1151 1794 1458 1882 frequenter
1491 1790 1742 1848 audimus
1769 1805 1839 1847 ex

225 1902 392 1960 animi
443 1899 520 1956 tui
563 1895 834 1955 sententia
877 1907 968 1949 res
1010 1890 1104 1947 tibi
1143 1886 1459 1944 succedere.
1500 1885 1630 1941 Haec
1677 1885 1843 1957 igitur

229 1995 388 2052 nobis
414 1989 632 2049 assidue
659 1986 840 2046 scribe
864 2028 880 2054 ,
911 1997 1084 2056 neque
1121 1981 1336 2038 felicem
1364 1978 1434 2035 de
1464 1987 1554 2034 tua
1582 1990 1839 2048 prospera

225 2087 536 2146 valetudine
560 2083 805 2147 nuntium
835 2081 1049 2135 mittere
1076 2075 1283 2141 desine,
1309 2081 1369 2128 ut
1389 2072 1633 2130 etiamin
1653 2069 1838 2126 solitu-

226 2182 355 2239 dine
368 2180 628 2251 degentes
646 2175 870 2232 multam
896 2170 1020 2227 inde
1039 2165 1464 2226 consolationem
1503 2161 1836 2218 hauriamus.

462 2309 770 2373 CLXXIX.
796 2308 1014 2366 Molita.
1046 2305 1282 2380 (Cucuso
1301 2315 1445 2358 anno
1471 2297 1625 2372 405.)

301 2445 532 2503 Difficile
583 2442 814 2500 fortasse
860 2447 1084 2513 propter
1123 2433 1370 2506 corporis
1414 2429 1840 2488 imbecillitatem

229 2540 447 2606 fuisset,
477 2545 534 2592 ut
579 2535 684 2591 huc
725 2532 979 2590 venires:
1016 2527 1148 2584 nihil
1184 2527 1386 2598 quippe
1430 2521 1578 2578 aliud
1617 2520 1843 2578 subesse

231 2633 411 2707 potuit
440 2625 832 2702 impedimenti,
862 2639 987 2679 cum
1016 2637 1049 2677 a
1079 2620 1381 2677 latronibus
1424 2617 1648 2672 omnino
1675 2613 1842 2685 quieti

230 2729 435 2793 simus;
481 2722 578 2782 sed
624 2719 754 2792 quid
795 2717 1002 2775 laboris
1043 2723 1128 2772 est
1182 2714 1236 2769 in
1292 2709 1624 2769 scribendo?
1657 2707 1845 2779 Neque

231 2820 379 2878 enim
425 2815 517 2872 hic
557 2813 628 2870 ad
671 2813 819 2870 illam
868 2809 1160 2881 confugere
1201 2806 1610 2865 excusationem
1665 2811 1842 2874 potes.

231 2909 364 2968 Hac
389 2917 570 2965 autem
599 2920 628 2960 a
660 2919 750 2962 me
769 2902 972 2959 idcirco
988 2900 1262 2962 dicuntur,
1283 2896 1430 2970 quod
1450 2911 1572 2952 cum
1604 2902 1842 2962 sextam,

233 3011 295 3060 nt
321 3000 576 3073 equidem
605 2997 842 3054 arbitror
858 3036 876 3062 ,
898 2993 966 3050 ad
1007 3003 1060 3051 te
1087 2991 1330 3049 miserim
1357 2991 1496 3046 hanc
1520 2987 1807 3060 epistolam
1825 3026 1843 3054 ,

231 3093 370 3152 duas
395 3100 604 3148 tantum
630 3105 660 3145 a
683 3088 966 3146 nobilitate
988 3097 1079 3144 tua
1107 3086 1432 3158 receperim.
1459 3083 1845 3139 Verumtamen

231 3187 351 3245 sive
387 3184 618 3252 scribas,
659 3184 773 3239 sive
799 3189 1004 3246 taceas,
1029 3193 1152 3252 quae
1194 3185 1504 3234 nostrarum
1553 3182 1682 3232 sunt
1723 3188 1848 3245 par-

236 3279 413 3346 tium,
463 3283 726 3350 prmstare
767 3288 882 3330 non
921 3272 1256 3329 desinemus.
1302 3269 1420 3326 Non
1461 3269 1606 3325 enim
1646 3267 1848 3327 veteris

233 3362 384 3432 illius
395 3387 460 3430 ac
480 3373 708 3429 sincerae
737 3368 1034 3440 poterimus
1048 3365 1300 3421 amicitia:
1327 3371 1432 3420 tu:e
1456 3361 1724 3428 oblivisci,
1744 3359 1848 3417 sed

234 3466 512 3540 vigentem
563 3463 710 3518 illam
749 3469 1014 3533 perpetuo
1042 3460 1375 3523 retinemus,
1423 3465 1480 3512 et
1521 3455 1734 3526 quoties
1769 3450 1850 3509 fa-

235 3559 415 3617 cultas
443 3556 602 3611 datur
621 3595 638 3621 ,
668 3552 977 3610 scribimus.
1006 3550 1273 3618 Quoniam
1305 3557 1486 3604 autem
1532 3546 1602 3603 de
1625 3546 1732 3601 tuis
1759 3560 1848 3601 re-

235 3655 341 3712 bus
366 3651 522 3706 valde
542 3647 758 3705 solliciti
786 3659 996 3712 sumus,
1025 3643 1213 3700 literas
1233 3656 1449 3714 quoque
1475 3656 1505 3696 a
1533 3650 1583 3698 te
1605 3640 1851 3710 accipere

237 3756 590 3813 summepere
630 3737 1045 3800 desideramus,
1077 3749 1198 3806 quae
1241 3734 1450 3790 felicem
1476 3733 1546 3790 de
1584 3743 1674 3788 tua
1703 3733 1851 3787 vale-

238 3837 430 3896 tudine
473 3832 720 3890 nuntium
767 3831 962 3886 ferant.
1009 3827 1132 3884 Noli
1183 3841 1315 3898 ergo
1361 3841 1462 3883 nos
1512 3825 1616 3881 hoc
1656 3824 1853 3881 solatio

239 3929 458 4001 privare
487 3923 619 3981 :sed
649 3937 772 3978 cum
805 3935 912 3976 non
941 3930 994 3976 te
1019 3920 1204 3984 lateat,
1231 3926 1435 3988 quanto
1455 3931 1556 3973 nos
1583 3915 1853 3972 beneficio

241 4021 340 4076 tibi
371 4017 678 4084 devincias,
725 4013 940 4070 tametsi
981 4012 1314 4067 laboriosum
1357 4020 1442 4065 est
1484 4008 1756 4076 scribere,
1797 4008 1852 4063 in

240 4111 474 4183 gratiam
505 4108 697 4173 nostri,
726 4108 816 4179 qui
851 4116 904 4160 te
942 4105 1190 4176 impense
1216 4102 1518 4174 diligimus,
1551 4102 1696 4158 hunc
1720 4116 1855 4172 quo-

241 4219 352 4276 que
384 4201 622 4258 laborem
650 4201 885 4271 suscipe,
912 4196 1088 4268 deque
1117 4204 1208 4252 tua
1237 4197 1468 4253 sanitate
1497 4210 1597 4251 nos
1621 4193 1705 4251 fac
1730 4208 1853 4251 cer-

244 4297 450 4360 tiores,
503 4294 593 4364 qui
641 4292 712 4348 de
761 4291 853 4347 illa
896 4288 1138 4362 quotidie
1191 4287 1464 4361 quidpiam
1520 4288 1855 4360 intelligendi

245 4402 463 4445 summo
483 4383 758 4442 desiderio
783 4391 1054 4440 tenemur.

323 4516 592 4577 CLXXX.
611 4517 845 4590 Hypatio
862 4516 1170 4590 presbytero.
1197 4514 1430 4590 (Cucuso
1453 4530 1597 4572 anno
1629 4514 1782 4588 405.)

323 4654 626 4724 Numquam
656 4660 711 4708 te
741 4651 956 4708 beatum
1000 4649 1298 4723 praedicare
1335 4649 1580 4707 desinam
1601 4692 1617 4715 ,
1657 4650 1728 4707 ob
1754 4666 1853 4722 pa-

252 4748 530 4815 tientiam,
575 4744 968 4812 fortitudinem,
1014 4743 1357 4800 tolerantiam
1405 4745 1649 4810 multam,
1695 4759 1856 4816 quam

251 4838 576 4903 exhibuisti,
605 4845 662 4895 et
684 4838 911 4895 exhibes
937 4838 989 4892 in
1018 4838 1203 4893 tentati
1252 4837 1423 4893 nibus.
1454 4837 1690 4909 Idipsum
1719 4853 1858 4908 quo-

251 4950 360 5005 que
386 4933 659 5004 prioribus
685 4933 778 4988 tibi
807 4933 823 4964 ¹
847 4931 1017 4987 literis
1042 4930 1358 5002 significavi,
1382 4931 1650 5003 duplicem
1672 4946 1735 4987 ac
1765 4931 1862 4987 tri-

256 5027 455 5098 plicem
484 5026 674 5082 horum
703 5040 866 5081 causa
902 5035 955 5081 te
980 5039 1200 5080 manere
1243 5025 1546 5081 mercedem
1570 5067 1585 5090 ,
1625 5035 1679 5080 ct
1718 5025 1860 5096 quod

254 5129 461 5176 tantam
512 5119 869 5173 constantiam
918 5133 1031 5188 pra:
1085 5126 1137 5171 te
1185 5116 1360 5185 feras,
1417 5127 1751 5188 ceterosque
1794 5117 1863 5174 ad

256 5209 508 5268 eumdem
557 5209 731 5265 zelum
791 5209 1068 5280 impcllas,
1111 5207 1241 5262 dum
1289 5208 1341 5262 in
1395 5216 1541 5262 tanta
1583 5217 1863 5266 senectute

257 5312 464 5359 tantam
492 5317 589 5372 pro
622 5302 820 5371 populo
844 5300 1318 5371 persequutionem
1346 5315 1507 5370 passo
1532 5299 1864 5356 alacritatem

259 5394 426 5450 animi
478 5393 720 5448 exhibes.
774 5392 1041 5462 Cuperem
1097 5391 1347 5461 equidem
1397 5391 1463 5446 ad
1508 5393 1865 5448 reverentiam

265 5493 412 5540 tuam
446 5497 592 5554 saepe
619 5484 858 5538 scribere
887 5501 900 5537 :
930 5483 1023 5538 sed
1047 5483 1301 5553 quoniam
1342 5484 1392 5538 id
1426 5483 1584 5540 facile
1609 5501 1715 5539 non
1746 5495 1828 5541 est
1848 5527 1864 5553 ,

265 5588 378 5633 tum
407 5585 626 5648 propter
659 5576 943 5632 hibernum
980 5586 1214 5647 tempus,
1252 5585 1364 5632 tum
1405 5586 1628 5650 propter
1665 5587 1868 5635 metum

264 5667 600 5741 praedonum,
624 5667 834 5739 locique
861 5669 915 5723 in
943 5683 1054 5740 quo
1076 5669 1323 5741 degimus
1347 5670 1713 5739 solitudinem,
1735 5686 1870 5743 quo-

340 5781 361 5816 ι
388 5786 462 5834 sic
482 5793 660 5834 omnes
679 5780 790 5832 fere
818 5787 926 5831 llas.
962 5782 1083 5832 edit.
1098 5819 1114 5843 ,
1140 5779 1304 5848 itaque
1324 5780 1570 5850 prioribus
1591 5781 1738 5835 etiam
1759 5781 1864 5836 tibi.

582 5876 857 5938 ΡΑτιιοι.
903 5875 1021 5938 Gn.
1067 5874 1193 5938 Lll.

1665 293 2051 356 EPISTOLE.

3449 285 3560 345 ιιι

1941 409 2045 466 ties
2073 404 2304 464 facultas
2329 403 2526 474 datur,
2559 405 2816 477 pietatem
2847 413 2995 478 tuam
3021 407 3320 468 sahttamus
3340 446 3356 471 ,
3391 413 3562 477 utque

1939 501 2011 558 ad
2038 514 2140 556 nos
2175 513 2338 571 quam
2370 497 2676 570 saepissime
2713 497 2924 556 scribas
2948 500 3206 571 petimus,
3232 511 3300 553 ac
3345 493 3561 552 felicem

1941 592 2011 650 de
2035 600 2126 648 tua
2152 591 2463 648 valbtudine
2503 591 2754 648 nuntium
2797 592 3014 661 mittas;
3044 607 3171 649 nam
3199 591 3465 649 certiores
3499 587 3569 648 de

1941 687 2034 743 illa
2076 686 2193 743 fieri
2233 699 2563 757 magnopere
2611 671 3006 742 desideramus.
3051 683 3562 742 Reverendissimos

1939 794 2159 857 quoque
2176 777 2442 839 diaconos
2469 777 2768 835 Eusebium
2792 785 2849 834 et
2885 777 3316 849 Lamprotatum,
3347 776 3438 847 qui
3467 774 3565 830 tibi

1941 867 2228 929 coriSortes
2251 885 2617 927 arumnarum
2660 870 2915 938 fuerunt,
2947 869 3139 926 beatos
3182 869 3563 941 prmdicamus.

1941 964 2062 1027 Non
2085 965 2233 1022 enim
2263 964 2545 1034 ignoratis,
2575 964 2765 1035 quales
2805 978 2903 1020 vos
2931 963 3003 1019 ob
3023 964 3124 1020 ista
3169 969 3425 1019 maneant
3465 975 3565 1025 co-

1944 1072 2119 1126 rona,
2144 1065 2347 1129 quanta
2379 1072 2624 1126 merces,
2669 1066 2872 1128 quanta
2921 1056 3231 1114 retributio.
3272 1055 3405 1126 Quae
3439 1069 3564 1110 cum

1943 1150 2102 1207 vobis
2129 1149 2413 1221 explorata
2433 1151 2568 1217 sint,
2601 1148 2828 1206 stabiles
2845 1159 2905 1205 et
2931 1149 3140 1204 immoti
3164 1157 3518 1221 pcrseverate
3546 1166 3560 1203 :

1943 1245 2220 1315 copiosam
2247 1244 2394 1299 enim
2414 1243 2570 1300 vobis
2603 1243 2748 1299 Deus
2775 1241 3050 1314 patientia:
3092 1241 3400 1299 mercedem
3441 1257 3569 1314 per-

1943 1336 2160 1404 solvet,
2189 1350 2255 1392 ac
2279 1331 2571 1406 prmsen‘
2596 1335 2742 1391 mala
2766 1335 2876 1391 cito
2902 1334 3160 1405 depellet.
3200 1334 3474 1390 Caeterum
3502 1333 3569 1389 li-

1946 1439 2092 1486 teras
2118 1429 2185 1486 ad
2214 1443 2315 1484 nos
2342 1443 2503 1500 quam
2546 1428 2914 1485 creberrimas
2953 1428 3182 1494 mittite,
3226 1442 3350 1502 quae
3374 1426 3567 1487 laetum

1943 1523 2013 1580 de
2038 1531 2218 1579 vestra
2243 1521 2554 1579 valetudine
2585 1521 2834 1577 nuntium
2863 1520 3064 1586 ferant,
3093 1521 3163 1577 de
3199 1536 3308 1592 qua
3338 1520 3572 1580 subinde

1943 1614 2144 1688 aliquid
2169 1614 2360 1670 audire
2383 1613 2744 1671 vehementer
2770 1625 3042 1685 optamus.

2070 1745 2375 1804 CLXXXI.
2404 1747 2700 1820 Episcopis.
2729 1749 2930 1820 (Anno,
2951 1758 3010 1804 ut
3032 1755 3273 1821 putatur,
3293 1748 3452 1822 406.)

2018 1882 2090 1939 Et
2116 1899 2238 1956 quae
2275 1883 2475 1940 invasit
2503 1884 2779 1942 Ecclesias
2807 1875 3046 1942 Orientis
3073 1884 3414 1956 perturbatio
3431 1926 3450 1954 ,
3474 1900 3572 1942 ve-

1946 1975 2354 2032 hementissima
2381 1974 2486 2032 fuit
2509 1992 2573 2033 ac
2600 1977 2880 2048 multiplex
2900 2018 2916 2044 ,
2942 1986 3000 2033 et
3025 1991 3280 2048 magnum
3323 1976 3482 2034 simul
3512 1989 3570 2034 et

1945 2068 2250 2140 impensum
2274 2069 2512 2125 studium
2539 2069 2674 2126 illud
2705 2068 2826 2137 fuit,
2855 2069 3001 2142 quod
3024 2070 3090 2125 ad
3123 2085 3242 2125 eam
3267 2071 3562 2127 sedandam

1950 2161 2122 2232 pietas
2144 2171 2321 2217 vestra
2344 2161 2595 2218 contulit.
2619 2146 2776 2232 Quod
2801 2149 2846 2217 si
2873 2162 3011 2218 forte
3037 2162 3302 2218 nihildum
3325 2163 3572 2220 utilitatis

1946 2251 2072 2308 inde
2098 2255 2464 2324 promanarit,
2494 2270 2591 2312 eos
2617 2255 2838 2326 quidem
2875 2256 2965 2326 qui
2996 2255 3320 2312 medicinam
3350 2272 3569 2314 omnem

1947 2355 2330 2417 aspernantur,
2361 2362 2542 2418 neque
2574 2341 2807 2404 correcti
2834 2357 2979 2410 sunt,
3017 2347 3253 2404 miseros
3279 2347 3563 2416 ducimus,

1946 2451 2048 2492 vos
2069 2446 2249 2494 autem
2281 2438 2503 2495 laudare
2528 2439 2823 2511 beatosque
2850 2439 3149 2512 prmdicare
3171 2455 3282 2495 non
3305 2440 3573 2497 intermit-

1949 2529 2134 2598 timus,
2161 2530 2306 2601 quod
2351 2545 2475 2587 cum
2505 2543 2610 2588 tam
2641 2531 2900 2588 diuturno
2935 2534 3125 2606 elapso
3167 2543 3416 2605 tempore
3454 2551 3570 2592 me-

1949 2619 2142 2677 liorem
2187 2623 2238 2676 in
2289 2631 2489 2677 statum
2532 2623 2746 2679 restitui
2793 2638 2883 2679 res
2910 2640 3019 2680 non
3062 2627 3359 2696 potuerint,
3402 2628 3569 2700 frangi

1951 2722 2132 2769 tamen
2155 2729 2221 2769 ac
2247 2713 2519 2770 debilitari
2554 2730 2651 2771 vos
2693 2731 2801 2772 non
2831 2717 3056 2784 sinatis,
3081 2733 3182 2774 nec
3209 2719 3451 2775 animum
3472 2719 3569 2775 de-

1951 2809 2288 2881 spondeatis,
2314 2809 2414 2867 sed
2459 2810 2703 2878 instetis,
2727 2819 2783 2867 et
2815 2821 3040 2868 strenue
3078 2811 3395 2885 fortiterque
3420 2813 3572 2868 anxi-

1951 2901 2080 2956 lium
2108 2901 2293 2958 feratis
2314 2943 2329 2969 ,
2359 2903 2502 2974 quod
2534 2904 2589 2958 in
2631 2903 3147 2966 condemnationem
3195 2906 3342 2961 cedit
3380 2921 3571 2963 eorum

1951 2995 2046 3067 qui
2095 2995 2241 3054 ferre
2287 3012 2388 3054 nos
2423 2997 2636 3064 nolunt,
2679 3012 2911 3054 coronas
2955 3010 3138 3057 autem
3190 3009 3470 3072 comparat
3519 3011 3576 3058 et

1950 3090 2172 3162 pnemia
2217 3090 2450 3161 plurima
2494 3091 2673 3146 studio
2719 3090 2865 3163 quod
2894 3106 2926 3147 a
2958 3091 3116 3148 vobis
3144 3091 3453 3149 adhibetur.
3484 3093 3574 3149 iu-

1952 3183 2100 3238 eirco
2140 3182 2422 3239 nobiscum
2468 3198 2698 3249 omnes,
2744 3184 2834 3255 qui
2876 3184 3189 3242 universum
3230 3187 3418 3243 orbem
3462 3194 3575 3243 ter-

1953 3289 2136 3329 rarum
2184 3275 2448 3344 incolunt,
2501 3291 2600 3332 vos
2639 3276 2971 3349 praedicant,
2999 3285 3057 3334 et
3091 3293 3292 3335 corona
3335 3279 3576 3350 donant,

1953 3367 2098 3439 quod
2125 3376 2275 3424 tanto
2299 3370 2426 3425 licet
2449 3369 2735 3426 intervallo
2770 3369 3112 3441 disiunctas,
3145 3386 3324 3442 neque
3367 3373 3579 3430 itineris

1955 3461 2254 3534 longitudo,
2285 3477 2462 3534 neque
2487 3463 2750 3533 temporis
2777 3463 3132 3534 intercapedo
3155 3464 3578 3536 negligentiores

1955 3555 2270 3621 reddiderit,
2295 3554 2391 3610 sed
2422 3555 2574 3626 quasi
2601 3554 2764 3610 vicini
2811 3555 3006 3611 essetis
3048 3570 3239 3610 eorum
3268 3572 3389 3627 quae
3419 3573 3578 3628 gere-

1957 3647 2179 3714 bantur,
2241 3658 2405 3719 atque
2459 3647 2590 3720 ipsis
2645 3647 2817 3703 oculis
2859 3662 2921 3702 ea
2953 3662 3074 3719 qua:
3129 3650 3582 3720 perpetrabantur

1955 3743 2168 3800 scelera
2216 3718 2630 3814 conspiceretis,
2679 3742 2751 3797 ita
2793 3718 3004 3798 fortiter
3045 3718 3412 3814 strenueque,
3454 3759 3580 3816 quae

1957 3844 2259 3891 vestrarum
2286 3843 2442 3890 erant
2469 3834 2724 3904 partium,
2759 3843 3023 3904 praestare
3052 3835 3390 3890 studueritis.
3424 3837 3580 3904 Quod

1958 3928 2004 3984 si
2029 3927 2255 3983 necdum
2285 3926 2609 3996 importuna:
2635 3941 2748 3982 suae
2768 3926 3104 3982 contentioni
3127 3936 3184 3982 et
3214 3927 3414 3998 injusto
3440 3927 3584 3984 bello

1959 4021 2123 4075 tinent
2154 4021 2434 4089 imponere
2477 4020 2693 4087 volunt,
2724 4019 2814 4091 qui
2861 4019 3053 4074 horum
3095 4035 3127 4074 a
3167 4021 3432 4091 principio
3461 4037 3580 4077 ma-

1958 4116 2134 4172 lorum
2164 4125 2414 4171 auctores
2441 4113 2676 4178 fuerunt,
2701 4129 2772 4170 ne
2795 4129 2893 4169 vos
2920 4117 3210 4176 conturbet
3239 4115 3406 4180 istud,
3439 4131 3580 4171 neve

1962 4209 2176 4263 animos
2212 4215 2424 4264 vestros
2462 4205 2747 4263 debilitet:
2777 4216 2981 4278 quanto
3022 4208 3167 4264 enim
3212 4209 3386 4278 major
3427 4211 3582 4266 vobis

1960 4303 2203 4359 exoritur
2241 4302 2416 4368 labor,
2461 4308 2615 4356 tanto
2647 4301 2811 4357 etiam
2856 4301 3030 4371 major
3066 4317 3268 4357 corona
3309 4312 3579 4372 nectetur,

1960 4411 2084 4452 cum
2111 4395 2254 4451 Deus
2291 4410 2487 4450 arcana
2516 4394 2607 4450 illa
2646 4405 2701 4451 et
2745 4393 3058 4463 ineﬂ‘abilia,
3085 4411 3311 4467 qumque
3355 4413 3575 4453 omnem

1962 4502 2273 4544 sermonem
2295 4487 2590 4555 excedunt,
2623 4487 2846 4559 praemia
2869 4487 3024 4542 vobis
3060 4489 3372 4545 conStituet.

2037 4602 2287 4661 CLXXX
2291 4603 2319 4658 Ι
2327 4602 2356 4659 1
2362 4642 2378 4658 .
2439 4603 2655 4659 Venerio
2703 4605 2944 4676 episcopo
2989 4602 3508 4691 Mediolanenst’Ja).

2584 4696 2766 4769 (Anno
2811 4698 2967 4770 tos.)

2036 4832 2239 4888 Omnes
2264 4830 2482 4902 quidem
2512 4831 2885 4888 fortitudinem
2917 4842 3178 4899 vestram,
3209 4848 3273 4889 ac
3305 4833 3580 4902 fiduciam,

1965 4935 2020 4982 et
2049 4941 2151 4998 pro
2182 4925 2411 4981 veritate
2449 4926 2704 4996 loquendi
2747 4927 3050 4982 libertatem
3084 4929 3246 4982 etiam
3288 4938 3447 4984 antea
3489 4946 3589 4984 no-

1968 5026 2196 5072 verant:
2229 5017 2325 5072 scd
2361 5018 2669 5074 accuratius
2699 5018 2996 5072 fraternum
3030 5028 3270 5074 vestrum
3312 5035 3588 5088 amorem,

1970 5110 2274 5176 caritatem,
2293 5109 2635 5182 religionem,
2660 5110 2884 5166 multam
2907 5103 3462 5179 commiserationém,
3489 5115 3590 5168 sol-

1972 5201 2308 5257 licitudinem
2358 5202 2725 5257 Ecclesiarum
2761 5203 2868 5258 hoc
2898 5211 3110 5274 tempus
3149 5204 3422 5261 indicavit.
3454 5206 3586 5262 Nam

1973 5296 2391 5367 gubernatorem
2415 5312 2630 5366 quoque
2659 5298 2824 5352 maris
2853 5307 3145 5368 tempestas
3178 5302 3476 5369 praesertim
3503 5301 3554 5356 in
3573 5333 3589 5343 -

1973 5388 2153 5452 dicat,
2213 5399 2266 5442 et
2331 5389 2594 5458 optimum
2653 5389 2917 5444 medicum
2974 5391 3249 5460 graviores
3298 5407 3588 5462 corporum

1976 5482 2190 5536 morbi:
2223 5480 2300 5535 sic
2341 5490 2396 5535 et
2437 5482 2585 5536 illum
2629 5483 2719 5552 qui
2779 5481 3032 5553 religiose
3070 5483 3233 5538 vitam
3280 5499 3434 5540 suam
3476 5493 3580 5538 tra-

2043 5655 2119 5719 (a)
2152 5658 2405 5723 Venerius
2423 5655 2796 5723 M_ediolanensis
2821 5657 2879 5723 ad
2903 5658 3299 5722 Chrysostomum
3330 5659 3594 5723 scripsisse

1977 5716 2138 5768 fertur
2160 5719 2287 5782 apud
2314 5719 2648 5785 Palladiumin
2671 5727 2691 5765 \
2709 5720 2773 5769 ita
2791 5716 3114 5784 Chrysosiomi
3132 5737 3240 5785 cap.
3263 5723 3312 5774 4.
3338 5716 3596 5774 Ιιίοἶξωιω

1979 5790 2392 5834 commemoratur
2409 5795 2561 5844 supra
2582 5784 2632 5832 in
2653 5785 2801 5846 epist.
2817 5785 3086 5836 Innocentii
3113 5785 3172 5833 ad
3189 5784 3597 5850 Chrysostomum.

3137 5880 3208 5939 21
