  <div class='ocr_page' id='page_1' title='image "/cluster/home/n/w/nwhite01/storage/ocr_20150623/52/ien.35556001660794/335.png"; bbox 0 0 4076 6436; ppageno 0'>
   <div class='ocr_carea' id='block_1_1' title="bbox 597 295 708 356">
    <p class='ocr_par' dir='ltr' id='par_1_1' title="bbox 597 295 708 356">
     <span class='ocr_line' id='line_1_1' title="bbox 597 295 708 356; baseline 0.036 -4"><span class='ocrx_word' id='word_1_1' title='bbox 597 295 708 356; x_wconf 63' lang='lat' dir='ltr'><strong>1‘ll5</strong></span> 
     </span>
    </p>
   </div>
   <div class='ocr_carea' id='block_1_2' title="bbox 582 406 2186 480">
    <p class='ocr_par' dir='ltr' id='par_1_2' title="bbox 582 406 2186 480">
     <span class='ocr_line' id='line_1_2' title="bbox 582 406 2186 480; baseline -0.009 -7"><span class='ocrx_word' id='word_1_2' title='bbox 582 419 800 474; x_wconf 81' lang='lat' dir='ltr'><strong>dueere</strong></span> <span class='ocrx_word' id='word_1_3' title='bbox 815 412 1038 478; x_wconf 80' lang='lat' dir='ltr'><strong>studuit,</strong></span> <span class='ocrx_word' id='word_1_4' title='bbox 1056 427 1120 468; x_wconf 87' lang='lat' dir='ltr'><strong>ac</strong></span> <span class='ocrx_word' id='word_1_5' title='bbox 1136 411 1297 467; x_wconf 86' lang='lat' dir='ltr'><strong>multa</strong></span> <span class='ocrx_word' id='word_1_6' title='bbox 1319 409 1570 480; x_wconf 68' lang='lat' dir='ltr'><strong>praeditus</strong></span> <span class='ocrx_word' id='word_1_7' title='bbox 1591 417 1674 464; x_wconf 90' lang='lat' dir='ltr'><strong>est</strong></span> <span class='ocrx_word' id='word_1_8' title='bbox 1696 406 2028 472; x_wconf 78' lang='lat' dir='ltr'><strong>fortitudine,</strong></span> <span class='ocrx_word' id='word_1_9' title='bbox 2053 413 2186 460; x_wconf 87' lang='lat' dir='ltr'><strong>tem-</strong></span> 
     </span>
    </p>
   </div>
   <div class='ocr_carea' id='block_1_3' title="bbox 604 497 2186 578">
    <p class='ocr_par' dir='ltr' id='par_1_3' title="bbox 604 497 2186 578">
     <span class='ocr_line' id='line_1_3' title="bbox 604 497 2186 578; baseline -0.009 -15"><span class='ocrx_word' id='word_1_10' title='bbox 604 522 793 578; x_wconf 93' lang='lat' dir='ltr'><strong>porum</strong></span> <span class='ocrx_word' id='word_1_11' title='bbox 840 503 1182 561; x_wconf 78' lang='lat' dir='ltr'><strong>difﬁcultates</strong></span> <span class='ocrx_word' id='word_1_12' title='bbox 1236 502 1546 558; x_wconf 86' lang='lat' dir='ltr'><strong>ostendunt.</strong></span> <span class='ocrx_word' id='word_1_13' title='bbox 1611 499 1766 569; x_wconf 86' lang='lat' dir='ltr'><strong>Quod</strong></span> <span class='ocrx_word' id='word_1_14' title='bbox 1817 498 1969 553; x_wconf 87' lang='lat' dir='ltr'><strong>vobis</strong></span> <span class='ocrx_word' id='word_1_15' title='bbox 2025 497 2186 551; x_wconf 88' lang='lat' dir='ltr'><strong>etiam</strong></span> 
     </span>
    </p>
   </div>
   <div class='ocr_carea' id='block_1_4' title="bbox 608 589 2184 670">
    <p class='ocr_par' dir='ltr' id='par_1_4' title="bbox 608 589 2184 670">
     <span class='ocr_line' id='line_1_4' title="bbox 608 589 2184 670; baseline -0.008 -16"><span class='ocrx_word' id='word_1_16' title='bbox 608 599 849 670; x_wconf 88' lang='lat' dir='ltr'><strong>contigit,</strong></span> <span class='ocrx_word' id='word_1_17' title='bbox 879 609 934 654; x_wconf 90' lang='lat' dir='ltr'><strong>et</strong></span> <span class='ocrx_word' id='word_1_18' title='bbox 961 604 1217 668; x_wconf 86' lang='lat' dir='ltr'><strong>quantum</strong></span> <span class='ocrx_word' id='word_1_19' title='bbox 1247 595 1298 649; x_wconf 91' lang='lat' dir='ltr'><strong>in</strong></span> <span class='ocrx_word' id='word_1_20' title='bbox 1322 595 1474 650; x_wconf 80' lang='lat' dir='ltr'><strong>vobis</strong></span> <span class='ocrx_word' id='word_1_21' title='bbox 1501 592 1616 658; x_wconf 88' lang='lat' dir='ltr'><strong>fuit,</strong></span> <span class='ocrx_word' id='word_1_22' title='bbox 1648 591 1827 646; x_wconf 92' lang='lat' dir='ltr'><strong>omnia</strong></span> <span class='ocrx_word' id='word_1_23' title='bbox 1876 589 2010 644; x_wconf 90' lang='lat' dir='ltr'><strong>bene</strong></span> <span class='ocrx_word' id='word_1_24' title='bbox 2059 601 2184 642; x_wconf 85' lang='lat' dir='ltr'><strong>suc-</strong></span> 
     </span>
    </p>
   </div>
   <div class='ocr_carea' id='block_1_5' title="bbox 601 681 2182 760">
    <p class='ocr_par' dir='ltr' id='par_1_5' title="bbox 601 681 2182 760">
     <span class='ocr_line' id='line_1_5' title="bbox 601 681 2182 760; baseline -0.011 -12"><span class='ocrx_word' id='word_1_25' title='bbox 601 700 899 757; x_wconf 85' lang='lat' dir='ltr'><strong>cesserunt,</strong></span> <span class='ocrx_word' id='word_1_26' title='bbox 923 703 1094 760; x_wconf 91' lang='lat' dir='ltr'><strong>neque</strong></span> <span class='ocrx_word' id='word_1_27' title='bbox 1117 688 1226 743; x_wconf 91' lang='lat' dir='ltr'><strong>ulla</strong></span> <span class='ocrx_word' id='word_1_28' title='bbox 1249 698 1369 756; x_wconf 84' lang='lat' dir='ltr'><strong>pars</strong></span> <span class='ocrx_word' id='word_1_29' title='bbox 1389 684 1551 742; x_wconf 82' lang='lat' dir='ltr'><strong>officii</strong></span> <span class='ocrx_word' id='word_1_30' title='bbox 1573 683 1735 738; x_wconf 77' lang='lat' dir='ltr'><strong>vestri</strong></span> <span class='ocrx_word' id='word_1_31' title='bbox 1761 681 2062 737; x_wconf 88' lang='lat' dir='ltr'><strong>desiderata</strong></span> <span class='ocrx_word' id='word_1_32' title='bbox 2081 687 2182 734; x_wconf 84' lang='lat' dir='ltr'><strong>est.</strong></span> 
     </span>
    </p>
   </div>
   <div class='ocr_carea' id='block_1_6' title="bbox 604 773 2183 854">
    <p class='ocr_par' dir='ltr' id='par_1_6' title="bbox 604 773 2183 854">
     <span class='ocr_line' id='line_1_6' title="bbox 604 773 2183 854; baseline -0.009 -14"><span class='ocrx_word' id='word_1_33' title='bbox 604 783 711 840; x_wconf 84' lang='lat' dir='ltr'><strong>Sed</strong></span> <span class='ocrx_word' id='word_1_34' title='bbox 741 782 994 854; x_wconf 88' lang='lat' dir='ltr'><strong>quoniam</strong></span> <span class='ocrx_word' id='word_1_35' title='bbox 1027 780 1101 835; x_wconf 91' lang='lat' dir='ltr'><strong>illi</strong></span> <span class='ocrx_word' id='word_1_36' title='bbox 1128 779 1219 850; x_wconf 92' lang='lat' dir='ltr'><strong>qui</strong></span> <span class='ocrx_word' id='word_1_37' title='bbox 1242 780 1424 834; x_wconf 88' lang='lat' dir='ltr'><strong>turbas</strong></span> <span class='ocrx_word' id='word_1_38' title='bbox 1460 777 1790 842; x_wconf 80' lang='lat' dir='ltr'><strong>excitarunt,</strong></span> <span class='ocrx_word' id='word_1_39' title='bbox 1824 783 1880 830; x_wconf 94' lang='lat' dir='ltr'><strong>et</strong></span> <span class='ocrx_word' id='word_1_40' title='bbox 1915 773 2183 837; x_wconf 86' lang='lat' dir='ltr'><strong>excitant,</strong></span> 
     </span>
    </p>
   </div>
   <div class='ocr_carea' id='block_1_7' title="bbox 597 865 2185 941">
    <p class='ocr_par' dir='ltr' id='par_1_7' title="bbox 597 865 2185 941">
     <span class='ocr_line' id='line_1_7' title="bbox 597 865 2185 941; baseline -0.008 -10"><span class='ocrx_word' id='word_1_41' title='bbox 597 889 671 930; x_wconf 75' lang='lat' dir='ltr'><strong>eo</strong></span> <span class='ocrx_word' id='word_1_42' title='bbox 714 874 1001 931; x_wconf 66' lang='lat' dir='ltr'><strong>dementiae</strong></span> <span class='ocrx_word' id='word_1_43' title='bbox 1049 881 1175 928; x_wconf 85' lang='lat' dir='ltr'><strong>sunt</strong></span> <span class='ocrx_word' id='word_1_44' title='bbox 1211 870 1522 941; x_wconf 71' lang='lat' dir='ltr'><strong>progressi,</strong></span> <span class='ocrx_word' id='word_1_45' title='bbox 1567 877 1626 924; x_wconf 91' lang='lat' dir='ltr'><strong>ut</strong></span> <span class='ocrx_word' id='word_1_46' title='bbox 1663 883 1768 922; x_wconf 92' lang='lat' dir='ltr'><strong>non</strong></span> <span class='ocrx_word' id='word_1_47' title='bbox 1805 866 1967 922; x_wconf 89' lang='lat' dir='ltr'><strong>modo</strong></span> <span class='ocrx_word' id='word_1_48' title='bbox 2009 865 2185 934; x_wconf 83' lang='lat' dir='ltr'><strong>priora</strong></span> 
     </span>
    </p>
   </div>
   <div class='ocr_carea' id='block_1_8' title="bbox 599 959 2185 1040">
    <p class='ocr_par' dir='ltr' id='par_1_8' title="bbox 599 959 2185 1040">
     <span class='ocr_line' id='line_1_8' title="bbox 599 959 2185 1040; baseline -0.01 -14"><span class='ocrx_word' id='word_1_49' title='bbox 599 967 833 1040; x_wconf 78' lang='lat' dir='ltr'><strong>gessisse</strong></span> <span class='ocrx_word' id='word_1_50' title='bbox 859 967 980 1023; x_wconf 91' lang='lat' dir='ltr'><strong>illos</strong></span> <span class='ocrx_word' id='word_1_51' title='bbox 1005 981 1111 1022; x_wconf 88' lang='lat' dir='ltr'><strong>non</strong></span> <span class='ocrx_word' id='word_1_52' title='bbox 1139 965 1352 1036; x_wconf 92' lang='lat' dir='ltr'><strong>pudeat,</strong></span> <span class='ocrx_word' id='word_1_53' title='bbox 1382 962 1475 1019; x_wconf 89' lang='lat' dir='ltr'><strong>sed</strong></span> <span class='ocrx_word' id='word_1_54' title='bbox 1505 962 1610 1017; x_wconf 83' lang='lat' dir='ltr'><strong>illis</strong></span> <span class='ocrx_word' id='word_1_55' title='bbox 1639 959 1798 1016; x_wconf 91' lang='lat' dir='ltr'><strong>etiam</strong></span> <span class='ocrx_word' id='word_1_56' title='bbox 1819 959 2065 1030; x_wconf 76' lang='lat' dir='ltr'><strong>graviora</strong></span> <span class='ocrx_word' id='word_1_57' title='bbox 2095 973 2185 1027; x_wconf 88' lang='lat' dir='ltr'><strong>pa-</strong></span> 
     </span>
    </p>
   </div>
   <div class='ocr_carea' id='block_1_9' title="bbox 594 1048 2183 1122">
    <p class='ocr_par' dir='ltr' id='par_1_9' title="bbox 594 1048 2183 1122">
     <span class='ocr_line' id='line_1_9' title="bbox 594 1048 2183 1122; baseline -0.009 -6"><span class='ocrx_word' id='word_1_58' title='bbox 594 1072 745 1116; x_wconf 81' lang='lat' dir='ltr'><strong>‘trare</strong></span> <span class='ocrx_word' id='word_1_59' title='bbox 764 1059 1094 1116; x_wconf 87' lang='lat' dir='ltr'><strong>contendant</strong></span> <span class='ocrx_word' id='word_1_60' title='bbox 1114 1100 1128 1122; x_wconf 89' lang='lat'><strong>,</strong></span> <span class='ocrx_word' id='word_1_61' title='bbox 1151 1072 1338 1112; x_wconf 89' lang='lat' dir='ltr'><strong>omnes</strong></span> <span class='ocrx_word' id='word_1_62' title='bbox 1363 1069 1458 1110; x_wconf 87' lang='lat' dir='ltr'><strong>vos</strong></span> <span class='ocrx_word' id='word_1_63' title='bbox 1484 1053 1643 1108; x_wconf 85' lang='lat' dir='ltr'><strong>simul</strong></span> <span class='ocrx_word' id='word_1_64' title='bbox 1673 1054 1925 1107; x_wconf 72' lang='lat' dir='ltr'><strong>cohortor</strong></span> <span class='ocrx_word' id='word_1_65' title='bbox 1943 1092 1959 1116; x_wconf 92' lang='lat'><strong>,</strong></span> <span class='ocrx_word' id='word_1_66' title='bbox 1988 1060 2046 1104; x_wconf 88' lang='lat' dir='ltr'><strong>ut</strong></span> <span class='ocrx_word' id='word_1_67' title='bbox 2069 1048 2183 1104; x_wconf 90' lang='lat' dir='ltr'><strong>for-</strong></span> 
     </span>
    </p>
   </div>
   <div class='ocr_carea' id='block_1_10' title="bbox 601 1140 2184 1213">
    <p class='ocr_par' dir='ltr' id='par_1_10' title="bbox 601 1140 2184 1213">
     <span class='ocr_line' id='line_1_10' title="bbox 601 1140 2184 1213; baseline -0.006 -8"><span class='ocrx_word' id='word_1_68' title='bbox 601 1152 861 1208; x_wconf 84' lang='lat' dir='ltr'><strong>tissimam</strong></span> <span class='ocrx_word' id='word_1_69' title='bbox 914 1150 1243 1205; x_wconf 83' lang='lat' dir='ltr'><strong>alacritatem</strong></span> <span class='ocrx_word' id='word_1_70' title='bbox 1292 1147 1456 1202; x_wconf 89' lang='lat' dir='ltr'><strong>animi</strong></span> <span class='ocrx_word' id='word_1_71' title='bbox 1509 1143 1842 1204; x_wconf 82' lang='lat' dir='ltr'><strong>adhibeatis.</strong></span> <span class='ocrx_word' id='word_1_72' title='bbox 1893 1140 2184 1213; x_wconf 86' lang='lat' dir='ltr'><strong>ncque&#39;de</strong></span> 
     </span>
    </p>
   </div>
   <div class='ocr_carea' id='block_1_11' title="bbox 598 1232 2183 1318">
    <p class='ocr_par' dir='ltr' id='par_1_11' title="bbox 598 1232 2183 1318">
     <span class='ocr_line' id='line_1_11' title="bbox 598 1232 2183 1318; baseline -0.006 -19"><span class='ocrx_word' id='word_1_73' title='bbox 598 1254 747 1299; x_wconf 79' lang='lat' dir='ltr'><strong>tanto</strong></span> <span class='ocrx_word' id='word_1_74' title='bbox 771 1241 947 1298; x_wconf 87' lang='lat' dir='ltr'><strong>studio</strong></span> <span class='ocrx_word' id='word_1_75' title='bbox 987 1241 1277 1312; x_wconf 83' lang='lat' dir='ltr'><strong>quidquam</strong></span> <span class='ocrx_word' id='word_1_76' title='bbox 1318 1238 1632 1303; x_wconf 89' lang='lat' dir='ltr'><strong>remittatis,</strong></span> <span class='ocrx_word' id='word_1_77' title='bbox 1799 1233 1925 1290; x_wconf 92' lang='lat' dir='ltr'><strong>illud</strong></span> <span class='ocrx_word' id='word_1_78' title='bbox 1952 1232 2183 1305; x_wconf 83' lang='lat' dir='ltr'><strong>amplius</strong></span> 
     </span>
    </p>
   </div>
   <div class='ocr_carea' id='block_1_12' title="bbox 596 1327 2181 1405">
    <p class='ocr_par' dir='ltr' id='par_1_12' title="bbox 596 1327 2181 1405">
     <span class='ocr_line' id='line_1_12' title="bbox 596 1327 2181 1405; baseline -0.008 -14"><span class='ocrx_word' id='word_1_79' title='bbox 596 1336 756 1392; x_wconf 82' lang='lat' dir='ltr'><strong>etiam</strong></span> <span class='ocrx_word' id='word_1_80' title='bbox 792 1335 1062 1405; x_wconf 73' lang='lat' dir='ltr'><strong>augeatis,</strong></span> <span class='ocrx_word' id='word_1_81' title='bbox 1110 1332 1236 1388; x_wconf 88' lang='lat' dir='ltr'><strong>licet</strong></span> <span class='ocrx_word' id='word_1_82' title='bbox 1270 1331 1566 1391; x_wconf 58' lang='lat' dir='ltr'><strong>innumera:</strong></span> <span class='ocrx_word' id='word_1_83' title='bbox 1607 1327 1949 1385; x_wconf 70' lang='lat' dir='ltr'><strong>difficultates</strong></span> <span class='ocrx_word' id='word_1_84' title='bbox 1994 1341 2181 1381; x_wconf 89' lang='lat' dir='ltr'><strong>occur-</strong></span> 
     </span>
    </p>
   </div>
   <div class='ocr_carea' id='block_1_13' title="bbox 603 1417 2181 1496">
    <p class='ocr_par' dir='ltr' id='par_1_13' title="bbox 603 1417 2181 1496">
     <span class='ocr_line' id='line_1_13' title="bbox 603 1417 2181 1496; baseline -0.007 -14"><span class='ocrx_word' id='word_1_85' title='bbox 603 1422 864 1493; x_wconf 60' lang='lat' dir='ltr'><strong>rantPQui</strong></span> <span class='ocrx_word' id='word_1_86' title='bbox 888 1427 1031 1481; x_wconf 91' lang='lat' dir='ltr'><strong>enim</strong></span> <span class='ocrx_word' id='word_1_87' title='bbox 1064 1424 1304 1496; x_wconf 84' lang='lat' dir='ltr'><strong>pluribus</strong></span> <span class='ocrx_word' id='word_1_88' title='bbox 1327 1438 1447 1477; x_wconf 91' lang='lat' dir='ltr'><strong>cum</strong></span> <span class='ocrx_word' id='word_1_89' title='bbox 1490 1419 1772 1476; x_wconf 83' lang='lat' dir='ltr'><strong>sudoribus</strong></span> <span class='ocrx_word' id='word_1_90' title='bbox 1811 1434 1874 1474; x_wconf 90' lang='lat' dir='ltr'><strong>ac</strong></span> <span class='ocrx_word' id='word_1_91' title='bbox 1913 1417 2181 1472; x_wconf 84' lang='lat' dir='ltr'><strong>laboribus</strong></span> 
     </span>
    </p>
   </div>
   <div class='ocr_carea' id='block_1_14' title="bbox 598 1508 2182 1589">
    <p class='ocr_par' dir='ltr' id='par_1_14' title="bbox 598 1508 2182 1589">
     <span class='ocr_line' id='line_1_14' title="bbox 598 1508 2182 1589; baseline -0.006 -16"><span class='ocrx_word' id='word_1_92' title='bbox 598 1532 847 1589; x_wconf 87' lang='lat' dir='ltr'><strong>maguum</strong></span> <span class='ocrx_word' id='word_1_93' title='bbox 874 1515 1089 1587; x_wconf 82' lang='lat' dir='ltr'><strong>aliquod</strong></span> <span class='ocrx_word' id='word_1_94' title='bbox 1115 1530 1179 1570; x_wconf 90' lang='lat' dir='ltr'><strong>ac</strong></span> <span class='ocrx_word' id='word_1_95' title='bbox 1201 1527 1521 1585; x_wconf 89' lang='lat' dir='ltr'><strong>generosum</strong></span> <span class='ocrx_word' id='word_1_96' title='bbox 1549 1511 1755 1567; x_wconf 87' lang='lat' dir='ltr'><strong>facinus</strong></span> <span class='ocrx_word' id='word_1_97' title='bbox 1774 1509 2022 1573; x_wconf 81' lang='lat' dir='ltr'><strong>ediderit,</strong></span> <span class='ocrx_word' id='word_1_98' title='bbox 2053 1508 2182 1564; x_wconf 87' lang='lat' dir='ltr'><strong>ube-</strong></span> 
     </span>
    </p>
   </div>
   <div class='ocr_carea' id='block_1_15' title="bbox 598 1593 2178 1681">
    <p class='ocr_par' dir='ltr' id='par_1_15' title="bbox 598 1593 2178 1681">
     <span class='ocr_line' id='line_1_15' title="bbox 598 1593 2178 1681; baseline -0.005 -16"><span class='ocrx_word' id='word_1_99' title='bbox 598 1612 794 1666; x_wconf 86' lang='lat' dir='ltr'><strong>riorem</strong></span> <span class='ocrx_word' id='word_1_100' title='bbox 821 1610 949 1674; x_wconf 87' lang='lat' dir='ltr'><strong>illis,</strong></span> <span class='ocrx_word' id='word_1_101' title='bbox 975 1609 1065 1681; x_wconf 85' lang='lat' dir='ltr'><strong>qui</strong></span> <span class='ocrx_word' id='word_1_102' title='bbox 1091 1608 1248 1664; x_wconf 73' lang='lat' dir='ltr'><strong>facile</strong></span> <span class='ocrx_word' id='word_1_103' title='bbox 1273 1593 1338 1661; x_wconf 82' lang='lat' dir='ltr'><strong>ac</strong></span> <span class='ocrx_word' id='word_1_104' title='bbox 1367 1600 1516 1660; x_wconf 92' lang='lat' dir='ltr'><strong>nullo</strong></span> <span class='ocrx_word' id='word_1_105' title='bbox 1543 1603 1760 1674; x_wconf 91' lang='lat' dir='ltr'><strong>negotio</strong></span> <span class='ocrx_word' id='word_1_106' title='bbox 1800 1603 2029 1671; x_wconf 88' lang='lat' dir='ltr'><strong>idipsum</strong></span> <span class='ocrx_word' id='word_1_107' title='bbox 2055 1616 2178 1671; x_wconf 86' lang='lat' dir='ltr'><strong>ges-</strong></span> 
     </span>
    </p>
   </div>
   <div class='ocr_carea' id='block_1_16' title="bbox 597 1692 2174 1768">
    <p class='ocr_par' dir='ltr' id='par_1_16' title="bbox 597 1692 2174 1768">
     <span class='ocr_line' id='line_1_16' title="bbox 597 1692 2174 1768; baseline -0.006 -12"><span class='ocrx_word' id='word_1_108' title='bbox 597 1702 797 1768; x_wconf 85' lang='lat' dir='ltr'><strong>serint,</strong></span> <span class='ocrx_word' id='word_1_109' title='bbox 846 1699 1148 1756; x_wconf 84' lang='lat' dir='ltr'><strong>mercedem</strong></span> <span class='ocrx_word' id='word_1_110' title='bbox 1194 1697 1439 1766; x_wconf 83' lang='lat' dir='ltr'><strong>accipiet.</strong></span> <span class='ocrx_word' id='word_1_111' title='bbox 1478 1693 1748 1766; x_wconf 87' lang='lat' dir='ltr'><strong>Siquidem</strong></span> <span class='ocrx_word' id='word_1_112' title='bbox 1793 1692 2174 1764; x_wconf 72' lang='lat' dir='ltr'><strong>Unusquisque,</strong></span> 
     </span>
    </p>
   </div>
   <div class='ocr_carea' id='block_1_17' title="bbox 597 1785 2176 1862">
    <p class='ocr_par' dir='ltr' id='par_1_17' title="bbox 597 1785 2176 1862">
     <span class='ocr_line' id='line_1_17' title="bbox 597 1785 2176 1862; baseline -0.005 -15"><span class='ocrx_word' id='word_1_113' title='bbox 597 1791 770 1862; x_wconf 85' lang='lat' dir='ltr'><strong>inquit</strong></span> <span class='ocrx_word' id='word_1_114' title='bbox 808 1791 996 1850; x_wconf 67' lang='lat' dir='ltr'><strong>lutatus</strong></span> <span class='ocrx_word' id='word_1_115' title='bbox 1041 1790 1258 1855; x_wconf 86' lang='lat' dir='ltr'><strong>Paulus,</strong></span> <span class='ocrx_word' id='word_1_116' title='bbox 1307 1788 1569 1859; x_wconf 81' lang='lat' dir='ltr'><strong>propriam</strong></span> <span class='ocrx_word' id='word_1_117' title='bbox 1620 1787 1898 1841; x_wconf 86' lang='lat' dir='ltr'><strong>mercedem</strong></span> <span class='ocrx_word' id='word_1_118' title='bbox 1941 1785 2176 1856; x_wconf 78' lang='lat' dir='ltr'><strong>accipiet,</strong></span> 
     </span>
    </p>
   </div>
   <div class='ocr_carea' id='block_1_18' title="bbox 595 1868 2179 1952">
    <p class='ocr_par' dir='ltr' id='par_1_18' title="bbox 595 1868 2179 1952">
     <span class='ocr_line' id='line_1_18' title="bbox 595 1868 2179 1952; baseline -0.004 -15"><span class='ocrx_word' id='word_1_119' title='bbox 595 1881 872 1938; x_wconf 74' lang='lat' dir='ltr'><strong>secundum</strong></span> <span class='ocrx_word' id='word_1_120' title='bbox 899 1881 1159 1952; x_wconf 79' lang='lat' dir='ltr'><strong>proprium</strong></span> <span class='ocrx_word' id='word_1_121' title='bbox 1188 1878 1409 1933; x_wconf 81' lang='lat' dir='ltr'><strong>laborem</strong></span> <span class='ocrx_word' id='word_1_122' title='bbox 1431 1877 1511 1946; x_wconf 82' lang='lat' dir='ltr'><strong>(l.</strong></span> <span class='ocrx_word' id='word_1_123' title='bbox 1551 1876 1672 1932; x_wconf 85' lang='lat' dir='ltr'><strong>Cor.</strong></span> <span class='ocrx_word' id='word_1_124' title='bbox 1700 1877 1753 1932; x_wconf 78' lang='lat'><strong>3.</strong></span> <span class='ocrx_word' id='word_1_125' title='bbox 1778 1876 1858 1946; x_wconf 88' lang='lat'><strong>8).</strong></span> <span class='ocrx_word' id='word_1_126' title='bbox 1907 1868 1985 1933; x_wconf 81' lang='lat' dir='ltr'><strong>Ne</strong></span> <span class='ocrx_word' id='word_1_127' title='bbox 2023 1875 2179 1947; x_wconf 88' lang='lat' dir='ltr'><strong>igitur</strong></span> 
     </span>
    </p>
   </div>
   <div class='ocr_carea' id='block_1_19' title="bbox 595 1968 2178 2042">
    <p class='ocr_par' dir='ltr' id='par_1_19' title="bbox 595 1968 2178 2042">
     <span class='ocr_line' id='line_1_19' title="bbox 595 1968 2178 2042; baseline -0.004 -12"><span class='ocrx_word' id='word_1_128' title='bbox 595 1973 796 2030; x_wconf 86' lang='lat' dir='ltr'><strong>idcirco</strong></span> <span class='ocrx_word' id='word_1_129' title='bbox 818 1973 1058 2027; x_wconf 89' lang='lat' dir='ltr'><strong>animum</strong></span> <span class='ocrx_word' id='word_1_130' title='bbox 1086 1970 1481 2042; x_wconf 90' lang='lat' dir='ltr'><strong>despondeatis,</strong></span> <span class='ocrx_word' id='word_1_131' title='bbox 1510 1969 1654 2041; x_wconf 91' lang='lat' dir='ltr'><strong>quod</strong></span> <span class='ocrx_word' id='word_1_132' title='bbox 1685 1968 1838 2024; x_wconf 90' lang='lat' dir='ltr'><strong>multi</strong></span> <span class='ocrx_word' id='word_1_133' title='bbox 1875 1968 2027 2024; x_wconf 92' lang='lat' dir='ltr'><strong>vobis</strong></span> <span class='ocrx_word' id='word_1_134' title='bbox 2064 1969 2178 2024; x_wconf 88' lang='lat' dir='ltr'><strong>fue-</strong></span> 
     </span>
    </p>
   </div>
   <div class='ocr_carea' id='block_1_20' title="bbox 595 2061 2178 2132">
    <p class='ocr_par' dir='ltr' id='par_1_20' title="bbox 595 2061 2178 2132">
     <span class='ocr_line' id='line_1_20' title="bbox 595 2061 2178 2132; baseline -0.001 -13"><span class='ocrx_word' id='word_1_135' title='bbox 595 2066 703 2121; x_wconf 90' lang='lat' dir='ltr'><strong>rint</strong></span> <span class='ocrx_word' id='word_1_136' title='bbox 725 2063 1027 2120; x_wconf 88' lang='lat' dir='ltr'><strong>exantlandi</strong></span> <span class='ocrx_word' id='word_1_137' title='bbox 1059 2064 1288 2130; x_wconf 80' lang='lat' dir='ltr'><strong>labores,</strong></span> <span class='ocrx_word' id='word_1_138' title='bbox 1318 2062 1412 2118; x_wconf 86' lang='lat' dir='ltr'><strong>sed</strong></span> <span class='ocrx_word' id='word_1_139' title='bbox 1444 2063 1546 2117; x_wconf 89' lang='lat' dir='ltr'><strong>hoc</strong></span> <span class='ocrx_word' id='word_1_140' title='bbox 1571 2063 1742 2130; x_wconf 89' lang='lat' dir='ltr'><strong>ipsum</strong></span> <span class='ocrx_word' id='word_1_141' title='bbox 1769 2061 1938 2132; x_wconf 90' lang='lat' dir='ltr'><strong>magis</strong></span> <span class='ocrx_word' id='word_1_142' title='bbox 1961 2074 2059 2117; x_wconf 89' lang='lat' dir='ltr'><strong>vos</strong></span> <span class='ocrx_word' id='word_1_143' title='bbox 2085 2077 2178 2118; x_wconf 91' lang='lat' dir='ltr'><strong>ex-</strong></span> 
     </span>
    </p>
   </div>
   <div class='ocr_carea' id='block_1_21' title="bbox 587 2152 2176 2225">
    <p class='ocr_par' dir='ltr' id='par_1_21' title="bbox 587 2152 2176 2225">
     <span class='ocr_line' id='line_1_21' title="bbox 587 2152 2176 2225; baseline -0.002 -12"><span class='ocrx_word' id='word_1_144' title='bbox 587 2157 745 2213; x_wconf 69' lang='lat' dir='ltr'><strong>citet.</strong></span> <span class='ocrx_word' id='word_1_145' title='bbox 785 2155 996 2225; x_wconf 88' lang='lat' dir='ltr'><strong>Quanto</strong></span> <span class='ocrx_word' id='word_1_146' title='bbox 1039 2155 1182 2210; x_wconf 89' lang='lat' dir='ltr'><strong>enim</strong></span> <span class='ocrx_word' id='word_1_147' title='bbox 1225 2155 1395 2225; x_wconf 87' lang='lat' dir='ltr'><strong>major</strong></span> <span class='ocrx_word' id='word_1_148' title='bbox 1433 2152 1780 2210; x_wconf 80' lang='lat' dir='ltr'><strong>al‘llictiouum</strong></span> <span class='ocrx_word' id='word_1_149' title='bbox 1821 2153 1878 2208; x_wconf 90' lang='lat' dir='ltr'><strong>llt</strong></span> <span class='ocrx_word' id='word_1_150' title='bbox 1918 2155 2176 2218; x_wconf 85' lang='lat' dir='ltr'><strong>accessio,</strong></span> 
     </span>
    </p>
   </div>
   <div class='ocr_carea' id='block_1_22' title="bbox 582 2243 2177 2319">
    <p class='ocr_par' dir='ltr' id='par_1_22' title="bbox 582 2243 2177 2319">
     <span class='ocr_line' id='line_1_22' title="bbox 582 2243 2177 2319; baseline -0.001 -17"><span class='ocrx_word' id='word_1_151' title='bbox 582 2257 743 2304; x_wconf 78' lang='lat' dir='ltr'><strong>“tanto</strong></span> <span class='ocrx_word' id='word_1_152' title='bbox 785 2249 953 2319; x_wconf 88' lang='lat' dir='ltr'><strong>magis</strong></span> <span class='ocrx_word' id='word_1_153' title='bbox 989 2257 1252 2318; x_wconf 78' lang='lat' dir='ltr'><strong>augentur</strong></span> <span class='ocrx_word' id='word_1_154' title='bbox 1294 2261 1531 2312; x_wconf 63' lang='lat' dir='ltr'><strong>coronae,</strong></span> <span class='ocrx_word' id='word_1_155' title='bbox 1571 2260 1635 2300; x_wconf 89' lang='lat' dir='ltr'><strong>ac</strong></span> <span class='ocrx_word' id='word_1_156' title='bbox 1673 2243 2177 2314; x_wconf 87' lang='lat' dir='ltr'><strong>multiplicanturea</strong></span> 
     </span>
    </p>
   </div>
   <div class='ocr_carea' id='block_1_23' title="bbox 596 2335 2179 2411">
    <p class='ocr_par' dir='ltr' id='par_1_23' title="bbox 596 2335 2179 2411">
     <span class='ocr_line' id='line_1_23' title="bbox 596 2335 2179 2411; baseline -0.003 -16"><span class='ocrx_word' id='word_1_157' title='bbox 596 2341 812 2410; x_wconf 68' lang='lat' dir='ltr'><strong>praemia</strong></span> <span class='ocrx_word' id='word_1_158' title='bbox 833 2381 851 2408; x_wconf 90' lang='lat'><strong>,</strong></span> <span class='ocrx_word' id='word_1_159' title='bbox 879 2356 999 2410; x_wconf 70' lang='lat' dir='ltr'><strong>qua:</strong></span> <span class='ocrx_word' id='word_1_160' title='bbox 1039 2340 1192 2397; x_wconf 80' lang='lat' dir='ltr'><strong>vobis</strong></span> <span class='ocrx_word' id='word_1_161' title='bbox 1233 2354 1329 2411; x_wconf 92' lang='lat' dir='ltr'><strong>pro</strong></span> <span class='ocrx_word' id='word_1_162' title='bbox 1364 2337 1449 2394; x_wconf 87' lang='lat' dir='ltr'><strong>bis</strong></span> <span class='ocrx_word' id='word_1_163' title='bbox 1493 2336 1762 2408; x_wconf 67' lang='lat' dir='ltr'><strong>prmclaris</strong></span> <span class='ocrx_word' id='word_1_164' title='bbox 1797 2335 2179 2392; x_wconf 88' lang='lat' dir='ltr'><strong>certaminibus</strong></span> 
     </span>
    </p>
   </div>
   <div class='ocr_carea' id='block_1_24' title="bbox 595 2432 976 2488">
    <p class='ocr_par' dir='ltr' id='par_1_24' title="bbox 595 2432 976 2488">
     <span class='ocr_line' id='line_1_24' title="bbox 595 2432 976 2488; baseline -0.005 0"><span class='ocrx_word' id='word_1_165' title='bbox 595 2432 976 2488; x_wconf 79' lang='lat' dir='ltr'><strong>reconduntur.</strong></span> 
     </span>
    </p>
   </div>
   <div class='ocr_carea' id='block_1_25' title="bbox 682 2562 2086 2644">
    <p class='ocr_par' dir='ltr' id='par_1_25' title="bbox 682 2562 2086 2644">
     <span class='ocr_line' id='line_1_25' title="bbox 682 2562 2086 2644; baseline -0.004 -21"><span class='ocrx_word' id='word_1_166' title='bbox 682 2566 958 2625; x_wconf 78' lang='lat' dir='ltr'><strong>CLXXXI</strong></span> <span class='ocrx_word' id='word_1_167' title='bbox 969 2566 1030 2621; x_wconf 83' lang='lat' dir='ltr'><strong>ll</strong></span> <span class='ocrx_word' id='word_1_168' title='bbox 1039 2608 1050 2620; x_wconf 93' lang='lat'><strong>.</strong></span> <span class='ocrx_word' id='word_1_169' title='bbox 1103 2567 1355 2638; x_wconf 69' lang='lat' dir='ltr'><strong>Hesychia</strong></span> <span class='ocrx_word' id='word_1_170' title='bbox 1398 2566 1634 2637; x_wconf 78' lang='lat' dir='ltr'><strong>episcopo</strong></span> <span class='ocrx_word' id='word_1_171' title='bbox 1681 2564 1950 2622; x_wconf 83' lang='lat' dir='ltr'><strong>Salonenri</strong></span> <span class='ocrx_word' id='word_1_172' title='bbox 1988 2562 2086 2644; x_wconf 74' lang='grc' dir='ltr'><strong>(α).</strong></span> 
     </span>
    </p>
   </div>
   <div class='ocr_carea' id='block_1_26' title="bbox 1173 2657 1549 2727">
    <p class='ocr_par' dir='ltr' id='par_1_26' title="bbox 1173 2657 1549 2727">
     <span class='ocr_line' id='line_1_26' title="bbox 1173 2657 1549 2727; baseline 0.005 -15"><span class='ocrx_word' id='word_1_173' title='bbox 1173 2658 1359 2727; x_wconf 66' lang='lat' dir='ltr'><strong>(sum</strong></span> <span class='ocrx_word' id='word_1_174' title='bbox 1396 2657 1549 2727; x_wconf 67' lang='lat'><strong>406.)</strong></span> 
     </span>
    </p>
   </div>
   <div class='ocr_carea' id='block_1_27' title="bbox 655 2790 2176 2861">
    <p class='ocr_par' dir='ltr' id='par_1_27' title="bbox 655 2790 2176 2861">
     <span class='ocr_line' id='line_1_27' title="bbox 655 2790 2176 2861; baseline -0.001 -14"><span class='ocrx_word' id='word_1_175' title='bbox 655 2790 780 2848; x_wconf 82' lang='lat' dir='ltr'><strong>‘Etsi</strong></span> <span class='ocrx_word' id='word_1_176' title='bbox 807 2805 1006 2861; x_wconf 85' lang='lat' dir='ltr'><strong>magno</strong></span> <span class='ocrx_word' id='word_1_177' title='bbox 1033 2790 1241 2847; x_wconf 84' lang='lat' dir='ltr'><strong>itineris</strong></span> <span class='ocrx_word' id='word_1_178' title='bbox 1263 2791 1546 2847; x_wconf 81' lang='lat' dir='ltr'><strong>intervallo</strong></span> <span class='ocrx_word' id='word_1_179' title='bbox 1571 2805 1602 2846; x_wconf 89' lang='lat' dir='ltr'><strong>a</strong></span> <span class='ocrx_word' id='word_1_180' title='bbox 1628 2792 1928 2847; x_wconf 88' lang='lat' dir='ltr'><strong>reverentia</strong></span> <span class='ocrx_word' id='word_1_181' title='bbox 1959 2801 2047 2846; x_wconf 89' lang='lat' dir='ltr'><strong>tua</strong></span> <span class='ocrx_word' id='word_1_182' title='bbox 2067 2790 2176 2846; x_wconf 82' lang='lat' dir='ltr'><strong>dis-</strong></span> 
     </span>
    </p>
   </div>
   <div class='ocr_carea' id='block_1_28' title="bbox 585 2881 2176 2953">
    <p class='ocr_par' dir='ltr' id='par_1_28' title="bbox 585 2881 2176 2953">
     <span class='ocr_line' id='line_1_28' title="bbox 585 2881 2176 2953; baseline 0.001 -16"><span class='ocrx_word' id='word_1_183' title='bbox 585 2883 877 2953; x_wconf 66' lang='lat' dir='ltr'><strong>iungimur,</strong></span> <span class='ocrx_word' id='word_1_184' title='bbox 918 2892 974 2938; x_wconf 87' lang='lat' dir='ltr'><strong>et</strong></span> <span class='ocrx_word' id='word_1_185' title='bbox 993 2881 1060 2937; x_wconf 89' lang='lat' dir='ltr'><strong>ad</strong></span> <span class='ocrx_word' id='word_1_186' title='bbox 1079 2889 1354 2938; x_wconf 84' lang='lat' dir='ltr'><strong>extremos</strong></span> <span class='ocrx_word' id='word_1_187' title='bbox 1383 2895 1551 2953; x_wconf 87' lang='lat' dir='ltr'><strong>usque</strong></span> <span class='ocrx_word' id='word_1_188' title='bbox 1577 2882 1724 2937; x_wconf 87' lang='lat' dir='ltr'><strong>orbis</strong></span> <span class='ocrx_word' id='word_1_189' title='bbox 1747 2891 2007 2939; x_wconf 88' lang='lat' dir='ltr'><strong>terrarum</strong></span> <span class='ocrx_word' id='word_1_190' title='bbox 2043 2881 2176 2938; x_wconf 82' lang='lat' dir='ltr'><strong>lines</strong></span> 
     </span>
    </p>
   </div>
   <div class='ocr_carea' id='block_1_29' title="bbox 590 2965 2173 3048">
    <p class='ocr_par' dir='ltr' id='par_1_29' title="bbox 590 2965 2173 3048">
     <span class='ocr_line' id='line_1_29' title="bbox 590 2965 2173 3048; baseline 0.001 -18"><span class='ocrx_word' id='word_1_191' title='bbox 590 2965 811 3046; x_wconf 79' lang='lat' dir='ltr'><strong>relegati</strong></span> <span class='ocrx_word' id='word_1_192' title='bbox 847 2988 1066 3040; x_wconf 84' lang='lat' dir='ltr'><strong>sumus;</strong></span> <span class='ocrx_word' id='word_1_193' title='bbox 1101 2985 1276 3031; x_wconf 89' lang='lat' dir='ltr'><strong>tamen</strong></span> <span class='ocrx_word' id='word_1_194' title='bbox 1313 2975 1416 3029; x_wconf 88' lang='lat' dir='ltr'><strong>levi</strong></span> <span class='ocrx_word' id='word_1_195' title='bbox 1447 2976 1687 3032; x_wconf 82' lang='lat' dir='ltr'><strong>caritatis</strong></span> <span class='ocrx_word' id='word_1_196' title='bbox 1723 2991 1895 3048; x_wconf 88' lang='lat' dir='ltr'><strong>penna</strong></span> <span class='ocrx_word' id='word_1_197' title='bbox 1941 2983 2173 3044; x_wconf 85' lang='lat' dir='ltr'><strong>utentes,</strong></span> 
     </span>
    </p>
   </div>
   <div class='ocr_carea' id='block_1_30' title="bbox 587 3064 2176 3138">
    <p class='ocr_par' dir='ltr' id='par_1_30' title="bbox 587 3064 2176 3138">
     <span class='ocr_line' id='line_1_30' title="bbox 587 3064 2176 3138; baseline 0.001 -17"><span class='ocrx_word' id='word_1_198' title='bbox 587 3081 707 3134; x_wconf 78' lang='lat' dir='ltr'><strong>qua:</strong></span> <span class='ocrx_word' id='word_1_199' title='bbox 738 3064 919 3121; x_wconf 82' lang='lat' dir='ltr'><strong>faciles</strong></span> <span class='ocrx_word' id='word_1_200' title='bbox 936 3064 1122 3120; x_wconf 79' lang='lat' dir='ltr'><strong>reddit</strong></span> <span class='ocrx_word' id='word_1_201' title='bbox 1147 3064 1408 3136; x_wconf 82' lang='lat' dir='ltr'><strong>ejusmodi</strong></span> <span class='ocrx_word' id='word_1_202' title='bbox 1449 3066 1908 3136; x_wconf 76' lang='lat' dir='ltr'><strong>peregrinationes</strong></span> <span class='ocrx_word' id='word_1_203' title='bbox 1929 3107 1944 3130; x_wconf 92' lang='lat'><strong>,</strong></span> <span class='ocrx_word' id='word_1_204' title='bbox 1970 3076 2024 3122; x_wconf 94' lang='lat' dir='ltr'><strong>et</strong></span> <span class='ocrx_word' id='word_1_205' title='bbox 2052 3082 2176 3138; x_wconf 89' lang='lat' dir='ltr'><strong>pro-</strong></span> 
     </span>
    </p>
   </div>
   <div class='ocr_carea' id='block_1_31' title="bbox 589 3155 2175 3228">
    <p class='ocr_par' dir='ltr' id='par_1_31' title="bbox 589 3155 2175 3228">
     <span class='ocr_line' id='line_1_31' title="bbox 589 3155 2175 3228; baseline 0.001 -18"><span class='ocrx_word' id='word_1_206' title='bbox 589 3156 769 3228; x_wconf 90' lang='lat' dir='ltr'><strong>pinqui</strong></span> <span class='ocrx_word' id='word_1_207' title='bbox 792 3171 977 3211; x_wconf 85' lang='lat' dir='ltr'><strong>sumus</strong></span> <span class='ocrx_word' id='word_1_208' title='bbox 1000 3155 1115 3223; x_wconf 86' lang='lat' dir='ltr'><strong>tibi,</strong></span> <span class='ocrx_word' id='word_1_209' title='bbox 1138 3165 1192 3212; x_wconf 91' lang='lat' dir='ltr'><strong>et</strong></span> <span class='ocrx_word' id='word_1_210' title='bbox 1217 3165 1388 3211; x_wconf 89' lang='lat' dir='ltr'><strong>tecum</strong></span> <span class='ocrx_word' id='word_1_211' title='bbox 1417 3169 1714 3222; x_wconf 87' lang='lat' dir='ltr'><strong>versamur,</strong></span> <span class='ocrx_word' id='word_1_212' title='bbox 1740 3170 1803 3211; x_wconf 91' lang='lat' dir='ltr'><strong>ac</strong></span> <span class='ocrx_word' id='word_1_213' title='bbox 1821 3155 2055 3212; x_wconf 91' lang='lat' dir='ltr'><strong>debitam</strong></span> <span class='ocrx_word' id='word_1_214' title='bbox 2080 3172 2175 3228; x_wconf 91' lang='lat' dir='ltr'><strong>per</strong></span> 
     </span>
    </p>
   </div>
   <div class='ocr_carea' id='block_1_32' title="bbox 590 3246 2174 3317">
    <p class='ocr_par' dir='ltr' id='par_1_32' title="bbox 590 3246 2174 3317">
     <span class='ocr_line' id='line_1_32' title="bbox 590 3246 2174 3317; baseline 0 -15"><span class='ocrx_word' id='word_1_215' title='bbox 590 3247 773 3302; x_wconf 84' lang='lat' dir='ltr'><strong>literas</strong></span> <span class='ocrx_word' id='word_1_216' title='bbox 797 3246 1171 3301; x_wconf 81' lang='lat' dir='ltr'><strong>salutationem</strong></span> <span class='ocrx_word' id='word_1_217' title='bbox 1194 3246 1578 3315; x_wconf 86' lang='lat' dir='ltr'><strong>persolvimus,</strong></span> <span class='ocrx_word' id='word_1_218' title='bbox 1595 3252 1763 3317; x_wconf 86' lang='lat' dir='ltr'><strong>teque</strong></span> <span class='ocrx_word' id='word_1_219' title='bbox 1791 3246 2089 3312; x_wconf 89' lang='lat' dir='ltr'><strong>hortamur,</strong></span> <span class='ocrx_word' id='word_1_220' title='bbox 2115 3254 2174 3302; x_wconf 92' lang='lat' dir='ltr'><strong>ut</strong></span> 
     </span>
    </p>
   </div>
   <div class='ocr_carea' id='block_1_33' title="bbox 589 3336 2170 3409">
    <p class='ocr_par' dir='ltr' id='par_1_33' title="bbox 589 3336 2170 3409">
     <span class='ocr_line' id='line_1_33' title="bbox 589 3336 2170 3409; baseline 0 -17"><span class='ocrx_word' id='word_1_221' title='bbox 589 3339 655 3393; x_wconf 92' lang='lat' dir='ltr'><strong>ad</strong></span> <span class='ocrx_word' id='word_1_222' title='bbox 679 3337 940 3409; x_wconf 88' lang='lat' dir='ltr'><strong>juvandas</strong></span> <span class='ocrx_word' id='word_1_223' title='bbox 982 3337 1214 3394; x_wconf 85' lang='lat' dir='ltr'><strong>Orientis</strong></span> <span class='ocrx_word' id='word_1_224' title='bbox 1255 3336 1525 3393; x_wconf 82' lang='lat' dir='ltr'><strong>Ecclesias</strong></span> <span class='ocrx_word' id='word_1_225' title='bbox 1559 3337 1888 3393; x_wconf 85' lang='lat' dir='ltr'><strong>conveniens</strong></span> <span class='ocrx_word' id='word_1_226' title='bbox 1938 3337 2170 3393; x_wconf 92' lang='lat' dir='ltr'><strong>studium</strong></span> 
     </span>
    </p>
   </div>
   <div class='ocr_carea' id='block_1_34' title="bbox 588 3426 2171 3499">
    <p class='ocr_par' dir='ltr' id='par_1_34' title="bbox 588 3426 2171 3499">
     <span class='ocr_line' id='line_1_34' title="bbox 588 3426 2171 3499; baseline 0 -15"><span class='ocrx_word' id='word_1_227' title='bbox 588 3429 863 3486; x_wconf 89' lang='lat' dir='ltr'><strong>adhibeas.</strong></span> <span class='ocrx_word' id='word_1_228' title='bbox 894 3427 1011 3485; x_wconf 88' lang='lat' dir='ltr'><strong>Scis</strong></span> <span class='ocrx_word' id='word_1_229' title='bbox 1053 3426 1196 3483; x_wconf 88' lang='lat' dir='ltr'><strong>enim</strong></span> <span class='ocrx_word' id='word_1_230' title='bbox 1225 3435 1420 3498; x_wconf 85' lang='lat' dir='ltr'><strong>quanta</strong></span> <span class='ocrx_word' id='word_1_231' title='bbox 1450 3427 1520 3482; x_wconf 86' lang='lat' dir='ltr'><strong>sit</strong></span> <span class='ocrx_word' id='word_1_232' title='bbox 1556 3435 1740 3498; x_wconf 74' lang='lat' dir='ltr'><strong>parata</strong></span> <span class='ocrx_word' id='word_1_233' title='bbox 1769 3441 1976 3484; x_wconf 81' lang='lat' dir='ltr'><strong>merces</strong></span> <span class='ocrx_word' id='word_1_234' title='bbox 2009 3428 2060 3483; x_wconf 90' lang='lat' dir='ltr'><strong>ei</strong></span> <span class='ocrx_word' id='word_1_235' title='bbox 2081 3429 2171 3499; x_wconf 91' lang='lat' dir='ltr'><strong>qui</strong></span> 
     </span>
    </p>
   </div>
   <div class='ocr_carea' id='block_1_35' title="bbox 589 3518 2166 3591">
    <p class='ocr_par' dir='ltr' id='par_1_35' title="bbox 589 3518 2166 3591">
     <span class='ocr_line' id='line_1_35' title="bbox 589 3518 2166 3591; baseline -0.002 -13"><span class='ocrx_word' id='word_1_236' title='bbox 589 3520 850 3578; x_wconf 70' lang='lat' dir='ltr'><strong>divesatis</strong></span> <span class='ocrx_word' id='word_1_237' title='bbox 879 3519 1129 3576; x_wconf 83' lang='lat' dir='ltr'><strong>Eccleslis</strong></span> <span class='ocrx_word' id='word_1_238' title='bbox 1147 3533 1368 3573; x_wconf 86' lang='lat' dir='ltr'><strong>manum</strong></span> <span class='ocrx_word' id='word_1_239' title='bbox 1389 3518 1709 3589; x_wconf 76' lang='lat' dir='ltr'><strong>porrexerit,</strong></span> <span class='ocrx_word' id='word_1_240' title='bbox 1736 3527 1790 3574; x_wconf 90' lang='lat' dir='ltr'><strong>et</strong></span> <span class='ocrx_word' id='word_1_241' title='bbox 1816 3528 2015 3574; x_wconf 88' lang='lat' dir='ltr'><strong>tantam</strong></span> <span class='ocrx_word' id='word_1_242' title='bbox 2041 3534 2166 3591; x_wconf 87' lang='lat' dir='ltr'><strong>pro-</strong></span> 
     </span>
    </p>
   </div>
   <div class='ocr_carea' id='block_1_36' title="bbox 585 3611 2172 3683">
    <p class='ocr_par' dir='ltr' id='par_1_36' title="bbox 585 3611 2172 3683">
     <span class='ocr_line' id='line_1_36' title="bbox 585 3611 2172 3683; baseline 0.001 -16"><span class='ocrx_word' id='word_1_243' title='bbox 585 3611 778 3668; x_wconf 81' lang='lat' dir='ltr'><strong>cellam</strong></span> <span class='ocrx_word' id='word_1_244' title='bbox 806 3611 858 3667; x_wconf 89' lang='lat' dir='ltr'><strong>in</strong></span> <span class='ocrx_word' id='word_1_245' title='bbox 887 3612 1320 3683; x_wconf 83' lang='lat' dir='ltr'><strong>tranquillitatem</strong></span> <span class='ocrx_word' id='word_1_246' title='bbox 1346 3613 1690 3680; x_wconf 76' lang='lat' dir='ltr'><strong>converterit,</strong></span> <span class='ocrx_word' id='word_1_247' title='bbox 1720 3628 1782 3669; x_wconf 89' lang='lat' dir='ltr'><strong>ac</strong></span> <span class='ocrx_word' id='word_1_248' title='bbox 1811 3613 2008 3669; x_wconf 90' lang='lat' dir='ltr'><strong>bellum</strong></span> <span class='ocrx_word' id='word_1_249' title='bbox 2040 3614 2172 3670; x_wconf 76' lang='lat' dir='ltr'><strong>adeo</strong></span> 
     </span>
    </p>
   </div>
   <div class='ocr_carea' id='block_1_37' title="bbox 578 3702 2170 3775">
    <p class='ocr_par' dir='ltr' id='par_1_37' title="bbox 578 3702 2170 3775">
     <span class='ocr_line' id='line_1_37' title="bbox 578 3702 2170 3775; baseline 0.001 -16"><span class='ocrx_word' id='word_1_250' title='bbox 578 3719 748 3775; x_wconf 82' lang='lat' dir='ltr'><strong>grave</strong></span> <span class='ocrx_word' id='word_1_251' title='bbox 773 3704 1101 3761; x_wconf 80' lang='lat' dir='ltr'><strong>restinxerit.</strong></span> <span class='ocrx_word' id='word_1_252' title='bbox 1133 3705 1307 3775; x_wconf 84' lang='lat' dir='ltr'><strong>Atque</strong></span> <span class='ocrx_word' id='word_1_253' title='bbox 1346 3702 1413 3760; x_wconf 90' lang='lat' dir='ltr'><strong>ad</strong></span> <span class='ocrx_word' id='word_1_254' title='bbox 1445 3703 1559 3760; x_wconf 69' lang='lat' dir='ltr'><strong>haec</strong></span> <span class='ocrx_word' id='word_1_255' title='bbox 1586 3719 1682 3760; x_wconf 89' lang='lat' dir='ltr'><strong>vos</strong></span> <span class='ocrx_word' id='word_1_256' title='bbox 1709 3705 1988 3761; x_wconf 84' lang='lat' dir='ltr'><strong>hortamur</strong></span> <span class='ocrx_word' id='word_1_257' title='bbox 2011 3747 2027 3772; x_wconf 90' lang='lat'><strong>,</strong></span> <span class='ocrx_word' id='word_1_258' title='bbox 2064 3720 2170 3761; x_wconf 94' lang='lat' dir='ltr'><strong>non</strong></span> 
     </span>
    </p>
   </div>
   <div class='ocr_carea' id='block_1_38' title="bbox 587 3780 2170 3868">
    <p class='ocr_par' dir='ltr' id='par_1_38' title="bbox 587 3780 2170 3868">
     <span class='ocr_line' id='line_1_38' title="bbox 587 3780 2170 3868; baseline 0.001 -18"><span class='ocrx_word' id='word_1_259' title='bbox 587 3795 738 3866; x_wconf 85' lang='lat' dir='ltr'><strong>quasi</strong></span> <span class='ocrx_word' id='word_1_260' title='bbox 762 3794 1128 3852; x_wconf 88' lang='lat' dir='ltr'><strong>admonitione</strong></span> <span class='ocrx_word' id='word_1_261' title='bbox 1154 3807 1335 3852; x_wconf 81' lang='lat' dir='ltr'><strong>nostra</strong></span> <span class='ocrx_word' id='word_1_262' title='bbox 1373 3795 1689 3867; x_wconf 75' lang='lat' dir='ltr'><strong>indigestis;</strong></span> <span class='ocrx_word' id='word_1_263' title='bbox 1719 3780 1980 3868; x_wconf 72' lang='lat' dir='ltr'><strong>siquidem</strong></span> <span class='ocrx_word' id='word_1_264' title='bbox 2016 3808 2170 3852; x_wconf 84' lang='lat' dir='ltr'><strong>ante-</strong></span> 
     </span>
    </p>
   </div>
   <div class='ocr_carea' id='block_1_39' title="bbox 578 3888 2173 3959">
    <p class='ocr_par' dir='ltr' id='par_1_39' title="bbox 578 3888 2173 3959">
     <span class='ocr_line' id='line_1_39' title="bbox 578 3888 2173 3959; baseline 0.003 -19"><span class='ocrx_word' id='word_1_265' title='bbox 578 3901 745 3958; x_wconf 78' lang='lat' dir='ltr'><strong>quam</strong></span> <span class='ocrx_word' id='word_1_266' title='bbox 768 3898 977 3942; x_wconf 88' lang='lat' dir='ltr'><strong>nostras</strong></span> <span class='ocrx_word' id='word_1_267' title='bbox 1001 3889 1184 3942; x_wconf 87' lang='lat' dir='ltr'><strong>literas</strong></span> <span class='ocrx_word' id='word_1_268' title='bbox 1203 3888 1568 3959; x_wconf 85' lang='lat' dir='ltr'><strong>accepissetis,</strong></span> <span class='ocrx_word' id='word_1_269' title='bbox 1599 3903 1718 3958; x_wconf 68' lang='lat' dir='ltr'><strong>quae</strong></span> <span class='ocrx_word' id='word_1_270' title='bbox 1743 3888 1907 3944; x_wconf 88' lang='lat' dir='ltr'><strong>vestri</strong></span> <span class='ocrx_word' id='word_1_271' title='bbox 1936 3890 2173 3945; x_wconf 89' lang='lat' dir='ltr'><strong>muneris</strong></span> 
     </span>
    </p>
   </div>
   <div class='ocr_carea' id='block_1_40' title="bbox 582 3978 2172 4050">
    <p class='ocr_par' dir='ltr' id='par_1_40' title="bbox 582 3978 2172 4050">
     <span class='ocr_line' id='line_1_40' title="bbox 582 3978 2172 4050; baseline 0.001 -16"><span class='ocrx_word' id='word_1_272' title='bbox 582 3987 765 4046; x_wconf 81' lang='lat' dir='ltr'><strong>erant,</strong></span> <span class='ocrx_word' id='word_1_273' title='bbox 811 3979 908 4049; x_wconf 87' lang='lat' dir='ltr'><strong>ipsi</strong></span> <span class='ocrx_word' id='word_1_274' title='bbox 944 3978 1273 4050; x_wconf 71' lang='lat' dir='ltr'><strong>praestitistis</strong></span> <span class='ocrx_word' id='word_1_275' title='bbox 1318 3995 1332 4033; x_wconf 88' lang='lat'><strong>:</strong></span> <span class='ocrx_word' id='word_1_276' title='bbox 1378 3978 1472 4034; x_wconf 89' lang='lat' dir='ltr'><strong>sed</strong></span> <span class='ocrx_word' id='word_1_277' title='bbox 1519 3979 1641 4050; x_wconf 88' lang='lat' dir='ltr'><strong>quia</strong></span> <span class='ocrx_word' id='word_1_278' title='bbox 1691 3979 1925 4034; x_wconf 90' lang='lat' dir='ltr'><strong>nondum</strong></span> <span class='ocrx_word' id='word_1_279' title='bbox 1966 3981 2172 4035; x_wconf 92' lang='lat' dir='ltr'><strong>sublata</strong></span> 
     </span>
    </p>
   </div>
   <div class='ocr_carea' id='block_1_41' title="bbox 583 4069 2168 4142">
    <p class='ocr_par' dir='ltr' id='par_1_41' title="bbox 583 4069 2168 4142">
     <span class='ocr_line' id='line_1_41' title="bbox 583 4069 2168 4142; baseline 0.001 -15"><span class='ocrx_word' id='word_1_280' title='bbox 583 4079 711 4128; x_wconf 84' lang='lat' dir='ltr'><strong>sunt</strong></span> <span class='ocrx_word' id='word_1_281' title='bbox 737 4071 895 4137; x_wconf 86' lang='lat' dir='ltr'><strong>mala,</strong></span> <span class='ocrx_word' id='word_1_282' title='bbox 928 4069 1024 4126; x_wconf 89' lang='lat' dir='ltr'><strong>sed</strong></span> <span class='ocrx_word' id='word_1_283' title='bbox 1050 4069 1222 4124; x_wconf 88' lang='lat' dir='ltr'><strong>adhuc</strong></span> <span class='ocrx_word' id='word_1_284' title='bbox 1256 4069 1436 4142; x_wconf 83' lang='lat' dir='ltr'><strong>vigent</strong></span> <span class='ocrx_word' id='word_1_285' title='bbox 1472 4080 1766 4142; x_wconf 76' lang='lat' dir='ltr'><strong>et-urgent,</strong></span> <span class='ocrx_word' id='word_1_286' title='bbox 1795 4086 2008 4127; x_wconf 83' lang='lat' dir='ltr'><strong>oramus</strong></span> <span class='ocrx_word' id='word_1_287' title='bbox 2034 4088 2129 4129; x_wconf 89' lang='lat' dir='ltr'><strong>vos</strong></span> <span class='ocrx_word' id='word_1_288' title='bbox 2153 4116 2168 4140; x_wconf 93' lang='lat'><strong>,</strong></span> 
     </span>
    </p>
   </div>
   <div class='ocr_carea' id='block_1_42' title="bbox 588 4159 2171 4231">
    <p class='ocr_par' dir='ltr' id='par_1_42' title="bbox 588 4159 2171 4231">
     <span class='ocr_line' id='line_1_42' title="bbox 588 4159 2171 4231; baseline 0.003 -15"><span class='ocrx_word' id='word_1_289' title='bbox 588 4171 646 4216; x_wconf 86' lang='lat' dir='ltr'><strong>ut</strong></span> <span class='ocrx_word' id='word_1_290' title='bbox 685 4176 753 4217; x_wconf 91' lang='lat' dir='ltr'><strong>ne</strong></span> <span class='ocrx_word' id='word_1_291' title='bbox 795 4162 975 4217; x_wconf 87' lang='lat' dir='ltr'><strong>animo</strong></span> <span class='ocrx_word' id='word_1_292' title='bbox 1021 4159 1351 4226; x_wconf 87' lang='lat' dir='ltr'><strong>concidatis,</strong></span> <span class='ocrx_word' id='word_1_293' title='bbox 1395 4175 1569 4231; x_wconf 89' lang='lat' dir='ltr'><strong>neque</strong></span> <span class='ocrx_word' id='word_1_294' title='bbox 1605 4162 1758 4217; x_wconf 90' lang='lat' dir='ltr'><strong>malis</strong></span> <span class='ocrx_word' id='word_1_295' title='bbox 1794 4162 2035 4230; x_wconf 88' lang='lat' dir='ltr'><strong>cedatis,</strong></span> <span class='ocrx_word' id='word_1_296' title='bbox 2075 4165 2171 4220; x_wconf 88' lang='lat' dir='ltr'><strong>sed</strong></span> 
     </span>
    </p>
   </div>
   <div class='ocr_carea' id='block_1_43' title="bbox 585 4251 2171 4324">
    <p class='ocr_par' dir='ltr' id='par_1_43' title="bbox 585 4251 2171 4324">
     <span class='ocr_line' id='line_1_43' title="bbox 585 4251 2171 4324; baseline 0.001 -16"><span class='ocrx_word' id='word_1_297' title='bbox 585 4251 836 4323; x_wconf 84' lang='lat' dir='ltr'><strong>quamdiu</strong></span> <span class='ocrx_word' id='word_1_298' title='bbox 867 4260 1084 4308; x_wconf 79' lang='lat' dir='ltr'><strong>manent</strong></span> <span class='ocrx_word' id='word_1_299' title='bbox 1111 4251 1290 4307; x_wconf 81' lang='lat' dir='ltr'><strong>ulcera</strong></span> <span class='ocrx_word' id='word_1_300' title='bbox 1308 4293 1322 4316; x_wconf 91' lang='lat'><strong>,</strong></span> <span class='ocrx_word' id='word_1_301' title='bbox 1350 4251 1542 4322; x_wconf 88' lang='lat' dir='ltr'><strong>quibus</strong></span> <span class='ocrx_word' id='word_1_302' title='bbox 1582 4252 1838 4309; x_wconf 73' lang='lat' dir='ltr'><strong>Ecclesiae</strong></span> <span class='ocrx_word' id='word_1_303' title='bbox 1865 4269 2059 4324; x_wconf 89' lang='lat' dir='ltr'><strong>corpus</strong></span> <span class='ocrx_word' id='word_1_304' title='bbox 2088 4254 2171 4309; x_wconf 87' lang='lat' dir='ltr'><strong>al-</strong></span> 
     </span>
    </p>
   </div>
   <div class='ocr_carea' id='block_1_44' title="bbox 588 4344 2171 4416">
    <p class='ocr_par' dir='ltr' id='par_1_44' title="bbox 588 4344 2171 4416">
     <span class='ocr_line' id='line_1_44' title="bbox 588 4344 2171 4416; baseline 0.001 -15"><span class='ocrx_word' id='word_1_305' title='bbox 588 4345 804 4416; x_wconf 85' lang='lat' dir='ltr'><strong>lligitur,</strong></span> <span class='ocrx_word' id='word_1_306' title='bbox 832 4353 1006 4401; x_wconf 83' lang='lat' dir='ltr'><strong>vesn-a</strong></span> <span class='ocrx_word' id='word_1_307' title='bbox 1032 4345 1418 4400; x_wconf 88' lang='lat' dir='ltr'><strong>medicamenta</strong></span> <span class='ocrx_word' id='word_1_308' title='bbox 1447 4344 1764 4401; x_wconf 83' lang='lat' dir='ltr'><strong>adhibeatis.</strong></span> <span class='ocrx_word' id='word_1_309' title='bbox 1788 4346 1999 4415; x_wconf 85' lang='lat' dir='ltr'><strong>Quanto</strong></span> <span class='ocrx_word' id='word_1_310' title='bbox 2028 4347 2171 4402; x_wconf 89' lang='lat' dir='ltr'><strong>enim</strong></span> 
     </span>
    </p>
   </div>
   <div class='ocr_carea' id='block_1_45' title="bbox 589 4435 2174 4506">
    <p class='ocr_par' dir='ltr' id='par_1_45' title="bbox 589 4435 2174 4506">
     <span class='ocr_line' id='line_1_45' title="bbox 589 4435 2174 4506; baseline 0.002 -15"><span class='ocrx_word' id='word_1_311' title='bbox 589 4435 830 4506; x_wconf 85' lang='lat' dir='ltr'><strong>pluribus</strong></span> <span class='ocrx_word' id='word_1_312' title='bbox 854 4450 974 4491; x_wconf 91' lang='lat' dir='ltr'><strong>cum</strong></span> <span class='ocrx_word' id='word_1_313' title='bbox 997 4435 1268 4490; x_wconf 85' lang='lat' dir='ltr'><strong>laboribus</strong></span> <span class='ocrx_word' id='word_1_314' title='bbox 1296 4451 1388 4491; x_wconf 89' lang='lat' dir='ltr'><strong>res</strong></span> <span class='ocrx_word' id='word_1_315' title='bbox 1403 4447 1681 4506; x_wconf 87' lang='lat' dir='ltr'><strong>geruntur,</strong></span> <span class='ocrx_word' id='word_1_316' title='bbox 1709 4446 1855 4494; x_wconf 92' lang='lat' dir='ltr'><strong>tanto</strong></span> <span class='ocrx_word' id='word_1_317' title='bbox 1885 4439 2035 4496; x_wconf 86' lang='lat' dir='ltr'><strong>vobis</strong></span> <span class='ocrx_word' id='word_1_318' title='bbox 2061 4455 2174 4496; x_wconf 89' lang='lat' dir='ltr'><strong>am-</strong></span> 
     </span>
    </p>
   </div>
   <div class='ocr_carea' id='block_1_46' title="bbox 591 4525 1558 4596">
    <p class='ocr_par' dir='ltr' id='par_1_46' title="bbox 591 4525 1558 4596">
     <span class='ocr_line' id='line_1_46' title="bbox 591 4525 1558 4596; baseline 0 -15"><span class='ocrx_word' id='word_1_319' title='bbox 591 4527 729 4596; x_wconf 84' lang='lat' dir='ltr'><strong>plior</strong></span> <span class='ocrx_word' id='word_1_320' title='bbox 755 4525 917 4581; x_wconf 87' lang='lat' dir='ltr'><strong>etiam</strong></span> <span class='ocrx_word' id='word_1_321' title='bbox 945 4540 1155 4582; x_wconf 87' lang='lat' dir='ltr'><strong>merces</strong></span> <span class='ocrx_word' id='word_1_322' title='bbox 1182 4527 1558 4582; x_wconf 70' lang='lat' dir='ltr'><strong>cmistituetur.</strong></span> 
     </span>
    </p>
   </div>
   <div class='ocr_carea' id='block_1_47' title="bbox 586 4658 2178 4738">
    <p class='ocr_par' dir='ltr' id='par_1_47' title="bbox 586 4658 2178 4738">
     <span class='ocr_line' id='line_1_47' title="bbox 586 4658 2178 4738; baseline 0.006 -22"><span class='ocrx_word' id='word_1_323' title='bbox 586 4658 865 4716; x_wconf 76' lang='lat' dir='ltr'><strong>CLXXXI</strong></span> <span class='ocrx_word' id='word_1_324' title='bbox 882 4658 942 4714; x_wconf 83' lang='grc' dir='ltr'><strong>ν.</strong></span> <span class='ocrx_word' id='word_1_325' title='bbox 961 4659 1246 4716; x_wconf 72' lang='lat' dir='ltr'><strong>Gaudentio</strong></span> <span class='ocrx_word' id='word_1_326' title='bbox 1264 4662 1499 4732; x_wconf 77' lang='lat' dir='ltr'><strong>episcopo</strong></span> <span class='ocrx_word' id='word_1_327' title='bbox 1510 4658 1754 4717; x_wconf 74' lang='lat' dir='ltr'><strong>Brixiano</strong></span> <span class='ocrx_word' id='word_1_328' title='bbox 1774 4664 1873 4736; x_wconf 73' lang='grc' dir='ltr'><strong>(ὁ).</strong></span> <span class='ocrx_word' id='word_1_329' title='bbox 1902 4666 2099 4738; x_wconf 77' lang='lat' dir='ltr'><strong>(Anno,</strong></span> <span class='ocrx_word' id='word_1_330' title='bbox 2120 4681 2178 4726; x_wconf 89' lang='lat' dir='ltr'><strong>ut</strong></span> 
     </span>
    </p>
   </div>
   <div class='ocr_carea' id='block_1_48' title="bbox 1190 4754 1605 4825">
    <p class='ocr_par' dir='ltr' id='par_1_48' title="bbox 1190 4754 1605 4825">
     <span class='ocr_line' id='line_1_48' title="bbox 1190 4754 1605 4825; baseline 0.002 -18"><span class='ocrx_word' id='word_1_331' title='bbox 1190 4761 1422 4823; x_wconf 86' lang='lat' dir='ltr'><strong>putatur,</strong></span> <span class='ocrx_word' id='word_1_332' title='bbox 1453 4754 1605 4825; x_wconf 67' lang='lat'><strong>406.)</strong></span> 
     </span>
    </p>
   </div>
   <div class='ocr_carea' id='block_1_49' title="bbox 658 4885 2176 4966">
    <p class='ocr_par' dir='ltr' id='par_1_49' title="bbox 658 4885 2176 4966">
     <span class='ocr_line' id='line_1_49' title="bbox 658 4885 2176 4966; baseline 0.009 -26"><span class='ocrx_word' id='word_1_333' title='bbox 658 4885 800 4941; x_wconf 83' lang='lat' dir='ltr'><strong>Nihil</strong></span> <span class='ocrx_word' id='word_1_334' title='bbox 826 4901 926 4942; x_wconf 91' lang='lat' dir='ltr'><strong>nos</strong></span> <span class='ocrx_word' id='word_1_335' title='bbox 959 4887 1090 4943; x_wconf 88' lang='lat' dir='ltr'><strong>latet</strong></span> <span class='ocrx_word' id='word_1_336' title='bbox 1117 4903 1296 4944; x_wconf 90' lang='lat' dir='ltr'><strong>rerum</strong></span> <span class='ocrx_word' id='word_1_337' title='bbox 1331 4897 1564 4957; x_wconf 89' lang='lat' dir='ltr'><strong>tuarum,</strong></span> <span class='ocrx_word' id='word_1_338' title='bbox 1596 4889 1692 4945; x_wconf 90' lang='lat' dir='ltr'><strong>sed</strong></span> <span class='ocrx_word' id='word_1_339' title='bbox 1734 4900 1999 4964; x_wconf 86' lang='lat' dir='ltr'><strong>tamquam</strong></span> <span class='ocrx_word' id='word_1_340' title='bbox 2042 4912 2176 4966; x_wconf 78' lang='lat' dir='ltr'><strong>pra:-</strong></span> 
     </span>
    </p>
   </div>
   <div class='ocr_carea' id='block_1_50' title="bbox 588 4977 2169 5056">
    <p class='ocr_par' dir='ltr' id='par_1_50' title="bbox 588 4977 2169 5056">
     <span class='ocr_line' id='line_1_50' title="bbox 588 4977 2169 5056; baseline 0.007 -23"><span class='ocrx_word' id='word_1_341' title='bbox 588 4987 771 5033; x_wconf 87' lang='lat' dir='ltr'><strong>sentes</strong></span> <span class='ocrx_word' id='word_1_342' title='bbox 811 4977 978 5047; x_wconf 89' lang='lat' dir='ltr'><strong>probe</strong></span> <span class='ocrx_word' id='word_1_343' title='bbox 1017 4978 1269 5034; x_wconf 88' lang='lat' dir='ltr'><strong>novimus</strong></span> <span class='ocrx_word' id='word_1_344' title='bbox 1310 4980 1542 5035; x_wconf 89' lang='lat' dir='ltr'><strong>studium</strong></span> <span class='ocrx_word' id='word_1_345' title='bbox 1587 4991 1770 5046; x_wconf 89' lang='lat' dir='ltr'><strong>tuum,</strong></span> <span class='ocrx_word' id='word_1_346' title='bbox 1823 4985 2169 5056; x_wconf 80' lang='lat' dir='ltr'><strong>vigilantiam,</strong></span> 
     </span>
    </p>
   </div>
   <div class='ocr_carea' id='block_1_51' title="bbox 591 5071 2174 5152">
    <p class='ocr_par' dir='ltr' id='par_1_51' title="bbox 591 5071 2174 5152">
     <span class='ocr_line' id='line_1_51' title="bbox 591 5071 2174 5152; baseline 0.007 -26"><span class='ocrx_word' id='word_1_347' title='bbox 591 5086 770 5138; x_wconf 79' lang='lat' dir='ltr'><strong>curas,</strong></span> <span class='ocrx_word' id='word_1_348' title='bbox 803 5071 1013 5126; x_wconf 87' lang='lat' dir='ltr'><strong>labores</strong></span> <span class='ocrx_word' id='word_1_349' title='bbox 1055 5085 1190 5140; x_wconf 91' lang='lat' dir='ltr'><strong>quos</strong></span> <span class='ocrx_word' id='word_1_350' title='bbox 1232 5087 1330 5141; x_wconf 91' lang='lat' dir='ltr'><strong>pro</strong></span> <span class='ocrx_word' id='word_1_351' title='bbox 1367 5075 1593 5130; x_wconf 89' lang='lat' dir='ltr'><strong>veritate</strong></span> <span class='ocrx_word' id='word_1_352' title='bbox 1639 5077 1945 5146; x_wconf 75' lang='lat' dir='ltr'><strong>suscepisti,</strong></span> <span class='ocrx_word' id='word_1_353' title='bbox 1976 5080 2174 5152; x_wconf 91' lang='lat' dir='ltr'><strong>tibique</strong></span> 
     </span>
    </p>
   </div>
   <div class='ocr_carea' id='block_1_52' title="bbox 595 5164 2172 5236">
    <p class='ocr_par' dir='ltr' id='par_1_52' title="bbox 595 5164 2172 5236">
     <span class='ocr_line' id='line_1_52' title="bbox 595 5164 2172 5236; baseline 0.008 -18"><span class='ocrx_word' id='word_1_354' title='bbox 595 5166 839 5235; x_wconf 82' lang='lat' dir='ltr'><strong>ingentes</strong></span> <span class='ocrx_word' id='word_1_355' title='bbox 861 5164 1061 5235; x_wconf 86' lang='lat' dir='ltr'><strong>gratias</strong></span> <span class='ocrx_word' id='word_1_356' title='bbox 1081 5165 1301 5234; x_wconf 85' lang='lat' dir='ltr'><strong>agimus</strong></span> <span class='ocrx_word' id='word_1_357' title='bbox 1331 5183 1343 5216; x_wconf 92' lang='lat'><strong>:</strong></span> <span class='ocrx_word' id='word_1_358' title='bbox 1384 5181 1558 5236; x_wconf 90' lang='lat' dir='ltr'><strong>neque</strong></span> <span class='ocrx_word' id='word_1_359' title='bbox 1596 5168 1919 5225; x_wconf 90' lang='lat' dir='ltr'><strong>mediocrem</strong></span> <span class='ocrx_word' id='word_1_360' title='bbox 1950 5173 2001 5227; x_wconf 90' lang='lat' dir='ltr'><strong>in</strong></span> <span class='ocrx_word' id='word_1_361' title='bbox 2031 5182 2172 5230; x_wconf 82' lang='lat' dir='ltr'><strong>tanta</strong></span> 
     </span>
    </p>
   </div>
   <div class='ocr_carea' id='block_1_53' title="bbox 591 5256 2173 5329">
    <p class='ocr_par' dir='ltr' id='par_1_53' title="bbox 591 5256 2173 5329">
     <span class='ocr_line' id='line_1_53' title="bbox 591 5256 2173 5329; baseline 0.007 -16"><span class='ocrx_word' id='word_1_362' title='bbox 591 5258 849 5329; x_wconf 84' lang='lat' dir='ltr'><strong>degentes</strong></span> <span class='ocrx_word' id='word_1_363' title='bbox 875 5256 1162 5313; x_wconf 86' lang='lat' dir='ltr'><strong>solitudine</strong></span> <span class='ocrx_word' id='word_1_364' title='bbox 1189 5259 1608 5315; x_wconf 88' lang='lat' dir='ltr'><strong>consolationem</strong></span> <span class='ocrx_word' id='word_1_365' title='bbox 1657 5260 1935 5320; x_wconf 86' lang='lat' dir='ltr'><strong>haurimus</strong></span> <span class='ocrx_word' id='word_1_366' title='bbox 1972 5283 2035 5321; x_wconf 86' lang='lat' dir='ltr'><strong>ex</strong></span> <span class='ocrx_word' id='word_1_367' title='bbox 2070 5277 2173 5324; x_wconf 76' lang='lat' dir='ltr'><strong>tua:</strong></span> 
     </span>
    </p>
   </div>
   <div class='ocr_carea' id='block_1_54' title="bbox 589 5339 2171 5429">
    <p class='ocr_par' dir='ltr' id='par_1_54' title="bbox 589 5339 2171 5429">
     <span class='ocr_line' id='line_1_54' title="bbox 589 5339 2171 5429; baseline 0.009 -29"><span class='ocrx_word' id='word_1_368' title='bbox 589 5349 829 5402; x_wconf 84' lang='lat' dir='ltr'><strong>caritatis</strong></span> <span class='ocrx_word' id='word_1_369' title='bbox 851 5346 1044 5402; x_wconf 88' lang='lat' dir='ltr'><strong>ardore</strong></span> <span class='ocrx_word' id='word_1_370' title='bbox 1077 5362 1141 5401; x_wconf 91' lang='lat' dir='ltr'><strong>ac</strong></span> <span class='ocrx_word' id='word_1_371' title='bbox 1183 5339 1508 5417; x_wconf 66' lang='lat' dir='ltr'><strong>sinceritate,</strong></span> <span class='ocrx_word' id='word_1_372' title='bbox 1549 5352 1720 5422; x_wconf 87' lang='lat' dir='ltr'><strong>cujus,</strong></span> <span class='ocrx_word' id='word_1_373' title='bbox 1747 5353 1873 5408; x_wconf 89' lang='lat' dir='ltr'><strong>dum</strong></span> <span class='ocrx_word' id='word_1_374' title='bbox 1916 5357 2001 5412; x_wconf 89' lang='lat' dir='ltr'><strong>hic</strong></span> <span class='ocrx_word' id='word_1_375' title='bbox 2030 5361 2171 5429; x_wconf 84' lang='lat' dir='ltr'><strong>peri-</strong></span> 
     </span>
    </p>
   </div>
   <div class='ocr_carea' id='block_1_55' title="bbox 576 5437 2172 5520">
    <p class='ocr_par' dir='ltr' id='par_1_55' title="bbox 576 5437 2172 5520">
     <span class='ocr_line' id='line_1_55' title="bbox 576 5437 2172 5520; baseline 0.008 -25"><span class='ocrx_word' id='word_1_376' title='bbox 576 5440 765 5495; x_wconf 84' lang='lat' dir='ltr'><strong>.rnlum</strong></span> <span class='ocrx_word' id='word_1_377' title='bbox 813 5437 1065 5504; x_wconf 87' lang='lat' dir='ltr'><strong>fecimus,</strong></span> <span class='ocrx_word' id='word_1_378' title='bbox 1099 5439 1218 5494; x_wconf 90' lang='lat' dir='ltr'><strong>istie</strong></span> <span class='ocrx_word' id='word_1_379' title='bbox 1261 5455 1475 5511; x_wconf 88' lang='lat' dir='ltr'><strong>quoque</strong></span> <span class='ocrx_word' id='word_1_380' title='bbox 1506 5445 1764 5514; x_wconf 83' lang='lat' dir='ltr'><strong>integram</strong></span> <span class='ocrx_word' id='word_1_381' title='bbox 1814 5445 1958 5502; x_wconf 88' lang='lat' dir='ltr'><strong>illam</strong></span> <span class='ocrx_word' id='word_1_382' title='bbox 1998 5450 2172 5520; x_wconf 91' lang='lat' dir='ltr'><strong>vigere</strong></span> 
     </span>
    </p>
   </div>
   <div class='ocr_carea' id='block_1_56' title="bbox 653 5549 2142 5619">
    <p class='ocr_par' dir='ltr' id='par_1_56' title="bbox 653 5549 2142 5619">
     <span class='ocr_line' id='line_1_56' title="bbox 653 5549 2142 5619; baseline 0.013 -22"><span class='ocrx_word' id='word_1_383' title='bbox 653 5549 725 5617; x_wconf 70' lang='grc' dir='ltr'><strong>(ο)</strong></span> <span class='ocrx_word' id='word_1_384' title='bbox 763 5550 1023 5619; x_wconf 78' lang='lat' dir='ltr'><strong>Hesychius</strong></span> <span class='ocrx_word' id='word_1_385' title='bbox 1059 5549 1339 5619; x_wconf 83' lang='lat' dir='ltr'><strong>Salonensis</strong></span> <span class='ocrx_word' id='word_1_386' title='bbox 1377 5555 1632 5619; x_wconf 75' lang='lat' dir='ltr'><strong>episcopus</strong></span> <span class='ocrx_word' id='word_1_387' title='bbox 1669 5555 1755 5608; x_wconf 86' lang='lat' dir='ltr'><strong>ille</strong></span> <span class='ocrx_word' id='word_1_388' title='bbox 1796 5567 1991 5619; x_wconf 85' lang='lat' dir='ltr'><strong>putatur</strong></span> <span class='ocrx_word' id='word_1_389' title='bbox 2028 5576 2142 5616; x_wconf 89' lang='lat' dir='ltr'><strong>esse</strong></span> 
     </span>
    </p>
   </div>
   <div class='ocr_carea' id='block_1_57' title="bbox 592 5604 2169 5686">
    <p class='ocr_par' dir='ltr' id='par_1_57' title="bbox 592 5604 2169 5686">
     <span class='ocr_line' id='line_1_57' title="bbox 592 5604 2169 5686; baseline -0.002 -19"><span class='ocrx_word' id='word_1_390' title='bbox 592 5604 1680 5686; x_wconf 47' lang='lat' dir='ltr'><strong>nugigsggsezwpqmusgnceymm;</strong></span> <span class='ocrx_word' id='word_1_391' title='bbox 1733 5604 1750 5608; x_wconf 68' lang='lat'><strong>&#39;</strong></span> <span class='ocrx_word' id='word_1_392' title='bbox 2030 5604 2169 5629; x_wconf 56' lang='grc' dir='ltr'><strong>*πη</strong></span> 
     </span>
    </p>
   </div>
   <div class='ocr_carea' id='block_1_58' title="bbox 594 5671 2172 5785">
    <p class='ocr_par' dir='ltr' id='par_1_58' title="bbox 594 5671 2172 5785">
     <span class='ocr_line' id='line_1_58' title="bbox 655 5671 2172 5744; baseline 0.011 -24"><span class='ocrx_word' id='word_1_393' title='bbox 655 5671 731 5733; x_wconf 76' lang='lat' dir='ltr'><strong>(b)</strong></span> <span class='ocrx_word' id='word_1_394' title='bbox 754 5673 1006 5723; x_wconf 82' lang='lat' dir='ltr'><strong>Gaudentii</strong></span> <span class='ocrx_word' id='word_1_395' title='bbox 1030 5675 1236 5725; x_wconf 81' lang='lat' dir='ltr'><strong>Brixiani</strong></span> <span class='ocrx_word' id='word_1_396' title='bbox 1259 5676 1472 5741; x_wconf 83' lang='lat' dir='ltr'><strong>episcopi</strong></span> <span class='ocrx_word' id='word_1_397' title='bbox 1493 5685 1685 5729; x_wconf 78' lang='lat' dir='ltr'><strong>exstant</strong></span> <span class='ocrx_word' id='word_1_398' title='bbox 1705 5693 1960 5735; x_wconf 87' lang='lat' dir='ltr'><strong>sermones</strong></span> <span class='ocrx_word' id='word_1_399' title='bbox 1981 5687 2029 5739; x_wconf 83' lang='lat' dir='ltr'><strong>in</strong></span> <span class='ocrx_word' id='word_1_400' title='bbox 2053 5696 2172 5744; x_wconf 76' lang='lat' dir='ltr'><strong>Exo-</strong></span> 
     </span>
     <span class='ocr_line' id='line_1_59' title="bbox 594 5732 2070 5785; baseline 0 -3"><span class='ocrx_word' id='word_1_401' title='bbox 594 5732 707 5784; x_wconf 81' lang='lat' dir='ltr'><strong>dum</strong></span> <span class='ocrx_word' id='word_1_402' title='bbox 731 5740 782 5785; x_wconf 85' lang='lat' dir='ltr'><strong>et</strong></span> <span class='ocrx_word' id='word_1_403' title='bbox 804 5736 854 5785; x_wconf 83' lang='lat' dir='ltr'><strong>lu</strong></span> <span class='ocrx_word' id='word_1_404' title='bbox 876 5734 1153 5785; x_wconf 71' lang='lat' dir='ltr'><strong>amella.</strong></span> <span class='ocrx_word' id='word_1_405' title='bbox 1177 5744 1325 5785; x_wconf 86' lang='lat' dir='ltr'><strong>atoue</strong></span> <span class='ocrx_word' id='word_1_406' title='bbox 1347 5737 1442 5785; x_wconf 74' lang='lat' dir='ltr'><strong>alh</strong></span> <span class='ocrx_word' id='word_1_407' title='bbox 1463 5739 1683 5785; x_wconf 65' lang='lat' dir='ltr'><strong>matiam</strong></span> <span class='ocrx_word' id='word_1_408' title='bbox 1704 5745 1949 5785; x_wconf 45' lang='lat' dir='ltr'><strong>animus</strong></span> <span class='ocrx_word' id='word_1_409' title='bbox 2061 5772 2070 5781; x_wconf 95' lang='lat'><strong>.</strong></span> 
     </span>
    </p>
   </div>
   <div class='ocr_carea' id='block_1_59' title="bbox 912 5734 1950 5807">
    <p class='ocr_par' dir='ltr' id='par_1_59' title="bbox 912 5734 1950 5807">
     <span class='ocr_line' id='line_1_60' title="bbox 912 5734 1950 5807; baseline 0.013 -23"><span class='ocrx_word' id='word_1_410' title='bbox 912 5734 1153 5801; x_wconf 77' lang='lat' dir='ltr'><strong>rangelia,</strong></span> <span class='ocrx_word' id='word_1_411' title='bbox 1177 5734 1325 5801; x_wconf 79' lang='lat' dir='ltr'><strong>atque</strong></span> <span class='ocrx_word' id='word_1_412' title='bbox 1347 5734 1442 5790; x_wconf 78' lang='lat' dir='ltr'><strong>alla&#39;</strong></span> <span class='ocrx_word' id='word_1_413' title='bbox 1463 5739 1684 5804; x_wconf 68' lang='lat' dir='ltr'><strong>(praedam</strong></span> <span class='ocrx_word' id='word_1_414' title='bbox 1704 5734 1950 5807; x_wconf 78' lang='lat' dir='ltr'><strong>opuscula.</strong></span> 
     </span>
    </p>
   </div>
   <div class='ocr_carea' id='block_1_60' title="bbox 1331 279 3155 357">
    <p class='ocr_par' dir='ltr' id='par_1_60' title="bbox 1331 279 3155 357">
     <span class='ocr_line' id='line_1_61' title="bbox 1331 279 3155 357; baseline -0.001 -8"><span class='ocrx_word' id='word_1_415' title='bbox 1331 294 1389 350; x_wconf 83' lang='lat' dir='ltr'><strong>S.</strong></span> <span class='ocrx_word' id='word_1_416' title='bbox 1431 286 1707 357; x_wconf 73' lang='lat' dir='ltr'><strong>lOANNlS</strong></span> <span class='ocrx_word' id='word_1_417' title='bbox 1743 281 2216 348; x_wconf 68' lang='lat' dir='ltr'><strong>CIIRYSOSTOHI</strong></span> <span class='ocrx_word' id='word_1_418' title='bbox 2254 279 2572 350; x_wconf 71' lang='lat' dir='ltr'><strong>ARCHIEP.</strong></span> <span class='ocrx_word' id='word_1_419' title='bbox 2611 289 3155 356; x_wconf 79' lang='lat' dir='ltr'><strong>CONSTANTINOP.</strong></span> 
     </span>
    </p>
   </div>
   <div class='ocr_carea' id='block_1_61' title="bbox 3781 290 3878 346">
    <p class='ocr_par' dir='ltr' id='par_1_61' title="bbox 3781 290 3878 346">
     <span class='ocr_line' id='line_1_62' title="bbox 3781 290 3878 346; baseline 0.041 -4"><span class='ocrx_word' id='word_1_420' title='bbox 3781 290 3878 346; x_wconf 85' lang='lat' dir='ltr'><strong>7l6</strong></span> 
     </span>
    </p>
   </div>
   <div class='ocr_carea' id='block_1_62' title="bbox 2295 400 3870 482">
    <p class='ocr_par' dir='ltr' id='par_1_62' title="bbox 2295 400 3870 482">
     <span class='ocr_line' id='line_1_63' title="bbox 2295 400 3870 482; baseline 0.006 -22"><span class='ocrx_word' id='word_1_421' title='bbox 2295 407 2663 477; x_wconf 84' lang='lat' dir='ltr'><strong>cognovimus,</strong></span> <span class='ocrx_word' id='word_1_422' title='bbox 2691 421 2792 464; x_wconf 87' lang='lat' dir='ltr'><strong>nec</strong></span> <span class='ocrx_word' id='word_1_423' title='bbox 2812 400 2924 464; x_wconf 68' lang='lat' dir='ltr'><strong>&#39;u&#39;llo</strong></span> <span class='ocrx_word' id='word_1_424' title='bbox 2941 409 3105 464; x_wconf 86' lang='lat' dir='ltr'><strong>modo</strong></span> <span class='ocrx_word' id='word_1_425' title='bbox 3123 413 3216 465; x_wconf 85' lang='lat' dir='ltr'><strong>aut</strong></span> <span class='ocrx_word' id='word_1_426' title='bbox 3237 413 3494 482; x_wconf 87' lang='lat' dir='ltr'><strong>temporis</strong></span> <span class='ocrx_word' id='word_1_427' title='bbox 3514 411 3870 472; x_wconf 76' lang='lat' dir='ltr'><strong>diuturnitate</strong></span> 
     </span>
    </p>
   </div>
   <div class='ocr_carea' id='block_1_63' title="bbox 2291 498 3883 575">
    <p class='ocr_par' dir='ltr' id='par_1_63' title="bbox 2291 498 3883 575">
     <span class='ocr_line' id='line_1_64' title="bbox 2291 498 3883 575; baseline 0.006 -23"><span class='ocrx_word' id='word_1_428' title='bbox 2291 506 2384 553; x_wconf 88' lang='lat' dir='ltr'><strong>aut</strong></span> <span class='ocrx_word' id='word_1_429' title='bbox 2427 498 2634 554; x_wconf 87' lang='lat' dir='ltr'><strong>itineris</strong></span> <span class='ocrx_word' id='word_1_430' title='bbox 2677 499 3004 571; x_wconf 88' lang='lat' dir='ltr'><strong>longitudine</strong></span> <span class='ocrx_word' id='word_1_431' title='bbox 3030 502 3359 559; x_wconf 87' lang='lat' dir='ltr'><strong>debilitatam</strong></span> <span class='ocrx_word' id='word_1_432' title='bbox 3399 503 3583 561; x_wconf 88' lang='lat' dir='ltr'><strong>fuisse.</strong></span> <span class='ocrx_word' id='word_1_433' title='bbox 3631 505 3756 575; x_wconf 79' lang='lat' dir='ltr'><strong>Quo</strong></span> <span class='ocrx_word' id='word_1_434' title='bbox 3790 520 3883 562; x_wconf 84' lang='lat' dir='ltr'><strong>no-</strong></span> 
     </span>
    </p>
   </div>
   <div class='ocr_carea' id='block_1_64' title="bbox 2296 587 3884 665">
    <p class='ocr_par' dir='ltr' id='par_1_64' title="bbox 2296 587 3884 665">
     <span class='ocr_line' id='line_1_65' title="bbox 2296 587 3884 665; baseline 0.007 -23"><span class='ocrx_word' id='word_1_435' title='bbox 2296 587 2440 642; x_wconf 89' lang='lat' dir='ltr'><strong>mine</strong></span> <span class='ocrx_word' id='word_1_436' title='bbox 2466 589 2687 646; x_wconf 88' lang='lat' dir='ltr'><strong>multam</strong></span> <span class='ocrx_word' id='word_1_437' title='bbox 2715 590 2808 645; x_wconf 89' lang='lat' dir='ltr'><strong>tibi</strong></span> <span class='ocrx_word' id='word_1_438' title='bbox 2835 593 3060 661; x_wconf 88' lang='lat' dir='ltr'><strong>gratiam</strong></span> <span class='ocrx_word' id='word_1_439' title='bbox 3082 591 3368 658; x_wconf 80' lang='lat' dir='ltr'><strong>habemus,</strong></span> <span class='ocrx_word' id='word_1_440' title='bbox 3398 603 3555 665; x_wconf 86' lang='lat' dir='ltr'><strong>teque</strong></span> <span class='ocrx_word' id='word_1_441' title='bbox 3581 595 3884 665; x_wconf 73' lang='lat' dir='ltr'><strong>hortamur,</strong></span> 
     </span>
    </p>
   </div>
   <div class='ocr_carea' id='block_1_65' title="bbox 2291 681 3885 758">
    <p class='ocr_par' dir='ltr' id='par_1_65' title="bbox 2291 681 3885 758">
     <span class='ocr_line' id='line_1_66' title="bbox 2291 681 3885 758; baseline 0.006 -23"><span class='ocrx_word' id='word_1_442' title='bbox 2291 690 2351 734; x_wconf 92' lang='lat' dir='ltr'><strong>ut</strong></span> <span class='ocrx_word' id='word_1_443' title='bbox 2407 681 2462 736; x_wconf 91' lang='lat' dir='ltr'><strong>in</strong></span> <span class='ocrx_word' id='word_1_444' title='bbox 2518 681 2760 738; x_wconf 91' lang='lat' dir='ltr'><strong>instituto</strong></span> <span class='ocrx_word' id='word_1_445' title='bbox 2797 698 3020 754; x_wconf 84' lang='lat' dir='ltr'><strong>pergas,</strong></span> <span class='ocrx_word' id='word_1_446' title='bbox 3079 693 3134 741; x_wconf 88' lang='lat' dir='ltr'><strong>et</strong></span> <span class='ocrx_word' id='word_1_447' title='bbox 3175 685 3316 741; x_wconf 91' lang='lat' dir='ltr'><strong>idem</strong></span> <span class='ocrx_word' id='word_1_448' title='bbox 3374 701 3590 758; x_wconf 86' lang='lat' dir='ltr'><strong>semper</strong></span> <span class='ocrx_word' id='word_1_449' title='bbox 3641 689 3885 744; x_wconf 76' lang='lat' dir='ltr'><strong>studium</strong></span> 
     </span>
    </p>
   </div>
   <div class='ocr_carea' id='block_1_66' title="bbox 2292 774 3884 850">
    <p class='ocr_par' dir='ltr' id='par_1_66' title="bbox 2292 774 3884 850">
     <span class='ocr_line' id='line_1_67' title="bbox 2292 774 3884 850; baseline 0.004 -21"><span class='ocrx_word' id='word_1_450' title='bbox 2292 787 2404 843; x_wconf 66' lang='lat' dir='ltr'><strong>prae</strong></span> <span class='ocrx_word' id='word_1_451' title='bbox 2433 781 2486 830; x_wconf 92' lang='lat' dir='ltr'><strong>te</strong></span> <span class='ocrx_word' id='word_1_452' title='bbox 2527 774 2688 830; x_wconf 84' lang='lat' dir='ltr'><strong>feras.</strong></span> <span class='ocrx_word' id='word_1_453' title='bbox 2737 774 2854 831; x_wconf 82' lang='lat' dir='ltr'><strong>Non</strong></span> <span class='ocrx_word' id='word_1_454' title='bbox 2878 777 3023 832; x_wconf 90' lang='lat' dir='ltr'><strong>enim</strong></span> <span class='ocrx_word' id='word_1_455' title='bbox 3062 776 3298 848; x_wconf 88' lang='lat' dir='ltr'><strong>ignoras,</strong></span> <span class='ocrx_word' id='word_1_456' title='bbox 3341 789 3474 850; x_wconf 89' lang='lat' dir='ltr'><strong>quot</strong></span> <span class='ocrx_word' id='word_1_457' title='bbox 3515 779 3884 837; x_wconf 78' lang='lat' dir='ltr'><strong>Ecclesiarum</strong></span> 
     </span>
    </p>
   </div>
   <div class='ocr_carea' id='block_1_67' title="bbox 2291 864 3885 937">
    <p class='ocr_par' dir='ltr' id='par_1_67' title="bbox 2291 864 3885 937">
     <span class='ocr_line' id='line_1_68' title="bbox 2291 864 3885 937; baseline 0.006 -19"><span class='ocrx_word' id='word_1_458' title='bbox 2291 864 2439 920; x_wconf 86' lang='lat' dir='ltr'><strong>salus</strong></span> <span class='ocrx_word' id='word_1_459' title='bbox 2467 881 2606 921; x_wconf 91' lang='lat' dir='ltr'><strong>nunc</strong></span> <span class='ocrx_word' id='word_1_460' title='bbox 2627 874 2811 937; x_wconf 85' lang='lat' dir='ltr'><strong>agatur</strong></span> <span class='ocrx_word' id='word_1_461' title='bbox 2831 909 2846 935; x_wconf 88' lang='lat'><strong>,</strong></span> <span class='ocrx_word' id='word_1_462' title='bbox 2868 875 2924 923; x_wconf 90' lang='lat' dir='ltr'><strong>et</strong></span> <span class='ocrx_word' id='word_1_463' title='bbox 2950 883 3110 937; x_wconf 90' lang='lat' dir='ltr'><strong>quam</strong></span> <span class='ocrx_word' id='word_1_464' title='bbox 3136 870 3390 925; x_wconf 89' lang='lat' dir='ltr'><strong>eximium</strong></span> <span class='ocrx_word' id='word_1_465' title='bbox 3420 870 3658 926; x_wconf 87' lang='lat' dir='ltr'><strong>futurum</strong></span> <span class='ocrx_word' id='word_1_466' title='bbox 3689 873 3764 928; x_wconf 84' lang='lat' dir='ltr'><strong>sit</strong></span> <span class='ocrx_word' id='word_1_467' title='bbox 3788 871 3885 928; x_wconf 86' lang='lat' dir='ltr'><strong>hoc</strong></span> 
     </span>
    </p>
   </div>
   <div class='ocr_carea' id='block_1_68' title="bbox 2289 959 3885 1031">
    <p class='ocr_par' dir='ltr' id='par_1_68' title="bbox 2289 959 3885 1031">
     <span class='ocr_line' id='line_1_69' title="bbox 2289 959 3885 1031; baseline 0.006 -20"><span class='ocrx_word' id='word_1_468' title='bbox 2289 973 2445 1028; x_wconf 90' lang='lat' dir='ltr'><strong>opus.</strong></span> <span class='ocrx_word' id='word_1_469' title='bbox 2475 959 2600 1016; x_wconf 76' lang='lat' dir='ltr'><strong>Haec</strong></span> <span class='ocrx_word' id='word_1_470' title='bbox 2629 960 2788 1031; x_wconf 82' lang='lat' dir='ltr'><strong>igitur</strong></span> <span class='ocrx_word' id='word_1_471' title='bbox 2806 961 3068 1031; x_wconf 85' lang='lat' dir='ltr'><strong>cogitans,</strong></span> <span class='ocrx_word' id='word_1_472' title='bbox 3089 960 3308 1017; x_wconf 84' lang='lat' dir='ltr'><strong>domine</strong></span> <span class='ocrx_word' id='word_1_473' title='bbox 3336 963 3408 1017; x_wconf 92' lang='lat' dir='ltr'><strong>mi</strong></span> <span class='ocrx_word' id='word_1_474' title='bbox 3434 962 3885 1020; x_wconf 82' lang='lat' dir='ltr'><strong>reverendisaime</strong></span> 
     </span>
    </p>
   </div>
   <div class='ocr_carea' id='block_1_69' title="bbox 2287 1050 3884 1124">
    <p class='ocr_par' dir='ltr' id='par_1_69' title="bbox 2287 1050 3884 1124">
     <span class='ocr_line' id='line_1_70' title="bbox 2287 1050 3884 1124; baseline 0.004 -21"><span class='ocrx_word' id='word_1_475' title='bbox 2287 1063 2352 1105; x_wconf 90' lang='lat' dir='ltr'><strong>ac</strong></span> <span class='ocrx_word' id='word_1_476' title='bbox 2381 1050 2818 1120; x_wconf 86' lang='lat' dir='ltr'><strong>religiosissime,</strong></span> <span class='ocrx_word' id='word_1_477' title='bbox 2848 1052 2903 1107; x_wconf 91' lang='lat' dir='ltr'><strong>in</strong></span> <span class='ocrx_word' id='word_1_478' title='bbox 2943 1052 3134 1109; x_wconf 91' lang='lat' dir='ltr'><strong>eodem</strong></span> <span class='ocrx_word' id='word_1_479' title='bbox 3176 1053 3356 1109; x_wconf 91' lang='lat' dir='ltr'><strong>studio</strong></span> <span class='ocrx_word' id='word_1_480' title='bbox 3398 1069 3756 1124; x_wconf 87' lang='lat' dir='ltr'><strong>perseverare</strong></span> <span class='ocrx_word' id='word_1_481' title='bbox 3803 1055 3884 1111; x_wconf 89' lang='lat' dir='ltr'><strong>di-</strong></span> 
     </span>
    </p>
   </div>
   <div class='ocr_carea' id='block_1_70' title="bbox 2287 1141 3884 1216">
    <p class='ocr_par' dir='ltr' id='par_1_70' title="bbox 2287 1141 3884 1216">
     <span class='ocr_line' id='line_1_71' title="bbox 2287 1141 3884 1216; baseline 0.006 -22"><span class='ocrx_word' id='word_1_482' title='bbox 2287 1156 2452 1212; x_wconf 89' lang='lat' dir='ltr'><strong>gnare</strong></span> <span class='ocrx_word' id='word_1_483' title='bbox 2485 1160 2497 1195; x_wconf 91' lang='lat'><strong>:</strong></span> <span class='ocrx_word' id='word_1_484' title='bbox 2524 1141 2603 1198; x_wconf 88' lang='lat' dir='ltr'><strong>sic</strong></span> <span class='ocrx_word' id='word_1_485' title='bbox 2629 1142 2770 1198; x_wconf 88' lang='lat' dir='ltr'><strong>enim</strong></span> <span class='ocrx_word' id='word_1_486' title='bbox 2795 1143 2906 1208; x_wconf 83' lang='lat' dir='ltr'><strong>flet,</strong></span> <span class='ocrx_word' id='word_1_487' title='bbox 2938 1153 2997 1199; x_wconf 92' lang='lat' dir='ltr'><strong>ut</strong></span> <span class='ocrx_word' id='word_1_488' title='bbox 3023 1145 3229 1216; x_wconf 81' lang='lat' dir='ltr'><strong>exiguis</strong></span> <span class='ocrx_word' id='word_1_489' title='bbox 3253 1145 3531 1203; x_wconf 89' lang='lat' dir='ltr'><strong>laboribus</strong></span> <span class='ocrx_word' id='word_1_490' title='bbox 3569 1147 3884 1215; x_wconf 78' lang='lat' dir='ltr'><strong>exantlatis,</strong></span> 
     </span>
    </p>
   </div>
   <div class='ocr_carea' id='block_1_71' title="bbox 2289 1233 3884 1310">
    <p class='ocr_par' dir='ltr' id='par_1_71' title="bbox 2289 1233 3884 1310">
     <span class='ocr_line' id='line_1_72' title="bbox 2289 1233 3884 1310; baseline 0.008 -23"><span class='ocrx_word' id='word_1_491' title='bbox 2289 1233 2612 1290; x_wconf 89' lang='lat' dir='ltr'><strong>immortalia</strong></span> <span class='ocrx_word' id='word_1_492' title='bbox 2658 1236 2810 1293; x_wconf 88' lang='lat' dir='ltr'><strong>vobis</strong></span> <span class='ocrx_word' id='word_1_493' title='bbox 2835 1253 2936 1308; x_wconf 92' lang='lat' dir='ltr'><strong>pro</strong></span> <span class='ocrx_word' id='word_1_494' title='bbox 2980 1237 3066 1294; x_wconf 89' lang='lat' dir='ltr'><strong>bis</strong></span> <span class='ocrx_word' id='word_1_495' title='bbox 3094 1239 3369 1310; x_wconf 61' lang='lat' dir='ltr'><strong>praeclaris</strong></span> <span class='ocrx_word' id='word_1_496' title='bbox 3405 1239 3800 1298; x_wconf 82' lang='lat' dir='ltr'><strong>certaminibus</strong></span> <span class='ocrx_word' id='word_1_497' title='bbox 3832 1239 3884 1298; x_wconf 80' lang='lat' dir='ltr'><strong>in</strong></span> 
     </span>
    </p>
   </div>
   <div class='ocr_carea' id='block_1_72' title="bbox 2285 1325 3026 1395">
    <p class='ocr_par' dir='ltr' id='par_1_72' title="bbox 2285 1325 3026 1395">
     <span class='ocr_line' id='line_1_73' title="bbox 2285 1325 3026 1395; baseline 0.011 -18"><span class='ocrx_word' id='word_1_498' title='bbox 2285 1325 2418 1379; x_wconf 70' lang='lat' dir='ltr'><strong>cwlo</strong></span> <span class='ocrx_word' id='word_1_499' title='bbox 2449 1329 2666 1395; x_wconf 76' lang='lat' dir='ltr'><strong>przemia</strong></span> <span class='ocrx_word' id='word_1_500' title='bbox 2703 1328 3026 1386; x_wconf 88' lang='lat' dir='ltr'><strong>recondatis.</strong></span> 
     </span>
    </p>
   </div>
   <div class='ocr_carea' id='block_1_73' title="bbox 2354 1461 3816 1546">
    <p class='ocr_par' dir='ltr' id='par_1_73' title="bbox 2354 1461 3816 1546">
     <span class='ocr_line' id='line_1_74' title="bbox 2354 1461 3816 1546; baseline 0.009 -28"><span class='ocrx_word' id='word_1_501' title='bbox 2354 1461 2675 1521; x_wconf 78' lang='lat' dir='ltr'><strong>CLXXXV.</strong></span> <span class='ocrx_word' id='word_1_502' title='bbox 2724 1465 2989 1524; x_wconf 62' lang='lat' dir='ltr'><strong>Pentadio;</strong></span> <span class='ocrx_word' id='word_1_503' title='bbox 3025 1469 3343 1528; x_wconf 67' lang='lat' dir='ltr'><strong>discurrisse.</strong></span> <span class='ocrx_word' id='word_1_504' title='bbox 3381 1471 3563 1546; x_wconf 81' lang='lat' dir='ltr'><strong>(Anno</strong></span> <span class='ocrx_word' id='word_1_505' title='bbox 3594 1473 3725 1541; x_wconf 62' lang='lat'><strong>‘05,</strong></span> <span class='ocrx_word' id='word_1_506' title='bbox 3756 1482 3816 1530; x_wconf 75' lang='lat' dir='ltr'><strong>ut</strong></span> 
     </span>
    </p>
   </div>
   <div class='ocr_carea' id='block_1_74' title="bbox 2945 1561 3210 1634">
    <p class='ocr_par' dir='ltr' id='par_1_74' title="bbox 2945 1561 3210 1634">
     <span class='ocr_line' id='line_1_75' title="bbox 2945 1561 3210 1634; baseline -0.008 -16"><span class='ocrx_word' id='word_1_507' title='bbox 2945 1561 3210 1634; x_wconf 88' lang='lat' dir='ltr'><strong>putatur.)</strong></span> 
     </span>
    </p>
   </div>
   <div class='ocr_carea' id='block_1_75' title="bbox 2353 1691 3876 1771">
    <p class='ocr_par' dir='ltr' id='par_1_75' title="bbox 2353 1691 3876 1771">
     <span class='ocr_line' id='line_1_76' title="bbox 2353 1691 3876 1771; baseline 0.007 -25"><span class='ocrx_word' id='word_1_508' title='bbox 2353 1691 2619 1748; x_wconf 86' lang='lat' dir='ltr'><strong>Diuturno</strong></span> <span class='ocrx_word' id='word_1_509' title='bbox 2637 1692 2853 1750; x_wconf 87' lang='lat' dir='ltr'><strong>silentio</strong></span> <span class='ocrx_word' id='word_1_510' title='bbox 2873 1710 2968 1764; x_wconf 83' lang='lat' dir='ltr'><strong>usa</strong></span> <span class='ocrx_word' id='word_1_511' title='bbox 2992 1710 3072 1761; x_wconf 89' lang='lat' dir='ltr'><strong>es,</strong></span> <span class='ocrx_word' id='word_1_512' title='bbox 3095 1696 3306 1752; x_wconf 89' lang='lat' dir='ltr'><strong>tametsi</strong></span> <span class='ocrx_word' id='word_1_513' title='bbox 3333 1697 3486 1754; x_wconf 91' lang='lat' dir='ltr'><strong>multi</strong></span> <span class='ocrx_word' id='word_1_514' title='bbox 3508 1707 3665 1754; x_wconf 88' lang='lat' dir='ltr'><strong>erant</strong></span> <span class='ocrx_word' id='word_1_515' title='bbox 3692 1698 3785 1771; x_wconf 85' lang='lat' dir='ltr'><strong>qui</strong></span> <span class='ocrx_word' id='word_1_516' title='bbox 3809 1699 3876 1755; x_wconf 81' lang='lat' dir='ltr'><strong>ad</strong></span> 
     </span>
    </p>
   </div>
   <div class='ocr_carea' id='block_1_76' title="bbox 2282 1783 3873 1860">
    <p class='ocr_par' dir='ltr' id='par_1_76' title="bbox 2282 1783 3873 1860">
     <span class='ocr_line' id='line_1_77' title="bbox 2282 1783 3873 1860; baseline 0.005 -21"><span class='ocrx_word' id='word_1_517' title='bbox 2282 1797 2382 1840; x_wconf 83' lang='lat' dir='ltr'><strong>nos</strong></span> <span class='ocrx_word' id='word_1_518' title='bbox 2403 1783 2560 1840; x_wconf 88' lang='lat' dir='ltr'><strong>istinc</strong></span> <span class='ocrx_word' id='word_1_519' title='bbox 2575 1784 3059 1855; x_wconf 81' lang='lat' dir='ltr'><strong>proficiscerentur.</strong></span> <span class='ocrx_word' id='word_1_520' title='bbox 3079 1786 3216 1855; x_wconf 87' lang='lat' dir='ltr'><strong>Quid</strong></span> <span class='ocrx_word' id='word_1_521' title='bbox 3239 1803 3369 1860; x_wconf 90' lang='lat' dir='ltr'><strong>ergo</strong></span> <span class='ocrx_word' id='word_1_522' title='bbox 3390 1789 3606 1846; x_wconf 91' lang='lat' dir='ltr'><strong>tandem</strong></span> <span class='ocrx_word' id='word_1_523' title='bbox 3629 1791 3683 1845; x_wconf 88' lang='lat' dir='ltr'><strong>iu</strong></span> <span class='ocrx_word' id='word_1_524' title='bbox 3711 1806 3873 1847; x_wconf 85' lang='lat' dir='ltr'><strong>causa</strong></span> 
     </span>
    </p>
   </div>
   <div class='ocr_carea' id='block_1_77' title="bbox 2283 1874 3881 1952">
    <p class='ocr_par' dir='ltr' id='par_1_77' title="bbox 2283 1874 3881 1952">
     <span class='ocr_line' id='line_1_78' title="bbox 2283 1874 3881 1952; baseline 0.005 -21"><span class='ocrx_word' id='word_1_525' title='bbox 2283 1874 2420 1931; x_wconf 80' lang='lat' dir='ltr'><strong>fuit?</strong></span> <span class='ocrx_word' id='word_1_526' title='bbox 2444 1891 2572 1931; x_wconf 90' lang='lat' dir='ltr'><strong>num</strong></span> <span class='ocrx_word' id='word_1_527' title='bbox 2607 1891 2788 1931; x_wconf 87' lang='lat' dir='ltr'><strong>rerum</strong></span> <span class='ocrx_word' id='word_1_528' title='bbox 2817 1876 3178 1948; x_wconf 86' lang='lat' dir='ltr'><strong>perturbatio?</strong></span> <span class='ocrx_word' id='word_1_529' title='bbox 3213 1879 3401 1945; x_wconf 84' lang='lat' dir='ltr'><strong>Absit;</strong></span> <span class='ocrx_word' id='word_1_530' title='bbox 3442 1879 3544 1936; x_wconf 88' lang='lat' dir='ltr'><strong>hoc</strong></span> <span class='ocrx_word' id='word_1_531' title='bbox 3576 1896 3680 1952; x_wconf 89' lang='lat' dir='ltr'><strong>ego</strong></span> <span class='ocrx_word' id='word_1_532' title='bbox 3719 1881 3791 1937; x_wconf 91' lang='lat' dir='ltr'><strong>de</strong></span> <span class='ocrx_word' id='word_1_533' title='bbox 3828 1891 3881 1939; x_wconf 79' lang='lat' dir='ltr'><strong>te</strong></span> 
     </span>
    </p>
   </div>
   <div class='ocr_carea' id='block_1_78' title="bbox 2281 1965 3880 2042">
    <p class='ocr_par' dir='ltr' id='par_1_78' title="bbox 2281 1965 3880 2042">
     <span class='ocr_line' id='line_1_79' title="bbox 2281 1965 3880 2042; baseline 0.005 -20"><span class='ocrx_word' id='word_1_534' title='bbox 2281 1981 2570 2036; x_wconf 87' lang='lat' dir='ltr'><strong>numquam</strong></span> <span class='ocrx_word' id='word_1_535' title='bbox 2591 1965 2814 2022; x_wconf 80' lang='lat' dir='ltr'><strong>dixerim</strong></span> <span class='ocrx_word' id='word_1_536' title='bbox 2842 1985 2856 2022; x_wconf 88' lang='lat'><strong>:</strong></span> <span class='ocrx_word' id='word_1_537' title='bbox 2886 1969 3009 2024; x_wconf 87' lang='lat' dir='ltr'><strong>novi</strong></span> <span class='ocrx_word' id='word_1_538' title='bbox 3031 1969 3226 2040; x_wconf 89' lang='lat' dir='ltr'><strong>quippe</strong></span> <span class='ocrx_word' id='word_1_539' title='bbox 3251 1985 3498 2042; x_wconf 89' lang='lat' dir='ltr'><strong>magnum</strong></span> <span class='ocrx_word' id='word_1_540' title='bbox 3525 1983 3579 2027; x_wconf 93' lang='lat' dir='ltr'><strong>et</strong></span> <span class='ocrx_word' id='word_1_541' title='bbox 3602 1975 3880 2030; x_wconf 82' lang='lat' dir='ltr'><strong>cxcels</strong></span> 
     </span>
    </p>
   </div>
   <div class='ocr_carea' id='block_1_79' title="bbox 2281 2059 3882 2136">
    <p class='ocr_par' dir='ltr' id='par_1_79' title="bbox 2281 2059 3882 2136">
     <span class='ocr_line' id='line_1_80' title="bbox 2281 2059 3882 2136; baseline 0.007 -24"><span class='ocrx_word' id='word_1_542' title='bbox 2281 2059 2517 2114; x_wconf 88' lang='lat' dir='ltr'><strong>animum</strong></span> <span class='ocrx_word' id='word_1_543' title='bbox 2547 2067 2714 2125; x_wconf 90' lang='lat' dir='ltr'><strong>tuum,</strong></span> <span class='ocrx_word' id='word_1_544' title='bbox 2736 2059 2826 2129; x_wconf 89' lang='lat' dir='ltr'><strong>qui</strong></span> <span class='ocrx_word' id='word_1_545' title='bbox 2865 2060 2949 2116; x_wconf 90' lang='lat' dir='ltr'><strong>vel</strong></span> <span class='ocrx_word' id='word_1_546' title='bbox 2975 2061 3027 2115; x_wconf 92' lang='lat' dir='ltr'><strong>in</strong></span> <span class='ocrx_word' id='word_1_547' title='bbox 3056 2062 3237 2118; x_wconf 89' lang='lat' dir='ltr'><strong>multis</strong></span> <span class='ocrx_word' id='word_1_548' title='bbox 3267 2064 3671 2134; x_wconf 84' lang='lat' dir='ltr'><strong>tempestatibus</strong></span> <span class='ocrx_word' id='word_1_549' title='bbox 3703 2076 3882 2136; x_wconf 82' lang='lat' dir='ltr'><strong>potest</strong></span> 
     </span>
    </p>
   </div>
   <div class='ocr_carea' id='block_1_80' title="bbox 2282 2150 3878 2224">
    <p class='ocr_par' dir='ltr' id='par_1_80' title="bbox 2282 2150 3878 2224">
     <span class='ocr_line' id='line_1_81' title="bbox 2282 2150 3878 2224; baseline 0.006 -18"><span class='ocrx_word' id='word_1_550' title='bbox 2282 2150 2588 2208; x_wconf 81' lang='lat' dir='ltr'><strong>felicissime</strong></span> <span class='ocrx_word' id='word_1_551' title='bbox 2613 2153 2890 2224; x_wconf 80' lang='lat' dir='ltr'><strong>navigare,</strong></span> <span class='ocrx_word' id='word_1_552' title='bbox 2923 2162 3082 2224; x_wconf 89' lang='lat' dir='ltr'><strong>atque</strong></span> <span class='ocrx_word' id='word_1_553' title='bbox 3121 2154 3176 2209; x_wconf 91' lang='lat' dir='ltr'><strong>in</strong></span> <span class='ocrx_word' id='word_1_554' title='bbox 3217 2154 3408 2212; x_wconf 91' lang='lat' dir='ltr'><strong>mediis</strong></span> <span class='ocrx_word' id='word_1_555' title='bbox 3442 2156 3692 2215; x_wconf 82' lang='lat' dir='ltr'><strong>ﬂuctibus</strong></span> <span class='ocrx_word' id='word_1_556' title='bbox 3721 2170 3878 2216; x_wconf 64' lang='lat' dir='ltr'><strong>trario</strong></span> 
     </span>
    </p>
   </div>
   <div class='ocr_carea' id='block_1_81' title="bbox 2282 2244 3879 2320">
    <p class='ocr_par' dir='ltr' id='par_1_81' title="bbox 2282 2244 3879 2320">
     <span class='ocr_line' id='line_1_82' title="bbox 2282 2244 3879 2320; baseline 0.006 -22"><span class='ocrx_word' id='word_1_557' title='bbox 2282 2244 2542 2315; x_wconf 88' lang='lat' dir='ltr'><strong>quillitate</strong></span> <span class='ocrx_word' id='word_1_558' title='bbox 2570 2260 2756 2316; x_wconf 90' lang='lat' dir='ltr'><strong>magna</strong></span> <span class='ocrx_word' id='word_1_559' title='bbox 2797 2244 2919 2300; x_wconf 88' lang='lat' dir='ltr'><strong>frui.</strong></span> <span class='ocrx_word' id='word_1_560' title='bbox 2965 2245 3021 2300; x_wconf 93' lang='lat' dir='ltr'><strong>ld</strong></span> <span class='ocrx_word' id='word_1_561' title='bbox 3051 2261 3181 2302; x_wconf 90' lang='lat' dir='ltr'><strong>vero</strong></span> <span class='ocrx_word' id='word_1_562' title='bbox 3211 2255 3264 2301; x_wconf 90' lang='lat' dir='ltr'><strong>tu</strong></span> <span class='ocrx_word' id='word_1_563' title='bbox 3296 2248 3456 2304; x_wconf 88' lang='lat' dir='ltr'><strong>rebus</strong></span> <span class='ocrx_word' id='word_1_564' title='bbox 3485 2250 3619 2320; x_wconf 87' lang='lat' dir='ltr'><strong>ipsis</strong></span> <span class='ocrx_word' id='word_1_565' title='bbox 3645 2251 3879 2307; x_wconf 88' lang='lat' dir='ltr'><strong>demon-</strong></span> 
     </span>
    </p>
   </div>
   <div class='ocr_carea' id='block_1_82' title="bbox 2281 2335 3880 2406">
    <p class='ocr_par' dir='ltr' id='par_1_82' title="bbox 2281 2335 3880 2406">
     <span class='ocr_line' id='line_1_83' title="bbox 2281 2335 3880 2406; baseline 0.006 -15"><span class='ocrx_word' id='word_1_566' title='bbox 2281 2335 2482 2402; x_wconf 85' lang='lat' dir='ltr'><strong>strasti,</strong></span> <span class='ocrx_word' id='word_1_567' title='bbox 2502 2344 2820 2406; x_wconf 88' lang='lat' dir='ltr'><strong>tuorumque</strong></span> <span class='ocrx_word' id='word_1_568' title='bbox 2844 2337 3026 2392; x_wconf 90' lang='lat' dir='ltr'><strong>nuntia</strong></span> <span class='ocrx_word' id='word_1_569' title='bbox 3053 2350 3201 2393; x_wconf 86' lang='lat' dir='ltr'><strong>recte</strong></span> <span class='ocrx_word' id='word_1_570' title='bbox 3217 2337 3478 2394; x_wconf 88' lang='lat' dir='ltr'><strong>factorum</strong></span> <span class='ocrx_word' id='word_1_571' title='bbox 3505 2341 3571 2396; x_wconf 91' lang='lat' dir='ltr'><strong>ad</strong></span> <span class='ocrx_word' id='word_1_572' title='bbox 3600 2352 3880 2400; x_wconf 84' lang='lat' dir='ltr'><strong>extremos</strong></span> 
     </span>
    </p>
   </div>
   <div class='ocr_carea' id='block_1_83' title="bbox 2280 2423 3876 2498">
    <p class='ocr_par' dir='ltr' id='par_1_83' title="bbox 2280 2423 3876 2498">
     <span class='ocr_line' id='line_1_84' title="bbox 2280 2423 3876 2498; baseline 0.005 -18"><span class='ocrx_word' id='word_1_573' title='bbox 2280 2440 2449 2496; x_wconf 89' lang='lat' dir='ltr'><strong>usque</strong></span> <span class='ocrx_word' id='word_1_574' title='bbox 2477 2423 2612 2481; x_wconf 83' lang='lat' dir='ltr'><strong>lines</strong></span> <span class='ocrx_word' id='word_1_575' title='bbox 2635 2426 2781 2482; x_wconf 88' lang='lat' dir='ltr'><strong>orbis</strong></span> <span class='ocrx_word' id='word_1_576' title='bbox 2808 2435 3073 2481; x_wconf 85' lang='lat' dir='ltr'><strong>terrarum</strong></span> <span class='ocrx_word' id='word_1_577' title='bbox 3099 2427 3235 2483; x_wconf 86' lang='lat' dir='ltr'><strong>fama</strong></span> <span class='ocrx_word' id='word_1_578' title='bbox 3260 2431 3524 2498; x_wconf 86' lang='lat' dir='ltr'><strong>pervenit,</strong></span> <span class='ocrx_word' id='word_1_579' title='bbox 3550 2441 3608 2486; x_wconf 90' lang='lat' dir='ltr'><strong>et</strong></span> <span class='ocrx_word' id='word_1_580' title='bbox 3632 2434 3876 2488; x_wconf 86' lang='lat' dir='ltr'><strong>omnium</strong></span> 
     </span>
    </p>
   </div>
   <div class='ocr_carea' id='block_1_84' title="bbox 2281 2514 3876 2588">
    <p class='ocr_par' dir='ltr' id='par_1_84' title="bbox 2281 2514 3876 2588">
     <span class='ocr_line' id='line_1_85' title="bbox 2281 2514 3876 2588; baseline 0.003 -17"><span class='ocrx_word' id='word_1_581' title='bbox 2281 2530 2374 2571; x_wconf 89' lang='lat' dir='ltr'><strong>ore</strong></span> <span class='ocrx_word' id='word_1_582' title='bbox 2412 2515 2666 2584; x_wconf 87' lang='lat' dir='ltr'><strong>laudaris,</strong></span> <span class='ocrx_word' id='word_1_583' title='bbox 2709 2514 2848 2587; x_wconf 86' lang='lat' dir='ltr'><strong>quod</strong></span> <span class='ocrx_word' id='word_1_584' title='bbox 2888 2531 3010 2572; x_wconf 89' lang='lat' dir='ltr'><strong>cum</strong></span> <span class='ocrx_word' id='word_1_585' title='bbox 3043 2517 3097 2571; x_wconf 90' lang='lat' dir='ltr'><strong>in</strong></span> <span class='ocrx_word' id='word_1_586' title='bbox 3124 2532 3231 2573; x_wconf 88' lang='lat' dir='ltr'><strong>uno</strong></span> <span class='ocrx_word' id='word_1_587' title='bbox 3272 2519 3562 2575; x_wconf 76' lang='lat' dir='ltr'><strong>conStituta</strong></span> <span class='ocrx_word' id='word_1_588' title='bbox 3609 2521 3686 2577; x_wconf 85' lang='lat' dir='ltr'><strong>sis</strong></span> <span class='ocrx_word' id='word_1_589' title='bbox 3731 2523 3876 2588; x_wconf 75' lang='lat' dir='ltr'><strong>loco,</strong></span> 
     </span>
    </p>
   </div>
   <div class='ocr_carea' id='block_1_85' title="bbox 2280 2607 3880 2683">
    <p class='ocr_par' dir='ltr' id='par_1_85' title="bbox 2280 2607 3880 2683">
     <span class='ocr_line' id='line_1_86' title="bbox 2280 2607 3880 2683; baseline 0.006 -22"><span class='ocrx_word' id='word_1_590' title='bbox 2280 2607 2438 2678; x_wconf 92' lang='lat' dir='ltr'><strong>longe</strong></span> <span class='ocrx_word' id='word_1_591' title='bbox 2480 2607 2694 2664; x_wconf 86' lang='lat' dir='ltr'><strong>dissitos</strong></span> <span class='ocrx_word' id='word_1_592' title='bbox 2737 2609 2936 2664; x_wconf 77' lang='lat' dir='ltr'><strong>excites</strong></span> <span class='ocrx_word' id='word_1_593' title='bbox 2974 2617 3062 2664; x_wconf 89' lang='lat' dir='ltr'><strong>tua</strong></span> <span class='ocrx_word' id='word_1_594' title='bbox 3100 2610 3318 2680; x_wconf 89' lang='lat' dir='ltr'><strong>pietate,</strong></span> <span class='ocrx_word' id='word_1_595' title='bbox 3371 2621 3532 2683; x_wconf 88' lang='lat' dir='ltr'><strong>atque</strong></span> <span class='ocrx_word' id='word_1_596' title='bbox 3581 2613 3880 2670; x_wconf 83' lang='lat' dir='ltr'><strong>alacriores</strong></span> 
     </span>
    </p>
   </div>
   <div class='ocr_carea' id='block_1_86' title="bbox 2279 2696 3877 2776">
    <p class='ocr_par' dir='ltr' id='par_1_86' title="bbox 2279 2696 3877 2776">
     <span class='ocr_line' id='line_1_87' title="bbox 2279 2696 3877 2776; baseline 0.006 -24"><span class='ocrx_word' id='word_1_597' title='bbox 2279 2696 2502 2752; x_wconf 88' lang='lat' dir='ltr'><strong>cfticias.</strong></span> <span class='ocrx_word' id='word_1_598' title='bbox 2530 2698 2784 2768; x_wconf 57' lang='lat' dir='ltr'><strong>Quanam</strong></span> <span class='ocrx_word' id='word_1_599' title='bbox 2828 2699 2987 2771; x_wconf 90' lang='lat' dir='ltr'><strong>igitur</strong></span> <span class='ocrx_word' id='word_1_600' title='bbox 3022 2709 3107 2755; x_wconf 90' lang='lat' dir='ltr'><strong>est</strong></span> <span class='ocrx_word' id='word_1_601' title='bbox 3136 2715 3296 2757; x_wconf 87' lang='lat' dir='ltr'><strong>causa</strong></span> <span class='ocrx_word' id='word_1_602' title='bbox 3335 2703 3877 2776; x_wconf 69' lang='lat' dir='ltr'><strong>silentiil&#39;Equidcm</strong></span> 
     </span>
    </p>
   </div>
   <div class='ocr_carea' id='block_1_87' title="bbox 2279 2789 3874 2866">
    <p class='ocr_par' dir='ltr' id='par_1_87' title="bbox 2279 2789 3874 2866">
     <span class='ocr_line' id='line_1_88' title="bbox 2279 2789 3874 2866; baseline 0.008 -21"><span class='ocrx_word' id='word_1_603' title='bbox 2279 2789 2461 2846; x_wconf 89' lang='lat' dir='ltr'><strong>dicere</strong></span> <span class='ocrx_word' id='word_1_604' title='bbox 2486 2791 2706 2847; x_wconf 91' lang='lat' dir='ltr'><strong>minime</strong></span> <span class='ocrx_word' id='word_1_605' title='bbox 2731 2807 2967 2862; x_wconf 89' lang='lat' dir='ltr'><strong>possum.</strong></span> <span class='ocrx_word' id='word_1_606' title='bbox 2991 2793 3159 2848; x_wconf 85' lang='lat' dir='ltr'><strong>Tuam</strong></span> <span class='ocrx_word' id='word_1_607' title='bbox 3187 2803 3365 2851; x_wconf 89' lang='lat' dir='ltr'><strong>autem</strong></span> <span class='ocrx_word' id='word_1_608' title='bbox 3394 2811 3494 2852; x_wconf 93' lang='lat' dir='ltr'><strong>oro</strong></span> <span class='ocrx_word' id='word_1_609' title='bbox 3532 2800 3874 2866; x_wconf 86' lang='lat' dir='ltr'><strong>suavitatem,</strong></span> 
     </span>
    </p>
   </div>
   <div class='ocr_carea' id='block_1_88' title="bbox 2282 2871 3879 2960">
    <p class='ocr_par' dir='ltr' id='par_1_88' title="bbox 2282 2871 3879 2960">
     <span class='ocr_line' id='line_1_89' title="bbox 2282 2871 3879 2960; baseline 0.007 -22"><span class='ocrx_word' id='word_1_610' title='bbox 2282 2893 2340 2939; x_wconf 92' lang='lat' dir='ltr'><strong>ut</strong></span> <span class='ocrx_word' id='word_1_611' title='bbox 2358 2897 2454 2954; x_wconf 92' lang='lat' dir='ltr'><strong>per</strong></span> <span class='ocrx_word' id='word_1_612' title='bbox 2485 2899 2612 2940; x_wconf 89' lang='lat' dir='ltr'><strong>eum</strong></span> <span class='ocrx_word' id='word_1_613' title='bbox 2638 2884 2731 2954; x_wconf 89' lang='lat' dir='ltr'><strong>qui</strong></span> <span class='ocrx_word' id='word_1_614' title='bbox 2749 2885 2932 2940; x_wconf 88' lang='lat' dir='ltr'><strong>literas</strong></span> <span class='ocrx_word' id='word_1_615' title='bbox 2953 2886 3135 2957; x_wconf 90' lang='lat' dir='ltr'><strong>pietati</strong></span> <span class='ocrx_word' id='word_1_616' title='bbox 3163 2897 3266 2943; x_wconf 67' lang='lat' dir='ltr'><strong>tua:</strong></span> <span class='ocrx_word' id='word_1_617' title='bbox 3298 2889 3468 2945; x_wconf 89' lang='lat' dir='ltr'><strong>tradet</strong></span> <span class='ocrx_word' id='word_1_618' title='bbox 3494 2891 3548 2945; x_wconf 91' lang='lat' dir='ltr'><strong>iu</strong></span> <span class='ocrx_word' id='word_1_619' title='bbox 3575 2906 3788 2960; x_wconf 88' lang='lat' dir='ltr'><strong>manus,</strong></span> <span class='ocrx_word' id='word_1_620' title='bbox 3811 2871 3879 2950; x_wconf 84' lang='lat' dir='ltr'><strong>de</strong></span> 
     </span>
    </p>
   </div>
   <div class='ocr_carea' id='block_1_89' title="bbox 2281 2977 3876 3050">
    <p class='ocr_par' dir='ltr' id='par_1_89' title="bbox 2281 2977 3876 3050">
     <span class='ocr_line' id='line_1_90' title="bbox 2281 2977 3876 3050; baseline 0.005 -16"><span class='ocrx_word' id='word_1_621' title='bbox 2281 2987 2370 3034; x_wconf 89' lang='lat' dir='ltr'><strong>tua</strong></span> <span class='ocrx_word' id='word_1_622' title='bbox 2394 2977 2718 3046; x_wconf 89' lang='lat' dir='ltr'><strong>valetudine,</strong></span> <span class='ocrx_word' id='word_1_623' title='bbox 2749 2979 3129 3050; x_wconf 87' lang='lat' dir='ltr'><strong>tranquillitate</strong></span> <span class='ocrx_word' id='word_1_624' title='bbox 3156 2981 3321 3036; x_wconf 90' lang='lat' dir='ltr'><strong>animi</strong></span> <span class='ocrx_word' id='word_1_625' title='bbox 3344 2998 3408 3038; x_wconf 91' lang='lat' dir='ltr'><strong>ac</strong></span> <span class='ocrx_word' id='word_1_626' title='bbox 3433 2985 3726 3041; x_wconf 85' lang='lat' dir='ltr'><strong>securitate</strong></span> <span class='ocrx_word' id='word_1_627' title='bbox 3751 3001 3876 3042; x_wconf 84' lang='lat' dir='ltr'><strong>cum</strong></span> 
     </span>
    </p>
   </div>
   <div class='ocr_carea' id='block_1_90' title="bbox 2280 3071 3876 3139">
    <p class='ocr_par' dir='ltr' id='par_1_90' title="bbox 2280 3071 3876 3139">
     <span class='ocr_line' id='line_1_91' title="bbox 2280 3071 3876 3139; baseline 0.005 -11"><span class='ocrx_word' id='word_1_628' title='bbox 2280 3081 2390 3139; x_wconf 90' lang='lat' dir='ltr'><strong>tua,</strong></span> <span class='ocrx_word' id='word_1_629' title='bbox 2415 3079 2526 3126; x_wconf 92' lang='lat' dir='ltr'><strong>tum</strong></span> <span class='ocrx_word' id='word_1_630' title='bbox 2553 3071 2819 3126; x_wconf 74' lang='lat' dir='ltr'><strong>universa:</strong></span> <span class='ocrx_word' id='word_1_631' title='bbox 2855 3071 3048 3129; x_wconf 86' lang='lat' dir='ltr'><strong>domus</strong></span> <span class='ocrx_word' id='word_1_632' title='bbox 3077 3082 3204 3137; x_wconf 65' lang='lat' dir='ltr'><strong>tute,</strong></span> <span class='ocrx_word' id='word_1_633' title='bbox 3231 3077 3492 3132; x_wconf 85' lang='lat' dir='ltr'><strong>certiores</strong></span> <span class='ocrx_word' id='word_1_634' title='bbox 3527 3091 3629 3132; x_wconf 87' lang='lat' dir='ltr'><strong>nos</strong></span> <span class='ocrx_word' id='word_1_635' title='bbox 3659 3078 3826 3135; x_wconf 80' lang='lat' dir='ltr'><strong>facias</strong></span> <span class='ocrx_word' id='word_1_636' title='bbox 3862 3098 3876 3135; x_wconf 89' lang='lat'>:</span> 
     </span>
    </p>
   </div>
   <div class='ocr_carea' id='block_1_91' title="bbox 2277 3163 3878 3239">
    <p class='ocr_par' dir='ltr' id='par_1_91' title="bbox 2277 3163 3878 3239">
     <span class='ocr_line' id='line_1_92' title="bbox 2277 3163 3878 3239; baseline 0.005 -21"><span class='ocrx_word' id='word_1_637' title='bbox 2277 3172 2336 3218; x_wconf 91' lang='lat' dir='ltr'><strong>ut</strong></span> <span class='ocrx_word' id='word_1_638' title='bbox 2364 3163 2488 3219; x_wconf 89' lang='lat' dir='ltr'><strong>licet</strong></span> <span class='ocrx_word' id='word_1_639' title='bbox 2527 3171 2672 3218; x_wconf 88' lang='lat' dir='ltr'><strong>tanto</strong></span> <span class='ocrx_word' id='word_1_640' title='bbox 2709 3177 2740 3218; x_wconf 91' lang='lat' dir='ltr'><strong>a</strong></span> <span class='ocrx_word' id='word_1_641' title='bbox 2771 3171 2822 3218; x_wconf 92' lang='lat' dir='ltr'><strong>te</strong></span> <span class='ocrx_word' id='word_1_642' title='bbox 2851 3163 3134 3218; x_wconf 90' lang='lat' dir='ltr'><strong>intervallo</strong></span> <span class='ocrx_word' id='word_1_643' title='bbox 3178 3166 3432 3235; x_wconf 90' lang='lat' dir='ltr'><strong>sejunctl,</strong></span> <span class='ocrx_word' id='word_1_644' title='bbox 3475 3177 3640 3239; x_wconf 89' lang='lat' dir='ltr'><strong>atque</strong></span> <span class='ocrx_word' id='word_1_645' title='bbox 3677 3169 3732 3225; x_wconf 91' lang='lat' dir='ltr'><strong>in</strong></span> <span class='ocrx_word' id='word_1_646' title='bbox 3769 3180 3878 3226; x_wconf 87' lang='lat' dir='ltr'><strong>ta</strong></span> 
     </span>
    </p>
   </div>
   <div class='ocr_carea' id='block_1_92' title="bbox 2277 3251 3879 3330">
    <p class='ocr_par' dir='ltr' id='par_1_92' title="bbox 2277 3251 3879 3330">
     <span class='ocr_line' id='line_1_93' title="bbox 2277 3251 3879 3330; baseline 0.006 -22"><span class='ocrx_word' id='word_1_647' title='bbox 2277 3254 2500 3309; x_wconf 89' lang='lat' dir='ltr'><strong>molesta</strong></span> <span class='ocrx_word' id='word_1_648' title='bbox 2529 3251 2785 3324; x_wconf 84' lang='lat' dir='ltr'><strong>degentes</strong></span> <span class='ocrx_word' id='word_1_649' title='bbox 2805 3253 3115 3322; x_wconf 87' lang='lat' dir='ltr'><strong>solitudine,</strong></span> <span class='ocrx_word' id='word_1_650' title='bbox 3157 3256 3382 3311; x_wconf 88' lang='lat' dir='ltr'><strong>multum</strong></span> <span class='ocrx_word' id='word_1_651' title='bbox 3421 3272 3488 3313; x_wconf 90' lang='lat' dir='ltr'><strong>ex</strong></span> <span class='ocrx_word' id='word_1_652' title='bbox 3518 3259 3782 3330; x_wconf 84' lang='lat' dir='ltr'><strong>ejusmodi</strong></span> <span class='ocrx_word' id='word_1_653' title='bbox 3810 3262 3879 3317; x_wconf 78' lang='lat' dir='ltr'><strong>li-</strong></span> 
     </span>
    </p>
   </div>
   <div class='ocr_carea' id='block_1_93' title="bbox 2277 3344 3085 3415">
    <p class='ocr_par' dir='ltr' id='par_1_93' title="bbox 2277 3344 3085 3415">
     <span class='ocr_line' id='line_1_94' title="bbox 2277 3344 3085 3415; baseline 0 -15"><span class='ocrx_word' id='word_1_654' title='bbox 2277 3344 2406 3400; x_wconf 89' lang='lat' dir='ltr'><strong>teris</strong></span> <span class='ocrx_word' id='word_1_655' title='bbox 2432 3344 2787 3415; x_wconf 88' lang='lat' dir='ltr'><strong>pereipiamus</strong></span> <span class='ocrx_word' id='word_1_656' title='bbox 2815 3344 3085 3400; x_wconf 90' lang='lat' dir='ltr'><strong>solatium.</strong></span> 
     </span>
    </p>
   </div>
   <div class='ocr_carea' id='block_1_94' title="bbox 2472 3465 3685 3558">
    <p class='ocr_par' dir='ltr' id='par_1_94' title="bbox 2472 3465 3685 3558">
     <span class='ocr_line' id='line_1_95' title="bbox 2472 3465 3685 3558; baseline 0.005 -24"><span class='ocrx_word' id='word_1_657' title='bbox 2472 3465 2718 3534; x_wconf 80' lang='lat' dir='ltr'><em>CLXXX</em></span> <span class='ocrx_word' id='word_1_658' title='bbox 2734 3478 2826 3534; x_wconf 82' lang='lat' dir='ltr'><strong>v1.</strong></span> <span class='ocrx_word' id='word_1_659' title='bbox 2861 3481 3066 3552; x_wconf 76' lang='lat' dir='ltr'><strong>Alypio.</strong></span> <span class='ocrx_word' id='word_1_660' title='bbox 3099 3480 3335 3550; x_wconf 87' lang='lat' dir='ltr'><strong>(Cucuso</strong></span> <span class='ocrx_word' id='word_1_661' title='bbox 3363 3497 3506 3540; x_wconf 89' lang='lat' dir='ltr'><strong>anno</strong></span> <span class='ocrx_word' id='word_1_662' title='bbox 3530 3485 3685 3558; x_wconf 68' lang='lat' dir='ltr'><strong>tos.)</strong></span> 
     </span>
    </p>
   </div>
   <div class='ocr_carea' id='block_1_95' title="bbox 2350 3611 3880 3686">
    <p class='ocr_par' dir='ltr' id='par_1_95' title="bbox 2350 3611 3880 3686">
     <span class='ocr_line' id='line_1_96' title="bbox 2350 3611 3880 3686; baseline 0.01 -20"><span class='ocrx_word' id='word_1_663' title='bbox 2350 3612 2430 3666; x_wconf 89' lang='lat' dir='ltr'><strong>Tu</strong></span> <span class='ocrx_word' id='word_1_664' title='bbox 2451 3611 2670 3682; x_wconf 89' lang='lat' dir='ltr'><strong>quidem</strong></span> <span class='ocrx_word' id='word_1_665' title='bbox 2699 3613 2899 3670; x_wconf 91' lang='lat' dir='ltr'><strong>veritus</strong></span> <span class='ocrx_word' id='word_1_666' title='bbox 2923 3628 3002 3678; x_wconf 91' lang='lat' dir='ltr'><strong>es,</strong></span> <span class='ocrx_word' id='word_1_667' title='bbox 3031 3630 3119 3681; x_wconf 90' lang='lat' dir='ltr'><strong>ne,</strong></span> <span class='ocrx_word' id='word_1_668' title='bbox 3155 3614 3298 3685; x_wconf 90' lang='lat' dir='ltr'><strong>quod</strong></span> <span class='ocrx_word' id='word_1_669' title='bbox 3335 3617 3482 3686; x_wconf 88' lang='lat' dir='ltr'><strong>prior</strong></span> <span class='ocrx_word' id='word_1_670' title='bbox 3507 3619 3575 3675; x_wconf 90' lang='lat' dir='ltr'><strong>ad</strong></span> <span class='ocrx_word' id='word_1_671' title='bbox 3608 3636 3710 3678; x_wconf 80' lang='lat' dir='ltr'><strong>nos</strong></span> <span class='ocrx_word' id='word_1_672' title='bbox 3746 3625 3880 3681; x_wconf 85' lang='lat' dir='ltr'><strong>scri-</strong></span> 
     </span>
    </p>
   </div>
   <div class='ocr_carea' id='block_1_96' title="bbox 2279 3705 3882 3778">
    <p class='ocr_par' dir='ltr' id='par_1_96' title="bbox 2279 3705 3882 3778">
     <span class='ocr_line' id='line_1_97' title="bbox 2279 3705 3882 3778; baseline 0.007 -18"><span class='ocrx_word' id='word_1_673' title='bbox 2279 3706 2500 3775; x_wconf 86' lang='lat' dir='ltr'><strong>psisses,</strong></span> <span class='ocrx_word' id='word_1_674' title='bbox 2549 3706 2602 3760; x_wconf 92' lang='lat' dir='ltr'><strong>in</strong></span> <span class='ocrx_word' id='word_1_675' title='bbox 2643 3705 3081 3777; x_wconf 64' lang='lat' dir='ltr'><strong>pracipitationis</strong></span> <span class='ocrx_word' id='word_1_676' title='bbox 3125 3707 3599 3778; x_wconf 88' lang='lat' dir='ltr'><strong>reprehensionem</strong></span> <span class='ocrx_word' id='word_1_677' title='bbox 3640 3714 3882 3772; x_wconf 73' lang='lat' dir='ltr'><strong>incuru-</strong></span> 
     </span>
    </p>
   </div>
   <div class='ocr_carea' id='block_1_97' title="bbox 2280 3798 3879 3875">
    <p class='ocr_par' dir='ltr' id='par_1_97' title="bbox 2280 3798 3879 3875">
     <span class='ocr_line' id='line_1_98' title="bbox 2280 3798 3879 3875; baseline 0.009 -25"><span class='ocrx_word' id='word_1_678' title='bbox 2280 3812 2411 3852; x_wconf 90' lang='lat' dir='ltr'><strong>rcs:</strong></span> <span class='ocrx_word' id='word_1_679' title='bbox 2446 3798 2576 3868; x_wconf 89' lang='lat' dir='ltr'><strong>ipsis</strong></span> <span class='ocrx_word' id='word_1_680' title='bbox 2610 3799 2751 3855; x_wconf 87' lang='lat' dir='ltr'><strong>enim</strong></span> <span class='ocrx_word' id='word_1_681' title='bbox 2795 3799 2897 3854; x_wconf 88' lang='lat' dir='ltr'><strong>tuis</strong></span> <span class='ocrx_word' id='word_1_682' title='bbox 2943 3807 3063 3856; x_wconf 91' lang='lat' dir='ltr'><strong>utar</strong></span> <span class='ocrx_word' id='word_1_683' title='bbox 3103 3801 3310 3869; x_wconf 90' lang='lat' dir='ltr'><strong>verbis;</strong></span> <span class='ocrx_word' id='word_1_684' title='bbox 3347 3817 3448 3875; x_wconf 90' lang='lat' dir='ltr'><strong>ego</strong></span> <span class='ocrx_word' id='word_1_685' title='bbox 3491 3820 3624 3862; x_wconf 83' lang='lat' dir='ltr'><strong>vero</strong></span> <span class='ocrx_word' id='word_1_686' title='bbox 3672 3817 3879 3866; x_wconf 85' lang='lat' dir='ltr'><strong>tantum</strong></span> 
     </span>
    </p>
   </div>
   <div class='ocr_carea' id='block_1_98' title="bbox 2278 3891 3878 3972">
    <p class='ocr_par' dir='ltr' id='par_1_98' title="bbox 2278 3891 3878 3972">
     <span class='ocr_line' id='line_1_99' title="bbox 2278 3891 3878 3972; baseline 0.013 -28"><span class='ocrx_word' id='word_1_687' title='bbox 2278 3891 2450 3959; x_wconf 83' lang='lat' dir='ltr'><strong>abest,</strong></span> <span class='ocrx_word' id='word_1_688' title='bbox 2476 3901 2533 3946; x_wconf 90' lang='lat' dir='ltr'><strong>ut</strong></span> <span class='ocrx_word' id='word_1_689' title='bbox 2559 3891 2780 3964; x_wconf 83' lang='lat' dir='ltr'><strong>hujusce</strong></span> <span class='ocrx_word' id='word_1_690' title='bbox 2800 3894 2876 3950; x_wconf 90' lang='lat' dir='ltr'><strong>rei</strong></span> <span class='ocrx_word' id='word_1_691' title='bbox 2907 3894 2997 3951; x_wconf 88' lang='lat' dir='ltr'><strong>tibi</strong></span> <span class='ocrx_word' id='word_1_692' title='bbox 3015 3897 3284 3954; x_wconf 88' lang='lat' dir='ltr'><strong>actionem</strong></span> <span class='ocrx_word' id='word_1_693' title='bbox 3306 3899 3602 3972; x_wconf 88' lang='lat' dir='ltr'><strong>intendam,</strong></span> <span class='ocrx_word' id='word_1_694' title='bbox 3629 3914 3688 3960; x_wconf 91' lang='lat' dir='ltr'><strong>ut</strong></span> <span class='ocrx_word' id='word_1_695' title='bbox 3712 3907 3878 3964; x_wconf 86' lang='lat' dir='ltr'><strong>etiam</strong></span> 
     </span>
    </p>
   </div>
   <div class='ocr_carea' id='block_1_99' title="bbox 2280 3983 3880 4061">
    <p class='ocr_par' dir='ltr' id='par_1_99' title="bbox 2280 3983 3880 4061">
     <span class='ocr_line' id='line_1_100' title="bbox 2280 3983 3880 4061; baseline 0.012 -25"><span class='ocrx_word' id='word_1_696' title='bbox 2280 3983 2618 4054; x_wconf 73' lang='lat' dir='ltr'><strong>negligentia:</strong></span> <span class='ocrx_word' id='word_1_697' title='bbox 2655 3993 2872 4055; x_wconf 89' lang='lat' dir='ltr'><strong>propter</strong></span> <span class='ocrx_word' id='word_1_698' title='bbox 2913 3985 3215 4044; x_wconf 87' lang='lat' dir='ltr'><strong>tarditatem</strong></span> <span class='ocrx_word' id='word_1_699' title='bbox 3264 3999 3317 4046; x_wconf 90' lang='lat' dir='ltr'><strong>te</strong></span> <span class='ocrx_word' id='word_1_700' title='bbox 3358 4006 3632 4061; x_wconf 87' lang='lat' dir='ltr'><strong>accusem,</strong></span> <span class='ocrx_word' id='word_1_701' title='bbox 3669 4008 3727 4054; x_wconf 86' lang='lat' dir='ltr'><strong>et</strong></span> <span class='ocrx_word' id='word_1_702' title='bbox 3765 4015 3880 4054; x_wconf 82' lang='lat' dir='ltr'><strong>am—</strong></span> 
     </span>
    </p>
   </div>
   <div class='ocr_carea' id='block_1_100' title="bbox 2279 4073 3879 4149">
    <p class='ocr_par' dir='ltr' id='par_1_100' title="bbox 2279 4073 3879 4149">
     <span class='ocr_line' id='line_1_101' title="bbox 2279 4073 3879 4149; baseline 0.012 -21"><span class='ocrx_word' id='word_1_703' title='bbox 2279 4074 2414 4144; x_wconf 90' lang='lat' dir='ltr'><strong>plius</strong></span> <span class='ocrx_word' id='word_1_704' title='bbox 2435 4073 2562 4130; x_wconf 77' lang='lat' dir='ltr'><strong>ante</strong></span> <span class='ocrx_word' id='word_1_705' title='bbox 2579 4075 2862 4143; x_wconf 88' lang='lat' dir='ltr'><strong>laudarim,</strong></span> <span class='ocrx_word' id='word_1_706' title='bbox 2894 4092 3016 4134; x_wconf 92' lang='lat' dir='ltr'><strong>cum</strong></span> <span class='ocrx_word' id='word_1_707' title='bbox 3047 4079 3193 4149; x_wconf 89' lang='lat' dir='ltr'><strong>prior</strong></span> <span class='ocrx_word' id='word_1_708' title='bbox 3222 4080 3404 4138; x_wconf 86' lang='lat' dir='ltr'><strong>literas</strong></span> <span class='ocrx_word' id='word_1_709' title='bbox 3439 4084 3508 4139; x_wconf 90' lang='lat' dir='ltr'><strong>ad</strong></span> <span class='ocrx_word' id='word_1_710' title='bbox 3559 4102 3661 4143; x_wconf 88' lang='lat' dir='ltr'><strong>nos</strong></span> <span class='ocrx_word' id='word_1_711' title='bbox 3701 4090 3879 4146; x_wconf 81' lang='lat' dir='ltr'><strong>misis-</strong></span> 
     </span>
    </p>
   </div>
   <div class='ocr_carea' id='block_1_101' title="bbox 2268 4163 3877 4243">
    <p class='ocr_par' dir='ltr' id='par_1_101' title="bbox 2268 4163 3877 4243">
     <span class='ocr_line' id='line_1_102' title="bbox 2268 4163 3877 4243; baseline 0.01 -21"><span class='ocrx_word' id='word_1_712' title='bbox 2268 4163 2384 4223; x_wconf 60' lang='lat' dir='ltr'><strong>&#39;ses.</strong></span> <span class='ocrx_word' id='word_1_713' title='bbox 2417 4169 2591 4238; x_wconf 81' lang='lat' dir='ltr'><strong>Atque</strong></span> <span class='ocrx_word' id='word_1_714' title='bbox 2620 4167 2724 4223; x_wconf 87' lang='lat' dir='ltr'><strong>hoc</strong></span> <span class='ocrx_word' id='word_1_715' title='bbox 2749 4183 2848 4239; x_wconf 81' lang='lat' dir='ltr'><strong>ego</strong></span> <span class='ocrx_word' id='word_1_716' title='bbox 2873 4169 3016 4238; x_wconf 90' lang='lat' dir='ltr'><strong>dico,</strong></span> <span class='ocrx_word' id='word_1_717' title='bbox 3044 4180 3104 4225; x_wconf 91' lang='lat' dir='ltr'><strong>ut</strong></span> <span class='ocrx_word' id='word_1_718' title='bbox 3129 4180 3217 4226; x_wconf 88' lang='lat' dir='ltr'><strong>tua</strong></span> <span class='ocrx_word' id='word_1_719' title='bbox 3249 4173 3418 4243; x_wconf 89' lang='lat' dir='ltr'><strong>ipsius</strong></span> <span class='ocrx_word' id='word_1_720' title='bbox 3436 4178 3705 4234; x_wconf 86' lang='lat' dir='ltr'><strong>sententia</strong></span> <span class='ocrx_word' id='word_1_721' title='bbox 3731 4180 3799 4237; x_wconf 87' lang='lat' dir='ltr'><strong>ad</strong></span> <span class='ocrx_word' id='word_1_722' title='bbox 3822 4182 3877 4238; x_wconf 89' lang='lat' dir='ltr'><strong>id</strong></span> 
     </span>
    </p>
   </div>
   <div class='ocr_carea' id='block_1_102' title="bbox 2275 4261 3875 4346">
    <p class='ocr_par' dir='ltr' id='par_1_102' title="bbox 2275 4261 3875 4346">
     <span class='ocr_line' id='line_1_103' title="bbox 2275 4261 3875 4346; baseline 0.009 -30"><span class='ocrx_word' id='word_1_723' title='bbox 2275 4261 2730 4332; x_wconf 89' lang='lat' dir='ltr'><strong>comprobandum</strong></span> <span class='ocrx_word' id='word_1_724' title='bbox 2759 4270 2880 4318; x_wconf 85' lang='lat' dir='ltr'><strong>utar</strong></span> <span class='ocrx_word' id='word_1_725' title='bbox 2910 4281 2923 4317; x_wconf 86' lang='lat'><strong>:</strong></span> <span class='ocrx_word' id='word_1_726' title='bbox 2955 4263 3033 4320; x_wconf 89' lang='lat' dir='ltr'><strong>sic</strong></span> <span class='ocrx_word' id='word_1_727' title='bbox 3058 4264 3429 4331; x_wconf 86' lang='lat' dir='ltr'><strong>enimdixisti,</strong></span> <span class='ocrx_word' id='word_1_728' title='bbox 3472 4268 3576 4326; x_wconf 89' lang='lat' dir='ltr'><strong>hoc</strong></span> <span class='ocrx_word' id='word_1_729' title='bbox 3602 4275 3875 4346; x_wconf 55' lang='lat' dir='ltr'><strong>praecipue</strong></span> 
     </span>
    </p>
   </div>
   <div class='ocr_carea' id='block_1_103' title="bbox 2275 4352 3878 4424">
    <p class='ocr_par' dir='ltr' id='par_1_103' title="bbox 2275 4352 3878 4424">
     <span class='ocr_line' id='line_1_104' title="bbox 2275 4352 3878 4424; baseline 0.01 -17"><span class='ocrx_word' id='word_1_730' title='bbox 2275 4352 2641 4424; x_wconf 88' lang='lat' dir='ltr'><strong>propensioris</strong></span> <span class='ocrx_word' id='word_1_731' title='bbox 2667 4368 2789 4409; x_wconf 84' lang='lat' dir='ltr'><strong>esse</strong></span> <span class='ocrx_word' id='word_1_732' title='bbox 2816 4353 3088 4423; x_wconf 69' lang='lat' dir='ltr'><strong>amicitiae,</strong></span> <span class='ocrx_word' id='word_1_733' title='bbox 3131 4367 3190 4411; x_wconf 92' lang='lat' dir='ltr'><strong>ut</strong></span> <span class='ocrx_word' id='word_1_734' title='bbox 3226 4358 3395 4414; x_wconf 84' lang='lat' dir='ltr'><strong>etiarn</strong></span> <span class='ocrx_word' id='word_1_735' title='bbox 3423 4367 3666 4420; x_wconf 79' lang='lat' dir='ltr'><strong>tacentes</strong></span> <span class='ocrx_word' id='word_1_736' title='bbox 3705 4365 3878 4423; x_wconf 80' lang='lat' dir='ltr'><strong>literis</strong></span> 
     </span>
    </p>
   </div>
   <div class='ocr_carea' id='block_1_104' title="bbox 2278 4447 3880 4522">
    <p class='ocr_par' dir='ltr' id='par_1_104' title="bbox 2278 4447 3880 4522">
     <span class='ocr_line' id='line_1_105' title="bbox 2278 4447 3880 4522; baseline 0.01 -22"><span class='ocrx_word' id='word_1_737' title='bbox 2278 4448 2626 4517; x_wconf 81' lang='lat' dir='ltr'><strong>appellemus.</strong></span> <span class='ocrx_word' id='word_1_738' title='bbox 2656 4447 2881 4516; x_wconf 86' lang='lat' dir='ltr'><strong>Quando</strong></span> <span class='ocrx_word' id='word_1_739' title='bbox 2909 4448 3068 4519; x_wconf 88' lang='lat' dir='ltr'><strong>igitur</strong></span> <span class='ocrx_word' id='word_1_740' title='bbox 3086 4457 3140 4505; x_wconf 92' lang='lat' dir='ltr'><strong>et</strong></span> <span class='ocrx_word' id='word_1_741' title='bbox 3163 4451 3600 4522; x_wconf 68' lang='lat' dir='ltr'><strong>prazcipitationis</strong></span> <span class='ocrx_word' id='word_1_742' title='bbox 3619 4470 3687 4511; x_wconf 84' lang='lat' dir='ltr'><strong>ac</strong></span> <span class='ocrx_word' id='word_1_743' title='bbox 3707 4467 3880 4516; x_wconf 86' lang='lat' dir='ltr'><strong>teme-</strong></span> 
     </span>
    </p>
   </div>
   <div class='ocr_carea' id='block_1_105' title="bbox 2279 4536 3882 4621">
    <p class='ocr_par' dir='ltr' id='par_1_105' title="bbox 2279 4536 3882 4621">
     <span class='ocr_line' id='line_1_106' title="bbox 2279 4536 3882 4621; baseline 0.008 -29"><span class='ocrx_word' id='word_1_744' title='bbox 2279 4537 2449 4593; x_wconf 90' lang='lat' dir='ltr'><strong>ritatis</strong></span> <span class='ocrx_word' id='word_1_745' title='bbox 2477 4549 2651 4594; x_wconf 89' lang='lat' dir='ltr'><strong>metus</strong></span> <span class='ocrx_word' id='word_1_746' title='bbox 2674 4536 2757 4594; x_wconf 67' lang='lat' dir='ltr'><strong>es&#39;t</strong></span> <span class='ocrx_word' id='word_1_747' title='bbox 2780 4549 3083 4610; x_wconf 87' lang='lat' dir='ltr'><strong>exemptus,</strong></span> <span class='ocrx_word' id='word_1_748' title='bbox 3125 4557 3231 4612; x_wconf 88' lang='lat' dir='ltr'><strong>quo</strong></span> <span class='ocrx_word' id='word_1_749' title='bbox 3253 4542 3370 4598; x_wconf 89' lang='lat' dir='ltr'><strong>sine</strong></span> <span class='ocrx_word' id='word_1_750' title='bbox 3403 4558 3566 4599; x_wconf 85' lang='lat' dir='ltr'><strong>causa</strong></span> <span class='ocrx_word' id='word_1_751' title='bbox 3591 4559 3882 4621; x_wconf 79' lang='lat' dir='ltr'><strong>correptus</strong></span> 
     </span>
    </p>
   </div>
   <div class='ocr_carea' id='block_1_106' title="bbox 2285 4630 3881 4701">
    <p class='ocr_par' dir='ltr' id='par_1_106' title="bbox 2285 4630 3881 4701">
     <span class='ocr_line' id='line_1_107' title="bbox 2285 4630 3881 4701; baseline 0.01 -18"><span class='ocrx_word' id='word_1_752' title='bbox 2285 4630 2482 4696; x_wconf 88' lang='lat' dir='ltr'><strong>fueras,</strong></span> <span class='ocrx_word' id='word_1_753' title='bbox 2511 4631 2689 4685; x_wconf 86' lang='lat' dir='ltr'><strong>ethoc</strong></span> <span class='ocrx_word' id='word_1_754' title='bbox 2717 4631 2892 4700; x_wconf 85' lang='lat' dir='ltr'><strong>ipsum</strong></span> <span class='ocrx_word' id='word_1_755' title='bbox 2913 4630 3134 4701; x_wconf 86' lang='lat' dir='ltr'><strong>majoris</strong></span> <span class='ocrx_word' id='word_1_756' title='bbox 3155 4632 3407 4690; x_wconf 90' lang='lat' dir='ltr'><strong>indicium</strong></span> <span class='ocrx_word' id='word_1_757' title='bbox 3428 4635 3672 4694; x_wconf 85' lang='lat' dir='ltr'><strong>caritatis</strong></span> <span class='ocrx_word' id='word_1_758' title='bbox 3695 4651 3881 4699; x_wconf 87' lang='lat' dir='ltr'><strong>osten-</strong></span> 
     </span>
    </p>
   </div>
   <div class='ocr_carea' id='block_1_107' title="bbox 2281 4722 3880 4804">
    <p class='ocr_par' dir='ltr' id='par_1_107' title="bbox 2281 4722 3880 4804">
     <span class='ocr_line' id='line_1_108' title="bbox 2281 4722 3880 4804; baseline 0.009 -27"><span class='ocrx_word' id='word_1_759' title='bbox 2281 4737 2398 4777; x_wconf 90' lang='lat' dir='ltr'><strong>sum</strong></span> <span class='ocrx_word' id='word_1_760' title='bbox 2429 4731 2532 4786; x_wconf 88' lang='lat' dir='ltr'><strong>est,</strong></span> <span class='ocrx_word' id='word_1_761' title='bbox 2565 4722 2832 4793; x_wconf 89' lang='lat' dir='ltr'><strong>ingentem</strong></span> <span class='ocrx_word' id='word_1_762' title='bbox 2858 4722 2926 4777; x_wconf 87' lang='lat' dir='ltr'><strong>ad</strong></span> <span class='ocrx_word' id='word_1_763' title='bbox 2952 4738 3052 4779; x_wconf 87' lang='lat' dir='ltr'><strong>nos</strong></span> <span class='ocrx_word' id='word_1_764' title='bbox 3077 4723 3330 4796; x_wconf 90' lang='lat' dir='ltr'><strong>deinceps</strong></span> <span class='ocrx_word' id='word_1_765' title='bbox 3360 4726 3639 4785; x_wconf 85' lang='lat' dir='ltr'><strong>literarum</strong></span> <span class='ocrx_word' id='word_1_766' title='bbox 3664 4734 3880 4804; x_wconf 84' lang='lat' dir='ltr'><strong>copiam</strong></span> 
     </span>
    </p>
   </div>
   <div class='ocr_carea' id='block_1_108' title="bbox 2281 4809 3881 4891">
    <p class='ocr_par' dir='ltr' id='par_1_108' title="bbox 2281 4809 3881 4891">
     <span class='ocr_line' id='line_1_109' title="bbox 2281 4809 3881 4891; baseline 0.008 -23"><span class='ocrx_word' id='word_1_767' title='bbox 2281 4814 2451 4869; x_wconf 91' lang='lat' dir='ltr'><strong>mitte.</strong></span> <span class='ocrx_word' id='word_1_768' title='bbox 2477 4809 2596 4868; x_wconf 83' lang='lat' dir='ltr'><strong>Non</strong></span> <span class='ocrx_word' id='word_1_769' title='bbox 2617 4813 2759 4868; x_wconf 91' lang='lat' dir='ltr'><strong>enim</strong></span> <span class='ocrx_word' id='word_1_770' title='bbox 2792 4823 2844 4869; x_wconf 91' lang='lat' dir='ltr'><strong>te</strong></span> <span class='ocrx_word' id='word_1_771' title='bbox 2871 4813 3003 4885; x_wconf 87' lang='lat' dir='ltr'><strong>fugit</strong></span> <span class='ocrx_word' id='word_1_772' title='bbox 3025 4830 3132 4886; x_wconf 90' lang='lat' dir='ltr'><strong>quo</strong></span> <span class='ocrx_word' id='word_1_773' title='bbox 3155 4817 3345 4873; x_wconf 85' lang='lat' dir='ltr'><strong>animo</strong></span> <span class='ocrx_word' id='word_1_774' title='bbox 3359 4833 3485 4891; x_wconf 86' lang='lat' dir='ltr'><strong>erga</strong></span> <span class='ocrx_word' id='word_1_775' title='bbox 3518 4829 3668 4879; x_wconf 87' lang='lat' dir='ltr'><strong>tuam</strong></span> <span class='ocrx_word' id='word_1_776' title='bbox 3698 4828 3881 4881; x_wconf 84' lang='lat' dir='ltr'><strong>suavi-</strong></span> 
     </span>
    </p>
   </div>
   <div class='ocr_carea' id='block_1_109' title="bbox 2281 4906 3882 4979">
    <p class='ocr_par' dir='ltr' id='par_1_109' title="bbox 2281 4906 3882 4979">
     <span class='ocr_line' id='line_1_110' title="bbox 2281 4906 3882 4979; baseline 0.01 -18"><span class='ocrx_word' id='word_1_777' title='bbox 2281 4916 2444 4962; x_wconf 89' lang='lat' dir='ltr'><strong>tatem</strong></span> <span class='ocrx_word' id='word_1_778' title='bbox 2469 4906 2646 4966; x_wconf 82' lang='lat' dir='ltr'><strong>all‘ecti</strong></span> <span class='ocrx_word' id='word_1_779' title='bbox 2673 4916 2727 4963; x_wconf 90' lang='lat' dir='ltr'><strong>et</strong></span> <span class='ocrx_word' id='word_1_780' title='bbox 2748 4907 3022 4979; x_wconf 88' lang='lat' dir='ltr'><strong>fuerimus,</strong></span> <span class='ocrx_word' id='word_1_781' title='bbox 3052 4920 3105 4967; x_wconf 92' lang='lat' dir='ltr'><strong>et</strong></span> <span class='ocrx_word' id='word_1_782' title='bbox 3129 4911 3314 4967; x_wconf 89' lang='lat' dir='ltr'><strong>simus.</strong></span> <span class='ocrx_word' id='word_1_783' title='bbox 3343 4913 3476 4969; x_wconf 83' lang='lat' dir='ltr'><strong>Nam</strong></span> <span class='ocrx_word' id='word_1_784' title='bbox 3503 4915 3630 4972; x_wconf 90' lang='lat' dir='ltr'><strong>licet</strong></span> <span class='ocrx_word' id='word_1_785' title='bbox 3655 4918 3710 4973; x_wconf 88' lang='lat' dir='ltr'><strong>in</strong></span> <span class='ocrx_word' id='word_1_786' title='bbox 3733 4919 3882 4977; x_wconf 82' lang='lat' dir='ltr'><strong>hunc</strong></span> 
     </span>
    </p>
   </div>
   <div class='ocr_carea' id='block_1_110' title="bbox 2279 4999 3883 5084">
    <p class='ocr_par' dir='ltr' id='par_1_110' title="bbox 2279 4999 3883 5084">
     <span class='ocr_line' id='line_1_111' title="bbox 2279 4999 3883 5084; baseline 0.009 -30"><span class='ocrx_word' id='word_1_787' title='bbox 2279 4999 2706 5056; x_wconf 86' lang='lat' dir='ltr'><strong>desertissimum</strong></span> <span class='ocrx_word' id='word_1_788' title='bbox 2749 5001 2923 5056; x_wconf 91' lang='lat' dir='ltr'><strong>locum</strong></span> <span class='ocrx_word' id='word_1_789' title='bbox 2963 5003 3181 5075; x_wconf 88' lang='lat' dir='ltr'><strong>relegati</strong></span> <span class='ocrx_word' id='word_1_790' title='bbox 3227 5006 3431 5074; x_wconf 89' lang='lat' dir='ltr'><strong>simus,</strong></span> <span class='ocrx_word' id='word_1_791' title='bbox 3461 5009 3590 5065; x_wconf 87' lang='lat' dir='ltr'><strong>licet</strong></span> <span class='ocrx_word' id='word_1_792' title='bbox 3613 5011 3686 5067; x_wconf 85' lang='lat' dir='ltr'><strong>ad</strong></span> <span class='ocrx_word' id='word_1_793' title='bbox 3729 5012 3883 5084; x_wconf 80' lang='lat' dir='ltr'><strong>ipsos</strong></span> 
     </span>
    </p>
   </div>
   <div class='ocr_carea' id='block_1_111' title="bbox 2279 5093 3882 5180">
    <p class='ocr_par' dir='ltr' id='par_1_111' title="bbox 2279 5093 3882 5180">
     <span class='ocr_line' id='line_1_112' title="bbox 2279 5093 3882 5180; baseline 0.01 -32"><span class='ocrx_word' id='word_1_794' title='bbox 2279 5093 2425 5148; x_wconf 86' lang='lat' dir='ltr'><strong>orbis</strong></span> <span class='ocrx_word' id='word_1_795' title='bbox 2457 5106 2719 5148; x_wconf 87' lang='lat' dir='ltr'><strong>terrarum</strong></span> <span class='ocrx_word' id='word_1_796' title='bbox 2748 5095 2959 5150; x_wconf 86' lang='lat' dir='ltr'><strong>ultimos</strong></span> <span class='ocrx_word' id='word_1_797' title='bbox 2985 5098 3134 5162; x_wconf 89' lang='lat' dir='ltr'><strong>lines,</strong></span> <span class='ocrx_word' id='word_1_798' title='bbox 3161 5099 3385 5155; x_wconf 76' lang='lat' dir='ltr'><strong>sincera:</strong></span> <span class='ocrx_word' id='word_1_799' title='bbox 3416 5110 3520 5158; x_wconf 71' lang='lat' dir='ltr'><strong>tute</strong></span> <span class='ocrx_word' id='word_1_800' title='bbox 3546 5104 3882 5180; x_wconf 82' lang='lat' dir='ltr'><strong>minimeque</strong></span> 
     </span>
    </p>
   </div>
   <div class='ocr_carea' id='block_1_112' title="bbox 2279 5184 3880 5270">
    <p class='ocr_par' dir='ltr' id='par_1_112' title="bbox 2279 5184 3880 5270">
     <span class='ocr_line' id='line_1_113' title="bbox 2279 5184 3880 5270; baseline 0.011 -30"><span class='ocrx_word' id='word_1_801' title='bbox 2279 5184 2469 5241; x_wconf 60' lang='lat' dir='ltr'><strong>fucata;</strong></span> <span class='ocrx_word' id='word_1_802' title='bbox 2494 5187 2732 5242; x_wconf 87' lang='lat' dir='ltr'><strong>caritatis</strong></span> <span class='ocrx_word' id='word_1_803' title='bbox 2758 5187 2995 5244; x_wconf 89' lang='lat' dir='ltr'><strong>oblivisci</strong></span> <span class='ocrx_word' id='word_1_804' title='bbox 3035 5206 3140 5246; x_wconf 91' lang='lat' dir='ltr'><strong>non</strong></span> <span class='ocrx_word' id='word_1_805' title='bbox 3179 5207 3483 5263; x_wconf 87' lang='lat' dir='ltr'><strong>possumus,</strong></span> <span class='ocrx_word' id='word_1_806' title='bbox 3514 5195 3610 5252; x_wconf 87' lang='lat' dir='ltr'><strong>sed</strong></span> <span class='ocrx_word' id='word_1_807' title='bbox 3648 5198 3880 5270; x_wconf 83' lang='lat' dir='ltr'><strong>singulis</strong></span> 
     </span>
    </p>
   </div>
   <div class='ocr_carea' id='block_1_113' title="bbox 2279 5279 3879 5365">
    <p class='ocr_par' dir='ltr' id='par_1_113' title="bbox 2279 5279 3879 5365">
     <span class='ocr_line' id='line_1_114' title="bbox 2279 5279 3879 5365; baseline 0.01 -31"><span class='ocrx_word' id='word_1_808' title='bbox 2279 5279 2467 5336; x_wconf 80' lang='lat' dir='ltr'><strong>diebus</strong></span> <span class='ocrx_word' id='word_1_809' title='bbox 2493 5279 2637 5335; x_wconf 87' lang='lat' dir='ltr'><strong>illam</strong></span> <span class='ocrx_word' id='word_1_810' title='bbox 2669 5290 2848 5335; x_wconf 90' lang='lat' dir='ltr'><strong>mente</strong></span> <span class='ocrx_word' id='word_1_811' title='bbox 2873 5296 3087 5340; x_wconf 87' lang='lat' dir='ltr'><strong>versare</strong></span> <span class='ocrx_word' id='word_1_812' title='bbox 3106 5297 3212 5340; x_wconf 94' lang='lat' dir='ltr'><strong>non</strong></span> <span class='ocrx_word' id='word_1_813' title='bbox 3232 5284 3550 5356; x_wconf 90' lang='lat' dir='ltr'><strong>desinimus,</strong></span> <span class='ocrx_word' id='word_1_814' title='bbox 3573 5291 3879 5365; x_wconf 72' lang='lat' dir='ltr'><strong>animmque</strong></span> 
     </span>
    </p>
   </div>
   <div class='ocr_carea' id='block_1_114' title="bbox 2281 5374 3878 5454">
    <p class='ocr_par' dir='ltr' id='par_1_114' title="bbox 2281 5374 3878 5454">
     <span class='ocr_line' id='line_1_115' title="bbox 2281 5374 3878 5454; baseline 0.008 -24"><span class='ocrx_word' id='word_1_815' title='bbox 2281 5383 2385 5430; x_wconf 66' lang='lat' dir='ltr'><strong>tua:</strong></span> <span class='ocrx_word' id='word_1_816' title='bbox 2415 5376 2639 5429; x_wconf 88' lang='lat' dir='ltr'><strong>virtutes</strong></span> <span class='ocrx_word' id='word_1_817' title='bbox 2667 5374 3032 5431; x_wconf 87' lang='lat' dir='ltr'><strong>recordatione</strong></span> <span class='ocrx_word' id='word_1_818' title='bbox 3060 5375 3214 5432; x_wconf 90' lang='lat' dir='ltr'><strong>nobis</strong></span> <span class='ocrx_word' id='word_1_819' title='bbox 3241 5377 3513 5450; x_wconf 88' lang='lat' dir='ltr'><strong>eflingere.</strong></span> <span class='ocrx_word' id='word_1_820' title='bbox 3544 5384 3620 5438; x_wconf 83' lang='lat' dir='ltr'><strong>Ac</strong></span> <span class='ocrx_word' id='word_1_821' title='bbox 3641 5399 3878 5454; x_wconf 86' lang='lat' dir='ltr'><strong>cupere-</strong></span> 
     </span>
    </p>
   </div>
   <div class='ocr_carea' id='block_1_115' title="bbox 2279 5465 3877 5546">
    <p class='ocr_par' dir='ltr' id='par_1_115' title="bbox 2279 5465 3877 5546">
     <span class='ocr_line' id='line_1_116' title="bbox 2279 5465 3877 5546; baseline 0.008 -25"><span class='ocrx_word' id='word_1_822' title='bbox 2279 5483 2398 5521; x_wconf 88' lang='lat' dir='ltr'><strong>mus</strong></span> <span class='ocrx_word' id='word_1_823' title='bbox 2422 5465 2638 5536; x_wconf 89' lang='lat' dir='ltr'><strong>quidem</strong></span> <span class='ocrx_word' id='word_1_824' title='bbox 2665 5467 2904 5522; x_wconf 88' lang='lat' dir='ltr'><strong>crebrius</strong></span> <span class='ocrx_word' id='word_1_825' title='bbox 2928 5467 2993 5523; x_wconf 90' lang='lat' dir='ltr'><strong>ad</strong></span> <span class='ocrx_word' id='word_1_826' title='bbox 3022 5484 3117 5524; x_wconf 90' lang='lat' dir='ltr'><strong>vos</strong></span> <span class='ocrx_word' id='word_1_827' title='bbox 3145 5470 3381 5527; x_wconf 87' lang='lat' dir='ltr'><strong>scribere</strong></span> <span class='ocrx_word' id='word_1_828' title='bbox 3417 5489 3433 5526; x_wconf 87' lang='lat'><strong>:</strong></span> <span class='ocrx_word' id='word_1_829' title='bbox 3479 5474 3572 5530; x_wconf 91' lang='lat' dir='ltr'><strong>sed</strong></span> <span class='ocrx_word' id='word_1_830' title='bbox 3613 5479 3877 5546; x_wconf 88' lang='lat' dir='ltr'><strong>quoniam</strong></span> 
     </span>
    </p>
   </div>
   <div class='ocr_carea' id='block_1_116' title="bbox 2280 5557 3873 5637">
    <p class='ocr_par' dir='ltr' id='par_1_116' title="bbox 2280 5557 3873 5637">
     <span class='ocr_line' id='line_1_117' title="bbox 2280 5557 3873 5637; baseline 0.006 -22"><span class='ocrx_word' id='word_1_831' title='bbox 2280 5560 2331 5615; x_wconf 93' lang='lat' dir='ltr'><strong>id</strong></span> <span class='ocrx_word' id='word_1_832' title='bbox 2359 5560 2511 5614; x_wconf 87' lang='lat' dir='ltr'><strong>nobis</strong></span> <span class='ocrx_word' id='word_1_833' title='bbox 2536 5569 2618 5614; x_wconf 89' lang='lat' dir='ltr'><strong>est</strong></span> <span class='ocrx_word' id='word_1_834' title='bbox 2643 5557 2872 5626; x_wconf 86' lang='lat' dir='ltr'><strong>difficile,</strong></span> <span class='ocrx_word' id='word_1_835' title='bbox 2905 5562 3048 5632; x_wconf 86' lang='lat' dir='ltr'><strong>quia</strong></span> <span class='ocrx_word' id='word_1_836' title='bbox 3077 5561 3228 5618; x_wconf 87' lang='lat' dir='ltr'><strong>vobis</strong></span> <span class='ocrx_word' id='word_1_837' title='bbox 3253 5563 3388 5620; x_wconf 91' lang='lat' dir='ltr'><strong>adeo</strong></span> <span class='ocrx_word' id='word_1_838' title='bbox 3409 5566 3638 5636; x_wconf 88' lang='lat' dir='ltr'><strong>sejuncti</strong></span> <span class='ocrx_word' id='word_1_839' title='bbox 3661 5584 3873 5637; x_wconf 87' lang='lat' dir='ltr'><strong>sumus,</strong></span> 
     </span>
    </p>
   </div>
   <div class='ocr_carea' id='block_1_117' title="bbox 2283 5651 3876 5731">
    <p class='ocr_par' dir='ltr' id='par_1_117' title="bbox 2283 5651 3876 5731">
     <span class='ocr_line' id='line_1_118' title="bbox 2283 5651 3876 5731; baseline 0.006 -22"><span class='ocrx_word' id='word_1_840' title='bbox 2283 5653 2434 5709; x_wconf 87' lang='lat' dir='ltr'><strong>vobis</strong></span> <span class='ocrx_word' id='word_1_841' title='bbox 2459 5659 2639 5707; x_wconf 90' lang='lat' dir='ltr'><strong>autem</strong></span> <span class='ocrx_word' id='word_1_842' title='bbox 2663 5651 2930 5722; x_wconf 86' lang='lat' dir='ltr'><strong>perlacile,</strong></span> <span class='ocrx_word' id='word_1_843' title='bbox 2960 5654 3236 5711; x_wconf 89' lang='lat' dir='ltr'><strong>hortamur</strong></span> <span class='ocrx_word' id='word_1_844' title='bbox 3253 5671 3368 5725; x_wconf 89' lang='lat' dir='ltr'><strong>vos,</strong></span> <span class='ocrx_word' id='word_1_845' title='bbox 3391 5667 3451 5713; x_wconf 92' lang='lat' dir='ltr'><strong>ut</strong></span> <span class='ocrx_word' id='word_1_846' title='bbox 3467 5657 3781 5731; x_wconf 85' lang='lat' dir='ltr'><strong>frequentes</strong></span> <span class='ocrx_word' id='word_1_847' title='bbox 3809 5667 3876 5718; x_wconf 84' lang='lat' dir='ltr'><strong>ad</strong></span> 
     </span>
    </p>
   </div>
   <div class='ocr_carea' id='block_1_118' title="bbox 2280 5741 3881 5819">
    <p class='ocr_par' dir='ltr' id='par_1_118' title="bbox 2280 5741 3881 5819">
     <span class='ocr_line' id='line_1_119' title="bbox 2280 5741 3881 5819; baseline 0.002 -15"><span class='ocrx_word' id='word_1_848' title='bbox 2280 5760 2379 5804; x_wconf 90' lang='lat' dir='ltr'><strong>nos</strong></span> <span class='ocrx_word' id='word_1_849' title='bbox 2402 5744 2584 5803; x_wconf 87' lang='lat' dir='ltr'><strong>literas</strong></span> <span class='ocrx_word' id='word_1_850' title='bbox 2617 5741 2686 5801; x_wconf 89' lang='lat' dir='ltr'><strong>de</strong></span> <span class='ocrx_word' id='word_1_851' title='bbox 2725 5754 2898 5803; x_wconf 79' lang='lat' dir='ltr'><strong>vestra</strong></span> <span class='ocrx_word' id='word_1_852' title='bbox 2932 5746 3198 5819; x_wconf 87' lang='lat' dir='ltr'><strong>totiusque</strong></span> <span class='ocrx_word' id='word_1_853' title='bbox 3227 5743 3422 5799; x_wconf 88' lang='lat' dir='ltr'><strong>domus</strong></span> <span class='ocrx_word' id='word_1_854' title='bbox 3449 5751 3643 5803; x_wconf 74' lang='lat' dir='ltr'><strong>vestra:</strong></span> <span class='ocrx_word' id='word_1_855' title='bbox 3673 5749 3881 5808; x_wconf 84' lang='lat' dir='ltr'><strong>valetu-</strong></span> 
     </span>
    </p>
   </div>
  </div>
