4076 6428
261 353 370 413 715

260 477 360 533 καὶ
391 472 486 528 τὸν
518 472 578 526 ἐν
608 468 867 540 εὐλαϐείᾳ
899 468 1003 540 ζῇν
1049 454 1423 520 ἐσπουδακότα
1442 501 1458 526 ,
1513 463 1607 516 καὶ
1651 461 1854 530 πολλὴν

261 563 456 637 ιχοντα
487 561 767 633 ἀνδρείαν,
803 562 838 632 ή
863 558 973 611 τῶν
998 555 1211 628 καιρῶν
1240 553 1519 609 δυσκολία.
1558 554 1623 606 Ὀ
1663 551 1732 620 δὴ
1765 552 1862 604 καὶ

261 656 350 728 ἐφ’
379 655 540 728 ὐμῶν
568 655 782 724 γέγονε,
817 651 911 705 καὶ
939 651 1002 706 τό
1033 666 1098 720 γε
1127 648 1393 720 ὑμέτερον
1424 647 1614 720 μέρος,
1641 645 1861 698 ἃπαντα

259 747 586 820 διώρθωται,
609 744 704 797 καὶ
729 743 883 797 οὐδὲν
905 742 1270 797 ἐλλέλειπται.
1307 738 1432 793 Ἀλλ
1473 736 1663 807 ἐπειδὴ
1689 737 1739 789 οί
1761 735 1862 798 τὰς

258 840 513 910 ταραχάς
553 837 650 891 καὶ
690 835 944 900 τεκόντες
968 835 1064 889 καὶ
1096 833 1376 897 τίκτοντες
1403 834 1485 896 εἰς
1513 829 1674 885 τοῦτο
1701 825 1859 902 [705]

258 924 427 1000 ἦλθον
457 925 781 998 παρανοίας,
833 924 910 989 ὡς
962 924 1040 996 μὴ
1087 923 1248 994 μόνον
1303 923 1378 994 μὴ
1419 917 1861 992 ἐγκαλύπτεσθαι

261 1020 378 1082 τοῖς
427 1017 740 1090 προτέροις,
789 1014 928 1069 ἀλλά
960 1015 1057 1068 καὶ
1092 1012 1533 1084 ἐπαγωνίζεσθαι
1593 1010 1858 1076 ἐκείνοις,

262 1109 568 1181 παρακαλῶ
600 1109 754 1178 κοινῇ
787 1107 1000 1170 πάντας
1041 1105 1197 1177 ὐμῶν
1224 1103 1682 1176 ἐρῤωμενεστάτῃ
1723 1101 1862 1172 χρή-

264 1199 466 1254 σασθαι
486 1199 555 1268 τῇ
586 1196 889 1269 προθυμίᾳ,
911 1194 1006 1249 καὶ
1042 1195 1117 1266 μὴ
1141 1194 1441 1249 καταλῦσαι
1462 1193 1563 1265 τὴν
1585 1193 1860 1262 τοσαύτην

265 1291 527 1362 σπουδὴν,
558 1289 695 1344 ἀλλά
719 1289 815 1344 καὶ
836 1287 1186 1359 προστιθέναι
1213 1287 1502 1357 μειζόνως,
1530 1284 1635 1339 κᾶν
1667 1284 1859 1357 μυρίαι

262 1380 546 1452 δυσκολίαι
596 1378 1198 1453 παρεμπίπτωσινν-»Οί
1249 1377 1360 1448 7&9
1401 1377 1540 1447 μετά
1593 1374 1861 1429 πλειόνων

269 1468 511 1543 ἱδρώτων
544 1471 639 1524 καὶ
668 1469 848 1524 πόνων
878 1469 1023 1540 μέγα
1052 1485 1108 1521 τι
1134 1469 1230 1522 καὶ
1257 1469 1506 1534 γενναῖον
1532 1463 1864 1537 κατορθοῦν-

262 1579 379 1626 τες,
405 1562 517 1616 τῶν
546 1562 747 1633 ῥᾳδίως
771 1563 867 1616 καὶ
907 1562 1025 1632 μετ’
1057 1560 1312 1624 εὐκολίας
1355 1558 1516 1614 τοῦτο
1559 1558 1861 1612 ποιούντων

264 1652 491 1708 πλείονα
516 1653 776 1725 λήψονται
802 1653 894 1707 τὸν
918 1652 1132 1722 μισθόν.
1163 1651 1472 1716 Ἕκαστος
1499 1651 1632 1721 γάρ,
1649 1649 1815 1720 φησὶν
1833 1651 1861 1703 ὁ

268 1747 542 1818 μακάριος
574 1745 804 1810 Παῦλος,
832 1745 941 1798 τὸν
961 1744 1120 1798 lator
1149 1742 1371 1811 μισθὸν
1399 1741 1682 1810 λήψεται,
1714 1741 1864 1796 κατὰ

263 1837 375 1893 τὸν
410 1836 568 1890 ιδιον
595 1839 809 1892 κόπον.
861 1836 953 1906 Μὴ
993 1837 1176 1890 τοίνυδ
1221 1834 1282 1890 τὸ
1315 1833 1486 1888 πολλά
1519 1834 1862 1904 κεκμηκέναι

264 1928 490 1984 ποιείτω
520 1929 667 2000 ὑμᾶς
695 1927 1084 2000 ἀπαγορεύεινο
1123 1927 1241 1980 ἀλλ’
1269 1925 1405 1980 αὐτὸ
1441 1926 1507 1998 δή
1533 1924 1692 1979 τοῦτο
1717 1926 1862 1997 μάλα

263 2019 358 2076 λον
379 2019 716 2093 διεγειρέτω.
743 2020 895 2091 Ὀσῳ
913 2018 1022 2090 7&9
1050 2019 1117 2074 ἂν
1141 2017 1463 2090 προσθήκην
1481 2017 1623 2088 λάϐῃ
1653 2016 1724 2070 τά
1751 2015 1863 2071 τῶν

266 2111 616 2183 πειρασμῶν,
647 2108 888 2181 τοσούτῳ
929 2109 1132 2180 μᾶλλον
1164 2107 1388 2174 αὐξεται
1412 2109 1482 2162 τά
1517 2107 1629 2160 τῶν
1660 2108 1865 2178 στεφά-

265 2219 396 2269 νων,
420 2205 516 2256 καὶ
536 2201 828 2267 ,πλεονάζει
853 2201 926 2255 τά
959 2200 1103 2272 ὺπέρ
1143 2200 1252 2255 τῶν
1287 2199 1467 2256 καλῶν
1497 2198 1708 2253 τούτων
1733 2199 1864 2271 ὑμῖν

265 2293 496 2365 ἀγώνων
524 2293 865 2366 ἀποκείμενα
894 2291 1142 2366 βραδεῖα.

475 2437 662 2496 PIN".
698 2439 967 2510 Ἦσυχίῳ
991 2439 1306 2506 ἐπισκόπῳ
1328 2437 1645 2494 Σαλώνιον.

341 2563 405 2618 Εἰ
438 2563 534 2618 καὶ
568 2564 753 2636 πολλῷ
780 2563 1132 2636 δωιργόμεθα
1168 2563 1250 2636 τῷ
1282 2566 1383 2636 τῆς
1414 2563 1535 2619 ὀδοῦ
1565 2565 1732 2637 μήκει
1759 2565 1861 2635 τῆς

266 2655 587 2728 τιμιότητός
608 2672 724 2721 σου,
754 2654 1004 2726 καὶπρὸς
1022 2654 1194 2717 αὐτάς
1216 2656 1386 2726 ἐσμεν
1407 2657 1507 2728 τῆς
1537 2654 1864 2725 οἰκουμένης

264 2745 368 2808 τάς
397 2743 661 2815 ἐσχατιὰς
707 2743 1118 2815 ἀπῳκισμένοι,
1167 2743 1282 2796 ἀλλ’
1313 2744 1465 2816 ὅμως
1494 2744 1574 2817 τῷ
1604 2745 1703 2815 τῆς
1724 2744 1864 2813 ἀγά-

268 2851 381 2904 πης
411 2832 596 2906 πτερῷ
621 2832 914 2904 χρώμενοι,
948 2834 1140 2906 κούφῳ
1168 2851 1230 2887 τε
1257 2834 1394 2901 δντι,
1418 2834 1515 2889 καὶ
1545 2835 1737 2907 ῥᾳδίας
1764 2835 1864 2900 τάς

264 2927 523 2991 τοιαύτας
552 2928 866 2999 ἀποδημίας
920 2931 1316 3002 ἐργαζομένῳ,
1367 2931 1597 3003 πλησίον
1645 2932 1708 2986 τέ
1765 2933 1860 2987 σού

265 3019 458 3088 ἐσμεν,
493 3020 589 3073 καὶ
621 3019 891 3092 σύνεσμέν
921 3038 1025 3085 σοι,
1075 3022 1170 3075 καὶ
1201 3021 1303 3092 τήν
1350 3022 1711 3094 ὀφειλομένην
1752 3023 1864 3078 τῶν

265 3111 616 3182 γραμμάτων
646 3113 1009 3184 ἀποδιδόαμεν
1031 3113 1360 3184 πρόσρησιν,
1395 3115 1490 3168 καί
1515 3132 1574 3168 σε
1607 3133 1864 3188 παρακα-

267 3199 473 3272 λοῦμεν
500 3201 599 3273 τὴν
632 3205 1017 3275 προσήκουσαν
1048 3206 1190 3276 ὐπέρ
1212 3206 1322 3260 τῶν
1373 3207 1714 3280 Ἐκκλησιῶν
1751 3209 1867 3264 τῶν

270 3294 413 3348 κατά
437 3294 539 3366 τήν
572 3294 866 3366 ’Δνατολὴν
900 3296 1232 3366 ποιήσασθαι
1265 3299 1522 3372 σπουδήν.
1554 3295 1727 3355 Οἶσθα
1753 3304 1865 3376 7&9

266 3383 458 3456 ήλίκος
480 3387 626 3440 ἐστὶν
648 3389 678 3440 ό
700 3387 892 3458 μισθὸς
927 3386 1279 3458 Ἐκκλησίαις
1311 3393 1676 3465 πονουμέναις
1704 3399 1863 3466 χεῖρα

266 3475 504 3546 ὀρέγειν,
537 3477 783 3549 ταραχὴν
811 3480 1080 3551 τοσαύτην
1118 3483 1200 3547 εἰς
1250 3483 1496 3557 γαλήνην
1524 3486 1861 3555 μεταθεῖναι,

267 3567 366 3619 καὶ
393 3567 629 3638 πόλεμον
655 3569 800 3623 οῦτω
828 3572 1058 3644 σφοδρὸν
1079 3575 1406 3630 καταλῦσαι.
1436 3577 1547 3631 Καὶ
1571 3577 1744 3633 ταῦτα
1765 3580 1865 3653 οὐχ

263 3658 342 3723 ῶς
357 3660 645 3732 δεομένους
673 3663 816 3734 ὑμᾶς
851 3665 948 3736 τῆς
976 3666 1108 3739 παρ’
1127 3668 1285 3739 ήμῶν
1303 3670 1669 3741 ὑπομνήσεως
1689 3689 1865 3745 παρα-

267 3749 562 3822 καλοῦμεν·
583 3752 806 3825 καὶγὰρ
829 3753 924 3807 καὶ
946 3755 1053 3826 πρὸ
1077 3755 1187 3813 τῶν
1207 3759 1864 3834 ήμετέρωνγραμμάτων

265 3837 336 3892 τά
365 3839 496 3910 παρ’
527 3839 681 3911 ὑμῶν
707 3841 861 3895 αὐτοὶ
888 3847 1249 3916 πεποιήκατεσ
1278 3847 1395 3902 ἀλλ’
1426 3850 1620 3922 ἐπειδὴ
1646 3853 1864 3908 οὐδέπω

265 3930 337 3985 τά
371 3930 524 3986 δεινά
549 3931 790 3999 λέλυται,
828 3934 965 3989 ἀλλά
992 3939 1086 3990 καὶ
1116 3924 1389 4010 ἀκμάζει,
1423 3941 1687 4014 ἀξιοῦμεν
1717 3945 1866 4017 ὑμᾶς

269 4019 346 4091 μὴ
379 4022 692 4088 ἀναπεσεῖν,
756 4025 892 4098 μηδέ
939 4029 1313 4101 περικακῆσαι
1340 4070 1355 4096 ,
1403 4033 1520 4087 ἀλλ’
1569 4035 1676 4098 ἐως
1710 4037 1864 4107 μένει

263 4113 335 4166 τά
369 4113 500 4185 ῑλκη
537 4115 599 4168 τὸ
629 4115 791 4187 σῶμα
826 4118 929 4189 τῆς
971 4119 1300 4192 Ἐκκλησίας
1341 4125 1729 4196 συντρίϐοντα,
1769 4129 1865 4182 καὶ

264 4205 334 4260 τά
357 4207 487 4277 παρ’
512 4207 665 4279 ὑμῶν
694 4209 965 4281 φάρμακα
987 4212 1309 4267 ἐπιτιθέναι·
1335 4217 1562 4290 καὶγὰρ
1584 4219 1696 4292 ὅσῳ
1724 4221 1867 4292 μετά

266 4298 530 4354 πλειόνων
579 4302 758 4356 πόνων
812 4302 1037 4357 ἀνύεται
1083 4306 1154 4359 τά
1196 4309 1537 4380 προκείμενα
1564 4351 1581 4378 ,
1623 4314 1860 4386 τοσούτῳ

265 4389 470 4445 πλείων
495 4391 624 4462 ὑμῖν
659 4394 906 4448 κείσεται
934 4396 1030 4450 καί
1066 4399 1095 4451 ὁ
1136 4387 1349 4470 μισθός.

441 4508 621 4565 ΡΠΔ’.
660 4508 1005 4580 Γαυδεντίφ
1033 4512 1350 4583 έπισκόπῳ
1384 4517 1612 4588 Βριεης
1638 4532 1689 4579 ⁸.

333 4617 504 4674 Οὐδὲν
529 4622 678 4693 ἡμᾶς
702 4623 858 4678 ἐλαθε
891 4625 1002 4680 τῶν
1042 4626 1172 4696 σῶν,
1208 4629 1325 4684 ἀλλ’
1371 4631 1625 4706 ἔγνωμεν
1670 4639 1860 4708 σαφῶς

261 4709 348 4804 ὡς
379 4712 644 4805 παρόντες
673 4715 773 4787 τὴν
800 4716 1039 4789 σπουδήν
1073 4736 1189 4784 σου,
1242 4723 1343 4794 τὴν
1393 4727 1730 4797 ἀγρυπνίαν,
1758 4733 1862 4805 τὴν

261 4804 540 4900 ν-ρογτίδα,
571 4808 700 4900 τοὺς
731 4811 1038 4900 καμάτευς,
1068 4815 1197 4879 τοὺς
1233 4817 1434 4882 πόνους
1465 4819 1561 4885 οὒς
1592 4823 1735 4896 ὑπὲρ
1761 4804 1864 4896 τῆς

259 4895 524 4984 ἀληθείας
577 4899 858 4968 ἐπεδείξω,
895 4895 990 4956 καί
1030 4921 1112 4958 σοι
1153 4906 1387 4980 χάριτας
1424 4910 1630 4977 πολλὰς
1671 4895 1863 4985 ὁμολο-

259 4989 491 5082 γοῦμενο
527 4993 624 5047 καὶ
654 4995 713 5047 ἐν
740 4995 980 5072 τοσαύτη
1002 4999 1303 5072 καθήμενοι
1331 5004 1561 5078 ἐρημίᾳ,
1594 5008 1862 5082 μεγίστην

257 5081 460 5153 ἔχομεν
487 5084 859 5158 παράκλησιν,
909 5093 1012 5161 τῆς
1048 5092 1272 5166 ἀγάπης
1315 5113 1411 5151 σου
1441 5098 1502 5151 τὸ
1530 5097 1733 5170 θερμὸν
1765 5081 1862 5154 καὶ

257 5174 509 5244 γνήσιον,
533 5170 602 5246 ἧς
624 5180 822 5249 πεῖραν
854 5180 1092 5236 ἐνταῦθα
1114 5182 1392 5250 λαϐόντες,
1419 5187 1668 5259 ἔγνωμεν
1689 5190 1860 5264 αὐτὴν

256 5266 622 5336 ἀκμάζουσαν
648 5272 744 5325 καί
765 5273 968 5339 ἐκεῖσε,
1000 5276 1098 5328 καὶ
1122 5278 1277 5331 οὐδὲν
1293 5278 1417 5333 οὐτε
1433 5280 1513 5352 τῷ
1534 5283 1732 5356 πλήθει
1762 5284 1857 5339 τοῦ

259 5361 477 5433 χρόνου,
524 5361 649 5417 οὐτε
688 5365 769 5436 τῷ
804 5368 970 5438 μήκει
1003 5370 1102 5440 τῆς
1149 5371 1271 5425 ὀδοῦ
1311 5378 1856 5446 καταμαρανθεῖσαν.

257 5449 360 5504 Διά
387 5450 546 5506 τοῦτό
577 5469 660 5506 σοι
685 5455 918 5526 χάριτας
948 5458 1106 5528 ῐσμεν
1138 5461 1362 5526 πολλὰς,
1388 5464 1484 5518 καί
1511 5482 1572 5517 σε
1602 5484 1858 5539 παρακα-

257 5542 462 5613 λοῦμεν
492 5541 648 5618 [704]
673 5545 858 5617 μένειν
880 5547 979 5620 τὴν
1013 5550 1185 5621 αὐτὴν
1210 5553 1658 5627 ἐπιδεικνύμενον
1688 5576 1856 5614 σπου⁶

255 5633 378 5701 δήν.
416 5629 579 5700 Οἶδας
611 5637 721 5710 γάρ
747 5639 889 5712 ὑπὲρ
916 5642 1058 5695 ὅσων
1105 5643 1444 5718 Ἐκκλησιῶν
1478 5650 1610 5720 ὑμῖν
1645 5652 1676 5704 ὀ
1703 5651 1855 5722 ἀγὼν

319 5766 350 5798 ⁸
374 5766 525 5819 smn.
549 5770 743 5836 Βρΰεης.
761 5771 929 5823 Codex
953 5787 1082 5826 unus
1103 5774 1368 5830 Frontonis
1380 5779 1549 5834 Docti
1569 5783 1760 5850 Βρίζης.

1709 333 2095 395 ΕΡΙὸτΟΙΑΕ.

3462 324 3568 381 756

1968 461 2256 532 πρόκειται
2278 459 2394 522 νῦν,
2415 459 2510 512 καὶ
2535 455 2723 529 ἡλίκον
2750 453 2903 509 ἔσται
2926 451 3022 508 τοῦ
3053 449 3481 525 κατορθώματος
3501 453 3567 506 τδρ

1971 555 2220 626 μέγεθος.
2252 551 2416 606 Ταῦτ’
2444 546 2539 605 οῦν
2571 547 2794 613 ἐννοῶν,
2827 546 3067 601 δέσποτά
3114 564 3216 620 μου
3260 543 3564 618 τιμιώτατε

1966 648 2067 702 καὶ
2087 646 2472 711 εὐλαϐέστατε,
2507 646 2787 715 ἐπιμεῖναι
2818 644 2886 714 τῇ
2927 642 3068 714 αὐτῇ
3115 640 3321 712 σπουδῇ
3377 656 3566 712 παρα-

1967 737 2222 808 κλήθητι.
2237 737 2397 790 Οὕτω
2419 736 2530 809 γάρ
2553 735 2710 805 ὀλίγα
2735 734 3060 806 κάμνοντες,
3081 732 3327 788 ἀθάνατα
3349 733 3568 798 ἑαυτοῖς

1970 827 2426 901 προαποθήσεσθε
2472 830 2532 881 ἐν
2559 829 2672 891 τοῖς
2703 827 2957 900 οὐρανοῖς
2989 825 3100 881 τῶν
3143 824 3327 881 καλῶν
3361 824 3571 880 τούτων

1968 920 2199 990 ἀγώνιον
2231 919 2303 974 τά
2343 918 2594 991 βραδεῖα.

2343 1078 2532 1132 PHE'.
2559 1075 2857 1143 Πενταδιᾳ
2891 1075 3170 1143 διακόνῳ.

2032 1233 2267 1307 Μακμὶν
2293 1235 2560 1310 ἐσίγηεεας
2583 1233 2764 1307 σιγὴν,
2800 1236 2981 1288 καίτοι
3019 1233 3231 1289 πολλῶν
3259 1232 3430 1289 ὄντων
3449 1233 3562 1287 τῶν

1963 1325 2175 1380 ἐκεῖθεν
2206 1328 2624 1398 ἀφικνουμένων
2655 1327 2794 1400 πρὸς
2826 1329 2996 1398 ἡμᾶς.
3030 1327 3096 1381 Τί
3118 1330 3236 1381 ποτ’
3261 1324 3358 1381 οὖν
3385 1326 3453 1382 ἀν
3480 1327 3567 1398 εῖη

1961 1417 2026 1472 τὺ
2047 1417 2253 1484 αἰτιον;
2293 1419 2404 1472 τῶν
2429 1419 2778 1490 πραγμάτων
2799 1421 2828 1471 ὀ
2860 1417 3122 1489 θόρυϐος;
3145 1419 3384 1487 Ἀπαγε’
3407 1416 3570 1470 τοῦτο

1961 1509 2064 1562 οὐκ
2090 1508 2156 1563 ἂν
2197 1509 2432 1582 εἷποιμυ
2462 1504 2583 1564 οἶδα
2609 1510 2720 1580 γάρ
2754 1527 2849 1567 σου
2879 1510 2981 1580 τὴν
3013 1510 3257 1581 μεγάλην
3300 1510 3396 1564 καὶ
3429 1508 3570 1580 ὑψη-

1964 1598 2065 1670 λὴν
2082 1597 2284 1670 ψυχὴν,
2321 1601 2422 1670 τὴν
2452 1600 2548 1653 καὶ
2578 1602 2636 1654 ὲν
2655 1598 2873 1662 πολλοῖς
2908 1596 3226 1661 κλυδωνίοις
3259 1595 3571 1666 δυναμένην

1963 1689 2218 1762 ἐξουρίας
2251 1693 2426 1756 πλεῖν,
2462 1693 2556 1745 καὶ
2587 1693 2646 1745 ἐν
2676 1691 2864 1762 μέσοις
2909 1691 3119 1762 κύμασι
3156 1689 3401 1760 γαλήνης
3427 1687 3570 1741 ἀπο·

1963 1782 2152 1837 λαύειν
2177 1783 2396 1856 λευκῆς.
2434 1784 2544 1838 Καὶ
2581 1784 2742 1838 τοῦτο
2777 1783 2846 1840 δι’
2868 1782 3051 1837 αὐτῶν
3089 1780 3198 1836 τῶν
3221 1780 3570 1853 πραγμάτων

1962 1876 2190 1944 ἔδειξας,
2227 1877 2321 1930 καὶ
2353 1875 2490 1947 πρὸς
2516 1874 2810 1940 αὐτάςτάς
2833 1873 3094 1946 ἐσχατιάς
3112 1873 3214 1945 τῆς
3241 1872 3572 1942 οἰκουμένης

1961 1963 2128 2042 ἦλθεν
2180 1969 2214 2039 ή
2267 1969 2427 2038 φήμη
2472 1966 2542 2021 τά
2580 1966 2652 2021 σά
2701 1967 2944 2040 φέρουσα
2993 1963 3425 2040 κατορθώματα,
3473 1963 3572 2016 καὶ

1967 2062 2172 2124 πάντες
2225 2075 2286 2113 σε
2337 2059 2833 2130 ἀνακηρύττουσιν,
2889 2060 2974 2112 ὅτι
3021 2058 3119 2111 καὶ
3166 2058 3225 2110 ἐν
3255 2057 3337 2110 ἐνὶ
3366 2054 3571 2126 χωρίῳ

1967 2150 2233 2223 ἱδρυμένη
2269 2149 2365 2204 καὶ
2385 2149 2516 2214 τοὺς
2545 2148 2836 2221 πόρρωθεν
2855 2148 3018 2212 δντας
3048 2145 3138 2200 διά
3158 2147 3260 2216 τῆς
3281 2143 3572 2207 εὐλαδείας

1961 2243 2064 2315 τῆς
2086 2243 2187 2315 σῆς
2209 2242 2519 2314 διεγείρεις,
2544 2242 2640 2296 καὶ
2668 2241 3114 2313 προθυμοτέρους
3139 2237 3447 2302 ποιεῖς.Τίς
3476 2230 3572 2290 οῦν

1967 2334 2001 2404 ή
2034 2332 2187 2387 αἰτία
2209 2331 2309 2402 τῆς
2339 2330 2530 2401 σιγῆς;
2578 2329 2724 2397 Ἐγὼ
2753 2330 2854 2401 μὲν
2879 2331 3056 2383 εἰπεῖν
3080 2329 3182 2382 οὐκ
3208 2327 3340 2398 ἔχω.
3386 2328 3571 2397 Παρα-

1968 2422 2122 2479 καλῶ
2150 2423 2208 2478 δέ
2241 2415 2351 2476 σου
2388 2421 2488 2492 τήν
2517 2421 2820 2493 ἐμμέλειαν
2851 2420 2941 2498 διὰ
2996 2420 3093 2474 τοῦ
3137 2420 3206 2474 τὰ
3262 2418 3572 2491 γράμματα

1965 2513 2368 2586 ἐγχειρίζοντός
2409 2529 2504 2565 σου
2557 2514 2626 2583 τῇ
2657 2510 2935 2583 εὐλαϐείᾳ,
2991 2510 3062 2564 δι’
3103 2508 3269 2563 αὐτοῦ
3331 2504 3571 2578 δηλῶσαι

1965 2608 2099 2678 ἡμῖν
2127 2607 2198 2660 τά
2221 2605 2351 2677 περὶ
2383 2604 2486 2676 τῆς
2513 2604 2726 2674 ὐγιείας
2753 2604 2853 2674 τῆς
2881 2604 3001 2675 σῆς,
3035 2603 3133 2658 καὶ
3155 2603 3256 2673 τῆς
3280 2598 3570 2670 εὐθυμίας,

1965 2699 2063 2753 καὶ
2082 2697 2518 2771 τῆςάσφαλείας,
2554 2697 2650 2751 καὶ
2700 2696 2798 2750 σοῦ
2837 2695 2933 2750 καὶ
2973 2695 3070 2749 τοῦ
3113 2694 3265 2749 οῖκου
3314 2710 3410 2746 σου
3433 2709 3568 2746 παν-

1964 2792 2078 2855 τός·
2112 2791 2201 2846 ἵνα
2222 2790 2317 2845 καί
2348 2790 2414 2844 ἐκ
2441 2788 2700 2843 τοσούτου
2731 2786 3034 2859 καθήμενοι
3053 2786 3446 2857 διαστήματος,
3476 2782 3574 2837 καὶ

1967 2888 2027 2940 ἐν
2071 2884 2216 2939 οὕτω
2275 2883 2639 2955 χαλεπωτάτῃ
2683 2881 2892 2954 ἐρημίᾳ
2942 2879 3331 2952 διατρίϐοντες,
3368 2876 3574 2944 πολλὴν

1964 2977 2075 3032 ἀπὸ
2115 2977 2225 3030 τῶν
2275 2977 2535 3031 τοιούτων
2590 2975 2938 3048 γραμμάτων
2987 2970 3417 3046 καρπωσώμεθα
3470 2968 3572 3040 τὴν

1965 3069 2335 3143 παράκλησιν.

2502 3202 2692 3273 ΡΠΕΓ.
2749 3203 3036 3271 Ἀλυπίφ.

2035 3343 2214 3408 Δύτδς
2247 3341 2346 3414 μὲν
2403 3339 2614 3404 ἔδεισας
2668 3340 2744 3414 μή
2772 3339 2853 3413 τῷ
2909 3339 3177 3411 πρότερον
3229 3334 3571 3407 ἐπιπηδήσαι

1961 3437 2077 3499 τοῖς
2125 3433 2264 3507 πρὸς
2297 3434 2446 3505 ἡμᾶς
2480 3433 2774 3505 γράμμασι
2807 3431 3142 3504 προπετείας
3172 3428 3379 3502 μέμψει
3413 3445 3574 3502 περι-

1966 3526 2160 3598 πέσῃς·
2190 3528 2374 3591 αὐτοῖς
2400 3527 2510 3598 γάρ
2545 3543 2642 3580 σου
2681 3527 2959 3598 χρήσομαι
2997 3526 3109 3588 τοῖς
3161 3524 3424 3595 ῥήμασιν·
3457 3519 3573 3591 ἐγὼ

1963 3620 2022 3674 δέ
2066 3638 2125 3675 σε
2155 3620 2412 3675 τοσοῦτον
2450 3621 2646 3692 ἀπέχω
2676 3619 2867 3673 τούτου
2911 3617 3228 3690 γράψασθαι
3254 3629 3304 3681 ι,
3335 3617 3418 3670 ὅτι
3475 3615 3574 3668 καὶ

1967 3712 2244 3784 ρᾳθυμίαν
2276 3712 2496 3781 ἐγκαλῶ
2519 3714 2619 3784 τῆς
2648 3710 2984 3783 βραδυτῆτος
3009 3709 3220 3774 ἐνεκεν,
3250 3710 3346 3762 καὶ
3387 3708 3573 3778 μειζό-

1967 3821 2075 3867 νως
2123 3802 2439 3874 άνεκήρυξα
2473 3803 2742 3875 πρότερον
2795 3801 3194 3862 ἐπεσταλκότα.
3246 3802 3356 3854 Καὶ
3408 3798 3571 3853 τοῦτο

1965 3895 2134 3964 λέγω,
2162 3896 2300 3966 αὐτῇ
2333 3894 2498 3950 πάλιν
2533 3912 2631 3949 σου
2663 3897 2732 3967 τῇ
2761 3895 2930 3966 ψήφῳ
2953 3896 3034 3956 εἰς
3067 3893 3344 3959 ἀπόδειξιν
3374 3893 3567 3946 τούτου

1966 3987 2330 4058 κεχρημένος.
2353 3987 2536 4058 Ἐφης
2563 3987 2693 4058 7&9,
2721 3986 2882 4041 τοῦτο
2915 3987 3151 4058 μάλιστα
3180 3986 3567 4057 φιλοστοργίας

1966 4075 2127 4144 εἶναι,
2150 4080 2212 4133 τὸ
2232 4081 2328 4134 καὶ
2352 4078 2679 4143 σιωπῶντας
2708 4082 3048 4150 προσειπεῖν.
3086 4079 3241 4132 Ἐπεὶ
3271 4073 3366 4132 οὖν
3397 4077 3459 4131 τό
3507 4094 3566 4130 τε

1964 4170 2083 4233 δέος
2115 4186 2195 4222 σοι
2229 4169 2330 4239 τῆς
2364 4168 2696 4239 προπετείας
2742 4167 3034 4240 ἀνῄρηται,
3071 4158 3212 4239 ὅπερ
3249 4165 3312 4220 οὐ
3338 4166 3569 4230 δεόντως

1967 4262 2276 4326 ἐδεδοίκεις,
2313 4261 2473 4316 τοῦτό
2520 4280 2581 4316 τε
2617 4261 2865 4334 μείζονος
2914 4261 3291 4316 ἀποδέδεικται
3340 4263 3568 4332 σημεῖον

1965 4357 2211 4427 ἀγάπης,
2265 4355 2454 4427 πέμπε
2509 4355 2699 4410 λοιπὸν
2740 4357 2874 4427 ἡμῖν
2911 4354 3142 4425 νιφάδας
3192 4354 3565 4426 γραμμάτων.

1967 4443 2139 4501 Οἰσθα
2172 4446 2282 4519 7&9
2304 4448 2455 4510 ὅπως
2480 4447 2577 4500 καὶ
2604 4445 2925 4518 διετέθημεν
2964 4447 3060 4500 καὶ
3083 4445 3408 4516 διακείμεθα
3438 4447 3569 4519 περὶ

1965 4539 2065 4612 τὴν
2116 4538 2216 4612 σὴν
2249 4539 2563 4612 ἐμμέλειαν.
2599 4537 2720 4593 Κᾶν
2739 4538 2851 4610 γάρ
2893 4538 2974 4601 εἰς
3008 4537 3350 4609 ἐρημότατον
3405 4537 3570 4591 τοῦτο

1967 4633 2170 4705 χωρίον
2200 4624 2616 4704 ἀπενεχθῶμεν,
2670 4631 2776 4687 κᾶν
2805 4634 2888 4697 εἰς
2937 4631 3081 4686 αὐτὰ
3109 4629 3209 4701 τῆς
3235 4629 3569 4700 οἰκουμένης

1964 4726 2038 4780 τά
2069 4727 2305 4798 πέρατα,
2341 4725 2442 4795 τῆς
2472 4726 2800 4798 εἰλικρινοῦς
2833 4726 2860 4766 ι’
2890 4725 3114 4798 ἀγάπης
3149 4723 3244 4776 καὶ
3288 4721 3439 4776 δόλον
3467 4723 3568 4775 οὐκ

1965 4819 2200 4891 ἐχούσης
2227 4819 2485 4874 οὐδέποτε
2536 4819 2892 4874 ἐπιλαθέσθαι
2933 4817 3236 4889 δυνάμεθα,
3278 4814 3415 4870 ἀλλά
3442 4814 3568 4869 καθ’

1968 4912 2210 4985 ἑκάστην
2259 4930 2322 4967 σε
2351 4913 2450 4986 τὴν
2478 4913 2698 4984 ἡμέραν
2729 4912 3130 4984 φανταζόμενοι
3189 4909 3566 4980 διατελοῦμεν,

1965 5005 2066 5069 τὰς
2095 5006 2298 5077 ἀρετάς
2331 5022 2426 5058 σου
2455 5004 2558 5075 τῆς
2581 5003 2759 5076 ψυχῆς
2779 5005 2868 5058 διὰ
2913 5005 3014 5076 τῆς
3035 5004 3258 5075 μνήμης
3289 5001 3568 5056 ἀναπλάτ-

1965 5112 2172 5159 τοντες.
2229 5095 2342 5150 Καὶ
2374 5093 2710 5166 ἐδουλόμεθα
2752 5096 2850 5166 μὲν
2900 5096 3289 5166 συνεχέστερον
3315 5093 3570 5148 ἐπιστέλ-

1965 5187 2096 5242 λειν·
2133 5188 2292 5261 [705}
2320 5188 2509 5260 ἐπειδὴ
2561 5188 2618 5241 δὲ
2651 5188 2807 5243 τοῦτο
2835 5189 3073 5262 ἐργῶδες
3102 5190 3235 5260 ήμῖν
3288 5188 3428 5248 ἐστι,
3476 5203 3565 5240 το-

1966 5281 2155 5335 σοῦτον
2176 5280 2330 5352 ὐμῶν
2365 5283 2794 5353 ἀπῳκισμένοις,
2830 5282 2958 5352 ὑμῖν
2983 5281 3038 5336 δέ
3068 5281 3274 5352 ῥᾴδιον,
3305 5295 3564 5348 παρακα-

1963 5372 2165 5444 λοῦμεν
2192 5373 2434 5445 συνεχῶς
2461 5376 2595 5444 ἡμῖν
2627 5373 2962 5428 ἐπιστέλλειν
2986 5374 3056 5428 τά
3082 5374 3211 5446 περὶ
3243 5372 3344 5442 τῆς
3374 5371 3564 5439 ὐγείας

1962 5466 2064 5538 τῆς
2101 5466 2202 5536 σῆς
2248 5469 2341 5520 καὶ
2363 5468 2564 5531 παντὸς
2609 5466 2768 5539 ὐμῶν
2789 5467 2884 5521 τοῦ
2911 5466 3085 5522 οἴκου.
3109 5465 3266 5521 Οὕτω
3299 5464 3432 5536 γάρ,
3467 5467 3564 5518 καὶ

2029 5605 2054 5683 ξ
2077 5603 2409 5683 (gaiolith
2427 5607 2480 5655 δέ
2501 5605 2736 5683 τοσοῦτον
2758 5607 2926 5683 ἀπέχω
2947 5605 3120 5683 τούτου
3140 5607 3430 5683 γράψασθαι.

2024 5665 2054 5703 δ
2082 5667 2192 5732 Dgo
2213 5681 2327 5716 mss.
2343 5665 2444 5717 ’κᾶν
2463 5669 2579 5732 πρὸς
2595 5669 2718 5718 αὐτὰ
2738 5676 2822 5727 τῆς
2843 5665 3121 5732 οἰκουμένης
3140 5665 3200 5732 τὰ
3232 5665 3565 5732 τέρματα,τεκ

1964 5727 2181 5800 εὐγενοῦς
2204 5745 2300 5800 σου·
2317 5727 2894 5800 ψγχῆς,.’τῆς-έλευθέρας,
2925 5727 3300 5800 τῆς-ἀπλάστου,
3320 5727 3413 5788 τῆς
3445 5731 3566 5781 εἰλυ-

1964 5792 2169 5854 κρινοῦς·
2208 5799 2262 5841 et
2287 5792 2414 5844 turri
2433 5794 2585 5843 iidem
2606 5793 2683 5842 διὰ
2701 5799 2785 5852 τῆς
2799 5792 2992 5856 μνήμης
3007 5792 3309 5848 ἀνάπτοντες.
