4076 6424
573 329 676 387 ⁸117

573 450 638 499 ιν
665 439 918 512 ἀλλοτρία
938 437 1324 511 διατρίὸοντες,
1362 437 1561 508 πολλὴν
1599 430 2004 506 καρπωσόμεθα
2044 426 2144 494 τὴν

576 532 936 606 παράκλησιν.

1093 663 1270 716 PIIZ'.
1290 659 1615 728 Προκοπίῳ.

658 794 846 866 Ὅλίγα
868 797 970 869 μέν
1004 813 1086 850 σοι
1115 796 1511 867 συνεγενόμεθα
1549 794 1756 858 αὐτόθι,
1782 789 2018 844 δέσποτά
2044 803 2145 860 μου

579 890 1226 962 θαυμασιώτατε,πολλὴν
1250 891 1307 943 δέ
1332 908 1424 944 σου
1456 889 1555 961 τὴν
1578 890 1771 958 πεῖραν
1796 886 1893 956 τῆς
1920 881 2148 952 γνησίας

580 981 880 1051 εἰλήφαμεν
910 981 1150 1050 ἀγάπης,
1187 980 1278 1033 καὶ
1314 980 1411 1050 τῆς
1433 979 1784 1049 ἀπράγμονος
1805 974 2002 1045 ψυχῆς.
2056 969 2150 1025 καὶ

579 1073 676 1142 τῆς
698 1073 925 1143 γνησίας
957 1073 1047 1127 καὶ
1079 1072 1285 1144 θερμῆς
1313 1070 1624 1132 διαθέσεως.
1641 1067 1732 1121 Διὸ
1746 1069 1839 1121 καὶ
1863 1065 1998 1138 πρὸς
2014 1062 2153 1117 αὐτὰ⁵

581 1164 681 1233 τῆς
707 1165 1028 1236 οἰκουμένης
1053 1162 1456 1233 ἀπῳκισθέντες
1483 1161 1552 1214 τὰ
1583 1161 1848 1231 τέρματα,
1879 1157 1972 1218 καὶ
2016 1155 2152 1227 πρὸς

579 1255 752 1326 αὐτὴν
778 1245 900 1325 τῆν’
924 1255 1157 1325 ἐσχάτην
1190 1253 1424 1325 ἐρημίαν
1463 1249 1853 1322 ἀπενεχθέντες
1880 1261 1930 1310 ο,
1965 1247 2054 1300 διά
2091 1245 2153 1297 τὸ

581 1327 857 1414 πανταχοῦ
889 1359 950 1397 σε
998 1344 1331 1415 περιφέρειν,
1371 1345 1614 1430 ὅπουπερ
1640 1341 1706 1396 ἂν
1745 1341 2013 1410 ἀπίωμεν,
2061 1333 2154 1390 καὶ

584 1433 728 1506 ἐχειν
758 1435 1226 1506 ἐγκεκολαμμένον
1251 1434 1329 1506 τῷ
1351 1423 1635 1499 συνειδότι,
1659 1434 1754 1489 καὶ
1782 1429 2063 1504 γράφομεν
2090 1427 2157 1480 ἐκ

585 1513 852 1608 τοξζοὺτου
877 1527 1262 1598 διαστήματος,
1309 1530 1402 1581 καὶ
1446 1528 1546 1599 τὴν
1593 1523 1946 1608 ὀφειλομένην
1972 1518 2158 1575 ἀποδι-

573 1597 784 1686 .ωἶμεν
819 1597 1137 1688 πρόσρησιν⁸
1168 1617 1260 1670 καί
1291 1634 1381 1670 σου
1421 1597 1961 1688 παρακαλοῦμεν’τὴν
1987 1610 2160 1682 ἐμμέ-

588 1707 758 1772 λειαν,
784 1709 832 1759 εί
859 1709 932 1778 μὴ
965 1707 1103 1778 βαρύ
1147 1711 1238 1761 καὶ
1267 1708 1525 1779 ἐπαχθὲς,
1559 1708 1651 1760 καὶ
1686 1707 1848 1760 αὐτὸν
1873 1707 2006 1775 ἡμῖν
2030 1701 2160 1758 ταύρ-

587 1813 689 1868 την
717 1799 973 1869 παρέχειν
997 1799 1096 1869 τὴν
1119 1798 1485 1870 χάριν,καὶμτά
1514 1798 1640 1868 περὶ
1663 1797 1760 1868 τῆς
1786 1795 1974 1864 ὑγείας
1998 1792 2161 1863 εὐαγ-

589 1868 896 1959 γελίζεσθαι
931 1868 1073 1960 ἡμᾶς
1229 1891 1346 1960 σῆς.
1374 1868 1729 1959 Μανθάνομεν
1762 1885 1871 1957 γὰρ
1895 1885 2036 1938 αὐτά
2066 1882 2162 1937 καὶ

596 1979 671 2051 μὴ
686 1980 1003 2050 γράφοντος,
1019 1981 1145 2045 τοὺς
1164 1981 1370 2035 ἐκεῖθεν
1384 1979 1810 2051 ἀφικνουμένους
1826 1976 2158 2051 ἐρωτῶντες,

591 2065 682 2119 διὰ
703 2066 764 2118 τὸ
795 2066 995 2140 σφόδρα
1031 2055 1493 2138 περισπούδαστον
1524 2064 1661 2121 εἶναι
1699 2069 1828 2138 ἡμῖν
1863 2062 2061 2117 εἰδέναι
2096 2062 2167 2115 τὰ

595 2158 725 2227 περὶ
770 2158 868 2229 τῆς
915 2159 1133 2229 ῥώσεως
1191 2162 1288 2232 τῆς
1336 2159 1436 2231 σῆς
1482 2159 1698 2230 καὶτῆς
1741 2157 2162 2227 εὐδοκιμήσεωςυ

598 2247 897 2320 βουλόμεθα
939 2249 996 2304 δὲ
1043 2251 1136 2304 καὶ
1163 2251 1313 2322 παρά
1340 2251 1443 2322 τῆς
1475 2251 1719 2322 γλώττης
1764 2251 1862 2322 τῆς
1897 2249 2018 2314 σῆς,
2074 2246 2168 2300 καὶ

600 2337 752 2409 παρά
777 2339 877 2409 τῆς
899 2340 1080 2411 χειρὸς
1106 2342 1204 2412 τῆς
1239 2342 1338 2413 σῆς
1367 2342 1537 2396 ταῦτα
1569 2341 1877 2414 δηλοῦσθαι,
1909 2339 2049 2394 ὥστε
2086 2337 2168 2390 δι-

600 2429 898 2501 πλῆνήμάς
923 2432 1261 2503 καρποῦσθαι
1285 2433 1314 2473 δ
1342 2433 1440 2503 τὴν
1464 2434 1797 2506 ήδονὴν,ἀπό
1818 2450 1878 2485 τε
1907 2431 1998 2486 τοῦ
2029 2430 2168 2502 γρά-

601 2538 742 2591 φειν,
766 2525 873 2578 ἀπό
909 2542 968 2579 τε
995 2525 1089 2579 τοῦ
1117 2529 1419 2598 γράμματα
1436 2526 1682 2598 δέχεσθαι
1703 2528 1852 2598 παρὰ
1887 2527 1986 2596 τῆς
2010 2526 2167 2595 εὐγε-

601 2615 744 2678 νείας
768 2619 864 2688 τῆς
900 2621 1016 2689 σῇς.
1031 2618 1180 2672 Δίδου
1197 2619 1254 2672 δὲ
1271 2619 1612 2691 ταύτηνὴμῖν
1636 2618 1733 2690 τὴν
1754 2619 1930 2690 χάριν,
1950 2618 2171 2688 ἡδίστην

603 2725 661 2761 τε
674 2706 839 2764 οὖσαν
856 2711 947 2764 καὶ¹
971 2711 1211 2782 εὔλογον,
1236 2713 1329 2767 καὶ
1355 2713 1597 2782 πολλὴνγὴ
1607 2716 1696 2783 μίν
1714 2713 2056 2784 παρέχουσαν
2075 2711 2172 2780 τὴν

601 2802 960 2875 εὐφροσύνην.

1069 2919 1256 2972 ΡΠΗ.
1300 2918 1707 2986 Μαρκελλίνῳ.

676 3029 773 3093 Εἰς
805 3030 901 3100 μέν
933 3030 1065 3084 αὐτὸ
1101 3031 1162 3084 τὸ
1208 3032 1424 3086 πάντων
1454 3032 1793 3104 ἐρημότατον
1829 3027 2027 3102 χωρίον
2072 3027 2178 3081 ἀπ-

608 3117 877 3189 ἠχθημεν,
918 3119 1016 3192 τὴν
1049 3122 1356 3175 Κουκουσόν
1389 3133 1435 3161 ο·
1479 3111 1618 3193 πλὴν
1665 3123 1791 3175 ὅταν
1831 3120 1929 3188 τὴν
1961 3119 2179 3190 ἀγάπην

610 3207 766 3279 ὑμῶν
798 3208 905 3263 τῶν
950 3210 1244 3280 φιλούντων
1295 3214 1442 3284 ἡμᾶς
1499 3213 1861 3285 ἐννοήσωμεν,
1920 3211 2182 3282 μεγίστην

612 3302 970 3374 καρπούμεθα
987 3305 1347 3375 παράκλησιν,
1367 3308 1424 3360 ἐν
1437 3305 1644 3376 ἐρημίᾳ
1660 3306 2031 3368 πλουτοῦντες.
2048 3303 2182 3360 Οὐδέ

614 3392 724 3464 γὰρ
752 3392 968 3464 ὁτυχὼν
993 3395 1283 3466 θησαυρὸς,
1314 3397 1521 3468 ἀνδρῶν
1549 3400 1929 3468 ἐπιτυγχάνειν
1948 3399 2185 3470 γνησίως

615 3483 789 3552 φιλεῖν
845 3486 1079 3540 εἰδότων.
1137 3487 1237 3539 Διά
1281 3488 1344 3557 δὴ
1405 3488 1560 3541 τοῦτο
1587 3488 1688 3542 κᾶν
1739 3491 1813 3561 μὴ
1847 3492 1924 3560 τῲ
1974 3491 2185 3562 σώματι

618 3577 901 3649 παρῶμεν,
932 3579 1058 3647 ὑμῖν
1094 3582 1159 3650 τῇ
1194 3579 1337 3650 ψυχῇ
1371 3581 1749 3652 συνδεδέμεθα,
1771 3585 1949 3653 τῇτῑκ
1967 3585 2186 3654 ἀγάπης

617 3669 804 3722 ἁλύσει
843 3671 1212 3741 σφιγγόμενοι.
1249 3674 1408 3727 Ὅθεν
1439 3676 1532 3728 καὶ
1563 3675 1950 3747 ἐπιστέλλομεν
1996 3681 2057 3730 ἐκ
2099 3695 2188 3731 το-

621 3763 810 3816 σούτου
848 3765 1232 3834 διαστήματος,
1274 3767 1365 3819 καὶ
1398 3769 1496 3838 τὴν
1531 3767 1885 3840 ὀφειλομένην
1919 3770 2190 3823 ἀποδιδόα-

627 3872 724 3924 μεν
767 3856 1084 3928 πρόσρησιν.
1129 3857 1248 3912 Ὀτι
1279 3860 1384 3932 γὰρ
1409 3864 1486 3926 είς
1535 3865 1658 3924 τοὺς
1688 3861 1934 3933 πρώτους
1966 3879 2024 3913 σε
2082 3862 2188 3913 τῶν

623 3948 866 4017 ἐραστῶν
929 3951 1246 4021 ἐγράψαμεν
1311 3953 1416 4006 τῶν
1477 3955 1783 4025 ἡμετέρων,
1849 3953 1968 4006 οὐδὲ
2032 3954 2191 4016 αὐτὸς

624 4039 855 4108 ἀγνοεῖς,
891 4040 1123 4095 δέσποτά
1181 4058 1281 4112 μου
1316 4043 1749 4112 θαυμασιώτατε.
1781 4043 1930 4096 Δίδου
1975 4043 2038 4114 δὴ
2099 4045 2192 4097 καὶ

625 4129 786 4193 αὐτὸς
813 4130 1014 4200 ταύτην
1055 4132 1186 4202 ἡμῖν
1211 4133 1307 4203 τὴν
1339 4132 1517 4204 χάριν,
1542 4136 1633 4186 καὶ
1661 4136 1896 4204 συνεχῶς
1922 4137 2052 4205 ἡμῖν
2077 4134 2193 4185 ἐπί-

626 4224 832 4286 στελλε,
851 4223 920 4276 τὰ
950 4225 1076 4295 περὶ
1100 4224 1200 4294 τῆς
1228 4225 1412 4294 ὑγείας
1435 4226 1534 4295 τῆς
1565 4226 1660 4294 σῆς
1690 4225 2191 4296 εὐαγγελιζόμενος,

625 4315 713 4368 ινα
743 4318 836 4370 καὶ
878 4316 956 4386 τῷ
985 4314 1235 4386 γράφειν,
1269 4318 1362 4369 καὶ
1393 4317 1470 4386 τῷ
1497 4316 1741 4386 δέχεσθαι
1777 4315 2029 4377 τοιαύτας
2074 4317 2194 4367 ἐπι-

626 4407 838 4472 στολάς,
889 4407 1088 4477 πολλὴν
1135 4407 1556 4478 καρπωσώμεθα
1586 4407 1683 4477 τὴν
1719 4408 2071 4478 παραμυθίαν
2103 4408 2195 4460 καὶ

616 4497 981 4568 ¹εὐφροσύνην,
1011 4499 1106 4551 καὶ
1145 4500 1425 4570 μεγίστης,
1454 4501 1547 4552 καὶ
1578 4502 1634 4550 ἐν
1670 4501 1871 4570 ἐρημίᾳ
1899 4499 2196 4569 διατρίϐον-

621 4611 738 4657 τες,
770 4593 1160 4662 ἀπολαύσωμεν
1191 4593 1598 4664 παρακλήσεως.

1148 4711 1328 4763 ΡΠΘ.
1374 4708 1670 4777 Ἀντιόχῳ.

707 4831 843 4885 Πότε
872 4829 979 4899 γάρ
1009 4845 1100 4881 σου
1123 4823 1473 4888 ἐπιλαθέσθαι
1506 4821 1780 4891 δυνάμεθα
1805 4821 1904 4889 τῆς
1942 4818 2198 4886 γλυκείας

631 4922 724 4979 καί
761 4921 965 4993 θερμῆς
1007 4917 1319 4978 διαθέσεως,
1363 4915 1460 4984 τῆς
1505 4913 1730 4983 γνησίας
1763 4910 1914 4983 [706]
1956 4911 2048 4963 καὶ
2076 4909 2200 4961 είλι-

633 5012 850 5084 κρινοῦς
876 5011 1116 5080 ἀγάπης,
1148 5009 1238 5059 καὶ
1260 5004 1545 5076 ἐλευθέρας
1583 5002 1805 5074 γνώμης
1848 5002 1940 5054 καὶ
1967 5000 2197 5070 ὑψηλῆς,

633 5107 730 5175 τῆς
761 5099 1316 5174 πεπαῤῥησιασμένης
1337 5096 1542 5166 ψυχῆς
1575 5093 1692 5146 Κᾶν
1725 5093 1831 5160 γάρ
1853 5091 1987 5160 πρὸς
2032 5089 2200 5152 αὐτὰς

633 5196 953 5265 ἀπέλθωμεν
978 5192 1074 5255 τάς
1107 5189 1360 5260 ἐσχατιὰς
1399 5189 1496 5268 si;
1537 5186 1878 5256 οίκουμένης,
1930 5183 2199 5254 πανταχοῦ

637 5307 694 5341 σε
726 5287 1104 5358 περιφέροντες
1137 5286 1358 5355 ἄπιμεν,
1397 5282 1485 5336 τὸν
1521 5279 1719 5351 θερμὸν
1749 5281 1904 5349 ἡμῶν
1950 5278 2199 5349 ἐραστὴν,

700 5442 723 5468 ⁸
755 5441 875 5499 Reg.
900 5438 1235 5499 ἀπενεχθέντες.
1261 5435 1412 5499 Sam.
1438 5435 1557 5499 ilem
1598 5435 1649 5480 in
1689 5435 1831 5480 textu
1858 5429 2202 5490 ἀπενεχθέντες,

641 5504 685 5548 in
720 5497 871 5560 marg.
897 5497 1127 5560 ἀχθέντες,
1156 5497 1326 5546 Morel.
1357 5498 1644 5558 ἀναχθέντες.

698 5562 726 5602 δ
755 5563 862 5610 Duo
889 5572 1004 5608 mss.
1028 5561 1385 5610 καρπώσασθαι.

701 5626 725 5656 ε
751 5624 904 5676 Valic.
926 5626 1011 5681 τὴν
1034 5610 1312 5672 Κόκκουσὸν
1336 5621 1399 5671 de
1441 5632 1596 5670 more.
1621 5617 1746 5670 Vide
1780 5628 1925 5679 supra
1946 5615 2092 5676 epist.
2117 5610 2194 5662 8L

1273 326 1630 390 SJOANNIS
1657 317 2158 381 CHRYSOSTOMI
2190 315 2510 374 AlCHlEP.
2550 307 3100 373 CONSTANTINOP.

3717 304 3830 366 ἰιι

2251 424 2345 479 καὶ
2378 423 2580 496 σφόδρα
2615 426 2745 496 ἡμῖν
2771 424 2850 494 τῷ
2870 427 2970 495 τῆς
3003 424 3223 495 ἀγάπης
3242 421 3392 494 νόμῳ
3420 416 3827 492 συνειᾶμένσν.

2250 516 2341 570 Διὸ
2373 517 2469 570 καὶ
2509 516 2647 588 πρὸς
2672 517 2842 586 αὐτὴν
2884 516 2983 588 τὴν
3007 514 3240 587 ἐρημίαν
3266 515 3369 586 τῆς
3400 512 3522 569 καθ’
3549 516 3702 586 ἡμᾶς
3753 514 3835 568 ol-

2240 609 2528 690 ακουμένῃς
2558 608 2957 679 ἀπῳκισμένοι,
2987 606 3085 680 τὴν
3105 607 3418 662 Κουκουσδν
3442 607 3606 675 λέγω,
3654 607 3755 660 καὶ
3772 604 3831 659 οὐ

2252 697 2450 769 ῥᾳδίως
2488 699 2762 767 ἐπιτυχεῖν
2792 696 2902 749 τῶν
2942 694 3010 751 τά
3053 697 3358 769 γράμματα
3407 693 3837 766 διακομιζόντων

2251 789 2563 861 δυνάμενοι,
2597 788 2798 861 πολλὴν
2831 788 3210 861 ἐποιησάμεθα
3241 787 3475 856 σπουδὴν
3505 787 3837 858 ἐπιζητῆσαί

2251 900 2312 936 τε
2336 885 2429 937 καὶ
2466 885 2647 956 εὑρεῖν
2673 883 2763 938 τὸν
2783 882 2990 955 ταύτην
3022 883 3179 954 ἡμῶν
3219 882 3316 954 τὴν
3343 881 3634 952 ἐπιστολὴν
3655 881 3823 934 διακο

2258 975 2500 1046 μίζοντα,
2523 975 2663 1030 ὥστε
2692 993 2785 1030 σου
2816 978 3131 1044 προσειπεῖν
3148 975 3248 1045 τὴν
3277 974 3714 1045 θαυμασιότητα,
3748 971 3842 1024 καὶ

2255 1067 2353 1137 τὴν
2381 1067 2737 1138 ὀφειλομένην
2759 1051 3062 1138 πρόσρησιν
3083 1065 3374 1119 ἀποδοῦναι
3399 1067 3464 1134 τῇ
3496 1061 3834 1134 μεγαλοπρε·

2257 1156 2387 1228 πείᾳ
2405 1160 2472 1230 τῇ
2505 1160 2594 1230 σῇ.
2627 1157 2746 1211 Ὀτι
2775 1157 2829 1210 δέ
2857 1157 2951 1209 καὶ
2985 1155 3166 1219 αὐτὸς,
3197 1154 3258 1221 ἐξ
3277 1149 3352 1209 ὧν
3382 1157 3482 1227 ήδη
3504 1154 3841 1225 πεποίηκας,

2258 1250 2320 1302 οὐ
2348 1249 2515 1320 δεήσῃ
2543 1249 2645 1320 τῆς
2676 1249 2806 1320 παρ’
2829 1248 2986 1318 ἡμῶν
3015 1249 3371 1319 ὑπομνήσεως
3400 1250 3482 1310 είς
3510 1246 3572 1299 τὺ
3600 1244 3842 1314 συνεχῶς

2259 1343 2390 1410 ἡμῖν
2435 1340 2790 1402 ἐπιστέλλειν,
2833 1342 2926 1392 καὶ
2973 1340 3042 1393 τά
3073 1338 3204 1410 περὶ
3248 1339 3349 1408 τῆς
3379 1338 3570 1406 ὑγείας
3612 1335 3719 1405 τῆς
3749 1337 3846 1410 σῆς

2260 1419 2727 1502 εὐαγγελίζεσθαι,
2767 1433 2920 1486 οὐδὲν
2960 1427 3113 1502 οἴμαι
3152 1432 3259 1484 δεῖν
3297 1428 3683 1502 ἀμφιϐάλλειν.
3735 1425 3847 1480 Καὶ

2260 1525 2371 1597 γάρ
2391 1525 2452 1578 οὐ
2481 1525 2580 1596 τὴν
2608 1523 2876 1595 τυχοῦσαν
2895 1522 3302 1595 καρπωσόμεθα
3331 1522 3702 1595 παράκλησιν,
3716 1522 3846 1574 ὅταν

2262 1618 2392 1689 παρ’
2432 1617 2585 1688 ὑμῶν
2639 1616 2748 1670 τῶν
2775 1616 2978 1686 σφόδρα
3006 1617 3154 1687 ἡμᾶς
3187 1613 3531 1683 ἀγαπώντων
3559 1611 3847 1684 δεχώμεθα

2263 1708 2588 1779 γράμματα,
2611 1707 2861 1778 περὶτῆς
2900 1706 3119 1779 ῥώσεως
3141 1707 3238 1778 τῆς
3261 1705 3532 1776 ὑμετέρας
3559 1695 3848 1772 δηλοῦντα,

2264 1801 2359 1866 καὶ
2390 1801 2488 1872 τὴν
2539 1799 2759 1870 ἀγάπην
2801 1798 2891 1853 διά
2925 1797 3046 1852 ’τῶν
3077 1797 3374 1851 ἐπιστολῶν
3433 1794 3674 1866 συνεχῶς
3717 1794 3851 1848 ἀνα·

2263 1892 2505 1957 νεοῦντα,
2563 1893 2657 1946 καὶ
2687 1893 2787 1962 τὴν
2821 1891 3124 1964 παρουσίαν
3169 1893 3270 1962 τῆς
3305 1887 3579 1960 ὑμετέρας
3622 1886 3848 1956 ἀγάπης

2267 1984 2523 2039 ποιοῦντα
2548 1983 2937 2054 φαντάζεσθαι.
2987 1985 3175 2056 Ἀρκεῖ
3199 1981 3309 2054 γὰρ
3327 1980 3604 2052 πυκνότης
3625 1980 3849 2032 ἐπιστο-

2267 2077 2537 2143 λῶν,ὄταν
2563 2075 2713 2148 παρά
2736 2077 2904 2144 φίλων
2925 2076 3164 2144 γνησίων
3189 2075 3442 2146 φέρηται,
3459 2071 3554 2127 κα)⁵
3580 2073 3684 2142 τῆς
3711 2086 3856 2140 παρ-

2268 2169 2458 2234 ουσίας
2493 2167 2819 2238 σοφίσασθαι
2840 2169 2939 2240 τὴν
2963 2168 3176 2240 ἡδονήν.

2834 2326 2954 2391 Pl".
3004 2323 3283 2392 Βρίσωνι.

2341 2480 2408 2534 Τί
2451 2478 2644 2546 τοῦτο;
2683 2479 2880 2534 Αὐτόθι
2922 2480 3021 2550 μὲν
3059 2480 3226 2534 ὄντων
3257 2481 3284 2516 ά
3334 2479 3490 2550 ἡμῶν
3525 2477 3696 2550 μυρία
3751 2478 3852 2532 καὶ

2273 2576 2447 2627 ποιεῖν
2480 2573 2574 2626 καὶ
2618 2573 2795 2642 λέγειν
2855 2572 3219 2638 ἐσπούδακας,
3249 2571 3343 2625 καὶ
3372 2573 3440 2643 τῇ
3485 2571 3639 2625 πόλει
3677 2571 3853 2645 πάσῃ,

2279 2666 2477 2738 μᾶλλον
2499 2667 2556 2720 δὲ
2583 2669 2650 2736 τῇ
2705 2665 2996 2736 οίκουμένῃ
3032 2663 3331 2735 κατάδηλος
3370 2665 3602 2734 γέγονας
3640 2665 3736 2718 ἐπὶ
3777 2663 3861 2733 τῷ

2278 2759 2505 2830 φίλτρῳ,
2540 2751 2583 2826 ᾧ
2618 2758 2747 2828 περὶ
2772 2758 2918 2828 ἡμᾶς
2969 2758 3359 2820 ἐπιδείκνυσαι,
3389 2757 3462 2829 μὴ
3491 2757 3700 2826 στέγων
3729 2756 3865 2808 αὐτὸ

2280 2853 2405 2922 σιγῇ
2443 2849 2713 2920 κατέχειν,
2751 2849 2888 2902 ἀλλά
2910 2849 2998 2903 διά
3041 2849 3149 2902 τῶν
3186 2849 3385 2920 ἐργων,
3417 2849 3508 2902 διά
3535 2848 3644 2902 τῶν
3675 2847 3864 2920 ῥημά-

2278 2961 2386 2997 των
2424 2941 2698 3013 πανταχοῦ
2726 2941 3186 3012 ἐπιδεικνύμενος,
3211 2942 3510 2995 ἐπιστεϊλαι
3542 2941 3600 2996 δέ
3633 2942 3765 3012 ἡμῖν
3781 2940 3868 2993 οὑ-

2279 3036 2336 3089 δέ
2358 3034 2505 3100 ἅπαξ
2535 3034 2822 3099 κατεδέξω,
2852 3036 2944 3089 καὶ
2969 3034 3138 3087 ταῦτα
3172 3033 3377 3104 σφόδρα
3395 3032 3590 3099 διψῶσι
3620 3033 3731 3085 τῶν
3746 3034 3870 3086 ἐπι-

2285 3126 2486 3182 στολῶν
2533 3126 2644 3179 τῶν
2674 3125 2804 3190 σῶν,
2838 3125 3062 3180 καὶτῶν
3083 3125 3428 3196 γραμμάτων
3462 3123 3868 3196 ἐπιθυμοῦσινς

2284 3220 2398 3274 Οὐκ
2439 3214 2593 3272 οἶσθα
2623 3219 2754 3288 ὅσην
2794 3215 3090 3287 ἐμέλλομεν
3125 3214 3468 3286 καρποῦσθαι
3518 3213 3872 3285 παράκλησιν

2285 3313 2383 3382 τῆς
2412 3311 2551 3364 οῦτω
2583 3310 2814 3381 γνησίας
2857 3309 3057 3380 ψυχῆς,
3095 3308 3193 3378 τῆς
3233 3306 3377 3361 οὕτω
3406 3307 3618 3380 θερμῆς
3684 3305 3874 3376 φιλίας

2288 3402 2485 3470 ἔγγονα
2512 3401 2789 3472 δεχόμενοι
2807 3401 3136 3471 γράμματα;
3160 3400 3271 3453 Καὶ
3293 3399 3465 3452 ταῦτα
3489 3399 3592 3452 οὐκ
3618 3397 3874 3467 ἐγκαλῶν

2290 3495 2433 3561 λέγω
2466 3487 2603 3563 (οἶδα
2638 3493 2744 3564 γάρ
2776 3493 2858 3545 ὅτι
2911 3492 3007 3545 καὶ
3057 3492 3303 3564 γράφων,
3345 3491 3437 3544 καὶ
3472 3489 3662 3558 σιγῶν,
3693 3490 3877 3559 ἀκμά-

2293 3584 2489 3648 ζουσαν
2520 3585 2794 3655 διατηρεῖς
2825 3584 2922 3655 τὴν
2950 3582 3078 3654 περὶ
3107 3583 3256 3653 ἡμᾶς
3280 3580 3564 3650 διάθεσιν),
3584 3581 3724 3634 ἀλλά
3741 3581 3878 3649 σφό-

2291 3678 2392 3748 δρα
2425 3675 2706 3747 ἐπιθυμῶν
2745 3687 2768 3715 ο
2806 3693 2898 3728 σου
2942 3675 3052 3728 τῶν
3095 3674 3411 3728 ἐπιστολῶν.
3445 3675 3557 3726 Καὶ
3618 3673 3694 3743 μὴ
3739 3671 3879 3743 γρά-

2295 3786 2484 3838 φοντος
2510 3769 2609 3838 μέν
2652 3785 2767 3834 σου,
2801 3769 2863 3821 οὐ
2894 3767 3182 3840 παυόμεθα
3213 3769 3340 3831 τοὺς
3371 3765 3581 3820 ἐκεῖθεν
3609 3767 3881 3836 ἀφικνου-

2299 3859 2488 3930 μένους
2520 3859 2832 3931 ερωτῶντες
2865 3858 2992 3932 περὶ
3027 3862 3125 3931 τῆς
3151 3857 3370 3930 ρώσεώς
3399 3875 3492 3910 σου
3528 3857 3624 3911 καὶ⁵
3657 3857 3759 3927 τῆς
3790 3856 3885 3910 εύ-

2297 3953 2515 4025 Ουμίας,
2564 3953 2658 4006 καί
2692 3952 2897 4022 σφόδρα
2931 3951 3195 4023 χαίρομεν
3242 3949 3532 4012 ἀκούοντες
3576 3949 3726 4020 άπερ
3759 3951 3885 4002 ἐπι-

2298 4043 2596 4115 θυμοῦμεν·
2643 4043 2780 4098 ἀλλά
2829 4043 3130 4114 βουλόμεθα
3164 4043 3257 4096 καὶ
3307 4042 3459 4112 παρά
3484 4042 3583 4111 τῆς
3627 4041 3884 4113 γλώττης

2297 4137 2392 4207 τῆς
2414 4139 2533 4203 σῆς,
2561 4135 2655 4189 καλ⁸
2691 4135 2841 4207 παρά
2867 4137 2966 4206 τῆς
2998 4135 3177 4202 δεξιᾶς
3200 4134 3298 4204 τῆς
3318 4134 3418 4204 σῆς
3450 4133 3625 4186 ταῦτα
3669 4134 3886 4204 μανθά-

2299 4246 2428 4283 νειν.
2455 4231 2515 4282 El
2537 4229 2712 4282 τοίνυν
2742 4229 2816 4299 μὴ
2848 4227 2985 4298 βαρύ
3007 4227 3139 4298 μηδὲ
3171 4227 3403 4297 ἐπαχθὲς
3429 4225 3701 4297 ζητοῦμεν
3722 4225 3764 4288 ί,
3788 4225 3887 4280 νῦν

2300 4321 2427 4389 γοῦν
2455 4319 2659 4390 ταύτην
2685 4322 2816 4390 ἡμῖν
2848 4320 3132 4391 παράσχου
3165 4319 3263 4391 τὴν
3294 4319 3473 4392 χάριν,
3508 4320 3778 4390 μεγίστην
3803 4314 3890 4375 οὗ·

2305 4429 2403 4464 σαν
2457 4411 2551 4464 καὶ
2601 4411 2843 4482 ἡδίστην,
2903 4410 2996 4465 καὶ
3043 4409 3242 4482 πολλὴν
3273 4412 3403 4482 ἡμῖν
3466 4411 3746 4482 φέρουσαν
3787 4411 3891 4484 τὴν

2301 4503 2514 4573 ἡδονήν.

2556 4619 2703 4691 [707]
2724 4621 2896 4685 ΡμΑν.
2945 4619 3321 4688 Ἀμπρούκλῃ
3353 4618 3633 4685 διακόνῳ.

2392 4754 2684 4825 Ἐδεξάμην
2708 4755 2984 4826 δευτέραν,
3020 4755 3089 4825 ἢν
3121 4753 3256 4824 ἔφης
3294 4754 3562 4826 προτέραν
3593 4756 3894 4828 ἐπιστολὴν

2306 4848 2718 4910 ἐπεσταλκέναι,
2750 4847 3005 4900 δέσποινά
3047 4864 3147 4916 μου
3176 4828 3480 4917 τιμιωτάτη
3513 4849 3608 4901 καὶ
3647 4865 3896 4920 κοσμιω-

2305 4931 2461 5006 τάτη.
2499 4936 2608 4988 Καὶ
2630 4936 2701 4988 τὰ
2725 4936 2865 4988 αὐτά
2888 4935 3048 4989 πάλιν
3078 4934 3241 5003 λέγω,
3272 4934 3345 5006 μὴ
3373 4935 3526 4988 κάλει
3573 4937 3788 5006 τόλμαν
3833 4940 3898 4992 τὸ

2307 5030 2578 5101 προτέραν
2609 5033 2718 5092 τοῖς
2752 5030 2886 5097 πρὸς
2909 5030 3056 5098 ἡμᾶς
3089 5028 3422 5099 ἐπιπηδῆσαι
3451 5028 3768 5098 γράμμασι,
3798 5049 3902 5102 μη.

2308 5123 2364 5176 δὲ
2389 5123 2692 5192 ἁμάρτημα
2727 5123 2911 5190 νόμιζε
2937 5122 2996 5173 τὸ
3027 5121 3282 5192 μέγιστον
3307 5120 3600 5190 ἐγκώμιον.
3640 5122 3895 5191 Ἀγάπης

2310 5217 2416 5286 γὰρ
2446 5214 2672 5285 ζεούσης
2696 5215 2790 5268 καὶ
2815 5214 3021 5286 θερμῆς
3042 5215 3200 5267 τοῦτο
3226 5215 3421 5284 δεῖγμα
3451 5212 3778 5282 ποιούμεθα,
3800 5216 3897 5271 καὶ

2311 5307 2406 5374 τῆς
2433 5306 2659 5374 γνησίας
2693 5305 2786 5358 καὶ
2823 5304 3144 5374 εἰλικρινοῦς
3191 5321 3283 5357 σου
3317 5303 3610 5367 διαθέσεως
3633 5304 3734 5375 τῆς
3765 5306 3896 5373 φλο-

2375 5480 2399 5518 d
2426 5479 2536 5527 Mss.
2563 5480 2720 5527 αὐτόθι
2745 5481 2990 5543 μενόντων,
3014 5496 3122 5543 quae
3143 5483 3290 5530 etiam
3311 5480 3458 5530 lectio
3479 5481 3698 5542 quadrat.

2379 5546 2400 5607 ξ
2428 5543 2509 5607 §ic
2534 5542 3046 5607 rect§_Sa\'il._Mr_>rel;
3073 5552 3124 5594 et
3151 5544 3319 5594 Montf.
3348 5545 3574 5607 ἐπιθυμῶ.
3599 5544 3734 5593 Ean.

2381 5602 2399 5641 ί
2428 5604 2549 5666 Reg.
2574 5608 2626 5653 et
2645 5603 2801 5654 Valic.
2823 5604 3063 5668 αἰτοῦμεν.
