4076 6426
216 354 317 412 7H

217 469 345 526 dine
369 464 592 522 mittatis
627 480 640 517 :
674 461 754 517 sic
784 457 930 515 enim
962 467 1188 528 peregre
1212 449 1471 521 degentes
1497 439 1693 498 solatio
1717 449 1826 492 non

219 559 480 618 mediocri
506 553 866 628 perfruamur.

289 688 685 753 CLXXXVII.
725 685 1003 756 Ρτοεορὶο.
1038 681 1148 753 (Ab
1181 692 1326 736 anno
1360 675 1468 733 404
1497 670 1567 728 ad
1591 668 1744 737 407.)

294 829 631 898 Quamquam
677 821 869 892 exigua
916 816 1076 873 nobis
1119 823 1295 870 tecum
1335 810 1457 866 istic
1499 801 1834 862 consuetudo

223 922 346 991 fuit,
378 919 593 976 domine
632 915 918 988 plurimum
961 904 1323 980 suspiciende,
1366 915 1620 973 magnum
1654 906 1834 953 tamen

221 1015 453 1069 sincera:
489 1021 594 1065 tua:
634 1006 894 1074 caritatis,
940 1001 1106 1057 animi
1144 997 1334 1070 quieti,
1380 993 1581 1051 sinceri
1627 1006 1692 1047 ac
1726 988 1836 1045 fer-

221 1108 402 1164 ventis
439 1104 641 1159 amoris
680 1098 975 1173 periculum
1022 1094 1267 1151 fecimus.
1306 1091 1646 1160 QuaprOptcr
1674 1083 1837 1140 etiam

223 1208 291 1259 ad
321 1204 466 1274 ipsos
489 1199 923 1255 orbisterrarum
953 1192 1086 1246 fines
1106 1187 1354 1259 relegati,
1386 1192 1550 1255 atque
1570 1179 1640 1236 ad
1666 1181 1837 1250 ipsam

224 1303 530 1352 extremam
572 1287 914 1346 solitudinem
960 1281 1200 1347 abducti,
1245 1278 1500 1351 quoniam
1545 1274 1744 1344 ubique
1785 1278 1840 1325 te

225 1377 680 1450 circumfer-imus,
707 1390 1046 1450 quocumque
1078 1373 1297 1430 tandem
1326 1368 1753 1442 proficiscamur,
1783 1369 1858 1434 et_

226 1477 552 1548 insculptum
580 1476 634 1530 in
659 1481 882 1546 pectore
907 1480 1203 1540 gestamus,
1241 1479 1306 1520 ex
1345 1469 1495 1517 tanto
1521 1459 1646 1515 licet
1671 1456 1840 1512 inter-

227 1571 372 1628 vallo
408 1568 717 1633 scribimus,
757 1580 823 1621 ac
865 1561 1102 1620 debitam
1146 1557 1526 1614 salutationem
1572 1549 1840 1624 persolvi-

227 1679 391 1724 mus:
422 1675 675 1733 tuamque
700 1658 1022 1716 suavitatem
1053 1665 1292 1717 oramus,
1332 1658 1392 1704 ut
1433 1647 1732 1718 nisi/grave
1772 1641 1843 1698 sit

226 1775 294 1816 ac
323 1757 634 1822 molestum,
678 1753 819 1807 banc
845 1751 962 1821 ipse
991 1747 1148 1803 nobis
1192 1744 1418 1816 gratiam
1461 1738 1752 1804 concedas,
1787 1744 1844 1792 et

228 1848 302 1907 de
341 1860 429 1904 tua
463 1837 770 1901 valetudine
795 1843 978 1897 laetum
1001 1838 1070 1893 ad
1091 1850 1190 1893 nos
1211 1833 1461 1890 nuntium
1488 1830 1689 1885 mittas.
1717 1827 1844 1882 llazc

228 1941 376 1998 enim
400 1939 562 1996 etiam
593 1946 644 1991 te
669 1934 890 1991 minime
910 1931 1182 1988 scribente
1203 1925 1572 1996 intelligimus,
1601 1922 1728 1977 dum
1749 1934 1844 1975 eos

229 2036 323 2109 qui
372 2035 534 2092 istinc
574 2033 801 2088 veniunt
846 2027 1209 2092 sciscitantur,
1249 2022 1397 2095 quod
1445 2034 1642 2091 magno
1689 2015 1845 2072 nobis

230 2130 412 2187 studio
431 2129 523 2197 sit,
546 2137 606 2184 ut
629 2127 699 2183 de
725 2136 816 2182 tua
841 2122 1149 2180 valetudine
1173 2135 1240 2175 ac
1265 2116 1504 2174 nominis
1529 2112 1846 2171 celebritate

229 2220 494 2278 certiores
520 2218 712 2274 fiamus
742 2235 755 2271 :
784 2216 1030 2286 cupimus
1061 2221 1240 2267 tamen
1271 2209 1467 2279 linguae
1501 2214 1608 2260 tum
1637 2219 1700 2260 ac
1727 2217 1844 2258 ma-

231 2327 334 2369 nus
379 2320 486 2366 tua:
531 2308 796 2365 beneficio
836 2306 993 2362 nobis
1034 2302 1225 2360 eadem
1257 2302 1618 2363 innotescere,
1660 2304 1720 2350 ut
1747 2294 1847 2350 du-

230 2404 426 2475 plicem
473 2402 800 2471 voluptatem
830 2412 1136 2469 carpamus,
1169 2404 1282 2450 tum
1329 2392 1472 2464 quod
1519 2390 1840 2454 scribamus,

234 2508 347 2553 tum
383 2495 530 2567 quod
574 2495 757 2550 literas
800 2509 830 2548 a
861 2501 950 2547 tua
980 2489 1259 2545 nobilitate
1280 2487 1476 2542 missas
1499 2482 1869 2553 recipiamus.»

233 2589 387 2646 Hanc
415 2602 547 2644 vero
576 2585 733 2641 nobis
753 2582 992 2640 concede
1016 2580 1264 2652 gratiam,
1313 2593 1434 2648 quae
1474 2584 1530 2630 et
1559 2570 1845 2645 jucundis-

234 2683 371 2738 sima
400 2690 507 2749 est,
535 2695 599 2735 ac
626 2678 820 2734 rationi
846 2683 1228 2740 consentanea,
1259 2682 1314 2728 et
1343 2669 1510 2726 multa
1537 2666 1720 2722 lmtitia
1748 2678 1848 2720 nos

227 2771 524 2846 perfundit.

331 2904 763 2964 CLXXXVIII.
796 2903 1123 2960 Marcellino.
1158 2901 1393 2974 (Cucuso
1420 2913 1564 2954 aliuo
1593 2894 1748 2970 404.)

304 3040 418 3098 Nos
438 3041 655 3114 quidem
702 3041 756 3096 in
794 3041 1033 3096 omnium
1076 3037 1506 3094 desertissimum
1538 3035 1717 3091 locum
1742 3031 1849 3087 Cu-

233 3150 423 3192 cusum
453 3133 675 3203 relegati
713 3147 936 3188 sumus:
964 3145 1087 3186 cum
1129 3139 1306 3185 tamen
1338 3127 1493 3184 nobis
1518 3128 1571 3182 in
1612 3133 1847 3182 mentem

234 3229 598 3286 venitvestrre
622 3226 882 3294 caritatis,
913 3241 1017 3295 qua
1053 3239 1153 3280 nos
1174 3221 1621 3294 complectimini,
1662 3221 1850 3291 ingen-

236 3332 349 3377 tem
399 3318 728 3390 percipimus
765 3318 1193 3374 consolationem
1216 3358 1231 3386 ,
1271 3325 1434 3388 atque
1469 3315 1522 3370 in
1559 3312 1850 3368 solitudine

233 3411 432 3467 divites
459 3425 667 3465 sumus.
711 3409 895 3481 Neque
929 3409 1074 3465 enim
1103 3410 1150 3464 is
1170 3408 1403 3479 vulgaris
1427 3415 1511 3463 est
1541 3410 1846 3469 thesaurus,

232 3503 279 3558 si
309 3503 460 3558 viros
503 3502 850 3568 nanciscaris,
878 3502 967 3572 qui
992 3501 1203 3556 sincere
1224 3514 1408 3555 amare
1433 3497 1699 3553 noverint.
1723 3494 1850 3551 Ideo

234 3595 453 3652 tametsi
494 3610 722 3665 corpore
763 3595 983 3650 minime
1024 3593 1302 3658 adsumus,
1347 3593 1628 3648 vobiscum
1669 3591 1848 3646 anima

233 3689 470 3746 devincti
520 3704 729 3753 sumus,
774 3699 828 3743 et
875 3696 1064 3742 catena
1107 3687 1348 3742 caritatis
1400 3685 1664 3754 olptricti.
1714 3683 1851 3739 Hinc

235 3782 400 3836 etiam
430 3779 512 3846 fit,
544 3789 597 3834 ut
625 3779 690 3833 ad
730 3793 828 3833 vos
860 3787 1010 3832 tanto
1041 3778 1324 3833 intervallo
1353 3777 1608 3848 disjuucti
1639 3776 1848 3832 scriba-

237 3887 382 3938 mus,
413 3886 478 3926 ac
505 3869 742 3927 debitam
772 3870 1150 3925 salutationem
1191 3870 1579 3941 persolvamus.
1620 3868 1751 3923 Nam
1797 3868 1850 3921 in

236 3967 534 4037 primorum
559 3981 842 4021 numerum
870 3965 1165 4020 amicorum
1198 3973 1249 4020 te
1270 3963 1600 4034 adscriptum
1630 3980 1659 4017 a
1693 3963 1849 4018 nobis

237 4059 404 4115 fuisse
435 4074 536 4114 nec
571 4061 685 4130 ipse
722 4061 956 4131 ignoras,
986 4059 1206 4114 domine
1236 4059 1308 4112 mi
1351 4059 1638 4129 plurimum
1667 4059 1849 4128 suspi—

236 4152 454 4209 ciende.
485 4151 634 4208 Hanc
661 4152 820 4224 igitur
845 4152 1002 4208 nobis
1026 4161 1080 4207 et
1108 4153 1224 4222 ipse
1247 4152 1471 4222 gratiam
1502 4152 1762 4220 concede,
1793 4161 1850 4207 ut

238 4244 547 4315 frequenter
570 4245 637 4300 ad
663 4260 763 4300 nos
788 4245 973 4301 literas
1000 4245 1205 4312 mittas,
1242 4261 1362 4316 qua:
1387 4245 1455 4300 de
1498 4255 1602 4300 tua:
1641 4247 1848 4300 valetu-

236 4338 381 4395 dinis
405 4347 546 4394 statu
570 4340 691 4395 laeta
714 4341 982 4408 nuntient,
1005 4348 1064 4395 ut
1084 4349 1138 4394 et
1160 4339 1285 4393 dum
1315 4339 1622 4405 scribimus,
1647 4349 1702 4394 ct
1721 4340 1849 4395 dum

238 4431 504 4502 ejusmodi
533 4432 714 4488 literas
741 4433 1055 4504 accipimus,
1085 4434 1306 4489 multam
1335 4433 1761 4489 Consolatiunem
1788 4449 1850 4488 ac

239 4524 570 4593 voluptatem
601 4539 906 4595 carpamus,
940 4535 996 4582 et
1025 4527 1262 4581 maximo
1291 4528 1451 4583 etiam
1479 4527 1531 4581 in
1564 4527 1850 4582 solitudine

240 4616 499 4687 degentes
524 4617 717 4672 solatio
749 4618 1107 4687 perfruamur.

409 4781 767 4839 CLXXXIX.
799 4781 1070 4836 Antiocho.
1101 4778 1336 4853 (Cucuso
1365 4793 1510 4832 ttuuo
1539 4773 1693 4850 404.)

319 4917 613 4989 Ecquando
651 4918 865 4973 tandem
909 4915 1088 4971 suavis
1125 4924 1183 4971 et
1220 4913 1460 4970 ardentis
1501 4915 1704 4970 amoris
1751 4914 1856 4981 tui,

247 5013 474 5069 sincerae
508 5011 839 5081 minimeque
882 5008 1073 5065 fucata:
1113 5009 1351 5063 caritatis
1389 5009 1688 5079 poterimus
1725 5008 1854 5064 oblia

247 5105 403 5170 visci,
436 5104 633 5159 mentis
658 5105 901 5174 ingenua.-
922 5119 984 5158 ac
1000 5103 1270 5169 sublimis,
1303 5103 1469 5157 animi
1496 5102 1860 5158 conﬁdentis?

248 5197 506 5265 Quamvis
535 5197 677 5251 enim
709 5195 777 5250 ad
809 5197 954 5265 ipsos
982 5196 1199 5250 ultimos
1234 5196 1384 5251 orbis
1423 5205 1687 5251 terrarum
1726 5195 1860 5248 lines

251 5287 674 5360 proficiscamur,
697 5288 894 5356 ubique
918 5295 968 5341 te
989 5285 1419 5342 circumferimus
1439 5288 1721 5350 abeuntes,
1750 5285 1859 5342 fer-

253 5381 432 5436 vidum
474 5380 642 5434 nostri
676 5392 995 5446 amatorem,
1036 5387 1088 5434 et
1136 5380 1441 5434 arctissima
1475 5379 1715 5433 caritatis
1759 5396 1860 5433 uo-

254 5477 458 5530 biscum
491 5474 609 5545 lege
633 5474 959 5529 devinctum.
995 5474 1259 5540 Quocirca
1289 5473 1371 5529 vel
1406 5474 1458 5527 in
1488 5474 1657 5543 ipsam
1692 5473 1862 5527 nostri

256 5567 413 5638 hujus
440 5568 587 5623 orbis
619 5576 881 5624 terrarum
909 5569 1275 5634 solitudinem,
1306 5569 1575 5623 Cucusum
1606 5567 1861 5622 nimirum

256 5662 498 5734 relegati,
533 5664 778 5732 quamvis
806 5663 946 5718 haud
988 5662 1161 5730 facile,
1208 5664 1300 5734 qui
1343 5663 1525 5718 literas
1570 5661 1863 5730 perferant,

255 5755 490 5810 nancisci
534 5771 816 5824 queamus,
858 5770 1075 5810 omnem
1118 5755 1462 5811 adhibui...us
1505 5755 1861 5827 diligentiam,

258 5857 319 5904 ut‘
341 5847 807 5920 investigarcmus,
833 5862 892 5905 ac
918 5848 1298 5919 reperiremus,
1332 5849 1422 5922 qui
1455 5858 1695 5908 nostram
1720 5848 1858 5908 bane

1657 317 2044 382 Εριετοως.

3447 269 3554 325 718

1937 425 2220 500 epistolam
2247 419 2324 477 ad
2344 427 2396 474 te
2425 412 2710 483 perferret,
2736 411 2794 500 ut
2813 399 3207 500 sublimitatem
3225 394 3376 500 tua?

1938 471 2282 592 plistiam-amns,
2425 471 2671 564 debitam
2697 471 3100 555 salutationem
3136 471 3555 578 magniﬁcentiai

1940 565 2048 669 inae
2078 605 2530 682 persolveremus.
2559 595 2747 666 Neque
2773 601 2907 646 vero
2949 584 3005 641 in
3044 577 3268 637 dubium
3308 565 3562 630 revocari

1940 675 2142 763 debere
2166 700 2420 764 arbitror,
2448 707 2572 751 cum
2598 704 2664 746 ea
2691 700 2812 759 quae
2831 683 2943 755 jam
2965 693 2996 735 a
3021 686 3075 733 te
3101 680 3227 730 sunt
3248 675 3405 764 gesta
3424 677 3561 721 con-

1941 799 2141 864 sidero,
2172 795 2300 866 quin
2345 791 2464 848 sine
2508 792 2691 842 nostra
2716 772 3087 835 admonitione
3127 765 3197 822 ad
3244 776 3345 819 nos
3372 759 3561 815 literas

1942 855 2139 951 crebro
2180 855 2418 950 mittere,
2461 893 2516 938 et
2559 878 2628 934 de
2669 884 2762 930 tua
2805 864 3116 926 valetudine
3157 855 3424 951 certiores
3459 861 3560 951 nos

1944 986 2127 1043 facere
2157 975 2491 1037 memineris.
2530 970 2647 1028 Non
2679 966 2823 1024 enim
2849 957 3183 1016 mediocrem
3225 941 3558 1043 consolatio-

1944 1092 2070 1135 nem
2097 1072 2434 1132 hauriemus.
2456 1079 2581 1122 eum
2605 1077 2638 1118 a
2665 1057 2844 1122 vobis,
2875 1068 2906 1108 a
2933 1048 3131 1123 quibus
3160 1045 3408 1135 impense
3429 1032 3560 1091 dilio

1944 1172 2143 1243 gimur,
2185 1166 2372 1222 literas
2408 1129 2656 1228 accipere
2685 1148 2891 1213 licebit,
2925 1158 3045 1216 quae
3092 1129 3424 1241 valetudinis
3460 1141 3558 1184 ve-

1945 1222 2072 1319 strae
2085 1222 2284 1316 statum
2305 1222 2603 1325 exponant,
2625 1254 2681 1303 et
2698 1239 2942 1314 epistola:
2963 1227 3264 1292 ministerio
3278 1222 3560 1325 caritatem

1945 1352 2175 1410 subinde
2199 1313 2490 1411 renovent,
2520 1313 2851 1398 ac—vestram
2893 1326 3242 1404 prmsentiam
3287 1317 3446 1376 nobis
3490 1313 3564 1370 ob

1945 1445 2132 1504 oculos
2161 1449 2384 1514 ponant.
2414 1433 2693 1508 Siquidem
2734 1433 2913 1501 potest
2950 1415 3254 1514 frequentia
3279 1412 3562 1468 literarum

1948 1554 2092 1606 eam,
2125 1508 2246 1609 qua:
2274 1550 2341 1590 ex
2366 1526 2656 1604 prementia
2681 1521 3072 1595 perciperetur,
3104 1508 3346 1567 laetitiam
3375 1518 3440 1559 ac
3464 1515 3562 1556 vo-

1947 1600 2206 1704 luptatem
2254 1600 2599 1689 adumbrare,
2632 1633 2757 1674 cum
2801 1630 2833 1670 a
2881 1606 3110 1668 sinceris
3157 1600 3348 1658 amicis
3388 1605 3567 1652 trans-

1949 1728 2128 1785 missa:
2159 1724 2378 1780 fuerint.

2298 1843 2454 1917 cx‘c.
2486 1851 2692 1910 Brisom‘
2721 1847 2819 1920 (ιι).
2851 1843 3037 1917 (Anno
3060 1835 3213 1907 tot.)

2021 2001 2162 2074 Quid
2193 2003 2296 2055 hoc
2321 1995 2400 2053 rei
2429 2005 2553 2051 esse
2573 1984 2792 2046 dicam?
2815 1979 3031 2039 Siccine
3055 1984 3135 2040 tu,
3163 1969 3256 2043 qui
3294 1979 3419 2024 eum
3466 1977 3568 2018 nos

1951 2058 2073 2158 istic
2100 2108 2366 2160 essemus,
2413 2089 2699 2145 innumera
2736 2077 2918 2135 facere
2958 2087 3025 2129 ac
3058 2070 3243 2126 dicere
3290 2058 3563 2120 studuisti.

1951 2202 2114 2264 atque
2140 2187 2280 2254 urbi,
2312 2151 2401 2240 vel
2424 2179 2606 2252 potius
2630 2174 2729 2231 toti
2754 2170 2876 2230 orbi
2898 2178 3166 2225 terrarum
3191 2154 3475 2216 innotuisti
3495 2151 3571 2207 ob

1950 2247 2076 2341 cuin
2111 2291 2377 2341 amorem,
2418 2285 2578 2345 quem
2614 2280 2744 2338 erga
2782 2277 2884 2318 nos
2914 2253 3262 2318 ostendebas,
3289 2260 3469 2317 neque
3491 2247 3566 2301 si—

1953 2377 2123 2433 lentio
2159 2382 2339 2443 tegere
2364 2333 2704 2436 uid-poteras;
2721 2355 2819 2413 sed
2843 2362 2899 2409 et
2929 2349 3093 2407 rebus
3135 2343 3269 2416 ipsis
3292 2349 3350 2397 et
3387 2333 3568 2392 verbis

1954 2429 2154 2538 ubique
2186 2429 2472 2535 specimen
2490 2454 2609 2526 ejus
2628 2449 2851 2510 edcbas,
2876 2446 3061 2500 literas
3080 2436 3147 2493 ad
3174 2449 3276 2491 nos
3299 2447 3370 2488 ne
3398 2429 3569 2484 semel

1951 2531 2172 2634 quidem
2195 2531 2450 2628 dignatus
2476 2563 2538 2605 es
2567 2541 2804 2607 mittere,
2834 2537 3017 2607 idque,
3049 2545 3174 2588 cum
3201 2537 3417 2634 summe
3447 2531 3568 2576 tua-

1953 2613 2075 2712 rum
2101 2613 2452 2723 epistularum
2483 2637 2755 2697 desiderio
2781 2639 3114 2692 teneremur,
3138 2631 3363 2689 tuasque
3381 2613 3581 2718 literas.

1952 2705 2370 2819 expeteremus?
2399 2731 2591 2792 Nescis
2625 2734 2886 2801 quantam
2906 2736 2974 2776 ex
2995 2732 3063 2774 eo
3090 2705 3397 2786 percepturi
3422 2719 3572 2760 esse-

1954 2801 2076 2898 tntis
2104 2831 2551 2895 consolationem,
2581 2821 2727 2896 quod
2754 2830 2861 2875 tam
2883 2810 3127 2871 ardentis
3151 2803 3403 2863 amicitiae
3430 2801 3573 2855 fetus

1955 2890 2574 2998 literas'acciperemus'?
2599 2890 2778 2986 Atque
2807 2909 2924 2966 b:cc
2949 2919 3050 2977 ego
3074 2916 3182 2957 non
3209 2890 3570 2974 exprobrandi

1953 3038 2116 3083 causa
2141 2983 2302 3084 dico:
2314 3015 2513 3088 quippe
2537 3009 2626 3082 qui
2659 2983 2826 3062 sciam
2854 3011 2929 3068 te,
2963 2999 3079 3054 sive
3104 2991 3332 3056 scribas,
3357 2986 3472 3043 sive
3493 2983 3571 3039 si-

1954 3121 2089 3184 leas,
2123 3117 2394 3185 iugentem
2436 3098 2867 3163 benevolentiam
2908 3106 3038 3163 erga
3082 3102 3183 3144 nos
3221 3093 3568 3144 conservare,

1953 3171 2238 3279 sed'quod
2278 3213 2492 3259 tuarum
2532 3191 2807 3251 desiderio
2835 3187 3058 3257 ﬂagrem
3087 3176 3464 3251 epistularum.
3496 3171 3574 3226 Ac

1953 3262 2193 3360 solemus
2217 3293 2458 3369 quidem,
2491 3285 2704 3347 etiamsi
2732 3297 2841 3340 non
2870 3276 3109 3360 scribas,
3135 3285 3244 3328 eos
3290 3266 3381 3338 qui
3415 3262 3572 3319 istinc

1955 3355 2269 3458 adveniuni,
2303 3355 2565 3445 sciscitari
2609 3380 2679 3436 de
2716 3387 2807 3434 tua
2849 3357 3157 3429 valetudine
3196 3373 3360 3433 atque
3388 3355 3576 3414 hilari.

1956 3501 2085 3556 tate,
2116 3501 2181 3543 ac
2208 3491 2552 3550 summopere
2580 3471 2772 3536 laztari,
2799 3475 2922 3524 cum
2945 3479 3008 3518 ea
3031 3475 3150 3532 quae
3177 3453 3569 3513 desideramus,

1954 3584 2206 3643 audimus
2238 3599 2251 3636 :
2288 3576 2383 3634 sed
2415 3544 2610 3644 linguae
2652 3575 2760 3622 tua:
2799 3577 2864 3618 ac
2891 3559 3132 3616 dextera:
3171 3563 3278 3607 tuae
3308 3544 3573 3603 beneflcio

1956 3678 2077 3736 haec
2101 3672 2404 3742 intelligere
2432 3673 2780 3735 cuperemus.
2811 3652 2926 3711 Nisi
2966 3663 3096 3720 ergo
3137 3645 3368 3700 fortasse
3412 3650 3576 3709 grave

1954 3773 2026 3828 sit
2055 3786 2119 3826 ac
2147 3767 2434 3825 molestum
2463 3757 2604 3831 quod
2637 3755 2894 3827 petimus,
2921 3759 3067 3803 nunc
3089 3741 3283 3798 saltem
3307 3735 3452 3792 hanc
3477 3747 3574 3788 no.

1955 3867 2040 3924 bis
2068 3859 2308 3920 concede
2345 3853 2596 3929 gratiam,
2643 3863 2764 3918 quae
2803 3841 3038 3898 maxima
3074 3844 3161 3893 est
3201 3841 3258 3887 et
3299 3823 3575 3900 iucundis-

1954 3959 2090 4014 sima
2116 3965 2172 4013 et
2195 3963 2444 4023 magnam
2471 3943 2627 4000 nobis
2657 3938 2826 4011 pariet
2848 3933 3198 4002 voluptatem.

1958 4070 2147 4131 CXCI.
2182 4063 2481 4139 Ampruclm
2504 4059 2580 4132 (ὁ)
2612 4052 2933 4110 diacouisaw.
2973 4045 3211 4118 (Cucuso
3249 4051 3393 4092 anno
3418 4031 3574 4100 404.)

2028 4183 2334 4246 Secundam
2375 4176 2580 4246 accepi,
2624 4185 2784 4244 quam
2818 4179 2871 4223 te
2903 4165 3137 4236 priorem
3180 4158 3396 4214 misisse
3438 4150 3574 4209 scri-

1956 4285 2060 4350 bis,
2090 4277 2399 4353 epistolam,
2429 4270 2647 4329 domina
2690 4281 2807 4321 mea
2850 4255 3304 4318 revereudissima
3332 4259 3386 4306 et
3413 4263 3575 4304 orna-

1958 4342 2185 4433 tissima.
2232 4371 2406 4439 Atque
2434 4366 2625 4420 iterum
2653 4360 2798 4423 dico,
2829 4356 2938 4412 noli
2963 4351 3245 4408 audaciam
3272 4342 3572 4417 appellare,

1956 4470 2102 4541 quod
2130 4468 2314 4523 literas
2343 4461 2418 4517 ad
2440 4475 2539 4514 nos
2567 4456 2716 4528 prior
2744 4448 3049 4522 scripseris,
3081 4457 3260 4515 neque
3290 4445 3568 4511 peccatum

1957 4570 2008 4624 id
2041 4564 2303 4622 arbitrare
2334 4557 2475 4631 quod
2506 4557 2622 4612 laus
2647 4560 2732 4609 est
2757 4549 3014 4607 maxima.
3046 4545 3159 4599 lloc
3186 4540 3331 4597 enim
3359 4535 3570 4592 ferven-

1957 4663 2028 4717 tis
2053 4671 2106 4715 et
2134 4655 2375 4713 ardentis
2397 4651 2784 4708 documentum
2813 4657 2939 4699 esse
2980 4636 3222 4695 caritatis
3263 4645 3570 4697 censemus.

1955 4770 2019 4810 ac
2045 4752 2271 4808 sincerae
2297 4746 2627 4812 minimeque
2654 4740 2846 4794 fucata:
2877 4728 3271 4790 benevolentia:
3299 4733 3425 4791 tum,
3454 4735 3576 4793 qua:

2024 4861 2098 4912 (α)
2133 4859 2219 4898 ιντο
2243 4856 2660 4912 nominassem.
2684 4853 2862 4904 nam»
2901 4836 3032 4912 (πυρα
3057 4836 3440 4912 memisse!!!
3465 4835 3576 4912 est:

1967 4889 2172 4972 Brisoni,
2195 4889 2362 4961 ωοὲἐι.
2379 4889 2564 4965 "luget",
2576 4889 2763 4972 ’έριίεξ-ἷζ
2779 4889 3024 4964 Βνῂεόηπ
3047 4897 3141 4969 δέξό¹
3161 4889 3286 4945 intra
3313 4894 3456 4955 epist.
3485 4889 3576 4941 2M

1960 4961 2283 5026 meminere].
2309 4961 2645 5036 Bgtmyt:_$:l\'ji.
2672 4969 2722 5016 in
2746 4961 2890 5036 testu
2925 4974 3109 5036 βρὺσωιει,
3124 4961 3372 5036 Liqmggg.

1960 5017 2286 5090 sBEEC'mEEZ
2312 5017 2638 5089 sannae,
2675 5041 2781 5091 ςερ-
2807 5027 2869 5086 8,
2898 5017 3036 5091 39W.
3054 5017 3236 5091 Pa???"
3272 5019 3358 5091 Ψέί
3398 5017 3578 5091 (ΜΨ

2449 5096 2533 5205 qui
2560 5081 2692 5142 Briso
2713 5081 2866 5164 etiam
2883 5081 2989 5149 cap.
3019 5087 3080 5135 16
3101 5081 3578 5156 (Ιὶοίιυιξῑὴιᾞωδιο-

1960 5178 2091 5205 mnm
2115 5180 2140 5205 ιι
2162 5175 2327 5205 nrmm
2352 5173 2461 5205 exsr
2486 5171 2530 5205 l0
2553 5156 2815 5205 reduxrsse
2833 5186 2847 5205 .
2876 5158 2928 5200 et
2961 5148 3087 5205 apud
3115 5144 3375 5195 Palladium
3402 5155 3450 5192 in
3477 5142 3578 5191 vita

1959 5142 2530 5226 ιηῧῶνεῖἶῖδῖἷὲἱῖςῇῥο
2553 5155 2815 5206 reduxisse
2833 5186 2847 5212 ,
2876 5158 2928 5200 et
2943 5142 3375 5218 "apudralladium
3393 5142 3450 5226 in
3477 5142 3578 5226 vita

1957 5205 2499 5290 Cb‘rvse's'tomi‘ﬂ)
2510 5205 2845 5290 Vmemoratur'
2860 5205 3045 5275 Βρίσσαζν,
3068 5211 3138 5259 sic
3175 5219 3285 5290 eum
3305 5233 3374 5290 Au
3390 5247 3402 5264 ,
3425 5205 3574 5254 frater

1961 5236 2280 5290 CHI'ySOSlel
2437 5236 2499 5271 Ἀ]
2523 5236 2825 5268 metuuntur
2860 5236 3045 5275 Βρισσων,
3069 5236 3138 5259 ait.
3175 5236 3285 5258 υιιιι
3325 5236 3374 5256 in
3390 5247 3402 5264 ,
3427 5236 3457 5254 ιι
3469 5236 3568 5254 μιν.

1961 5291 2186 5349 Palladii,
2205 5286 2338 5338 unde
2399 5286 2537 5349 iquet
2576 5281 2695 5349 [199“
2710 5291 2889 5328 nomen
2928 5287 3078 5349 cum.
3102 5271 3573 5349 scribendumﬂe‘sse.

1960 5337 2229 5404 illiusite'm
2248 5350 2380 5399 Briso
2399 5337 2552 5409 e'pisc.
2579 5341 2905 5409 Pbilipporum
2930 5338 2979 5387 in
3001 5337 3200 5388 't‘braeia
3221 5343 3508 5383 commeare:
3521 5342 3565 5379 a-

1960 5423 2042 5468 tur
2059 5423 2238 5467 secret.
2260 5412 2346 5461 lib.
2371 5405 2553 5470 6,'cap.
2577 5405 2653 5456 18.

2025 5462 2360 5542 (biﬁdum
2387 5462 2524 5542 νύιὲιί
2548 5481 2660 5542 esse
2683 5462 3180 5542 émPFPQ‘i'EFFB'il"
3429 5466 3557 5542 333"

1959 5519 2546 5600 naéﬂtiﬁi'éiijsnus
2568 5519 2781 5600 Proclani
2808 5532 2947 5600 vocat
2971 5522 3214 5600 Palladius
3233 5521 3410 5600 in‘t'i‘ta
3430 5519 3572 5600 ςλιιηγ.

1959 5581 2641 5664 sisifo'dﬁéiﬁl'io'iquads
2666 5605 2730 5664 re
2767 5597 2930 5640 actum
2954 5593 3033 5664 est
3063 5586 3250 5664 lnnt'ita
3273 5590 3317 5632 s.
3343 5581 3570 5664 doctoris.

2333 5646 2517 5727 viatici,
2556 5659 2812 5727 Ἐδεξάμην
2846 5655 3099 5722 προτέρᾳν,
3120 5651 3178 5707 ἣν
3203 5650 3316 5727 seu;
3340 5646 3561 5727 δευτέρα-ι

1961 5706 2096 5779 iam
2104 5706 2218 5784 ολήῗ
2237 5706 2584 5774 ἐπεστᾶἷιξέὖαζ
2592 5706 2604 5747 ί
2620 5706 2866 5784 Priorem
2881 5706 3048 5784 accepi
3066 5706 3212 5783 quam
3235 5706 3280 5759 te
3301 5706 3561 5784 secundum

1962 5789 2153 5857 misisse
2180 5771 2397 5857 scribis.
2418 5771 2509 5857 Sic
2533 5787 2683 5857 etiam
2717 5780 2948 5834 Savilius.
2983 5771 3180 5830 Utrovis
3219 5772 3364 5823 modo
3405 5771 3561 5832 leguw,

1965 5854 2143 5906 eodem
2173 5849 2352 5902 recidit
2373 5845 2638 5900 sententia.
