4076 6430
509 320 610 376 759

501 435 712 491 ﬂamma
742 437 852 506 ipsa
877 438 944 493 sit
972 438 1264 496 ardentior.
1286 438 1418 496 Cum
1447 440 1605 510 igitur
1634 441 1749 496 haec
1781 442 1872 496 tibi
1904 443 2086 511 explo-

500 527 615 584 rata
642 530 768 596 sint,
801 529 938 585 hanc
977 531 1131 586 nobis
1175 531 1480 603 frequenter
1524 533 1715 602 largire
1755 535 2004 603 gratiam,
2033 543 2089 588 ut

499 621 567 675 de
597 629 685 673 tua
719 620 1022 677 valetudine
1061 623 1320 678 certiores
1357 638 1456 678 nos
1498 621 1681 688 facias,
1726 633 1781 678 et
1823 623 2088 678 sexcentis

498 711 744 782 epistolis
773 729 870 767 nos
896 713 1112 776 obruas,
1144 730 1263 784 qua:
1298 714 1349 769 id
1379 714 1699 785 significent.
1746 713 1877 769 Nam
1917 715 1961 768 si
1993 727 2088 768 vos

496 805 712 873 quinos
740 804 951 870 amatis,
980 814 1034 861 et
1062 805 1257 862 hilares
1302 820 1443 872 esse,
1483 822 1546 860 ac
1584 820 1831 876 prospera
1877 806 2085 860 valetu-

497 895 623 950 dine
647 906 705 952 et
732 898 1018 953 securitate
1044 897 1146 953 frui
1173 907 1322 954 certo
1360 899 1710 965 confidamus,
1745 914 1852 953 non
1879 899 2084 954 medio-

496 1003 645 1042 crem
678 1001 873 1044 nostra:
901 991 955 1044 in
989 991 1207 1057 regione
1239 992 1514 1060 peregrina
1545 989 1982 1045 commorationis
2010 990 2087 1045 le-

493 1083 763 1136 vationem
793 1084 1087 1152 capiemus,
1127 1083 1218 1138 sed
1249 1092 1306 1138 et
1332 1083 1569 1138 maximo
1595 1084 1787 1137 solatio
1823 1082 2083 1150 fruemur,

497 1171 627 1226 licet
658 1173 710 1226 in
741 1183 978 1227 extrema
1010 1172 1302 1229 solitudine
1346 1173 1669 1228 habitemus.
1716 1173 1914 1227 Tecum
1957 1187 2086 1241 ergo

497 1275 772 1333 reputans,
798 1275 1049 1336 quantam
1082 1263 1382 1321 festivitatis
1409 1267 1744 1322 occasionem
1775 1264 1928 1320 nobis
1952 1264 2085 1319 alla-

497 1366 615 1412 tura
641 1358 735 1420 sis,
770 1359 876 1413 noli
906 1358 1044 1414 hanc
1068 1359 1220 1414 nobis
1247 1358 1481 1412 Ia'titiam
1511 1357 1767 1423 invidere,
1798 1357 1892 1412 sed
1917 1371 2086 1425 quan-

495 1459 607 1503 tum
636 1449 836 1516 licebit,
865 1459 918 1505 et
945 1448 1169 1505 facultas
1194 1449 1427 1515 dabitur,
1461 1450 1711 1504 continue
1738 1448 1945 1504 felicem
1987 1462 2086 1501 no-

495 1538 578 1593 bis
603 1538 670 1594 de
696 1548 782 1594 tua
814 1540 1118 1595 valetudine
1147 1541 1384 1594 nuntiutn
1413 1529 1582 1593 mitte.

555 1651 777 1707 CXCII.
811 1651 1134 1707 Onesicra‘t'a!
1156 1651 1252 1724 (α).
1280 1651 1510 1725 (Cucuso
1535 1667 1674 1706 anno
1693 1651 1826 1708 forte
1843 1651 2001 1720 405.)

567 1766 811 1836 Magnum
838 1767 1018 1821 animo
1046 1767 1284 1822 dolorem
1316 1782 1413 1823 nos
1445 1782 1656 1838 quoque
1675 1769 1939 1837 cepimus,
1959 1781 2079 1820 cum

500 1858 568 1912 de
595 1868 781 1913 mortre
824 1859 994 1913 beata:
1038 1859 1160 1913 filia:
1192 1870 1294 1914 tua:
1324 1861 1339 1891 ί
1367 1859 1432 1913 ad
1460 1875 1559 1915 uos
1587 1869 1670 1914 est
1693 1859 1936 1913 allatum.
1974 1858 2080 1912 Ve-

497 1959 798 2004 rumtamen
825 1964 946 2004 cum
975 1950 1142 2019 probe
1170 1960 1292 2004 nota
1314 1950 1468 2005 nobis
1495 1951 1563 2004 sit
1585 1949 1747 2004 animi
1779 1949 1853 2003 tui
1875 1948 2084 2018 sapieno

497 2042 601 2107 tia,
643 2041 942 2111 mentisque
988 2041 1320 2109 sublimitas,
1363 2041 1521 2112 plane
1571 2039 1890 2096 confidimus
1933 2040 2080 2107 fore,

496 2139 557 2183 ut
600 2131 760 2184 tantis
811 2129 1056 2184 ﬂuctibus
1096 2133 1340 2200 superior
1377 2130 1598 2186 evadas.
1639 2129 1769 2184 Nam
1794 2139 1849 2184 ιιι
1878 2145 2081 2200 nequa-

495 2237 655 2291 quam
704 2223 1039 2277 contristeris
1060 2263 1074 2287 ,
1107 2221 1222 2277 fieri
1252 2223 1455 2293 nequit;
1489 2224 1581 2277 sed
1617 2234 1667 2276 te
1690 2223 1971 2276 hortamur
1998 2233 2081 2277 ta-

499 2328 643 2377 men,
677 2322 736 2366 tit
771 2314 1041 2367 moderate
1069 2314 1117 2367 id
1147 2328 1293 2384 agas,
1324 2328 1445 2368 cum
1475 2315 1636 2383 probe
1667 2313 1899 2379 noveris,
1923 2329 2081 2382 quam

498 2407 656 2460 ﬂuxa:
703 2407 809 2459 sint
854 2417 906 2460 et
952 2405 1166 2461 caducae
1219 2421 1305 2460 res
1351 2405 1620 2472 humanm,
1666 2422 2084 2477 communesque

497 2497 747 2551 omnibus
774 2495 855 2549 ita:
875 2496 1227 2560 calamitates,
1259 2511 1322 2551 ac
1351 2507 1554 2551 natur-.e
1580 2498 1662 2551 lex
1687 2497 2008 2563 communis,
2033 2506 2087 2551 et

498 2586 709 2640 Domini
739 2586 979 2640 omnium
1011 2598 1254 2641 nostrum
1285 2587 1376 2640 Dei
1405 2587 1700 2642 decretum.
1731 2587 1915 2656 Neque
1940 2589 2084 2643 enim

502 2679 642 2741 istud
669 2695 814 2734 mors
831 2688 932 2746 est,
958 2680 1049 2734 Sed
1080 2681 1459 2751 peregrinatio,
1485 2691 1643 2751 atque
1673 2698 1701 2736 a
1728 2682 2086 2738 deterioribus

497 2772 566 2824 ad
615 2772 833 2826 meliora
884 2774 1277 2842 commigratio.
1310 2773 1433 2828 Hinc
1461 2773 1619 2843 igitur
1661 2775 1842 2828 animo
1867 2776 2084 2830 volvens

499 2864 676 2916 omnia
698 2906 713 2929 ,
743 2879 1002 2934 generose
1045 2864 1122 2918 fer
1147 2864 1287 2936 quod
1334 2853 1561 2928 accidit,
1594 2875 1647 2920 et
1675 2865 1922 2920 clementi
1975 2867 2085 2921 Deo

500 2956 699 3022 gratias
747 2971 863 3025 age.
918 2957 1169 3022 Quamvis
1214 2958 1355 3011 enim
1401 2973 1466 3011 eo
1510 2958 1721 3028 gravior
1771 2957 1968 3012 inﬂicta
2015 2961 2086 3012 sit

503 3047 656 3115 plaga
683 3086 697 3111 ,
725 3047 864 3116 quod
893 3048 1070 3102 adhuc
1092 3048 1291 3102 recenti
1322 3050 1483 3117 priori
1529 3049 1884 3114 successerit,
1911 3059 2084 3104 tamen

505 3153 568 3191 eo
599 3138 690 3191 tibi
722 3137 1049 3207 splendidior
1071 3153 1268 3194 corona
1302 3141 1589 3205 patientiae,
1615 3141 1923 3212 majoraquc
1951 3156 2087 3211 prae-

503 3231 608 3284 mia
635 3231 988 3298 debebuntur,
1030 3233 1075 3286 si
1105 3215 1226 3286 cum
1253 3233 1543 3302 gratiarum
1572 3234 1786 3289 actione
1831 3243 1885 3289 et
1929 3233 2088 3289 laude

505 3325 861 3378 calamitatem
893 3327 1050 3379 istam
1083 3326 1286 3379 tuleris.
1320 3325 1397 3380 Ne
1426 3327 1584 3396 igitur
1609 3341 1708 3382 nos
1736 3343 1948 3398 quoque
1968 3344 2084 3382 ma-

504 3433 742 3490 gnopere
769 3418 1077 3484 doleamus,
1106 3419 1200 3474 sed
1246 3420 1524 3475 evidenter
1565 3422 1794 3477 sciamus
1845 3423 2086 3478 nonnihil

507 3512 598 3564 tibi
625 3520 834 3566 nostras
866 3512 1047 3566 literas
1078 3512 1370 3581 profuisse,
1400 3513 1466 3568 ad
1496 3529 1594 3569 nos
1622 3515 1724 3570 hoc
1753 3517 1922 3584 ipsum
1950 3519 2086 3571 scri-

509 3605 636 3658 bere
664 3619 730 3658 ne
750 3605 984 3673 graveris
1003 3647 1018 3671 ,
1052 3615 1107 3658 ut
1134 3606 1334 3661 indices
1359 3622 1574 3662 omnem
1601 3609 1692 3663 tibi
1721 3610 1968 3664 maeroris
1993 3627 2090 3665 nu-

474 3713 480 3738 ι
509 3696 628 3750 hem
656 3711 776 3750 esse
802 3696 1117 3762 discussam,
1151 3713 1212 3752 ac
1239 3699 1438 3753 doloris
1461 3700 1610 3754 ulcus
1629 3716 1823 3771 magna
1846 3718 1908 3757 ex
1941 3713 2090 3773 parte

512 3799 770 3842 lanatum.
794 3787 848 3845 Si
876 3791 1022 3844 enim
1039 3789 1151 3846 inec
1181 3792 1616 3856 intellexerimus,
1641 3804 1918 3848 sexcentas
1943 3796 2008 3850 ad
2042 3806 2092 3852 te

509 3882 720 3935 mittere
745 3881 1000 3950 epistolas
1027 3897 1131 3935 non
1159 3883 1485 3937 cessabimus
1509 3926 1523 3948 ,
1549 3884 1688 3953 quod
1737 3901 1840 3939 non
1890 3886 2092 3941 medio-

513 3975 674 4029 criter
701 3976 774 4028 tui
824 3976 1047 4030 studiosi
1094 3977 1258 4031 simus
1279 4019 1293 4040 ,
1321 3994 1440 4032 cum
1469 3979 1736 4038 sincerum
1767 3996 1980 4052 semper
2028 3988 2117 4037 ae‘

515 4065 733 4119 minime
759 4063 988 4123 tumtum
1020 4068 1273 4125 honorem
1297 4113 1309 4132 ,
1338 4073 1690 4130 reverentiam
1733 4082 1786 4126 et
1814 4075 2089 4130 caritatem

514 4171 543 4211 θ
574 4156 829 4211 modestia
858 4165 947 4212 tua
973 4156 1199 4214 delatam
1231 4163 1571 4219 senserimus.
1605 4161 1839 4230 Quorum
1855 4165 2092 4220 omnium

511 4258 770 4320 perpetuo
791 4265 1076 4310 memores.
1106 4250 1382 4308 ﬂorentem
1409 4269 1470 4308 ac
1495 4255 1760 4326 vigentem
1788 4272 1910 4328 erga
1940 4267 1989 4315 te
2013 4259 2095 4314 he-

510 4339 866 4400 ttevolentiam
896 4355 1273 4397 conservamus
1293 4385 1306 4408 ,
1337 4345 1460 4402 licet
1483 4348 1547 4401 ad
1581 4347 1723 4418 ipsos
1751 4349 1964 4408 ultimos
2002 4367 2092 4406 or-

514 4432 596 4493 bis
623 4440 882 4487 terrarum
916 4434 1048 4490 fines
1073 4435 1393 4492 deferamur.

746 4523 1002 4580 CXCIII.
1038 4527 1262 4581 Pteanio.
1300 4528 1529 4598 (Cucuso
1554 4547 1696 4591 anno
1715 4534 1864 4605 401.)

589 4617 904 4689 ἓιιιειιορειιθ
932 4636 1017 4679 me
1046 4623 1262 4678 erexisti
1286 4665 1301 4689 ,
1334 4639 1398 4680 ac
1423 4640 1627 4680 summa
1653 4628 1836 4682 laetitia
1869 4630 2100 4698 perfudi-

582 4740 597 4767 ⁵
619 4738 773 4801 _Jnxta
794 4736 949 4801 Vatic.
979 4745 1030 4786 et
1065 4738 1209 4800 Regi,
1241 4736 1472 4801 .‘llacoria:
1492 4736 1611 4800 ltlt'a:
1633 4745 1744 4798 tuas,
1772 4753 1844 4801 gr.
1873 4747 1957 4801 τῆς
1987 4745 2087 4792 Μα-

518 4798 1046 4867 ειςιιρίιιις.ςτῆςηεξυγατρόςΔ
1077 4798 1182 4867 σρςᾶ.
1227 4798 1795 4867 Μεωτὶξιηίεεηοεειιῃζ
1824 4798 2090 4867 Mvthologi

519 4859 751 4912 Herculis
774 4859 937 4922 tiliam,
959 4859 1008 4908 et
1034 4862 1081 4917 in
1106 4861 1452 4922 Martyrologio
1479 4859 1712 4916 Romano.
1739 4862 1944 4912 Maearia
1966 4859 2092 4914 mai-'-

521 4927 599 4988 tyr
621 4919 834 4988 occurrit
857 4922 944 4969 die
961 4923 1312 4985 8Aprilis,quo
1323 4919 1618 4985 argueretur
1635 4937 1810 4973 nomen
1837 4922 1958 4975 illud
1978 4940 2091 4988 pro-

522 4983 681 5040 prium
706 4983 926 5029 insolens
953 4996 1045 5031 non
1066 4983 1195 5033 esse.

586 5041 656 5100 (α)
679 5041 780 5089 Vox
801 5042 1138 5109 Onesicratiqz,
1175 5045 1765 5109 ‘Ovnatxpariqmmuibus
1789 5047 1883 5096 Mss
1916 5051 2093 5098 nostris

521 5109 771 5170 consonat.
785 5105 996 5170 .ttverp,
1013 5107 1053 5153 si
1079 5107 1310 5170 Frontoni
1336 5105 1512 5170 liucteo
1524 5111 1768 5170 credatur,
1781 5110 2091 5159 scribendum

522 5170 601 5230 est
619 5165 924 5230 itsyttcrittce,
947 5165 1270 5230 Ἀσυγιριτίᾳ,
1284 5167 1589 5230 quianempe,
1602 5169 1711 5216 alia
1728 5165 1845 5230 sunt
1857 5173 1914 5219 ad
1933 5177 2093 5228 Asyn-

521 5222 709 5292 eritiam
734 5222 1564 5292 a_Cbrymttimo'nii$a'epistolae.
1585 5231 1682 5278 Sed
1707 5229 1744 5292 si
1769 5231 1877 5278 Mss.
1903 5222 2094 5286 nostros

523 5279 741 5339 vidisset.
756 5279 890 5336 fortc'
903 5289 1201 5338 sententiam
1221 5279 1507 5338 mutavisset
1525 5306 1535 5334 :
1551 5303 1660 5346 nam
1681 5291 1751 5339 sic
1772 5279 2093 5344 Foislinianus

521 5354 576 5414 et
602 5347 1209 5414 Vaticapusantiquissimi
1230 5351 1431 5414 Codices
1457 5351 1650 5400 habent.
1676 5352 1758 5400 Sic
1779 5367 1975 5414 quoque
1993 5356 2093 5404 Re-

521 5406 648 5474 gius,
671 5410 736 5455 sic
759 5409 970 5474 Savilius
993 5406 1132 5473 legit,
1160 5427 1324 5474 neque
1348 5411 1498 5468 aliam,
1524 5417 1782 5461 lectionem
1797 5406 2092 5466 'notatznam

521 5471 954 5553 nlud‘asyqtqrilim
977 5471 1117 5553 unde
1143 5471 1378 5543 prodierit
1398 5474 1596 5535 ignoro;
1629 5483 1765 5531 certe
1792 5478 1958 5553 potius
1981 5491 2091 5553 cre-

525 5531 1026 5605 diderim’li-brarium
1061 5531 1203 5605 illum
1239 5531 1754 5605 quitoe'emhgrmcam
1792 5531 2094 5605 Ἃσνγκριςτίᾳ

525 5596 704 5660 posuit.
732 5606 910 5660 nomen
951 5596 1094 5660 illud
1117 5596 1404 5660 frequenter
1428 5596 1636 5659 positum
1662 5611 1780 5646 vero
1801 5608 1852 5660 et
1875 5596 2094 5660 genuino

522 5652 850 5728 substituisse,
877 5670 1020 5728 quam
1047 5652 1297 5708 librarium
1317 5652 1596 5728 quempiam
1619 5671 1796 5710 nomen
1822 5652 2091 5724 insolitum,

535 5713 1238 5790 Ὀῃσιχρατί“ᾳ,“ορῐηηιριιιιιηι
1260 5713 1531 5790 essequod
1549 5728 1710 5770 tamen
1738 5714 1911 5775 nomen
1931 5713 2093 5790 εωεὸ

522 5780 708 5840 optime
738 5780 1057 5842 compositum
1081 5790 1157 5831 est
1181 5795 1270 5833 nec
1298 5789 1487 5832 temere
1510 5782 1787 5836 formatum.

1250 324 1296 381 S.
1346 325 1624 383 JOANNIS
1661 324 2130 387 CllltYSOSTOMI
2170 325 2492 385 ABCHIEP.
2531 330 3068 395 CONSTAN'UNOP.

3680 343 3788 400 ἨΟ

2201 442 2288 508 sti,
2316 444 2456 514 quod
2478 487 2493 509 ,
2525 462 2645 502 cum
2675 450 2843 505 tristia
2885 455 3197 521 nuntiares,
3223 456 3446 513 verbum
3487 457 3754 527 adjeccris
3775 501 3792 530 ,

2203 535 2343 603 quod
2366 539 2615 595 omnibus
2640 557 2760 611 quae
2789 545 3082 600 acciderint
3107 549 3456 604 accinendum
3484 559 3568 604 est
3589 592 3606 616 ,
3637 550 3792 606 dixe-

2195 627 2410 697 risque,
2439 628 2779 689 Glorificetur
2811 636 2949 691 Deus
3005 638 3059 693 in
3110 641 3379 696 omnibus.
3426 641 3540 696 Hoc
3567 641 3796 697 verbum

2197 718 2354 775 letale
2395 721 2610 779 diabolo
2639 729 2832 783 vulnus
2862 729 3081 802 infligit;
3107 732 3210 788 hoc
3240 735 3293 788 in
3323 735 3514 804 quovis
3552 735 3797 803 periculo

2195 811 2496 867 securitatis
2542 823 2598 870 et
2657 818 2940 888 voluptatis
2987 824 3325 879 occasionem
3353 823 3526 879 aﬂ'ert.
3550 822 3688 878 Nam
3718 840 3796 878 si-

2195 902 2305 955 mul
2349 913 2510 974 atque
2556 907 2683 964 illud
2713 913 2832 978 quis
2861 914 3183 982 protulerit,
3229 917 3512 972 confestim
3541 917 3792 972 maerori!

2193 995 2362 1049 nubes
2406 995 2708 1055 discutitur.
2737 1002 3036 1075 Numquam
3088 1006 3247 1077 igitur
3273 1008 3376 1065 hoc
3416 1009 3593 1064 dicere
3619 1010 3791 1065 inter-

2193 1088 2344 1142 mitte
2369 1131 2383 1153 ,
2415 1099 2584 1161 atque
2600 1093 2733 1150 alios
2781 1095 2996 1154 docere.
3036 1099 3091 1155 Si
3117 1101 3258 1154 enim
3305 1116 3426 1172 quze
3456 1115 3553 1157 vos
3596 1101 3798 1157 invasit

2195 1189 2484 1251 tempestas
2504 1226 2518 1248 ,
2553 1186 2677 1242 licet
2701 1190 2944 1259 asperior
2969 1191 3059 1246 fiat
3077 1235 3092 1256 ,
3125 1192 3176 1247 in
3201 1195 3636 1264 tranquillitatem
3669 1209 3796 1249 mu-

2194 1271 2410 1339 tabitur;
2442 1277 2521 1331 sic
2560 1280 2652 1348 qui
2684 1289 2998 1353 tempestate
3031 1284 3322 1353 jactantur,
3351 1287 3612 1357 majorem
3643 1288 3793 1344 acci-

2193 1362 2340 1432 pient
2363 1368 2689 1434 mercedem,
2717 1373 2983 1444 simulque
3011 1390 3040 1429 a
3073 1377 3228 1432 malis
3253 1378 3643 1434 liberabuntur.
3679 1380 3794 1436 lloc

2190 1455 2384 1512 .lobum
2406 1475 2601 1515 corona
2624 1464 2808 1530 cinxit,
2839 1465 2941 1521 hoc
2971 1469 3191 1523 verbum
3221 1468 3492 1529 diabolum
3519 1471 3574 1526 in
3604 1471 3793 1543 fugam

2190 1551 2490 1616 convertit,
2519 1562 2574 1607 et
2599 1555 2880 1611 confusum
2913 1559 3163 1616 recedere
3191 1555 3367 1632 coegit
3393 1604 3409 1628 ,
3441 1561 3543 1618 hoc
3591 1563 3794 1617 tumul-

2192 1648 2302 1694 tum
2333 1657 2549 1699 omnem
2586 1645 2825 1716 depellit.
2857 1649 3020 1721 Perge
3037 1653 3213 1724 itaque
3237 1654 3486 1708 onmibus
3509 1669 3629 1724 quae
3656 1668 3791 1708 con-

2192 1729 2400 1801 tingunt
2424 1775 2440 1802 ,
2466 1736 2602 1791 istud
2648 1740 2913 1795 accinere.
2960 1741 3087 1796 Loci
3117 1758 3243 1798 vero
3272 1759 3462 1808 eausa,
3497 1759 3658 1798 nemo
3696 1743 3790 1799 ulli

2190 1827 2459 1897 negotium
2501 1828 2750 1886 facessat.
2783 1834 3113 1905 Quamquam
3157 1837 3299 1890 enim
3348 1835 3597 1891 desertus
3637 1837 3790 1891 locus

2191 1927 2273 1973 est
2296 1917 2554 1983 Cucusus,
2585 1920 2670 1978 hic
2701 1933 2877 1980 tamen
2899 1937 2953 1981 et
2980 1927 3159 1996 quiete
3185 1927 3432 1991 fruimur,
3453 1939 3508 1982 et
3533 1943 3641 1982 non
3671 1943 3790 1982 me-

2190 2009 2445 2068 diocriter
2475 2027 2543 2068 ex
2581 2013 2773 2070 itinere
2817 2027 3144 2072 contractam
3183 2009 3546 2073 infirmitatem
3591 2032 3787 2074 sanare

2191 2103 2459 2171 potuimus
2480 2145 2494 2171 ,
2533 2120 2599 2160 ex
2627 2120 2734 2177 quo
2762 2109 3023 2178 coepimus
3045 2109 3188 2163 domi
3238 2118 3498 2180 perpetuo
3523 2109 3787 2165 residere.

2190 2195 2348 2262 Quod
2381 2197 2426 2251 si
2467 2211 2565 2252 nos
2608 2213 2793 2255 rursus
2827 2216 3020 2272 cogere
3045 2202 3220 2257 velitis
3253 2203 3368 2257 loca
3410 2202 3638 2256 subinde
3667 2217 3792 2256 mu-

2191 2294 2340 2353 tare,
2372 2290 2599 2344 summis
2640 2291 3067 2347 conﬂictabimur
3093 2294 3279 2357 malis,
3322 2292 3621 2362 praesertim
3664 2307 3789 2346 cum

2193 2378 2362 2434 hiems
2387 2381 2456 2434 sit
2483 2396 2580 2449 pro
2600 2379 2823 2438 foribus.
2844 2383 3013 2439 Nemo
3044 2384 3204 2454 igitur
3220 2385 3562 2457 importunus
3586 2384 3679 2438 ulli
3697 2390 3793 2439 aut

2192 2471 2448 2527 molestus
2477 2473 2576 2528 hac
2599 2476 2881 2531 occasione
2911 2477 2998 2530 sit.
3031 2475 3228 2531 Verum
3255 2478 3320 2531 ad
3348 2491 3446 2531 nos
3485 2477 3555 2531 de
3579 2487 3666 2530 tua
3699 2490 3792 2530 va-

2194 2562 2427 2619 letudine
2447 2607 2461 2629 ,
2488 2564 2664 2636 deque
2707 2577 2791 2622 tua
2825 2569 2942 2622 istic
2971 2570 3394 2623 commoratione
3441 2569 3789 2637 nominisque

2193 2654 2502 2711 celebritate
2545 2667 2705 2728 atque
2747 2658 3012 2715 hilaritate
3058 2662 3252 2717 scribe.
3281 2661 3396 2716 Non
3438 2662 3580 2716 enim
3605 2661 3794 2730 vulga-

2194 2760 2306 2800 rem
2332 2749 2495 2802 etiam
2523 2751 2575 2803 in
2609 2760 2748 2804 tanta
2775 2750 3030 2822 degentes
3059 2752 3347 2808 solitudine
3365 2756 3792 2810 consolationem

2193 2836 2518 2904 hauriemus,
2551 2855 2672 2894 cum
2706 2843 2967 2911 ejusmodi
2993 2859 3023 2896 a
3052 2852 3140 2899 tua
3173 2845 3469 2901 reverentia
3504 2847 3686 2900 missa:
3717 2845 3794 2900 li-

2193 2937 2322 2984 tene
2348 2931 2502 2986 nobis
2530 2933 2842 2989 reddentur.

2436 3066 2529 3122 CX
2536 3067 2602 3122 Cl
2624 3067 2682 3122 V.
2713 3068 2954 3126 Gemeflo.
2980 3073 3216 3144 (Cucuso
3238 3088 3379 3129 anno
3407 3074 3557 3147 404.)

2268 3202 2541 3257 Desertum
2569 3202 2779 3273 quidem
2822 3205 2999 3261 locum
3045 3207 3347 3264 habitamus
3383 3209 3684 3279 Cucusum,
3725 3225 3794 3268 ac

2186 3295 2355 3382 totius
2391 3295 2536 3351 orbis
2570 3297 2726 3365 hujus
2754 3299 2920 3352 noSIri
2943 3298 3388 3355 desertissimum.
3417 3300 3680 3368 Quamvis
3709 3311 3790 3356 ta-

2195 3401 2316 3441 men
2339 3386 2406 3442 ad
2435 3390 2578 3457 ipsos
2605 3398 2761 3444 teme
2784 3393 3044 3446 terminos
3068 3394 3388 3463 relegemur,
3408 3394 3654 3449 oblivisci
3687 3403 3794 3450 tute

2195 3479 2434 3533 caritatis
2465 3478 2684 3534 minime
2713 3496 3027 3550 possumus;
3056 3485 3150 3538 sed
3183 3485 3234 3538 in
3262 3494 3441 3539 extera
3468 3484 3799 3556 desertaque

2197 3571 2415 3638 regione
2445 3571 2572 3625 dum
2603 3587 2902 3639 versamur,
2931 3584 2983 3629 et
3018 3575 3191 3629 morbi
3219 3576 3472 3644 reliquias
3498 3577 3796 3631 etiamnum

2197 3663 2654 3730 circumferitnus,
2684 3680 2747 3720 ac
2777 3677 2921 3720 metu
2947 3666 3213 3722 latronum
3245 3667 3559 3730 obsidemur
3579 3669 3598 3738 (
3621 3683 3799 3739 neque

2198 3753 2342 3806 enim
2387 3753 2711 3818 abscedunt,
2744 3757 2839 3811 sed
2869 3756 3057 3812 itinera
3107 3757 3466 3813 intercludunt
3489 3799 3504 3824 ,
3529 3768 3584 3814 et
3612 3760 3798 3813 omnia

2198 3859 2390 3899 cruore
2415 3847 2683 3915 complent
2720 3847 2946 3921 Isauri),
2967 3859 3227 3922 perpetuo
3258 3862 3310 3906 te
3333 3860 3512 3906 mente
3556 3851 3800 3905 circum-

2201 3938 2418 3992 ferimus
2438 3981 2451 4004 ,
2479 3954 2542 3993 ac
2571 3939 2933 3996 fortitudinem
2961 3950 3104 3996 tuam
3128 3984 3142 4007 ,
3171 3942 3420 4012 loquendi
3448 3943 3755 3999 libertatem
3781 3985 3798 4011 ,

2198 4045 2414 4086 suavem
2445 4046 2509 4084 ac
2538 4033 2801 4087 sinceram
2831 4034 3260 4090 benevolentiam
3286 4034 3426 4104 apud
3454 4050 3551 4089 nos
3577 4036 3800 4106 effingi-

2199 4135 2350 4188 mus,
2383 4132 2438 4178 et
2465 4123 2654 4179 harum
2683 4141 2780 4181 nos
2811 4127 3180 4183 recordatione
3219 4129 3602 4198 cogitationum
3639 4129 3800 4185 obla-

2200 4224 2425 4270 ctamns.
2450 4216 2528 4270 Tu
2548 4232 2678 4272 vero
2698 4216 3009 4289 frequenter
3033 4221 3099 4275 ad
3123 4234 3239 4287 nos,
3263 4220 3482 4284 domine
3504 4222 3802 4292 plurimum

2201 4306 2541 4376 suspiciende
2565 4350 2580 4375 ,
2613 4309 2787 4364 scribe
2812 4309 2882 4366 de
2908 4310 3231 4366 valetudinis
3273 4323 3376 4365 tua:
3403 4320 3545 4370 statu
3571 4354 3585 4376 ,
3609 4322 3666 4366 et
3689 4328 3805 4392 quo

2204 4409 2360 4469 pacto
2406 4400 2696 4455 calidarum
2749 4403 2841 4457 tibi
2891 4419 3148 4474 aquarum
3191 4419 3319 4460 usus
3347 4396 3718 4473 successerit,
3745 4416 3805 4463 et

2204 4492 2327 4561 quid
2370 4508 2548 4546 rerum
2579 4509 2720 4549 nunc
2762 4511 2917 4566 geras
2942 4515 2954 4551 :
2983 4505 3038 4551 ut
3065 4497 3226 4553 etiam
3255 4499 3440 4569 procul
3469 4514 3498 4551 a
3544 4509 3596 4558 te
3625 4499 3805 4554 dissiti

2206 4582 2374 4637 nihilo
2397 4584 2648 4640 deteriori
2691 4589 2998 4658 conditione
3025 4590 3194 4644 simus
3215 4633 3230 4655 ,
3257 4607 3415 4657 quam
3460 4591 3549 4661 qui
3581 4607 3806 4662 semper

2206 4686 2380 4732 tecum
2432 4689 2751 4749 versantur,
2789 4691 2849 4736 ut
2893 4683 2959 4737 de
3023 4684 3186 4739 rebus
3231 4686 3336 4738 tuis
3385 4686 3646 4741 certiores
3701 4687 3804 4740 fia-

2206 4785 2342 4824 mus.
2373 4770 2520 4825 Nosti
2549 4773 2745 4843 quippe
2771 4783 2970 4844 quanto
2999 4775 3153 4830 nobis
3173 4776 3352 4832 studio
3371 4777 3461 4842 sit,
3487 4777 3556 4831 de
3587 4788 3675 4831 tua
3703 4793 3806 4832 va—

2206 4862 2439 4917 letudine
2463 4865 2736 4934 quidpiam
2763 4867 2980 4933 audire;
3005 4868 3147 4938 quod
3172 4880 3223 4924 te
3252 4869 3604 4925 vehementer
3645 4886 3804 4927 ame-

2207 4970 2365 5020 mus;
2398 4966 2450 5011 et
2481 4958 2785 5014 arctissime
2829 4976 2950 5015 cum
2997 4971 3085 5015 tua
3129 4962 3522 5034 magnificentia
3568 4963 3804 5022 devincti

2206 5063 2394 5102 Simus.

2389 5141 2524 5196 CXC
2541 5142 2598 5195 V.
2625 5142 2926 5198 Claudiano.
2959 5144 3064 5215 (Ab
3089 5162 3230 5201 anno
3250 5148 3355 5204 404
3381 5148 3446 5202 ad
3469 5149 3625 5218 407.)

2277 5231 2539 5299 Quidnam
2556 5231 2656 5286 hoc
2668 5247 2786 5287 esse
2798 5233 2997 5289 dicam?
3013 5235 3163 5290 Tune
3185 5237 3290 5301 illo,
3311 5239 3399 5308 qui
3416 5253 3601 5293 nOStro
3618 5255 3814 5297 amore

2208 5322 2488 5393 ﬂagrabas,
2520 5332 2573 5378 et
2602 5323 2997 5394 quodammodo
3028 5327 3332 5384 insanicbas
3352 5370 3367 5396 ,
3397 5331 3484 5399 qui
3518 5341 3722 5386 tantam
3752 5335 3808 5388 in

2209 5419 2362 5474 nobis
2393 5431 2646 5489 expertus
2690 5435 2746 5475 es
2790 5422 3062 5476 caritatem
3093 5465 3108 5488 ,
3137 5423 3224 5492 qtti
3269 5439 3483 5492 semper
3522 5425 3807 5481 nobiscum

2209 5512 2488 5568 devinctus
2519 5529 2639 5570 eras
2661 5556 2673 5579 ,
2705 5530 2772 5569 ne
2801 5515 2966 5570 literis
2994 5516 3206 5585 quidem
3236 5533 3335 5569 nos
3367 5501 3514 5571 tanto
3544 5531 3651 5570 tem
3664 5521 3809 5588 poris

2210 5605 2384 5675 spatio
2414 5605 2661 5676 dignatus
2691 5622 2750 5661 es
2772 5649 2786 5672 ,
2816 5607 2909 5662 sed
2942 5617 3048 5663 tam
3074 5608 3324 5663 diuturno
3365 5608 3579 5665 silentio
3608 5614 3681 5664 uti
3711 5627 3807 5680 po-

2213 5697 2391 5752 tuisti?
2420 5697 2554 5767 Quid
2575 5700 2731 5770 igitur
2757 5702 2807 5756 itt
2835 5717 2994 5757 causa
3027 5702 3160 5757 fuit?
3185 5704 3266 5758 Αη
3293 5718 3418 5757 vero
3447 5713 3572 5774 post-
3597 5705 3806 5762 disces-

2219 5806 2339 5854 sum
2365 5804 2601 5851 nostrum
2634 5810 2698 5851 ex
2729 5795 2908 5852 animo
2947 5805 3039 5853 tuo
3077 5811 3174 5854 nos
3218 5798 3452 5869 cjecisti,
3483 5806 3536 5853 et
3587 5798 3812 5869 segnior
