4076 6434
213 377 323 432 ’119

211 493 309 564 τὴς
335 489 690 564 θερμοτέρας.
713 486 877 542 Ταῦτ’
904 479 1000 541 οῦν
1029 484 1202 549 εἰδυῖα
1234 481 1581 553 ἐπιδαψιλευε
1614 491 1648 522 ι
1676 476 1808 532 ταύρ-

210 599 314 653 την
344 581 475 652 ἡμῖν
490 579 590 648 τὴν
627 577 788 648 χάριν
823 573 1084 646 συνεχῶς,
1136 573 1264 645 περὶ
1302 571 1404 644 τῆς
1443 569 1636 640 ὑγείας
1675 569 1808 638 ἡμῖν

211 672 451 744 δηλοῦσα
477 674 577 741 τῆς
607 670 730 748 σῆς,
759 668 855 723 καὶ
889 667 1076 739 πέμπε
1112 665 1343 735 νιφάδας
1381 665 1414 735 ἡ
1423 665 1515 734 μίν
1539 658 1807 733 γραμμά-

212 782 344 829 των,
368 763 528 817 τοῦτο
557 759 1030 830 ἀπαγγελλούσας.
1067 757 1198 815 Ἑάν
1226 755 1338 827 γάρ
1359 753 1655 826 θαρρῶμεν
1673 750 1808 822 περὶ

212 856 327 912 τῶν
347 852 689 925 ἀγαπῦντων
731 853 901 924 ἡμᾶς,
945 850 1029 904 ὃτι
1057 850 1116 902 ἐν
1152 845 1419 919 ἐπιθυμίᾳ
1449 845 1544 903 καὶ
1572 845 1630 897 ὲν
1650 840 1809 912 ὑγεία

216 949 312 1003 καὶ
347 950 405 1001 ἐν
456 944 728 1016 ἀσφαλείᾳ
773 942 1172 1014 καθεστήκατε,
1204 939 1267 994 ού
1313 935 1516 1010 μικρὰν
1542 931 1808 1005 δεξόμεθα

213 1041 316 1113 τῆς
341 1041 401 1094 ἐν
434 1037 691 1110 ἀλλοτρίᾳ
717 1035 1004 1110 διατριϐῆς
1026 1032 1393 1106 παράκλησιν,
1422 1026 1559 1086 ἀλλά
1597 1026 1692 1081 καὶ
1709 1042 1810 1097 με-

215 1130 413 1199 γίστην
441 1125 852 1199 παρπωσόμεθα
883 1121 1258 1196 παραμυθίαν,
1275 1118 1452 1175 καίτοι
1477 1135 1544 1188 γε
1568 1115 1806 1189 ἐσχάτην

216 1221 458 1298 ἐρημίαν
511 1217 807 1282 οἰκοῦντες.
859 1214 1210 1287 Δογισαμένη
1269 1213 1450 1271 τοίνυν
1497 1211 1631 1282 ὅσην
1672 1209 1808 1280 ἡμῖν

216 1315 428 1387 ὲργιῑιειτι
456 1310 554 1384 τὴν
575 1307 789 1382 ἑορτὴν.
828 1307 904 1379 μὴ
932 1306 1208 1378 φθονήσῃς
1230 1306 1366 1377 ἡμῖν
1383 1304 1487 1374 τῆς
1511 1300 1807 1370 καλλίστης

215 1405 424 1477 ταύτης
446 1402 812 1476 εὐφροσύνης,
839 1398 956 1454 ἀλλ’
979 1398 1056 1462 ὼς
1083 1400 1150 1453 ἀν
1174 1399 1417 1469 ἐγχωρῇ,
1448 1396 1546 1450 καὶ
1576 1388 1689 1448 οἶόν
1744 1407 1809 1445 τε

215 1492 274 1570 ᾖ.
300 1493 655 1564 εὐαγγελίζου
671 1489 939 1564 διηνεκῶς
969 1491 1105 1563 ἡμῖν
1135 1487 1207 1544 τά
1261 1488 1389 1554 περὶ
1441 1488 1542 1558 τῆς
1587 1484 1810 1556 ῥώσεως

215 1588 320 1660 τῆς
343 1586 462 1658 σῆς.

678 1693 850 1765 ΡιιΗ.
901 1690 1344 1762 ὀνησικρατίᾳ.

287 1834 502 1908 Σφόδρα
523 1835 844 1905 ἡλγὴοαμεν
873 1832 974 1906 καὶ
999 1832 1164 1903 ἡμεῖς
1191 1827 1528 1891 ἀκούσαντες
1547 1824 1679 1897 περὶ
1709 1823 1810 1894 τῆς

219 1928 502 2000 μακαρίας
546 1925 816 1998 θυγατρός
849 1942 966 1980 σου.
1013 1923 1151 1977 Ἀλλ’
1180 1923 1332 1992 ὅμως
1354 1919 1556 1985 εἰδότες
1579 1918 1642 1975 τὸ
1663 1917 1812 1988 φιλό-

218 2019 386 2090 σοφόν
428 2034 525 2073 σου
555 2018 657 2088 τῆς
700 2016 960 2082 διανοίας,
996 2025 1091 2068 και
1121 2013 1184 2068 τὸ
1205 2011 1408 2085 ὑψηλὸν
1433 2010 1534 2082 τῆς
1559 2008 1807 2080 γνώμης,

218 2111 362 2166 πάνυ
388 2107 701 2180 θαρροῦμεν
731 2107 807 2171 ὡς
822 2106 1073 2178 ἀνωτέρα
1104 2108 1279 2178 στήσῃ
1303 2102 1412 2157 τῶν
1434 2101 1693 2156 τοιούτων
1715 2117 1812 2154 κυ-

220 2202 408 2271 μάτων
441 2199 490 2252 δ.
526 2199 618 2272 Μὴ
644 2198 931 2255 λυπεῖσθαι
966 2197 1066 2268 μὲν
1098 2196 1207 2268 γὰρ
1236 2197 1538 2267 ἀμήχανον,
1559 2209 1812 2266 παρακα-

216 2293 419 2363 ὶῐοῦμεν
451 2293 508 2346 δέ
546 2291 874 2362 συμμέτρως
895 2288 1054 2343 τοῦτο
1083 2289 1255 2342 ποιεῖν
1288 2286 1488 2340 είδυίαν
1518 2284 1581 2338 τὸ
1608 2285 1809 2354 ἐπίκη-

221 2401 314 2454 ρον
335 2382 444 2437 τῶν
465 2383 823 2454 ἀνθρωπίνων
841 2381 1205 2453 πραγμάτων,
1235 2379 1331 2433 καὶ
1355 2378 1433 2444 ὡς
1463 2377 1618 2432 κοινά
1637 2376 1812 2432 ταῦτα

217 2476 356 2529 πᾶσι
391 2475 463 2529 τά
490 2473 663 2544 πάθη,
703 2474 803 2528 καὶ
827 2473 904 2538 ὡς
934 2473 1150 2544 φύσεως
1174 2473 1336 2542 νόμος
1367 2469 1566 2534 κοινὸς,
1595 2469 1692 2523 καὶ
1716 2468 1812 2522 τοῦ

219 2569 441 2623 πάντων
482 2567 639 2639 ἡμῶν
665 2567 937 2622 Δεσπότου
968 2565 1104 2621 Θεοῦ
1149 2565 1444 2635 ἀπόφασις.
1490 2564 1564 2618 Ού
1603 2562 1715 2634 γὰρ
1745 2561 1812 2634 δὴ

218 2659 450 2724 θάνατος
481 2659 660 2726 τοῦτο,
714 2659 829 2711 ἀλλ’
862 2658 1145 2729 ἀποδημία
1194 2657 1290 2711 καὶ
1332 2655 1668 2727 μετάστασις
1699 2654 1810 2707 ἀπὸ

214 2752 327 2807 τῶν
351 2753 613 2825 χειρόνων
643 2753 779 2824 πρὸς
809 2752 877 2808 τὰ
909 2752 1120 2823 βελτίω.
1156 2751 1322 2805 Ταῦτ’
1345 2747 1441 2804 οῦν
1471 2750 1689 2805 ἅπαντα
1727 2747 1806 2800 λο-

215 2845 509 2916 γιζομένη,
537 2846 670 2916 φέρε
696 2845 960 2915 γενναίως
989 2844 1055 2900 τὸ
1097 2843 1336 2914 συμϐὰν,
1373 2845 1468 2898 καὶ
1495 2841 1811 2913 εὐχαρίστει

215 2936 296 3007 τῷ
321 2934 689 3006 φιλανθρώπῳ
709 2933 849 3007 Θεῷ.
871 2936 1059 3008 Εἰγάρ
1073 2936 1167 2990 καὶ
1188 2935 1547 3006 χαλεπωτέρα
1574 2937 1606 3006 ἡ
1628 2932 1811 3005 πληγὴ

217 3030 434 3100 γέγονε,
461 3028 598 3100 πρὸς
633 3029 696 3082 τὸ
717 3028 917 3101 νεαρὰν
944 3025 1107 3083 οὖσαν
1133 3028 1233 3099 τὴν
1265 3029 1538 3100 προτέραν
1571 3026 1812 3080 καταλαο

218 3121 354 3186 ϐεῖν,
404 3120 542 3175 ἀλλά
599 3122 694 3174 καὶ
751 3121 1134 3194 λαμπρότερός
1173 3131 1263 3173 σοι
1305 3123 1334 3174 ὁ
1393 3120 1659 3190 στέφανος
1709 3117 1811 3188 τῆς

219 3215 517 3285 ὑπομονῆς,
554 3215 649 3269 καὶ
685 3214 857 3285 μείζω
894 3215 964 3270 τά
987 3215 1235 3287 βραϐεία,
1297 3215 1414 3284 μετ’
1457 3211 1811 3285 εὐχαριστίας

220 3305 318 3359 καὶ
344 3302 652 3374 δοξολογίας
683 3305 926 3379 φερούσῃ
953 3306 1016 3359 τὸ
1042 3306 1235 3368 πάθος.
1270 3307 1366 3359 Ἵν⁹
1395 3300 1489 3359 οὖν
1533 3305 1629 3358 καὶ
1652 3305 1813 3374 ἡμεῖς

222 3399 299 3468 μὴ
328 3398 536 3470 σφόδρα
555 3399 834 3468 ἀλγῶμεν,
875 3398 992 3452 ἀλλ’
1028 3399 1261 3469 εἰδῶμεν
1294 3396 1480 3468 σαφῶς
1509 3399 1591 3451 ὅτι
1620 3397 1812 3466 γέγονέ

220 3491 307 3544 σοί
332 3490 566 3544 τιπλέον
599 3491 708 3545 ἀπὸ
739 3489 851 3545 τῶν
888 3493 1234 3563 γραμμάτων
1261 3491 1368 3546 τῶν
1392 3491 1698 3562 ἡμετέρων,
1736 3489 1811 3560 μὴ

219 3583 568 3654 κατοκνήσας
589 3584 721 3656 ἡμῖν
747 3583 960 3654 γράψαι
980 3583 1140 3636 τοῦτο
1161 3583 1314 3646 αὐτὸ,
1348 3580 1586 3652 δηλοῦσα
1611 3583 1695 3635 ὃτι
1731 3598 1813 3634 σοι

217 3675 322 3746 τῆς
346 3675 586 3748 ἀθυμίας
605 3676 957 3748 διεσκεδάσθη
1007 3677 1069 3732 τὸ
1091 3676 1274 3745 νέφος,
1306 3677 1401 3730 καὶ
1440 3675 1502 3729 τὸ
1532 3675 1666 3729 πολὺ
1714 3675 1814 3747 τῆς

217 3767 415 3840 ὀδύνης
451 3769 546 3823 τοῦ
573 3769 764 3836 ἕλκους
793 3772 1188 3842 ὑποτέτμηται.
1220 3770 1285 3825 Εἰ
1311 3770 1420 3841 γὰρ
1463 3769 1638 3823 ταῦτα
1657 3766 1811 3841 [708]

223 3861 516 3933 μάθοιμεν,
549 3863 611 3918 οὐ
643 3865 967 3935 παυσόμεθα
993 3865 1221 3935 νιφάδας
1245 3862 1544 3918 ἐπιστολῶν
1570 3864 1813 3934 πέμπειν

223 3970 329 4005 σοι·
362 3953 457 4008 καὶ
485 3953 595 4026 γὰρ
622 3955 721 4025 οὐχ
770 3955 846 4020 ὡς
870 3956 1061 4026 έτυχεν
1104 3956 1445 4027 ἀντεχόμεθά
1471 3973 1566 4009 σου
1592 3957 1691 4026 τῆς
1719 3955 1811 4007 εύο

220 4046 457 4114 γενείας,
484 4047 712 4118 γνησίας
742 4048 829 4101 ἀεὶ
865 4049 960 4102 καὶ
1002 4047 1328 4119 εἰλικρινοῦς
1361 4048 1456 4102 καὶ
1501 4051 1690 4118 τιμὴς,
1720 4045 1814 4100 καὶ

221 4135 427 4202 αἰδοῦς,
457 4137 556 4192 καὶ
579 4137 802 4210 ἀγάπης
830 4139 1239 4204 ἀπολαύσαντες
1275 4140 1429 4210 παρὰ
1463 4139 1561 4209 τῆς
1596 4139 1696 4207 σῆς
1717 4155 1812 4190 κο-

223 4230 534 4302 σμιότητος.
583 4225 683 4286 Ὦν
740 4233 983 4303 συνεχῶς
1034 4233 1397 4304 μεμνημένοι,
1455 4231 1816 4302 ἀκμάζουσαν

220 4324 324 4391 τὴν
352 4323 481 4394 περὶ
507 4323 567 4377 σὲ
601 4324 841 4380 διάθεσιν
873 4325 1172 4397 τηροῦμεν,
1201 4323 1305 4379 κᾶν
1345 4323 1485 4398 πρὸς
1506 4323 1680 4389 αὑτὰς
1707 4326 1814 4394 ἀφ’

224 4413 472 4486 ικώμεθα
493 4417 592 4488 τῆς
616 4416 939 4488 οἰκουμένης
967 4418 1066 4481 τὰς
1093 4417 1366 4488 ἐσχατιάς.

768 4556 942 4621 PU“.
979 4556 1262 4620 Παιανίῳ.

294 4690 508 4761 Σφόδρα
543 4707 609 4761 με
660 4690 1070 4762 ἀνεπτέρωσας,
1114 4690 1208 4745 καὶ
1247 4693 1478 4764 σκιρτᾷν
1526 4691 1813 4763 ἐποίησας,

217 4782 326 4848 ὅτι,
374 4780 446 4835 τά
498 4781 718 4853 λυπηρά
763 4781 1124 4850 ἀπαγγείλας.
1156 4783 1432 4853 ἐπέθηκας
1461 4783 1524 4837 τὸ
1572 4787 1744 4856 ῥῆμα,
1785 4784 1814 4836 ὃ

222 4874 360 4928 πᾶσι
395 4875 506 4936 τοῖς
543 4872 934 4943 συμϐαίνουσιν
966 4873 1242 4943 ἐπιλέγειν
1274 4875 1401 4945 χρὴ,
1443 4876 1635 4930 εἰπών·
1675 4877 1813 4944 Δόξα

218 4967 287 5037 δὴ
314 4965 392 5036 τῷ
420 4965 540 5036 Θεῷ
570 4967 789 5021 πάντων
814 4967 998 5022 ἕνεκα.
1034 4968 1203 5022 Τοῦτο
1239 4969 1301 5022 τὸ
1328 4969 1482 5041 ῥῆμα
1520 4971 1712 5042 καιρία
1733 4970 1813 5041 τῷ

220 5048 456 5129 διαϐόλῳ
490 5057 694 5130 πληγή·
730 5059 888 5113 τοῦτο
921 5059 1154 5131 μεγίστη
1194 5060 1273 5131 τῷ
1311 5061 1525 5130 λέγοντι
1556 5065 1615 5117 ἐν
1648 5066 1812 5117 παντὶ

223 5151 455 5223 κινδύνῳ
499 5153 801 5222 ἀσφαλείας
854 5153 949 5207 καὶ.
995 5154 1190 5224 ἡδονῆς
1229 5155 1504 5220 ὑπόθεσις.
1569 5157 1720 5226 ’Ἅμα
1751 5175 1811 5209 τε

221 5245 333 5316 γάρ
375 5262 459 5308 τις
495 5245 796 5314 ἐφθέγξατο
845 5246 1026 5307 τοῦτο,
1071 5248 1164 5298 καὶ
1215 5247 1571 5300 σκεδάννυται
1606 5248 1810 5312 εὐθέως

229 5337 323 5408 τῆς
343 5337 581 5409 ἀθυμίας
605 5339 666 5390 τὸ
685 5338 863 5408 νέφος.
893 5339 984 5412 Μὴ
1009 5340 1072 5410 δὴ
1102 5339 1287 5410 παύσῃ
1309 5341 1468 5393 τοῦτό
1491 5358 1548 5393 τε
1572 5341 1744 5411 λέγων
1763 5354 1812 5406 ε,

279 5494 315 5565 ,⁸
341 5494 492 5544 Iidem
515 5496 871 5560 ἐπιδαψιλεύου,
900 5504 952 5547 et
985 5499 1056 5548 sic
1079 5499 1206 5563 legit
1225 5499 1441 5550 Savilius
1463 5519 1474 5549 :
1505 5507 1716 5566 ulraque
1741 5507 1813 5555 le-

228 5563 324 5606 ctio
346 5559 566 5608 quadrat.

288 5616 316 5654 δ
339 5616 541 5684 βοίείίιε.
569 5622 939 5684 τῶντοιούτων
981 5621 1228 5684 καμάτων.
1251 5623 1360 5674 Mox
1388 5626 1490 5678 duo
1509 5640 1626 5678 mss.
1670 5627 1815 5678 τοῦτο

230 5681 384 5728 ποιεῖν
411 5682 602 5732 εἰδυῖαν.
630 5683 757 5732 Εάῑι.
791 5685 956 5732 εἰδυῖα.

291 5743 314 5775 ⁸
347 5741 453 5818 Quo
477 5758 593 5793 mss.
619 5745 780 5818 παύσῃ
810 5746 972 5818 καύτός
994 5763 1046 5818 τε
1080 5747 1248 5818 λέγων.
1277 5748 1403 5818 [Ima
1431 5749 1580 5802 iidem
1622 5753 1816 5802 πλείονα

230 5808 562 5866 καρπώσονται
581 5809 664 5866 τήν
683 5809 874 5869 ἡδονὴν,
902 5809 1020 5865 μετὰ
1043 5811 1122 5858 καὶ
1146 5808 1232 5859 τοῦ
1251 5814 1361 5862 τῶν.

1661 351 1852 406 ΕΡΙδἸ
1869 349 2055 404 ULA'L.

3398 352 3504 408 719

1907 474 2161 539 καὶτοὺς
2223 474 2419 540 ἀλλους
2453 473 2748 529 παιδεύων.
2804 471 2963 527 Οὕτω
2992 471 3087 528 καὶ
3141 473 3172 526 ό
3217 472 3425 545 χειμὼν
3471 475 3524 528 δ’

1907 565 2254 632 καταλαϐὼν,
2300 565 2406 621 κάν
2457 566 2794 639 τραχύτερος
2839 566 3093 636 γένηται,
3132 565 3214 631 εἰς
3257 563 3505 639 γαλήνην

1909 660 2330 732 μεταστήσεταν
2384 659 2530 713 οὕτω
2583 660 2680 712 καὶ
2732 659 2794 712 οι
2837 657 3226 730 χειμαζόμενοι
3279 657 3506 712 πλείονα

1907 749 2295 822 καρπώσονται
2318 748 2426 820 τὴν
2462 748 2702 822 ἀμοιϐὴν
2753 748 2894 820 μετά
2923 746 3022 802 τοῦ
3053 747 3147 803 καὶ
3173 748 3284 803 τῶν
3313 747 3504 802 δεινῶν

1905 842 2310 914 ἀπαλλαγῆναι.
2357 841 2645 898 Τοῦτο.τὸν
2685 841 2808 896 Ἰὼϐ
2836 840 3209 911 ἐστεφάνωσε,
3236 838 3396 895 τοῦτο
3440 840 3504 894 τὸ

1908 935 2062 1007 ῥῆμα
2077 934 2436 994 ’νὺν-διάϐολον
2461 935 2750 1008 ἐτρέψατο,
2785 935 2879 992 καὶ
2908 933 3358 1006 ἐγκαλυψάμενσν
3372 935 3506 990 ἀνα-

1906 1029 2154 1102 χωρῆσαι
2181 1030 2506 1103 πεποίηκεν,
2535 1029 2697 1087 τοῦτο
2721 1028 2955 1100 θορύϐου
2979 1027 3184 1094 παντὸς
3202 1013 3503 1102 ἀναίρεσις.

1906 1123 2052 1178 Μένε
2085 1123 2150 1193 δὴ
2190 1121 2350 1177 τοῦτο
2379 1123 2597 1197 ἐπᾴδων
2627 1123 2744 1187 τοῖς
2783 1123 3094 1194 γινομένοις
3152 1121 3347 1176 ἀπασι.
3394 1118 3507 1176 Τοῦ

1905 1212 2074 1267 τόπου
2095 1212 2154 1266 δὲ
2177 1213 2387 1277 ἕνεκεν,
2414 1213 2616 1286 μηκέτι
2645 1213 2831 1268 λοιπὸν
2869 1213 3060 1286 μηδεὶς
3087 1211 3399 1284 ἐνοχλείτω.
3442 1213 3508 1268 Εἰ

1907 1304 2028 1378 γὰρ.
2049 1305 2146 1360 καὶ
2185 1305 2393 1378 ἔρημον
2437 1305 2500 1361 τὸ
2538 1308 2738 1379 χωρίον
2759 1308 2796 1378 ἡ
2819 1305 3156 1371 Κουκουσὸς,
3205 1307 3325 1361 ἀλλ’
3352 1308 3508 1378 δμως

1906 1401 2004 1455 καὶ
2034 1399 2266 1472 ἡσυχίας
2292 1399 2641 1472 ἀπολαύομεν
2671 1398 2928 1466 ἐνταῦθα,
2955 1400 3051 1456 καὶ
3081 1401 3144 1454 ού
3172 1399 3234 1453 τὸ
3267 1400 3430 1470 τυχὸν
3442 1401 3510 1454 ἐκ

1904 1491 2007 1561 τῆς
2037 1491 2322 1556 ἀσθενείας
2339 1493 2440 1564 τῆς
2467 1492 2612 1548 κατά
2633 1492 2733 1565 τὴν
2774 1492 2894 1547 ὁδὸν
2919 1493 3223 1573 γενομένης
3246 1495 3279 1566 ἡ
3289 1495 3401 1564 μίν,
3418 1490 3511 1548 διὰ

1908 1581 2006 1652 τῆς
2024 1582 2166 1636 οἴκοι
2193 1579 2482 1654 καθέδρας.
2503 1583 2605 1654 τῆς
2630 1581 2937 1654 διηνεκοῦς,
2966 1581 3262 1654 διορθῶσαι
3288 1581 3508 1654 ἰσχύσα-

1912 1690 2036 1744 μεν.
2060 1675 2158 1728 ‘Av
2201 1673 2260 1728 δὲ
2283 1673 2516 1746 μέλλητε
2546 1675 2714 1730 πάλιν
2755 1675 2904 1750 ἡμᾶς
2932 1675 3270 1744 ἀναγκάζειν
3306 1677 3512 1742 τόπους

1908 1767 1974 1820 ἐκ
1994 1765 2176 1821 τόπων
2195 1766 2469 1839 ἀμείϐειν,
2493 1767 2562 1822 τά
2581 1766 2790 1838 έσχατα
2806 1767 3131 1838 πεισόμεθα,
3156 1768 3251 1822 καὶ
3275 1768 3513 1840 μάλιστα

1907 1858 2004 1912 τοῦ
2061 1856 2332 1931 χειμῶνος
2383 1859 2477 1915 ἐπὶ
2546 1859 2742 1932 θύραις
2809 1861 2984 1924 δντος.
3053 1859 3264 1932 Μηδενὶ
3331 1861 3514 1916 τοίνυν

1910 1950 2169 2022 φορτικὸς
2196 1951 2407 2022 μηδεὶς,
2438 1951 2578 2023 μηδὲ
2607 1950 2856 2023 ἐπαχθὴς
2887 1950 3131 2021 γενέσθω
3154 1953 3360 2025 ταύτης
3391 1952 3513 2007 ἕνε-

1909 2059 2004 2097 κεν
2031 2043 2131 2116 τῆς
2189 2044 2522 2108 ὑποθέσεως.
2571 2043 2735 2099 Ἀλλά
2761 2044 2946 2117 γράφε
2977 2046 3114 2116 ἡμῖν
3171 2045 3417 2118 συνεχῶς
3445 2045 3513 2101 τὰ

1909 2140 2038 2209 περὶ
2071 2138 2173 2209 τῆς
2195 2138 2386 2208 ὑγείας
2408 2139 2510 2210 τῆς
2537 2139 2661 2210 σῆς,
2681 2139 2776 2194 καὶ
2798 2139 2900 2210 τὴς
2917 2137 3208 2210 διατριϐῆς
3230 2138 3330 2211 τῆς
3348 2137 3512 2192 αὐτό-

1910 2231 1986 2297 θι,
2020 2233 2236 2304 καὶτῆς
2261 2233 2694 2305 εύδοκιμὴσεως,
2727 2233 2822 2287 καὶ
2856 2232 2958 2304 τῆς
2979 2230 3270 2302 εὐθυμίας.
3294 2233 3370 2287 Οὐ
3404 2231 3513 2305 γάρ

1909 2327 2010 2398 τὴν
2036 2325 2331 2398 τυχοῦσαν,
2364 2329 2461 2381 καὶ
2509 2327 2568 2381 ἐν
2600 2325 2812 2399 ἐρημίᾳ
2861 2325 3088 2399 τοιαύτῃ
3121 2324 3513 2397 διατρίϐοντες,

1911 2416 2325 2491 ωρπωσόμεθα
2361 2417 2735 2489 παράκλησιν,
2787 2415 3018 2477 τοιαῦτα
3062 2414 3218 2491 παρὰ
3259 2417 3365 2490 τῆς,
3414 2415 3515 2488 σῆς
3555 2467 3564 2476 ,

1909 2513 2222 2584 τιμιότητος
2253 2511 2534 2584 δεχόμενοι
2557 2511 2904 2584 γράμματι,

2449 2734 2614 2799 PHd-'2
2666 2729 2974 2800 Γεμόλλῳ.

1985 2891 2234 2962 Ἐρημον
2288 2889 2389 2959 μὲν
2436 2885 2697 2956 οἰκοῦμεν
2745 2885 2947 2956 χωρίον
2980 2882 3080 2955 τὴν
3118 2881 3431 2937 Κουκουσὸν
3461 2879 3512 2948 ἀ,

1912 2985 2008 3039 καὶ
2059 2983 2242 3054 πάσης
2270 2982 2370 3053 τῆς
2423 2979 2544 3034 καθ’
2589 2980 2738 3051 ἡμᾶς
2774 2977 3108 3049 οἰκουμένης
3149 2977 3510 3050 ἐρημότατον.

1911 3075 2062 3147 Πλὴν
2087 3074 2192 3128 κᾶν
2221 3073 2359 3145 πρὸς
2388 3073 2528 3127 αὐτὰ
2568 3072 2668 3143 τῆς
2701 3070 3032 3141 οἰκουμένης
3058 3068 3130 3122 τὰ
3165 3067 3380 3141 πέρατα
3416 3068 3518 3123 ἀπ-

1911 3168 2248 3239 ενεχθῶμεν,
2269 3164 2628 3222 ἐπιλαθέσθαι
2648 3183 2745 3219 σου
2763 3165 2861 3235 τῆς
2881 3163 3106 3235 ἀγάπης
3131 3163 3192 3216 ού
3212 3161 3513 3235 δυνάμεθα·

1911 3262 2050 3317 ἀλλά
2087 3262 2183 3317 καὶ
2232 3263 2289 3315 ἐν
2317 3260 2580 3330 ἀλλοτρίᾳ
2615 3259 2710 3314 καὶ
2753 3259 2811 3311 ἐν
2858 3257 3072 3330 ἐρημίᾳ
3119 3256 3514 3326 διατρίϐοντες,

1914 3356 2010 3409 καὶ
2046 3356 2128 3408 ἔτι
2161 3353 2394 3423 λείψανα
2424 3353 2746 3425 ἀρρωστίας
2777 3352 3196 3422 περιφέροντες,
3238 3349 3332 3404 καὶ
3365 3349 3519 3420 φόϐῳ

1913 3446 2126 3520 λῃστῶν
2148 3446 2598 3516 πολιορκούμενοι
2633 3445 2712 3515 (ού
2740 3444 2850 3516 γὰρ
2881 3444 3217 3513 ἀφίστανται
3241 3441 3341 3505 τάς
3362 3442 3520 3506 ὁδοὺς

1913 3539 2360 3611 ἀποτειχίζοντες
2413 3539 2510 3592 καὶ
2561 3538 2744 3592 πάντα
2791 3537 3043 3609 αἱμάτων
3095 3535 3436 3608 πληροῦντες
3465 3536 3518 3588 οί

1927 3633 2208 3704 Ἰσαῦροι),
2253 3633 2525 3705 διηνεκῶς
2577 3650 2638 3687 σε
2683 3634 2779 3687 ἐπὶ
2835 3631 3074 3695 διανοίας
3121 3629 3518 3702 περιφέρομεν.

1913 3726 2012 3798 τὴν
2045 3727 2302 3800 ἀνδρείαν
2343 3745 2462 3792 σου,
2490 3728 2591 3799 τὴν
2620 3725 2961 3799 παρρησίαν,
2988 3723 3090 3796 τὴν
3131 3721 3396 3791 γλυκεῖαν
3425 3722 3522 3776 καὶ

1915 3819 2147 3889 γνησίαν
2198 3819 2440 3874 διάθεσιν
2494 3819 2626 3891 παρ’
2676 3819 2862 3880 αὐτοῖς
2909 3814 3392 3889 ἀναπλάττοντεςη
3423 3815 3522 3868 καὶ

1915 3911 2122 3964 τούτων
2152 3910 2263 3964 τῶν
2279 3910 2560 3982 λογισμῶν
2585 3907 2965 3980 ἐντρυφῶντες
2993 3909 3060 3979 τῇ
3101 3908 3312 3981 μνήμῃ.
3335 3908 3521 3980 Γράφε

1916 4002 2068 4076 [709]
2091 4003 2148 4057 δέ
2163 4003 2328 4066 αὐτὸς
2359 4005 2494 4074 ἡμῖν
2521 4000 2786 4072 συνεχῶς,
2812 4001 3052 4054 δέσποτα
3074 3998 3519 4070 θαυμασιώτατε,

1915 4095 1985 4150 τά
2019 4095 2150 4167 περὶ
2191 4096 2292 4166 τῆς
2329 4095 2522 4163 ὑγείας
2546 4095 2644 4167 τῆς
2687 4094 2809 4164 σῆς,
2850 4094 2946 4147 καὶ
2979 4093 3097 4157 πῶς
3133 4109 3216 4146 σοι
3247 4091 3319 4147 τά
3338 4091 3522 4164 θερμά

1919 4191 2214 4261 ἐχρήσατο,
2248 4188 2345 4242 καὶ
2391 4191 2449 4242 ἐν
2483 4188 2627 4243 τίσιν
2660 4189 2810 4259 ὁρμᾷ
2837 4197 2860 4226 θ
2905 4186 2977 4240 τά
3020 4184 3091 4240 σά
3137 4185 3258 4240 νῦνο
3299 4185 3388 4240 ἵνα
3424 4187 3521 4240 καὶ

1917 4283 2203 4355 πόρρωθεν
2222 4282 2394 4346 δντες,
2434 4280 2601 4353 μηδὲν
2636 4279 2860 4333 ἔλαττον
2906 4277 3124 4349 ἔχωμεν
3159 4277 3270 4341 τῶν
3301 4277 3390 4334 ἀεί
3435 4295 3520 4333 σοι

1919 4374 2347 4446 συγγινομένων,
2367 4374 2448 4436 εἰς
2472 4371 2533 4427 τὸ
2561 4371 2750 4439 σαφῶς
2773 4370 3058 4426 εἰδέναιτά
3087 4369 3177 4424 σά.
3208 4364 3381 4425 Θίσθα
3408 4369 3528 4442 γὰρ

1915 4469 2066 4531 ὅπως
2099 4469 2233 4538 ἡμῖν
2256 4464 2731 4538 περισπούδαστον
2755 4481 2822 4517 πε
2833 4463 2886 4535 ρὶ
2918 4461 3019 4533 τῆς
3052 4460 3274 4534 ῥώσεως
3299 4462 3397 4532 τῆς
3416 4460 3520 4531 σῆς

1919 4558 2238 4631 μανθάνειν,
2269 4558 2358 4612 διά
2387 4557 2448 4611 τὸ
2486 4557 2696 4628 σφόδρα
2736 4573 2832 4610 σου
2864 4556 3018 4628 ἐρᾷν,
3049 4555 3143 4610 καὶ
3175 4552 3519 4609 συνδεδέσθαι

1919 4653 2060 4725 μετά
2086 4653 2376 4727 ἀκριϐείας
2395 4655 2462 4724 τῇ
2497 4651 2950 4724 μεγαλοπρεπείᾳ
2979 4653 3047 4724 τῇ
3067 4653 3156 4722 σῇ.

2419 4815 2591 4880 Ριιιςυ.
2632 4809 3012 4876 Κλαυδιανῷ.

1987 4970 2058 5024 Τί
2104 4970 2293 5035 τοῦτο;
2339 4972 2397 5023 Ὀ
2443 4969 2649 5042 θερμὸς
2688 4969 2850 5041 ἡμῶν
2895 4969 3225 5042 ἐραστὴς,ίό
3262 4969 3518 5042 μανικὸς,

1914 5066 2187 5137 τοσαύτης
2235 5066 2368 5136 παρ’
2399 5065 2560 5136 ἡμῶν
2596 5064 2919 5128 ἀπολαύσας
2964 5064 3210 5135 ἀγάπης,
3264 5065 3293 5118 ὁ
3339 5065 3521 5136 διηνεο

1917 5158 2027 5222 κῶς
2069 5161 2203 5229 ἡμῖν
2253 5158 2661 5228 συνδεδεμένος,
2694 5156 2815 5210 οὐδὲ
2863 5157 3216 5228 γραμμάτων
3266 5159 3415 5229 ἡμᾶς
3462 5159 3520 5211 ἐν

1915 5255 2060 5308 οὕτω
2097 5254 2279 5325 χρόνῳ
2330 5252 2528 5324 μακρῷ
2567 5251 2832 5322 ἠξίωσας.
2862 5252 2979 5306 ἀλλ’
3012 5253 3245 5324 ἠνέσχου
3295 5255 3517 5324 σιγῆσαι

1918 5346 2078 5418 σιγὴν
2109 5345 2255 5400 οῦτω
2291 5345 2544 5416 μακράν,;
2581 5345 2647 5397 Τί
2695 5361 2828 5404 ποτε
2876 5345 2985 5416 ἀρα
3032 5348 3094 5399 τὸ
3127 5346 3332 5410 αἷτιονς
3373 5342 3518 5418 ’Δρσ

1919 5440 2059 5514 μετά
2090 5439 2190 5510 τὴν
2210 5437 2521 5508 ἀποδημίαν
2559 5436 2816 5504 ἐξέϐαλες
2843 5439 2993 5507 ἡμᾶς
3016 5437 3118 5507 τῆς
3151 5437 3393 5502 διανοίας
3419 5436 3517 5507 τῆς

1920 5534 2040 5602 σῆς,
2088 5531 2183 5585 καὶ
2229 5529 2606 5600 ρᾳθυμότερος
2645 5528 2778 5600 περὶ
2821 5527 2920 5598 τὴν
2968 5529 3249 5600 ἡμετέραν
3285 5530 3516 5599 γέγονας

1980 5693 2005 5732 d
2031 5693 2189 5742 Valic.
2219 5694 2305 5749 τὴν
2348 5694 2632 5741 Κοκκουοόν
2673 5704 2763 5755 pro
2805 5705 2959 5742 more.
2990 5690 3145 5742 Paulo
3179 5689 3525 5754 postCoislim

1916 5764 1999 5815 τῆς
2022 5757 2301 5819 οἰκουμένης
2319 5755 2378 5819 τὰ
2402 5756 2631 5819 τέρματα.

1982 5821 2003 5848 ⁸
2032 5817 2181 5871 Savil.
2209 5817 2359 5882 ὁρμεῖ.
