4076 6426
263 383 359 440 721

265 516 391 572 erga
433 499 714 555 caritatem
747 483 985 551 nostram
1032 494 1289 552 evasisti?
1334 492 1452 550 Non
1496 491 1746 564 equidem
1774 506 1868 548 ar-

269 594 462 660 bitror;
486 606 662 662 neque
689 590 833 646 enim
856 588 974 645 tieri
1001 599 1218 658 potest,
1246 597 1308 643 ut
1326 587 1506 642 anima
1542 594 1653 642 tam
1674 586 1869 649 amica,

269 693 379 742 7am
419 683 622 741 fervida
653 692 854 738 tantam
881 681 1234 738 mutationem
1263 680 1518 750 patiatur.
1549 679 1634 734 An
1665 692 1795 734 vero
1821 687 1874 733 te

271 780 504 836 fortasse
532 776 754 833 morbus
796 774 1059 832 detinuit?
1086 776 1156 829 At
1199 773 1288 829 hic
1325 771 1712 843 impedimento
1755 783 1876 826 esse

271 887 381 928 non
415 870 608 942 potuit,
633 869 921 941 quominus
962 866 1249 925 scriberes.
1271 865 1536 935 Quoniam
1565 863 1725 935 igitur
1748 877 1877 917 cau-

271 979 388 1020 sam
415 965 724 1036 ignoramus
749 1001 764 1025 ,
793 960 957 1016 simul
1001 974 1056 1016 et
1077 958 1356 1015 silentium
1383 957 1531 1013 solve
1554 997 1570 1020 ,
1599 965 1656 1012 et
1679 955 1877 1010 silentii

272 1069 490 1111 causam
518 1053 716 1130 indica,
747 1063 805 1109 et
824 1051 1222 1123 quamprimum
1247 1051 1532 1121 epistolam
1553 1048 1728 1115 mitte,
1757 1063 1878 1118 quae

273 1163 377 1206 nos
402 1146 474 1202 de
498 1156 586 1200 tua
612 1143 920 1201 valetudine
961 1141 1226 1200 certiores
1267 1142 1445 1198 faciat.
1482 1140 1573 1198 Sic
1591 1142 1736 1197 enim
1767 1155 1880 1196 ma-

274 1238 423 1294 ximo
447 1252 548 1292 nos
573 1235 782 1292 afﬁcias
806 1234 1095 1302 beneficio,
1119 1241 1174 1290 et
1201 1232 1509 1290 solitudinis
1537 1247 1646 1288 non
1673 1232 1881 1288 medio-

274 1344 370 1385 cre
403 1327 562 1384 nobis
586 1327 840 1384 solatium
864 1326 1167 1397 pnehehis;
1198 1326 1242 1382 si
1271 1324 1539 1397 ejusmodi
1578 1325 1764 1382 literas
1791 1339 1882 1380 ac-

274 1421 600 1491 ceperimus.
638 1419 748 1476 Sed
793 1434 926 1474 cave
959 1418 1231 1490 pigriteris
1260 1436 1273 1473 :
1303 1432 1427 1473 nam
1448 1418 1494 1473 si
1535 1416 1636 1472 hac
1661 1427 1881 1487 accepta

271 1512 494 1582 demum
537 1511 764 1584 epistola
810 1511 1084 1566 silentium
1119 1524 1340 1578 serves,
1367 1525 1476 1565 non
1513 1509 1750 1580 amplius
1781 1523 1879 1564 vc-

276 1605 419 1660 niam
451 1602 733 1670 dabimus,
763 1603 858 1659 sed
881 1612 933 1658 te
955 1618 1108 1658 reum
1131 1602 1322 1674 ingrati
1350 1602 1513 1656 animi
1541 1616 1880 1672 peragemus.

277 1694 430 1764 Quod
461 1695 593 1762 tibi,
627 1703 710 1752 sat
737 1696 852 1751 scio
874 1736 890 1762 ,
917 1694 1183 1766 supplicio
1207 1693 1400 1766 quovis
1426 1705 1572 1750 esset
1613 1693 1880 1750 acerbius.

529 1787 773 1846 CXCVI.
801 1790 966 1844 Actio.
996 1789 1242 1861 (Cucuso
1266 1803 1410 1845 anno
1448 1788 1612 1860 404.)

345 1880 459 1938 Nos
485 1889 592 1937 tua:
613 1883 856 1938 caritatis
880 1882 1126 1938 oblivisci
1150 1897 1256 1937 non
1276 1897 1587 1953 possumus,
1615 1881 1880 1948 ardentis,

275 1974 536 2043 sincerae,
583 1975 857 2031 defzncaua
879 2016 896 2044 ,
928 1991 1112 2048 pune,
1158 1977 1490 2048 minimeque
1532 1975 1759 2046 fucatze,
1789 1977 1886 2033 sed

275 2079 539 2139 perpetuo
566 2077 620 2125 te
641 2069 824 2125 animo
852 2070 1302 2140 circumferimus,
1336 2082 1391 2130 et
1420 2072 1746 2146 insculptum
1786 2089 1884 2144 pe-

275 2162 414 2218 ctori
465 2170 654 2218 nostro
693 2171 988 2235 gestamus.
1033 2165 1102 2222 Et
1142 2181 1464 2239 eupercmus
1511 2168 1728 2241 quidem
1778 2169 1886 2226 fre-

276 2264 508 2328 quenter
534 2266 587 2313 te
611 2271 838 2314 cernere
863 2259 1114 2330 :quando
1162 2269 1344 2317 autem
1383 2262 1496 2332 jam
1543 2263 1598 2318 id
1632 2263 1750 2318 ﬁeri
1791 2278 1886 2319 ne—

275 2349 422 2421 quit,
448 2357 690 2406 nostram
741 2365 838 2420 per
870 2350 1055 2407 literas
1083 2353 1439 2423 cupiditatem
1480 2353 1797 2425 explemus,
1832 2363 1888 2410 et

277 2452 386 2498 tua:
439 2442 626 2514 pietati
669 2442 908 2499 debitam
954 2445 1332 2502 salutationem
1372 2446 1770 2516 persolvimus,
1821 2461 1887 2502 ac

278 2544 334 2591 te
376 2537 762 2602 cohortamur,
796 2545 856 2592 ut
884 2537 1002 2608 ipse
1045 2552 1261 2609 quoque
1290 2539 1488 2608 smpius
1515 2539 1584 2594 ad
1625 2554 1725 2595 nos
1752 2540 1888 2594 scri-

275 2626 400 2682 bas.
429 2625 764 2698 Quamquam
793 2627 940 2684 enim
972 2629 1140 2684 multa
1181 2630 1235 2683 in
1272 2630 1566 2686 solitudine
1594 2631 1840 2703 degimns
1865 2673 1882 2700 ,

275 2733 342 2774 ac
377 2729 528 2775 metu
567 2718 837 2775 latronum
864 2719 1201 2788 obsidemur,
1235 2722 1532 2794 morboque
1555 2722 1881 2789 detinenmr,

278 2811 328 2866 si
348 2818 529 2868 tamen
561 2826 592 2866 a
617 2821 705 2867 tua
728 2813 1009 2871 nobilitate
1035 2813 1222 2870 literas
1249 2816 1642 2886 acceperimus,
1671 2827 1792 2886 quae
1819 2813 1886 2868 de

279 2913 373 2960 tua
398 2903 710 2963 valetudine
749 2906 1008 2962 certiores
1035 2923 1136 2963 nos
1175 2905 1405 2975 faciant,
1435 2906 1692 2973 multam,
1723 2905 1887 2962 etiam

275 2993 406 3051 dum
447 3010 670 3066 peregre
710 3011 1009 3066 versamur,
1034 2997 1459 3054 consolationem
1507 2998 1887 3068 pereipiemus.

276 3083 412 3142 Cum
443 3085 605 3159 igitur
632 3087 854 3145 minime
894 3089 1140 3161 ignores,
1182 3100 1436 3161 quantam
1478 3105 1510 3144 a
1538 3090 1696 3146 nobis
1722 3090 1888 3145 initu-

277 3191 373 3233 rus
396 3177 473 3232 sis
501 3179 750 3250 gratiam,
775 3190 971 3251 quanta
998 3194 1098 3236 nos
1117 3180 1302 3237 latitia
1331 3182 1408 3237 sis
1437 3181 1748 3250 aii‘ecturus,
1782 3197 1851 3238 ne
1870 3222 1887 3249 ,

275 3283 505 3342 quasso,
538 3278 738 3326 tantam
791 3272 948 3328 nobis
984 3260 1229 3329 invideas
1273 3273 1639 3345 voluptatem,
1686 3274 1781 3330 sed
1821 3275 1890 3331 da

277 3377 523 3434 operam,
542 3373 602 3419 ut
628 3363 962 3436 frequentius
989 3367 1058 3423 ad
1086 3382 1188 3423 nos
1213 3367 1397 3423 literas
1423 3369 1605 3425 mittas
1628 3368 1888 3425 :multam

277 3461 424 3517 enim
455 3459 582 3516 inde
611 3464 916 3532 percepturi
945 3477 1131 3519 sumus
1156 3463 1508 3536 voluptatem.

413 3593 694 3651 CXCVII.
723 3595 912 3652 Studia
945 3595 1020 3669 (α)
1053 3602 1294 3670 ρνωῖεειο
1325 3598 1484 3655 urbis.
1514 3598 1746 3674 (Cucuso

926 3705 1072 3749 anno
1095 3691 1247 3765 404.)

352 3826 479 3884 Scio
503 3827 752 3897 equidem
790 3835 841 3884 te
876 3828 1196 3898 prudentem
1228 3829 1533 3898 hominem,
1557 3845 1622 3886 ac
1652 3830 1892 3903 philoso-

285 3919 488 3991 phandi
518 3923 748 3991 peritum
773 3962 788 3987 ,
820 3924 980 3978 etiam
1009 3931 1296 3994 antequam
1332 3909 1518 3981 literas
1548 3936 1762 3981 nostras
1804 3941 1897 3982 ac-

282 4013 474 4084 cipias,
496 4011 635 4069 beati
661 4012 844 4071 fratris
873 4014 1282 4087 magniﬁcentia:
1315 4025 1421 4073 tuae
1444 4016 1743 4075 discessum
1774 4035 1896 4074 mo-

283 4104 473 4162 derate
502 4105 734 4162 laturum
765 4122 781 4162 :
821 4123 932 4163 non
965 4098 1110 4164 enim
1135 4118 1366 4165 mortem
1394 4109 1571 4180 placet
1597 4110 1889 4181 appellare.

284 4195 552 4264 Quoniam
591 4208 770 4254 autem
820 4213 920 4254 nos
946 4201 1106 4254 etiam
1129 4215 1248 4270 quae
1284 4209 1591 4256 nostrarum
1621 4211 1747 4256 sunt
1774 4216 1898 4272 par-

287 4291 420 4344 tium
451 4300 707 4360 praestare
730 4305 953 4347 necesse
979 4301 1082 4359 est,
1116 4292 1492 4349 excellentiam
1513 4302 1659 4348 tuam
1686 4293 1895 4362 hortor,

285 4380 507 4436 domine
525 4381 1050 4452 magniﬁcentissime
1079 4384 1119 4448 ³,
1148 4390 1207 4437 ut
1248 4383 1348 4439 hoc
1374 4399 1588 4455 quoque
1619 4393 1859 4455 tempore
1878 4425 1894 4452 ,

285 4473 462 4543 qualis
492 4487 572 4542 es,
603 4482 655 4528 te
684 4473 857 4544 ipsum
889 4474 1146 4530 exhibeas
1170 4517 1185 4542 ,
1215 4489 1322 4530 non
1348 4485 1405 4531 ut
1430 4477 1651 4532 omnino
1674 4491 1780 4531 non
1801 4476 1900 4532 do-

287 4565 405 4620 leas
438 4583 453 4621 :
480 4564 534 4620 id
561 4566 705 4622 enim
734 4566 849 4622 ﬁeri
880 4568 1097 4638 nequit,
1125 4582 1248 4623 cum
1270 4569 1432 4624 homo
1460 4569 1536 4625 sis
1560 4570 1773 4639 corpori
1799 4583 1899 4625 an-

288 4672 484 4726 nexus,
511 4668 568 4715 et
587 4658 852 4729 ejusmodi
885 4659 1104 4716 fratrem
1133 4665 1376 4732 requiras
1404 4678 1417 4714 :
1443 4660 1540 4718 sed
1584 4670 1642 4716 ut
1668 4661 1901 4717 tristitiae

291 4748 513 4804 modum
544 4748 824 4806 adhibeas.
869 4751 1022 4807 Nosti
1068 4752 1211 4807 enim
1241 4767 1400 4823 quam
1432 4752 1648 4825 fragiles
1676 4752 1788 4810 sint
1812 4768 1902 4810 res

293 4842 580 4913 humanze,
613 4859 676 4901 ac
721 4843 1016 4900 ﬂuvialium
1068 4845 1435 4902 conditionem
1485 4847 1748 4902 undarum
1781 4847 1904 4903 imi-

295 4945 496 5000 tentur,
527 4937 606 4992 sic
641 4945 701 4992 ut
725 4952 820 4994 eos
846 4938 1022 4993 solum
1050 4938 1239 4994 beatos
1261 4940 1470 4996 censeri
1498 4949 1781 5012 oporteat,
1813 4940 1903 5011 qui

293 5043 418 5084 cum
445 5027 586 5086 bona
616 5044 714 5102 spe
758 5041 1079 5102 pmsentem
1112 5034 1278 5090 vitam
1307 5033 1564 5090 ﬁnierint.
1596 5034 1718 5090 Non
1756 5035 1902 5091 enim

367 5127 545 5192 (Best,
573 5141 765 5192 vocem,
802 5126 1277 5192 magnificentissime
1321 5128 1862 5192 (μβγαλρπρεπρστατς)
1885 5162 1901 5187 ,

298 5187 471 5250 adjicit
514 5186 757 5262 Savil‘ius,
784 5194 831 5241 et
857 5186 1191 5262 ἱῖιιέέεῃίδεὶηω
1236 5186 1905 5262 (gai_'evso;§1m);,_amns

302 5249 426 5321 vero
463 5252 874 5313 compellationes
916 5250 1124 5304 Tatiano
1156 5249 1392 5316 prefecto
1424 5252 1561 5302 urbis
1590 5249 1907 5302 ascribuntu:

300 5325 356 5362 tn
380 5312 563 5374 Synod.
587 5313 837 5374 Chalced.,
860 5313 971 5364 Act.
993 5313 1041 5362 1.

451 5349 1146 5452 Iaera
1170 5380 1319 5454 estin
1343 5380 1446 5428 vita
1469 5380 1790 5453 chrysostomi
1815 5392 1908 5443 per

387 5441 579 5491 ladlum.
606 5444 763 5491 studi:
785 5441 1008 5491 praefecti
1030 5441 1181 5491 mbas.
1205 5454 1289 5491 aut
1318 5454 1428 5490 cum
1453 5441 1561 5491 alus
1599 5442 1782 5491 ibidem
1805 5454 1908 5491 me-

303 5441 763 5518 ηῐιειιέἓεωῖνβιυιξίί
782 5441 1008 5518 WE???
1022 5441 1181 5518 Ws.
1205 5443 1289 5518 qui
1312 5454 1428 5518 cum
1453 5441 1910 5518 aliisjhidsesms

302 5505 502 5555 moralis
523 5505 814 5555 calumniam
837 5517 864 5552 a
887 5511 1073 5553 Joanne
1099 5504 1347 5568 episeopo.
1374 5504 1419 5553 id
1446 5512 1524 5555 est
1550 5505 1907 5567 Chrysostomo,

300 5565 640 5632 depellebant,
664 5580 776 5631 quae
798 5567 958 5632 omnia
972 5565 1194 5630 pluribus
1215 5569 1265 5617 in
1283 5568 1385 5618 vita
1406 5567 1746 5632 chrysostomi,
1763 5574 1912 5616 'l‘omo

303 5583 640 5641 nepeuenaut,
664 5583 776 5631 quae
798 5583 958 5617 orntus
972 5583 1194 5630 plumeus
1215 5583 1265 5617 ιιι
1288 5583 1385 5618 vna
1406 5583 1908 5632 mrysoswm1,'romo

303 5631 636 5704 primo._slius
657 5637 822 5704 autem
839 5629 1038 5704 hic-ﬁt,
1051 5637 1121 5704 ,ιιι
1138 5638 1287 5704 recte
1299 5637 1469 5704 monet
1489 5637 1664 5704 Fronto
1687 5636 1908 5704 Ducaeus,

303 5690 366 5768 ab
390 5706 455 5768 eo_
473 5693 638 5745 Studio
659 5695 744 5768 qui
767 5690 1022 5768 anno,
1049 5693 1328 5768 imperante
1346 5699 1528 5768 Leone,
1551 5700 1597 5768 ξε
1623 5695 1911 5768 Ιξτωοιιινεᾳζὶ

305 5755 748 5831 minuerent,
773 5759 824 5807 in
857 5755 1706 5831 ίιιεομφριξεξοιμοεβοωφιῖεθξρίαρε
1725 5757 1910 5831 eone“-

234 5827 257 5853 υ
663 5817 889 5884 tempore
913 5819 1086 5869 Leonis
1108 5819 1258 5870 Isauri
1281 5817 1478 5882 praefuit
1498 5819 1782 5872 Theodorus
1800 5826 1908 5877 ειυ-

1734 371 2118 432 ΕΡΙΞΤΟῙΑΕ.

3490 379 3596 434 722

1984 491 2052 548 ad
2080 500 2313 548 mortem
2337 503 2607 565 pergunt,
2639 494 2736 552 sed
2759 509 2793 551 a
2822 495 3210 553 certaminibus
3237 495 3306 551 ad
3334 496 3553 567 prannia
3576 535 3595 562 ,

1982 598 2013 638 a
2040 584 2201 641 luctis
2225 600 2288 641 ac
2304 585 2575 658 palmstris
2598 585 2666 642 ad
2696 601 2953 653 coronas,
2976 602 3009 643 a
3039 588 3174 643 mari
3205 587 3460 659 procellis
3483 586 3597 658 agi-

1983 686 2096 734 tato
2145 679 2212 734 ad
2241 688 2454 750 portum
2503 680 2875 751 tranquillum.
2909 681 3036 737 Haec
3077 696 3209 752 ergo
3234 681 3478 752 cogitans
3514 688 3599 734 te-

1983 769 2157 839 ipsum
2187 771 2490 838 consolare,
2510 771 2947 844 quandoquidem
2978 787 3076 828 nos
3102 787 3318 845 quoque
3347 787 3456 828 non
3485 786 3601 827 nie-

1983 859 2153 916 diocri
2179 861 2366 918 dolore
2380 863 2614 933 correpti
2645 864 2881 919 maximo
2907 873 3153 920 nostrum
3175 879 3466 921 mat-rorem
3505 878 3599 919 σου

1984 953 2116 1010 latio
2158 956 2500 1038 mitigamus,
2531 972 2654 1012 eum
2699 958 2868 1014 menti
2894 967 3094 1014 nostra:
3119 957 3219 1014 viri
3260 956 3405 1014 illius
3430 957 3602 1012 virtus

1984 1048 2324 1115 obversatur,
2353 1064 2420 1104 ex
2449 1063 2553 1120 qua
2579 1065 2686 1105 non
2714 1049 2934 1116 dubito,
2964 1049 3093 1120 quin
3123 1048 3218 1105 tibi
3247 1063 3462 1119 quoque
3485 1064 3602 1103 ma-

1985 1141 2129 1196 xima
2157 1141 2455 1197 consolatio
2483 1142 2811 1213 praebeatur.
2838 1141 2974 1198 Nam
3003 1142 3049 1198 si
3077 1141 3298 1214 quidem
3321 1140 3607 1213 improbus

1989 1234 2177 1291 fuisset
2203 1235 2248 1292 is
2283 1235 2372 1306 qui
2399 1234 2686 1303 discessit,
2720 1245 2776 1292 et
2804 1234 3100 1292 sceleribus
3128 1243 3452 1305 coopertus,
3485 1231 3608 1301 ejus

1988 1341 2150 1383 causa
2193 1327 2481 1398 lugendum
2531 1341 2595 1382 ac
2642 1324 3050 1383 lamentantium
3075 1333 3223 1381 esset
3250 1341 3266 1380 :
3295 1338 3419 1380 cum
3470 1335 3607 1378 vero

1990 1421 2133 1488 talis,
2165 1429 2220 1476 et
2245 1421 2325 1476 sic
2347 1430 2620 1476 transacta
2665 1420 2774 1474 vita
2796 1460 2811 1486 ,
2842 1427 2899 1474 ut
2920 1427 3030 1474 tota
3056 1418 3246 1474 civitas
3276 1415 3448 1484 novit,
3476 1429 3602 1471 cum

1988 1513 2254 1570 modestia
2277 1555 2292 1579 ,
2325 1528 2448 1568 cum
2479 1512 2734 1580 lenitate,
2760 1511 3022 1583 justitiam
3051 1523 3268 1581 semper
3292 1507 3482 1565 colens
3505 1548 3522 1574 ,
3550 1512 3607 1561 et

1989 1622 2054 1664 ea
2097 1621 2200 1677 qua
2242 1621 2340 1676 par
2367 1616 2486 1661 erat
2515 1604 2709 1660 liducia
2733 1603 2993 1675 praeditus
3013 1645 3029 1669 ,
3079 1602 3326 1658 libertate
3351 1641 3365 1665 ,
3395 1599 3607 1654 fortitu-

1989 1699 2139 1766 dine,
2172 1714 2260 1755 res
2284 1707 2582 1771 praasentes
2615 1711 2714 1768 pro
2734 1695 2906 1752 nihilo
2937 1694 3162 1761 habens,
3191 1691 3290 1750 sed
3327 1691 3398 1746 ab
3425 1690 3607 1745 omni-

1991 1794 2092 1850 bus
2135 1794 2278 1849 curis
2304 1791 2656 1848 srccularibus
2692 1790 2901 1847 alienus
2930 1788 3122 1856 fuerit,
3148 1779 3319 1843 lactari
3349 1792 3604 1857 Oportet,

1992 1902 2057 1944 ac
2085 1897 2196 1944 tum
2227 1887 2336 1954 illi,
2368 1895 2480 1942 tum
2508 1884 2848 1941 excellentiae
2893 1891 2999 1937 tua:
3027 1878 3315 1952 gratulari,
3349 1874 3493 1948 quod
3521 1884 3605 1930 ta-

1991 1979 2101 2036 lem
2147 1978 2370 2035 fratrem
2422 1976 2750 2050 prmmiseris
2773 2016 2788 2042 ,
2818 1974 2911 2046 qui
2959 1988 3023 2029 ea
3053 1973 3218 2040 bona,
3249 1985 3372 2041 qua:
3423 1967 3613 2024 habuit

1993 2069 2119 2127 cum
2139 2070 2408 2136 discessit,
2439 2069 2494 2124 in
2519 2077 2633 2124 tuto
2660 2067 2914 2135 deinceps
2946 2074 2999 2120 et
3027 2062 3325 2120 inviolabili
3354 2060 3611 2116 thesauro

1993 2161 2292 2227 collocarit.
2315 2160 2437 2216 Noli
2465 2174 2596 2231 ergo
2624 2157 2919 2230 quidquam
2953 2165 3005 2210 te
3027 2153 3306 2225 indignum
3332 2150 3571 2222 cogitare
3590 2189 3608 2216 ,

1993 2255 2216 2311 domine
2259 2253 2332 2308 mi
2371 2251 2660 2324 plurimum
2691 2247 3036 2321 suspiciende
3058 2287 3075 2315 ,
3108 2245 3194 2302 vel
3221 2246 3368 2302 luctu
3389 2241 3562 2313 frangi
3593 2257 3608 2294 :

1994 2347 2092 2403 sed
2122 2336 2226 2402 hoc
2250 2353 2515 2416 tempore,
2545 2343 2720 2415 qualis
2739 2357 2820 2408 es,
2842 2340 3072 2410 teipsum
3104 2338 3325 2401 exhibe,
3351 2336 3614 2406 nobisque

1995 2438 2302 2510 signiﬁcare
2329 2435 2585 2507 dignare,
2618 2443 2834 2490 nostras
2872 2431 2966 2486 tibi
2998 2429 3184 2486 literas
3213 2427 3519 2501 profuisse,
3552 2435 3614 2482 ut

1995 2543 2097 2584 nos
2127 2541 2342 2599 quoque
2368 2535 2518 2583 tanto
2559 2541 2590 2580 a
2619 2533 2672 2579 te
2697 2522 2979 2578 intervallo
3007 2519 3262 2590 disiuncti
3291 2518 3609 2590 gloriemur,

1995 2620 2137 2693 quod
2165 2620 2335 2675 solius
2363 2617 2609 2688 epistola:
2646 2613 2912 2672 beneﬂcio
2943 2629 3051 2668 non
3092 2609 3438 2668 mediocriter
3469 2608 3614 2664 hunc

1995 2728 2288 2771 maerorem
2315 2710 2648 2783 potuerimus
2663 2694 2942 2779 mitigare.

2176 2842 2491 2904 CXCVIII.
2535 2841 2815 2914 Hesychia.
2857 2837 3093 2913 (Cucuso
3117 2851 3259 2892 anno
3287 2832 3440 2906 404.)

2068 2983 2209 3054 Quid
2237 2982 2342 3039 hoc
2369 2991 2450 3038 est
2470 2979 2640 3052 quod,
2671 2993 2794 3035 cum
2824 2987 2931 3032 tam
2951 2975 3307 3033 vehementer
3335 2987 3433 3029 nos
3461 2987 3614 3029 ames

1999 3080 2198 3156 (neque
2227 3078 2372 3135 enim
2416 3075 2469 3131 id
2499 3089 2601 3130 nos
2627 3074 2796 3140 latet;
2847 3087 2971 3127 nam
3012 3069 3129 3126 fieri
3159 3067 3379 3138 nequit,
3425 3075 3483 3123 ut
3521 3065 3613 3137 qui

1998 3174 2349 3229 vehementer
2374 3175 2551 3234 amat,
2579 3182 2704 3224 eum
2733 3165 2898 3220 lateat
2922 3178 3083 3235 quem
3111 3175 3298 3217 amore
3327 3156 3611 3231 prosequi-

1998 3266 2150 3337 tur),
2195 3263 2366 3320 literis
2396 3261 2616 3316 rninime
2660 3273 2758 3314 nos
2785 3258 3037 3328 dignatus
3080 3268 3142 3311 es
3167 3297 3181 3321 ,
3232 3253 3327 3310 sed
3371 3265 3614 3307 amorem

1999 3359 2216 3416 silentio
2243 3369 2489 3428 premere
2519 3350 2779 3424 potuisti?
2805 3350 3072 3420 Quidnam
3103 3348 3266 3420 igitur
3291 3359 3468 3400 causa:
3489 3342 3614 3400 est?

1999 3450 2265 3524 Equidem
2292 3447 2421 3519 quid
2450 3447 2626 3503 dicam
2666 3459 2774 3500 non
2815 3442 3027 3510 habeo;
3083 3449 3234 3495 tuum
3285 3451 3449 3509 porro
3489 3435 3616 3503 erit,

1999 3556 2059 3600 ut
2082 3543 2210 3600 dum
2241 3541 2455 3600 silentio
2483 3539 2646 3595 linem
2676 3539 2922 3609 impones
2941 3578 2956 3604 ,
2986 3533 3146 3590 simul
3176 3543 3232 3589 et
3255 3530 3455 3589 silentii
3482 3544 3616 3586 cau-

2000 3652 2115 3693 sam
2142 3633 2432 3706 significes.
2463 3630 2757 3701 PrOpterea
2785 3642 3021 3699 namque
3068 3615 3276 3697 priores
3315 3621 3381 3677 ad
3419 3619 3617 3677 nobili-

2002 3739 2167 3785 tatem
2200 3735 2344 3782 tuam
2384 3725 2570 3781 literas
2605 3722 2855 3778 misimus
2877 3761 2893 3788 ,
2943 3729 2999 3773 ut
3027 3733 3094 3772 ne
3125 3716 3232 3771 hoc
3273 3712 3492 3786 quidem
3519 3709 3619 3766 tibi

2002 3819 2300 3892 perfugium
2351 3815 2710 3886 relinquatur.
2783 3810 3124 3882 Frequenter
3174 3807 3339 3878 igitur
3394 3803 3464 3859 ad
3515 3816 3618 3859 nos

2001 3913 2180 3971 scribe
2199 3953 2214 3980 ,
2246 3909 2465 3967 domine
2506 3907 2798 3979 plurimum
2837 3901 3144 3959 venerande
3167 3915 3231 3955 ac
3260 3895 3617 3960 nobilissime,

2002 4005 2439 4074 desideriumque
2479 4010 2727 4056 nostrum
2757 3996 2935 4069 exple.
2980 3993 3162 4050 Semel
3207 3991 3408 4063 quippe
3450 3988 3619 4044 solius.

2004 4099 2134 4155 nudi
2162 4096 2395 4153 rumoris
2424 4091 2679 4150 illecebra
2720 4089 2897 4159 capti,
2945 4095 3002 4142 et
3039 4099 3162 4140 cum
3209 4092 3297 4138 tua
3337 4077 3623 4148 nobilitate

2003 4191 2260 4257 devincti,
2293 4203 2395 4245 nec
2415 4188 2516 4259 ipsi
2549 4197 2727 4241 tacere
2757 4183 3031 4254 potuimus
3056 4179 3308 4249 amplius,
3341 4190 3441 4232 nec
3466 4181 3620 4232 tuum

2003 4285 2278 4344 silentium
2307 4283 2542 4337 tolerare
2570 4297 2585 4334 :
2611 4278 2706 4334 sed
2737 4275 2914 4332 modis
2938 4272 3190 4329 omnibus
3220 4270 3314 4326 tibi
3340 4266 3623 4338 negotium

2005 4377 2333 4432 facessemus
2356 4413 2373 4442 ,
2407 4371 2510 4427 nisi
2536 4369 2822 4426 continuas
2847 4381 2911 4421 ac
2943 4365 3256 4436 frequentes
3276 4360 3344 4416 ad
3372 4373 3471 4414 nos
3499 4358 3620 4426 epi—

2005 4472 2173 4528 stolas
2197 4470 2402 4536 mittas,
2430 4477 2486 4522 et
2505 4463 2816 4538 pfmsentia:
2840 4461 3176 4531 voluptatem
3204 4456 3481 4512 literarum
3511 4449 3627 4506 fres

2005 4566 2222 4640 quentia
2244 4562 2570 4618 adumbrare
2595 4555 2913 4614 contendas.

2043 4675 2288 4738 CXCIX.
2318 4674 2525 4730 Danieli
2554 4670 2846 4745 presbytero
2870 4667 2971 4743 (α).
3015 4665 3249 4740 (Cucuso
3267 4676 3411 4718 anno
3431 4658 3596 4731 404.)

2079 4790 2404 4854 Benedictus
2456 4787 2643 4852 Deus,
2693 4785 2782 4856 qui
2827 4782 2998 4839 multo
3044 4778 3309 4850 majorem
3364 4773 3628 4832 aerumnis

2009 4884 2433 4940 consolationem
2485 4880 2747 4950 largitur,
2804 4884 3118 4944 tantamque
3171 4869 3327 4927 vobis
3384 4867 3628 4939 impertit

2011 4977 2322 5050 patientiam
2349 5016 2365 5041 ,
2413 4982 2472 5029 ut
2498 4973 2660 5027 multa
2685 4970 2846 5026 etiam
2881 4982 3006 5023 cum
3044 4965 3312 5021 hilaritate
3338 4977 3458 5034 quae
3479 4961 3626 5017 acci-

2012 5072 2144 5129 dunt
2187 5071 2414 5127 adversa
2458 5067 2720 5123 toleretis.
2767 5064 2880 5120 Hoc
2919 5059 3192 5133 praecipue
3221 5057 3375 5114 vobis
3419 5069 3630 5112 merce-

2012 5165 2138 5222 dem
2168 5163 2446 5235 duplicat,
2477 5161 2618 5232 quod
2646 5167 2700 5214 et
2725 5156 2968 5214 toleretis
2987 5196 3002 5222 ,
3035 5162 3236 5210 etcum
3263 5149 3459 5224 gaudio
3490 5147 3628 5203 tole-

2014 5261 2145 5316 retis
2182 5276 2196 5313 :
2229 5259 2334 5312 hoc
2377 5270 2476 5310 nos
2527 5267 2742 5324 quoque
2786 5265 2895 5305 non
2942 5245 3205 5304 mediocri
3252 5241 3628 5300 consolatione

2015 5336 2245 5416 recreat,
2276 5364 2400 5406 cum
2425 5347 2494 5404 de
2520 5353 2700 5402 vestra
2725 5340 3059 5406 fortitudine,
3078 5336 3330 5410 loquendi
3357 5335 3626 5400 libertate,

2017 5445 2215 5503 mentis
2240 5438 2564 5506 constantia,
2596 5434 2904 5498 tolerantia,
2932 5431 3214 5503 patientia,
3237 5427 3384 5494 ‘selo,
3412 5424 3628 5481 ﬂamma

2017 5538 2344 5609 fervidiore,
2394 5531 2464 5588 ad
2510 5545 2612 5587 nos
2653 5527 2919 5585 adfertur.
2964 5524 3328 5594 Quamobrem
3371 5517 3532 5574 etiam
3577 5515 3631 5572 in

2017 5627 2309 5691 solitudine
2334 5607 2632 5684 constituti
2657 5663 2673 5690 ,
2731 5636 2798 5678 ac
2840 5629 2990 5676 metu
3040 5615 3355 5688 przedomun
3397 5607 3632 5674 obsessi,

2085 5759 2160 5815 ta)
2184 5752 2372 5800 Omnes
2397 5741 2782 5815 Μὸξη-ᾼᾳνιῂλῳ
2805 5738 3134 5815 πρξςΰγτέρῳ,
3163 5742 3216 5787 et
3251 5733 3507 5815 Isle-etiam
3536 5735 3628 5815 8a-

2023 5797 2326 5874 vilfiz'q'uare
2350 5820 2444 5854 non
2473 5801 2648 5874 dubito
2675 5797 2807 5874 hanc.
2821 5797 3100 5874 genuinam
3115 5813 3228 5851 esse
3252 5797 3540 5850 lectionem.
3573 5797 3626 5846 lu

2025 5863 2203 5930 Morel:
2234 5882 2328 5922 vox
2350 5866 2683 5932 πρεσϐυτέρῳ,
2705 5863 3041 5916 desideratur.
