4076 6430
493 440 708 515 iamque
733 442 926 502 hiemis
954 447 1485 522 tetnporellivpxati,
1533 451 1669 508 nihil
1695 453 1917 510 istorum
1965 471 2076 526 prie

495 531 713 588 eximia
736 533 966 592 nominis
994 536 1157 593 vestri
1197 539 1508 598 celebritate
1551 543 1811 602 sentimus
1840 562 1855 598 :
1887 545 1981 601 sed
2019 553 2078 602 et

494 621 822 680 exultamus
859 635 916 682 et
939 619 1254 697 gaudemus,
1280 638 1334 685 et
1357 639 1576 702 propter
1598 632 1736 690 hanc
1756 619 1957 691 fantem
1985 651 2078 692 ve-

495 716 658 768 stram
689 716 995 786 patientiam
1031 733 1128 776 nos
1169 720 1460 778 efferimus.
1507 723 1577 781 Ut
1613 725 1770 796 igitur
1790 726 1918 782 dum
1959 728 2077 786 hate

485 798 778 872 audimus,
819 821 1034 879 semper
1055 810 1383 881 gaudeamus
1405 854 1422 879 ,
1452 829 1666 886 semper
1689 817 1844 873 nobis
1867 825 1924 874 et
1948 833 2078 874 con-

495 893 645 949 tinuo
673 893 856 952 literas
878 892 1072 957 mittite
1092 942 1108 967 ,
1133 917 1251 972 qua
1278 919 1399 960 cum
1429 905 1497 962 de
1534 907 1617 963 his
1643 909 1840 983 rebus,
1869 919 1978 966 tum
2004 913 2075 969 de

500 982 675 1039 vestra
701 985 1003 1045 valetudine
1029 998 1138 1046 nos
1153 990 1352 1048 faciant
1369 995 1644 1054 certiores.
1667 982 1854 1071 Magna
1878 1002 2076 1074 quippe

496 1088 594 1130 nos
619 1073 671 1128 id
696 1085 915 1146 agentes
939 1078 1120 1135 latitia
1148 1081 1493 1151 perfundetis.

495 1163 597 1254 CC.
635 1162 926 1224 Callistrato
953 1169 1173 1228 [matria
1198 1176 1455 1248 episcopo.
1496 1175 1729 1251 (Cucuso
1753 1196 1892 1237 anno
1917 1183 2072 1254 404.)

563 1253 812 1325 Optarem
851 1259 1096 1330 equidem
1143 1267 1540 1324 venerationem
1573 1278 1717 1326 tuam
1757 1253 2072 1343 praesentem

496 1341 582 1401 hic
606 1360 845 1420 eernere,
893 1360 955 1406 ut
996 1361 1088 1409 tuo
1126 1370 1338 1425 possem
1381 1359 1639 1416 obiectari
1665 1341 1978 1433 congressu,
2010 1381 2076 1422 ac

492 1437 698 1495 sincera
739 1439 1070 1514 ferventique
1099 1455 1187 1501 tua
1231 1445 1334 1504 frui
1363 1450 1583 1508 caritate
1609 1469 1624 1507 :
1654 1454 1866 1524 quando
1895 1466 2075 1512 autem

495 1528 546 1584 id
593 1530 827 1588 nondum
873 1534 1030 1603 licet,
1075 1551 1196 1592 cum
1246 1529 1466 1611 propter
1503 1544 1628 1599 anni
1678 1555 2074 1616 tempestatem,

497 1627 608 1675 tum
654 1628 872 1693 prepter
916 1625 1122 1682 itineris
1165 1628 1638 1702 longinquitatem,
1692 1637 1924 1693 debitam
1980 1639 2073 1694 tibi

494 1727 592 1785 per
633 1713 816 1785 literas
866 1717 1235 1776 salutationem
1291 1724 1572 1793 persolvo;
1626 1741 1691 1784 ac
1742 1729 2074 1785 venerationi

495 1812 609 1892 tua:-
635 1806 844 1874 gratias.
873 1821 973 1878 ago
995 1849 1009 1873 ,
1052 1809 1194 1881 quod
1240 1811 1408 1869 literis
1453 1815 1561 1892 tuis
1603 1815 1850 1887 dignatus
1873 1819 1948 1874 sis
1973 1835 2073 1876 nos

498 1891 779 1950 lacessere.
831 1897 944 1954 Hoc
985 1899 1128 1955 enim
1156 1900 1415 1960 ferventis
1441 1920 1503 1961 ac
1525 1907 1748 1965 sincerae
1769 1919 1853 1966 est
1879 1912 2076 1966 amici-

495 1980 580 2065 tia:
601 1999 616 2036 :
641 1999 813 2055 neque
839 1988 1010 2044 solum
1038 2005 1144 2046 non
1174 1993 1425 2065 absurde,
1453 1997 1547 2053 sed
1573 2008 1630 2054 et
1657 2000 1750 2055 tibi
1778 2000 2071 2058 admodum

491 2064 869 2133 ennveni'enter
889 2081 1061 2150 egisti.
1110 2083 1221 2139 Hoc
1261 2064 1438 2157 itaque
1463 2089 1617 2145 nobis
1655 2092 1870 2150 assidue
1907 2095 2074 2151 bene-

495 2164 670 2225 ticium
698 2170 907 2242 largire,
925 2174 1099 2245 deque
1119 2179 1419 2236 valetudine
1440 2190 1535 2236 tua
1551 2183 1880 2254 frequentius
1907 2187 2074 2244 redde

491 2259 766 2315 certiores.
819 2262 970 2331 Quod
1000 2259 1052 2320 si
1092 2265 1206 2324 fieri
1242 2279 1450 2340 potest,
1497 2282 1555 2327 ut
1595 2273 1830 2331 laborem
1872 2277 1939 2332 ad
1977 2294 2074 2334 nos

493 2363 662 2419 usque
701 2354 944 2409 veniendi
986 2360 1259 2414 veneratio
1299 2369 1385 2416 tua
1422 2364 1712 2434 suscipiat,
1739 2381 1948 2423 summo
1976 2385 2072 2425 nos

494 2442 753 2500 beneflcio
777 2447 870 2503 tibi
912 2448 1212 2519 devincies,
1260 2467 1325 2508 ac
1351 2456 1514 2511 multa
1550 2457 1728 2514 laetitia
1757 2461 2071 2531 complebis.

489 2531 624 2589 Cum
653 2537 811 2608 igitur
851 2539 1116 2613 intelligas
1151 2559 1247 2599 nos
1291 2560 1503 2617 quoque
1531 2564 1823 2621 percupere
1849 2568 2074 2608 venera-
2126 2587 2145 2604 .

491 2624 686 2681 tionem
734 2636 876 2684 tuam
928 2645 1182 2697 ccrncre,
1236 2651 1409 2706 neque
1449 2653 1562 2694 rem
1607 2641 1926 2697 laboriosam
1953 2659 2074 2700 esse

489 2714 772 2771 admodum
799 2760 814 2784 ,
843 2720 887 2774 si
920 2729 1128 2792 tempus
1155 2722 1246 2778 flat
1270 2724 1520 2784 idoneum
1550 2729 1616 2784 ad
1656 2729 1759 2787 iter
1782 2733 2068 2803 agendum,

492 2821 558 2861 ne
595 2817 686 2864 tuo
724 2824 1014 2882 congressu
1043 2830 1141 2870 nos
1169 2817 1362 2886 prives.
1395 2819 1574 2875 Donec
1602 2822 1652 2876 id
1692 2822 1816 2890 fiat,
1845 2823 1912 2878 da
1938 2840 2072 2896 ope-

483 2911 626 2962 ram,
658 2907 715 2953 ut
741 2903 1067 2972 voluptatem
1095 2922 1213 2961 eam
1235 2948 1251 2974 ,
1280 2925 1437 2978 quam
1468 2914 1749 2981 praesentia
1778 2923 1863 2971 tua
1885 2931 2070 2974 secum

487 2989 746 3056 accersit,
775 3005 872 3060 per
897 2992 1199 3064 frequentes
1228 2997 1409 3055 literas
1434 3000 1675 3073 effingas.

688 3079 821 3153 CCI.
862 3081 1124 3140 Herculio.
1165 3086 1271 3161 (Ab
1292 3100 1432 3147 anno
1455 3092 1561 3149 ιοι
1596 3093 1663 3148 ad
1693 3095 1846 3168 407.)

554 3167 698 3226 Nihil
735 3178 818 3228 est
858 3177 1208 3245 quamobrem
1249 3180 1485 3238 diuturni
1528 3184 1726 3241 silentii
1765 3167 2070 3247 excusatio-

486 3275 608 3316 nem
633 3278 859 3332 quaeras,
882 3275 936 3322 et
956 3268 1022 3323 ad
1051 3270 1322 3327 raritatem
1345 3275 1743 3333 tabellariorum
1768 3280 2064 3352 confugias,

485 3353 699 3411 domine
751 3358 822 3412 mi
890 3361 1408 3431 magnificentissime
1459 3382 1524 3423 ac
1574 3369 1835 3441 imprimis
1888 3373 2067 3444 suspi-

483 3445 692 3502 ciende.
745 3447 852 3504 Nos
878 3450 1018 3507 enim
1045 3494 1059 3519 ,
1100 3454 1213 3510 sive
1241 3457 1444 3514 scribas
1460 3459 1619 3526 ,κεῖνο
1645 3471 1821 3518 taceas
1839 3500 1860 3530 ,
1899 3464 2067 3519 nihilo

486 3547 660 3595 tamen
687 3542 856 3612 magis
883 3542 1006 3598 ideo
1030 3545 1098 3601 de
1120 3550 1381 3604 sententia
1412 3559 1467 3605 et
1494 3553 1743 3621 opinione
1761 3596 1777 3620 ,
1808 3570 1966 3625 quam
1996 3556 2067 3613 de

485 3637 572 3684 tua
599 3630 819 3687 caritate
846 3637 1186 3706 concepimus
1205 3677 1228 3714 ,
1274 3655 1559 3709 possumus
1603 3643 1866 3711 dimoveri
1897 3664 1910 3699 :
1942 3661 2066 3702 cum

484 3719 554 3773 ita
578 3721 861 3779 manifeste
887 3725 1046 3781 rebus
1091 3728 1222 3798 ipsis
1265 3730 1406 3785 illam
1453 3737 1818 3802 expresseris,
1867 3743 1927 3790 ut
1971 3739 2065 3792 toti

480 3809 679 3865 civitati
704 3821 886 3868 notum
919 3816 1112 3883 fuerit,
1158 3835 1315 3889 quam
1351 3821 1654 3878 vehementi
1694 3839 1758 3879 ac
1785 3840 2066 3896 propemo-

481 3903 610 3959 dum
635 3907 826 3963 insano
855 3923 1039 3965 amore
1073 3914 1238 3967 nostri
1282 3913 1556 3985 flagrares.
1605 3917 1959 3975 Nihilominus
1989 3931 2066 3976 ta-

485 4011 605 4052 men
631 3999 709 4055 sic
733 4000 910 4058 affecti
931 4005 1148 4059 crebras
1174 4007 1417 4079 accipere
1446 4009 1630 4067 literas
1651 4010 1718 4067 ab
1747 4014 2071 4071 excellentia

481 4095 568 4141 tua
597 4091 936 4160 pet-cupimus
958 4135 975 4162 ,
1023 4111 1144 4166 quae
1191 4097 1264 4156 de
1303 4109 1405 4154 tua:
1451 4101 1767 4158 valetudinis
1793 4113 1934 4160 statu
1963 4121 2064 4164 nos

480 4177 819 4235 admoneant.
881 4182 948 4240 Ut
990 4186 1132 4241 enim
1182 4187 1297 4258 ipse
1339 4189 1554 4256 dixisti,
1603 4195 1890 4251 maximum
1919 4197 2059 4254 istud

479 4273 829 4340 separationis
856 4277 1108 4332 solatium
1129 4280 1322 4336 afferre
1339 4323 1356 4350 ,
1393 4283 1437 4338 si
1465 4284 1531 4345 de
1555 4300 1734 4342 nostra
1755 4287 2060 4347 valetudine

463 4364 674 4420 certior
699 4365 795 4421 fias
828 4369 949 4438 (nec
980 4379 1030 4425 te
1068 4372 1233 4439 latet,
1264 4377 1446 4445 quanti
1486 4377 1588 4433 hoc
1614 4379 1705 4433 fiat
1729 4380 1798 4434 ab
1824 4381 2058 4451 homine,

479 4455 571 4526 qui
597 4472 778 4514 amare
803 4467 1027 4528 noverit,
1054 4479 1176 4520 cum
1196 4477 1250 4535 et
1272 4468 1385 4538 ipse
1399 4485 1579 4527 amare
1608 4473 1774 4542 probe
1801 4475 2058 4548 noveris),

482 4550 550 4603 ita
580 4551 733 4607 nobis
758 4552 859 4608 hoc
881 4563 964 4610 est
993 4557 1223 4614 maxime
1261 4561 1429 4616 cordi.
1490 4563 1636 4620 Hanc
1683 4565 1860 4644 itaque
1904 4568 2058 4626 nobis

477 4643 710 4700 concede
729 4648 974 4716 gratiam,
1007 4660 1062 4704 ut
1082 4650 1135 4704 in
1159 4660 1299 4706 mnta
1330 4654 1586 4724 degentes
1608 4643 1894 4714 solitudine
1915 4661 2056 4716 mul-

479 4743 583 4790 tam
609 4733 1030 4797 consolationem
1059 4742 1182 4799 inde
1210 4747 1501 4815 capiamus.

906 4875 1073 4932 CCII.
1114 4877 1326 4950 Cyriaco
1349 4884 1604 4953 episcopo.

550 5009 791 5068 limine
819 5012 1032 5086 ferenda
1062 5016 1222 5070 sunt?
1265 5016 1504 5073 haeccine
1533 5021 1842 5076 toleranda?
1887 5031 1942 5078 tu
1973 5025 2056 5080 vel

477 5102 717 5157 umbram
760 5104 854 5161 tibi
902 5107 1260 5161 excusationis
1300 5120 1585 5178 suppetere
1623 5111 1944 5169 arbitraris?
1999 5115 2054 5170 in

478 5203 620 5246 tanta
647 5195 854 5250 tristitia
875 5238 890 5264 ,
945 5209 1050 5253 tam
1090 5198 1247 5269 longo
1275 5208 1546 5270 tempore.
1574 5202 1626 5257 in
1657 5213 1803 5258 tanto
1830 5207 2054 5262 tumultu

474 5300 540 5339 ac
584 5287 1010 5356 perturbatione,
1061 5289 1113 5343 in
1159 5300 1302 5346 tanta
1350 5293 1692 5350 tribulatione
1738 5310 1801 5351 ac
1841 5297 2056 5354 miseria

475 5378 776 5433 constitutis
805 5380 954 5435 nobis
997 5398 1064 5436 ne
1093 5383 1260 5437 semel
1289 5384 1504 5454 quidem
1532 5386 1742 5442 mittere
1778 5387 1955 5443 literas
1975 5388 2056 5443 di-

475 5479 664 5537 gnatus
709 5486 769 5525 es
803 5489 815 5525 :
847 5481 902 5526 at
947 5489 1044 5528 nos
1092 5474 1303 5545 quidem
1357 5478 1520 5533 semel
1569 5489 1727 5550 atque
1773 5481 1960 5536 iterum
2002 5492 2056 5539 et

473 5577 614 5630 smpe
644 5563 884 5618 misimus
907 5607 920 5628 ,
953 5576 1007 5620 tu
1055 5582 1183 5622 vero
1225 5578 1331 5625 tam
1373 5571 1532 5642 longo
1562 5579 1801 5642 tempore
1826 5573 1972 5640 siles,
2002 5587 2056 5632 et

473 5653 591 5708 leve
617 5665 886 5724 peceatum
933 5667 987 5714 te
1019 5660 1297 5718 admisisse
1337 5664 1646 5733 existimas,
1688 5681 1808 5721 cum
1841 5677 1947 5722 tam
1975 5669 2054 5724 in-

471 5755 654 5818 gratus
681 5749 730 5805 in
763 5765 860 5810 nos
889 5753 1086 5811 fueris?
1130 5754 1212 5814 lle
1237 5756 1450 5829 quidem
1477 5758 1530 5824 in
1555 5774 1816 5818 summam
1846 5760 2053 5825 dubita-

1239 335 1298 393 S.
1334 335 1614 395 JOANNIS
1651 332 2123 402 CIIRYSOSTOMI
2162 346 2481 406 ARCHIEP.
2523 349 3062 411 CONSTANTINOP.

3655 357 3762 415 7!!

2179 462 2382 525 tionem
2407 473 2466 521 et
2488 466 2814 524 anxietatem
3197 467 3314 524 Non
3351 469 3498 528 enim
3548 487 3768 544 possum

2178 566 2395 610 causam
2419 554 2618 611 silentii
2643 557 2997 622 comminisci.
3023 573 3147 617 eum
3183 559 3422 618 ardentis
3447 577 3515 620 ac
3540 562 3771 620 sincera

2181 651 2288 700 tua
2313 646 2552 703 caritatis
2592 648 2725 704 mihi
2765 650 2819 705 in
2863 658 3099 707 mentem
3139 652 3326 720 venit,
3362 652 3517 724 ettjits
3553 669 3772 727 semper

2177 751 2300 809 erga
2329 752 2427 793 nos
2451 740 2722 809 specimen
2747 741 2982 799 edidisti.
3027 742 3160 799 Nam
3186 759 3363 816 neque
3382 743 3632 817 segnitiei
3675 746 3771 802 tri-

2177 827 2345 886 huere
2371 828 2425 885 id
2452 844 2668 900 possum
2699 847 2716 898 ;
2755 833 2869 888 scio
2893 833 3092 905 quippe
3133 848 3294 905 quam
3321 834 3560 906 vigilanti
3587 835 3773 892 animo

2176 920 2256 975 sis
2279 936 2296 986 ;
2320 936 2493 992 neque
2507 919 2780 979 formidini
2809 941 2824 978 :
2852 923 2974 980 novi
2986 911 3567 997 quippefortitudinem
3587 934 3738 982 tuam
3757 945 3775 988 :

2177 1026 2350 1084 neque
2378 1014 2579 1083 torpori
2615 1030 2680 1072 ac
2705 1015 2930 1087 pigritia
2961 1017 3123 1072 :novi
3155 1016 3298 1072 enim
3338 1016 3672 1090 diligentiam
3723 1029 3780 1073 et

2176 1105 2449 1162 solertiam
2493 1115 2672 1174 tuam;
2715 1109 2810 1165 sed
2862 1123 3034 1180 neque
3085 1109 3274 1166 morbo
3301 1126 3316 1164 :
3347 1109 3560 1165 tametsi
3594 1125 3778 1180 neque

2177 1196 2268 1252 ille
2308 1197 2376 1252 ad
2420 1204 2474 1253 te
2513 1197 2911 1269 impediendum
2956 1198 3257 1268 sufficeret;
3305 1208 3676 1257 verumtamen
3706 1216 3775 1257 ex

2177 1286 2280 1343 illis
2305 1288 2394 1358 qui
2443 1288 2600 1344 istinc
2644 1291 2866 1346 veniunt
2888 1285 3048 1347 didici
3078 1300 3130 1347 te
3158 1307 3350 1348 sanum
3379 1306 3502 1349 esse
3531 1307 3597 1349 ac
3642 1307 3775 1363 pro-

2176 1392 2332 1448 spera
2375 1377 2479 1434 frui
2525 1379 2850 1458 valetudine.
2907 1381 3045 1450 Quid
3091 1382 3250 1454 igitur
3273 1391 3357 1438 est
3384 1383 3609 1438 cauere?
3650 1383 3770 1440 Non

2175 1483 2393 1540 possum
2419 1459 2642 1536 dicere’,
2697 1471 2793 1528 sed
2841 1472 2945 1543 hoc
2992 1473 3199 1541 solum,
3248 1472 3410 1530 doleo
3447 1481 3502 1530 et
3531 1475 3768 1532 crucior.

2176 1562 2404 1618 Omnem
2449 1563 2608 1633 igitur
2635 1564 2864 1634 lapidem
2901 1580 3096 1634 move,
3143 1574 3205 1623 ut
3243 1565 3346 1623 boc
3389 1582 3626 1624 mmrore
3670 1583 3770 1625 nos

2176 1651 2391 1708 liberes.
2446 1649 2594 1709 Nam"
2627 1654 2726 1710 nisi
2763 1656 2996 1725 acceptis
3036 1657 3196 1713 etiam
3243 1657 3325 1712 his
3371 1658 3544 1714 literis
3573 1659 3644 1714 ad
3670 1673 3770 1716 nos

2175 1743 2338 1799 multa
2364 1758 2485 1801 eum
2514 1732 2791 1803 celeritate
2820 1747 3060 1804 scribere
3084 1747 3336 1816 volueris,
3364 1739 3636 1806 summum
3665 1767 3766 1807 no-

2175 1835 2258 1893 bis
2282 1837 2526 1921 doionem
2548 1839 2821 1896 inustum
2848 1855 2909 1896 es
2937 1859 2952 1898 :
2987 1840 3060 1897 ita
3099 1842 3321 1898 multum
3345 1842 3590 1898 adhiberi
3616 1844 3770 1899 labo-

2176 1943 2289 1984 rem
2318 1930 2334 1961 ¹
2363 1943 2499 2000 opus
2524 1939 2626 1997 est,
2657 1938 2718 1987 ut
2750 1941 2931 1989 nostra
2951 1931 3072 1989 hac
3098 1933 3309 1990 tristitia
3340 1934 3637 2006 mitigetur.

2247 2041 2450 2098 CCIII.
2491 2043 2740 2100 Sallustio
2765 2046 3072 2118 presbytero.
3114 2045 3350 2118 (Cucuso
3375 2063 3517 2105 anno
3541 2048 3697 2120 ΔΜ.)

2244 2135 2362 2191 Non
2403 2130 2744 2194 mediocriter
2781 2138 2964 2207 dolui,
3000 2154 3122 2195 eum
3170 2141 3386 2196 allatum
3423 2151 3510 2198 est
3548 2141 3615 2198 ad
3658 2157 3769 2210 me,

2177 2237 2230 2286 te
2257 2245 2321 2286 ac
2346 2231 2701 2303 TheOphiium
2726 2234 3096 2308 presbyterum
3123 2237 3398 2308 segniores
3420 2238 3591 2295 factos
3625 2253 3766 2295 ease.

2175 2320 2300 2377 Seio
2337 2337 2569 2395 namque
2607 2339 2771 2380 unum
2818 2340 2888 2382 ex
2921 2325 3074 2382 vobis
3119 2329 3357 2399 quinque
3409 2329 3662 2386 homilias
3701 2331 3770 2388 ad

2173 2410 2457 2469 Octobrem
2488 2413 2564 2486 (α)
2593 2430 2764 2486 usque
2803 2430 3043 2472 mensem
3073 2417 3324 2474 habuisse
3342 2460 3358 2484 ,
3389 2420 3622 2476 alterum
3652 2421 3774 2477 nul-

2173 2501 2301 2571 lam,
2328 2514 2489 2575 atque
2511 2505 2561 2561 id
2589 2506 2716 2560 mihi
2739 2507 2954 2576 gravius
2983 2507 3082 2563 hac
3103 2505 3390 2566 solitudine
3415 2512 3628 2567 accidit.
3653 2513 3770 2570 Hoc

2175 2595 2337 2665 igitur
2351 2596 2524 2665 nobis,
2545 2598 2590 2652 si
2611 2596 2798 2662 falsum
2815 2599 2904 2663 sit.
2935 2599 3186 2664 indicate.
3209 2607 3424 2673 quaeso;
3452 2605 3533 2659 sin
3554 2620 3764 2672 verum,

2175 2685 2474 2742 remedium
2497 2687 2766 2755 adhibete,
2801 2705 3004 2762 vosque
3028 2691 3256 2748 invicem
3286 2694 3514 2750 excitate
3546 2712 3564 2750 :
3594 2697 3769 2768 siqui-

2175 2774 2298 2831 dem
2323 2791 2539 2847 gravem
2583 2778 2868 2837 admodum
2915 2781 3043 2836 mihi
3089 2781 3328 2838 dolorem
3375 2783 3635 2853 inuretis,
3680 2797 3767 2843 ta-

2173 2867 2330 2922 metsi
2377 2877 2559 2925 vestro
2603 2871 2891 2928 admodum
2939 2887 3123 2930 amore
3170 2874 3438 2946 ﬂagranti.
3506 2878 3770 2950 Quodque

2171 2959 2386 3028 gravius
2415 2968 2520 3028 est,
2559 2975 2681 3017 cum
2712 2969 2859 3018 tanto
2884 2963 2936 3019 in
2966 2966 3077 3020 otio
3096 2973 3151 3022 et
3176 2966 3366 3022 inertia
3391 2969 3553 3024 vitam
3579 2971 3767 3028 tradu-

2171 3049 2336 3116 catis,
2369 3064 2541 3121 neque
2587 3067 2810 3109 munere
2852 3065 3032 3110 vestro
3069 3054 3383 3127 fungamini,
3415 3059 3640 3115 multum
3673 3061 3766 3119 Dei

2171 3139 2224 3195 in
2252 3156 2349 3196 vos
2379 3140 2638 3212 judicium
2663 3145 2971 3200 accersetis.
3024 3145 3154 3213 Quis
3187 3149 3333 3203 enim
3377 3150 3532 3206 venia
3575 3152 3769 3222 dignos

2172 3246 2265 3287 vos
2293 3242 2530 3299 censeat,
2552 3235 2654 3305 .qui
2682 3234 2808 3289 dum
2835 3237 3018 3302 eteteri
3048 3240 3518 3310 persequutionem
3548 3244 3766 3313 patiun-

2171 3331 2256 3380 tur
2273 3322 2309 3392 ,'
2328 3324 2382 3380 in
2407 3325 2650 3389 exsilium
2678 3326 2992 3396 mittuntur,
3039 3329 3346 3401 relegantur
3363 3371 3381 3398 ,
3424 3347 3599 3404 neque
3623 3351 3766 3406 prte-

2170 3418 2338 3472 sentia
2367 3429 2543 3473 vestra
2563 3418 2648 3474 vel
2674 3419 2979 3476 eruditione
3001 3422 3197 3491 populo
3224 3431 3541 3496 tempestate
3556 3425 3763 3496 jactato

2169 3523 2267 3580 pro
2296 3509 2433 3564 virili
2462 3523 2774 3566 succurrere
2801 3511 3101 3569 studeatisl

2423 3619 2611 3678 CCIV.
2650 3623 2884 3680 Pennis.
2927 3623 3162 3696 (Cucuso
3189 3641 3331 3682 anno
3359 3627 3511 3698 ιω.)

2240 3737 2373 3793 Cum
2402 3747 2575 3795 tecum
2613 3740 2793 3796 animo
2834 3751 3083 3812 reputas,
3129 3743 3345 3800 domine
3371 3747 3445 3800 mi
3474 3748 3764 3818 plurimum

2167 3826 2504 3900 suspiciende
2531 3845 2593 3888 ac
2610 3832 2771 3888 nobis
2800 3834 2960 3889 melle
2999 3836 3214 3891 suavior
3236 3877 3254 3904 ,
3299 3851 3463 3908 grave
3497 3853 3561 3893 ac
3589 3841 3763 3897 mole-

2166 3931 2305 3978 stum
2352 3939 2474 3980 esse
2500 3940 2528 3980 a
2565 3925 2726 3982 nobis
2766 3936 3072 3997 separatum
3121 3943 3240 3984 esse
3262 3971 3276 3995 ,
3329 3931 3571 4003 cogitans
3607 3935 3767 4004 quale

2165 4019 2430 4090 negotium
2471 4035 2660 4090 geras,
2692 4028 2852 4091 teque
2879 4021 3150 4078 civitatem
3192 4037 3381 4092 regere
3427 4026 3764 4097 universam,

2163 4109 2246 4164 vel
2275 4111 2449 4175 potius
2477 4118 2644 4166 totum
2669 4112 2853 4168 orbem
2884 4120 3144 4168 terrarum
3171 4128 3268 4184 per
3294 4115 3441 4171 illam
3461 4117 3758 4186 civitatem,

2162 4202 2335 4271 gaude
2351 4211 2406 4257 et
2433 4203 2660 4258 exsulta.
2681 4204 2837 4262 Potes
2856 4205 2999 4261 enim
3026 4221 3145 4262 cum
3177 4207 3402 4266 utilitate
3432 4225 3540 4265 non
3558 4211 3767 4268 medio-

2163 4309 2308 4349 crem
2325 4294 2448 4350 inde
2468 4296 2743 4366 percipere
2764 4297 3112 4368 voluptatem.
3129 4299 3186 4354 Si
3206 4301 3348 4355 enim
3364 4300 3488 4356 dum
3505 4305 3767 4372 pecunias

2166 4386 2402 4440 nonnulli
2440 4386 2727 4462 colligunt,
2773 4404 2892 4459 quae
2917 4399 2972 4446 et
2999 4401 3245 4460 pereunt,
3272 4402 3326 4448 et
3355 4392 3475 4449 illos
3504 4395 3762 4466 perdunt,

2165 4485 2310 4531 tanta
2362 4477 2542 4533 laetitia
2594 4478 3020 4549 perfunduntur,
3069 4482 3196 4539 licet
3246 4484 3315 4540 ab
3368 4485 3576 4542 aedibus
3625 4489 3763 4556 suis,

2163 4587 2350 4638 uxore,
2378 4571 2558 4628 liberis
2576 4615 2590 4640 ,
2621 4583 2677 4628 et
2703 4575 3014 4647 prepinquis
3033 4577 3286 4632 omnibus
3313 4579 3483 4634 multo
3514 4589 3766 4651 tempore

2161 4663 2269 4716 sint
2311 4663 2536 4733 sejuncti
2571 4682 2584 4718 :
2615 4667 2734 4736 quis
2772 4665 3158 4736 iucunditatem
3205 4670 3416 4724 illarum
3443 4687 3605 4741 opum
3636 4683 3762 4730 tan-

2163 4765 2444 4828 torumque
2508 4758 2876 4814 thesaurorum
2933 4761 3132 4815 verbis
3160 4762 3464 4832 exprimere
3501 4768 3759 4834 poterit,

2161 4865 2296 4920 quos
2331 4852 2451 4907 istic
2482 4853 2716 4921 quotidie
2745 4853 2837 4908 tibi
2868 4854 2952 4908 vel
2976 4857 3257 4924 praesentia
3282 4856 3396 4911 sola
3417 4863 3759 4930 congregas?

2159 4941 2277 5016 Non
2314 4943 2458 4999 enim
2495 4943 2609 4999 hare
2635 4945 3122 5000 assentandi'causa
3150 4946 3272 5002 dico
3295 4987 3311 5013 ,
3357 4955 3417 5002 ut
3456 4949 3623 5018 probe
3655 4968 3756 5005 no—

2161 5043 2325 5103 runt,
2357 5036 2447 5106 qui
2473 5036 2638 5091 etiam
2660 5037 2883 5094 absente
2909 5047 2961 5093 te
2997 5038 3084 5093 hic
3109 5053 3138 5091 a
3167 5039 3323 5094 nobis
3347 5039 3462 5096 huic
3497 5041 3750 5114 audiunt,

2233 5151 2249 5215 ξ
2277 5149 2452 5215 Sull»
2473 5155 2676 5215 tempus

2229 5211 2301 5280 (α)
2331 5211 2399 5280 hia
2421 5211 2634 5274 quatuor
2667 5213 2918 5280 "intres
2936 5213 3122 5265 habent
3137 5213 3243 5280 iam
3265 5215 3530 5280 ὀᾳιτῳϐρίου
3555 5218 3643 5280 (ad
3668 5233 3754 5271 οτ-

2167 5270 2406 5341 tpb'reml;
2433 5270 2558 5341 unus
2583 5288 2691 5341 cum
2715 5272 2868 5341 Ed_it,,
2896 5276 2986 5341 ita;
3008 5277 3256 5339 νοεμϐρίον
3283 5275 3367 5341 (ait

2169 5336 2342 5400 βοτη.-
2367 5335 2416 5400 in
2454 5338 2595 5400 textu
2637 5337 2920 5400 ὀχτωᾷρίου,
2957 5338 3005 5386 in
3044 5335 3197 5400 marg.
3224 5335 3493 5400 νρέμδρίου.
3517 5335 3753 5394 Sambuci

2170 5394 2291 5470 item
2310 5394 2477 5470 codex
2489 5397 2770 5470 darmspioo.
2781 5394 3238 5470 βοτριινοεμδρζου.
3253 5394 3356 5470 ltaq
3365 5394 3427 5470 ue
3448 5412 3558 5450 cum
3576 5417 3764 5470 omnes

2169 5459 2326 5528 ferme
2343 5457 2561 5528 Codices,
2587 5457 2867 5528 enimsptoo,
2892 5457 3131 5528 habeant,
3145 5457 3530 5528 hancleetionen
3547 5465 3753 5528 adopta-

2159 5527 2334 5594 vitnus,
2353 5534 2468 5594 qua?
2505 5523 2717 5594 tinuatur
2741 5525 2894 5594 etiam
2929 5535 2992 5572 ex
3019 5525 3226 5594 epistola
3259 5526 3354 5594 ηρ
3391 5523 3660 5588 sequenti,"
3673 5529 3766 5580 ubi

2158 5587 2333 5658 dicitur
2353 5584 2431 5657 hic
2453 5585 2571 5658 ipse
2581 5584 2830 5658 Sallustius
2852 5586 2932 5658 vix
2950 5584 3169 5658 quinque
3192 5584 3413 5658 homilias
3433 5584 3608 5658 mense

2158 5649 2233 5698 bri
2262 5647 2506 5718 habuisse.
2544 5647 2826 5718 Pauloyost'
2841 5647 2938 5697 duo
2962 5647 3099 5705 Mss;
3131 5647 3400 5718 Hoc‘igitur
3426 5647 3576 5718 nolis,
3599 5647 3645 5700 si
3667 5650 3753 5711 M-

2160 5723 2266 5760 sum
2281 5710 2371 5779 sit,
2391 5707 2608 5779 indicare
2621 5707 2768 5779 uelis;
2784 5710 2859 5762 sin
2880 5721 3068 5775 verum,
3088 5707 3357 5760 remedium
3379 5707 3638 5775 adhibere,
3657 5707 3757 5775 eos:

2159 5785 2252 5837 que
2273 5769 2475 5825 irwt’cem
2496 5771 2732 5827 excitare.
