4076 6430
238 373 344 431 ’123

235 494 455 564 ἡμενοι,
486 491 577 546 ιιαὶ
604 491 757 564 φόϐῳ
786 493 1002 566 λῃστῶν
1031 495 1506 567 πολιορκούμενοι,
1535 501 1627 550 καὶ
1650 499 1716 568 τῇ
1737 496 1836 551 τοῦ

235 583 508 654 χειμῶνος
536 583 656 658 ὥρᾳ
682 584 871 639 λοιπὸν
900 590 1369 658 κατατεινόμενοι,
1391 589 1609 652 οὐδενὸς
1635 589 1845 644 τούτων

236 675 634 747 αἰσθανόμεθα,
667 677 759 730 διά
792 678 856 731 τὸ
906 678 1140 750 μέγεθος
1173 681 1274 750 τῆς
1311 680 1589 752 ὑμετέρας
1635 682 1845 736 εὐδοκι-

238 771 482 840 μὴσεως,
523 769 662 823 ἀλλὰ
715 772 812 825 καὶ
859 773 1197 844 σκιρτῶμεν,
1252 774 1348 826 καὶ
1403 773 1693 846 χαίρομεν,
1752 775 1843 827 καὶ

235 861 386 931 μέγα
415 861 727 934 φρονοῦμεν
755 864 846 917 ἐπὶ
866 867 934 935 τῇ
969 865 1214 938 τοσαύτῃ
1243 865 1401 936 ὑμῶν
1425 866 1716 937 καρτερίᾳ.
1741 865 1840 919 Ἴν’

233 950 330 1008 οῦν
373 954 638 1026 διηνεκῶς
677 958 961 1028 χαίρωμεν
1002 959 1178 1013 ταῦτα
1217 959 1537 1024 ἀκούοντες,
1577 958 1843 1029 διηνεκῶς

233 1048 368 1118 ἡμῖν
391 1049 486 1101 καὶ
520 1049 932 1119 συνεχέσταται
976 1051 1348 1114 ἐπιστέλλετε,
1383 1050 1525 1104 αὑτά
1564 1067 1623 1103 τε
1643 1049 1840 1116 ταῦτα,

237 1137 333 1191 καὶ
366 1138 434 1192 τὰ
457 1139 584 1209 περὶ
610 1140 710 1210 τῆς
740 1139 930 1208 ὑγείας
965 1140 1121 1211 ὑμῶν
1141 1139 1642 1210 εὐαγγελιζόμενοι.
1665 1139 1843 1207 Μεγί-

239 1245 374 1298 στην
428 1227 539 1301 γάρ
577 1231 708 1302 ἡμῖν
734 1231 1002 1302 παρέξετε
1053 1231 1394 1304 εὐφροσύνην
1447 1229 1697 1284 ἐντεῦθεν
1748 1230 1844 1283 καὶ

239 1319 457 1392 ἡδονήν.

412 1433 487 1488 Σ’.
530 1435 963 1504 Καλλιστράτῳ
995 1438 1313 1504 ἐπισκόπῳ
1356 1440 1676 1508 ἰσαυρίας.

322 1545 468 1614 Ἐγὼ
504 1546 605 1617 μέν
633 1565 727 1601 σου
760 1548 860 1619 τὴν
891 1549 1184 1604 εὐλάϐειαν
1209 1552 1304 1605 καὶ⁵
1327 1551 1560 1606 ἐνταῦθα
1586 1561 1846 1624 ’παραγε-

237 1637 473 1710 νομένην
503 1639 818 1710 ἐπεθύμουν
867 1642 1020 1709 ίδεῖν,
1061 1641 1205 1696 ὥστε
1254 1645 1598 1715 ἐντρυφῆσαι
1648 1661 1742 1698 σου
1772 1647 1839 1716 τῇ

242 1730 526 1802 συνουσίᾳ,
555 1733 649 1785 καὶ
673 1731 981 1787 ἀπολαῦσαί
1010 1751 1105 1788 σου
1128 1736 1229 1805 τῆς
1251 1737 1485 1808 γνησίας
1507 1738 1601 1790 καὶ
1631 1736 1843 1808 θερμῆς

238 1821 499 1891 ἀγάπης·
535 1821 726 1894 ἐπειδὴ
765 1822 823 1876 δέ
863 1822 1025 1877 τοῦτο
1062 1825 1204 1889 τέως
1243 1829 1344 1878 οὐκ
1376 1826 1475 1886 ἔνι,
1513 1826 1604 1880 διά
1640 1843 1700 1880 τε
1742 1828 1842 1898 τὴν

238 1910 336 1964 τόῦ
398 1909 552 1974 ἔτους
603 1910 776 1983 ὥραν,
835 1915 934 1967 καὶ
985 1915 1046 1967 τὸ
1079 1914 1184 1985 τῆς
1220 1915 1340 1969 ὁδοῦ
1391 1916 1591 1988 μῆκος,
1625 1918 1844 1988 τὴνδιά

241 2003 594 2072 γραμμάτων
624 2003 988 2078 ὀφειλομένην
1032 2024 1115 2061 σοι
1158 2008 1464 2080 πρόσρησιν
1511 2008 1839 2079 ἀποδίδωμι,

241 2095 335 2148 καὶ
383 2097 547 2166 χάριν
591 2095 702 2167 ἔχω
754 2115 846 2151 σου
899 2102 966 2171 τῇ
1018 2100 1302 2173 εὐλαϐείᾳ,
1330 2101 1414 2156 ὃτι
1447 2102 1544 2155 καὶ
1575 2102 1845 2174 πρότερος

240 2189 356 2250 τοῖς
385 2188 524 2260 πρὸς
559 2192 711 2260 ἡμᾶς
743 2191 1100 2264 ἐπεπήδησας
1129 2193 1445 2265 γράμμασι.
1474 2195 1696 2265 Θερμῆς
1736 2195 1845 2266 γὰρ

241 2279 402 2334 τοῦτο
431 2281 525 2334 καὶ
551 2283 783 2354 γνησίας
815 2283 1033 2353 φιλίας’
1087 2286 1183 2339 καὶ
1223 2286 1282 2338 οὑ
1325 2286 1491 2357 μόνον
1543 2287 1644 2340 οὐκ
1693 2289 1847 2341 ἀπει-

244 2373 422 2437 κότως
446 2373 692 2445 ἔπραξας
711 2375 761 2440 δ,
791 2375 930 2430 ἀλλὰ
962 2377 1055 2431 καὶ
1082 2378 1290 2448 σφόδρα
1316 2396 1400 2432 σοι
1429 2379 1842 2452 προσηκόντως.

242 2467 489 2538 Χαρίζου
540 2468 603 2540 δὴ
653 2469 861 2540 ταύτην
914 2470 1152 2540 συνεχῶς
1210 2472 1344 2542 ἡμῖν
1401 2473 1503 2544 τὴν
1534 2476 1718 2545 χάριν,
1749 2475 1846 2526 καὶ

245 2563 586 2632 πυκνότερον
609 2564 742 2632 ἡμῖν
780 2563 945 2629 δήλου
971 2564 1042 2616 τά
1068 2565 1198 2635 περὶ
1230 2565 1330 2635 τῆς
1359 2566 1549 2634 ὑγείας
1587 2567 1689 2637 τῆς
1722 2567 1843 2638 σῆς.

246 2652 344 2706 ’Δν
393 2653 450 2706 δέ
504 2654 597 2707 καὶ
659 2654 883 2708 δυνατὸν
955 2656 1184 2728 γένηται
1233 2660 1301 2728 τῇ
1355 2658 1614 2730 εὐλαϐείᾳ
1675 2662 1742 2729 τῇ
1779 2661 1844 2729 σῇ

246 2745 512 2817 σκυλῆναι
561 2747 666 2810 ἕως
711 2748 891 2818 ἡμῶν,
941 2750 1012 2824 τά
1067 2751 1303 2820 μέγιστα
1358 2754 1494 2823 ἡμῖν
1536 2756 1724 2824 χαριῇ,
1754 2755 1850 2805 καὶ

246 2837 452 2909 πολλῆς
483 2840 630 2910 ἡμᾶς
673 2820 1714 2916 ἐμπλήσειςέὺφροσύνης.-Ὲννοήσας
1746 2847 1850 2899 τοί-

247 2947 344 2983 νυν
377 2930 454 2993 ώς
494 2933 590 2984 καὶ
621 2934 784 3002 ἡμεῖς
825 2933 1207 3006 ἐπιθυμοῦμεν
1253 2937 1381 2989 ἰδεῖν
1426 2953 1520 2989 σου
1563 2937 1664 3009 τὴν
1697 2937 1850 2990 εὐλά-

247 3024 423 3089 ϐειαν,
464 3026 560 3078 καὶ
591 3025 666 3089 ώς
694 3028 755 3080 τὸ
777 3030 1012 3099 πρᾶγμα
1043 3031 1102 3082 οὑ
1135 3031 1341 3103 σφόδρα
1375 3031 1634 3103 ἐργῶδες,
1671 3034 1720 3084 εί
1754 3032 1849 3101 γέ·-

248 3135 395 3173 νοιτο
417 3119 610 3189 καιρὸς
637 3120 944 3190 ἐπιτήδειος
977 3121 1116 3194 πρὸς
1146 3123 1477 3195 ὁδοιπορίαν,
1509 3125 1584 3194 μὴ
1617 3125 1850 3178 ἀποστε-

250 3211 426 3284 ρήσῃς
453 3213 602 3282 ἡμᾶς
629 3213 728 3284 τῆς
758 3213 1049 3284 συντυχίας
1078 3215 1178 3285 τῆς
1206 3215 1327 3284 σῆς.
1363 3216 1506 3279 Ἕως
1525 3216 1571 3268 δ’
1600 3217 1666 3270 ἂν
1690 3216 1850 3270 τοῦτο

246 3303 500 3374 γίνηται,
535 3306 601 3374 τῇ
636 3305 940 3376 πυκνότητι
987 3306 1097 3360 τῶν
1136 3307 1488 3378 γραμμάτων
1531 3309 1633 3379 τὴν
1656 3310 1721 3362 ὲκ
1749 3309 1852 3380 τῆς

247 3395 556 3467 παρουσίας
583 3395 779 3468 ἡδονὴν
812 3397 1130 3466 σοφίζεσθαι
1163 3399 1550 3472 παρακλήθητι
1572 3411 1622 3456 ο.

691 3509 843 3584 [712]
877 3514 1007 3566 ΣΑ’.
1053 3511 1395 3581 Ἐρκουλίῳ.

320 3624 414 3694 Μὴ
452 3624 631 3696 κάμνε
666 3625 846 3697 ζητῶν
893 3626 1193 3696 ἀπολογίαν
1242 3627 1344 3698 τῆς
1386 3630 1608 3702 μακρᾶς
1667 3631 1852 3701 σιγῆς,

247 3719 490 3773 δέσποτά
527 3736 629 3790 μου
658 3719 1086 3790 θαυμασιώτατε
1130 3719 1226 3774 καὶ
1261 3722 1849 3794 μεγαλοπρεπέστατε,

248 3815 348 3871 καὶ
380 3815 474 3867 ἐπὶ
512 3813 611 3885 τὴν
661 3817 856 3880 σπάνῃν
884 3814 994 3869 τῶν
1040 3817 1535 3887 γραμματηφόρων
1574 3817 1854 3886 καταφεύ-

249 3925 386 3979 γων.
431 3909 622 3980 Ἡμεῖς
651 3908 781 3980 γάρ,
820 3910 916 3964 καὶ
949 3909 1256 3981 γράφοντός
1289 3927 1382 3964 σου
1419 3910 1517 3964 καὶ
1564 3912 1849 3979 σιγῶντος,

249 4003 512 4076 ἀκίνητόν
562 4020 655 4057 σου
685 4004 786 4076 τὴν
829 4005 959 4074 περὶ
991 4005 1091 4075 τῆς
1130 4004 1353 4074 ἀγάπης
1391 4022 1483 4058 σου
1518 4004 1704 4076 ψῆφον
1735 4006 1854 4077 ἔχο-

253 4113 375 4168 μεν,
407 4097 476 4168 ἡν
511 4095 600 4150 διὰ
626 4097 737 4150 τῶν
782 4095 961 4167 ἔργων
1015 4097 1278 4162 ἐπεδείξω
1323 4096 1470 4150 οὑτω
1527 4097 1739 4167 σαφῶς,
1775 4100 1852 4164 ὼς

251 4190 436 4244 πᾶσαν
475 4190 676 4244 εἰδέναι
708 4189 807 4261 τὴν
834 4191 992 4243 πόλιν
1014 4191 1109 4243 τὸν
1145 4191 1348 4262 θερμὸν
1375 4194 1408 4263 ἡ
1419 4190 1536 4262 μῶν
1563 4193 1658 4246 καὶ
1687 4211 1853 4264 μανι-

251 4281 348 4338 κὸν
385 4284 647 4354 ἐραστήν.
685 4283 834 4354 Πλὴν
861 4283 1001 4338 ἀλλά
1023 4285 1120 4338 καὶ
1150 4282 1295 4336 οὑτω
1315 4284 1680 4355 διακείμενοι,
1724 4287 1856 4356 σφό-

250 4375 355 4448 δρα
380 4373 762 4445 ἐπιθυμοῦμεν
793 4375 1034 4441 συνεχῶς
1063 4376 1319 4447 δέχεσθαι
1348 4378 1659 4449 γράμματα
1701 4379 1856 4450 παρὰ

251 4467 353 4537 τῆς
383 4467 482 4538 σῆς
513 4467 978 4540 θαυμασιότητος,
1011 4469 1080 4523 τὰ
1109 4469 1238 4539 περὶ
1275 4470 1374 4541 τῆς
1407 4471 1598 4538 ὑγείας
1631 4470 1857 4543 δηλοῦν-

250 4580 320 4619 τα
353 4564 455 4635 τῆς
480 4565 600 4636 σῆς.
634 4564 844 4633 Ὠσπερ
874 4561 984 4634 γὰρ
1013 4562 1173 4626 αὐτὸς
1209 4565 1477 4634 μεγίστην
1505 4564 1641 4636 ἔφης
1673 4582 1855 4636 παρα-

250 4659 431 4730 ψυχὴν
483 4653 624 4711 εἶναι
664 4657 759 4711 τοῦ
815 4655 1125 4728 χωρισμοῦ,
1154 4657 1213 4709 τὸ
1241 4657 1370 4728 περὶ
1404 4660 1503 4729 τῆς
1532 4657 1725 4726 ὑγείας
1752 4657 1854 4729 τῆς

253 4751 532 4825 ἡμετέρας
565 4750 857 4822 μανθάνειν
893 4749 1010 4819 (καὶ
1039 4746 1198 4804 οἶσθα
1257 4749 1444 4821 ἡλίκον
1506 4751 1666 4805 τοῦτο
1698 4752 1854 4825 ἀνδρὶ

253 4844 430 4914 φιλεῖν
461 4843 833 4914 ἐπισταμένῳ,
860 4843 1050 4915 ἐπειδὴ
1074 4843 1359 4910 καὶφιλείν
1375 4842 1403 4885 ά
1427 4838 1586 4898 οἶσθα
1622 4845 1850 4918 καλῶς),

250 4937 397 4992 οὑτω
433 4937 527 4990 καὶ
570 4939 704 5008 ἡμῖν
747 4935 1222 5004 περισπούδαστον
1262 4937 1444 4990 τοῦτο.
1487 4937 1734 5009 Χαρίζου
1789 4938 1854 5010 δὴ

249 5031 459 5101 ταύτην
489 5031 625 5101 ἡμῖν
662 5028 762 5100 τὴν
788 5029 974 5100 χάριν,
1006 5030 1096 5084 ἵνα
1139 5028 1237 5083 καὶ
1287 5031 1344 5083 ἐν
1370 5030 1578 5102 ἐρημίᾳ
1615 5031 1856 5105 τοσαύτῃ

252 5123 581 5194 καθήμενοι,
637 5121 839 5193 πολλὴν
869 5120 1122 5178 ἐντεῦθεν
1152 5122 1581 5194 καρπωσώμεθα
1620 5123 1720 5195 τὴν
1751 5141 1857 5176 πα-

256 5215 542 5290 ράκλησιν.

649 5309 776 5360 ΣΠ.
804 5305 1081 5374 Κιφιακῷ
1110 5305 1442 5374 ὲπισκόπῳ.

328 5420 515 5476 Ταῦτα
572 5421 802 5488 ἀνεκτά;
861 5420 1036 5475 ταῦτα
1089 5421 1333 5492 φο,ρητά;
1392 5422 1494 5474 οἴει
1539 5422 1644 5476 κᾶν
1696 5424 1859 5480 σκιὰν

321 5555 356 5618 ἒ
373 5555 457 5618 S_ic
477 5566 650 5603 omnes
671 5568 790 5603 mss.
815 5553 995 5618 nostri,
1019 5553 1149 5603 Editl
1171 5557 1535 5618 συνεχέστατον,
1559 5559 1709 5609 male.

321 5617 350 5684 13
380 5615 574 5684 _anes
598 5630 713 5666 mss.
740 5619 821 5665 καὶ
858 5617 913 5684 οὑ
940 5617 1082 5684 μόνον
1105 5619 1161 5666 οὑ
1189 5615 1729 5684 καθηκόντως-ἔπραξας.

323 5681 560 5748 {Omnes
606 5693 719 5728 mss.
763 5681 1037 5742 σοφίζεσθαι
1080 5683 1426 5744 παρακλήθητι.
1465 5681 1638 5732 Morbi.
1684 5687 1857 5748 προθυ-

257 5743 449 5805 MMU-

321 5803 351 5847 ιι
375 5803 494 5854 Hac
536 5817 570 5854 ο
597 5804 780 5868 Sat'ilio
817 5809 1019 5868 rcccpla
1059 5811 1192 5856 sunt.
1237 5805 1357 5858 Mor.
1405 5812 1457 5858 et
1499 5807 1668 5860 Monlf.
1697 5811 1853 5860 ἐπιστ.

252 5867 390 5931 εἶναι,
425 5868 508 5917 καὶ
530 5884 579 5930 φ.
607 5867 741 5920 linit.

1707 365 2099 440 Iamsrouz.

3447 379 3556 436 72‘

1953 494 2259 562 ἀπολογίας
2299 493 2479 566 ἔχειν;
2524 495 2614 550 Ἑν
2641 498 2708 569 τῇ
2738 496 2977 568 τοσαύτῃ
3007 496 3217 570 ἀθυμίᾳ
3237 508 3283 563 ο,
3320 497 3380 551 ἐν
3412 495 3558 553 οὑτω

1951 585 2128 657 χρόνῳ
2155 585 2377 657 μακρῷ,
2418 588 2477 641 ἐν
2515 588 2760 658 τοσούτῳ
2788 587 3027 660 θορύϐῳ.
3066 588 3160 643 καὶ
3185 592 3425 661 ταραχῇ,
3460 590 3560 645 καὶ

1953 674 2238 746 συντριϐῇ,
2267 676 2363 729 καὶ
2401 675 2757 749 ταλαιπωρίᾳ
2806 679 3173 732 καθεστώτων
3216 680 3400 751 ἡμῶν,
3432 679 3558 733 οὐδὲ

1950 765 2101 832 ἅπαξ
2143 769 2276 839 ἡμῖν
2309 768 2614 823 ἐπιστεῖλαι
2651 769 2958 836 κατεδέξωο
2991 771 3107 824 ἀλλ’
3139 773 3303 843 ἡμεῖς
3339 773 3439 843 μὲν
3463 773 3561 827 καὶ

1950 858 2117 923 ἅπαξ,
2147 860 2241 912 καὶ
2279 859 2378 923 δὶς,
2433 861 2529 915 καὶ
2559 860 2828 923 πολλάκις
2885 862 3332 934 ἐπεστάλκαμεν,
3384 865 3450 918 σὺ
3500 863 3560 917 δέ

1951 952 2114 1022 σιγᾷς
2155 951 2348 1022 χρόνον
2398 951 2546 1007 οὑτω
2609 953 2844 1025 μακρὸν,
2874 953 2970 1009 καὶ
3000 954 3248 1025 νομίζεις
3289 955 3351 1008 τὸ
3393 957 3561 1027 τυχὸν

1951 1043 2334 1115 ἡμαρτηκέναι
2366 1044 2888 1117 ἀμάρτημα,οῦτως
2934 1045 3212 1117 ἀγνώμων
3237 1048 3368 1119 περὶ
3407 1049 3559 1118 ἡμᾶς

1949 1136 2360 1207 γεγενημένου
2403 1135 2536 1207 Ἐμέ
2562 1138 2646 1202 είς
2671 1135 2873 1209 πολλὴν
2921 1137 3158 1209 ἀπορίαν
3185 1137 3557 1210 κατέστησας.

1950 1227 2088 1281 Οὐδέ
2110 1229 2222 1300 γὰρ
2253 1227 2490 1300 δύναμαι
2531 1230 2635 1301 τῆς
2677 1229 2841 1300 σιγῆς
2864 1229 2964 1302 τὴν
2988 1232 3171 1285 αίτίαν
3192 1232 3398 1304 εὑρεῖν,
3425 1231 3558 1285 ὅταν

1950 1321 2193 1392 ἐννοήσω
2215 1338 2308 1374 σου
2342 1322 2442 1389 τὴν
2471 1320 2684 1394 θερμὴν
2708 1323 2934 1394 ἀγάπην
2963 1325 3058 1378 καὶ
3088 1324 3346 1394 γνησίαν,
3373 1325 3440 1395 ἡν
3470 1323 3560 1376 ἀεὶ

1949 1413 2078 1484 περὶ
2116 1414 2268 1483 ἡμᾶς
2299 1413 2580 1478 ἐπεδείξω.
2611 1414 2747 1468 Οὑδέ
2777 1415 2887 1486 γάρ
2918 1415 3194 1487 ρᾳθυμίαν
3233 1414 3560 1484 λογίσασθαι

1950 1502 2090 1574 ἔχω’
2123 1499 2243 1558 οἴδα
2273 1505 2385 1576 γάρ
2405 1523 2500 1560 σου
2527 1507 2626 1577 τὴν
2645 1507 2929 1578 ἄγρυπνον
2956 1508 3158 1578 ψυχήν·
3184 1505 3309 1561 οῦτε
3332 1506 3558 1561 δειλίαν·

1947 1589 2070 1647 οἶδα
2098 1594 2208 1666 γάρ
2239 1611 2334 1648 σου
2360 1595 2458 1667 τὴν
2487 1596 2744 1670 ἀνδρείαν
2763 1613 2778 1628 ο
2816 1597 2918 1649 οὑκ
2945 1596 3135 1649 ὕκνονο
3167 1592 3288 1651 οἶδα
3326 1597 3435 1670 γάρ
3465 1614 3563 1652 σου

1947 1685 2008 1738 τὸ
2024 1687 2456 1758 διεγηγερμένον
2487 1690 2586 1741 καὶ
2614 1689 2891 1758 ἐντρεχές’
2921 1687 3039 1741 ἀλλ’
3069 1688 3192 1742 οὐδὲ
3221 1688 3560 1761 ἀρῤιπιστίιιν⁸

1950 1779 2127 1832 καίτοι
2155 1795 2219 1849 γε
2251 1779 2374 1832 οὑδὲ
2395 1779 2540 1851 αὐτη
2574 1780 2736 1852 ἱκανὴ
2764 1775 2834 1851 ἦν
2861 1796 2920 1832 σε
2939 1778 3222 1834 κωλῦσαι·
3258 1780 3400 1852 πλὴν
3424 1779 3564 1834 ἀλλὰ

1953 1871 2215 1942 μανθάνω
2242 1871 2396 1944 παρά
2421 1871 2532 1926 τῶν
2559 1872 2776 1926 ἐκεῖθεν
2809 1873 3151 1944 ἐρχομένων,
3187 1872 3271 1926 ὅτι
3294 1872 3563 1942 ὑγιαίνεις

1952 1965 2046 2018 καὶ
2075 1963 2341 2036 ἔρρωσαι.
2379 1963 2445 2018 Τί
2473 1959 2568 2019 οὖν
2598 1967 2714 2019 ἐστι
2739 1963 2803 2019 τὸ
2841 1967 3037 2032 αῐτιον,
3072 1966 3249 2019 εἰπεῖν
3287 1965 3389 2018 οὐκ
3428 1965 3564 2036 ἔχω,

1948 2055 2064 2115 ἀλλ’
2119 2053 2179 2108 ἐν
2244 2054 2425 2124 μόνον,
2461 2054 2615 2125 ἀλγῶ
2647 2055 2744 2109 καὶ
2797 2053 3097 2125 ὀδυνῶμαι.
3135 2053 3325 2108 Πάντα
3378 2053 3567 2107 τοίνυν

1949 2147 2179 2219 ποίησον
2218 2147 2360 2201 ὥστε
2391 2146 2706 2214 ἀπαλλάξαι
2732 2148 2884 2218 ἡμᾶς
2931 2147 3027 2200 καὶ
3071 2146 3176 2216 τῆς
3229 2145 3429 2216 λύπης,
3467 2143 3565 2199 καὶ

1949 2235 2042 2293 τοῦ
2063 2238 2368 2311 διαπορεῖν.
2401 2240 2557 2292 Ἐπεὶ
2581 2241 2631 2292 εί
2667 2241 2764 2293 καὶ
2795 2239 2936 2310 μετά
2956 2239 3027 2293 τά
3059 2240 3368 2310 γράμματα
3387 2237 3566 2292 ταῦτα

1953 2333 2029 2402 μὴ
2072 2332 2212 2402 μετὰ
2247 2331 2444 2385 πολλοῦ
2489 2330 2588 2384 τοῦ
2630 2331 2836 2403 τάχους
2889 2334 3022 2403 ἡμῖν
3059 2330 3386 2402 βουληθείης
3441 2331 3566 2382 ἐπι-

1953 2421 2184 2489 στεῖλαι,
2220 2421 2396 2487 οὕτως
2427 2423 2575 2495 ἡμᾶς
2613 2421 2758 2494 ἔχεις
2793 2422 3056 2494 λυπῆσαι,
3085 2421 3161 2487 ώς
3198 2421 3397 2475 πολλοῦ
3447 2420 3568 2493 δεη·

1951 2514 2113 2586 θῆναι
2152 2516 2319 2569 πόνου
2353 2515 2370 2554 ί
2407 2516 2489 2579 είς
2514 2515 2575 2569 τὸ
2607 2515 2948 2587 θεραπεῦσαι
2979 2514 3137 2586 ἡμῶν
3163 2516 3266 2587 τὴν
3297 2513 3560 2584 ἀθυμίαν.

2283 2630 2420 2685 ΣΡ.
2445 2631 2806 2687 Σαλουστίω
2828 2629 3236 2700 πρεσϐυτέρῳ.

2024 2746 2138 2816 Οὐχ
2169 2745 2246 2811 ὡς
2295 2746 2486 2816 ἔτυχεν
2544 2747 2761 2819 ἡλγησα
2804 2747 3048 2812 ἀκούσας
3088 2748 3172 2801 ὅτι
3219 2746 3313 2800 καὶ⁷
3355 2747 3422 2801 σύ
3466 2748 3564 2802 καὶ

1952 2839 2213 2910 Θεόφιλος
2240 2842 2269 2893 ό
2316 2839 2694 2912 πρεσϐύτερος
2723 2839 3047 2895 ἀνεπέσετε.
3085 2840 3301 2909 Ἔγνων
3333 2841 3444 2914 γὰρ
3475 2841 3561 2896 ὅτι

1952 2934 1981 2986 ὁ
2016 2932 2170 3005 [715]
2216 2933 2314 3002 μὲν
2345 2932 2504 3005 ὑμῶν
2555 2936 2721 2986 πέντε
2770 2933 2992 3005 ὁμιλίας
3019 2930 3177 2986 εἶπεν
3205 2933 3315 2996 ἔως
3359 2934 3560 2988 Ὀκτω-

1955 3027 2112 3099 ϐρίου
2156 3026 2350 3097 μηνὸς,
2389 3015 2501 3080 δ’δὲ
2524 3025 2804 3097 οὐδεμίαν,
2831 3029 2926 3080 καὶ
2953 3027 3054 3098 τῆς
3075 3027 3315 3098 ἐρημίας
3346 3044 3436 3097 μοι
3464 3026 3565 3097 τῆς

1955 3118 2193 3172 ἐνταῦθα
2248 3119 2409 3172 τοῦτο
2441 3119 2637 3188 γέγονε
2671 3118 3078 3192 χαλεπώτερον.
3114 3118 3427 3191 Βουλήθητε
3454 3117 3568 3172 τοί-

1956 3228 2072 3276 νυν,
2104 3213 2152 3265 εί
2187 3211 2285 3282 μέν
2319 3209 2517 3282 ψεῦδος
2546 3211 2727 3275 τοῦτο,
2753 3211 2996 3283 δηλῶσαί
3022 3228 3148 3284 μοι·
3180 3214 3228 3266 εί
3254 3212 3312 3266 δέ
3341 3209 3565 3284 ἀληθὲς,

1955 3303 2359 3376 διορθώσασθαι
2380 3321 2394 3336 °
2434 3305 2531 3358 καὶ
2575 3304 2843 3377 ἀλλήλους
2871 3306 3180 3378 διεγείρατε
3199 3310 3245 3348 ε·
3276 3307 3402 3361 ἐπεὶ
3433 3305 3568 3377 σφό-

1953 3393 2060 3466 δρα
2102 3412 2169 3466 με
2206 3395 2362 3466 ἔχετε
2391 3395 2657 3466 λυπῆσαι,
2688 3395 2871 3450 καίτοι
2913 3398 3035 3467 μεθ’
3067 3397 3384 3469 ὑπερϐολῆς
3434 3397 3568 3466 σφό-

1955 3487 2058 3558 δρα
2087 3489 2394 3557 ἀγαπῶντα
2429 3487 2598 3559 ὑμᾶς.
2625 3489 2738 3542 Καὶ
2761 3489 2822 3542 τὸ
2843 3489 2909 3561 δὴ
2927 3488 3336 3563 χαλεπώτερον,
3359 3491 3443 3544 ὅτι
3470 3491 3569 3545 καὶ

1955 3581 2110 3652 παρὰ
2147 3581 2242 3635 τοῦ
2289 3582 2427 3635 Θεοῦ
2470 3584 2608 3638 πολὺ
2661 3585 2786 3638 καθ’
2827 3568 3039 3638 ἑαυτῶν
3089 3583 3466 3639 ἐπισπάσεσθε
3506 3585 3570 3639 τὸ

1955 3677 2154 3747 κρῖμα,
2215 3675 2387 3748 ἀργίᾳ
2431 3675 2674 3750 τοσαύτῃ
2716 3676 2991 3742 συζῶντες
3031 3678 3127 3731 καὶ
3159 3677 3325 3749 ὄκνῳ,
3374 3678 3471 3732 καὶ
3500 3677 3571 3732 τὰ

1957 3767 2091 3838 παρ’
2131 3767 2344 3821 ἐαυτῶν
2394 3768 2498 3822 οὐκ
2535 3768 2908 3840 εἰσφέροντες.
2960 3769 3132 3823 Ποίαν
3179 3769 3290 3842 γὰρ
3348 3772 3570 3842 σχοίητε

1960 3858 2298 3932 συγγνώμην
2318 3860 2525 3933 ἐτέρων
2551 3860 2928 3932 διωκομένων,
2952 3859 3375 3934 ἐξοριζομένων,
3402 3862 3570 3916 ἐλαυ-

1958 3955 2226 4024 νομένων,
2279 3955 2440 4026 ὑμεῖς
2488 3954 2545 4008 δέ
2599 3955 2739 4026 μηδέ
2788 3955 2889 4026 τὴν
2933 3954 3044 4008 άπὸ
3093 3954 3198 4025 τῆς
3257 3955 3572 4026 παρουσίας

1958 4047 2115 4120 ὑμῶν
2157 4048 2192 4119 ἡ
2240 4049 2340 4119 τῆς
2364 4047 2720 4112 διδασκαλίας
2749 4049 3104 4118 είσφέροντες
3126 4048 3204 4119 τῷ
3235 4047 3572 4120 χειμαζομέ-

1957 4159 2033 4211 νῳ
2065 4140 2182 4213 λαῷ
2208 4142 2447 4215 σπουδήν
2466 4160 2483 4209 ;

2532 4258 2658 4311 ΣΔ¹.
2698 4256 2984 4322 Παιάν-ίῳ.

2033 4372 2204 4426 Ὅταν
2238 4369 2790 4443 ἐννοὴσῃς,δέσποτά
2835 4388 2939 4442 μου
2996 4370 3420 4444 θαυμασιώτατε
3474 4375 3573 4429 καὶ

1965 4466 2182 4538 μέλιτος
2221 4467 2354 4538 ἡμῖν
2397 4463 2725 4536 γλυκύτερε,
2761 4466 2845 4519 ὅτι
2901 4466 3040 4538 βαρύ
3097 4467 3193 4520 καὶ
3223 4467 3464 4538 ἐπαχθὲς
3509 4469 3573 4522 τὸ

1961 4560 2300 4635 κεχωρίσθαι
2340 4559 2522 4634 ἡμῶν,
2556 4559 2912 4630 λογιζόμενος
2955 4555 3069 4614 οἷον
3120 4563 3358 4633 πρᾶγμα
3403 4579 3574 4632 μεταο

1961 4659 2198 4731 χειρίζῃ.
2235 4657 2331 4710 καὶ
2365 4657 2448 4710 ὅτι
2476 4656 2632 4708 πόλιν
2657 4655 2955 4726 ὁλόκληρον
2983 4655 3273 4728 κατορθοῖς
3296 4654 3344 4720 ιι,
3363 4656 3572 4727 μᾶλλον

1959 4750 2016 4803 δέ
2066 4749 2396 4820 οίκουμένην
2446 4747 2745 4818 ὁλόκληρον
2773 4746 2862 4800 διά
2908 4747 3007 4816 τῆς
3059 4746 3270 4809 πόλεως
3326 4747 3570 4819 ἐκείνης,

1963 4843 2165 4914 σκίρτα
2197 4844 2294 4896 καὶ
2315 4841 2634 4912 εὐφραίνου.
2650 4841 2807 4895 Μετά
2837 4840 2946 4911 γὰρ
2966 4841 3064 4912 τῆς
3079 4838 3352 4908 ὠφελείας
3366 4841 3573 4913 πολλὴν

1962 4936 2142 5002 ἔξεστί
2175 4954 2259 4989 σοι
2291 4936 2640 5008 καρποῦσθαι
2675 4935 2771 4989 καὶ
2799 4935 2900 5006 τὴν
2927 4932 3142 5005 ἡδονήν.
3184 4935 3248 4988 Εἰ
3293 4933 3403 5006 γὰρ
3434 4937 3574 5008 χρή-

1968 5031 2119 5102 ματά
2156 5049 2304 5095 τινες
2326 5030 2682 5098 συλλέγοντες
2708 5029 2782 5083 τά
2809 5046 2868 5082 τε
2892 5027 3250 5100 ἀπολλύμενα
3281 5031 3377 5082 καὶ⁸
3404 5029 3573 5083 ἀπολ-

1963 5126 2130 5178 λύντα
2157 5125 2376 5188 αὐτοὺς,
2394 5122 2666 5194 τοσαύτης
2692 5122 3064 5194 ἐμφοροῦνται
3088 5122 3185 5192 τῆς
3203 5124 3572 5195 εὐφροσύνης,

1963 5219 2059 5274 καὶ
2093 5216 2303 5282 οἰκιῶν,
2337 5218 2432 5270 καὶ
2476 5215 2758 5285 γυναικὸς,
2787 5217 2883 5269 καὶ
2935 5215 3167 5276 τέκνων,
3199 5218 3296 5269 καὶ
3348 5216 3574 5270 πάντων

1962 5313 2072 5365 τῶν
2092 5311 2487 5382 προσηκόντων
2519 5310 2612 5362 ἐπὶ
2647 5309 2818 5361 πολὺν
2846 5309 3213 5379 χωριζόμενοι
3247 5309 3460 5380 χρόνον,
3486 5312 3571 5376 τίς

1965 5404 2032 5458 ἂν
2056 5404 2436 5475 παραστήσειε
2483 5399 2644 5468 λόγος
2682 5400 2782 5470 τὴν
2813 5400 3013 5469 ἡδονὴν
3037 5398 3133 5451 τοῦ
3175 5398 3437 5461 πλούτου,
3473 5399 3568 5452 τὸν

1963 5496 2218 5551 τοσοῦτον
2243 5495 2420 5568 θησαυ
2430 5493 2542 5564 ρον,
2563 5493 2623 5546 δν
2641 5491 2764 5546 καθ’
2783 5492 3023 5562 ἑκάστην
3044 5491 3300 5560 συνάγεις
3327 5491 3568 5563 ἡμέραν,

2031 5623 2055 5651 ⁸
2082 5622 2191 5672 Duo
2211 5632 2328 5670 mss.
2354 5618 2402 5666 ἐν
2421 5616 2632 5680 τοσαύτῃ
2661 5617 2881 5681 ῥᾳθυμίᾳ.

2032 5681 2052 5719 τ
2075 5684 2228 5734 Savil.
2256 5678 2684 5746 χρόνουίιιτθηυὸ
2702 5678 2865 5746 'I‘éclio
2885 5678 3110 5746 quaAdrgg.‘

2030 5749 2054 5786 ε
2077 5747 2185 5796 Duo
2219 5739 2334 5793 m'é's.
2367 5739 2624 5806 βουλήθητὶ
2661 5743 2880 5790 τοίνυν...
2906 5739 2998 5788 καὶ
3043 5740 3278 5797 ἀλλήλους
3306 5739 3552 5803 διεγείοιιν

1965 5811 2118 5860 Savil.
2142 5808 2381 5871 διεγεῖραι.

2034 5873 2065 5917 ι
2089 5867 2353 5924 Trcs'm'ss.
2387 5868 2724 5933 μεταχειρίζεις
2753 5904 2784 5919 ..
2807 5867 3069 5931 ὁλόκληρον
3089 5867 3259 5932 ὀρθοῖς.
