4076 6434
521 331 634 390 ἠδ

518 450 627 503 καὶ.
647 448 968 520 φαινόμενος
998 445 1186 502 αὐτόθι
1217 447 1410 518 μόνον;
1447 448 1522 501 Οὐ
1553 446 1663 522 γάρ
1686 447 1750 519 δὴ
1785 447 2098 506 κολακεύων

522 557 582 594 σε
615 541 789 595 ταῦτα
816 539 980 608 λέγω,
1016 538 1110 591 καὶ
1143 537 1322 592 ἴσασιν
1345 539 1393 590 οί
1419 538 1513 591 καὶ
1537 538 1830 602 ἀκούοντες
1867 539 2096 601 ἀπόντος

518 648 616 685 σου
639 631 810 684 ταῦτα
828 631 959 700 παρ’
981 627 1139 699 ήμῶν
1161 625 1416 695 ἐνταῦθα,
1443 627 1559 682 ἀλλ’
1589 628 1843 699 ἡδόμενος
1870 628 2095 699 σφόδρα,

517 721 613 774 καὶ⁸
663 719 886 790 χαίρων,
925 718 1022 771 καὶ
1045 716 1408 788 πηρούμενος
1435 717 1541 770 ὑπὸ
1591 717 1689 787 τῆς
1736 716 2093 788 εὐφροσύνης.

528 811 742 881 Ἀρκεῖς
773 808 903 880 γὰρ
944 809 1038 862 καὶ
1079 807 1426 878 φαινόμενος,
1467 807 1696 872 πολλοὺς
1718 808 1958 880 ὀρθῶσαι
1988 806 2096 860 τῶν

513 900 722 966 αὐτόθι,
767 899 1037 972 στηρίξαι,
1078 899 1316 970 ἀλεῖψαι,
1359 901 1745 971 συγκροτῆσαι.
1795 894 1928 952 Οἶδα
1984 897 2096 967 ἐγὼ

511 992 607 1045 τὸν
643 992 874 1064 ἀριστέα
905 991 1180 1061 τδνέμὸν,
1207 987 1324 1044 οἶδά
1359 1007 1452 1043 σου
1484 989 1582 1052 τὰς
1607 986 1974 1060 ἀνδραγαθίας
1995 985 2095 1050 τὰς

512 1082 721 1149 αὐτόθι,
749 1084 839 1136 τὸν
866 1081 1046 1153 ζῆλον,
1071 1081 1168 1152 τὴν
1195 1080 1524 1150 ἀγρυπνίαν,
1551 1080 1678 1143 τοὺς
1713 1079 1968 1150 δρόμους,
1997 1075 2092 1130 τὸν

510 1173 673 1226 πόνον
713 1172 812 1242 τῆς
846 1171 1054 1242 ψυχῆς,
1101 1172 1202 1243 τὴν
1252 1168 1584 1242 παρρησίαν,
1624 1171 1725 1241 τὴν
1780 1167 2094 1238 ἐλευθερίαν

512 1263 633 1336 μεθ’
666 1259 734 1334 ἦς
767 1263 860 1317 καὶ
912 1261 1224 1316 ἐπισκόπων
1271 1259 1714 1327 κατεξανίστασο,
1767 1259 1862 1312 τοῦ
1896 1256 2092 1329 καιροῦ

509 1355 699 1410 τούτου
741 1352 1120 1420 ἀπαιτοῦντος,
1159 1353 1298 1425 μετά
1346 1352 1442 1406 τοῦ
1491 1353 1861 1424 προσήκοντος
1907 1350 2094 1422 μέντοι

510 1446 732 1517 μέτρου.
782 1445 893 1498 Καὶ
926 1441 1237 1516 ἐθαύμαζόν
1272 1462 1331 1498 σε
1383 1445 1471 1498 ἐπ’
1520 1443 1769 1509 ἐκείνοις,
1806 1441 1988 1514 πολλῷ
2033 1442 2092 1496 δὲ

507 1539 672 1593 πλέον
704 1539 817 1606 νῦν,
843 1539 945 1604 ὅτι,
973 1539 1068 1592 καὶ
1099 1538 1327 1610 μηδενός
1358 1555 1442 1591 σοι
1471 1536 1849 1609 παραστάντος
1876 1534 2089 1601 αὐτόθι,

503 1629 643 1685 ἀλλά
668 1629 776 1683 τῶν
809 1630 906 1702 μὲν
949 1630 1280 1699 φευγόντων,
1312 1628 1419 1682 τῶν
1457 1629 1516 1682 δὲ
1557 1630 1951 1699 ἐλαυνομένων,
1982 1627 2091 1681 τῶν

504 1719 564 1774 δέ
612 1720 1021 1791 κρυπτομένων,
1062 1719 1222 1791 μόνος
1272 1720 1512 1793 ἕστηκας
1563 1721 1656 1774 ἐπὶ
1699 1719 1801 1791 τῆς
1840 1718 2091 1789 παρατά-

505 1808 664 1877 ξεως,
711 1808 785 1864 τδ
822 1810 1071 1881 μέτωπον
1103 1811 1272 1881 αὐτῆς
1335 1811 1723 1888 κατακοσμῶν,
1773 1812 1867 1866 καὶ
1901 1811 2092 1865 οὐδένα

504 1902 686 1972 ἀφιεὶς
726 1901 976 1971 γενέσθαι
1019 1901 1400 1974 λειποτάκτην,
1449 1902 1586 1974 ἀλλά
1631 1902 1725 1958 καὶ
1775 1904 1902 1965 τοὺς
1951 1901 2091 1972 μετά

503 1992 612 2046 τῶν
666 1992 923 2047 ἐναντίων
965 1994 1332 2063 τεταγμένους
1382 1995 1448 2064 τῇ
1494 1991 1763 2064 ἐμμελείᾳ
1824 2008 1918 2044 σου
1969 1989 2089 2043 καθ’

503 2083 740 2154 ἐκάαῐτην
763 2085 975 2154 ἡμέραν
1010 2085 1290 2156 μεθιστᾷς.
1316 2083 1392 2136 υύ
1417 2081 1505 2136 διὰ
1530 2081 1704 2136 ταῦτα
1735 2082 1793 2136 δὲ
1823 2080 2090 2152 θαυμάζω

505 2174 685 2244 μόνον,
708 2175 821 2228 ἀλλ’
844 2177 927 2230 ὅτι
961 2178 1055 2230 καὶ
1085 2177 1142 2230 ἐν
1177 2175 1259 2228 ἐνὶ
1295 2173 1580 2245 ἱδρυμένος
1627 2173 1833 2245 χωρίῳ,
1865 2174 1964 2245 τὴν
2009 2175 2088 2227 οί-

501 2263 774 2335 κουμένην
822 2266 1038 2320 ἃπασαν
1081 2265 1373 2336 μεριμνᾷς,
1421 2262 1491 2316 τά
1523 2265 1580 2317 ἐν
1624 2262 1973 2335 Παλαιστίνῃ,
2017 2262 2086 2316 τά

500 2353 562 2406 ἐν
592 2355 833 2428 Φοινίκῃ,
878 2357 946 2410 τά
979 2358 1035 2410 ἐν
1065 2355 1311 2428 Κιλικίᾳ,
1349 2349 1424 2410 ὧν
1452 2357 1547 2409 καὶ
1580 2355 1814 2426 μάλιστα
1863 2354 2086 2426 φροντί-

501 2446 915 2516 ζεινὸφείλεις.
965 2448 1313 2503 Παλαιστινοὶ
1366 2448 1466 2518 μὲν
1513 2447 1622 2520 γάρ
1664 2447 1761 2502 καὶ
1806 2448 2085 2510 Φοίνικες,

499 2535 680 2610 καθὼς
729 2537 901 2607 ἔγνων
949 2539 1158 2608 σαφῶς,
1201 2539 1301 2591 οὐκ
1355 2537 1605 2603 ἐδέξαντο
1637 2538 1726 2592 τὸν
1776 2538 1928 2608 παρὰ
1975 2539 2084 2591 τῶν

498 2628 768 2714 ἐναντίων
785 2629 1163 2685 ἀποσταλέντα
1201 2630 1405 2693 ἐκεῖσε,
1435 2630 1558 2683 οὐδέ
1594 2630 1940 2702 ἀποκρίσεως
1984 2631 2087 2684 αύ-

496 2722 589 2777 τδν
639 2723 909 2794 ἠξίωσανο
951 2725 980 2777 ό
1007 2724 1064 2777 δὲ
1095 2724 1298 2792 Αἰγῶν,
1331 2725 1406 2788 ὡς
1439 2725 1635 2794 ἐγνων,
1683 2725 1777 2780 καὶ
1806 2726 1835 2778 ό
1865 2725 2084 2794 Ταρσοῦ

500 2816 618 2886 μετ’
651 2813 803 2887 [7η]
848 2815 1072 2870 ἐκείνων
1119 2815 1404 2870 τάττονται
1429 2854 1444 2879 ,
1502 2817 1597 2870 καὶ
1641 2819 1668 2869 ό
1711 2816 2085 2871 Καστασάλων

495 2906 730 2960 ἐνταῦθα
777 2906 1014 2980 ἐδήλωσέ
1072 2925 1180 2962 τινι
1244 2907 1352 2961 τῶν
1421 2909 1709 2979 ἡμετέρων
1751 2907 1953 2976 φίλων,
2001 2909 2085 2962 ὅτι

495 2997 891 3066 ἀναγκάζουσιν
947 2999 1146 3062 αὐτοὺς
1197 2999 1244 3051 οί
1289 2998 1398 3051 ἀπὸ
1447 3000 2081 3063 Κωνσταντινουπόλεως

492 3087 560 3156 τῇ
591 3087 904 3158 παρανομίᾳ
931 3086 1112 3140 αὐτῶν
1142 3086 1451 3150 συνθέσθαι,
1483 3089 1578 3141 καὶ
1605 3088 1742 3152 τέως
1771 3090 2076 3160 ἀντέχουσι.

495 3176 704 3248 Πολλῆς
753 3178 934 3231 τοίνυν
985 3194 1066 3231 σοι
1100 3177 1182 3232 δεῖ
1233 3179 1331 3250 τῆς
1389 3181 1693 3252 μερίμνης,
1741 3181 1944 3252 πολλῆς
1979 3183 2080 3253 τῆς

492 3269 819 3343 ἀγρυπνίας,
854 3269 996 3324 ὥστε
1037 3272 1130 3325 καὶ
1159 3269 1318 3325 τοῦτο
1351 3271 1641 3344 διορθῶσαι
1681 3274 1742 3326 τὸ
1786 3275 1970 3346 μέρος,
2001 3274 2080 3346 τῷ

492 3359 724 3432 δεσπότῃ
755 3377 857 3431 μου
891 3360 1162 3432 γράψαντι
1191 3361 1269 3432 τῷ
1293 3363 1500 3434 ἀνεψιῷ
1537 3380 1654 3428 σου,
1680 3365 1756 3436 τῷ
1794 3366 1969 3438 κυρίῳ
1999 3365 2079 3437 τῷ

492 3450 780 3522 ἐπισκόπῳ
807 3452 1086 3524 Θεοδώρῳ.
1117 3453 1199 3508 Τά
1231 3453 1372 3508 κατά
1399 3455 1697 3528 Φαρέτριον
1729 3457 1951 3529 λυπηρά
1979 3459 2078 3529 μὲν

490 3544 588 3598 καὶ
615 3543 818 3615 σφόδρα
854 3544 1080 3617 ἀνιαρά·
1112 3545 1253 3617 πλὴν
1273 3546 1387 3600 ἀλλ’
1411 3549 1600 3621 ἐπειδὴ
1627 3551 1678 3602 οί
1713 3551 2077 3624 πρεσϐύτεροι

491 3633 657 3688 αὐτοῦ
690 3634 814 3689 οὐτε
848 3633 1139 3710 συνέτυχον
1178 3640 1291 3701 τοῖς
1328 3641 1612 3706 ἐναντίοις,
1660 3642 1736 3706 ὼς
1785 3644 1913 3716 φὴς,
1951 3643 2075 3698 οὐτε

490 3723 774 3796 αἱροῦνται
819 3728 1006 3791 αὐτοῖς
1046 3729 1396 3800 κοινωνῆσαι,
1445 3732 1560 3785 ἀλλ’
1591 3733 1666 3796 ῶς
1697 3733 1966 3802 λέγουσιν,
1995 3736 2076 3789 ἔτι

494 3815 612 3886 μεθ’
635 3817 791 3889 ήμῶν
827 3820 1115 3891 ἑστήκασι,
1151 3824 1316 3895 μηδὲν
1341 3825 1545 3880 τούτων
1573 3828 1913 3900 κοινωνήσῃς
1939 3828 2077 3898 πρὸς

492 3907 689 3973 αὐτούς
719 3921 746 3950 ι
768 3925 782 3938 ·
815 3911 938 3964 ἐπεὶ
969 3911 1006 3966 ἃ
1034 3914 1289 3986 ἐποίησεν
1321 3919 1400 3978 είς
1429 3918 1576 3987 ἡμᾶς
1609 3918 1638 3970 ό
1663 3918 1963 3990 Φαρέτριος
1991 3920 2076 3972 οὐ·

489 3995 681 4068 δεμίαν
708 3998 820 4070 ἔχει
852 3999 1199 4072 συγγνώμην.
1239 4004 1300 4056 '0
1332 4005 1515 4079 μέντοι
1542 4005 1741 4078 κλῆρος
1769 4007 1933 4060 αὐτοῦ
1966 4010 2073 4072 πᾶς

492 4090 587 4138 καὶ
620 4087 795 4168 ἤλγει,
833 4091 927 4142 καὶ
964 4090 1218 4163 ὠδύρετο,
1255 4096 1346 4147 καὶ
1375 4096 1612 4167 ἐθρήνει,
1641 4096 1736 4151 καὶ
1769 4098 1889 4169 μεθ’
1912 4099 2071 4171 ήμῶν

489 4179 626 4245 ὅλως
659 4177 727 4255 ἦν
759 4183 825 4253 τῇ
857 4182 1071 4254 γνώμῃ.
1113 4185 1252 4238 Ἀλλ’
1283 4186 1370 4240 ἵνα
1403 4189 1478 4259 μὴ
1506 4189 1724 4254 τούτους
1753 4192 2071 4264 ποιήσωμεν

491 4272 863 4344 ἀποπηδῆσαι,
905 4275 1001 4327 καὶ
1044 4277 1410 4348 τραχυτέρους
1456 4280 1840 4352 ἐργασώμεθά,
1881 4282 2071 4353 μαθὼν

491 4366 707 4418 ἅπαντα
732 4365 802 4418 τά
829 4365 938 4420 ἀπὸ
962 4365 1071 4420 τῶν
1098 4369 1434 4441 ἐπαρχικῶν,
1459 4371 1611 4443 παρὰ
1640 4373 1824 4445 σαυτῷ
1847 4375 2068 4446 κάτεχε,

490 4454 582 4509 καὶ
609 4454 749 4526 μετὰ
778 4456 981 4527 πολλῆς
1010 4460 1348 4533 ἡμερότητος
1377 4464 1561 4546 αὐτοῖς
1587 4466 1927 4536 προσφέρου·
1953 4463 2070 4520 οἶδα

489 4547 598 4615 γάρ
647 4562 740 4599 σου
784 4545 847 4600 τὸ
892 4549 1263 4617 οίκονομικόν·
1305 4545 1415 4606 καὶ
1442 4552 1596 4619 λέγε,
1638 4554 1720 4626 ὅτι
1768 4556 1878 4608 Καὶ
1910 4556 2070 4627 ἡμεῖς

491 4635 823 4708 ἠκούσαμεν,
849 4638 930 4692 δτι
962 4639 1166 4711 σφόδρα
1193 4641 1429 4712 ἤλγησεν
1459 4643 1552 4696 ἐπὶ
1583 4647 1695 4709 τοῖς
1735 4646 2068 4717 γενομένοις,

490 4729 584 4786 καὶ
607 4728 689 4781 ὅτι
719 4727 932 4800 ἕτοιμος
959 4725 1027 4801 ἦν
1056 4731 1233 4784 πάντα
1265 4732 1460 4786 παθεῖν
1486 4735 1626 4806 ὑπὲρ
1651 4735 1746 4789 τοῦ
1775 4737 2069 4809 διορθῶσαι

488 4825 665 4880 πάντα
692 4825 762 4879 τά
791 4826 974 4890 κακῶς
994 4826 1351 4898 τολμηθέντα.
1377 4828 1450 4882 Τὸ
1478 4830 1639 4900 σῶμα
1663 4833 1797 4902 ἡμῖν
1822 4835 1882 4885 ἐν
1908 4834 2069 4906 ὐγείξι

488 4915 681 4987 πολλῇ,
715 4917 812 4970 καὶ
844 4919 911 4969 τά
950 4916 1178 4987 λείψανα
1220 4919 1317 4988 τῆς
1362 4920 1672 4991 ἀρρωστίας
1710 4921 2063 4994 ἀπεθέμεθα·

485 5007 613 5059 ὅταν
655 5006 712 5059 δὲ
757 5007 1122 5078 ἐννοήσωμεν,
1165 5010 1246 5062 ὃτι
1306 5011 1387 5063 σοὶ
1443 5012 1537 5063 καὶ
1589 5012 1747 5066 τοῦτο
1793 5015 2066 5086 φροντίςδ

486 5100 655 5162 ἐστιν,
701 5099 762 5152 οὐ
805 5101 975 5170 μικρὰ
1025 5103 1118 5154 καὶ
1166 5104 1328 5157 τοῦτο
1379 5105 1565 5173 ὑγείας
1622 5109 1758 5177 ἡμῖν
1808 5107 2066 5174 ὑπόθεσις

486 5189 715 5257 γίνεται,
745 5193 828 5244 ὅτι
878 5192 1020 5246 οὕτω
1056 5193 1282 5266 σφοδρὸν
1314 5195 1508 5266 ἔχομεν
1537 5199 1792 5270 ἐραστήν.
1834 5200 1891 5254 'U
1933 5204 2064 5267 Θεός

487 5299 568 5334 σοι
597 5281 694 5352 τῆς
731 5283 986 5354 τοιαύτης
1027 5286 1286 5356 σπουδῆς,
1324 5287 1423 5357 τῆς
1462 5289 1715 5360 ἀγάπης,
1750 5290 1845 5344 τοῦ
1874 5291 2061 5364 ζήλου,

483 5375 583 5443 τῆς
615 5375 920 5446 ἀγρυπνίας
948 5377 1024 5448 δῷ
1057 5377 1148 5431 τὸν
1177 5377 1388 5449 μισθὸν,
1426 5382 1530 5434 κάν
1561 5382 1638 5453 τῷ
1675 5381 1909 5455 παρόντι
1940 5386 2060 5458 βίῳ,

485 5467 588 5520 κάν
631 5465 710 5537 τῷ
747 5467 992 5537 μέλλοντι
1031 5469 1212 5538 αίῶνι,
1257 5471 1349 5524 καὶ
1380 5475 1662 5543 τειχίσειε,
1691 5476 1786 5529 καὶ
1822 5480 2063 5551 φρουρή-

485 5575 617 5612 cus.
649 5560 743 5612 καὶ
780 5559 1159 5629 ἀσφαλίσαιτο,
1209 5564 1305 5617 καὶ
1354 5565 1705 5631 καταξιώσειε
1744 5568 1853 5624 τῶν
1890 5571 2060 5644 ἀπορ-

544 5724 573 5801 ?
595 5724 844 5801 ἔρειο-ωδε,
873 5731 1015 5790 μηδὲν
1032 5731 1210 5801 τούτων
1231 5737 1426 5799 κινήσῃς
1446 5738 1558 5801 πρὸς
1580 5739 1762 5797 αὐτούς.

545 5793 574 5829 ιι
593 5785 739 5840 00181.
766 5785 935 5843 τούτω
958 5795 1155 5860 φροντίς.

1190 337 1249 394 8.
1294 319 1581 399 JOANNIS
1616 340 2106 400 CHRYSUSTOMI
2144 340 2464 398 AIKCHIEP.
2507 343 3048 404 CONSTANTINOP.

3685 333 3794 391 726

2209 452 2391 520 ρήτων
2423 451 2647 505 ἐκείνων
2688 447 2926 518 ἀγαθῶν.
2961 446 3088 518 Δοίη
3129 447 3186 501 δὲ
3233 446 3325 499 καὶ
3359 446 3494 516 ἡμῖν
3521 443 3733 516 ταχέως
3761 453 3790 487 ο

2212 545 2339 597 ίδεῖν
2377 560 2472 597 σου
2507 542 2570 595 τὸ
2597 541 2844 595 ποθεινδν
2870 539 3183 611 πρόσωπον,
3215 535 3521 592 ἀπολαῦσαί
3555 552 3652 589 σου
3691 538 3792 606 τῆς

2207 634 2467 700 γλυκείας
2505 632 2703 703 ψυχῆς,
2747 631 2839 684 καὶ⁵
2873 631 2974 702 τὴν
3014 628 3306 698 καλλίστην
3348 626 3551 697 ταύτην
3594 627 3796 698 ἑορτὴν

2204 726 2454 794 ἀγαγεῖν.
2500 719 2674 778 Οἶσθα
2705 721 2815 794 γάρ
2857 723 2939 776 ὃτι
2989 721 3084 774 καὶ
3127 719 3289 791 ἐορτὴ
3331 721 3464 790 ἡμῖν
3510 717 3606 772 καὶ
3651 734 3794 773 παν-

2207 817 2404 885 ήγυρις
2450 814 2510 867 τὸ
2563 812 2968 882 καταξιωθῆναι
3011 812 3112 882 τῆς
3155 811 3378 883 ήδίστης
3428 812 3523 864 καὶ
3578 807 3797 863 πολλῶν

2204 907 2428 975 ἀγαθῶν
2473 905 2748 977 γεμούσης
2786 903 3074 970 συνουσίας
3107 921 3225 970 σου,
3270 904 3366 958 καὶ
3409 903 3615 972 ταύτης
3662 904 3795 958 ἀπο-

2203 999 2397 1061 λαῦσαι
2433 999 2624 1055 πάλιν.

2569 1147 2702 1200 ΣΕ.
2753 1144 3064 1208 Ἀνατολίῳ
3095 1141 3417 1212 ἐπαρχικῷ.

2285 1289 2412 1360 Ὀψέ
2447 1289 2547 1362 μὲν
2573 1288 2871 1343 ἐπιστέλλω
2898 1289 2992 1341 καὶ
3023 1287 3230 1360 βραχέα
3251 1287 3302 1351 ἆ,
3342 1287 3544 1359 μᾶλλον
3569 1287 3630 1340 δέ
3661 1287 3798 1360 βρα-

2208 1381 2362 1446 δέως,
2387 1381 2526 1454 πρὸς
2549 1382 2650 1452 τὴν
2681 1382 2780 1452 σὴν
2807 1381 3093 1449 εὐγένειαν
3112 1397 3125 1410 ·
3151 1379 3291 1450 πλὴν
3317 1379 3432 1434 ἀλλ’
3454 1379 3516 1433 ού
3544 1379 3792 1451 ῥᾳθυμία

2200 1475 2299 1546 τὴν
2329 1475 2486 1546 σιγὴν
2530 1475 2841 1546 εἰργάσατο,
2889 1471 3004 1527 ἀλλ’
3041 1471 3322 1545 ἀρρωστία
3353 1472 3569 1542 μακρά·
3611 1471 3686 1535 ὡς
3718 1474 3788 1543 τῇ

2201 1585 2264 1637 γε
2297 1568 2489 1640 ἀγάπῃ
2518 1567 2781 1639 διηνεκῶς
2803 1565 3180 1637 συνδεδέμεθαο
3212 1563 3278 1619 τδ
3309 1563 3532 1635 γνήσιόν
3559 1580 3654 1616 σου
3682 1564 3785 1635 τῆς

2200 1660 2422 1729 ἀγάπης
2446 1659 2663 1723 εἰδότες,
2693 1659 2754 1712 τὸ
2784 1658 3087 1728 ἐλευθέριον
3112 1657 3212 1728 τῆς
3243 1654 3491 1728 γνώμης,
3520 1655 3582 1710 τὸ
3601 1655 3790 1712 ίάπλα-

2201 1765 2324 1802 στον
2377 1749 2471 1802 καὶ
2525 1748 2832 1820 είλικρινές.
2889 1747 2998 1801 Καὶ
3052 1748 3156 1800 οὐκ
3214 1745 3573 1815 ἐπαυσάμεθα
3643 1744 3789 1817 πρὸς

2200 1837 2443 1900 ἅπαντας
2486 1836 2952 1907 ἀνακηρύττοντες
2981 1835 3080 1906 τὴν
3129 1833 3389 1898 διάθεσιν,
3419 1828 3489 1904 ἧς
3541 1831 3788 1904 conﬂi»;

2198 1924 2593 1996 ἀπηλαύσαμεν
2615 1923 2768 1993 παρά
2794 1923 2894 1992 τῆς
2923 1923 3022 1994 σῆς
3051 1919 3348 1990 εὐγενείας,
3377 1921 3496 1990 οὐχὶ
3517 1919 3789 1991 παρόντες

2202 2017 2382 2088 μόνον,
2415 2014 2551 2069 ἀλλά
2577 2015 2671 2068 καὶ
2708 2013 2968 2077 ἀπόντεςο
3008 2013 3067 2066 οὐ
3109 2011 3218 2084 γάρ
3265 2009 3406 2083 μετά
3443 2011 3540 2082 τὴν
3579 2011 3790 2082 ἀποδη-

2202 2101 2329 2177 μίὰν
2360 2104 2548 2159 ἐλαθεν
2587 2106 2755 2176 ήμᾰς,
2793 2104 2894 2178 ὅσα
2938 2103 3030 2156 καὶ
3062 2103 3236 2156 ποιεῖν
3284 2101 3380 2155 καὶ
3422 2101 3603 2169 λέγειν
3640 2100 3785 2172 ὑπὲρ

2199 2197 2354 2268 ήμῶν
2387 2194 2748 2258 ἐσπούδακας.
2786 2194 2845 2248 '0
2880 2193 3012 2257 Θεός
3046 2211 3128 2247 σοι
3158 2190 3272 2263 δῴη
3312 2191 3405 2244 τὸν
3447 2189 3640 2262 μισθὸν
3683 2190 3788 2261 τῆς

2199 2287 2655 2361 [715].τοιαύτης
2699 2286 2954 2354 σπουδῆς,
3001 2286 3095 2339 καὶ
3139 2281 3399 2348 ἐνταῦθα,
3451 2284 3548 2337 καὶ⁵
3589 2285 3650 2337 ἐν
3703 2280 3785 2354 τῷ

2200 2379 2446 2450 μέλλοντι
2493 2378 2668 2434 αίῶνι.
2705 2379 2823 2431 Ἵνα
2867 2376 2924 2430 δὲ
2972 2375 3066 2430 καὶ
3115 2375 3360 2439 πλείονος
3413 2373 3785 2444 ἀπολαύωμεν

2197 2470 2389 2541 ἡδονῆς
2405 2488 2425 2534 ,·
2473 2469 2548 2541 μὴ
2591 2469 2892 2541 γράφοντες
2934 2468 3115 2540 μόνον,
3159 2466 3296 2521 ἀλλά
3337 2465 3433 2520 καὶ
3477 2465 3785 2537 γράμματα

2193 2561 2469 2632 δεχόμενοι
2502 2561 2654 2632 παρὰ
2697 2561 2798 2631 τῆς
2830 2558 3120 2631 ἐμμελείας
3166 2558 3267 2630 τῆς
3301 2558 3399 2629 σῆς
3419 2597 3432 2622 ,
3481 2556 3786 2612 ἐπιστεῖλαι

2193 2652 2325 2723 ⁴ἡμῖν
2359 2652 2763 2724 παρακλήθητι,
2797 2653 2924 2724 περὶ
2957 2651 3056 2722 τῆς
3081 2650 3271 2719 ὐγείας
3293 2649 3390 2720 τῆς
3426 2651 3526 2717 σῆς
3548 2648 3786 2717 εὐαγγε-

2193 2742 2493 2815 λιζόμενος,
2532 2744 2621 2797 ἵνα
2653 2744 2747 2798 καὶ
2776 2746 2833 2798 ἐν
2869 2745 2935 2815 τῇ
2963 2740 3169 2814 ἐρημίᾳ
3205 2740 3382 2814 ταύτῃ
3421 2737 3784 2811 καθεζόμενοι

2195 2834 2395 2905 πολλὴν
2451 2833 2873 2907 καρπωσώμεθα
2931 2833 3029 2906 τήν
3099 2833 3466 2904 παράκλησιν.
3512 2831 3612 2886 “Av
3669 2831 3782 2905 γάρ

2192 2923 2472 2998 δεξώμεθα
2502 2925 2790 2998 ἐπιστολὴν
2825 2925 2924 2997 τῆς
2964 2925 3184 2997 ἀγάπης
3215 2941 3332 2989 σου,
3382 2922 3452 2977 τά
3498 2923 3630 2996 περὶ
3679 2923 3784 2994 τῆς

2193 3017 2412 3090 ρώσεως
2452 3019 2583 3090 ἡμῖν
2626 3017 3074 3087 ἀπαγγέλλουσαν
3113 3018 3215 3088 τῆς
3251 3017 3376 3086 σῆς,
3419 3017 3514 3071 καὶ
3545 3015 3656 3070 τῶν
3694 3017 3782 3070 σοι

2191 3109 2578 3180 προσηκόντων
2612 3108 2888 3172 ἀπάντων,
2915 3107 3139 3180 πολλὴν,
3168 3109 3263 3162 καὶ
3291 3110 3350 3161 ἐν
3382 3107 3643 3181 ἀλλοτρίᾳ
3665 3108 3782 3163 δια-

2189 3201 2466 3274 τρίϐοντες
2493 3205 2586 3275 γῇ,
2612 3201 2880 3275 δεξόμεθα
2910 3201 3278 3274 παράκλησιν.

2584 3359 2720 3415 ΣΦ.
2761 3355 3071 3422 Θεοδούλῳ
3097 3356 3376 3425 διακόνῳ.

2258 3517 2320 3569 El
2355 3515 2447 3568 ml
2488 3515 2723 3586 χαλεπὸς
2750 3518 2780 3569 ὁ
2808 3512 3036 3585 χειμὼν,
3081 3513 3175 3568 καὶ
3205 3514 3342 3586 πρὸς
3375 3513 3508 3583 ὕψος
3543 3515 3781 3588 ἐγήγερ-

2185 3624 2276 3660 ται
2321 3606 2482 3676 μέγα,
2520 3606 2615 3659 καὶ
2651 3605 2702 3658 οί
2736 3603 3048 3675 βουλόμενοι
3091 3604 3451 3674 λυμαίνεσθαι
3490 3607 3611 3668 ταῖς
3653 3605 3780 3660 Ἐκ-

2186 3697 2436 3767 κλησίαις
2461 3699 2581 3760 ταῖς
2615 3707 2638 3734 ο
2666 3699 2746 3760 είς
2775 3695 3000 3750 Γοτθίαν
3045 3696 3247 3767 πολλὴν
3291 3695 3574 3751 ποιοῦνται
3605 3712 3779 3751 σπου-

2183 3789 2300 3859 δὴν,
2344 3787 2617 3858 πανταχοῦ
2653 3789 3089 3860 περιτρέχοντες,
3134 3788 3249 3843 ἀλλ’
3275 3789 3436 3859 ὑμεῖς
3469 3789 3544 3859 μὴ
3595 3789 3776 3844 διαλί-

2184 3898 2324 3952 πητε
2366 3880 2436 3934 τὰ
2465 3881 2598 3951 παρ’
2627 3879 2835 3934 ἑαυτῶν
2873 3881 3240 3952 εἰσφέροντες.
3274 3879 3394 3934 Κάν
3446 3879 3557 3951 γὰρ
3599 3875 3775 3953 μηδὲν

2182 3972 2417 4044 ἀνύσητε
2451 3972 2634 4038 πλέον,
2679 3974 2818 4043 ὅπερ
2860 3973 2959 4044 οὐχ
2996 3972 3259 4044 ήγοῦμαι,
3307 3972 3425 4026 ἀλλ’
3473 3973 3624 4043 ὅμως
3669 3973 3777 4044 τῆς

2181 4064 2444 4134 γνώμης,
2493 4065 2586 4117 καὶ
2641 4064 2741 4134 τῆς
2793 4063 3101 4135 προθέσεως
3140 4062 3551 4136 ἀπηρτισμένον
3612 4063 3774 4135 έχετε

2181 4157 2334 4228 παρὰ
2373 4155 2466 4210 τοῦ
2499 4155 2882 4227 φιλανθρώπου
2925 4156 3058 4209 Θεοῦ
3089 4157 3180 4210 τὸν
3221 4155 3432 4226 μισθόν.
3464 4155 3557 4228 Μὴ
3585 4156 3773 4211 τοίνυν

2180 4249 2385 4322 κάμῃς,
2411 4248 2683 4319 ἀγαπητέ,
2715 4248 3050 4314 σπουδάζων,
3093 4236 3401 4320 μεριμνῶν,
3438 4249 3768 4320 φροντίζων,

2181 4341 2274 4392 καὶ
2305 4340 2393 4394 διὰ
2429 4340 2650 4406 σαυτοῦ,
2695 4341 2788 4394 καὶ
2833 4339 2902 4393 δι’
2943 4341 3163 4412 ἐτέρων,
3206 4333 3283 4396 ῶν
3315 4341 3383 4395 ἀν
3427 4335 3540 4394 οἷόν
3587 4358 3648 4395 τε
3691 4338 3770 4417 ᾗ,

2179 4424 2321 4478 ὥστε
2355 4424 2430 4497 μὴ
2451 4425 2704 4495 γενέσθαι
2728 4427 2972 4500 ταραχάς
2998 4429 3184 4483 αὐτόθι
3213 4430 3306 4483 καὶ
3334 4429 3618 4502 θορύϐους.
3649 4432 3772 4502 Πρὸ

2176 4517 2234 4570 δέ
2277 4517 2496 4572 πάντων
2524 4504 2766 4590 εὐχέσθε,
2809 4521 2903 4574 καὶ
2933 4521 3009 4592 μὴ
3054 4521 3338 4593 διαλίπητε
3371 4524 3608 4588 ἐκτενῶς
3647 4524 3771 4579 δεό-

2182 4629 2333 4682 μενοι
2376 4611 2472 4664 τοῦ
2519 4611 2899 4684 φιλανθρώπου
2945 4613 3102 4680 Θεοῦ,
3138 4618 3234 4668 καὶ
3269 4616 3409 4686 μετά
3449 4617 3548 4687 τῆς
3591 4633 3771 4689 προσ-

2178 4703 2420 4775 ηκούσης
2455 4704 2708 4776 σπουδῆς,
2745 4706 2834 4760 ἵνα
2871 4705 3008 4778 λύσῃ
3036 4707 3105 4761 τά
3141 4708 3439 4780 κατέχοντα
3463 4709 3561 4762 νῦν
3589 4709 3765 4775 κακά,

2178 4798 2274 4850 καὶ
2319 4796 2519 4868 πολλὴν
2564 4797 2821 4872 παράσχῃ
2850 4797 2946 4853 καὶ
2976 4798 3198 4869 βαθεῖαν
3234 4802 3301 4872 τῇ
3341 4800 3640 4872 Ἐκκλησία
3682 4802 3769 4854 εί-

2178 4890 2370 4961 ρήνην.
2393 4890 2544 4953 Τέως
2571 4890 2773 4960 μέντοι,
2799 4892 2936 4964 ὅπερ
2961 4893 3055 4945 καὶ
3085 4891 3395 4964 ἔμπροσθεν
3424 4893 3762 4963 ἐπέσταλκα,

2177 4981 2354 5036 πάντα
2407 4981 2692 5052 ποιήσατε,
2731 4983 2872 5036 ὥστε
2916 4983 3182 5056 ἀναϐολήν
3217 5001 3340 5038 τινα
3385 4984 3637 5053 γενέσθαι
3680 4986 3768 5059 τῷ

2173 5072 2484 5143 πράγματι,
2517 5073 2611 5126 καὶ
2649 5073 2829 5145 γράφε
2869 5076 3000 5146 ήμίν
3028 5075 3288 5146 συνεχῶς,
3320 5074 3425 5140 ἕως
3454 5074 3522 5130 ἂν
3562 5070 3629 5152 ᾗς
3661 5078 3767 5132 αύε

2173 5165 2310 5221 τόθι.

2173 5280 2301 5334 ΣΖ’.
2341 5281 2466 5347 Τοῖς
2496 5281 2821 5350 μονάζουσι
2859 5284 3108 5368 Γᾴτθοις
3148 5284 3274 5349 τοῖς
3322 5285 3392 5339 ἐν
3433 5281 3556 5348 τοῖς
3604 5287 3759 5354 Προ-

2848 5371 3069 5424 μωτου.

2247 5464 2461 5532 Ἐγνων
2501 5465 2596 5519 καὶ
2634 5466 2741 5537 πρὸ
2778 5466 2885 5521 τῶν
2929 5468 3272 5539 γραμμάτων
3313 5469 3423 5525 τῶν
3470 5472 3754 5545 ὑμετέρων

2235 5686 2256 5748 ’ξ
2281 5682 2480 5748 ςοίειίη.
2504 5688 2559 5748 οι
2582 5683 2768 5748 Fabric.
2795 5687 2875 5734 καὶ
2898 5690 3025 5748 ἡμᾶς
3044 5690 3243 5748 ταχέως.

2231 5741 2259 5783 d
2283 5743 2432 5818 νᾶμα..
2459 5750 2514 5793 εί,
2533 5743 2681 5795 Savil.
2720 5746 2838 5810 Ὀψέ
2853 5741 2944 5859 in;
2971 5741 3234 5799 επιστῖλλω
3255 5753 3335 5799 καὶ

2235 5808 2257 5836 ⁸
2281 5805 2477 5858 (Ξυιειω.
2505 5807 2804 5869 λυμαίνεσθαι
2824 5825 2852 5859 τ
2886 5829 2906 5866 ς
2927 5811 3180 5872 ἐκκλησίας
3198 5812 3295 5870 τάς.
