4076 6430
297 449 394 506 sed
437 436 549 521 pr:
591 448 762 505 nimio
801 446 999 521 gaudio
1040 461 1106 506 ac
1150 446 1336 505 laetitia
1358 453 1635 519 gestiens,
1677 451 1735 502 et
1774 442 1910 527 inci-

301 548 466 598 tatus.
496 540 693 599 Multos
717 541 862 597 enim
902 555 1122 606 eorum.
1156 541 1247 612 qui
1291 539 1415 596 istic
1453 546 1616 605 sunt,
1647 545 1802 608 potes
1825 536 1912 594 vel

297 629 414 688 sola
460 634 745 704 praesentia
788 643 878 689 tua
924 633 1206 690 meliorem
1251 632 1321 689 ad
1367 631 1576 703 frugem
1607 629 1909 695 traducere,

301 728 556 796 limare,
605 727 872 782 instruere
897 767 915 795 ,
967 727 1340 783 corroborare.
1404 724 1540 781 Novi
1595 739 1696 795 ego
1748 737 1913 795 quam

302 833 431 874 acer
458 817 689 874 bellator
728 819 827 883 sis,
851 817 976 872 novi
1002 833 1164 887 quam
1203 817 1368 873 multa
1397 823 1546 887 gesta
1573 814 1685 870 sint
1722 813 1842 869 istic
1883 827 1914 867 a

302 920 356 967 te
380 909 643 982 prmelara
663 907 922 976 facinora,
942 909 1064 964 novi
1091 909 1289 974 zelum,
1315 906 1670 980 vigilantiam,
1697 919 1911 971 cursus,

301 1006 498 1060 anima:
525 1003 786 1070 laborem,
815 1001 1087 1069 fiduciam,
1135 1003 1462 1068 libertatem,
1494 1016 1599 1071 qua
1644 998 1914 1071 episeOpis

304 1097 568 1163 restitisti,
600 1111 724 1151 cum
773 1103 984 1166 tempus
1011 1095 1065 1150 id
1092 1095 1430 1164 requireret,
1460 1093 1674 1148 tametsi
1699 1106 1825 1148 cum
1850 1105 1914 1147 ra

306 1205 406 1259 qua
436 1188 618 1245 decuit
643 1186 1028 1243 moderatione.
1075 1189 1154 1242 Ac
1177 1185 1461 1242 laudabam
1499 1195 1560 1241 te
1588 1184 1804 1256 quidem
1845 1183 1916 1239 ob

303 1283 420 1340 lucc
451 1291 594 1338 tanta
624 1291 798 1353 gesta,
817 1281 988 1337 multo
1019 1296 1148 1336 vero
1169 1280 1402 1350 amplius
1429 1295 1593 1345 nunc,
1616 1291 1763 1345 cum,
1791 1275 1918 1332 licet

304 1390 467 1433 nemo
482 1375 677 1431 isticte
704 1374 943 1445 adjuvet,
997 1372 1093 1429 sed
1122 1372 1212 1426 alii
1249 1370 1518 1443 fugerint,
1563 1370 1655 1424 alii
1695 1368 1918 1438 relegati

302 1472 434 1540 sint,
461 1471 554 1525 alii
592 1483 713 1526 sese
737 1468 1064 1536 abdiderint,
1096 1477 1154 1523 tu
1184 1468 1238 1523 in
1279 1468 1396 1523 acie
1422 1467 1572 1522 solus
1596 1473 1734 1530 stes,
1764 1464 1916 1534 ejus-

303 1577 412 1636 que
432 1563 669 1619 frontem
695 1577 880 1630 ornes,
913 1577 1012 1618 nec
1037 1562 1208 1617 ullum
1224 1560 1431 1617 ordinis
1457 1560 1792 1616 desertorem
1822 1556 1920 1613 fie-

303 1657 352 1713 ri
364 1657 533 1725 sinas,
563 1655 658 1711 sed
673 1669 770 1710 eos
785 1655 946 1709 etiam
966 1652 1058 1724 qui
1076 1652 1510 1709 adversariorum
1523 1659 1706 1721 partes
1723 1663 1920 1720 seque-

301 1748 521 1813 bantur,
552 1747 789 1819 quotidie
812 1746 880 1801 ad
910 1755 1028 1801 tuas
1054 1747 1188 1800 mira
1211 1744 1476 1800 suavitate
1507 1742 1778 1798 traducas.
1808 1739 1915 1796 Ne-

302 1858 410 1914 que
431 1852 486 1898 te
515 1853 732 1912 prepter
761 1842 877 1897 haec
907 1839 1072 1896 laudo
1100 1849 1329 1907 tantum,
1371 1839 1467 1894 sed
1495 1839 1662 1894 etiam
1689 1837 1832 1909 quod
1864 1837 1917 1892 in

305 1951 414 1990 uno
443 1934 770 1990 constitutus
806 1935 949 2000 loco,
982 1933 1216 1989 universi
1248 1941 1520 1990 terrarum
1557 1932 1708 1987 orbis
1733 1945 1917 1985 curam

305 2042 484 2098 geras,
506 2027 824 2093 Palaestinae,
849 2025 1158 2091 Phoenicim,
1186 2025 1387 2081 Ciliciae
1410 2024 1772 2096 negmiorum,
1798 2039 1921 2094 quae

307 2119 648 2189 potissimum
687 2133 878 2173 curare
903 2116 1091 2172 debes.
1123 2116 1257 2171 Nam
1288 2116 1561 2189 Palmstitii
1591 2115 1808 2186 quidem
1856 2130 1922 2171 ac

308 2210 614 2278 thnices,
648 2220 706 2265 ut
726 2210 894 2280 probe
924 2210 1071 2276 novi,
1095 2209 1369 2263 hominem
1391 2209 1541 2264 illum
1567 2206 1635 2262 ab
1662 2207 1921 2264 adversa-

308 2303 404 2358 riis
431 2305 658 2358 missum
685 2317 794 2358 non
824 2301 1187 2366 admiserunt;
1217 2301 1472 2372 IEgensis
1504 2312 1683 2356 autem
1711 2310 1767 2357 et
1786 2301 1921 2355 'l'ar-

307 2396 485 2450 sensis
519 2409 549 2448 a
579 2393 824 2466 partibus
852 2393 1063 2449 illorum
1095 2402 1261 2460 stant,
1291 2401 1353 2448 ut
1379 2393 1581 2460 audivi,
1627 2399 1685 2448 et
1736 2392 1922 2447 admo-

311 2489 725 2559 nuitquemdam
743 2505 809 2544 ex
838 2489 1027 2543 amicis
1044 2488 1246 2544 nostris
1271 2488 1680 2544 Castabalorum
1704 2488 1780 2560 (a)
1807 2489 1924 2558 epi-

308 2596 507 2652 scopus
531 2623 548 2648 ,
579 2581 723 2652 ipsos
745 2596 776 2635 a
796 2580 1403 2651 Constantinopolitanis
1424 2583 1542 2651 cogi
1572 2581 1787 2656 illorum
1817 2580 1923 2634 ini-

311 2675 502 2745 quitati
527 2674 803 2741 assentiri,
834 2674 928 2730 sed
953 2675 1167 2729 interim
1191 2683 1370 2729 tamen
1393 2674 1670 2729 resistere.
1699 2671 1919 2728 Multam

312 2768 473 2839 igitur
501 2767 760 2823 adhibeas
811 2767 1230 2822 sollicitudinem
1292 2773 1532 2836 oportet,
1593 2765 1922 2836 vigilantiam

313 2861 561 2926 multam,
591 2871 650 2916 ut
676 2861 800 2917 huic
838 2876 1053 2932 quoque
1083 2861 1221 2931 parti
1252 2859 1552 2916 remedium
1582 2858 1774 2914 afferas
1797 2900 1813 2927 ,
1870 2867 1927 2915 et

314 2954 382 3010 ad
411 2954 795 3009 consobrinum
837 2964 1008 3020 tuum,
1043 2954 1320 3009 dominum
1365 2968 1545 3009 meum
1576 2951 1923 3008 Theodorum

313 3052 626 3118 episcopum
669 3046 894 3102 scribas.
952 3046 1083 3116 Qua:
1135 3045 1202 3101 ad
1248 3045 1591 3103 Pharetrium
1634 3053 1921 3115 spectant,

315 3137 538 3192 molesta
563 3137 717 3193 valde
745 3145 873 3194 sunt
913 3148 968 3193 et
1006 3138 1176 3192 tristia
1217 3147 1640 3193 :verumtamen.
1662 3152 1784 3192 cum
1806 3137 1924 3207 ejus

314 3229 615 3301 presbyteri
638 3245 812 3300 neque
832 3230 1212 3289 commercium
1241 3239 1297 3284 et
1329 3228 1774 3285 consuetudinem
1801 3243 1924 3284 cum

315 3323 641 3381 adversariis
658 3325 963 3392 habuerint,
993 3336 1050 3381 ut
1075 3327 1176 3395 ais,
1199 3341 1374 3396 neque
1404 3343 1524 3383 cum
1551 3327 1656 3382 illis
1681 3343 1927 3383 commu-

317 3416 501 3473 nicare
527 3420 833 3485 statuerint,
856 3419 974 3485 sed,
1008 3427 1066 3474 ut
1085 3418 1291 3483 dicunt,
1327 3419 1502 3475 adhuc
1532 3427 1677 3476 stent
1696 3434 1726 3475 a
1753 3421 1926 3492 parti-

319 3509 419 3565 bus
442 3510 661 3573 nostris,
684 3508 820 3565 nihil
848 3510 1042 3565 horum
1070 3525 1190 3566 cum
1216 3511 1324 3566 illis
1339 3512 1706 3567 communices
1732 3528 1930 3583 :quan-

318 3602 606 3674 doquidem
637 3619 758 3674 qum
806 3603 860 3658 in
898 3618 996 3657 nos
1030 3605 1303 3659 commisit
1345 3605 1680 3672 Pharetrius,
1722 3607 1924 3663 nullam

319 3695 541 3750 omnino
571 3696 784 3752 veniam
815 3705 1114 3750 merentur.
1146 3694 1337 3751 Clerus
1366 3706 1513 3752 certe
1539 3697 1710 3768 ipsius
1748 3700 1928 3755 omnis

320 3798 376 3843 et
394 3802 537 3859 :rgre
565 3786 794 3854 ferebat,
816 3797 872 3843 et
901 3789 1167 3858 gemebat,
1199 3804 1262 3845 ac
1293 3799 1435 3845 totus
1483 3792 1536 3846 in
1561 3801 1774 3849 nostras
1805 3809 1932 3865 par-

321 3889 404 3936 tes
432 3880 613 3935 animo
643 3881 927 3936 transibat.
958 3881 1065 3936 Sed
1097 3897 1165 3937 ne
1195 3881 1332 3937 forte
1371 3882 1427 3938 in
1461 3898 1623 3940 causa
1649 3885 1839 3952 simus,
1872 3896 1930 3942 ut

321 3973 375 4029 hi
407 3974 668 4042 rcsiliant,
699 3982 755 4030 et
781 3975 1083 4044 asperiores
1112 3974 1427 4043 reddantur,
1489 3977 1578 4033 ubi
1620 3987 1815 4033 cuncta
1863 3994 1930 4034 ex

321 4067 558 4139 praefecti
587 4068 844 4125 militibus
869 4071 1206 4140 cegnoveris,
1237 4086 1298 4126 ea
1331 4070 1474 4142 apud
1509 4079 1562 4128 te
1585 4072 1834 4139 contine,
1866 4087 1931 4128 ac

321 4160 729 4229 perhumaniter
752 4160 874 4217 illos
897 4169 1100 4227 tracta;
1135 4163 1256 4217 novi
1285 4165 1482 4235 quippe
1499 4181 1660 4236 quam
1691 4165 1930 4237 prudens

320 4253 396 4308 sis
425 4268 488 4308 ac
508 4253 764 4323 providus
783 4295 797 4320 ,
830 4255 986 4323 eique
1006 4255 1271 4326 signica,
1301 4271 1398 4311 nos
1423 4272 1638 4327 quoque
1659 4258 1932 4316 audivisse

323 4347 551 4402 multum
595 4346 768 4417 ipsum
801 4347 865 4402 iis
889 4363 1014 4418 quae
1040 4349 1382 4419 contigerant
1411 4349 1727 4417 indoluisse,
1747 4365 1808 4406 ac
1837 4367 1931 4420 pa-

324 4445 500 4493 ratum
536 4437 700 4494 fuisse
725 4439 938 4509 quidvis
967 4441 1100 4509 pati,
1146 4451 1202 4496 ut
1231 4441 1411 4495 omnia
1439 4441 1528 4496 illa
1573 4459 1693 4513 qua:
1725 4443 1932 4500 nefarie

322 4539 449 4586 sunt
471 4539 676 4599 patrata
700 4530 1051 4609 sarcirentur.
1091 4532 1258 4589 Nobis
1299 4549 1494 4604 corpus
1537 4535 1740 4604 optime
1768 4537 1929 4602 valet,

326 4638 391 4678 ac
416 4624 672 4695 reliquias
694 4625 872 4681 morbi
900 4623 1204 4696 depulimus
1227 4643 1240 4679 :
1267 4643 1388 4682 cum
1412 4644 1540 4684 vero
1559 4630 1651 4685 tibi
1677 4630 1778 4685 hoc
1799 4646 1932 4702 quo-

326 4732 432 4790 que
459 4733 605 4773 cura:
629 4733 754 4774 esse
781 4720 1102 4789 cogitamus,
1130 4735 1240 4776 non
1268 4721 1594 4777 mediocrem
1638 4723 1804 4779 etiam
1829 4739 1933 4779 no-

328 4811 412 4867 bis
440 4812 777 4869 occasionem
806 4813 856 4868 id
880 4813 1037 4869 ailert
1056 4816 1321 4881 sanitatis,
1343 4815 1484 4887 quod
1509 4825 1616 4872 tam
1635 4815 1933 4874 vehemen-

328 4912 438 4960 tem
463 4915 758 4961 amatorem
782 4907 923 4962 nacti
941 4908 1130 4963 simus.
1174 4908 1314 4964 Deus
1341 4908 1434 4964 tibi
1459 4911 1587 4964 tanti
1615 4911 1800 4979 studii,
1837 4925 1931 4966 ca-

327 4997 523 5062 ritatis,
553 4999 677 5068 zeli,
699 4998 987 5071 vigilantiae
1013 5000 1335 5071 mercedem,
1385 5015 1508 5058 cum
1534 5002 1591 5058 in
1621 5002 1725 5059 hoc
1743 5043 1762 5070 ,
1820 5012 1931 5059 tttm

397 5133 468 5196 (a)
490 5132 618 5197 lleg.
633 5138 693 5197 et
708 5132 933 5197 Corsltn_.,
952 5133 1280 5197 Kao_'lu6a'.)to_)v
1294 5131 1726 5197 (Castabalorum);
1744 5133 1883 5186 Vatic
1908 5172 1923 5197 ,

679 5192 1088 5255 (),
1113 5200 1166 5242 et
1190 5194 1250 5242 ad
1280 5192 1551 5255 marginem

334 5257 646 5307 emendatur.
675 5253 890 5317 Fabric.,
924 5253 1207 5302 .
1235 5253 1433 5314 Morel),
1476 5257 1723 5304 .
1772 5261 1929 5317 Quam

334 5317 606 5386 lectionem
630 5315 986 5386 espunximus,
1017 5329 1116 5364 non
1142 5317 1286 5366 modo
1309 5319 1605 5386 auctoritate
1654 5319 1766 5366 Mss.
1791 5315 1928 5386 pene

337 5380 579 5441 omnium,
604 5380 693 5426 sed
718 5380 871 5426 etiam
895 5380 1008 5442 quia
1039 5391 1149 5425 cum
1176 5392 1289 5442 vera
1324 5380 1523 5442 historia
1562 5389 1811 5442 pugnaret
1836 5383 1930 5431 (ia-

423 5438 574 5512 orum
591 5444 897 5512 episcopum,
919 5438 1004 5512 qui
1034 5446 1152 5490 tunc
1176 5438 1482 5512 Severianus
1508 5438 1656 5512 erat:
1673 5441 1806 5491 inter
1831 5446 1932 5506 pri-

339 5503 600 5565 mipilares
623 5500 1289 5565 inimicorum'Chrysostomi
1317 5511 1434 5553 tunc
1455 5505 1670 5553 maxime
1696 5500 1933 5554 numera-

343 5563 440 5626 tus,
466 5570 588 5613 clam
611 5569 857 5630 monuisse
883 5564 1068 5614 amicos
1088 5563 1228 5615 illius
1252 5564 1344 5615 sibi
1366 5566 1464 5630 vim
1482 5566 1674 5630 inferri,
1703 5575 1756 5617 ut
1775 5567 1934 5630 gestis

341 5630 443 5676 illis
458 5633 631 5688 contra
659 5628 1061 5687 Chrysostomum
1087 5635 1353 5688 annueret,
1378 5628 1468 5676 sed
1489 5628 1731 5678 hactenus
1766 5628 1929 5680 tamen

345 5687 614 5752 restitisse.
642 5688 760 5752 lira:
777 5690 931 5752 igitur
956 5689 1033 5736 hic
1059 5687 1426 5752 Castabalorum
1451 5693 1714 5752 episcopus
1741 5689 1791 5739 in
1815 5692 1935 5742 Cili-

346 5749 559 5818 ciahqui
587 5748 739 5818 etiam
775 5748 861 5818 hic
883 5763 995 5798 cum
1017 5749 1128 5799 aliis
1169 5750 1354 5802 Cilicia
1395 5748 1660 5816 episcopis,
1701 5753 1937 5817 [Egarum

346 5811 548 5862 scilicet
571 5817 625 5861 et
647 5811 807 5874 Tarsi,
834 5818 1149 5863 recensetur.

1813 328 2204 394 EPISTOLE.

3528 328 3634 390 720

2030 445 2087 503 in
2108 444 2290 502 futuro
2311 443 2512 504 seculo
2535 444 2822 514 retribuat,
2844 451 3007 529 teqqe
3032 427 3261 512 muniat,
3289 453 3554 517 protegat,
3583 455 3639 502 et

2020 539 2310 608 custodiat,
2337 546 2506 612 atque
2529 553 2727 595 arcana
2755 539 2847 595 illa
2892 539 3034 596 bona
3067 537 3161 595 tibi
3193 537 3639 610 largiatur.Faxit

2021 648 2206 694 autem
2229 677 2250 705 ,
2280 645 2338 692 ut
2365 650 2468 692 nos
2514 646 2733 707 quoque
2756 634 3206 706 jucundissimam
3255 632 3451 689 faciem
3489 641 3636 689 tuam

2023 729 2655 806 intueriquamprimnm
2680 727 2976 799 possimus,
3006 725 3150 782 dulci
3176 725 3358 782 anima
3398 734 3488 782 tua
3537 739 3640 797 po-

2023 822 2135 888 tiri,
2164 837 2229 880 ac
2256 821 2681 894 pulcherrimum
2703 821 2808 877 hoc
2833 819 3045 878 festum
3060 835 3243 892 agere.
3275 820 3395 878 Non
3420 821 3564 878 enim

2023 915 2157 972 latet
2176 931 2279 986 pro
2307 914 2447 972 festo
2473 931 2541 972 ac
2571 915 2919 972 solemnitate
2945 929 3046 970 nos
3089 914 3312 980 habere,
3345 925 3405 971 ut
3427 915 3642 971 suavis-

2022 1008 2162 1063 sime
2195 1009 2490 1078 multisque
2526 1007 2684 1064 bonis
2712 1006 3038 1064 redundanti
3075 1021 3372 1078 congressu
3414 1015 3515 1063 tuo.
3552 1007 3642 1062 di-

2022 1113 2275 1171 gnemur,
2316 1111 2372 1156 et
2393 1116 2588 1156 rursus
2609 1100 2877 1157 fruamur.

2097 1191 2256 1248 CCV.
2287 1192 2526 1256 Anatolio
2565 1193 2917 1264 prcefectiano.
2949 1191 3194 1265 (Cucuoo
3231 1205 3375 1248 anno
3399 1188 3570 1262 405.)

2095 1287 2233 1345 Sero
2257 1286 2477 1359 quidem
2499 1296 2556 1343 et
2583 1303 2754 1360 pauca
2776 1286 2842 1342 ad
2873 1288 3207 1344 nobilitatem
3242 1295 3392 1342 tuam
3420 1285 3641 1342 scribo:

2024 1388 2402 1436 verumtamen
2431 1394 2538 1434 non
2586 1379 2935 1450 negligentia,
2991 1378 3086 1435 sed
3115 1378 3324 1450 prolixa
3378 1378 3643 1451 aegritudo

2027 1473 2272 1544 corporis
2294 1472 2495 1528 silentii
2527 1488 2744 1528 causam
2773 1472 2955 1528 attulit
2989 1489 3005 1528 :
3045 1471 3244 1543 alioqui
3269 1481 3531 1543 perpetuo
3555 1486 3648 1526 ca-

2026 1570 2185 1645 ritate
2214 1567 2448 1623 devincti
2475 1578 2652 1623 tecum
2679 1582 2891 1635 sumus,
2926 1575 3112 1636 utpote
3129 1565 3325 1637 quibus
3355 1575 3642 1638 perspecta

2025 1664 2098 1720 sit
2138 1663 2383 1719 caritatis
2411 1671 2516 1717 tum
2540 1661 2849 1728 sinceritas,
2877 1669 2935 1717 et
2963 1661 3303 1733 ingenuitas,
3332 1659 3539 1716 candor
3581 1674 3647 1716 ac

2029 1760 2235 1827 paritas
2255 1758 2422 1813 animi
2454 1759 2551 1813 tui.
2576 1758 2763 1831 Neque
2789 1759 3090 1816 desinimus
3117 1757 3261 1830 apud
3282 1773 3474 1814 omnes
3490 1771 3644 1812 amo-

2027 1866 2145 1906 rem
2174 1851 2496 1924 przedicare,
2539 1866 2702 1922 quem
2761 1867 2889 1924 erga
2931 1867 3032 1909 nos
3073 1853 3193 1907 sine
3244 1851 3651 1907 intermissione

2029 1957 2138 1999 non
2166 1951 2464 2013 praesentes
2489 1942 2687 2008 solum,
2724 1944 2818 1999 sed
2846 1943 3012 1999 etiam
3040 1943 3294 2000 absentes
3314 1958 3425 2015 pra
3449 1958 3509 1999 se
3533 1942 3653 1999 tulit

2030 2044 2119 2091 tua
2150 2035 2402 2091 nobilitas
2435 2052 2448 2090 :
2482 2051 2588 2091 non
2620 2036 2763 2092 enim
2793 2052 2890 2091 nos
2915 2037 3050 2109 fugit
3081 2047 3202 2108 post
3225 2038 3524 2095 discessum
3547 2052 3654 2094 no-

2029 2137 2225 2196 strum,
2254 2136 2452 2199 quanta
2485 2140 2668 2184 nostra
2691 2143 2850 2185 causa
2875 2130 3051 2186 facere
3067 2145 3130 2186 ac
3151 2131 3332 2189 dicere
3351 2131 3650 2188 studueris.

2033 2220 2175 2277 Deus
2211 2220 2303 2276 tibi
2324 2221 2456 2276 tanti
2479 2221 2643 2277 studii
2673 2223 3005 2291 mercedem,
3033 2239 3158 2280 cum
3208 2224 3261 2279 in
3295 2226 3418 2291 hoc,
3445 2232 3559 2279 tum
3592 2224 3645 2279 in

2030 2313 2213 2370 futuro
2236 2330 2354 2371 aevo
2383 2315 2670 2386 rependat.
2709 2316 3099 2373 Verumtamen
3133 2324 3194 2371 ut
3213 2315 3475 2386 majorem
3520 2315 3653 2371 hau-

2030 2407 2234 2465 riamus
2263 2408 2445 2464 animo
2469 2408 2823 2480 voluptatem,
2854 2425 2960 2466 non
2983 2409 3159 2466 solum
3179 2408 3308 2465 dum
3339 2408 3650 2478 scribimus,

2032 2502 2127 2558 sed
2159 2503 2322 2559 etiam
2348 2502 2478 2558 dum
2506 2503 2692 2559 literas
2717 2519 2748 2559 a
2804 2513 2893 2559 tua
2928 2505 3196 2560 suavitate
3223 2505 3417 2560 missas
3446 2504 3648 2575 accipi-

2033 2611 2177 2662 mus,
2217 2595 2379 2662 felici,
2409 2609 2613 2666 quaaso,
2643 2595 2713 2651 de
2742 2605 2830 2651 tua
2861 2595 3168 2652 valetudine
3199 2597 3388 2650 nuntio
3430 2610 3532 2652 nos
3552 2611 3652 2652 ex-

2032 2687 2227 2755 hilara,
2268 2697 2328 2742 ut
2373 2687 2536 2744 etiam
2585 2688 2637 2743 in
2666 2687 2766 2744 hac
2800 2688 3059 2760 degentes
3083 2689 3376 2745 solitudine
3424 2687 3649 2745 multam

2032 2782 2462 2839 consolationem
2497 2783 2876 2854 percipiamus.
2906 2783 2964 2840 Si
2989 2784 3137 2839 enim
3167 2792 3272 2838 tua:
3303 2783 3545 2840 caritatis
3565 2798 3654 2840 re-

2033 2877 2297 2947 cipiamus
2335 2875 2643 2946 epistolam,
2684 2891 2809 2946 qua:
2834 2875 2905 2933 de
2947 2885 3039 2932 tua
3065 2879 3296 2933 sanitate
3326 2884 3653 2948 tuorumque

2034 2969 2275 3024 omnium
2323 2968 2750 3040 prepinquorum
2778 2969 3040 3026 certiores
3068 2983 3170 3025 nos
3219 2969 3411 3035 faciat,
3445 2968 3653 3038 multo,

2035 3064 2195 3119 etiam
2227 3063 2354 3118 dum
2385 3064 2439 3118 in
2471 3073 2656 3120 extera
2686 3063 2905 3136 regione
2931 3079 3245 3131 versamur,
3291 3063 3486 3120 solatio
3530 3069 3654 3134 per-

2035 3155 2297 3210 fruemur.

2146 3311 2227 3368 CC
2239 3310 2336 3367 VI.
2393 3311 2661 3368 Theodqu
2690 3313 2927 3368 diacono.
2958 3309 3195 3384 (Cucuso
3219 3327 3365 3368 anno
3390 3309 3544 3382 404.)

2113 3447 2228 3503 Etsi
2259 3448 2438 3520 gravis
2459 3463 2602 3503 nunc
2624 3448 2820 3504 hiemis
2839 3447 3277 3519 srevitasperitas
3294 3484 3309 3513 ,
3333 3455 3389 3502 et
3411 3446 3479 3503 ad
3508 3461 3657 3503 sum-

2038 3555 2187 3595 mum
2217 3539 2487 3611 fastigium
2519 3548 2604 3594 est
2633 3549 2847 3606 evecta,
2883 3553 3060 3609 neque
3082 3540 3249 3594 ullum
3291 3546 3512 3595 cessant
3538 3553 3657 3595 mo-

2039 3647 2166 3687 vere
2197 3631 2454 3702 lapidem,
2504 3631 2594 3702 qui
2625 3630 2901 3688 Ecclesias
2929 3630 3141 3687 Gothis:
3194 3629 3520 3687 labefactare
3562 3645 3658 3687 co-

2039 3733 2270 3791 nantur,
2320 3725 2448 3780 dum
2486 3724 2723 3794 undique
2770 3724 3128 3779 discurrunt:
3164 3738 3263 3779 vos
3307 3733 3486 3778 tamen
3534 3739 3659 3795 qua:

2038 3829 2339 3876 vestrarum
2389 3830 2515 3875 sunt
2546 3820 2776 3890 partium
2808 3829 3070 3891 przestare
3097 3835 3166 3874 nc
3192 3820 3472 3876 desinatis.
3506 3819 3660 3876 Licet

2038 3914 2185 3968 enim
2240 3912 2505 3967 nihildum
2559 3912 2721 3968 fuerit
2769 3922 2948 3968 vestra
2995 3913 3284 3968 sedulitate
3330 3912 3657 3983 perfectum,

2039 4006 2183 4076 quod
2214 4021 2322 4061 non
2348 4006 2620 4073 existimo,
2651 4006 2804 4062 vobis
2827 4015 3009 4063 tamen
3038 4008 3110 4063 ob
3146 4008 3289 4063 hunc
3331 4009 3572 4063 animum
3603 4017 3661 4065 et

2042 4101 2374 4172 propositum
2405 4103 2561 4171 plena
2587 4110 2642 4156 et
2666 4101 2938 4158 cumulata
2984 4117 3194 4158 merces
3221 4104 3330 4171 jam
3357 4111 3444 4159 est
3483 4118 3515 4159 a
3560 4102 3661 4158 be-

2040 4195 2205 4266 nigno
2239 4195 2349 4250 Deo
2387 4196 2697 4251 constituta.
2748 4195 2868 4251 Noli
2913 4211 3042 4266 ergo
3085 4197 3388 4268 defatigari,
3437 4197 3658 4267 dilecte,

2041 4287 2170 4342 dum
2199 4287 2408 4354 studes,
2432 4288 2559 4343 dum
2577 4289 2844 4344 sollicitus
2865 4303 2946 4356 es,
2967 4297 3021 4343 et
3048 4303 3233 4343 curam
3260 4304 3476 4345 onmem
3506 4289 3662 4345 adhi-

2042 4379 2159 4446 bes,
2188 4395 2312 4434 cum
2347 4395 2443 4450 per
2470 4391 2542 4446 te,
2593 4388 2704 4435 tum
2736 4396 2833 4451 per
2859 4395 3230 4452 quoscumque
3257 4381 3391 4438 alios
3419 4380 3658 4446 licuerit,

2043 4481 2102 4528 ut
2135 4472 2306 4528 turbae
2333 4473 2452 4528 istic
2497 4488 2560 4529 ac
2592 4476 2854 4529 tumultus
2881 4470 3009 4529 non'
3031 4476 3356 4531 excitentur.
3385 4475 3492 4531 Sed
3532 4485 3660 4531 ante

2041 4569 2223 4624 omnia
2250 4578 2426 4636 orate,
2465 4583 2640 4640 neque
2661 4569 2892 4625 assiduis
2912 4569 3164 4640 precibus
3187 4585 3308 4625 cum
3336 4584 3403 4626 eo
3431 4585 3538 4640 quo
3563 4586 3661 4642 par

2041 4671 2126 4717 est
2153 4661 2333 4716 studio
2359 4676 2390 4715 a
2435 4661 2671 4732 benigno
2701 4661 2812 4717 Deo
2844 4662 3115 4731 postulare
3139 4663 3391 4729 desinite,
3450 4670 3508 4716 ut
3537 4678 3658 4734 qua:

2041 4756 2188 4811 illata
2229 4765 2355 4812 sunt
2387 4771 2529 4812 nunc
2575 4757 2715 4811 mala
2737 4755 2994 4826 depellat,
3024 4771 3087 4812 ac
3128 4757 3351 4811 multam
3399 4757 3664 4813 Ecclesiis

2041 4848 2316 4919 altamque
2346 4864 2531 4920 pacem
2560 4849 2838 4920 largiatur.
2871 4848 3093 4904 lnterim
3142 4851 3357 4916 saltem,
3389 4850 3534 4920 quod
3564 4865 3662 4906 an-

2043 4949 2128 4997 tea
2149 4942 2361 5011 scripsi,
2393 4943 2538 4997 omni
2587 4958 2691 5013 cpe
2740 4953 3045 5013 conatuque
3087 4944 3420 5010 contendite,
3471 4953 3531 4999 ut
3559 4959 3661 5000 ne-

2040 5035 2189 5106 gotio
2217 5035 2530 5091 dilationem
2560 5035 2796 5106 aliquam
2841 5035 3152 5091 obtineatis.
3198 5035 3281 5092 Tu
3329 5052 3478 5105 vero,
3528 5036 3659 5092 dum

2041 5128 2163 5185 istic
2191 5143 2273 5198 es,
2300 5129 2523 5186 crebras
2547 5129 2616 5184 ad
2667 5144 2764 5185 nos
2793 5129 2975 5185 literas
3016 5130 3187 5184 mitte.

2042 5266 2269 5325 CCVII.
2305 5267 2575 5322 .ilonachis
2623 5265 2804 5320 Gothis
2845 5266 2934 5336 qui
2988 5266 3043 5319 in
3098 5263 3334 5320 Promoti
3382 5281 3508 5337 agro
3567 5265 3664 5320 de-

2405 5371 2529 5433 gunt
2558 5358 2655 5432 (().
2692 5361 2709 5430 (
2726 5359 2940 5415 Cucuso
2967 5375 3110 5415 anno
3138 5359 3292 5432 404.)

2116 5501 2417 5568 Antequam
2442 5509 2651 5551 vesnas
2675 5495 2858 5551 literas
2884 5497 3236 5568 accepissem,
3260 5505 3488 5567 quantas
3513 5493 3666 5564 passi

2110 5634 2184 5698 (a)
2216 5641 2381 5683 Graece
2420 5632 2624 5696 legitur,
2904 5645 3108 5698 ,
3130 5631 3259 5694 quod
3299 5630 3493 5698 nonnisi
3541 5625 3672 5698 divi:

2044 5691 2204 5747 nando
2228 5704 2429 5746 vertere
2456 5691 2726 5756 p'ossumus,
2753 5697 2804 5746 in
2830 5691 3042 5745 proinoti
3065 5691 3202 5755 agro.
3240 5703 3354 5744 Nam
3380 5691 3547 5742 Billius
3580 5691 3670 5752 qui

2043 5761 2195 5810 vertit
2216 5760 2267 5824 iu
2285 5759 2572 5824 Monasterio
2594 5759 2817 5816 Promoti,
3002 5771 3193 5824 [leg-bras
3233 5757 3672 5824 legerat,_onussq

2046 5821 2265 5874 secundo
2286 5821 2490 5874 articulo
2661 5835 2868 5887 ,
2893 5819 3024 5885 quod
3044 5820 3109 5871 de
3133 5819 3422 5874 Monasterio
3452 5819 3678 5871 Promoti
