4076 6428
527 318 627 377 τυ

527 431 734 491 luditis
797 433 1112 490 alllictiones
1132 472 1147 497 ,
1203 437 1430 502 quantas
1466 428 1788 486 tentationes
1811 469 1829 496 ,
1884 435 2110 496 quantas

527 524 820 591 molestias,
839 524 952 595 jam
999 536 1350 593 cognoveram
1385 539 1398 575 :
1428 533 1601 590 eoque
1626 519 1844 574 nomine
1869 531 1966 574 vos
1987 517 2114 572 bea-

528 625 616 671 tus
642 614 928 672 admodum
961 629 1176 680 censeo,
1226 628 1347 668 cum
1378 612 1510 667 mihi
1537 612 1758 667 veniunt
1787 612 1841 666 in
1882 619 2116 665 mentem

530 720 771 772 coronae,
803 705 1006 771 bravia,
1053 714 1109 760 et
1139 704 1356 775 prmia
1398 717 1518 772 quae
1565 702 1719 758 vobis
1747 711 2018 772 parantur.
2047 698 2121 756 Ut

531 796 676 851 enim
707 795 785 851 illi
804 836 821 862 ,
852 796 942 867 qui
989 796 1140 852 vobis
1169 794 1389 852 insidias
1413 803 1646 859 struunt,
1677 808 1877 863 vosque
1905 801 2120 862 pertur-

531 887 681 953 bant.
730 898 896 958 grave
920 887 1020 943 sibi
1037 887 1293 958 judicium
1308 895 1610 954 accersunt,
1630 893 1687 942 et
1713 885 1888 956 ignem
1913 884 2121 955 gehen-

535 994 619 1033 nne
646 979 806 1050 capiti
836 993 936 1034 suo
959 978 1299 1034 accumulant
1328 993 1341 1030 :
1372 977 1444 1032 ita
1471 991 1566 1032 vos
1593 975 1684 1046 qui
1715 974 1840 1030 talia
1857 974 2119 1045 patimini,

533 1068 756 1124 multam
785 1069 1085 1124 mercedem
1109 1069 1434 1138 multamque
1475 1065 1884 1123 retributionem
1913 1065 2124 1122 obtine-

535 1160 680 1214 bilis.
711 1158 884 1216 Nolite
913 1159 1072 1230 igitur
1099 1159 1328 1225 terreri,
1366 1159 1449 1214 vel
1480 1157 1603 1214 inde
1630 1158 1852 1226 turbari,
1877 1158 1970 1214 sed
1994 1173 2124 1229 gau-

536 1249 663 1305 dete
713 1258 768 1305 et
805 1248 1103 1316 exsultate,
1148 1249 1275 1304 dum
1319 1249 1667 1323 apostolicum
1696 1248 1862 1304 animi
1908 1260 2123 1303 sensum

536 1341 814 1407 retinetis,
868 1355 939 1395 ex
987 1356 1093 1411 quo
1121 1356 1221 1396 vox
1271 1341 1360 1396 illa
1400 1349 1700 1411 promanat,
1733 1339 1887 1394 Nunc
1929 1340 2126 1410 gaudeo

536 1434 590 1488 sit
633 1434 949 1504 passionibus
995 1435 1117 1489 meis
1172 1433 1390 1506 (Coloss.
1427 1435 1479 1488 ί.
1519 1432 1611 1506 24)
1637 1449 1652 1487 :
1681 1440 1737 1488 et
1767 1445 1974 1497 rursus,
2004 1429 2127 1486 Non

535 1523 700 1577 solum
720 1534 907 1590 autent,
936 1525 1024 1579 sed
1052 1533 1098 1577 et
1122 1523 1399 1593 gloriamur
1426 1524 1480 1576 in
1507 1520 1930 1587 tribulationibus,
1957 1520 2127 1574 scien-

539 1626 613 1669 tes
634 1615 770 1684 quod
798 1615 1056 1670 tribulatio
1083 1616 1375 1687 patientiam
1403 1623 1672 1686 operatur,
1698 1614 1939 1684 patientia
1961 1621 2128 1666 autem

540 1707 1086 1777 probationem°(Rom.
1114 1707 1166 1763 ὅ.
1193 1707 1246 1762 ὅ.
1264 1707 1342 1777 4).
1388 1705 1726 1763 Probatiores
1763 1703 1924 1776 igitur
1950 1701 2126 1760 ell'ecti

541 1805 599 1853 et
625 1798 986 1868 opulentiores
1014 1797 1314 1854 czelestibus
1345 1798 1558 1867 opibus,
1603 1796 1728 1852 licet
1751 1794 1834 1850 his
1875 1795 2125 1867 graviora

541 1888 886 1957 contingant,
915 1887 1144 1956 amplius
1193 1885 1479 1954 exsultate.
1538 1885 1658 1940 Non
1686 1885 1830 1941 enim
1857 1884 2128 1954 condignae

541 1988 660 2034 sunt
687 1979 943 2048 passiones
971 1979 1126 2047 hujus
1144 1978 1386 2049 temporis
1408 1978 1476 2032 ad
1503 1980 1727 2049 futuram
1752 1976 1998 2049 gloriam,
2015 1990 2130 2048 qua:

539 2068 840 2123 revelabitur
876 2071 928 2124 in
971 2069 1114 2124 nobis
1139 2067 1302 2140 (Ibid.
1349 2068 1405 2124 8.
1438 2067 1551 2139 18).
1590 2066 1774 2137 Neque
1800 2081 1930 2123 vero
1974 2067 2130 2123 nobis

542 2159 721 2231 ignota
750 2169 832 2216 est
863 2161 1110 2231 patientia
1143 2170 1335 2226 vestra,
1367 2158 1642 2227 fortitudo,
1675 2160 1976 2226 tolerantia,
2013 2159 2129 2214 sin-

542 2267 702 2308 cerus
717 2262 771 2308 et
787 2253 984 2308 ardens
1008 2255 1181 2320 anior,
1199 2251 1470 2320 animique
1489 2251 1656 2306 vestri
1682 2249 1834 2305 lirma
1855 2258 1910 2305 et
1934 2249 2128 2306 invicta

543 2343 861 2398 constantia.
903 2343 1073 2410 Quam
1115 2343 1185 2398 ob
1224 2342 1440 2397 causam
1489 2341 1734 2412 ingentes
1762 2339 1910 2396 vobis
1935 2339 2132 2408 gratias

545 2434 774 2504 agimus,
823 2443 877 2490 et
903 2449 1024 2490 cum
1045 2433 1238 2489 animis
1265 2434 1460 2490 vestris
1486 2441 1746 2504 perpetuo
1773 2431 2005 2488 devincti
2035 2445 2133 2487 su-

545 2541 672 2582 mus
692 2567 708 2594 ,
759 2543 934 2597 neque
959 2526 1319 2597 longinquitas
1347 2526 1552 2582 itineris
1578 2540 1680 2580 nos
1701 2539 1827 2596 erga
1854 2525 2131 2580 caritatem

549 2627 778 2674 vestram
807 2617 1219 2689 negligentiores
1259 2618 1369 2674 ullo
1395 2614 1556 2673 modo
1573 2617 1756 2674 eIlicit.
1789 2617 1894 2674 Sed
1918 2626 1974 2672 et
2005 2632 2133 2688 gra-

548 2707 674 2763 tiam
703 2708 854 2764 vobis
878 2709 1051 2765 habeo
1074 2717 1292 2780 propter
1316 2709 1369 2765 id
1389 2709 1622 2765 studium
1637 2708 1779 2779 quod
1795 2703 2131 2777 exhibuistis,

547 2809 608 2856 ut
634 2801 812 2856 nullus
846 2801 901 2856 in
927 2800 1164 2857 Ecclesia
1192 2800 1488 2858 Gothorum
1520 2800 1776 2856 tumultus
1815 2800 1968 2856 lleret
1990 2841 2006 2866 ,
2035 2800 2131 2856 sed

547 2891 806 2949 dilatione
832 2894 1012 2964 aliqua
1057 2895 1325 2964 negotium
1357 2893 1748 2952 extraheretur.
1791 2892 1976 2964 Neque
2009 2902 2132 2948 tan-

547 2991 662 3037 tum
691 2998 796 3037 non
825 2983 1180 3054 reprehendo,
1220 2983 1362 3054 quod
1405 2985 1672 3040 neminem
1715 2984 1990 3049 miseritis,
2039 2982 2134 3039 sed

550 3075 712 3130 etiam
743 3075 901 3130 laudo
916 3085 970 3130 et
989 3077 1242 3146 suspicio.
1277 3075 1390 3131 lloc
1410 3076 1551 3131 enim
1575 3075 1667 3130 illo
1687 3076 1855 3130 multo
1880 3083 1963 3129 est
1983 3085 2136 3145 opta-

554 3164 736 3232 bilius,
791 3176 849 3221 ut
898 3182 992 3222 vos
1018 3181 1207 3222 omnes
1236 3166 1288 3222 in
1330 3166 1593 3237 ejusmodi
1619 3182 1753 3237 opus
1793 3165 2131 3221 incumbatis.

548 3255 724 3311 Nolite
750 3257 908 3326 igitur
948 3272 1161 3314 cessare
1202 3273 1321 3328 qua:
1347 3257 1510 3314 vestri
1539 3265 1664 3312 sunt
1690 3256 1929 3311 muneris
1967 3270 2133 3311 exse-

551 3347 667 3419 qui,
691 3357 801 3404 tum
829 3365 924 3420 per
948 3364 1042 3405 vos
1071 3350 1236 3420 ipsos,
1265 3359 1374 3405 tum
1421 3366 1517 3421 per
1540 3349 1674 3405 alios
1713 3365 1807 3417 per
1847 3363 2136 3420 quoscum-

550 3454 654 3509 que
680 3438 891 3521 licebit,
923 3447 981 3495 ut
1015 3441 1286 3511 negotium
1316 3439 1572 3496 dilatione
1615 3439 1791 3510 aliqua
1817 3439 2137 3510 proteletur.

549 3528 685 3585 Nam
723 3531 836 3586 sive
879 3531 1003 3601 quid
1041 3529 1204 3587 fuerit
1239 3545 1405 3603 opera
1429 3541 1609 3587 vestra
1638 3529 1935 3602 perfectum
1961 3573 1978 3598 ,
2023 3531 2140 3587 sive

549 3636 679 3688 non,
709 3623 861 3692 plena
895 3633 951 3679 et
977 3625 1241 3680 cumulata
1271 3640 1478 3682 merces
1501 3625 1651 3680 vobis
1699 3625 1770 3680 ob
1792 3625 1933 3680 hanc
1962 3626 2128 3681 animi

551 3713 872 3768 sententiam
891 3722 948 3770 et
973 3713 1204 3770 studium
1225 3717 1603 3772 constituetur.

550 3819 807 3879 εσγιιι.
850 3824 1035 3881 Acacio
1082 3827 1393 3898 presbytero.
1464 3826 1690 3898 (Scripta
1733 3827 1801 3884 ab
1840 3841 1983 3883 anno
2028 3827 2136 3884 404

1225 3919 1292 3973 ad
1320 3918 1471 3988 407.)

625 4029 704 4084 Tu
730 4030 820 4101 qui
857 4039 1005 4088 tanto
1031 4034 1199 4089 nostri
1247 4049 1431 4091 amore
1461 4034 1674 4105 llagras,
1697 4043 1804 4091 tam
1836 4035 2136 4094 vehementi

552 4119 919 4178 benevolentia
945 4138 1045 4179 nos
1066 4125 1459 4195 complecteris,
1507 4141 1575 4182 ne
1624 4126 1895 4184 literarum
1921 4129 2136 4200 quidem

552 4227 653 4268 nos
678 4214 962 4286 participes
1001 4226 1213 4272 tuorum
1249 4218 1398 4274 facis.
1427 4220 1586 4291 Atqui
1617 4220 1728 4290 jam
1762 4223 1927 4278 semel
1978 4233 2138 4294 atque

553 4305 745 4360 iterum
771 4306 836 4361 ad
870 4317 920 4362 te
941 4309 1284 4380 scripsimus;
1323 4319 1377 4365 tu
1409 4325 1535 4366 vero
1569 4311 1622 4367 in
1653 4312 1755 4367 hoc
1779 4314 1994 4384 segnior
2013 4329 2136 4369 eva-

555 4395 691 4451 sisti.
721 4397 852 4452 Cum
883 4399 1040 4468 igitur
1064 4400 1348 4472 intelligas,
1392 4410 1592 4472 quanto
1613 4417 1712 4458 nos
1748 4403 2010 4460 benelicio
2040 4405 2137 4460 tibi

557 4486 907 4545 devineturus
951 4491 1057 4558 sis,
1085 4492 1128 4547 si
1170 4493 1238 4548 de
1280 4501 1366 4548 tua
1397 4493 1702 4549 valetudine
1745 4495 2006 4550 certiores
2039 4510 2140 4551 nos

557 4579 772 4647 reddas,
799 4579 865 4635 da
887 4596 1126 4651 operam,
1154 4599 1355 4653 quaso,
1385 4595 1443 4638 ut
1469 4599 1627 4654 quam
1649 4582 1928 4640 celerrime
1947 4583 2014 4640 ad
2042 4600 2140 4640 nos

556 4669 734 4725 literas
764 4671 963 4726 mittas.
991 4671 1107 4726 Non
1134 4675 1276 4727 enim
1321 4674 1575 4728 mediocri
1617 4675 1988 4730 consolatione
2017 4691 2144 4745 per-

558 4761 940 4828 mulcebimur,
993 4763 1039 4818 si
1075 4763 1144 4819 de
1177 4765 1467 4820 amicorum
1500 4774 1805 4822 nostrorum
1831 4765 2136 4824 valetudine

556 4854 672 4908 sine
698 4853 1092 4910 intermissione
1131 4869 1461 4912 moneamur.

688 4984 877 5040 CCIX.
909 4987 1142 5041 Salvioni
1162 4989 1257 5060 (a).
1290 4986 1411 5057 (Ab
1439 5003 1580 5043 anno
1609 4988 1715 5044 404
1741 4988 1808 5044 ad
1835 4989 1985 5058 407.)

627 5095 736 5151 Nos
760 5097 971 5168 quidem
993 5097 1087 5153 abs
1107 5110 1160 5154 te
1175 5099 1363 5166 amari,
1391 5115 1486 5155 seu
1501 5100 1722 5168 scribas,
1752 5116 1847 5158 seu
1875 5117 1978 5158 non
2001 5103 2137 5159 scri-

556 5222 818 5286 nttmquam
840 5211 1193 5286 interpreteris.
1212 5210 1452 5286 Palladius
1473 5213 1523 5260 in
1545 5212 1648 5260 vita
1669 5212 2003 5286 Chrysostonii,
2029 5228 2136 5279 cap.

557 5272 604 5329 4,
630 5277 826 5349 Marsam
848 5281 1190 5349 commemorat
1212 5275 1416 5324 Promoti
1440 5287 1649 5349 uxorem
1661 5272 2138 5349 ﬁduam‘interea's,

554 5346 667 5396 quae
690 5333 1021 5395 Chrysostomo
1053 5334 1252 5385 infensa:
1277 5344 1417 5386 erant
1441 5350 1456 5396 ;
1503 5335 1636 5385 unde
1659 5335 1785 5386 forte
1810 5340 1988 5388 inferas
2018 5333 2140 5391 hanc

555 5394 798 5458 monachis
818 5394 981 5458 Gothis
1004 5397 1053 5445 in
1088 5408 1205 5458 agro
1225 5397 1305 5447 vel
1335 5397 1482 5447 fundo
1525 5412 1616 5447 suo
1659 5399 1808 5448 sedes
1850 5400 2140 5451 habentibus

555 5453 825 5527 molestiam
848 5457 1083 5518 intulisse,
1100 5453 1270 5520 u'tpote
1290 5461 1611 5524 chrysostomi
1633 5459 1855 5522 asseclis;
1879 5468 1929 5511 at
1949 5458 2139 5512 id'non-

554 5518 645 5567 nni
668 5518 980 5580 conjectando
998 5518 1198 5569 dicatur.

631 5586 701 5643 (α)
727 5585 753 5628 \
771 5591 989 5649 aucanus
1009 5589 1065 5649 et
1083 5585 1418 5649 b‘abrtotanus,
1445 5581 1674 5649 l‘aisiqvi
1709 5583 1998 5649 (Galbioni).
2044 5587 2137 5638 Hic

567 5649 843 5754 gostremus
857 5643 979 5717 hanc
990 5643 1248 5710 epistolam
1270 5643 1344 5691 bis
1365 5644 1580 5691 continet
1604 5643 1982 5722 descriptam,et
2002 5654 2138 5698 utro-

606 5717 720 5754 mue
745 5706 975 5754 Γαλὸιωνι
1000 5705 1200 5754 legitur.
1229 5703 1555 5754 Sav.ouoque
1575 5706 1624 5751 in
1649 5712 1788 5754 textu
1800 5708 2032 5754 Γαλϐιωνι
2052 5710 2138 5754 lla-

606 5704 720 5778 ique
745 5705 975 5778 l‘aiéisnvi
988 5703 1202 5778 legitur;
1229 5703 1555 5778 Sanquoque
1575 5706 1624 5751 in
1649 5703 1788 5778 textu
1800 5708 2032 5778 Γςκλϐίρνι
2052 5710 2139 5760 ha-

567 5763 674 5827 bet,
684 5767 734 5816 in
751 5766 970 5829 margine
982 5763 1218 5816 Saloioni.
1237 5763 1271 5816 U
1281 5771 1353 5816 Ira
1363 5763 1511 5815 lectio
1525 5768 1711 5818 verasit
1724 5769 1938 5820 nondum
1955 5769 2134 5836 liquet.

1368 314 1428 374 S.
1457 311 1737 373 JOANNIS
1758 307 2230 369 CHRYSOSTOIII
2254 308 2576 368 ARCRIEP.
2614 304 3148 366 CONSTANTINOP.

3722 301 3831 358 7’28

2229 423 2348 493 bas,
2396 424 2562 496 probe
2603 424 2738 481 scio.
2776 422 2895 479 Non
2927 423 3070 479 enim
3096 429 3274 493 potest
3307 429 3416 476 tam
3443 418 3641 476 ardens
3668 432 3830 474 amor

2228 517 2283 573 in
2311 532 2410 572 nos
2458 526 2580 572 tuus
2605 533 2704 572 nos
2733 517 2920 582 latere,
2970 515 3065 572 sed
3109 514 3214 570 hoc
3263 527 3454 570 omnes
3494 511 3827 582 praedicant,

2224 607 2507 678 multique,
2560 608 2654 678 qui
2698 607 2857 663 istinc
2900 607 2967 661 ad
3015 621 3114 662 nos
3157 606 3467 670 adveniunt,
3520 603 3822 658 lerventetn

2223 714 2289 754 ac
2327 700 2590 755 sinceram
2635 699 2790 754 nobis
2837 699 3111 754 caritatem
3145 708 3292 752 tuam
3328 698 3668 766 annuntiant.
3714 695 3825 751 Sed

2227 799 2283 845 et
2307 799 2618 860 optaremus
2645 804 2790 860 saepe
2835 790 3016 846 literas
3061 805 3093 844 a
3148 798 3240 844 tua
3268 789 3632 860 generositate
3683 787 3828 842 reei-

2227 895 2374 951 pere,
2404 881 2594 952 quibus
2626 881 2696 937 de
2739 891 2825 936 tua
2852 893 2908 936 et
2930 882 3162 937 domina:
3184 897 3322 937 mea:
3351 885 3533 938 uxoris
3570 891 3698 948 tua,
3738 889 3828 935 to-

2229 974 2438 1043 tiusque
2478 972 2671 1028 domus
2716 982 2820 1028 tua:
2859 973 3162 1030 valetudine
3205 972 3460 1028 lleremus
3513 973 3776 1028 certiores
3807 989 3824 1026 :

2227 1064 2334 1119 seis
2361 1064 2503 1137 enim
2531 1073 2730 1134 quanto
2757 1065 2811 1119 in
2841 1065 2996 1119 nobis
3038 1063 3215 1119 studio
3246 1065 3336 1119 sit.
3366 1064 3491 1119 llaec
3511 1062 3675 1134 igitur
3701 1078 3825 1118 cum

2231 1156 2324 1210 tibi
2345 1164 2621 1225 perspecta
2652 1156 2780 1221 sint,
2809 1156 3028 1211 domine
3070 1157 3143 1210 mi
3169 1155 3456 1226 plurimum
3481 1155 3826 1220 venerande,

2231 1245 2443 1300 tametsi
2471 1243 2687 1300 dillicile
2725 1254 2810 1301 est
2837 1245 2982 1318 quod
3009 1247 3257 1318 petimus,
3285 1262 3410 1301 cum
3439 1255 3656 1317 propter
3683 1256 3822 1301 tetu-

2229 1355 2331 1410 pus
2363 1339 2668 1406 hibernum,
2721 1349 2833 1394 tum
2869 1341 3012 1410 quod
3066 1340 3219 1410 pauci
3270 1339 3338 1394 ad
3392 1354 3495 1394 nos
3537 1338 3822 1406 accedant,

2229 1447 2351 1486 cum
2382 1432 2609 1496 licuerit,
2639 1447 2706 1488 ne
2735 1441 2786 1488 te
2811 1433 2983 1503 pigeat
3008 1433 3076 1487 ad
3103 1448 3202 1487 nos
3242 1433 3499 1498 scribere,
3553 1443 3717 1502 atque
3761 1448 3825 1487 ca

2191 1533 2202 1543 ‘
2230 1523 2532 1594 signiﬁcare
2559 1539 2681 1594 qua:
2707 1522 3017 1593 petivimus.
3069 1523 3311 1579 Vestram
3340 1524 3485 1580 enim
3539 1523 3824 1578 sanitatem

2233 1625 2288 1669 et
2313 1617 2656 1670 securitatem
2685 1625 2922 1672 nostram
2953 1631 3077 1673 esse
3103 1617 3349 1672 ducimus
3378 1616 3730 1687 opulentiam,
3763 1632 3827 1670 ac

2233 1703 2491 1769 laetitiam,
2513 1713 2674 1776 atque
2705 1706 2842 1762 adeo
2867 1707 3083 1762 uberem
3111 1707 3452 1777 voluptatem.
3479 1706 3623 1761 Cave
3667 1705 3827 1776 igitur

2234 1805 2379 1851 tanta
2408 1797 2679 1867 voluptate
2709 1813 2810 1853 nos
2837 1800 3036 1871 prives,
3061 1799 3157 1854 sed
3186 1800 3251 1854 iis
3276 1799 3368 1869 qui
3397 1809 3450 1854 te
3470 1799 3715 1868 impense
3740 1796 3826 1852 di-

2235 1885 2405 1957 ligunt
2433 1885 2571 1942 hanc
2619 1904 2715 1958 per
2753 1888 2936 1945 literas
2964 1889 3392 1946 consolationem
3429 1889 3679 1959 imperti,
3707 1904 3829 1960 qua

2235 1988 2476 2036 nostrum
2505 1982 2721 2038 tazdium
2746 1983 2940 2038 solatio
2973 1997 3078 2038 non
3104 1982 3362 2040 mediocri
3408 1982 3694 2054 mitigabit.

2471 2117 2625 2175 CCX.
2657 2118 2939 2176 Theodoro.
2971 2119 3222 2191 (Cucuso
3244 2136 3387 2176 anno
3408 2119 3577 2192 404.)

2305 2253 2524 2310 Miratus
2549 2270 2689 2321 sum,
2717 2256 2808 2328 qui
2861 2255 3055 2312 factum
3092 2258 3183 2324 sit,
3215 2267 3275 2312 ut
3321 2272 3389 2313 ex
3440 2256 3562 2312 aliis
3609 2255 3832 2312 Salustii

2237 2346 2532 2417 presbyteri
2564 2347 2940 2418 negligentiam
2959 2348 3332 2420 intelligerem.
3354 2347 3631 2420 Siquidem
3661 2350 3829 2420 signi-

2237 2436 2449 2492 ﬁcatum
2475 2437 2608 2493 mihi
2637 2448 2722 2494 est
2745 2441 2834 2494 vix
2864 2455 2988 2495 eum
3033 2441 3271 2512 quinque
3320 2441 3566 2497 bomilias
3609 2440 3832 2497 Octobri

2239 2542 2425 2584 mense
2458 2528 2727 2599 habuisse,
2755 2539 2918 2602 atque
2944 2533 3118 2603 ipsum
3139 2541 3196 2588 et
3219 2532 3576 2604 Theophilum
3605 2533 3833 2605 presby-

2241 2629 2436 2686 terum,
2466 2624 2692 2678 alterum
2723 2640 2835 2695 pra:
2872 2625 3102 2696 pigritia,
3133 2627 3360 2682 alterum
3390 2641 3502 2698 pra:
3554 2637 3704 2682 metu
3736 2627 3834 2682 mi-

2239 2712 2384 2768 nime
2411 2712 2478 2768 ad
2504 2715 2782 2769 collectam
2815 2718 3018 2771 venire.
3064 2717 3171 2772 Sed
3219 2717 3576 2789 Theophilum
3612 2718 3834 2789 quidem

2239 2817 2334 2872 per
2361 2804 2540 2858 literas
2561 2804 2924 2862 vehementius
2945 2807 3236 2879 increpavi,
3279 2809 3496 2865 Salustii
3519 2825 3651 2865 vero
3673 2825 3838 2867 causa

2239 2895 2306 2949 ad
2333 2899 2688 2952 reverentiam
2712 2907 2856 2954 tuam
2881 2900 3079 2967 scribo,
3106 2901 3248 2971 quod
3281 2901 3431 2956 illum
3459 2902 3556 2958 abs
3587 2911 3647 2958 te
3666 2904 3838 2960 vehe-

2240 2997 2448 3044 menter
2473 2989 2643 3044 amari
2671 2991 2836 3046 sciam
2864 3009 2880 3046 :
2909 3008 3068 3063 quam
3096 2992 3168 3048 ob
3199 3007 3416 3048 causam
3460 3009 3565 3049 non
3625 2995 3838 3050 medio-

2240 3079 2404 3133 criter
2422 3080 2632 3150 gaudeo
2652 3090 2707 3136 et
2728 3081 2990 3138 oblector.
3019 3083 3123 3138 Sed
3151 3094 3204 3138 et
3226 3099 3520 3140 succenseo
3547 3094 3655 3140 tum
3685 3100 3840 3141 reve-

2241 3171 2448 3239 rentiae,
2481 3172 2622 3244 quod
2640 3173 2743 3230 hoc
2758 3172 2888 3229 mihi
2911 3191 3016 3231 non
3034 3175 3374 3232 manifestum
3396 3176 3719 3244 reddideris,
3745 3181 3838 3249 qui

2240 3264 2518 3323 debuisses
2569 3267 2742 3339 ipsum
2780 3270 3050 3340 corrigere
3082 3287 3096 3324 :
3125 3279 3376 3326 neutrum
3419 3279 3598 3326 tamen
3639 3270 3838 3326 horum

2243 3359 2560 3429 przestitisti.
2588 3359 2741 3416 Nunc
2769 3377 2899 3434 ergo
2922 3363 3114 3419 saltem
3144 3379 3241 3418 oro
3269 3373 3343 3431 te,
3381 3379 3503 3420 cum
3554 3364 3669 3430 tibi,
3721 3375 3837 3421 tum

2243 3449 2396 3505 nobis
2423 3448 2562 3506 hanc
2582 3451 2867 3507 maximam
2886 3452 3124 3509 concede
3147 3453 3396 3524 gratiam,
3437 3464 3496 3510 ut
3543 3454 3839 3511 vehemen-

2244 3548 2329 3597 ter
2369 3541 2519 3598 illnm
2574 3543 2798 3610 excites,
2844 3559 3023 3615 neque
3064 3545 3376 3600 obdormire
3397 3547 3699 3616 permittas,
3742 3556 3840 3602 aut

2242 3632 2419 3688 otiari.
2462 3632 2574 3688 Nisi
2624 3634 2767 3688 enim
2817 3650 2958 3690 nunc
3007 3636 3061 3691 in
3103 3634 3202 3690 hac
3247 3636 3582 3707 negotiorum
3609 3635 3840 3694 istorum

2243 3736 2559 3799 tempestate
2607 3745 2670 3786 ac
2718 3732 2952 3802 procella
3008 3734 3413 3788 convenientem
3467 3731 3837 3788 fortitudinem

2241 3845 2352 3900 pm
2397 3836 2460 3878 se
2505 3827 2702 3893 tulerit,
2751 3827 2965 3898 quando
2988 3828 3065 3882 sic
3108 3826 3224 3897 ejus
3264 3840 3426 3896 opera
3453 3823 3837 3898 indigebimus,

2242 3925 2334 3981 ubi
2361 3925 2719 3995 tranquillitas
2747 3930 2802 3977 et
2827 3937 2929 3992 pax
2958 3919 3214 3977 redierit?
3246 3919 3324 3974 Te
3361 3919 3523 3989 igitur
3543 3918 3733 3974 hortor
3777 3928 3841 3974 ut

2240 4032 2360 4086 quae
2388 4025 2514 4072 sunt
2536 4013 2698 4070 cilicii
2719 4014 2814 4078 tui,
2842 4020 3000 4082 prout
3021 4010 3197 4078 decet,
3222 4017 3574 4080 exsequutus,
3602 4021 3659 4064 et
3684 4010 3836 4066 illum

2241 4116 2296 4162 et
2342 4121 2530 4162 omnes
2558 4105 2625 4160 ad
2667 4103 2923 4159 auxilium
2965 4102 3161 4172 popqu
3207 4100 3484 4157 ferendum
3515 4109 3838 4172 tempestate

2236 4201 2435 4272 jactato
2480 4199 2704 4264 excites,
2756 4195 2896 4268 quod
2925 4205 3206 4264 antequam
3247 4193 3430 4249 literas
3455 4205 3670 4248 nostras
3688 4193 3835 4250 acci-

2243 4307 2419 4363 peres.
2439 4301 2524 4347 sat
2542 4291 2656 4346 seio
2686 4297 2774 4343 tua
2801 4295 2992 4358 sponte
3019 4301 3082 4342 ac
3104 4286 3252 4342 nullo
3276 4292 3530 4345 monatte
3578 4293 3838 4356 prastare

2242 4384 2471 4454 cmpisti.

2315 4513 2502 4571 CCXI.
2535 4513 2794 4569 Timotheo
2821 4513 3126 4584 presbytero.
3151 4510 3400 4585 (Cucuso
3427 4525 3572 4566 anno
3590 4509 3761 4578 404.)

2312 4649 2423 4706 Nos
2447 4650 2661 4721 quidem
2690 4664 2864 4721 nuper
2886 4649 2954 4704 ad
2983 4660 3035 4703 te
3078 4660 3237 4718 atque
3265 4647 3330 4702 ad
3356 4646 3835 4703 honoratissimum

2242 4742 2516 4796 dominum
2570 4757 2749 4798 meum
2796 4741 3118 4796 Marcianum
3160 4739 3434 4795 tribunum
3473 4739 3833 4810 scripsimus:

2243 4843 2298 4888 tu
2324 4849 2453 4889 vero
2479 4849 2653 4904 neque
2681 4834 2865 4888 literas
2914 4832 2978 4888 ad
3029 4847 3116 4886 me
3161 4831 3230 4886 ab
3275 4832 3365 4886 illo
3416 4831 3554 4886 mitti
3607 4830 3836 4898 curasti,

2244 4940 2415 4995 neque
2440 4924 2505 4980 ad
2535 4940 2633 4980 nos
2662 4925 2776 4996 ipse
2803 4924 3086 4994 scripsisti.
3133 4922 3490 4978 Nihilominus
3519 4933 3701 4979 tamen
3733 4938 3839 4981 nos

2244 5027 2483 5073 nostrum
2525 5031 2733 5071 morem
2779 5015 3012 5086 sequuti,
3059 5015 3177 5070 sine
3223 5015 3622 5072 intermissione
3674 5017 3843 5073 vestri

2242 5113 2542 5177 recordari,
2563 5121 2722 5181 atque
2747 5109 2813 5165 ad
2835 5124 2951 5174 vos,
2979 5123 3100 5163 cum
3150 5107 3374 5163 laeultas
3415 5109 3672 5182 suppetit,
3705 5111 3844 5167 scri-

2243 5207 2371 5263 bere
2414 5221 2519 5260 non
2551 5204 2877 5268 desinimus;
2923 5201 3064 5272 quod
3108 5216 3250 5256 nunc
3275 5202 3437 5260 etiam
3465 5201 3712 5268 facimus,
3761 5218 3836 5258 tn-

2241 5309 2535 5372 gentesque
2599 5297 2751 5351 vobis
2799 5295 2996 5366 gratias
3037 5295 3246 5364 agimus
3291 5296 3362 5351 ob
3408 5296 3645 5351 studium
3696 5295 3840 5366 quod

2241 5391 2528 5457 exhibetis,
2553 5400 2608 5445 et
2622 5389 2856 5459 pericula
2879 5403 3000 5458 qua:
3021 5389 3233 5455 subitis,
3254 5403 3457 5458 vosque
3481 5389 3671 5443 beatos
3700 5404 3837 5457 pra:-

2241 5485 2504 5540 dicamus.
2537 5480 2721 5551 Neque
2751 5480 2895 5536 enim
2924 5481 3146 5552 exiguas
3177 5481 3329 5535 vobis
3371 5493 3601 5534 coronas
3642 5494 3840 5534 recon-

2243 5575 2386 5640 ditis,
2401 5575 2528 5629 dum
2549 5570 2615 5627 ad
2629 5570 2898 5630 modicum
2920 5583 3130 5643 tempus
3145 5571 3349 5638 amicti,
3369 5585 3664 5640 perennem
3683 5570 3837 5624 vobis

2244 5669 2296 5722 in
2320 5666 2456 5722 caelo
2484 5663 2791 5722 mercedem
2821 5679 2884 5719 ac
2912 5665 3082 5720 multo
3122 5663 3383 5734 majorem
3417 5662 3500 5716 his
3550 5659 3839 5717 sudoribus

2248 5757 2581 5831 praeparatis.
2612 5755 2735 5815 Non
2757 5757 2901 5816 enim
2925 5766 3039 5814 sunt
3064 5757 3233 5829 digna
3255 5755 3512 5830 passiones
3533 5754 3687 5825 hujus
3713 5765 3833 5810 teut-
