4076 6424
301 458 436 528 δσην
466 453 767 526 ὑπομένετε
802 448 1006 520 θλίψιν,
1042 447 1174 509 ὅσας
1205 442 1529 507 ἐπιϐουλάς,
1572 443 1733 506 ὅσους
1778 457 1898 493 πει-

304 548 592 620 ρασμούς,
631 546 762 606 δσας
815 540 1108 612 ἐπηρείας·
1152 537 1249 591 καὶ
1297 536 1386 590 διὰ
1437 534 1596 589 τοῦτο
1661 531 1897 604 μάλιστα

302 640 451 712 ὑμᾶς
503 633 816 710 μακαρίζω,
872 633 1002 694 τοὺς
1040 629 1340 699 στεφάνους
1391 627 1520 690 τοὺς
1573 627 1640 678 ἐκ
1686 622 1895 676 τούτων

300 729 521 795 ἐννοῶν,
555 728 626 782 τά
662 725 914 798 βραδεῖα,
941 723 1014 776 τά
1043 720 1272 775 έπαθλα.
1308 719 1518 790 Ὥσπερ
1547 715 1658 788 7&9
1696 717 1746 769 οῖ
1774 716 1896 768 ἐπι-

302 812 650 880 ϐουλεύοντες
674 817 824 887 ὑμῖν,
851 815 948 869 καὶ⁵
974 811 1334 884 ταράττοντες
1367 809 1535 880 ὑμᾶς,
1563 810 1740 878 κρῖμα
1771 803 1895 859 καθ’

235 929 238 932 ’
299 911 515 967 ἐαυτῶν
572 901 806 981 χαλεπὸν
858 905 1216 975 ἐπιφέρουσι,
1263 901 1357 956 καὶ
1398 900 1462 954 τὸ
1509 900 1610 970 τῆς
1670 897 1893 967 γεέννης

303 1001 444 1056 κατά
467 1000 565 1069 τῆς
597 997 805 1052 έαυτῶν
831 995 1078 1067 κεφαλῆς
1107 990 1506 1064 ἐπισωρεύουσι
1536 989 1650 1061 πῦρ
1669 1007 1682 1021 ·
1720 986 1896 1050 οὕτως

303 1095 464 1165 ὑμεῖς
487 1093 540 1147 οί
581 1089 756 1146 ταῦτα
788 1088 1109 1159 πάσχοντες,
1146 1083 1348 1154 πολλῆς
1375 1080 1753 1136 ἀπολαύσεσθε
1795 1081 1897 1151 τῆς

304 1182 569 1256 ἀμοιϐῆς,
597 1179 803 1250 πολλῆς
830 1180 932 1250 τῆς
958 1174 1304 1238 ἀντιδόσεως.
1335 1171 1428 1243 Μὴ
1455 1171 1521 1243 δὴ
1554 1170 1892 1243 θορυϐεῖσθε,

307 1273 444 1347 μηδὲ
491 1268 914 1342 διαταράττεσθε
978 1263 1255 1329 ἐντεῦθεν,
1322 1261 1459 1317 ἀλλά
1527 1261 1748 1334 χαίρετε
1802 1261 1897 1314 καὶ

304 1365 588 1437 σκιρτᾶτε,
621 1359 977 1416 ἀποστολικδν
1006 1357 1264 1430 φρόνημα
1309 1352 1695 1426 διατηροῦντες
1721 1353 1782 1406 τὸ
1817 1351 1899 1405 λέ-

301 1473 432 1526 γον·
464 1454 598 1511 Νῦν
629 1453 816 1525 χαίρω
856 1452 926 1506 ἐν
953 1449 1078 1516 τοῖς
1115 1447 1430 1517 παθήμασί
1465 1462 1618 1516 μουο
1649 1446 1746 1499 καὶ
1787 1443 1896 1498 πά-

300 1545 406 1614 λιν,
444 1544 529 1599 οὐ
552 1545 748 1614 μόνον
791 1539 881 1607 δὲ,
919 1537 1081 1594 ἀλλὰ
1119 1538 1218 1591 καὶ
1262 1534 1617 1606 καυχώμεθα
1649 1535 1720 1589 ἐν
1766 1533 1897 1601 ταῖς

301 1635 616 1702 θλίψεσιν,
645 1629 872 1696 ειδότες
906 1627 998 1682 ὅτι
1027 1627 1065 1695 ἠ
1099 1627 1308 1695 θλίψις
1337 1623 1660 1696 ὑπομονὴν
1691 1640 1898 1694 κατερ·

299 1718 567 1797 ratum,
626 1724 666 1792 ἡ
713 1721 784 1776 δὲ
833 1717 1111 1789 ὑπομονὴ
1192 1717 1469 1787 δοκιμήν.
1525 1714 1895 1788 Δοκιμὼτεροι

298 1814 480 1870 τοίνυν
506 1811 814 1883 γενόμενοι,
839 1810 935 1864 καὶ
967 1807 1339 1880 εὐπορώτεροι
1376 1806 1475 1878 τὴν
1501 1805 1764 1878 εὐπορίαν
1797 1807 1896 1878 τὴν

297 1905 360 1959 έν
396 1903 667 1976 οὐρανοῖς,
700 1901 803 1955 κάν
844 1899 1200 1972 χαλεπώτερα
1236 1898 1444 1952 τούτων
1475 1897 1744 1970 πάσχητε,
1778 1913 1896 1968 μει-

295 1991 469 2059 ζόνως
497 1989 819 2060 ἀγάλλεσθε.
855 1991 937 2044 Οὐ
972 1988 1082 2060 7&9
1113 1987 1253 2053 ἀξια
1288 1985 1441 2060 [716]
1465 1988 1538 2042 τὰ
1574 1986 1900 2057 παθήματα

296 2083 408 2138 τοῦ
443 2083 564 2138 νῦν
585 2081 795 2153 καιροῦ
820 2080 970 2150 πρὸς
995 2079 1112 2149 τὴν
1134 2078 1493 2150 μέλλουσαν
1531 2077 1723 2145 δόξαν
1749 2078 1898 2133 ἁπο-

297 2174 714 2230 ειαλύκτεσθαι
757 2175 846 2240 εις
892 2171 1072 2242 ἡμᾶς.
1111 2171 1249 2224 Οὐδὲ
1289 2169 1400 2241 7&9
1446 2168 1636 2224 έλαθεν
1666 2171 1815 2241 ἡμᾶς
1860 2173 1894 2242 ἡ

301 2264 550 2338 ὑπομονὴ
579 2259 756 2336 ὑμῶν,
776 2266 811 2335 ἡ
841 2263 1087 2336 ἀνδρεία,
1117 2265 1152 2334 ἡ
1177 2262 1467 2335 καρτερία,
1499 2263 1534 2334 ἡ
1565 2262 1767 2333 γνησία
1799 2263 1895 2317 καὶ

292 2353 478 2427 θερμὴ
524 2353 784 2419 διάθεσις,
817 2354 880 2408 τὸ
926 2353 1148 2418 άκλινὲς
1188 2353 1346 2423 ὑμῶν
1389 2353 1491 2424 τῆς
1535 2352 1792 2424 γνώμης,
1833 2353 1893 2407 τδ

295 2443 720 2516 ἀπερίτρεπτον,
747 2444 810 2497 τὸ
835 2443 1115 2513 ἀκίνητον.
1149 2441 1241 2495 Διὸ
1270 2441 1368 2496 καὶ
1400 2443 1562 2513 ἡμεῖς
1595 2442 1728 2512 ὑμῖν
1765 2441 1894 2494 πολ-

295 2534 399 2599 λάς
446 2534 818 2606 ὁμολογοῦμεν
869 2535 1134 2606 χάριτας,
1184 2533 1283 2588 καὶ
1324 2533 1686 2604 συνδεδέμεθα
1739 2532 1893 2604 ὑμῶν

294 2630 420 2693 ταῖς
445 2628 647 2700 ψυχαῖς
693 2627 977 2699 διηνεκῶς,
1018 2629 1116 2683 καὶ
1145 2628 1246 2699 τῆς
1284 2627 1406 2681 ὁδοῦ
1455 2627 1517 2681 τὸ
1553 2627 1730 2698 μῆκος
1771 2626 1893 2680 οὐδὲ

299 2719 709 2792 ῥᾳθυμοτέρως
739 2720 888 2791 ἡμᾶς
929 2720 1060 2788 περὶ
1090 2719 1192 2790 τὴν
1220 2719 1443 2788 ἀγάπην
1470 2718 1571 2789 τὴν
1617 2717 1893 2789 ὑμετέραν

296 2808 616 2880 ἐργάζεται.
645 2811 824 2882 Χάριν
853 2809 911 2864 δέ
955 2811 1087 2880 ὑμῖν
1131 2809 1243 2881 έχω
1283 2810 1380 2863 καὶ
1419 2809 1519 2882 τῆς
1552 2809 1790 2881 σπουδῆς
1823 2809 1892 2880 ἠν

293 2900 650 2969 ἐπεδείξασθε
691 2903 836 2976 ὑπὲρ
875 2902 970 2958 τοῦ
1019 2902 1225 2976 μηδένα
1267 2901 1496 2976 θόρυϐον
1538 2889 1794 2970 γενέσθαί
1835 2903 1894 2955 ἐν

295 2997 365 3068 τῇ
397 2994 701 3068 Ἐκκλησία
719 2978 805 3068 Χτῇ
842 2995 953 3050 τῶν
982 2994 1218 3058 Γότθων,
1259 2993 1376 3048 ἀλλ’
1415 2994 1497 3058 είς
1530 2992 1800 3065 ἀναϐολὴν
1833 2993 1894 3046 τὸ

298 3084 533 3156 πρᾶγμα
571 3086 858 3156 έμπεσεῖν.
906 3085 1018 3140 Καὶ
1064 3085 1128 3138 οὐ
1177 3083 1339 3156 μόνον
1381 3084 1484 3138 οὐκ
1527 3083 1768 3154 ἐγκαλῶ,
1810 3083 1893 3138 ὅτι

292 3175 488 3230 οὐδένα
531 3176 852 3250 ἐπέμψατε,
886 3176 1025 3232 ἀλλά
1065 3178 1163 3231 καὶ
1207 3176 1419 3230 ἐπαινῶ
1462 3176 1561 3230 καὶ
1599 3175 1887 3248 θαυμάζω.

311 3267 518 3322 Ἐκεῖνο
544 3269 655 3340 7&9
707 3269 844 3324 πολύ
886 3267 1078 3323 τούτου
1118 3268 1536 3340 προτιμότερον,
1575 3268 1639 3322 τὸ
1685 3267 1893 3331 πάντας

307 3359 456 3430 ὑμᾶς
487 3361 568 3423 είς
611 3358 710 3431 τὴν
745 3359 1003 3414 ὑπόθεσιν
1029 3357 1235 3428 ταύτην
1282 3359 1653 3430 ἀσχολεῖσθαι.
1696 3358 1790 3431 Μὴ
1825 3358 1893 3431 δὴ

294 3452 588 3524 διαλίπητε
621 3451 690 3506 τά
724 3453 857 3525 παρ’
884 3451 1042 3523 ὑμῶν
1081 3451 1266 3507 αὐτῶν
1309 3451 1658 3523 εἰσφέροντες
1699 3451 1794 3504 καὶ
1824 3450 1892 3504 δι’

298 3543 456 3616 ὑμῶν
484 3544 688 3611 αὐτῶν,
711 3546 809 3600 καὶ
835 3545 904 3600 δι’
927 3544 1152 3617 έτέρων,
1185 3537 1261 3599 ὧν
1295 3544 1362 3598 ἂν
1389 3538 1503 3597 οἷόν
1532 3560 1594 3596 τε
1620 3555 1647 3584 ι
1667 3537 1725 3616 ᾖ,
1750 3541 1894 3596 ὥστε

298 3635 593 3709 ὑπέρθεσιν
621 3636 700 3709 τῷ
739 3637 1030 3710 πράγματι
1077 3637 1354 3706 γενέσθαι.
1383 3638 1483 3690 ’Δν
1514 3653 1577 3689 τε
1616 3635 1726 3707 7&9
1761 3634 1892 3690 ἀνύ-

299 3728 434 3802 σητέ
454 3746 528 3794 τι,
549 3725 617 3784 ἀν
636 3745 697 3782 τε
724 3728 822 3800 μὴ,
848 3727 940 3782 τὸν
966 3726 1157 3799 μισθδν
1179 3726 1590 3799 ἀπηρτισμένον
1616 3725 1770 3797 ἔχετε
1793 3725 1894 3797 τῆς

296 3820 528 3896 γνώμης
555 3821 651 3878 καὶ
679 3821 780 3895 τῆς
809 3819 1137 3893 προθυμίας.

667 4021 797 4074 ΣΗν.
846 4016 1092 4080 Ἀκακιφ
1119 4017 1520 4086 πρεσϐυτέρῳ.

383 4173 440 4228 Ὀ
468 4172 612 4229 οὕτω
650 4172 855 4248 θερμὸς
878 4172 1041 4245 ἡμῶν
1068 4171 1328 4245 ἐραστὴς,
1353 4174 1382 4226 ὁ
1408 4171 1551 4226 οὐτω
1585 4171 1836 4245 σφοδρῶς
1863 4173 1891 4214 II

297 4271 430 4344 περὶ
456 4271 606 4341 ἡμᾶς
638 4267 1006 4340 διακείμενος,
1028 4267 1150 4322 οὐδὲ
1184 4266 1533 4340 γραμμάτων
1561 4267 1692 4338 ἡμῖν
1725 4284 1893 4338 μετα-

293 4363 453 4428 δίδως
495 4360 605 4416 τῶν
657 4359 786 4415 σῶν.
828 4358 1022 4413 Καίτοι
1059 4375 1125 4427 γε
1174 4358 1277 4429 ἠδη
1327 4357 1748 4428 ἀπεστάλκαμεν
1795 4360 1892 4412 καὶ

296 4454 466 4522 ἀπαξ,
493 4456 590 4509 καὶ
616 4453 723 4519 δίς·
767 4451 929 4515 αὐτὸς
954 4451 1012 4504 δὲ
1042 4449 1404 4521 ὀκνηρότερος
1432 4451 1562 4522 περὶ
1597 4449 1756 4504 τοῦτο
1799 4452 1892 4519 γέ-

295 4565 481 4620 γονας.
518 4545 746 4602 Ἐννοῶν
789 4545 969 4599 τοίνυν
1007 4543 1170 4616 ἡλίκα
1217 4545 1348 4614 ἡμῖν
1385 4539 1609 4614 χαρίζῃ,
1637 4540 1709 4596 τά
1761 4544 1890 4615 περὶ

294 4641 398 4714 τῆς
425 4640 637 4710 ὑγιείας
666 4655 761 4692 σου
785 4637 985 4710 δηλῶν,
1017 4636 1155 4708 μετά
1183 4634 1378 4690 πολλοῦ
1409 4634 1504 4690 τοῦ
1526 4635 1727 4706 τάχους
1757 4637 1890 4708 ἡμῖν

295 4729 507 4802 γράψαι
545 4728 952 4802 παρακλήθητι.
997 4726 1204 4798 Πολλὴν
1239 4726 1348 4798 7&9
1376 4727 1740 4799 καρπούμεθα
1783 4744 1891 4781 πα-

298 4823 586 4898 ράκλησιν,
611 4823 680 4877 τά
715 4823 845 4895 περὶ
882 4822 983 4892 τῆς
1009 4821 1195 4890 ὑγείας
1229 4820 1384 4892 ὑμῶν
1412 4821 1520 4877 τῶν
1545 4819 1888 4891 ἀγαπώντων

293 4916 447 4988 ἡμᾶς
477 4915 839 4987 μανθάνοντες
872 4914 1132 4984 συνεχῶς.

863 5052 991 5106 ΣΘν.
1025 5051 1338 5106 Σαλϐἰωνι.

368 5183 494 5238 Ὀτι
527 5183 625 5255 μὲν
653 5185 801 5254 ἡμᾶς
840 5183 1082 5255 ἀγαπᾷς,
1118 5181 1221 5237 κᾶν
1276 5183 1517 5253 γράψῃς.
1567 5182 1671 5234 κᾶν
1706 5179 1887 5250 σιγᾷςν

293 5272 412 5331 οἴδα
437 5276 642 5346 σαφῶς.
669 5276 804 5330 Οὐδέ
837 5277 946 5347 γὰρ
980 5275 1212 5330 δύνασαι
1249 5272 1432 5329 λαθεῖν
1470 5273 1613 5328 οὓτω
1659 5273 1888 5344 σφοδρὸς

293 5371 455 5442 ἡμῶν
489 5369 568 5424 ῶν
608 5370 866 5442 ἐραστὴς,
899 5369 1036 5424 ἀλλὰ
1083 5370 1286 5432 πάντες
1332 5366 1488 5421 τοῦτο
1532 5366 1742 5437 ᾅδουσι,
1792 5365 1889 5420 καὶ

293 5462 482 5516 πολλοὶ
515 5463 650 5536 πρὸς
682 5464 831 5535 ἡμᾶς
865 5461 1257 5534 ἀφικνούμενοι
1281 5461 1382 5531 τὴν
1415 5459 1628 5530 θερμήν
1672 5476 1766 5512 σου
1794 5460 1888 5513 καὶ

358 5611 386 5640 ⁸
408 5608 494 5660 Sic
515 5623 606 5660 nos
627 5623 657 5673 ρ
683 5611 890 5671 Savillo,
915 5615 1299 5673 Blyanl0__d’0¢,
1319 5607 1450 5669 quod
1471 5603 1602 5668 apud
1626 5603 1796 5654 loud.
1835 5611 1890 5654 et

293 5672 471 5726 Iure].
496 5679 608 5735 post
627 5671 659 5735 ἦ
688 5670 908 5735 additum
929 5670 1133 5735 legitur,
1162 5670 1298 5720 Εοιτ.

355 5727 517 5800 ξι)υό
546 5727 664 5786 nisi.
699 5733 921 5800 σφοδρῶς
959 5727 1067 5798 πὶρὶ
1105 5734 1250 5794 ἡμᾶς,
1289 5731 1362 5780 εἰσ
1403 5729 1558 5780 Savu.
1604 5727 1660 5779 In
1707 5727 1883 5778 Morel.

294 5796 500 5862 σφόδρα.

1731 315 2114 376 EPISTOIJE.
2234 291 2241 297 ’

3496 311 3605 368 τεε

2009 437 2238 508 γνησίαν
2281 436 2413 507 ἡμῖν
2450 431 2893 500 ἀπαγγέλλουσιν
2938 427 3189 499 ἀγάπην.
3235 426 3603 498 Ἐϐουλόμεθα

2004 530 2063 583 δὲ
2101 529 2196 583 καί⁵
2234 527 2540 600 γράμματα
2570 523 2810 595 συνεχῶς
2836 522 3087 593 δέχεσθαι
3125 521 3278 593 παρά
3311 521 3412 592 τῆς
3444 521 3605 591 εὐγε-

2004 620 2156 683 νείας
2193 619 2292 690 τῆς
2327 617 2448 688 σῆς,
2493 616 2626 686 περὶ
2656 617 2758 685 τῆς
2795 614 2986 682 ὑγείας
3024 612 3127 684 τῆς
3169 612 3272 676 σῆς
3315 611 3605 684 δηλοῦντα,

2004 710 2099 763 καὶ
2136 709 2237 779 τῆς
2279 705 2566 776 δεσποίνης
2607 721 2712 775 μου
2745 705 2846 774 τῆς
2879 701 3172 774 ἐλευθέρας
3203 718 3320 767 σου,
3364 701 3462 755 καὶ
3507 699 3606 755 τοῦ

2003 802 2153 855 οῖκου
2203 816 2298 854 σου
2335 798 2566 860 παντός’
2600 791 2762 850 οἶσθα
2799 795 2912 866 γάρ
2953 795 3104 857 ὅπως
3150 794 3286 863 ἡμῖν
3319 791 3480 846 τοῦτο
3508 809 3600 846 πε-

2007 891 2418 965 ρισπούδαστον.
2445 887 2611 942 Ταῦτ’
2650 885 2744 941 οὖν
2773 885 2950 951 εἰδὼς,
2991 885 3228 939 δέσποτά
3271 901 3374 955 μου
3407 883 3606 955 τιμιώο

2002 993 2155 1041 τατε,
2192 976 2242 1028 εί
2280 976 2376 1028 καὶ
2411 973 2652 1045 ἐργῶδες
2679 973 2820 1043 ὅπερ
2864 969 3128 1040 αἰτοῦμεν
3157 969 3346 1023 λοιπὸν
3379 968 3468 1022 διά
3505 967 3608 1039 τὴν

2002 1067 2100 1121 τοῦ
2147 1064 2416 1137 χειμῶνος
2456 1063 2630 1136 ὥραν,
2679 1064 2776 1116 καὶ
2820 1063 2882 1116 τὸ
2931 1061 3226 1126 σπανιάκις
3274 1063 3410 1134 ημῖν
3451 1077 3607 1125 τινας

1955 1163 1964 1168 ’
2003 1153 2412 1227 ἐπιχωριάζειν,
2434 1154 2524 1206 ὅτε
2549 1153 2618 1206 ἂν
2640 1151 2761 1223 ἐξῇ,
2788 1151 3027 1222 γράφειν
3053 1152 3188 1222 ἡμῖν
3229 1151 3304 1223 μη
3329 1150 3608 1218 κατόκνει,

2003 1244 2177 1299 ταῦτα
2213 1243 2391 1316 δηλῶν
2435 1242 2582 1314 άπερ
2630 1242 2940 1313 ῂτήσαμεν.
2985 1241 3097 1312 Τὴν
3129 1241 3240 1312 7&9
3278 1241 3474 1308 ὑγείαν
3507 1241 3608 1314 τὴν

2005 1336 2278 1409 ὑμετέραν
2323 1334 2420 1390 καὶ
2460 1335 2560 1406 τὴν
2599 1332 2905 1403 ἀσφάλειαν
2951 1333 3224 1406 ἡμέτερον
3266 1328 3408 1388 εἷναι
3447 1333 3610 1404 νομί-

2005 1426 2171 1498 ζομεν
2201 1426 2454 1490 πλοῦτον,
2483 1426 2580 1480 καὶ⁸
2624 1425 2990 1498 εὐφροσύνην,
3020 1426 3116 1479 καὶ
3150 1424 3352 1498 πολλὴν
3389 1425 3604 1498 ἡδονήν.

2004 1519 2097 1592 Μὴ
2139 1519 2204 1592 δὴ
2240 1517 2512 1590 τοσαύτης
2554 1519 2703 1590 ἡμᾶς
2753 1519 3141 1589 ἀποστερήσῃς
3184 1518 3422 1588 ἡδονῆς,
3470 1517 3610 1572 άλλά

2003 1611 2226 1686 χαρίζου
2254 1612 2367 1674 τοῖς
2403 1610 2611 1681 σφόδρα
2648 1626 2708 1662 σε
2739 1608 3001 1678 ἀγαπῶσι
3036 1608 3136 1680 τὴν
3169 1607 3260 1662 διά
3297 1608 3407 1662 τῶν
3431 1606 3610 1662 τοιού-

2002 1725 2112 1762 των
2133 1703 2482 1778 γραμμάτων
2504 1702 2876 1775 παράκλησιν,
2893 1699 3097 1773 πολλὴν
3118 1702 3252 1773 ἡμῖν
3276 1699 3611 1773 κομίζουσαν

2003 1796 2104 1870 τὴν
2133 1792 2515 1868 παραμυθίαν.

2498 1946 2585 2023 [7|
2599 1946 2653 2021 7]
2680 1948 2785 2003 ΣΡ.
2816 1945 3115 2016 Θεοδώρῳ.

2087 2105 2410 2176 Ἐθαύμασα
2439 2103 2560 2167 πῶς
2592 2103 2725 2175 παρ’
2749 2102 2955 2175 έτέρων
2977 2101 3184 2174 έμαθον
3207 2101 3306 2176 την
3333 2103 3609 2176 ρᾳθυμίαν

2004 2197 2328 2252 Σαλουστίου
2379 2196 2473 2251 τοῦ
2525 2195 2929 2270 πρεσϐυτέρου.
2975 2193 3083 2250 Καὶ
3129 2194 3239 2268 7&9
3298 2195 3608 2268 ἐγνωρίσθη

2007 2309 2096 2363 μοι
2132 2292 2214 2346 δτι
2255 2289 2410 2361 μόλις
2455 2291 2617 2344 πέντε
2661 2287 2884 2360 ὁμιλίας
2923 2283 3079 2342 εἶπεν
3121 2288 3227 2353 ἓως
3271 2288 3609 2361 Ὀκτωϐρίου

2007 2381 2196 2455 μηνὸς,
2231 2382 2326 2436 καὶ
2364 2382 2450 2436 δτι
2483 2381 2582 2435 καὶ
2608 2380 2776 2444 αὐτὸς
2812 2379 2908 2459 καὶ
2945 2377 3206 2447 Θεόφιλος
3235 2379 3266 2432 ὁ
3306 2377 3610 2450 πρεσϐύτε-

2005 2492 2120 2547 ρος,
2147 2477 2176 2528 ό
2206 2475 2307 2547 μέν
2351 2473 2523 2546 δκνῳ,
2570 2473 2600 2526 δ
2642 2472 2700 2526 δὲ
2738 2470 2936 2544 δειλία,
2973 2471 3035 2524 οὐ
3079 2470 3490 2545 παραϐάλλουσι
3539 2473 3608 2543 τῇ

2005 2566 2246 2634 συνάξει.
2288 2567 2452 2622 Ἀλλά
2479 2567 2728 2638 Θεοφίλῳ
2769 2566 2869 2638 μὲν
2903 2565 3264 2637 σφοδρότερον
3298 2564 3609 2630 ἐπέστειλα,

2003 2659 2392 2731 καθαψάμενος
2419 2659 2612 2724 αὐτοῦ,
2638 2657 2967 2713 Σαλουστίου
2995 2657 3052 2710 δὲ
3075 2658 3266 2710 ἐνεκεν
3298 2659 3366 2729 τῇ
3391 2659 3457 2729 σῇ
3487 2659 3612 2711 ἐπι-

2003 2749 2208 2802 στέλλω
2255 2749 2554 2821 τιμιότητι,
2600 2747 2791 2818 ἐπειδὴ
2842 2743 2961 2801 οἶδα
3002 2746 3120 2810 πῶς
3160 2745 3330 2800 αὐτοῦ
3374 2745 3606 2818 σφοδρὸς

2001 2841 2242 2912 ἐραστὴς
2262 2836 2346 2894 εἶ·
2381 2840 2477 2896 καὶ
2525 2839 2733 2911 σφόδρα
2767 2839 2948 2910 χαίρω
2978 2838 3074 2892 καὶ
3100 2837 3472 2910 εὐφραίνομαι
3514 2837 3610 2890 ἐπὶ

1999 2932 2200 3003 τούτῳ.
2233 2931 2345 2985 Καὶ
2384 2931 2539 3000 ἀλγῶ
2574 2929 2712 3002 πρὸς
2753 2929 2855 2999 τὴν
2898 2928 2998 3000 σὴν
3041 2929 3358 3000 τιμιότητα,
3391 2927 3474 2981 ὅτι
3517 2944 3610 2998 μοι

2001 3025 2104 3078 οὐκ
2133 3025 2398 3096 ἐποίησας
2421 3022 2581 3077 τοῦτο
2617 3021 2800 3093 δῆλον,
2829 3019 2950 3075 δέον
2977 3021 3075 3075 καὶ
3098 3019 3416 3091 διορθῶσαι,
3443 3018 3612 3082 αὐτὸς

2000 3115 2060 3170 δὲ
2093 3115 2375 3186 οὐδέτερον
2401 3113 2610 3168 τούτων
2648 3113 2936 3183 ἐποίησας.
2962 3109 3078 3165 Νῦν
3111 3109 3246 3181 γοῦν
3279 3109 3607 3182 παρακαλῶ,

2002 3207 2097 3260 καὶ
2135 3205 2320 3278 σαυτῷ
2344 3206 2440 3260 καὶ
2472 3207 2606 3277 ἡμῖν
2629 3205 2700 3260 τά
2731 3204 2965 3276 μέγιστα
3003 3203 3386 3275 χαριζόμενος,
3419 3201 3612 3271 διέγει-

2005 3314 2097 3369 ρον
2122 3297 2286 3351 αὐτὸν
2320 3297 2701 3368 σφοδρότερον,
2747 3297 2844 3350 καὶ
2881 3294 2956 3366 μὴ
2988 3294 3053 3348 ια
3096 3293 3259 3348 αὐτὸν
3301 3292 3609 3359 καθεύδειν,

2005 3388 2140 3460 μηδὲ
2165 3389 2376 3461 ἀργεῖν.
2404 3389 2468 3442 El
2495 3387 2607 3459 7&9
2639 3387 2716 3458 μὴ
2739 3387 2835 3441 νῦν
2869 3388 2928 3441 ἐν
2956 3386 3037 3458 τῷ
3070 3383 3302 3458 χειμῶνι
3327 3383 3439 3440 τῶν
3469 3401 3612 3457 πρα-

2001 3481 2232 3550 γμάτων
2273 3477 2481 3534 τούτων
2520 3479 2616 3532 καὶ
2644 3483 2712 3552 τῇ
2744 3478 2884 3552 ζάλῃ
2913 3479 3016 3549 τὴν
3055 3480 3448 3550 προσήκουσαν
3489 3478 3613 3532 ἐπι-

1995 3572 2236 3639 δείξαιτο
2293 3572 2571 3645 ἀνδρείαν,
2625 3573 2758 3627 πότε
2809 3571 2978 3627 αὐτοῦ
3028 3571 3410 3643 δεηθησόμεθα
3455 3582 3480 3611 θ
3517 3568 3611 3624 οῦ-

2001 3684 2150 3733 τως;
2181 3665 2311 3720 ὃταν
2345 3667 2556 3738 γαλήνη
2601 3665 2832 3738 γένηται
2883 3665 2978 3720 καὶ
3023 3665 3251 3737 εἰρήνης
3296 3663 3611 3736 Παρακαλῶ

1999 3759 2204 3825 τοίνυν,
2250 3757 2321 3812 τά
2369 3757 2556 3829 σαυτῷ
2605 3758 2891 3831 πρέποντα
2933 3755 3106 3811 ποιῶν
3153 3757 3251 3811 καὶ
3297 3757 3462 3812 αὐτὸν
3515 3755 3610 3810 καὶ

2003 3851 2214 3913 πάντας
2243 3849 2514 3921 διέγειρον
2548 3851 2630 3914 εἰς
2660 3850 2761 3922 τὴν
2801 3849 3038 3920 σπουδὴν
3067 3850 3164 3904 καὶ
3190 3850 3293 3919 τὴν
3319 3847 3609 3919 ἀντίληψιν

1999 3942 2095 3997 τοῦ
2138 3941 2543 4014 χειμαζομένου
2601 3941 2756 4008 λαοῦ,
2791 3942 2821 3996 δ
2856 3943 2951 3996 καὶ
2995 3941 3104 4014 πρὸ
3147 3941 3261 3995 τῶν
3317 3939 3608 4012 ἡμετέρων

2002 4033 2349 4105 γραμμάτων
2390 4026 2450 4086 εὖ
2503 4026 2602 4086 οἶδ’
2647 4032 2732 4086 ὅτι
2781 4030 2996 4087 οἴκοθεν
3043 4031 3138 4085 καὶ
3199 4029 3356 4102 παρὰ
3403 4029 3605 4084 σαυτοῦ

2002 4127 2204 4189 ποιεῖς.

2360 4259 2523 4314 ΣΙΑ’.
2558 4256 2811 4328 Τιμοθέῳ
2835 4255 3238 4326 πρεσϐυτέρῳ.

2083 4415 2277 4487 Ἡμεῖς
2317 4414 2419 4486 μέν
2449 4413 2546 4468 σοὶ,Δ
2576 4414 2673 4468 καὶ
2709 4413 2904 4485 πρώην
2946 4411 3367 4484 ἐπεστάλκαμεν
3396 4411 3491 4468 καὶ
3522 4416 3602 4488 τῷ

2001 4509 2178 4579 κυρίῳ
2212 4525 2314 4580 μου
2340 4506 2420 4578 τῷ
2441 4507 2762 4580 τιμιωτάτῳ
2788 4505 3058 4578 τριϐούνῳ
3082 4505 3603 4578 Μαρκιανιῖηαύτδς

1997 4601 2056 4656 δὲ
2105 4600 2232 4656 οὐτε
2287 4603 2420 4672 παρ’
2464 4600 2678 4654 ἐκείνου
2735 4600 3043 4672 γράμματα
3093 4601 3227 4670 ἡμῖν
3279 4601 3602 4672 πεμφθῆναι

2001 4693 2448 4767 παρεσκεύασας,
2481 4691 2608 4746 οὐτε
2654 4691 2818 4755 αὐτὸς
2868 4693 2996 4762 ἡμῖν
3046 4692 3409 4756 ἐπέσταλκας.
3455 4693 3602 4748 Ἀλλ’

1998 4787 2150 4856 ὅμως
2194 4786 2356 4855 ἡμεῖς
2405 4783 2632 4846 ἑαυτοὺς
2681 4781 3031 4853 μιμούμενοι,
3073 4781 3134 4835 οὐ
3178 4782 3468 4855 παυόμεθα
3518 4783 3600 4838 δι-

1999 4875 2210 4948 ηνεκῶς
2259 4875 2413 4946 ὑμῶν
2465 4875 2805 4945 μεμνημένοι
2846 4873 2943 4927 κα)⁸
2977 4873 3406 4940 ἐπιστέλλοντες,
3436 4873 3601 4945 ἡνίκα

1999 4968 2067 5023 ἂν
2101 4968 2226 5039 ὲ.ξῇ-
2261 4967 2289 5020 δ
2334 4967 2398 5038 δὴ
2447 4965 2543 5019 καὶ
2589 4964 2686 5018 νῦν
2737 4966 3141 5035 πεποιήκαμεν,
3195 4967 3424 5036 χάριτας
3469 4966 3600 5038 ὑμῖν

1996 5058 2390 5128 ὁμολογοῦντες
2436 5058 2639 5130 μυρίας
2689 5058 2832 5128 ὑπὲρ
2869 5056 2968 5127 τῆς
3011 5057 3248 5126 σπουδῆς
3293 5053 3361 5130 ἦς
3391 5058 3600 5111 ἐπιδεί-

1999 5152 2222 5216 κνυσθε,
2269 5153 2366 5205 καὶ
2413 5151 2522 5203 τῶν
2569 5150 2832 5203 κινδύνων
2861 5147 2954 5212 οὓς
2989 5149 3316 5220 ὑπομένετε,
3359 5150 3453 5203 καὶ
3493 5167 3599 5219 μα-

1999 5244 2314 5314 καρίζοντες
2367 5243 2534 5313 ὑμᾶς.
2577 5242 2654 5295 Οὐ
2713 5241 2824 5312 γάρ
2877 5241 3112 5311 μικροὺς
3163 5238 3417 5292 ἐντεῦθεν
3468 5241 3597 5310 ὑμῖν

2001 5334 2432 5406 προαποτίθεσθε
2465 5332 2784 5404 στεφάνους,
2823 5333 2958 5404 πρὸς
2997 5332 3179 5401 ὀλίγον
3213 5331 3313 5402 μὲν
3342 5331 3597 5401 θλιϐόμε-

1998 5445 2102 5492 νοι,
2131 5429 2400 5498 διηνεκεῖς
2437 5419 2493 5480 δὲ
2537 5425 2774 5497 ἀμοιϐάς
2813 5428 2872 5479 ὲν
2916 5427 3032 5488 τοῖς
3078 5423 3328 5495 οὐρανοῖς
3378 5439 3598 5494 προπα-

2001 5520 2432 5591 ρασκευάζοντες
2470 5519 2622 5590 ὑμῖν,
2667 5520 2763 5571 καὶ
2807 5516 2991 5588 πολλῷ
3035 5515 3255 5586 μείζους
3284 5513 3394 5567 τῶν
3433 5514 3595 5586 ἱδρώ-

1997 5627 2106 5664 των
2135 5610 2361 5664 τούτων.
2402 5613 2486 5664 Οὺ
2527 5609 2637 5680 γάρ
2671 5609 2813 5675 ἄξια
2853 5611 2930 5664 τὰ
2976 5607 3298 5678 παθήματα
3331 5606 3438 5662 τοῦ
3477 5602 3596 5659 νῦν

2061 5792 2085 5820 ί
2111 5789 2221 5840 Duo
2238 5801 2353 5837 mss.
2380 5788 2663 5848 δεησόμεθα.
