4076 6428
527 294 632 353 υτ)

532 385 740 484 καιροῦ
763 411 915 483 πρὸς
945 407 1060 479 τὴν
1078 407 1435 479 μέλλουσαν
1460 401 1650 470 δόξαν
1672 395 2102 469 ἁποκαλυςρθῆσ

529 530 631 570 ναι
666 513 754 579 είς
789 508 967 583 ἡμᾶς.

880 663 1030 721 213'.
1059 663 1326 733 Θεοφίλῳ
1351 657 1746 734 πρεσϐυτέρῳ.

602 800 815 870 Σφόδρα
856 798 1071 868 ἤλγησα
1124 794 1365 860 ἀκούσας
1398 794 1480 848 ὅτι
1529 792 1624 847 καὶ
1667 790 1733 845 σύ
1772 789 1868 845 καὶ
1907 787 2107 844 Σαλού-

533 914 680 960 στιος
705 897 738 950 ό
769 892 1144 968 πρεσϐύτερος
1180 891 1242 946 οὐ
1289 889 1528 961 συνεχῶς
1571 887 1708 960 πρὸς
1744 885 1843 958 τὴν
1888 884 2107 952 σύναξιν

533 991 930 1066 παραϐάλλετε,
958 989 1052 1044 καὶ
1097 988 1196 1059 οὐχ
1237 985 1314 1050 ὡς
1351 983 1508 1055 ἔτυχέ
1546 999 1614 1055 με
1644 984 1802 1036 τοῦτο
1843 980 2103 1052 ἐλύπησε.

534 1075 844 1161 Πάρακαλῶ
875 1085 1078 1150 τοίνυν,
1113 1084 1161 1137 εί
1194 1081 1296 1152 μιν
1322 1077 1518 1150 ψεῦδος
1545 1077 1724 1143 τοῦτο,
1748 1075 1982 1150 δηλῶσαί
2015 1092 2108 1147 μοι

533 1183 891 1248 σπουδάσατε,
917 1182 999 1235 δτι
1042 1179 1222 1252 μάτην
1247 1175 1752 1249 ἐσυκοφαντήθητε·
1796 1174 1846 1228 εί
1881 1172 1937 1227 δέ
1974 1172 2109 1243 ἀλη-

533 1283 658 1348 θές,
705 1275 1215 1354 διορθώσασθετὴν
1265 1272 1523 1345 τοιαύτην
1568 1270 1856 1345 ρᾳθυμίαν.
1896 1270 2108 1340 Ὠσπερ

533 1377 645 1450 γὰρ
680 1376 935 1450 μέγιστος
974 1375 1103 1447 ὐμῖν
1145 1375 1296 1426 ἐστιν
1329 1371 1360 1426 ό
1411 1368 1622 1442 μισθὸς,
1659 1367 1892 1440 μάλιστα
1937 1367 1996 1421 ἐν
2029 1364 2109 1437 τῷ

534 1473 765 1545 παρόντι
796 1471 973 1546 καιρῷ
1000 1471 1099 1544 τὴν
1125 1472 1512 1546 προσήκουσαν
1535 1467 1788 1541 ἀνδρείαν
1813 1465 2112 1522 ἐπιδεικνυσ

539 1569 751 1641 μένοιςο
809 1568 980 1631 οὕτως
1031 1567 1092 1620 οὐ
1142 1564 1321 1639 [718]
1365 1564 1428 1620 τὸ
1497 1563 1658 1635 τυχὸν
1716 1561 1868 1616 ἐσται
1934 1563 2111 1635 κρῖμα

540 1663 784 1732 ὀκνοῦσι,
815 1662 910 1717 καὶ
940 1663 1344 1734 ἀναδυομένοις,
1371 1660 1467 1716 καὶ
1496 1658 1566 1714 τά
1590 1660 1722 1732 παρ’
1768 1656 1979 1713 ἑαυτῶν
2011 1658 2111 1712 οὐκ

536 1760 900 1832 εἰσφέρουσιν.
932 1761 1074 1813 Ἴστε
1117 1757 1228 1831 7&9
1257 1756 1312 1811 τί
1362 1755 1630 1811 πέπονθεν
1661 1757 1690 1810 ό
1735 1754 1797 1810 τὺ
1847 1755 2111 1811 τάλαντον

542 1855 863 1926 καταχώσας
891 1855 951 1909 τὸ
981 1853 1060 1919 ἓν,
1087 1854 1146 1918 ὃς
1174 1853 1326 1908 οὐδὲν
1361 1853 1548 1926 ἕτερον
1574 1853 1995 1924 ἐγκαλούμενος,
2022 1852 2111 1907 διά

539 1953 698 2008 τοῦτο
741 1951 898 2024 μόνον
935 1950 1242 2017 ἐκολάζετο,
1271 1950 1365 2005 καὶ
1413 1949 1787 2024 ἀπαραίτητον
1832 1949 2003 2005 ἐδίδου
2035 1949 2112 2004 δί-

541 2065 666 2121 κην.
704 2047 1046 2102 Σπουδάσατε
1068 2043 1162 2120 οὖν
1183 2047 1272 2102 διά
1295 2046 1494 2120 τάχους
1517 2046 1879 2120 ἐλευθερῶσαι
1913 2064 1982 2120 με
2013 2046 2114 2120 τῆς

543 2143 837 2217 φροντίδος.
863 2144 1074 2216 ’Ὠσπερ
1098 2143 1208 2215 γὰρ
1234 2143 1436 2217 πολλήν
1467 2162 1558 2217 μοι
1581 2145 1741 2217 φέρει
1770 2144 2116 2216 παράκλησιν

542 2242 637 2296 καὶ
664 2240 1035 2313 παραμυθίαν,
1080 2240 1298 2295 ἐπειδὰν
1333 2240 1575 2306 ἀκούσω,
1608 2242 1690 2297 ὃτι
1731 2241 1871 2313 μετά
1910 2235 2116 2312 προθυ-

547 2325 684 2409 μ’ίας
729 2335 944 2391 ἅπαντα
984 2336 1077 2390 τὸν
1114 2335 1509 2408 χειμαζόμενον
1553 2336 1681 2393 λαὸν
1731 2342 2080 2411 συγκροτείτε
2096 2354 2112 2370 ο

541 2429 718 2497 οὕτως
752 2431 972 2488 ἐπειδάν
1011 2431 1188 2504 μάθω,
1232 2431 1315 2486 δτι
1355 2432 1499 2496 τινές
1529 2433 1887 2505 ρᾳθυμοῦσιν,
1913 2435 2011 2506 οὐχ
2040 2435 2118 2500 ὡς

542 2528 733 2602 ετυχεν
775 2530 924 2601 ἀλγῶ
969 2530 1108 2602 ὑπὲρ
1159 2530 1341 2586 αὐτῶν
1386 2531 1496 2586 τῶν
1551 2531 1960 2606 ῥᾳθυμούντων.
2006 2533 2118 2606 Τήν

547 2626 646 2700 μέν
671 2625 781 2699 γὰρ
810 2627 1103 2699 καλλίστην
1135 2628 1340 2700 ἀγέλην
1363 2629 1579 2702 ἐκείνην
1608 2631 1642 2702 ή
1676 2629 1770 2684 τοῦ
1796 2629 1931 2685 Θεοῦ
1957 2630 2118 2703 χάρις

545 2710 930 2795 καθ”ἐκάστην
959 2729 1253 2798 συγκροτεῖ
1276 2726 1511 2799 ήμιραν,
1542 2727 1792 2801 καθάπερ
1829 2729 1925 2782 καὶ
1964 2729 2122 2800 ὑμεῖς

541 2818 634 2874 διά
658 2819 767 2874 τῶν
788 2819 963 2892 ἔργων
988 2820 1171 2876 αὐτῶν
1189 2819 1392 2892 ἐγνωτε
1411 2839 1426 2854 ο
1451 2823 1503 2877 οί
1528 2823 1586 2877 δέ
1616 2822 1862 2896 ῥαθυμίᾳ
1888 2823 1960 2879 τὰ
1990 2825 2121 2896 παρ’

542 2916 752 2971 ἐαυτῶν
797 2917 1250 2990 ἐλλιμπάνοντες,
1293 2919 1354 2974 οὐ
1404 2921 1601 2992 μικρὸν
1631 2921 1847 2987 ἐαυτοῖς
1889 2922 1976 2976 διά
2021 2924 2122 2995 τῆς

544 3013 818 3086 ῥᾳθυμίας
841 3014 1044 3086 ταύτης
1071 3013 1365 3084 συνάγουσι
1396 3018 1588 3088 κρῖμα.

875 3171 1037 3226 ΣΙΓν.
1070 3167 1347 3236 Φιλίππῳ
1376 3172 1775 3243 πρεσϐυτέρῳ.

631 3304 966 3377 Ἑθαύμασα,
1002 3306 1122 3370 πῶς
1149 3309 1208 3361 ἐν
1240 3307 1383 3362 οὕτω
1413 3309 1591 3382 χράνφ
1619 3308 1814 3383 μακρῷ
1849 3311 1979 3382 ἡμῖν
2020 3311 2121 3365 οὐκ

545 3401 909 3468 ἐπέσταλκας,
946 3403 1061 3457 ἀλλ’
1087 3405 1308 3477 ἀγάπην
1343 3407 1441 3477 μὲν
1480 3410 1610 3480 περὶ
1643 3409 1788 3480 ήμᾶς
1828 3408 2123 3464 ἐπιδείκνυ-

546 3518 646 3556 σαι
691 3503 784 3557 καὶ
833 3502 1070 3569 ἀπόντας
1125 3503 1343 3577 πολλὴν,
1377 3507 1722 3578 γραμμάτων
1766 3507 1824 3561 δέ
1874 3509 2009 3580 ἡμῖν
2060 3510 2122 3562 οὐ

548 3599 858 3672 μετέδωκας
895 3598 1003 3654 τῶν
1051 3600 1176 3655 σῶν.
1224 3602 1339 3656 Νῦν
1386 3603 1516 3673 γοῦν
1552 3606 1684 3675 ἡμῖν
1727 3605 2007 3675 γράφειν⁴¹
2049 3605 2123 3676 μὴ

548 3699 909 3769 κατοκνήσῃς,
945 3697 1014 3752 τά
1043 3699 1170 3772 περὶ
1195 3699 1296 3770 τῆς
1320 3699 1506 3768 ὑγείας
1536 3701 1637 3772 τῆς
1676 3700 1777 3771 σῆς
1808 3700 1983 3774 δηλῶν
2001 3719 2015 3734 ·
2051 3705 2128 3768 ὡς

550 3794 711 3864 ἡμεῖς
744 3810 830 3862 γε,
877 3795 972 3847 καὶ
1010 3793 1086 3866 μὴ
1117 3795 1420 3866 γράφοντός
1455 3813 1570 3861 σου,
1608 3794 1678 3847 τά
1721 3795 1790 3850 σά
1832 3812 2127 3868 περιεργα-

553 3887 777 3959 ζόμεθα,
829 3891 923 3944 καὶ
964 3891 1227 3963 ἔγνωμεν,
1260 3893 1343 3945 ὅτι
1389 3892 1485 3946 καὶ
1523 3893 1624 3963 τῆς
1660 3893 1857 3964 σχολῆς
1901 3891 2127 3966 ἐξεϐλή-

552 3984 708 4056 θητε,
735 3986 834 4057 τὴν
859 3987 989 4057 ὐμῖν
1016 3991 1333 4060 πρέπουσαν
1355 3991 1669 4062 παρρησίαν
1700 3991 2123 4063 ἐπιδειξάμενοι.

555 4083 728 4137 Τοῦτο
769 4084 897 4155 ὑμῖν
961 4086 1182 4156 μισθὸς,
1230 4085 1388 4140 τοῦτο
1438 4089 1787 4159 πραγματεία
1840 4089 2126 4162 οὐράνιος,

554 4181 713 4236 τοῦτο
745 4182 1005 4253 στέφανος
1047 4185 1342 4256 ἀκήρατος,
1373 4184 1531 4240 τοῦτο
1580 4185 1849 4257 βραϐείων
1897 4187 2123 4260 πλῆθος.

557 4275 722 4330 Ταῦτ’
755 4272 847 4331 οὖν
876 4279 1087 4333 ἅπαντα
1114 4280 1471 4352 λογιζόμενοι,
1515 4282 1778 4352 γενναίως
1822 4285 2018 4355 φέρετε
2059 4285 2130 4340 τά

560 4375 956 4445 συμπίπτοντα.
1003 4377 1207 4442 Ὶκανδς
1259 4378 1370 4449 7&9
1409 4380 1437 4432 ό
1485 4377 1620 4444 Θεὸς
1679 4381 1774 4434 καὶ
1831 4383 1957 4449 τοὺς
2005 4401 2130 4437 πει-

561 4472 803 4543 ρασμούς
832 4470 988 4526 λῦσαι
1017 4471 1256 4538 τούτους,
1281 4473 1378 4528 καὶ
1411 4475 1672 4546 ταχίστην
1703 4478 1927 4549 ποιῆσαι
1955 4479 2131 4551 γαλή-

559 4587 679 4641 νην,
736 4569 955 4639 καὶτῆς
997 4571 1272 4642 ὑπομονῆς
1309 4572 1436 4644 ὑμῖν
1474 4571 1678 4645 ταύτης
1725 4574 1892 4630 πολὺν
1935 4576 2028 4630 καὶ
2069 4578 2127 4630 ἐν

560 4665 639 4736 τῷ
670 4665 916 4737 μέλλοντι
941 4666 1097 4720 αίῶνι
1125 4666 1307 4722 δοῦναι
1340 4669 1430 4721 τὸν
1461 4669 1672 4740 μισθόν.

742 4765 774 4798 ι
841 4822 994 4875 Σ1Δ’.
1034 4823 1408 4890 Σεϐαστιανῷ
1443 4827 1842 4896 πρεσϐυτέρῳ.

634 4959 698 5011 Et
726 4959 818 5012 καὶ
846 4957 923 5028 τῷ
958 4959 1169 5029 σώματι
1203 4962 1584 5032 κεχωρίσμεθά
1609 4981 1700 5016 σου
1744 4965 1842 5034 τῆς
1881 4965 2134 5037 τιμιότη-

565 5071 677 5119 τος,
709 5054 843 5109 ἀλλά
870 5057 963 5108 καὶ
993 5059 1060 5127 τῇ
1087 5057 1273 5128 ἀγάπῃ
1314 5075 1395 5110 σοι
1426 5059 1803 5131 συνδεδέμεθα,
1834 5064 1927 5116 καὶ
1969 5064 2134 5116 ὅπου-

568 5169 676 5222 περ
700 5151 765 5208 ἂν
785 5146 955 5224 ὦμεν,
989 5155 1356 5226 περιφέρομέν
1389 5173 1483 5210 σου
1509 5157 1608 5229 τὴν
1633 5158 1871 5212 διάθεσιν
1903 5160 1995 5213 ἐπὶ
2029 5163 2132 5232 τῆς

573 5248 812 5319 μνήμης,
848 5249 949 5304 κᾶν
978 5253 1057 5315 είς
1090 5251 1228 5305 αὐτά
1255 5252 1354 5322 τῆς
1384 5252 1707 5322 οἰκουμένης
1743 5255 2126 5328 ἀπενεχθῶμεν

570 5342 639 5396 τά
677 5345 941 5415 τέρματα.
976 5349 1097 5401 ’Ότι
1139 5348 1195 5400 δὲ
1241 5349 1334 5400 καὶ
1386 5349 1548 5411 αὐτὸς
1587 5349 1818 5421 άληστον
1863 5352 2005 5422 ἔχεις
2037 5354 2136 5425 τὴν

575 5443 793 5515 μνήμην
820 5446 998 5518 ήμῶν,
1036 5448 1186 5500 οὐδὲν
1225 5441 1376 5518 οἴμαι
1417 5449 1528 5503 δεῖν
1567 5450 1947 5522 ἀμφιϐάλλειν.
2001 5448 2132 5529 Οἶδα

577 5625 867 5746 εὲἑζηηέῗεε
903 5641 1016 5678 mss.
1041 5629 1153 5690 ἡμῖν
1192 5629 1386 5693 γράψαι.
1415 5627 1539 5678 Infra
1564 5629 1636 5679 ὅτι
1657 5630 1737 5679 καὶ
1756 5635 1840 5688 τῆς
1865 5632 2042 5694 σχολῆς
2063 5633 2134 5690 ἐξ-

1194 294 1254 353 3.
1290 289 1575 353 JOANNIS
1603 289 2097 354 οῐῑῐιῑεοετοω
2131 288 2448 348 ARCIIIEP.
2492 282 3044 347 CONSTANTINOP.

3656 294 3769 351 73‘}

2205 399 2316 472 γάρ
2359 417 2456 454 σου
2491 402 2552 455 τδ
2584 405 2807 476 γνήσιον
2834 404 2936 474 τῆς
2967 401 3284 468 διαθέσεως,
3326 400 3429 474 τῆς
3469 402 3692 474 ἀγάπης
3729 403 3786 460 εδ

2207 508 2529 580 στερρὸν,τδ
2556 509 2954 582 ἀπερίτρεπτον
2981 508 3084 580 τῆς
3109 507 3356 580 γνώμης.
3371 506 3464 561 Διὸ
3483 507 3578 564 καὶ
3593 526 3786 582 παρα-

2206 609 2477 680 καλοῦμεν
2499 611 2740 682 συνεχῶς
2762 613 2894 684 ήμῖν
2923 609 3282 675 ἐπιστέλλειν,
3301 609 3398 674 καὶ
3423 608 3494 664 τά
3522 611 3654 682 περὶ
3685 609 3789 682 τῆς

2208 717 2394 787 ὑγείας
2427 717 2530 788 τῆς
2584 699 2683 789 σῆς
2734 715 3204 789 εὐαγγελίζεσθαι.
3252 717 3465 788 Σφόδρα
3504 716 3619 789 7&9
3651 719 3789 788 ήμῖν

2207 823 2675 896 περισπούδαστον
2708 824 2839 898 περὶ
2861 823 3066 896 ταύτης
3095 823 3394 895 μανθάνειν
3412 840 3426 854 ·
3461 823 3558 878 καὶ⁸
3584 821 3792 891 πολλὴν

2207 929 2302 983 καὶ
2329 930 2389 983 ἐν
2411 928 2616 1001 ἐρημίᾳ
2643 928 3015 1001 διατρίϐοντες
3045 928 3156 984 ἀπὸ
3174 928 3284 984 τῶν
3313 927 3572 984 τοιούτων
3603 945 3789 1001 γραμ-

2212 1034 2400 1104 μάτων
2430 1033 2845 1106 καρπωσόμεθα
2873 1033 2973 1106 τὴν
3006 1033 3377 1108 παράκλησιν.

2455 1187 2606 1263 [719]
2645 1187 2806 1248 Σιε.
2837 1188 3108 1260 Πελαγιῳ
3138 1188 3542 1257 πρεσϐυτέρῳ.

2277 1339 2416 1401 Οἶδά
2451 1361 2548 1399 σου
2569 1345 2632 1400 τὸ
2664 1345 2841 1418 πρᾶον
2860 1384 2878 1410 ,
2929 1345 2992 1400 τὺ
3021 1345 3286 1408 ἐπιεικὲς,
3316 1341 3385 1396 τὸ
3411 1341 3656 1414 χρηστὸν
3675 1381 3690 1397 .
3729 1339 3795 1395 τὺ

2210 1448 2405 1518 γλυκὺ,
2426 1449 2489 1504 τδ
2515 1449 2717 1523 θερμὸν
2738 1453 2838 1523 τῆς
2867 1449 3112 1522 ἀγάπης,
3141 1449 3205 1504 τδ
3237 1450 3463 1524 γνήσιον
3484 1448 3587 1521 τῆς
3612 1445 3797 1503 διαθι-

2212 1571 2352 1619 σεως
2375 1555 2475 1626 τῆς
2504 1557 2634 1629 περὶ
2673 1556 2841 1627 ἡμᾶς.
2873 1554 2966 1609 Διὸ
2999 1555 3098 1610 καὶ
3132 1554 3532 1626 προσαγορεύω
3565 1569 3664 1608 σου
3690 1551 3792 1625 τὴν

2209 1658 2499 1731 τιμιότητα
2542 1658 2683 1730 μετά
2727 1658 2930 1730 πολλης
2976 1658 3078 1730 τῆς
3106 1658 3455 1731 προθυμίας,
3487 1658 3585 1713 καὶ
3631 1657 3792 1729 δῆλον

2211 1765 2372 1830 ποιῶ,
2399 1765 2484 1820 ὅτι
2503 1765 2747 1838 ὅπουπερ
2774 1765 2843 1820 ἀν
2863 1759 2910 1821 ὦ
2925 1765 2981 1830 δ,
3003 1766 3098 1820 ἐπὶ
3125 1765 3365 1832 διανοίας
3387 1782 3451 1821 σε
3482 1765 3788 1837 περιφέρω.

2211 1871 2530 1946 Παρακαλῶ
2553 1871 2755 1937 τοίνυν,
2781 1871 2870 1927 ἶνα
2896 1873 2993 1927 καὶ
3027 1871 3226 1946 ἐτέραν
3247 1870 3539 1944 δεχώμεθα
3561 1870 3665 1942 τὴν
3699 1869 3793 1924 εὐο

2214 1976 2511 2051 φροσύνην,
2547 1977 2622 2050 μή
2654 1976 2816 2050 μόνον
2843 1976 2954 2031 ἀπὸ
2978 1975 3077 2032 τοῦ
3109 1975 3365 2051 γράφειν,
3393 1975 3533 2032 ἀλλά
3563 1975 3664 2031 καὶ
3689 1974 3801 2031 ἀπὶ

2213 2082 2306 2139 τοῦ
2347 2082 2646 2156 μανθάνειν
2672 2081 2742 2137 τὰ
2781 2083 2912 2154 περὶ
2945 2081 3048 2155 τῆς
3097 2082 3289 2153 ὑγείας
3319 2082 3423 2155 τῆς
3462 2082 3584 2154 σῆς,
3632 2080 3799 2153 δήλου

2215 2193 2348 2263 ήμῖν
2376 2189 2551 2247 ταῦτα
2585 2189 2844 2262 συνεχῶς.
2868 2189 2990 2244 Κάν
3017 2188 3127 2262 γὰρ
3152 2191 3234 2254 είς
3249 2172 3646 2262 χαλεπωτέραν
3669 2185 3802 2242 ταύ-

2215 2313 2316 2368 της
2352 2297 2592 2370 ἐρημίαν
2624 2298 3041 2372 ἀπενεχθῶμεν,
3089 2297 3372 2370 δεχόμενοι
3401 2295 3633 2352 τοιαῦτα
3665 2298 3801 2370 παρ’

2217 2404 2372 2476 ὑμῶν
2396 2404 2507 2460 τῶν
2535 2404 2878 2475 ἀγαπώντων
2903 2405 3056 2478 ἡμᾶς
3086 2403 3414 2478 γράμματα»
3437 2403 3645 2476 πολλῆς
3666 2404 3806 2461 ἀπ’

2216 2509 2533 2583 λαυσόμεθα
2552 2510 2656 2584 τῆς
2685 2510 3048 2593 εὐφροσύνης.

2725 2667 2898 2740 τις.
2935 2670 3289 2735 Μουσωνίῳ.

2293 2823 2402 2880 Καὶ
2440 2823 2543 2898 ἤδη
2577 2821 2999 2894 ἐπεπάλκαμέν
3034 2837 3130 2877 σου
3162 2823 3231 2894 τῇ
3261 2817 3532 2892 εὐγενείᾳ,
3566 2817 3810 2875 δέσποτά

2226 2941 2326 2996 μου
2366 2923 2666 2997 τιμιώτατε
2703 2923 2798 2980 καὶ
2843 2923 3247 2990 εὐλαϐέστατε,
3291 2923 3388 2979 καὶ
3417 2922 3513 2978 νῦν
3549 2922 3610 2977 τδ
3668 2922 3808 2979 αὐτὸ

2222 3029 2383 3084 πάλιν
2415 3027 2700 3096 ποιοῦμεν,
2728 3029 2907 3084 καίτοι
2935 3028 3072 3104 μηδέ
3102 3028 3252 3095 ἀπαξ
3279 3028 3376 3084 σοῦ
3404 3029 3811 3095 ἐπεσταλκότος

2221 3135 2375 3206 ημῖν.
2406 3133 2544 3187 Ἀλλ’
2571 3133 2722 3205 ὅμως
2753 3135 2920 3206 ἡμεῖς
2943 3135 3004 3188 οὐ
3031 3134 3383 3208 διαλείψομεν
3411 3135 3653 3206 συνεχῶς
3678 3135 3811 3209 ὑμῖν

2222 3237 2654 3304 ἐπιστέλλοντες,
2677 3238 2773 3294 καὶ
2794 3237 2856 3293 τὸ
2879 3239 3014 3313 ήμῖν
3040 3239 3227 3305 αὐτοῖς
3255 3240 3468 3312 πρέπον
3499 3239 3808 3308 ποιοῦντες.

2235 3343 2598 3415 Ἐϐουλόμεθα
2619 3342 2731 3416 7&9
2749 3344 2846 3399 καὶ
2866 3343 3202 3416 πυκνότερον
3217 3343 3376 3398 τοῦτο
3397 3348 3574 3398 ποιεῖν
3592 3342 3812 3417 ’ἐπειδὴ

2222 3450 2280 3504 δὲ
2302 3449 2398 3504 καὶ
2437 3449 2496 3503 ἐν
2527 3449 2735 3522 ἐρημία
2776 3448 2944 3522 πολλῇ
2971 3449 3175 3530 χωρίου
3224 3447 3599 3521 διατρίϐομεν,
3651 3449 3749 3504 καὶ
3781 3451 3807 3504 ε

2224 3553 2335 3608 τῶν
2362 3553 2577 3626 λῃστῶν
2618 3553 2786 3623 φόϐος
2827 3554 3112 3626 πολιορκεῖ
3141 3553 3241 3614 τὴν
3295 3552 3475 3615 πόλιν,
3511 3553 3608 3607 καὶ
3646 3555 3681 3626 ή
3713 3552 3808 3608 τοῦ

2207 3654 2497 3726 ’χειμῶνος
2520 3654 2641 3727 ὥρα
2672 3653 3010 3726 ἀποτειχίζει
3031 3653 3131 3719 τὰς
3157 3655 3334 3723 όδούς,
3356 3655 3451 3710 καὶ
3473 3654 3652 3710 ταῦτα
3675 3656 3814 3711 πάν·

2227 3777 2296 3814 τα
2327 3760 2427 3814 οὐκ
2457 3759 2651 3830 ἀφίησι
2691 3758 2923 3823 πολλοὺς
2955 3759 3090 3830 ἡμῖν
3121 3759 3364 3830 συνεχῶς
3393 3759 3810 3835 ἐπιχωριάζειν,

2228 3865 2390 3937 ήνίκα
2415 3864 2482 3918 ἂν
2510 3863 2628 3936 ἐξῇ,
2648 3866 2744 3918 καὶ
2775 3863 3271 3936 γραμματηφόρων
3303 3864 3674 3937 ἐπιτύχωμεν,
3710 3865 3815 3939 τήν

2228 3967 2586 4039 ὀφειλομένην
2604 3967 2910 4040 πρόσρησιν
2935 3964 3298 4037 ἀποδιδόαμὲν
3315 3983 3409 4020 σου
3429 3969 3496 4040 τῇ
3526 3968 3813 4039 εὐλαϐείᾳ.

2234 4075 2425 4146 Ἶσμεν
2455 4074 2564 4146 γάρ
2596 4090 2691 4128 σου
2718 4073 2780 4127 τὸ
2813 4074 3037 4143 γνήσιον
3065 4071 3168 4143 τῆς
3196 4073 3438 4146 ἀγάπης,
3473 4074 3574 4148 τὴν
3601 4075 3816 4150 θερμὴν

2230 4181 2489 4245 διάθεσιν,
2519 4181 2580 4235 τδ
2609 4179 3016 4256 ἀπερίτρεπτον
3043 4178 3142 4250 τῆς
3176 4178 3426 4250 γνώμης,
3460 4179 3561 4252 τὴν
3594 4181 3813 4238 ἐλευθε-

2236 4285 2377 4356 ρίαν,
2405 4282 2467 4336 τό
2494 4283 2876 4356 ἀνυπόκριτον.
2903 4282 2994 4336 Διὸ
3027 4283 3122 4338 καὶ
3150 4283 3246 4336 ἐπὶ
3285 4285 3506 4356 μνήμης
3542 4301 3602 4338 σε
3638 4285 3819 4358 διηνε-

2233 4388 2345 4451 κῶς
2373 4388 2777 4460 περιφέρομεν,
2828 4388 3075 4460 ὅπουπερ
3112 4387 3179 4442 ἀν
3203 4381 3384 4458 ὦμεν,
3419 4388 3516 4443 καὶ
3558 4387 3817 4444 ἐπιλαθέ-

2234 4492 2359 4548 σθαι
2388 4510 2482 4546 σου
2512 4492 2613 4564 τῆς
2641 4492 2937 4565 ἐμμελείας
2969 4493 3031 4547 οὐ
3054 4492 3353 4564 δυνάμεθα.
3385 4493 3504 4547 Ἵνα
3527 4492 3586 4547 δὲ
3622 4492 3700 4566 μὴ
3740 4493 3820 4566 τῷ

2233 4596 2466 4668 γράφειν
2503 4594 2695 4666 μόνον,
2750 4594 2886 4649 ἀλλά
2935 4595 3030 4650 καὶ
3076 4592 3156 4666 τῷ
3184 4593 3439 4664 δέχεσθαι
3471 4592 3816 4679 γράμματα,

2235 4697 2363 4769 περὶ
2397 4699 2495 4769 τῆς
2532 4697 2721 4766 ὐγείας
2750 4698 2850 4768 τῆς
2885 4696 2985 4767 σῆς
3020 4695 3311 4766 δηλοῦντα,
3364 4695 3819 4768 εὐφραινώμεθα,

2236 4801 2422 4874 πέμπε
2450 4802 2690 4874 συνεχῶς
2719 4803 2857 4873 ἡμῖν
2878 4799 3133 4863 τοιαύτας
3176 4800 3486 4864 ἐπιστολάς.
3513 4777 3677 4856 υῦτω
3708 4803 3820 4875 7&9

2235 4905 2329 4959 καὶ
2354 4905 2636 4978 πόρρωθεν
2669 4905 2822 4968 ὄντες
2868 4904 3072 4975 πολλὴν
3106 4903 3521 4976 καρπωσόμεθα
3554 4904 3668 4959 ἀπὸ
3711 4904 3824 4960 τῶν

2236 5009 2492 5062 τοιούτων
2524 5007 2873 5080 γραμμάτων
2917 5006 3295 5079 παραμυθίαν,
3337 5008 3470 5062 ὅταν
3501 5007 3820 5078 ἀκούωμεν,

2237 5114 2318 5167 ὅτι
2368 5115 2528 5185 ὑμεῖς
2564 5113 2615 5166 οί
2645 5112 2867 5184 σφοδροὶ
2924 5111 3084 5183 ήμῶν
3108 5112 3341 5183 ἐρασταὶ
3383 5112 3478 5167 καὶ
3521 5111 3720 5185 θερμοὶ
3766 5117 3824 5171 ἐν

2239 5201 2471 5274 εὐθυμία
2493 5201 2588 5255 καὶ
2609 5201 2878 5271 ἀσφαλείᾳ
2907 5198 3143 5268 διάγετε.

2746 5360 2907 5412 ΣΙΖ’.
2946 5357 3311 5423 Βαλεντίνῳ.

2313 5510 2446 5568 Οἶδά
2474 5531 2568 5568 σου
2595 5513 2694 5586 τὴν
2722 5514 3003 5585 φιλότιμον
3024 5514 3224 5585 ψυχὴν,
3253 5513 3345 5569 τὸν
3376 5513 3556 5576 ἔρωτα
3581 5516 3675 5570 τὸν
3709 5514 3830 5583 θερ-

2303 5698 2335 5739 ι»
2359 5697 2442 5750 Sic
2461 5711 2635 5751 omnes
2655 5712 2771 5752 mea.
2793 5700 2925 5753 Edlt.
2949 5701 3158 5766 ὅπουπερ
3179 5701 3236 5750 ἂν
3256 5701 3399 5766 ὦμεν.
