4076 6426
203 324 315 399 π’

209 451 353 616 {gis
399 453 472 604 tl:
522 456 754 620 ιζιῖωηι
804 456 1046 532 glorians,
1095 475 1213 529 qius
1257 461 1558 519 revelabitur
1584 464 1638 520 in
1662 465 1829 522 nobis

302 561 410 600 om.
475 547 539 602 .l
624 585 642 602 .

208 544 410 616 (Rom.
436 545 491 604 s.
514 544 642 616 l8).

241 657 473 718 CCXII.
501 659 786 736 Theophila
809 664 1121 738 presbytero.
1153 634 1406 738 (Clucuso
1434 683 1578 725 anno
1614 621 1784 742 404.

290 771 656 832 Vehementer
699 775 872 842 dolui,
918 792 1042 834 cum
1085 779 1267 834 audivi
1318 790 1372 837 te
1421 795 1487 837 ac
1532 780 1823 839 Salustinm

217 863 594 937 presbyterum
622 864 767 923 haud
795 866 1109 940 frequenter
1136 870 1203 927 ad
1231 871 1513 930 collectam
1542 873 1822 942 accedere,

212 972 394 1030 neque
443 959 770 1019 mediocrem
821 962 875 1019 id
904 963 1039 1020 mihi
1094 979 1383 1023 mmrorem
1427 968 1643 1024 inussit.
1692 967 1826 1025 Peto

212 1051 398 1122 igitur,
451 1060 532 1121 ut,
586 1053 634 1109 si
685 1053 902 1127 quidem
953 1055 1010 1112 id
1060 1055 1256 1113 falsum
1304 1056 1395 1124 sit,
1424 1057 1663 1115 indicare
1692 1057 1827 1114 mihi

213 1141 500 1212 studeatis,
528 1143 672 1216 quod
699 1144 819 1202 sine
846 1160 1009 1204 causa
1035 1141 1360 1204 calumniam
1387 1149 1533 1219 passi
1554 1149 1709 1217 sitis;
1740 1150 1824 1206 sin

216 1248 428 1302 verum,
468 1237 734 1308 ejusmodi
760 1242 1138 1314 negligentiam
1183 1242 1504 1301 emendetis.
1555 1243 1628 1302 Ut
1680 1244 1827 1302 enim

216 1325 454 1382 maxima
483 1328 638 1384 vobis
680 1344 891 1388 merces
930 1334 1297 1402 constituitur,
1325 1336 1626 1407 praesertim
1674 1336 1719 1392 si
1770 1336 1826 1393 in

217 1414 322 1473 hoc
371 1418 576 1476 seculo
620 1423 1033 1482 convenientem
1059 1424 1433 1482 fortitudinem
1476 1427 1777 1484 exhibeatis
1808 1444 1825 1483 :

222 1505 298 1563 ita
326 1523 440 1566 non
481 1511 756 1570 mediocre
798 1515 954 1573 vobis
990 1515 1253 1588 judicium
1283 1517 1550 1586 imminet,
1578 1520 1622 1576 si
1652 1519 1828 1593 negli-

215 1611 409 1672 gentes
433 1605 553 1661 sitis
581 1621 646 1662 ac
683 1608 919 1678 remissi,
949 1625 1128 1681 neque
1172 1627 1398 1669 munere
1429 1624 1611 1670 vestro
1637 1613 1829 1687 iunga-

219 1694 374 1750 mini.
426 1693 590 1753 Scitis
617 1712 851 1770 namque
887 1697 1016 1772 quid
1052 1715 1244 1771 passus
1287 1701 1381 1760 ille
1438 1701 1600 1760 fuerit
1624 1705 1717 1776 qui
1745 1714 1829 1761 ta-

223 1785 428 1842 lentum
457 1803 622 1843 unum
650 1788 951 1859 defoderat,
997 1792 1090 1863 qui
1140 1792 1210 1849 de
1253 1793 1403 1850 nullo
1454 1795 1563 1852 alio
1603 1797 1832 1854 crimine

224 1887 531 1944 accusatus,
557 1881 629 1936 ob
657 1881 760 1938 hoc
781 1883 954 1938 solum
981 1884 1199 1955 punitus
1237 1896 1344 1955 est,
1393 1895 1451 1944 et
1496 1888 1830 1947 inevitabiles

227 1983 416 2040 ponas
438 1970 606 2026 dedit.
638 1971 771 2029 Date
797 1973 960 2045 igitur
1001 1989 1246 2045 operam,
1271 1984 1332 2032 ut
1360 1993 1448 2034 me
1475 1995 1634 2050 quam
1661 1980 1833 2036 celer-

222 2062 362 2117 rime
389 2076 519 2118 cura
557 2062 817 2120 liberetis.
849 2064 918 2122 Ut
940 2066 1086 2121 enim
1111 2081 1379 2124 summam
1407 2071 1829 2127 consolationem

220 2152 355 2208 mihi
385 2153 590 2224 praebet
616 2169 680 2211 ac
707 2156 975 2222 solatium,
1005 2172 1132 2214 cum
1158 2158 1324 2215 audio
1365 2174 1461 2215 vos
1506 2175 1631 2216 cum
1684 2161 1831 2216 omni

221 2243 499 2302 alacritate
552 2246 808 2317 populum
856 2249 1169 2305 universum
1211 2259 1530 2322 tempestate
1572 2252 1832 2322 iactatum

223 2335 494 2393 instruere
521 2353 535 2391 :
568 2337 647 2394 sic
667 2353 791 2394 cum
811 2339 1052 2396 adfertur
1083 2341 1153 2397 ad
1207 2357 1294 2400 me
1321 2343 1584 2414 quosdam
1633 2359 1833 2416 segnes

227 2442 385 2494 esse,
416 2445 524 2485 non
553 2431 882 2489 mediocrem
911 2433 1044 2489 mihi
1073 2435 1328 2505 segnities
1350 2437 1562 2493 illorum
1589 2435 1834 2494 dolorem

225 2517 412 2575 inurit.
438 2519 584 2577 Sane
607 2521 826 2594 quidem
853 2524 1278 2594 pulcherrimum
1309 2526 1460 2583 illum
1488 2542 1706 2600 gregem
1735 2527 1835 2583 Dei

222 2612 394 2694 gratia
424 2614 662 2684 quotidie
705 2616 1010 2683 conﬁrmat,
1045 2626 1104 2673 ut
1126 2633 1226 2674 vos
1243 2634 1457 2691 quoque
1485 2621 1662 2691 reipsa
1685 2635 1836 2677 com-

223 2690 441 2772 peristis
469 2721 483 2758 :
513 2704 603 2776 qui
633 2720 762 2762 vero
797 2722 910 2778 pra:
955 2709 1120 2764 nimia
1147 2690 1492 2782 negligentia,
1541 2690 1662 2782 quas
1703 2725 1834 2767 sua-

225 2807 348 2849 rum
394 2804 521 2849 sunt
566 2797 819 2866 partium,
870 2808 1132 2870 praestare
1174 2799 1451 2870 desinunt,
1486 2815 1597 2857 non
1623 2801 1835 2859 medio-

225 2897 319 2940 cre
344 2899 442 2955 per
469 2885 715 2942 inertiam
738 2889 1005 2959 ejusmodi
1030 2891 1135 2947 sibi
1153 2891 1417 2964 judicium
1443 2903 1756 2951 accersunt.

224 2993 486 3054 CCXIII.
554 2998 798 3072 Philippo
845 3002 1155 3075 presbytero.
1205 3003 1460 3076 (Cucuso
1488 3021 1633 3065 anno
1663 3007 1835 3082 404.)

310 3107 534 3166 Miratus
561 3125 701 3178 sum,
730 3113 820 3184 qui
845 3113 1046 3170 factum
1073 3117 1166 3182 sit,
1187 3124 1250 3173 ut
1272 3125 1379 3173 tam
1407 3119 1665 3177 diuturno
1694 3130 1833 3177 teni.

228 3213 360 3272 pore
383 3199 513 3256 nihil
534 3201 601 3257 ad
629 3218 730 3260 nos
755 3206 1074 3275 scripseris;
1119 3215 1281 3280 atque
1306 3209 1462 3266 nobis
1485 3211 1701 3282 quidem
1749 3213 1835 3268 vel

225 3294 544 3350 absentibus
582 3310 692 3352 non
745 3299 1071 3356 mediocrem
1110 3315 1352 3359 amorem
1379 3303 1710 3371 exhibueris,
1741 3305 1837 3360 sed

228 3401 329 3442 nos
377 3388 652 3444 literarum
709 3401 921 3447 tuarum
989 3393 1281 3466 participes
1347 3396 1571 3453 minime
1621 3397 1835 3454 feceris.

226 3477 383 3534 Nunc
412 3479 601 3536 saltem
632 3480 700 3537 ad
729 3497 828 3540 nos
857 3485 1096 3542 scribere
1123 3501 1194 3543 ne
1222 3487 1516 3559 pigriteris,
1559 3503 1624 3546 ac
1650 3489 1718 3546 de
1747 3498 1837 3545 tua

226 3570 542 3628 valetudine
569 3571 750 3630 lacere
776 3576 1034 3633 certiores
1065 3595 1080 3632 :
1109 3593 1236 3634 nam
1278 3579 1403 3636 licet
1442 3595 1552 3636 non
1597 3581 1834 3648 scribas,

227 3660 299 3718 de
323 3662 488 3718 rebus
531 3665 638 3720 tuis
695 3665 1055 3736 sciscitamur,
1084 3679 1140 3726 et
1178 3685 1279 3727 vos
1306 3670 1595 3733 didicimus
1622 3688 1653 3728 a
1678 3673 1839 3729 scho-

229 3752 279 3808 la
315 3752 392 3826 (α)
427 3755 618 3825 pulsos
645 3755 832 3826 fuisse,
885 3774 1010 3816 cum
1058 3776 1178 3818 eam
1206 3763 1462 3835 loquendi
1513 3765 1835 3835 libertatem,

229 3858 395 3916 quam
424 3863 522 3917 par
547 3860 684 3916 erat,
726 3850 1132 3910 exhibuissetis.
1157 3855 1274 3912 Hoc
1300 3857 1455 3912 vobis
1483 3873 1714 3927 merces,
1738 3859 1842 3914 hoc

229 3935 466 3992 celestis
490 3947 577 3993 est
616 3943 944 4012 negotiatio,
996 3943 1099 4001 hoc
1129 3945 1444 4004 immortalis
1470 3963 1691 4016 corona,
1737 3949 1842 4005 hoc

237 4030 524 4100 congeries
552 4035 918 4102 praemiorum.
961 4036 1089 4094 Haec
1117 4038 1276 4110 igitur
1327 4041 1508 4097 omnia
1560 4042 1840 4098 vobiscum

237 4127 573 4190 reputantes,
596 4125 852 4196 quidquid
873 4127 1150 4193 acciderit,
1179 4145 1439 4201 generose
1481 4133 1634 4189 ferte.
1661 4133 1844 4190 Potest

231 4211 380 4266 enim
406 4212 546 4269 Deus
580 4218 905 4274 tentationes
953 4220 1083 4276 istas
1110 4221 1400 4292 depellere,
1431 4240 1495 4281 ac
1537 4227 1843 4297 tranquilli-

233 4311 400 4359 tatem
448 4309 843 4378 quamprimum
914 4311 1212 4382 reducere,
1259 4316 1518 4386 vobisque
1570 4319 1841 4388 copiosam

236 4394 396 4451 istius
418 4399 688 4468 patientim
715 4403 1021 4461 mercedem
1055 4406 1108 4460 in
1138 4405 1240 4462 hac
1264 4408 1373 4462 vita
1425 4416 1481 4464 et
1535 4410 1589 4465 in
1642 4411 1844 4466 saeculo

234 4484 420 4542 futuro
445 4489 648 4561 largiri.

348 4598 516 4657 CCXI
536 4601 595 4655 V.
648 4603 955 4661 Sebastiano
1006 4609 1318 4680 presbytero.
1375 4613 1620 4684 (Scripta
1667 4615 1736 4672 ab

719 4709 863 4752 anno
914 4698 1021 4755 404
1058 4701 1124 4756 ad
1163 4703 1328 4775 407.)

309 4803 426 4860 Etsi
452 4818 684 4877 corpore
707 4821 739 4861 a
769 4817 856 4863 tua
887 4813 1192 4869 reverentia
1225 4817 1418 4872 remoti
1442 4833 1646 4887 sumus,
1700 4823 1842 4877 cari-

301 4937 376 5001 (a)
410 4944 553 4990 Erant
583 4943 995 5014 Constantinopoli
1032 4947 1231 5009 Scitote,
1271 4963 1362 5001 seu
1384 4953 1614 5006 cohortes
1635 4957 1842 5010 militum

249 5000 643 5082 palatinorum‘ad
654 5005 921 5082 mistodjiam
940 5013 1251 5082 imperatoris
1266 5021 1417 5082 atque
1432 5015 1614 5078 palatii,
1633 5033 1842 5082 quorum

254 5066 680 5141 2993935399390
715 5066 842 5141 svnt!
857 5066 1122 5141 scriptos-ﬁ
1147 5066 1380 5141 ,ωίώθ
1425 5066 1842 5141 ἡγωιίοέῑῑλῑᾶ

234 5125 456 5199 etiamin
478 5127 657 5196 quibus
676 5125 1000 5199 versamuuir
1021 5133 1204 5199 Scholze
1247 5125 1842 5199 hujusmo'diwschvola'rvum

233 5186 1247 5269 ﬁ.i@.39§3¢.séﬂskmzﬁsm.item
1263 5186 1840 5269 saginasaginam;

233 5257 350 5308 qua
372 5259 596 5311 persaepe
619 5260 898 5319 occurrunt.
934 5259 985 5303 In
1012 5256 1234 5319 Ecclesia
1277 5258 1424 5311 latina
1470 5264 1652 5315 Scholae
1673 5256 1840 5319 canth

233 5319 720 5383 rum‘irilemorap‘tur,
761 5313 970 5377 aliaque
997 5318 1127 5383 item
1170 5319 1371 5373 scholae.
1419 5313 1594 5375 Fronto
1618 5313 1842 5383 ibuﬁcaetus

235 5369 842 5450 E£E1_‘3939_P'{i!irssre
876 5369 1249 5450 ρτςεδῖιρπυωρ
1269 5369 1369 5450 ζεῖ
1387 5369 1842 5450 siliginei—333?

236 5432 600 5541 “malet-um,
620 5432 709 5505 qui
729 5432 794 5485 ex
818 5432 984 5488 Schola
1011 5432 1179 5501 p'ulsus
1215 5432 1365 5495 luisse
1386 5432 1840 5513 diciiai-"iErEfiéi

237 5494 378 5541 canet
463 5507 546 5541 um
577 5496 729 5541 luisse
762 5497 944 5541 Scholzs
974 5504 1242 5541 ciiingninm
1285 5507 1554 5541 Ima-1mm:
1601 5515 1818 5541 ΜὲΙῖιη-ιέη

237 5494 959 5579 ἓςλσέἷυὲὶλὲὶέυῖὲἕὲ.
974 5494 1244 5579 caesam
1267 5494 1840 5579 .upasasaijaiﬁsaa:

237 5555 321 5633 rei
335 5555 406 5633 in
638 5557 988 5633 ecclesiastica_
1000 5555 1226 5633 quapiam
1263 5555 1842 5633 ruis's-E'E"iiiiaiié§£ih'i

237 5622 423 5700 :‘J‘E‘P.
431 5620 1118 5700 ﬁatnjfifﬁfiurli‘asfuissé
1154 5629 1428 5700 schola“...
1454 5620 1841 5700 νέῶέῑεδξζςξ

241 5677 424 5759 εξξοε
443 5671 599 5759 691ἱο
620 5680 804 5759 Βμιθυδο
824 5690 932 5759 βεδε.
947 5671 1015 5734 is
1037 5671 1840 5759 ἷὲἐεὲᾇὲἕτὲἐῖυῗῗὶῐῗῶδῖιέἓῖ

238 5735 464 5828 de
481 5741 585 5828 vita
611 5735 955 5828 ‘ighlry'sostomi,
980 5761 1024 5797 c.
1055 5735 1141 5809 2οξ
1152 5735 1838 5828 "nﬁiiiﬁbﬁ's'ibééiﬁﬁéé'ﬁ,

247 5813 302 5860 et
322 5807 587 5872 nresbyter
611 5812 913 5864 Scholarum.

575 5930 853 5993 PATROL.
899 5932 1018 5994 Gn.
1068 5935 1196 5997 Lll.

1706 349 2091 417 εριετοω.

1931 479 2044 530 tate
2074 481 2252 532 tamen
2283 469 2462 535 tecum
2486 477 2724 536 devincti
2749 494 2959 547 sumus,
2985 489 3043 538 et
3069 481 3396 554 ubicumque
3424 479 3544 539 fue-

1929 566 2120 634 rimus,
2147 568 2446 626 amicitiam
2472 577 2620 627 tnam
2647 574 2909 630 memoria
2937 572 3392 638 circumierimus,
3420 572 3546 629 licet

1927 657 1997 713 ad
2027 658 2173 730 ipsos
2199 660 2348 719 orbis
2374 670 2642 721 terrarum
2671 664 2809 723 lines
2855 665 3080 738 relegati
3123 666 3316 722 simus.
3364 667 3437 722 At
3485 674 3547 723 tu

1929 765 2147 824 quoque
2173 765 2492 826 perpetuam
2518 758 2691 815 nostri
2721 760 3042 815 memoriam
3070 760 3198 830 quin
3226 773 3546 822 conserves.

1931 843 2078 899 nulla
2118 845 2331 903 ratione
2358 847 2598 905 arbitror
2623 863 2750 907 esse
2778 849 3156 907 dubitandum.
3189 849 3323 906 Novi
3347 850 3555 922 quippe

1931 937 2299 998 sinceritatem
2319 943 2522 1000 amoris
2547 943 2648 1013 tui,
2674 938 2920 1002 caritatis
2947 944 3279 1012 ﬁrmitatem,
3301 952 3358 1002 et
3381 944 3550 1000 animi

1930 1031 2010 1087 tui
2033 1037 2419 1094 constantiam.
2447 1037 2712 1107 Quocirca
2739 1047 2794 1097 te
2819 1055 3038 1096 oramus
3063 1051 3122 1096 ut
3143 1039 3454 1112 frequenter
3480 1037 3550 1095 ad

1931 1137 2034 1179 nos
2063 1127 2292 1194 scribas,
2323 1143 2389 1184 ac
2425 1131 2496 1186 de
2533 1137 2624 1187 tua
2653 1145 2915 1203 prospera
2942 1131 3254 1189 valetudine
3289 1131 3553 1187 certiores

1931 1231 2032 1274 nos
2059 1217 2244 1276 facias.
2268 1220 2403 1278 Nam
2433 1222 2503 1280 de
2521 1224 2642 1295 ejus
2668 1232 2815 1281 statu
2865 1225 3096 1282 subinde
3135 1225 3345 1282 moneri
3393 1239 3552 1280 sum-

1930 1322 2155 1381 mopere
2202 1310 2608 1382 desideramus;
2633 1323 2686 1371 et
2717 1330 2825 1371 non
2848 1316 3178 1372 mediocrem
3206 1314 3542 1373 consolatio-

1934 1417 2059 1458 nem
2086 1444 2102 1470 ,
2135 1404 2264 1461 dum
2296 1405 2350 1461 in
2386 1406 2488 1463 hac
2513 1407 2808 1466 solitudine
2833 1409 3081 1483 degimus
3100 1450 3118 1479 ,
3148 1424 3220 1466 ex
3284 1405 3555 1481 ejusmodi
3579 1402 3592 1410 ”

1932 1493 2213 1552 literarum
2237 1497 2472 1555 lectione
2507 1499 2806 1571 capiemus.

1929 1628 2145 1688 ccxv.
2178 1630 2397 1706 Pelagio
2453 1609 2799 1708 presbyter-0..
2823 1635 3078 1709 (Scripta
3123 1635 3194 1694 ab
3241 1649 3387 1693 anno
3437 1633 3550 1693 tot

2039 1741 2045 1745 -
2194 1726 2199 1730 ·
2617 1730 2686 1786 ad
2717 1729 2882 1804 507.)

2006 1856 2474 1918 Mansuetudinem
2528 1870 2674 1920 tuam
2701 1905 2718 1931 ,
2782 1864 3141 1932 modestiam,
3192 1863 3553 1936 probitatem,

1935 1953 2176 2010 caritatis
2246 1954 2496 2012 ardorem
2523 1996 2542 2026 ,
2597 1958 2802 2014 amoris
2859 1973 2986 2030 erga
3035 1973 3136 2014 nos
3185 1957 3554 2015 sinceritatem

1936 2046 2270 2117 exploratam
2302 2049 2494 2105 habeo.
2526 2049 2734 2107 idcirco
2762 2047 2934 2107 multo
2979 2066 3106 2107 cum
3157 2050 3355 2108 aﬂ'ectu
3393 2065 3557 2107 reve-

1938 2137 2168 2193 rentiam
2197 2147 2342 2194 tuam
2369 2141 2566 2208 saluto,
2596 2155 2661 2199 ac
2686 2141 2930 2214 signiﬁco
2956 2151 3010 2198 te
3029 2157 3061 2197 a
3093 2157 3201 2209 me,
3231 2142 3557 2211 ubicumque

1936 2235 2176 2306 gentium
2205 2235 2380 2304 fuero,
2411 2237 2592 2292 animo
2617 2236 2977 2294 circumferri.
3001 2236 3111 2293 Fac
3141 2237 3325 2308 igitur,
3343 2249 3554 2306 quasso,

1939 2338 2000 2382 ut
2020 2327 2249 2383 alteram
2298 2328 2659 2400 percipiamus
2685 2328 3041 2401 voluptatem,
3063 2343 3174 2384 non
3198 2327 3372 2382 solum
3396 2342 3463 2383 ex
3490 2341 3556 2382 eo

1939 2423 2082 2493 quod
2112 2424 2283 2480 literae
2311 2427 2613 2494 mittantur,
2645 2424 2744 2482 sed
2773 2428 2938 2482 etiam
2966 2441 3033 2482 ex
3056 2440 3123 2482 eo
3149 2424 3295 2497 quod
3337 2423 3409 2482 de
3463 2433 3554 2479 tua

1941 2514 2251 2572 valetudine
2288 2515 2551 2574 certiores
2592 2517 2786 2574 ﬁamus
2817 2535 2833 2574 :
2861 2517 2979 2574 haec
3029 2517 3188 2575 nobis
3246 2517 3555 2589 frequenter

1939 2603 2204 2674 signiﬁca.
2233 2606 2385 2663 Licet
2402 2611 2547 2664 enim
2571 2608 2626 2664 in
2653 2609 3011 2680 asperrimam
3039 2608 3180 2664 hanc
3208 2609 3553 2665 solitudinem

1940 2699 2163 2770 relegati
2186 2701 2376 2772 simus,
2400 2717 2523 2758 cum
2552 2701 2621 2758 ah
2643 2702 2833 2758 amicis
2855 2702 3058 2759 nostris
3082 2701 3353 2774 ejusmodi
3372 2702 3552 2759 literas

1940 2792 2330 2864 acceperimus,
2363 2795 2534 2851 multa
2561 2794 2747 2850 laetitia
2785 2795 3196 2867 periundemur.

2142 2949 2391 3010 CCXVI.
2418 2950 2682 3008 Musonio.
2710 2950 2964 3024 (Cucuso
3002 2965 3146 3008 anno
3169 2949 3298 3008 404.
3323 2951 3345 3021 )

2016 3106 2084 3162 Et
2103 3105 2215 3177 jam
2242 3106 2560 3178 scripsimus
2580 3105 2646 3161 ad
2676 3106 3097 3177 gemositatem
3123 3113 3294 3174 tuam,
3338 3103 3554 3163 domine

1941 3199 2015 3254 mi
2041 3197 2460 3253 bonoratissime
2488 3212 2552 3252 ac
2577 3196 3010 3268 religiosissime,
3044 3204 3100 3253 et
3133 3211 3278 3252 nunc
3321 3197 3554 3268 idipsum

1941 3305 2132 3345 rursus
2160 3289 2391 3359 agimus,
2421 3289 2636 3344 tametsi
2685 3297 2743 3344 tu
2774 3304 2844 3345 ne
2897 3290 3065 3344 semel
3110 3289 3326 3360 quidem
3374 3288 3555 3344 literas

1943 3383 2010 3437 ad
2039 3398 2140 3439 nos
2168 3382 2405 3438 dederis.
2436 3381 2547 3437 Nos
2585 3389 2767 3437 tamen
2788 3382 3011 3438 crebras
3035 3381 3103 3436 ad
3133 3391 3188 3436 te
3216 3381 3400 3437 literas
3426 3379 3554 3436 dare

1944 3491 2052 3531 non
2079 3474 2432 3540 cessabimus,
2461 3472 2680 3544 etquod
2707 3481 2968 3544 praestare
2994 3487 3094 3529 nos
3118 3472 3295 3538 decet,
3326 3479 3554 3544 praesta-

1944 3566 2142 3623 bimus.
2173 3564 2511 3637 Cuperemus
2539 3567 2686 3621 enim
2714 3565 2915 3636 saepius
2941 3564 2997 3621 id
3027 3579 3187 3636 agere
3233 3582 3248 3619 :
3295 3563 3391 3620 sed
3421 3577 3556 3634 quo-

1945 3663 2089 3718 niam
2103 3661 2154 3716 in
2169 3661 2288 3716 loco
2304 3659 2592 3715 admodum
2604 3659 2819 3715 deserto
2836 3673 3138 3724 versamur,
3155 3669 3210 3715 et
3223 3665 3369 3714 metu
3392 3657 3554 3712 iatro-

1945 3770 2076 3809 num
2097 3753 2285 3809 civitas
2311 3752 2745 3818 circumsidetur,
2763 3767 2828 3809 ac
2848 3752 3108 3822 temporis
3120 3751 3336 3807 hiberni
3352 3756 3554 3820 asperi-

1947 3855 2031 3901 tas
2054 3845 2243 3900 itinera
2272 3843 2617 3911 intercludit;
2660 3859 2837 3916 neque
2868 3844 3186 3915 permittunt
3212 3842 3330 3899 haec
3355 3841 3557 3907 omnia,

1948 3946 2008 3993 ut
2041 3936 2195 3991 multi
2229 3934 2296 3990 ad
2336 3949 2437 3991 nos
2458 3935 2769 4007 frequenter
2799 3935 3095 3992 accedant:
3118 3936 3557 4006 quotiescumque

1950 4032 2098 4097 licet,
2117 4041 2171 4086 et
2197 4031 2506 4087 tabellarios
2526 4031 2765 4087 nancisci
2789 4045 3100 4102 possumus,
3126 4028 3312 4100 pietati
3340 4039 3448 4084 tua:
3468 4028 3558 4083 de-

1949 4121 2116 4177 bitam
2134 4122 2509 4178 salutationem
2531 4122 2912 4193 persolvimus.
2929 4120 3064 4176 Nota
3083 4120 3281 4192 quippe
3303 4119 3459 4175 nobis
3479 4129 3558 4174 est

1950 4229 2016 4270 ac
2046 4224 2328 4286 perspecta
2371 4223 2476 4271 tuae
2515 4215 2760 4271 caritatis
2800 4214 3106 4281 sinceritas,
3134 4212 3336 4268 amoris
3373 4211 3558 4275 ardor,

1950 4306 2117 4362 animi
2145 4309 2446 4363 constantia
2468 4348 2486 4372 ,
2525 4314 2582 4362 et
2615 4305 2922 4377 ingenuitas
2950 4304 3020 4360 ab
3043 4305 3193 4360 omni
3220 4302 3558 4360 simulatione

1951 4398 2146 4454 aliena.
2170 4399 2289 4466 Quo
2314 4399 2395 4467 ﬁt,
2415 4409 2472 4455 ut
2492 4403 2755 4457 memoria
2778 4411 2830 4457 te
2849 4415 3068 4472 semper
3087 4398 3558 4464 circumferamus,

1952 4489 2280 4560 ubicumque
2315 4506 2597 4548 versemur
2618 4532 2635 4560 ,
2663 4506 2840 4562 neque
2881 4501 2987 4546 tua:
3015 4490 3297 4547 suavitatis
3321 4489 3559 4545 oblivisci

1950 4582 2240 4655 possimus.
2275 4582 2475 4639 Verum
2513 4592 2570 4638 ut
2610 4598 2717 4639 non
2745 4584 2920 4640 solum
2959 4583 3087 4638 dum
3117 4582 3440 4650 scribimus,
3467 4582 3560 4638 sed

1949 4677 2115 4731 etiam
2153 4675 2282 4731 dum
2323 4676 2508 4732 literas
2541 4676 2873 4748 accipimus,
2908 4677 3105 4748 quibus
3141 4677 3211 4732 de
3245 4683 3331 4731 tua
3369 4675 3566 4731 ﬁamus

1950 4767 2259 4822 valetudine
2277 4768 2556 4834 certiores,
2573 4768 2843 4836 laetemur,
2861 4768 3083 4824 crebras
3103 4769 3169 4823 ad
3184 4783 3284 4823 nos
3295 4766 3564 4838 ejusmodi

1951 4859 2206 4928 epistolas
2233 4860 2405 4916 mitte.
2439 4861 2529 4916 Sic
2555 4861 2722 4927 enim,
2751 4861 2996 4932 quamvis
3025 4861 3147 4916 loco
3174 4860 3329 4915 valde
3355 4859 3554 4922 dissi‘ti,

1951 4951 2172 5006 multam
2199 4953 2624 5010 consolationem
2654 4968 2720 5008 ex
2751 4952 3019 5023 ejusmodi
3046 4953 3216 5008 literis
3241 4951 3564 5020 sentiemus,

1949 5055 2072 5096 cum
2101 5057 2198 5097 vos
2216 5083 2231 5110 ,
2263 5058 2293 5097 a
2331 5046 2524 5115 quibus
2553 5043 2905 5100 vehementer
2931 5052 2988 5100 et
3014 5045 3270 5102 ardenter
3295 5060 3565 5113 amamur,

1950 5133 2149 5191 hilares
2186 5145 2239 5191 et
2277 5147 2530 5208 expertes
2561 5136 2787 5208 periculi
2817 5138 3004 5193 vivere
3030 5137 3414 5207 intelligemus.

1951 5268 2229 5329 CCXVII.
2266 5272 2538 5329 Valentino
2577 5274 2676 5348 (a).
2713 5273 2946 5349 (Cucuso
2972 5288 3114 5330 anno
3143 5275 3249 5330 404
3291 5276 3377 5330 vel
3405 5269 3560 5340 405.)

2025 5405 2328 5464 Liberalem
2359 5409 2600 5464 animum
2638 5419 2790 5465 tuum
2811 5452 2826 5479 ,
2860 5419 2914 5467 et
2941 5411 3144 5467 amoris
3184 5411 3434 5468 ardorem
3467 5424 3566 5465 es-

1979 5586 2088 5668 :A(_a_)
2114 5589 2467 5668 hsce-epistola
2509 5592 2586 5668 bis
2619 5593 2799 5668 scripta
2843 5595 3095 5668 reperitur
3131 5595 3180 5668 in
3205 5593 3376 5668 Codice
3396 5594 3566 5668 μηδι-ξ-

1948 5654 2089 5720 ciano
2113 5664 2124 5698 :
2153 5654 2407 5720 primoque
2431 5654 2732 5720 numeratur
2749 5654 3062 5720 sexag'iisima
3104 5665 3298 5716 octava,
3323 5656 3565 5720 etinscri-

1949 5709 2082 5782 hitur
2109 5709 2384 5782 Sebastiano
2404 5717 2719 5782 presbytero,
2742 5709 2960 5768 secundo
2998 5709 3476 5782 octogesima'quinta
3495 5718 3564 5769 sl-

1947 5770 2122 5844 iertur,
2142 5782 2196 5823 et
2217 5770 2497 5828 inscribitur
2515 5770 2779 5832 Valentino.
2805 5782 2961 5833 Facile
2988 5790 3066 5833 est
3087 5770 3144 5833 ὑὶ
3165 5782 3225 5832 ad
3246 5770 3370 5832 duos
3386 5770 3566 5834 eadem

1956 5852 2059 5901 Ipsa
2071 5845 2344 5908 scripserit.

3158 5960 3235 6021 :22
