4076 6442
580 327 680 384 ’131

583 442 852 513 ploratum
879 441 1051 499 habeo
1069 482 1085 510 ,
1113 456 1219 513 quo
1243 439 1310 496 ad
1333 435 1610 497 ferendum
1639 440 1961 512 pauperibus
1985 441 2162 498 subsi-

585 532 732 590 dium
760 533 1042 600 incumbis,
1070 541 1126 589 et
1151 547 1307 602 quam
1336 532 1389 588 in
1412 532 1512 588 hac
1535 532 1789 603 praeclara
1807 532 2164 603 negotiatione

582 639 695 695 pm
719 632 770 680 te
792 622 902 680 fers
919 623 1284 695 cupiditatem,
1306 623 1433 678 dum
1460 631 1517 680 et
1539 623 1770 694 praebes,
1791 631 1848 680 et
1866 634 1987 678 cum
2009 621 2161 677 volu-

579 727 726 790 ptate
750 718 975 789 prmhes,
1004 732 1067 774 ac
1090 717 1355 788 duplicem
1383 717 1477 773 tibi
1503 732 1756 774 coronam
1783 715 2166 773 misericordire

585 824 651 866 ac
695 808 1110 880 splendidiorem
1159 823 1442 878 comparas
1468 849 1486 877 ,
1511 823 1633 864 cum
1661 807 1980 863 liberalitate
2002 845 2019 874 ,
2049 815 2164 861 tum

584 901 749 957 animi
793 901 1068 972 proposito
1091 941 1107 967 ,
1156 915 1223 957 ex
1260 916 1366 971 quo
1405 900 1695 956 liberalitas
1719 898 1834 968 ipsa
1861 905 2160 969 promanat.

583 989 808 1060 Quando
827 991 988 1063 igitur
1009 989 1164 1047 nobis
1185 989 1661 1055 reverendissimus
1680 989 1963 1060 presbyter
1980 986 2164 1043 Domi-

583 1082 780 1147 tianus.
822 1084 911 1138 cui
929 1082 1205 1138 viduarum
1227 1095 1291 1136 ac
1315 1079 1575 1151 virginum
1595 1079 1716 1135 istic
1732 1094 1859 1135 cura
1879 1077 2163 1134 commissa

581 1181 666 1230 est
682 1214 699 1241 ,
726 1167 1045 1244 significavit
1079 1187 1170 1229 eas
1197 1170 1581 1243 propemodum
1609 1169 1748 1242 fame
1773 1168 1954 1225 vexari
1971 1207 1989 1235 ,
2031 1178 2165 1222 tam-

577 1277 739 1336 quam
775 1263 843 1320 ad
881 1249 1091 1335 portum
1113 1263 1398 1333 quemdam
1430 1261 1499 1318 ad
1532 1275 1723 1317 manus
1764 1269 1884 1317 tuas
1920 1257 2163 1330 confugi-

581 1370 702 1412 mus
722 1395 742 1422 ,
772 1363 832 1411 ut
872 1357 942 1412 ab
969 1355 1036 1412 iis
1058 1355 1126 1412 ab
1153 1355 1257 1412 hoc
1302 1353 1459 1412 famis
1501 1353 1780 1425 naufragio
1806 1352 2160 1408 vindicentur.

579 1444 662 1503 'l'e
683 1447 845 1518 igitur
878 1461 996 1515 oro,
1031 1462 1096 1502 ac
1125 1446 1474 1503 vehementer
1499 1460 1619 1514 oro,
1669 1454 1729 1500 ut
1755 1445 1919 1500 misso
1945 1442 2164 1515 presby—

583 1549 722 1605 tero,
751 1546 1005 1609 quantum
1030 1537 1146 1595 ﬁeri
1189 1538 1405 1608 poterit,
1452 1537 1558 1592 illis
1603 1536 1802 1592 auxilio
1849 1549 1970 1591 esse
2007 1534 2159 1590 velis.

582 1629 857 1700 Siquidem
901 1645 966 1687 ea
1005 1646 1124 1702 quae
1167 1645 1308 1686 nunc
1349 1629 1615 1702 prabetur
1633 1628 1970 1699 eleemosyna
1995 1626 2164 1682 multo

578 1721 839 1792 majorem
890 1736 977 1789 ea,
1017 1736 1136 1792 qua:
1161 1721 1266 1777 alio
1292 1729 1533 1791 tempore
1560 1719 1909 1790 praeberetur,
1949 1731 2161 1773 merce-

581 1815 708 1871 dem
728 1815 974 1887 acquirit,
1002 1823 1200 1886 quanto
1223 1814 1456 1886 graviori
1499 1821 1813 1884 tempestate
1839 1827 1904 1868 ac
1931 1809 2165 1882 procella

578 1904 865 1975 iactantur,
893 1906 981 1976 qui
1003 1905 1102 1961 sibi
1127 1904 1242 1962 dari
1271 1905 1374 1962 hoc
1399 1911 1606 1976 petunt,
1635 1903 1904 1959 consuetis
1936 1900 2163 1957 faculta-

581 1997 726 2052 tibus
752 1997 1012 2053 destituti.
1041 1994 1176 2054 Cnm
1218 1997 1377 2068 igitur
1407 1997 1486 2053 rei
1537 1987 1820 2051 utilitatem
1878 1992 2163 2064 intelligas,

578 2096 638 2144 et
679 2095 876 2158 quanta
905 2101 972 2144 ex
1010 2089 1264 2160 temporis
1291 2087 1600 2144 conditione
1631 2086 1721 2142 fiat
1756 2088 2014 2153 accessio,
2067 2100 2164 2141 ex-

585 2180 731 2235 orari
753 2188 805 2235 te
824 2179 963 2248 sine,
990 2187 1050 2234 ut
1087 2195 1205 2250 qua:
1237 2189 1445 2235 tuarum
1468 2189 1594 2235 sunt
1644 2178 1874 2249 partium
1922 2185 2162 2247 praestes.

588 2268 731 2324 Nihil
765 2269 910 2326 enim
951 2271 1179 2341 amplius
1218 2280 1302 2326 est
1333 2270 1644 2338 dicendum,
1683 2285 1805 2326 cum
1835 2270 1901 2325 ad
1928 2269 2164 2325 clemen-

581 2359 848 2415 tissimum
896 2365 954 2416 et
998 2359 1436 2431 benignissimum
1486 2357 1758 2416 hominem
1819 2358 2163 2415 scribamus:

579 2455 779 2526 quippe
801 2455 890 2525 qui
918 2455 1130 2510 noveris
1169 2463 1221 2510 te
1263 2454 1425 2510 etiam
1468 2451 1735 2524 sportulas
1767 2450 1841 2522 (α)
1865 2452 2018 2508 nobis
2067 2450 2166 2506 de-

582 2547 715 2604 bere
747 2555 1152 2603 :verumtamen
1178 2547 1220 2602 si
1249 2545 1353 2602 hoc
1384 2553 1635 2618 praestes,
1684 2544 1826 2616 quod
1854 2559 2038 2600 earum
2069 2556 2167 2597 no-

583 2637 730 2696 mine
753 2639 940 2707 debes,
970 2638 1126 2696 nobis
1152 2637 1482 2710 persolutum
1502 2636 1898 2692 arbitrabimur.
1931 2634 2008 2690 Tu
2039 2647 2168 2690 vero

582 2730 650 2786 ad
693 2745 793 2787 nos
835 2745 1046 2801 quoque
1094 2729 1255 2786 velim
1306 2728 1532 2795 scribas,
1586 2736 1640 2784 te
1688 2736 1885 2783 nostrae
1926 2725 2169 2797 petitioni

581 2822 841 2878 annuisse
863 2840 878 2877 :
898 2822 1072 2892 deque
1096 2831 1182 2877 tua
1205 2821 1474 2892 totiusque
1495 2817 1795 2876 benedictae
1831 2816 2024 2875 domus
2061 2825 2171 2873 tua:

583 2911 887 2968 valetudine
917 2911 1080 2968 facias
1108 2911 1387 2968 certiores.

582 3021 891 3082 CCXVIII.
943 3022 1222 3095 Euthymio
1264 3023 1566 3096 pmbytero.
1594 3022 1828 3095 (Cucuso
1850 3036 1994 3078 anno
2017 3020 2168 3093 ιοιδ)

652 3157 794 3215 Nihil
811 3173 906 3216 vos
924 3159 1219 3225 contristet,
1246 3158 1388 3229 quod
1407 3173 1438 3214 a
1457 3157 1640 3216 schola
1660 3158 1798 3229 pulsi
1817 3157 2044 3226 fueritis,
2071 3157 2168 3214 sed

583 3264 707 3308 cum
751 3250 944 3307 animis
988 3250 1178 3305 vestris
1207 3259 1538 3320 reputantes,
1567 3257 1817 3320 quantam
1855 3248 2168 3305 hinc'etiam

584 3341 888 3398 mercedem
939 3340 1272 3412 receperitis,
1322 3347 1376 3396 et
1418 3355 1527 3412 quo
1578 3351 1734 3410 pacto
1777 3354 1991 3396 corona:
2019 3339 2172 3395 vobis

589 3442 901 3504 augeantur,
927 3432 1154 3504 gaudete
1175 3441 1229 3487 et
1255 3432 1513 3489 exsultate
1541 3431 1611 3487 ob
1636 3431 1897 3502 ejusmodi
1921 3429 2169 3488 afﬂictio-

588 3539 687 3580 nes
707 3532 763 3580 et
786 3524 1023 3581 insidias.
1049 3523 1269 3582 Multum
1296 3523 1437 3579 enim
1467 3524 1620 3580 vobis
1645 3523 1761 3579 haec
1785 3523 1837 3578 in
1855 3522 2000 3579 caelis
2027 3538 2172 3593 quae-

587 3626 729 3673 stum
757 3624 1093 3682 coacervant,
1123 3622 1182 3673 et
1203 3615 1517 3672 illustriores
1541 3629 1637 3671 vos
1659 3614 1917 3680 efficiunt,
1947 3629 2010 3670 ac
2037 3629 2175 3685 prze-

587 3708 696 3763 mia
736 3707 936 3778 majora
979 3693 1320 3764 constituunt.
1357 3707 1595 3779 Angusta
1621 3701 1828 3778 quippe‘
1845 3715 1899 3762 et
1925 3713 2068 3761 arcta
2091 3705 2172 3759 via

588 3808 694 3866 est,
721 3815 839 3870 quae
866 3799 1015 3856 ducit
1037 3799 1105 3855 ad
1144 3798 1325 3854 vitam.
1367 3799 1448 3854 Ad
1480 3812 1580 3854 nos
1614 3785 1828 3868 quoque
1871 3796 2175 3866 frequenter

589 3889 826 3946 scribere
870 3888 940 3946 de
986 3889 1290 3946 valetudine
1333 3899 1419 3945 tua
1463 3903 1533 3945 ne
1568 3889 1826 3960 graveris.
1873 3888 1991 3944 Scis
2030 3887 2172 3943 enim

591 3981 806 4051 quantis
850 3988 1026 4037 tecum
1072 3980 1309 4036 caritatis
1355 3979 1582 4041 vinculis
1627 3979 1864 4036 obstricti
1905 3980 2093 4044 simus,
2123 3987 2176 4034 et

590 4087 699 4143 quo
725 4080 906 4143 pacto,
938 4071 1257 4144 ubicumque
1280 4072 1516 4143 gentium
1542 4072 1729 4143 degam
1749 4114 1764 4138 ,
1790 4081 1842 4129 te
1865 4081 2044 4129 mente
2066 4073 2174 4128 cir-

589 4160 904 4228 cumferam,
943 4172 1141 4234 tuoque
1181 4177 1393 4234 semper
1415 4177 1598 4220 amore
1622 4163 1875 4219 ardeam:
1908 4163 2018 4234 jam
2048 4179 2175 4220 vero

591 4261 741 4310 tanto
767 4254 927 4311 etiam
955 4258 1124 4328 magis
1162 4256 1397 4323 ardeam,
1429 4265 1628 4329 quanto
1655 4271 1722 4314 ex
1755 4255 2013 4327 ejusmodi
2035 4256 2173 4313 afili-

595 4344 863 4403 ctionibus
884 4346 1140 4404 illustrior
1166 4348 1404 4404 evasisti.

612 4441 869 4504 CCXIX.
903 4444 1163 4501 Severini:
1194 4454 1244 4499 st
1273 4445 1532 4499 Romula.
1573 4444 1815 4516 (Cucuso
1847 4460 1992 4502 anno
2029 4446 2178 4518 ιω.)

682 4558 800 4615 Nisi
837 4559 1008 4630 probe
1039 4565 1320 4631 perspecta
1357 4558 1492 4615 mihi
1521 4569 1704 4614 vestra
1733 4559 1948 4615 sincera
1981 4566 2185 4616 caritas

677 4674 749 4738 (ιι)
791 4673 873 4724 Gr.
892 4671 1206 4738 __tﬂt69‘twla_,
1231 4670 1281 4738 in
1321 4684 1469 4738 quam
1507 4672 1809 4738 vocemhec
1839 4677 1978 4738 notat
2001 4671 2185 4721 Fronto

610 4731 863 4803 etiam:
892 4733 1000 4803 re
1017 4731 1094 4783 ἐει
1111 4745 1143 4800 ς
1166 4731 1575 4803 ιςαιίπαξενιεωες
1603 4733 1845 4803 seder
1871 4732 1997 4785 enim
2011 4738 2186 4803 ,ιῖοαξηε

613 4792 820 4850 Domni
840 4791 1051 4858 calathos
1087 4791 1424 4858 nimiumnin'
1448 4791 1879 4858 (μάθωἰξεσιιηὶαιεΔ
1899 4793 2042 4845 εοηαὶ
2061 4792 2185 4844 sote-

614 4859 742 4917 bant,
766 4860 817 4906 ttt
839 4852 1070 4918 Asconius
1283 4865 1307 4918 :_
1325 4851 1778 4918 deindepmndmm
1804 4855 1879 4906 uel
1901 4868 2054 4914 cana,
2077 4865 2188 4918 quae

611 4919 668 4970 in
701 4913 959 4984 sportellas
976 4915 1202 4984 famem
1451 4913 1700 4966 clientibus
1722 4920 1823 4968 uice
1845 4929 1993 4984 ρωηω
2019 4913 2181 4984 rectis.

613 4974 836 5046 spernite
861 4981 939 5046 est.
953 4974 1113 5046 dipta';
1136 4984 1243 5045 tant
1259 4974 1405 5046 latius
1427 4985 1649 5046 patresin
1671 4979 1999 5046 sportularum
2022 4979 2189 5046 appel-

616 5034 737 5107 (into
771 5036 837 5107 ad
1412 5034 1459 5107 et
1499 5034 1784 5107 Meridie
1805 5039 2026 5107 ιιιιαίιεὲει.⁵
2046 5034 2188 5088 Vetus

619 5094 1268 5162 ριοαστξωη-άςβήήείτὰξιν
1280 5094 1475 5162 91:99th
1496 5100 1718 5162 διδρμενᾳ
1739 5094 1880 5162 εένὶᾳ,
1903 5100 2059 5151 Xenia
2079 5111 2190 5161 quae

619 5154 672 5212 in
694 5161 887 5228 calatho
906 5154 1164 5228 dabantur.
1189 5157 1317 5228 Inde
1350 5154 1668 5228 honor-grumi
1686 5154 2045 5228 decurionatus,
2065 5154 2112 5228 et
2132 5171 2190 5228 ea

620 5233 730 5292 qua
753 5218 1036 5271 decuriones
1061 5219 1239 5288 debent
1264 5233 1358 5291 pro
1380 5218 1601 5281 introitu,
1624 5226 1672 5272 et
1692 5223 1909 5291 pecunia:
1929 5218 2039 5284 quas
2049 5218 2191 5288 judi-

619 5283 756 5334 σώσω
777 5278 852 5331 uel
891 5281 1251 5331 exsecutorth
1274 5280 1433 5331 imum
1474 5294 1531 5330 ac
1551 5290 1849 5334 neaottorum
1882 5296 1972 5334 pro
2006 5281 2192 5332 salario

621 5295 756 5334 am
777 5295 852 5331 vet
891 5295 1251 5348 mortuus
1274 5295 1433 5352 unum
1474 5295 1531 5330 ac
1551 5295 1849 5351 negotiorum
1829 5296 1972 5392 I“pro
2006 5295 2192 5332 satana

621 5343 877 5412 dabantur,
898 5351 970 5390 stc
988 5341 1291 5412 appellentur
1309 5355 1358 5412 nt
1375 5347 1453 5412 tit.
1470 5343 1549 5412 ‘De
1560 5343 1790 5412 sportulis
1799 5356 1826 5407 ,ν
1899 5355 2044 5412 tcum.
2072 5343 2192 5412 Item

622 5402 787 5471 (limis
809 5412 919 5471 quas
941 5402 1271 5471 sacerdotibus
1303 5402 1878 5471 dabantur-{Cyprianus
1915 5405 2058 5471 epist.
2086 5402 2188 5471 fit:

627 5465 693 5534 lit
714 5460 950 5526 sportulis
975 5462 1151 5512 iisdem
1177 5475 1286 5534 cum
1311 5460 1617 5534 presbyteris
1645 5460 1971 5534 honorantur,
1985 5469 2050 5534 et
2069 5462 2192 5513 divi-

626 5526 798 5577 siones
822 5536 1076 5593 mensuras
1093 5526 1299 5592 agnatis
1314 5526 1669 5586 quantitatibus
1694 5526 1957 5596 patiantur.
1977 5528 2034 5594 Iit
2054 5535 2195 5596 spor-

627 5587 830 5652 tultmtes
873 5585 1057 5652 clerici,
1095 5597 1197 5652 sive
1214 5583 1405 5652 fratres
1444 5588 1786 5652 sportulam”,
1826 5602 1926 5652 qu_t_
1952 5586 2134 5652 digna,
2150 5590 2195 5635 et

628 5644 1151 5713 ενοηυιειιμεείνίκιμν
1174 5644 1236 5698 αὖ
1453 5644 1682 5713 demur.
1703 5644 1850 5713 ερεξιὶ
1869 5649 1948 5713 66-
1987 5649 2195 5713 Secari"-

1324 325 1383 384 S.
1419 324 1697 384 JOANNIS
1722 324 2201 387 CHRYSOSTOIII
2240 328 2560 387 ARCHIEP.
2604 327 3145 387 CONSTANTINOP.

3771 322 3878 381 πὶ

2271 449 2437 507 esset,
2479 454 2546 496 ac
2587 440 2818 496 studium
2865 444 3006 512 quod
3030 456 3155 512 erga
3180 455 3268 500 me
3289 456 3503 513 semper
3529 443 3871 515 ostendistis.

2270 546 2377 586 non
2415 531 2702 588 mediocris
2739 548 2835 589 vos
2876 533 3211 604 negligentiae
3250 543 3470 605 propter
3514 535 3732 607 longum
3773 550 3868 592 ve-

2268 631 2440 680 strum
2463 622 2758 691 silentium,
2783 623 2963 696 idque,
2980 640 3103 681 cum
3124 640 3154 680 a
3180 627 3336 683 nobis
3356 626 3663 699 frequentes
3683 628 3871 685 litera

2266 715 2615 785 acceperitis,
2663 730 2991 774 accusarem.
3040 717 3145 774 Sed
3175 721 3425 789 quoniam
3469 721 3581 777 scio
3624 736 3725 778 vos
3754 725 3870 778 sive

2269 806 2495 873 sileatis,
2519 806 2634 862 sive
2659 807 2936 874 scribatis,
2967 808 3166 878 pariter
3188 825 3314 880 erga
3346 825 3446 867 nos
3473 811 3694 868 aﬂ'ectas
3721 826 3868 880 esse,

2269 907 2552 968 propterea
2597 911 2706 952 non
2745 900 2913 954 ausim
2945 915 3039 955 vos
3077 899 3237 970 hujus
3259 901 3455 957 silentii
3480 917 3642 958 causa
3675 919 3866 974 repre-

2271 988 2528 1055 hendere,
2579 990 2788 1046 tametsi
2832 987 3055 1047 miriﬁce
3081 994 3238 1063 cupio
3279 994 3462 1049 literas
3491 1007 3637 1065 saepe
3658 1003 3868 1053 vestras

2269 1079 2534 1148 accipere,
2578 1079 2773 1149 quibus
2816 1080 2884 1136 de
2927 1091 3102 1138 vestra
3147 1083 3454 1140 valetudine
3493 1085 3694 1140 certior
3719 1085 3867 1141 flatu.

2267 1168 2412 1224 Nihil
2436 1169 2579 1225 enim
2603 1179 2686 1226 est
2704 1185 2879 1226 causae
2900 1186 2998 1228 cur
3020 1173 3086 1228 ad
3117 1173 3254 1230 hanc
3289 1176 3702 1232 excusationem
3729 1190 3870 1232 eon-

2268 1259 2500 1332 fugiatis,
2550 1261 2690 1332 quod
2734 1279 2842 1319 non
2880 1265 2951 1319 ita
2995 1265 3187 1322 crebro
3231 1266 3537 1322 tabellarios
3583 1268 3869 1326 nancisca-

2269 1353 2401 1408 mini
2429 1371 2443 1409 :
2471 1354 2734 1425 siquidem
2777 1355 3262 1414 desideratissimus
3304 1368 3360 1414 et
3385 1359 3737 1415 suavissimus
3765 1361 3868 1416 Sa-

2269 1443 2480 1511 lustius,
2521 1445 2675 1500 nobis
2701 1444 2946 1514 dilectus,
2977 1447 3044 1502 ad
3073 1447 3195 1516 hoc,
3240 1458 3323 1505 sat
3351 1449 3484 1514 s‘cio,
3517 1451 3675 1506 vobis
3697 1452 3871 1521 potuit

2268 1533 2548 1590 inservire.
2599 1534 2975 1614 Verumtamen
3018 1553 3087 1594 ne
3129 1539 3208 1595 sic
3254 1540 3470 1611 quidem
3510 1556 3612 1597 vos
3648 1557 3870 1612 accuse,

2268 1624 2411 1696 quod
2449 1625 2735 1681 admodum
2767 1627 2836 1683 de
2863 1639 3038 1684 vestra
3067 1631 3288 1686 caritate
3315 1631 3603 1687 confidam.
3635 1633 3746 1687 Nos
3773 1633 3868 1688 ita-

2267 1731 2392 1789 que,
2420 1721 2631 1788 quoties
2654 1720 2855 1788 licebit,
2871 1720 2939 1777 ad
2956 1737 3051 1776 vos
3071 1724 3291 1778 crebras
3308 1724 3488 1780 literas
3517 1728 3737 1781 mittere
3763 1740 3872 1782 non

2267 1809 2591 1878 desinemus,
2620 1813 2815 1882 quippe
2840 1813 3032 1883 quibus
3057 1815 3340 1870 sinceritas
3365 1825 3419 1871 et
3445 1817 3608 1873 ardor
3632 1817 3872 1878 benevo-

2269 1901 2450 1960 lentiae
2478 1914 2670 1960 vestra:
2699 1905 2943 1976 cognitus
2967 1904 3037 1960 sit
3065 1913 3121 1961 et
3145 1905 3477 1974 exploratus.

2517 2031 2724 2091 CCXX.
2755 2034 2986 2092 Pwanio.
3015 2037 3259 2106 (Cucuso
3281 2053 3424 2095 anno
3444 2040 3620 2112 404.)

2341 2169 2757 2241 Respiravimus,
2802 2172 3204 2242 exsultavimus,
3232 2188 3337 2229 non
3373 2174 3483 2245 jam
3507 2184 3752 2232 exteram
3779 2186 3874 2237 aut

2271 2262 2604 2334 peregrinam
2642 2263 2871 2333 amplius
2910 2265 3182 2336 regionem
3236 2266 3470 2322 incolere
3496 2283 3597 2323 nos
3638 2269 3868 2325 arbitra-

2269 2371 2410 2422 mur,
2457 2370 2580 2410 cum
2626 2355 2693 2410 ad
2740 2371 2859 2412 eam
2887 2356 3091 2424 urbem,
3125 2373 3244 2429 quae
3271 2368 3376 2413 tam
3422 2361 3586 2414 multa
3614 2375 3870 2431 perpessa

2271 2455 2372 2514 est,
2402 2455 2490 2501 tua
2512 2446 2811 2503 sublimitas
2835 2451 2904 2504 sit
2933 2464 3167 2506 reversa.
3199 2450 3309 2506 Hac
3337 2461 3515 2506 autem
3538 2453 3742 2510 idcirco
3771 2470 3872 2510 nos

2275 2538 2544 2609 voluptate
2588 2537 2976 2608 perfundimur,
3006 2555 3109 2596 non
3140 2541 3281 2612 quod
3301 2541 3531 2613 dignitas
3557 2545 3654 2599 tibi
3698 2545 3870 2615 major

2271 2629 2558 2702 obtigerit:
2592 2630 2821 2702 dignitas
2865 2632 3007 2687 enim
3050 2641 3138 2687 tua
3185 2634 3353 2690 virtus
3399 2644 3484 2690 est
3508 2637 3708 2692 animm
3741 2647 3868 2703 tua,

2273 2736 2374 2778 nec
2395 2722 2538 2777 ullus
2559 2723 2725 2793 ipsam
2751 2723 2844 2778 tibi
2872 2732 3032 2778 antea
3053 2726 3223 2794 potuit
3251 2725 3484 2794 auferre,
3511 2743 3690 2799 neque
3728 2744 3866 2786 nunc

2274 2812 2507 2869 reddidit
2532 2831 2546 2868 :
2579 2814 2598 2884 (
2623 2829 2728 2885 quo
2758 2814 2900 2870 enim
2932 2825 3108 2887 pacto,
3139 2831 3261 2872 cum
3291 2818 3463 2874 ablata
3495 2820 3722 2876 minime
3749 2819 3864 2878 fue-

2273 2904 2421 2976 rit?)
2454 2904 2549 2962 sed
2574 2905 2777 2962 idcirco
2800 2906 3150 2974 exsultamns,
3177 2909 3319 2979 quod
3347 2925 3592 2982 magnam
3618 2912 3858 2968 consola-

2275 2994 2435 3050 tionis
2460 2995 2793 3051 occasionem
2818 2997 3055 3054 attulerit
3091 3006 3214 3054 tuus
3243 3000 3296 3055 in
3325 2999 3510 3057 urbem
3551 3001 3699 3056 illam
3739 3001 3862 3058 red-

2274 3078 2379 3134 itus
2419 3079 2483 3134 iis
2507 3081 2597 3150 qui
2622 3080 2968 3148 vexabantur,
2998 3083 3384 3151 mactahantur,
3415 3084 3469 3140 in
3502 3085 3712 3141 vincula
3734 3100 3869 3143 oon-

2268 3171 2608 3243 jiciehantur,
2649 3188 2772 3229 cum
2811 3175 3110 3230 communis
3138 3174 3352 3232 illorum
3381 3185 3655 3247 protector
3678 3179 3784 3246 sis,
3811 3185 3870 3236 et

2274 3263 2341 3320 ad
2385 3273 2439 3320 te
2483 3278 2671 3320 omnes
2713 3263 2790 3319 illi
2835 3273 3104 3337 tamquam
3160 3266 3228 3322 ad
3276 3266 3595 3324 latissimum
3653 3277 3866 3340 portam

2274 3355 2599 3427 confugiant.
2633 3355 2753 3412 Scis
2774 3357 2970 3428 quippe
2999 3357 3124 3414 inde
3148 3357 3356 3414 lucrum
3385 3358 3701 3431 decerpere,
3726 3359 3867 3418 unde

2278 3447 2481 3502 lucrum
2494 3435 2890 3518 decerpendum
2915 3457 3017 3503 est.
3047 3447 3126 3504 'l‘u
3143 3464 3272 3505 vero
3289 3449 3543 3522 deinceps
3565 3450 3637 3508 de
3653 3459 3865 3508 morum

2277 3547 2422 3595 recte
2461 3537 2724 3594 factorum
2771 3538 3132 3610 magnitudine
3160 3540 3363 3610 scribe,
3389 3555 3454 3597 ac
3481 3542 3766 3598 manifeste
3794 3542 3863 3598 si-

2277 3629 2488 3699 gnifica,
2516 3637 2646 3699 quot
2666 3628 2906 3698 jacentes
2930 3629 3264 3697 excitaveris,
3307 3639 3439 3703 quot
3465 3631 3646 3702 lapsos
3672 3647 3866 3689 erexe-

2279 3721 2352 3776 ris
2376 3760 2392 3787 ,
2456 3735 2590 3790 quos
2650 3719 2971 3777 ﬂuctuantes
3019 3721 3315 3778 firmaveris
3336 3761 3355 3790 ,
3406 3723 3601 3793 quibus
3666 3722 3869 3780 tamdiu

2279 3811 2639 3867 laborantibus
2680 3811 2919 3868 subsidio
2962 3809 3148 3878 fueris,
3189 3822 3320 3883 quot
3362 3813 3637 3885 segniores
3659 3812 3867 3884 factos,

2278 3904 2558 3976 diligentes
2599 3902 2912 3968 reddideris,
2948 3919 3085 3975 quos
3119 3904 3402 3977 diligentes
3428 3917 3607 3972 antea,
3637 3907 3871 3979 diligen-

2281 3996 2442 4050 tiores
2469 3993 2709 4049 eﬂ'cceris
2736 4011 2750 4049 :
2783 3995 2960 4049 omnia
2988 3995 3216 4066 denique
3255 4005 3344 4050 tua
3370 3996 3424 4050 in
3452 3996 3554 4052 hac
3581 3998 3699 4053 acie
3727 4013 3871 4070 pra-

2278 4087 2421 4143 clara
2449 4086 2682 4143 facinora
2707 4087 2974 4158 sigillatim
2997 4103 3222 4158 expone.
3252 4087 3386 4144 Nam
3410 4088 3525 4146 haec
3548 4100 3740 4147 cuncta
3757 4092 3874 4148 scio

2280 4179 2424 4249 prius
2469 4178 2651 4244 etiam,
2699 4193 2856 4250 quam
2901 4178 3082 4235 literas
3106 4192 3223 4235 tuas
3247 4179 3525 4250 accipiam,
3567 4191 3754 4254 utpote
3779 4183 3873 4254 qui

2277 4272 2512 4326 animum
2539 4279 2686 4326 tuum
2711 4271 2970 4337 noverim,
2997 4286 3312 4342 generosum
3333 4272 3590 4329 athletam
3616 4289 3681 4330 ac
3709 4275 3875 4332 mira-

2282 4364 2440 4420 bilem
2464 4363 2775 4418 bellatorem
2799 4381 2813 4418 :
2841 4363 2937 4420 sed
2959 4379 2990 4418 a
3016 4365 3288 4420 carissima
3315 4373 3492 4423 tamen
3515 4366 3670 4422 nobis
3690 4367 3874 4440 lingua

2282 4466 2368 4511 tua
2411 4467 2604 4511 cuncta
2646 4455 2804 4510 velim
2833 4455 3098 4512 ediscere.
3130 4456 3261 4513 Huic
3289 4457 3450 4528 igitur
3487 4468 3688 4515 nostra:
3731 4462 3873 4530 peti-

2282 4548 2412 4602 tioni
2437 4562 2633 4614 annue,
2657 4562 2777 4602 cum
2801 4547 3082 4618 intelligas,
3106 4556 3305 4619 quanto
3326 4564 3428 4607 nos
3457 4550 3583 4618 tibi,
3608 4551 3739 4608 dum
3770 4553 3879 4613 hoc

2279 4653 2426 4710 ages,
2454 4638 2529 4694 sis
2554 4637 2815 4694 beneficio
2843 4637 3206 4695 devincturus.

2559 4791 2801 4850 CCXXI.
2842 4791 3136 4849 Constantio
3174 4794 3460 4866 presbytero
3483 4794 3581 4867 (α).

2350 4932 2525 4988 Nicaea
2553 4938 2743 5002 quarto
2767 4929 2970 4986 mensis
2997 4928 3122 4984 Julii
3156 4927 3243 4985 die
3269 4929 3569 4990 soluturus.
3612 4929 3780 4988 hasce
3804 4933 3872 4988 ad

2281 5029 2531 5096 pietatem
2576 5033 2721 5077 tuam
2764 5020 2886 5076 dedi
2927 5020 3132 5086 literas,
3172 5018 3240 5074 ad
3267 5019 3318 5075 id
3367 5020 3757 5089 tecohortans,
3801 5023 3872 5077 ad

2279 5115 2422 5188 quod
2466 5129 2749 5183 numquam
2795 5113 3068 5168 cohortari
3113 5111 3247 5168 desii
3306 5130 3320 5168 :
3368 5113 3613 5184 quamvis
3657 5115 3877 5185 gravior

2281 5215 2544 5282 praesente
2573 5213 2886 5276 tempestate
2914 5203 3166 5275 procella,
3198 5204 3533 5274 majoresque
3571 5203 3766 5260 ﬂuctus
3792 5207 3876 5260 in-

2279 5307 2491 5375 gruant,
2515 5306 2573 5354 ut
2597 5312 2664 5353 ne
2689 5297 3008 5352 intermittas
3047 5311 3132 5364 ea,
3159 5311 3280 5366 quae
3307 5293 3471 5350 oliicii
3511 5297 3586 5350 tui
3625 5305 3774 5363 sunt,
3818 5299 3872 5352 in

2280 5412 2366 5464 ea,
2384 5409 2541 5466 quam
2561 5393 2628 5448 ab
2648 5391 2797 5448 initio
2817 5391 3025 5462 cepisti,
3044 5389 3506 5446 administratione
3534 5389 3833 5462 adimplere
3856 5409 3869 5444 :

2281 5489 2469 5546 Graece
2515 5483 2909 5556 superstitionis
2949 5484 3448 5540 exterminatiouem
3493 5481 3649 5551 dico,
3693 5486 3870 5540 eccle-

2345 5647 2418 5710 (a)
2455 5646 2618 5710 Nicaeae
2638 5644 2816 5710 scripta
2832 5653 2942 5710 cum
2970 5640 3065 5710 ire}
3103 5639 3150 5687 in
3176 5639 3403 5710 exsilium
3433 5651 3562 5710 anno
3579 5639 3690 5691 405.
3716 5640 3871 5691 ﬂabe-

807 5700 1169 5780 g’qittm
1188 5704 1596 5780 retjhggtorarium
1615 5700 1810 5780 01inqu
1835 5711 1910 5780 oet
1927 5700 2197 5780 subiidiunt
2284 5700 2363 5780 tur
2386 5700 2510 5780 apud
2533 5700 2850 5780 Nicephorum
2999 5700 3340 5780 thl‘iLLcap,
3366 5709 3434 5754 De
3469 5709 3680 5754 Panemo
3702 5714 3884 5756 mense

629 5768 782 5822 victus
801 5766 879 5820 his
899 5766 1128 5834 intelligo,
1145 5767 1273 5832 quod
1298 5769 1635 5836 Chrysostomo
1657 5766 1949 5823 αγαιεπιὶπο
1969 5766 2193 5820 dabatur.

2287 5761 2507 5839 pluribus
2529 5761 2687 5821 actum
2711 5774 2787 5818 est
2807 5767 2859 5816 in
2888 5765 2991 5814 vita
