4076 6432
238 369 343 431 πι

242 484 368 561 μδν,
396 484 459 540 δν
476 484 610 558 περὶ
630 482 860 550 τάςτῶν
884 483 1138 556 πενήτων
1164 480 1310 554 ῐχεις
1334 479 1696 555 προστασίας,
1725 478 1828 550 τὴν

237 592 563 664 ἐπιθυμίαν,
589 591 659 661 ἢν
681 589 771 646 ἀεὶ
800 589 930 662 περὶ
956 591 1058 661 τὴν
1092 588 1268 662 καλὴν
1290 588 1497 660 ταύτην
1524 586 1832 642 ἐπιδείκνυ-

240 713 338 754 σαι
383 696 775 770 πραγματείαν
794 734 812 762 ,
859 696 955 770 καὶ
989 695 1280 768 παρέχων,
1332 694 1428 749 καὶ
1486 692 1608 765 μεθ’
1636 689 1833 764 ἡδονῆς

237 802 402 857 τοῦτο
441 801 638 869 ποιῶν,
671 801 768 855 καὶ
809 800 1034 855 διπλοῦν
1068 817 1150 854 σοι
1180 797 1274 854 τὸν
1308 799 1573 869 στέφανον
1603 796 1696 850 τὸν
1730 794 1834 865 τῆς

241 903 658 978 φιλανθρωπίας
697 903 793 958 καὶ
851 901 1234 974 λαμπρότερον
1288 898 1575 963 καθιστὰς,
1624 897 1720 953 καὶ
1760 899 1830 970 τῇ

237 1007 514 1080 δαψιλείᾳ,
550 1008 646 1062 καὶ
675 1009 745 1080 τῇ
768 1005 964 1080 γνώμῃ
988 1007 1084 1075 ἀφ’
1111 1001 1181 1079 ἦς
1205 1005 1302 1059 καὶ
1333 1005 1366 1076 ὴ
1400 1002 1656 1073 δαψίλεια
1685 999 1835 1070 γίνε-

239 1129 355 1169 ται.
393 1112 550 1168 Ἐπεὶ
582 1086 679 1167 οὖν
712 1111 981 1184 ἐδήλωσεν
1008 1112 1138 1182 ημῖν
1169 1112 1199 1164 6
1226 1108 1560 1181 τιμιώτατος
1587 1104 1833 1177 πρεσϐύ-

241 1237 403 1293 τερος
435 1220 786 1292 Δομετιανὸς,
817 1221 847 1275 6
890 1219 1002 1274 τῶν
1039 1219 1225 1292 χηρῶν
1258 1219 1356 1275 καὶ
1395 1216 1685 1291 παρθένων
1723 1214 1834 1270 τῶν

241 1326 434 1384 αὐτόθι
483 1325 586 1399 τὴν
618 1326 959 1398 προστασίαν
1004 1326 1179 1398 έχων,
1235 1326 1319 1381 ὅτι
1362 1324 1550 1398 σχεδὸν
1578 1325 1638 1378 ἐν
1688 1321 1833 1395 λιμῷ

241 1431 671 1504 καθεστήκασιν,
699 1427 890 1503 ῶσπερ
931 1431 1014 1495 εἰς
1042 1431 1241 1502 λιμένα
1282 1429 1384 1494 τὰς
1413 1429 1514 1494 σὰς
1549 1427 1832 1498 καταφεύο

239 1551 415 1608 γομεν
445 1537 657 1608 χεῖρας,
692 1532 847 1609 [τεο]
885 1529 1028 1589 ῶστε
1054 1534 1209 1588 τουτὶ
1240 1532 1403 1590 λῦσαι
1433 1531 1529 1588 τοῦ
1574 1531 1739 1605 λιμοῦ
1771 1531 1832 1587 τὸ

240 1641 530 1711 ναυάγιον.
558 1641 763 1714 Δέομαι
787 1637 884 1696 οὖν
919 1657 1037 1708 σου,
1061 1641 1160 1696 καὶ
1187 1640 1394 1712 σφόδρα
1411 1641 1624 1714 δέομαι,
1661 1657 1831 1712 μετα-

243 1747 608 1820 πεμψάμενος
633 1747 745 1802 -τδν
789 1746 1184 1820 πρεσϐύτερον,
1226 1747 1364 1821 ὅπερ
1395 1745 1462 1802 ἂν
1577 1746 1830 1814 δυνατὸν,

240 1853 616 1926 ἐπικουρῆσαι
641 1853 1055 1927 παρακλήθητι.
1089 1853 1204 1923 Τῆς
1237 1853 1349 1927 7&9
1396 1856 1456 1908 ἐν
1479 1853 1624 1925 ἀλλῳ
1651 1852 1831 1925 καιρῷ

241 1958 616 2029 ἐλεημοσύνης
639 1957 674 2029 η
703 1956 800 2012 νῦν
829 1956 1183 2030 παρεχομένη
1219 1955 1404 2028 πολλῷ
1433 1954 1658 2010 πλείονα
1687 1973 1832 2028 παρα

240 2060 360 2134 έχει
402 2063 504 2135 τὴν
530 2061 790 2136 ἀμοιϐὴν,
838 2062 1058 2136 ὅσῳπερ
1087 2065 1146 2118 ἐν
1191 2063 1562 2138 χαλεπωτέρῳ
1597 2065 1832 2137 χειμῶνι

239 2167 338 2222 καὶ
388 2163 530 2241 ζάλῃ
577 2166 989 2240 καθεστήκασιν
1022 2169 1071 2222 οἰ
1114 2167 1359 2240 δεόμενοι
1403 2169 1696 2234 λαϐεῖν,ού
1731 2173 1832 2243 τῆς

239 2248 520 2334 εἰωθυίαςῖ
540 2269 910 2334 ἀπολαύοντες
964 2271 1250 2340 ἀφθονίας.
1306 2271 1601 2343 Ἐννοήσας
1648 2273 1830 2328 τοίνυν

239 2375 338 2428 καὶ
368 2372 466 2429 τοῦ
501 2375 830 2446 πράγματος
850 2375 912 2429 τὸ
941 2375 1154 2449 κέρδος,
1181 2378 1276 2432 καὶ
1313 2380 1414 2452 τὴν
1448 2381 1558 2434 ἀπὸ
1584 2379 1680 2434 τοῦ
1711 2399 1832 2436 και-

243 2478 339 2551 ροῦ
360 2479 663 2550 γενομένην
695 2478 1036 2551 προσθήκην,
1064 2480 1134 2536 τὰ
1159 2484 1359 2538 σαυτοῦ
1389 2486 1613 2557 ποιῆσαι
1648 2505 1831 2560 παρα-

238 2580 491 2654 κλήθητι.
522 2582 689 2636 Οὐδὲν
719 2581 828 2654 7&9
851 2583 934 2636 δεῖ
966 2584 1127 2639 πλέον
1156 2588 1332 2642 εἰπεῖν
1357 2589 1496 2660 πρὸς
1524 2589 1830 2660 φιλάνθρω-

239 2701 345 2767 πον
369 2677 660 2738 οὕτωκαὶ
694 2685 1060 2758 ἡμερωτάτην
1086 2689 1393 2760 γράφοντες
1433 2692 1636 2764 ψυχήν.
1667 2691 1830 2760 Οῐδας

234 2791 370 2866 7&9,
403 2793 487 2848 ὅτι
516 2793 613 2848 καὶ
656 2793 964 2865 σπόρτουλα
991 2797 1126 2867 ἡμῖν
1154 2797 1484 2867 χρεωστεῖςο
1519 2796 1636 2852 ἀλλ’
1677 2798 1829 2870 ὅμως

236 2897 336 2952 καὶ
375 2899 603 2954 ἐκείνων
650 2899 838 2955 ἕνεκεν
879 2901 960 2965 εἰς
1005 2899 1165 2955 τοῦτό
1190 2918 1272 2956 σοι
1313 2902 1667 2976 διαλυόμεθα.
1713 2906 1826 2960 Καὶ

235 3003 453 3076 γράψαι
503 3005 563 3059 δὲ
601 3007 733 3077 ἡμῖν
772 3005 1193 3080 παρακλήθητι,
1221 3007 1304 3063 δτι
1335 3009 1639 3077 ἐπένευσας
1668 3013 1826 3085 ήμῶν

153 3121 168 3138 ’
234 3110 306 3182 τῇ
337 3111 572 3182 αἰτήσει,
613 3109 711 3164 καὶ
741 3109 812 3165 τά
848 3111 978 3182 περὶ
1015 3112 1114 3184 τῆς
1145 3111 1361 3182 ὑγιείας
1387 3113 1490 3185 τῆς
1521 3114 1623 3186 σῆς
1656 3115 1826 3186 εὐαγ-

232 3211 606 3285 γελιζόμενος,
638 3217 735 3271 καὶ
763 3217 964 3282 παντὸς
990 3217 1085 3272 τοῦ
1119 3219 1488 3294 εύλογημένου
1522 3240 1618 3278 σου
1650 3224 1822 3280 οῖκου.

573 3374 743 3434 ΣΙΗΊ
779 3338 1060 3452 Εὖθυμίῳ
1087 3383 1494 3454 πρεσϐυτέρῳ.

303 3538 493 3611 Μηδὲν
534 3511 683 3608 huic
727 3540 966 3596 λυπείτω
1012 3543 1076 3597 τὺ
1121 3545 1220 3617 τῆς
1272 3547 1472 3619 σχολῆς
1518 3546 1780 3614 ἐξεῶσθαι
1803 3593 1819 3619 ,

229 3640 350 3697 ἀλλ’
383 3641 712 3711 ἐννοοῦντες,
737 3644 863 3700 ὅσον
891 3647 989 3702 καὶ
1016 3647 1268 3705 ἐντεῦθεν
1296 3652 1554 3719 ἐδέξασθε
1594 3655 1687 3710 τὸν
1733 3674 1824 3729 μι-

231 3743 384 3810 σθὸν,
412 3747 508 3801 καὶ
545 3748 665 3813 πῶς
693 3747 918 3821 αὒξεται
960 3751 1033 3806 τά
1061 3753 1171 3807 τῶν
1205 3757 1487 3826 στεφάνων
1520 3760 1670 3832 ὑμῖν,
1702 3764 1823 3835 χαί-

231 3867 360 3926 ρετε
394 3852 491 3907 καὶ
529 3854 891 3924 εὐφραίνεσθε
923 3858 1066 3931 ὑπὲρ
1095 3861 1206 3914 τῶν
1237 3862 1582 3935 παθημάτων
1614 3868 1821 3923 τούτων

226 3957 331 4012 καὶ
356 3956 465 4012 τῶν
489 3958 814 4018 ἐπιϐουλῶν.
843 3961 1054 4035 Πολλὴν
1081 3965 1192 4039 γὰρ
1221 3969 1353 4039 ὑμῖν
1384 3971 1606 4041 συνάγει
1640 3973 1817 4028 ταῦτα

226 4063 332 4136 τὴν
360 4066 418 4118 ἐν
449 4064 702 4137 οὐρανοῖς
729 4067 1023 4141 ἐμπορίαν,
1059 4075 1153 4127 καὶ
1194 4074 1614 4150 λαμπροτέρους
1647 4085 1811 4148 ποιεῖ,

227 4171 330 4226 καὶ
371 4170 596 4242 μείζονα
634 4175 928 4250 καθίστησι
971 4177 1041 4232 τά
1082 4180 1330 4252 βραδεῖα.
1377 4185 1547 4258 Στενὴ
1580 4188 1688 4259 γὰρ
1721 4193 1816 4245 καὶ

223 4273 568 4348 τεθλιμμένη
607 4280 641 4350 ή
671 4279 789 4344 ὁδὸς
837 4281 870 4351 ἡ
918 4282 1207 4352 ἀπάγουσα
1237 4290 1318 4352 εἰς
1353 4288 1450 4360 τὴν
1501 4290 1668 4362 ζωήν.
1706 4296 1817 4349 Καὶ

224 4380 361 4452 ἡμῖν
383 4380 440 4436 δέ
466 4383 705 4454 συνεχῶς
731 4387 1071 4443 ἐπιστέλλειν
1100 4389 1170 4444 τά
1209 4395 1338 4464 περὶ
1367 4397 1466 4468 τῆς
1493 4398 1680 4470 ὑγείας
1713 4403 1815 4474 τῆς

225 4484 339 4557 σῆς
371 4487 447 4558 μὴ
485 4490 762 4544 κατόκνει.
790 4489 962 4548 Οἶσθα
981 4493 1093 4568 γὰρ
1119 4497 1269 4564 ὅπως
1313 4503 1676 4574 συνδεδέμεθά
1718 4525 1812 4562 σου

221 4594 294 4665 τῇ
324 4592 537 4664 ἀγάπῃ,
571 4596 667 4650 καὶ
701 4596 841 4663 πῶς,
888 4601 1137 4674 ὅπουπερ
1161 4603 1228 4658 ἂν
1257 4600 1428 4678 ὦμεν,
1458 4610 1550 4665 ὲπί
1574 4611 1815 4680 διανοίας

225 4712 286 4749 σε
331 4699 640 4769 περιφέρω,
677 4700 763 4753 ἀεί
819 4719 914 4755 σου
968 4702 1172 4777 θερμὸς
1210 4712 1500 4782 γενόμενος
1532 4718 1807 4791 ἐραστήςο

219 4797 320 4852 νῦν
342 4798 400 4852 δὲ
425 4799 605 4872 πολλῷ
637 4801 989 4876 θερμότερος,
1013 4808 1124 4880 ὅσῳ
1150 4812 1244 4865 καὶ
1281 4813 1663 4891 λαμπρότερος
1704 4823 1812 4876 ἀπὸ

218 4900 337 4956 τῶν
365 4903 710 4976 παθημάτων
734 4906 988 4977 γέγονας.

540 5098 700 5155 ΣῙΘ’.
741 5103 1035 5175 Σευηρίνῃ
1071 5106 1171 5160 καὶ
1203 5106 1506 5182 Ῥωμύλῃ.

289 5251 355 5306 Εἰ
392 5253 469 5325 μὴ
518 5257 723 5330 σφόδρα
751 5259 854 5334 τὴν
908 5267 1139 5338 γνησίαν
1166 5269 1320 5340 ὑμῶν
1366 5273 1588 5346 ἀγάπην
1637 5276 1807 5348 ᾔδειν,

217 5358 316 5412 καὶ
345 5358 448 5431 τὴν
493 5364 764 5435 σπουδὴν,
799 5369 864 5439 ἣν
892 5371 979 5424 ἀεὶ
1027 5373 1156 5445 περὶ
1198 5376 1347 5446 ἡμᾶς
1395 5379 1767 5436 ὲπιδείκνυσθε
1790 5424 1805 5449 ,

215 5459 323 5515 κᾶν
357 5462 633 5534 ῥᾳθυμίαν
667 5469 870 5543 πολλὴν
910 5476 1042 5545 ὑμῖν
1092 5477 1412 5548 ἄνεκάλεσα,
1439 5486 1540 5556 τῆς
1586 5494 1806 5562 μακρᾶς

215 5563 407 5619 ἕνεκεν
431 5568 638 5640 ταύτης
660 5574 820 5645 σιγῆς
840 5578 905 5646 ἣν
937 5579 1252 5652 ὲσιγήσατε,
1284 5587 1378 5639 καὶ⁵
1406 5588 1579 5644 ταῦτα
1614 5593 1808 5648 πολλά-

214 5682 307 5732 κις
357 5667 456 5723 καὶ
500 5673 700 5745 συνεχῆ
742 5678 875 5750 παρ’
925 5681 1085 5752 ημῶν
1142 5683 1432 5759 δεχόμεναι
1474 5693 1800 5766 γράμματα.

226 5772 370 5830 Ἀλλ’
393 5774 720 5855 ἐπειδηοίδα
754 5784 836 5841 ὅτι
863 5790 958 5843 καὶ
990 5790 1296 5862 σιωπῶσαι,
1335 5797 1430 5852 καὶ
1468 5800 1798 5872 γράφουσαι,

1671 367 2038 430 εριετοωι

3421 347 3532 410 731

1934 477 2140 550 ὁμοίως
2168 475 2301 550 περί⁵
2341 475 2489 549 ημᾶς
2516 471 2817 538 διάκεισθε,
2857 470 3052 525 τούτου
3083 468 3246 543 χάριν
3271 467 3531 539 ἐγκαλεῖν

1932 580 2036 637 οὐκ
2058 583 2126 638 ἂν
2162 581 2504 653 ἀνασχοίμην
2532 577 2636 652 τῆς
2671 577 2832 650 σιγῆς
2853 576 3069 641 ἕνεκεν,
3104 576 3153 628 εἰ
3186 575 3283 628 καὶ
3321 573 3532 649 σφόδρα

1934 684 2190 754 ἐπιθυμῶ
2209 682 2394 739 πυκνά
2423 684 2556 756 παρ’
2578 681 2735 754 ὑμῶν
2761 678 3014 754 δέχεσθαι
3039 679 3372 756 γράμματα,
3399 679 3532 754 περὶ

1934 789 2036 862 τῆς
2070 790 2260 861 ὑγείας
2281 788 2438 862 ὑμῶν
2471 786 2761 861 δηλοῦντα.
2785 787 2922 843 θὺδὲ
2952 786 3062 859 7&9
3084 785 3249 860 ἔχοιτ’
3273 785 3342 841 ἂν
3368 803 3537 842 κατα·

1892 959 1907 974 χ
1935 899 2131 966 φυγεῖν
2167 897 2250 961 εἰς
2280 895 2342 950 τὸ
2374 894 2451 968 μὴ
2479 893 2724 967 συνεχῶς
2766 894 3156 966 ἐπιτυγχάνειν
3189 908 3536 966 γραμματη-

1935 1000 2148 1072 (ρόρουιι
2168 1015 2183 1031 ⁸
2217 1001 2247 1055 ό
2299 1000 2412 1073 7&9
2447 999 2830 1064 ποθεινότατος
2869 999 2968 1054 καὶ
3003 997 3347 1068 γλυκύτατος
3391 997 3539 1067 ἀγα·

1935 1106 2111 1179 πητὺς
2139 1105 2300 1179 ήμῶν
2334 1105 2683 1170 Σαλούστιος,
2709 1098 2769 1159 εὖ
2811 1095 2909 1158 οἷδ’
2939 1103 3022 1158 ὅτι
3054 1103 3193 1176 πρὸς
3213 1099 3377 1156 τοῦτο
3401 1100 3537 1172 ὑμῖν

1935 1211 2362 1283 διακονήσασθαι
2387 1209 2539 1285 [Ἱὶί]
2570 1210 2829 1281 ἠδύνατο.
2867 1209 3013 1264 Ἀλλ’
3034 1211 3186 1281 ὅμως
3216 1208 3341 1264 οὐδὲ
3357 1207 3537 1272 οὕτως

1937 1313 2068 1386 ὑμῖν
2095 1313 2336 1383 ἐγκαλῶ,
2369 1311 2457 1372 διὰ
2489 1312 2551 1367 τὸ
2589 1311 2799 1385 σφόδρα
2827 1311 3053 1385 θαρρεῖν
3088 1308 3247 1382 ὑμῶν
3273 1307 3405 1380 περὶ
3432 1305 3538 1377 τῆς

1935 1421 2179 1492 ἀγάπης.
2211 1419 2389 1485 Αὐτὸς
2435 1419 2642 1491 μέντοι,
2672 1418 2842 1491 ήνίκα
2877 1417 2946 1472 ἂν
2976 1415 3098 1489 ἐξῇ,
3131 1414 3376 1488 συνεχῶς
3409 1413 3537 1467 ἐπι-

1937 1521 2183 1581 στέλλειν
2210 1525 2273 1581 ού
2300 1521 2620 1595 παύσομαι·
2657 1519 2774 1578 οἰδα
2793 1521 2905 1596 γὰρ
2929 1521 3087 1594 ὑμῶν
3106 1521 3167 1576 τδ
3187 1521 3414 1592 γνήσιον
3442 1515 3539 1573 καὶ

1935 1633 2141 1706 θερμὸν
2159 1633 2262 1705 τῆς
2287 1632 2607 1696 διαθέσεως.

2505 1827 2637 1880 ΣΚἏ
2671 1824 2958 1889 Παιανίφ.

2017 1981 2484 2056 Ἀνεπνεύσαμεν,
2515 1981 2929 2056 ἐσκιρτήσαμεν
2950 2018 2966 2045 ,
2998 1975 3187 2033 οὐκέτι
3216 1973 3536 2050 ἀλλοτρίαν,

1935 2090 2056 2146 οὐδὲ
2087 2091 2248 2162 ξένην
2284 2088 2459 2143 οἰκεῖν
2483 2079 2793 2159 ἡγούμεθα,
2824 2085 2926 2156 τῆς
2952 2081 3057 2155 σῆς
3094 2079 3541 2156 θαυμασιότητος

1933 2195 2074 2267 πρὸς
2109 2193 2210 2268 τὴν
2255 2193 2486 2249 τοιαῦτα
2529 2191 2856 2262 πάσχουσαν
2894 2188 3304 2261 ἐπανελθούσης
3353 2187 3534 2244 πόλιν.

1930 2302 2086 2354 Ποιεῖ
2107 2299 2162 2353 δὲ
2187 2301 2321 2371 ἡμῖν
2347 2298 2448 2370 τὴν
2467 2295 2743 2368 τοσαύτην
2767 2294 2985 2376 ήδογὴν,
3012 2295 3076 2349 ού
3103 2294 3165 2349 τὸ
3193 2295 3256 2349 σὲ
3284 2293 3539 2359 πλείονος

1931 2403 2364 2460 ἀπολελαυκέναι
2389 2403 2591 2474 τιμῆς·
2621 2403 2655 2474 ἡ
2684 2399 2796 2474 γὰρ
2830 2401 2898 2474 σὴ
2928 2399 3066 2472 τιμὴ
3092 2399 3410 2472 τῆς-ψυχῆς
3436 2397 3534 2453 σού

1930 2515 2081 2568 ἐστιν
2105 2514 2138 2583 ὴ
2167 2509 2360 2584 ἀρετὴ,
2388 2510 2482 2565 καὶ
2509 2507 2635 2564 οὔτε
2661 2506 2976 2580 ἔμπροσθέν
3017 2506 3078 2561 σέ
3116 2525 3202 2570 τις
3225 2506 3400 2577 αὐτὴν
3428 2505 3536 2574 ἀφὲ

1929 2617 2149 2672 ελέσθαι
2182 2616 2426 2689 ῖσχυσεν,
2462 2613 2590 2669 οὔτε
2616 2613 2714 2668 νῦν
2744 2611 3091 2669 ἀποδέδωκεν
3125 2611 3267 2684 (πῶς
3299 2611 3411 2684 γὰρ
3433 2609 3536 2682 τὴν

1933 2722 2009 2796 μὴ
2038 2722 2429 2796 ἀφαιρεθεῖσαν
2443 2720 2515 2792 ;)⁶
2549 2720 2864 2792 σκιρτῶμεν
2883 2718 2943 2775 δὲ
2971 2720 3057 2774 ὅτι
3087 2719 3320 2791 μεγίστη
3352 2718 3535 2790 παράο

1929 2827 2125 2900 κλησις
2154 2831 2269 2892 τοῖς
2328 2825 2737 2900 ἐλαυνομένοις,
2775 2829 2891 2892 τοῖς
2939 2825 3341 2898 σφαττομένοις
3365 2865 3380 2891 ,
3417 2828 3536 2887 τοῖς

1936 2930 2266 3001 δεδεμένοις,
2290 2931 2489 3002 εἰςτὴν
2516 2929 2675 2984 πόλιν
2699 2929 2921 3002 ἐκείνην
2943 2926 3319 3003 εἰσελήλυθας,
3352 2929 3537 2985 κοινὸν

1927 3033 2122 3104 ὄφελος
2159 3035 2256 3089 καὶ
2287 3034 2453 3106 λιμὴν
2486 3035 2789 3107 εὐρύτατος
2819 3034 3029 3093 τούτων
3064 3023 3382 3109 γενόμενος.
3416 3037 3535 3093 Καὶ

1926 3139 2039 3212 γὰρ
2077 3135 2238 3196 οἶσθα
2284 3141 2590 3213 κερδαίνειν
2636 3141 2674 3196 ἃ.
2722 3141 3027 3214 κερδαίνειν
3080 3143 3211 3215 χρή.
3244 3142 3432 3215 Γράφε
3461 3141 3531 3215 δή

1925 3243 2113 3299 λοιπὸν
2137 3243 2248 3299 τῶν
2277 3245 2733 3318 κατορθωμάτων
2764 3260 2858 3300 σου
2881 3246 2945 3301 τὸ
2986 3247 3240 3318 μέγεθος,
3271 3249 3368 3303 καὶ
3400 3247 3532 3318 λέγε

1927 3347 2119 3419 σαφῶς
2155 3348 2360 3413 πόσους
2407 3348 2700 3420 κειμένους
2753 3349 3084 3421 ἀνέστησας,
3115 3351 3318 3416 πόσους
3353 3367 3532 3408 κατα-

1925 3455 2291 3520 πεπτωκότας
2322 3452 2677 3528 ἀνώρθωσας,
2712 3456 2870 3520 τίνας
2912 3455 3318 3530 σαλευομένους
3365 3459 3531 3532 ἐστήο

1928 3559 2104 3632 ριξας,
2140 3561 2251 3614 τίσι
2280 3560 2648 3634 πεπονηκόσιν
2692 3561 2753 3616 ὲν
2795 3561 2875 3633 τῷ
2907 3562 3106 3634 μακρῷ
3138 3561 3316 3637 τούτῳ
3347 3563 3529 3638 χρόνῳ

1924 3663 2227 3737 παρέστης,
2259 3665 2414 3732 τίνας
2443 3667 2827 3740 ῥᾳθυμοῦντας
2851 3644 2853 3647 Ι
2874 3669 3199 3734 σπουδαίους
3231 3670 3526 3742 ἐποίησας,

1922 3769 2076 3833 τίνας
2099 3771 2426 3836 σπουδαίους
2456 3772 2616 3838 ὄντας
2650 3775 3106 3848 σπουδαιοτέρους
3129 3776 3397 3848 εἰργάσω,
3428 3778 3528 3833 καὶ

1924 3875 2105 3930 πάντα
2134 3876 2325 3940 ἁπλῶς
2353 3877 2474 3931 καθ’
2512 3879 2744 3934 ἕκαστον
2783 3882 2853 3934 τά
2883 3882 2978 3935 ἐπὶ
3013 3882 3118 3954 τῆς
3159 3883 3526 3956 παρατάξεώς

1923 3994 2020 4031 σου
2046 3979 2252 4051 ταύτης
2284 3979 2597 4052 ἀνδραγαθή
2607 3999 2776 4052 ματα.
2806 3979 2938 4038 Οῐδα
2966 3987 3066 4056 μὲν
3091 3986 3202 4059 γὰρ
3228 3986 3404 4043 ταῦτα
3426 3987 3527 4044 καὶ

1921 4083 2031 4155 πρὸ
2059 4084 2168 4138 τῶν
2192 4084 2542 4157 γραμμάτων
2573 4086 2684 4139 τῶν
2714 4088 2844 4153 σῶν,
2875 4089 3068 4162 ἐπειδὴ
3094 4093 3190 4146 καὶ
3217 4092 3318 4164 τὴν
3341 4093 3528 4166 ψυχὴν

1919 4185 2036 4243 οῖδα
2068 4190 2169 4261 τὴν
2205 4189 2325 4262 σὴν,
2356 4190 2449 4245 τὸν
2479 4196 2729 4261 γενναῖον
2753 4195 3020 4273 ἀθλητὴν,
3043 4200 3139 4253 καὶ
3168 4199 3262 4253 τὸν
3299 4200 3523 4272 θαυμα-

1921 4291 2046 4345 στὸν
2077 4291 2307 4364 ἀριστέα
2328 4309 2341 4323 ·
2377 4294 2497 4348 ἀλλ’
2520 4291 2616 4351 οὖν
2651 4295 2914 4371 βούλομαι
2969 4300 3065 4356 καὶ
3106 4304 3258 4376 παρὰ
3284 4303 3387 4375 τῆς
3420 4321 3524 4359 πο-

1919 4393 2233 4468 θεινοτάτης
2272 4415 2364 4469 μοι
2411 4398 2662 4474 γλώττης
2702 4400 2878 4458 ταῦτα
2922 4405 3235 4475 μανθάνειν.
3263 4406 3418 4460 Δίδου
3452 4407 3536 4486 δὴ.

1917 4501 2054 4570 ἡμῖν
2080 4501 2288 4574 ταύτην
2321 4505 2422 4576 τὴν
2452 4504 2673 4578 αἴτησιν
2698 4525 2712 4539 ·
2745 4503 2903 4563 οἶσθα
2943 4509 3056 4584 7&9
3102 4511 3302 4585 ἡλίκην
3347 4514 3518 4586 χαριῇ

1917 4602 2099 4674 χάριν,
2138 4605 2301 4661 τοῦτο
2331 4608 2524 4666 ποιῶν.

2171 4813 2368 4878 ,ΣΚΑἎ
2412 4815 2809 4881 Κωνσταντίφ
2840 4819 3245 4889 πρεσϐυτέρῳ.

1987 4963 2065 5037 Τῇ
2099 4967 2337 5039 τετάρτῃ
2363 4968 2459 5022 τοῦ
2512 4969 2770 5042 Πανέμου
2824 4975 2996 5045 μηνὸς
3038 4975 3249 5046 μέλλων
3279 4977 3392 5033 ἀπὺ
3415 4979 3518 5051 τῆς

1913 5069 2149 5134 Νικαίας
2181 5068 2509 5145 διεξορμᾷν,
2559 5075 2735 5130 ταῦτα
2792 5078 3176 5153 διαπέμπομαι
3213 5083 3285 5137 τά
3333 5085 3518 5157 γράμ⁸

1911 5189 2064 5242 ,ματα
2094 5175 2232 5246 πρὸς
2253 5175 2355 5249 τὴν
2383 5178 2483 5249 σὴν
2509 5178 2842 5250 θεοσέϐειαν,
2870 5186 3229 5257 παρακαλῶν,
3259 5189 3400 5262 ὅπερ
3425 5191 3517 5245 ἀεὶ

1914 5279 2250 5352 παρακαλῶν
2279 5282 2382 5338 οὐκ
2432 5287 2800 5361 ἐπαυσάμην,
2845 5289 2950 5346 κᾶν
2995 5294 3384 5369 χαλεπώτερος
3415 5298 3514 5353 τοῦ

1910 5380 2006 5440 νῦν
2041 5386 2370 5459 κατέχοντος
2403 5391 2629 5464 γένηται
2657 5396 2687 5447 6
2735 5395 2978 5468 χειμὼν,
3025 5400 3128 5455 κᾶν
3165 5402 3389 5474 μείζονα
3439 5403 3514 5459 τά

1909 5490 2152 5564 κύματα,
2190 5496 2265 5566 μὴ
2302 5496 2572 5552 διαλιπεῖν
2601 5499 2670 5554 τά
2714 5504 2912 5559 σαυτοῦ
2949 5507 3265 5581 πληροῦντα
3294 5513 3376 5576 εἰς
3407 5511 3512 5584 τὴν

1909 5599 2246 5669 οἰκονομίαν,
2282 5595 2349 5672 ἧς
2396 5603 2456 5670 ἐξ
2489 5605 2668 5677 ἀρχῆς
2718 5609 2872 5681 ἢψωο
2916 5611 3062 5684 λέγω
3095 5615 3162 5690 δὴ
3187 5616 3285 5674 τοῦ
3315 5615 3514 5694 Ἑλλη-

1976 5820 2002 5849 °
2024 5818 2218 5871 Fabric.
2241 5825 2677 5893 γραμματηφόρων.
