4076 6426
246 351 355 413 733

247 467 458 523 aiat-um
482 459 965 527 constructionem,
991 456 1293 514 animam
1317 466 1506 512 curam
1535 469 1552 508 :
1598 463 1778 522 neque
1806 455 1861 505 te

252 558 510 630 supinum
534 563 629 611 aut
648 551 930 611 socordem
954 565 1135 608 rerum
1163 547 1450 606 difﬁcultas
1470 545 1650 604 faciat.
1676 541 1864 614 Neque

251 649 401 704 enim
426 647 772 720 gubernator,
798 642 892 700 ubi
923 656 1077 699 mare
1105 643 1282 714 ipsum
1305 637 1570 697 concitari
1595 643 1652 694 et
1676 633 1862 692 furere

251 738 422 805 videt,
449 753 483 794 a
511 736 670 794 navis
695 735 850 792 clavo
880 743 939 792 et
969 731 1350 806 gubernaculis
1383 727 1651 788 discedit:
1683 738 1863 798 neque

253 830 526 898 medicus,
549 828 643 885 ubi
664 842 870 900 aegrum
910 827 1102 884 morbo
1125 825 1326 897 corripi
1356 825 1554 891 cernit,
1581 818 1865 878 curatione

253 924 579 996 supersedet
610 941 626 979 :
657 923 750 980 sed
774 931 887 978 tum
922 922 1156 978 maxime
1180 928 1406 991 uterque
1430 918 1658 974 istorum
1685 922 1859 971 artem

255 1031 415 1074 suam
437 1015 677 1071 adhibet.
699 1014 784 1071 'l‘u
806 1028 1044 1086 quoque,
1072 1012 1293 1069 domine
1311 1010 1385 1066 mi
1413 1005 1866 1067 reverendissime

261 1122 330 1164 ac
369 1106 796 1178 religiosissime,
824 1104 1048 1162 multam
1088 1118 1235 1161 nunc
1276 1101 1442 1160 animi
1483 1095 1866 1172 promptitudi-

263 1213 392 1253 nem
411 1196 640 1265 adhibe,
662 1211 841 1269 neque
867 1207 922 1253 te
944 1195 1012 1252 ad
1031 1195 1338 1253 socordiam
1358 1192 1605 1266 redigant
1629 1203 1866 1263 praesen-

260 1289 340 1344 tia
384 1289 528 1344 mala
556 1305 577 1345 r:
616 1303 726 1345 non
769 1288 916 1344 enim
949 1285 1017 1344 de
1043 1287 1144 1355 eis,
1171 1301 1294 1358 qua:
1339 1284 1496 1343 nobis
1539 1281 1864 1349 inferuntur,

259 1380 422 1436 malis
467 1379 736 1437 rationem
778 1379 1110 1446 reddemus;
1154 1379 1287 1451 quin
1330 1377 1510 1450 potius
1560 1374 1867 1432 mercedem

250 1470 614 1541 accipiemus.
631 1468 690 1527 Si
714 1485 843 1528 vero
864 1485 951 1536 ea,
979 1485 1102 1542 qua:
1130 1479 1437 1526 nostrarum
1463 1476 1591 1524 sunt
1609 1467 1867 1538 partium,

262 1577 376 1618 non
403 1562 832 1634 przstiterimus,
859 1562 954 1619 sed
997 1562 1215 1620 desides
1260 1561 1544 1629 fuerimus,
1588 1558 1726 1616 nihil
1767 1571 1870 1614 nos

261 1667 329 1708 ea
353 1653 410 1708 in
433 1667 495 1711 re
516 1653 791 1724 adjuvabit
836 1663 930 1710 aut
956 1653 1214 1710 defendet
1259 1653 1524 1710 malorum
1572 1651 1866 1709 tumultus:

262 1743 701 1815 quandoquidem
731 1753 789 1801 et
833 1745 1030 1801 Paulus
1054 1760 1334 1802 carcerem
1374 1744 1638 1812 incolens,
1665 1743 1721 1799 in
1749 1741 1872 1797 vin-

263 1835 407 1891 culis
428 1834 670 1891 ofﬁcium
713 1849 869 1892 stium
895 1836 1039 1903 fecit,
1067 1845 1124 1893 et
1150 1836 1318 1894 Jonas
1361 1837 1415 1892 in
1444 1846 1638 1893 ventre
1679 1833 1873 1891 bellum

265 1924 493 1982 marina
519 1926 762 1983 inclusus
788 1925 912 1998 fuit,
942 1935 1002 1984 et
1028 1939 1138 1984 tres
1162 1928 1316 1998 pueri
1354 1928 1410 1984 in
1435 1928 1651 1984 camino
1675 1924 1875 1983 versati

265 2025 398 2073 sunt
423 2034 440 2074 :
466 2031 644 2088 neque
669 2026 850 2075 tamen
878 2018 1071 2075 horum
1097 2033 1424 2092 quemquam
1467 2019 1680 2075 vincula
1723 2017 1873 2074 varia

266 2108 338 2164 ad
390 2107 659 2165 desidiam
706 2109 984 2182 redegere.
1017 2109 1145 2166 Huic
1192 2111 1353 2182 igitur
1390 2119 1569 2167 tecum
1590 2119 1871 2181 reputans,

265 2197 489 2254 domine
513 2199 609 2266 mi,
628 2213 698 2255 ne
715 2200 967 2256 omiseris
984 2199 1300 2270 Phoenicim,
1318 2201 1551 2267 Arabiae,
1564 2209 1622 2259 et
1640 2199 1876 2258 Orientis

248 2277 637 2347 'Ecclesiarum
668 2305 855 2347 curam
879 2307 1091 2362 gerere,
1119 2293 1252 2349 illud
1301 2307 1618 2364 persuasum
1644 2292 1874 2361 habens,

267 2381 679 2452 locupletiorem
699 2391 754 2439 te
777 2383 1086 2439 mercedem
1113 2393 1456 2456 recepturum
1483 2399 1627 2451 esse,
1653 2385 1700 2441 si
1724 2394 1804 2441 tot
1821 2394 1878 2442 et

266 2473 434 2530 tantis
457 2473 915 2532 intercedentibus
939 2474 1358 2545 impedimentis,
1376 2491 1498 2547 qua:
1524 2485 1735 2532 tuarum
1755 2492 1879 2548 par-

265 2563 403 2620 tium
427 2574 576 2633 sunt,
609 2567 944 2634 praestiteris.
971 2566 1157 2638 Neque
1177 2569 1272 2624 tibi
1292 2583 1459 2640 grave
1481 2568 1552 2625 sit
1579 2569 1875 2625 identidem

264 2654 337 2710 ad
362 2669 466 2711 nos
491 2655 754 2723 scribere,
782 2656 880 2712 sed
899 2666 954 2713 et
977 2657 1336 2714 creberrimas
1361 2659 1546 2716 literas
1574 2658 1724 2716 dato.
1741 2659 1876 2715 Nam

265 2745 426 2802 sicuti
449 2761 596 2803 nunc
630 2749 1005 2820 cognovimus,
1035 2765 1143 2806 non
1188 2751 1526 2820 Sebasteam,
1557 2751 1655 2808 sed
1698 2751 1880 2809 Cucu-

266 2851 390 2894 aum
415 2838 718 2896 exsulatum
736 2826 829 2897 ire
847 2841 984 2911 jussi
1011 2856 1220 2912 sumus,
1246 2858 1356 2915 quo
1397 2843 1493 2900 tibi
1521 2843 1711 2901 literas
1747 2845 1879 2901 mit-

268 2937 386 2986 tere
413 2928 625 2987 facilius
643 2931 766 2987 erit.
792 2931 982 2989 Scribe
1009 2932 1173 3005 igitur
1201 2935 1380 3003 nobis,
1406 2944 1540 3008 quot
1567 2951 1714 2993 anno
1737 2952 1877 3008 quo-

267 3019 402 3078 libet
424 3028 646 3079 structa
678 3025 789 3080 sint
809 3026 1077 3093 ecclesiae,
1098 3037 1154 3084 et
1179 3031 1273 3100 qui
1302 3029 1402 3087 viri
1433 3033 1608 3088 sancti
1631 3033 1685 3088 in
1711 3032 1878 3089 Phoe-

267 3113 468 3173 niciam
504 3117 932 3196 commigrarunt,
972 3128 1030 3175 et
1078 3121 1126 3176 si
1165 3137 1273 3193 qua
1317 3123 1524 3194 majora
1551 3127 1881 3183 accesserint

267 3203 619 3262 inm-omenta.
638 3205 772 3264 Nam
800 3218 924 3265 cum
950 3210 1227 3269 Nicmnum
1243 3215 1533 3284 quemdam
1553 3217 1878 3275 monachum

268 3301 537 3358 inclusum
559 3302 638 3376 (α)
670 3307 1020 3376 reperissem,
1043 3308 1093 3364 ei
1120 3315 1180 3370 ut
1205 3307 1274 3363 ad
1302 3309 1558 3379 pietatem
1579 3321 1723 3367 tuam
1751 3312 1878 3382 iret,

265 3402 326 3450 et
357 3394 413 3450 in
447 3395 779 3454 Pbmniciam
811 3399 1265 3468 proﬁcisceretur,
1293 3402 1562 3472 persuasi.
1602 3406 1688 3459 An
1728 3403 1776 3459 is
1811 3404 1880 3460 ad

270 3497 326 3542 te
368 3492 599 3557 venerit,
650 3487 737 3546 fac
779 3490 970 3547 sciam.
1001 3491 1081 3547 De
1108 3491 1403 3561 Salamine,
1432 3493 1578 3565 quod
1623 3495 1881 3567 oppidum

267 3580 436 3636 estin
459 3580 641 3652 Cypro
668 3583 855 3649 situm,
883 3593 938 3640 et
965 3583 1035 3640 ab
1065 3583 1259 3642 haeresi
1287 3583 1756 3644 Marcionistarum
1782 3604 1882 3662 op-

266 3671 539 3742 primitur,
563 3683 789 3732 acturus
803 3690 927 3731 cum
953 3676 1147 3748 quibus
1168 3679 1430 3748 oportuit,
1449 3688 1506 3736 et
1529 3696 1642 3736 rem
1662 3696 1880 3741 omnem

269 3761 498 3820 feliciter
515 3763 860 3822 conlecturus
886 3783 1057 3837 eram,
1091 3769 1196 3826 nisi
1224 3770 1431 3841 ejectus
1455 3771 1706 3830 fuissem.
1725 3775 1880 3845 Quod

266 3854 315 3909 si
344 3853 623 3912 dominum
669 3872 870 3913 meum
891 3857 1181 3931 Cyriacum
1216 3862 1532 3933 episcopum
1564 3863 1878 3924 Constanti-

271 3945 459 4016 nopoli
499 3961 623 4004 esse
641 3951 982 4020 cognoveris,
1011 3951 1188 4008 scribe
1227 3952 1298 4008 ad
1321 3969 1444 4010 eum
1476 3953 1578 4012 hac
1601 3955 1671 4013 de
1693 3973 1877 4028 causa,

266 4045 326 4093 et
348 4037 610 4108 perﬁcere
644 4040 692 4098 is
717 4041 901 4100 omnia
929 4045 1146 4115 poterit.
1159 4044 1458 4103 Cohortare
1477 4063 1689 4115 omnes,
1702 4061 1759 4107 et
1785 4067 1882 4123 po-

271 4129 662 4191 tissimumeos
698 4135 792 4206 qui
829 4135 1084 4194 ﬁduciam
1136 4140 1281 4210 apud
1332 4140 1502 4198 Deum
1547 4142 1771 4211 habent,
1821 4153 1882 4200 ut

267 4221 498 4278 multum
527 4231 584 4281 et
615 4225 1039 4297 assidueorent,
1075 4238 1135 4286 ut
1162 4245 1404 4301 praesens
1429 4233 1579 4290 orbis
1614 4245 1880 4293 terrarum

268 4314 601 4390 naufragium
645 4321 1012 4392 conquiescat.
1058 4322 1423 4382 lntolerabilia
1474 4329 1622 4384 enim
1666 4331 1875 4400 Asiam,

266 4407 510 4481 aliasque
535 4411 700 4469 urbes
725 4423 787 4468 et
813 4412 1090 4472 Ecclesias
1127 4416 1439 4474 invaserunt
1462 4419 1628 4488 mala,
1656 4436 1776 4492 qua:
1804 4423 1878 4477 si-

265 4499 514 4575 gillatim,
547 4517 617 4559 ne
644 4503 905 4562 molestus
929 4521 1052 4562 esse
1077 4507 1287 4576 videar,
1326 4524 1649 4568 enumerare
1690 4527 1881 4584 supcr-

266 4591 436 4648 scdeo
452 4609 480 4657 :_
498 4601 661 4665 atque
685 4610 851 4651 unum
881 4596 1013 4655 illud
1037 4598 1184 4670 dico,
1209 4600 1376 4657 multa
1406 4617 1553 4660 nunc
1576 4614 1634 4661 et
1659 4604 1879 4664 assidua

265 4698 404 4754 opus
427 4699 551 4744 esse
576 4690 908 4758 precatione.

266 4813 548 4874 CCXXII.
589 4818 764 4888 Casta,
800 4820 1025 4894 Valerio,
1055 4824 1373 4900 Diaphanto,
1397 4829 1634 4902 (Syriaco,
1667 4834 1877 4908 presby-

508 4912 630 4967 teris
666 4913 1011 4974 Antiochenis.
1048 4916 1298 4992 (Cucuso
1322 4936 1468 4981 anno
1495 4920 1670 4998 404.)

338 5045 408 5101 Ει
434 5047 580 5118 quod
607 5048 674 5106 ad
703 5063 803 5107 nos
844 5052 1193 5125 scripseritis,
1221 5065 1277 5113 et
1303 5058 1446 5129 quod
1476 5059 1647 5117 literis
1669 5076 1770 5118 nos
1791 5062 1874 5118 la-

265 5151 484 5195 cessere
507 5140 808 5209 volueritis,
835 5159 902 5201 ac
933 5145 1118 5204 literas
1144 5165 1176 5205 a
1201 5151 1358 5207 nobis
1389 5162 1592 5222 petere,
1621 5155 1872 5212 modum-

263 5245 372 5300 que
412 5232 655 5301 epistolae
688 5236 955 5295 excedere
993 5238 1286 5311 iusseritis,
1329 5245 1384 5300 id
1423 5257 1742 5318 argumento
1772 5250 1872 5306 fuit

261 5334 364 5376 vos
391 5320 727 5380 insaturabili
773 5337 828 5384 et
855 5328 1048 5387 insano
1093 5346 1222 5405 erga
1267 5349 1367 5391 nos
1394 5351 1580 5394 amore
1622 5339 1867 5410 ﬂagrare.

326 5475 403 5556 te)
433 5478 889 5556 inclusi.
935 5486 1019 5548 qui
1056 5498 1175 5556 sese
1214 5488 1468 5556 lucellula
1484 5493 1693 5556 quadam
1715 5494 1870 5546 abde-

445 5537 738 5612 frequenter
766 5535 1137 5612 memorantur
1155 5535 1873 5610 iniutaéfeiﬁsﬁdé'éi

262 5604 1020 5683 339‘?1'.‘l.£95‘°l?.‘“m
1051 5612 1205 5683 Prima
1239 5613 1300 5683 μά
1331 5604 1642 5683 Theodorum
1653 5604 1866 5683 alii“;

263 5662 742 5744 1939?}.
759 5668 915 5744 hebes
936 5662 1158 5744 99°05ch
1177 5662 1431 5744 συὶὶιξίιέιῦ
1443 5662 1544 5744 alii
1560 5662 1760 5744 Tanais:

261 5729 377 5792 stes
389 5725 439 5773 in
462 5725 635 5797 cellam
656 5741 777 5780 sese
799 5731 976 5785 includi
997 5725 1202 5801 curavit,
1227 5725 1282 5793 et
1301 5725 1872 5810 Hac—335536“;

267 5796 407 5836 mnis
421 5798 562 5842 anuis
583 5798 660 5844 est
681 5803 820 5844 usus.

1729 325 2109 392 εΡιετοιΔς.

3468 322 3575 384 731

1975 443 2154 517 Atque
2190 441 2298 502 hoc
2334 441 2527 512 efﬁcit,
2556 450 2617 500 ut
2658 456 2724 501 ea
2766 442 3022 511 solitudo,
3062 458 3224 517 quam
3270 443 3580 516 incolimus,

1973 533 2208 594 solitudo
2235 534 2461 594 minime
2496 533 2743 592 videatur
2771 554 2786 592 :
2818 534 2925 592 hoc
2951 534 3195 593 diversas
3220 546 3276 594 et
3298 540 3585 597 continuas

1968 627 2302 685 calamitates
2326 627 2557 700 mitigat.
2581 626 2720 698 Quid
2748 627 2896 685 enim
2921 643 3045 686 cum
3073 630 3301 687 caritate
3345 631 3585 689 conferri

1968 720 2190 793 potest!
2214 719 2362 778 Nihil
2387 721 2567 793 plane.
2606 720 2737 778 Haec
2760 730 2817 778 et
2843 721 3022 791 radix,
3057 732 3117 779 et
3154 732 3347 790 mater,
3378 734 3435 782 et
3461 723 3588 784 fons

1971 823 2058 873 est
2084 816 2373 886 bonorum,
2401 818 2576 875 virtus
2618 818 2848 876 minime
2889 819 3182 886 laboriosa,
3208 820 3382 876 virtus
3428 819 3589 875 volu-

1971 915 2120 980 ptate
2161 907 2384 979 referta,
2414 925 2641 983 qumque
2676 911 2901 968 multam
2942 911 3164 985 iis,.qui
3205 911 3379 984 ipsam
3421 926 3590 968 excr-

1968 1007 2116 1066 ccnt,
2143 1000 2474 1073 voluptatem
2501 1001 2663 1074 parit.
2691 1001 2838 1074 Quas
2865 1004 2938 1062 ob
2961 1018 3051 1060 res
3080 1005 3284 1077 gratias
3309 1004 3464 1061 vobis
3493 1003 3583 1059 in-

1969 1101 2162 1164 gentes
2188 1093 2418 1166 agimus,
2449 1095 2593 1166 quod
2619 1095 2757 1152 adeo
2791 1095 3060 1153 sinceram
3102 1111 3229 1169 erga
3270 1111 3374 1153 nos
3422 1096 3593 1154 bene-

1971 1184 2268 1242 volentiam
2329 1188 2785 1246 conservaveritis
2828 1205 2845 1244 :
2898 1203 3000 1244 nos
3062 1202 3196 1246 vero
3261 1188 3594 1261 ubicumque

1971 1279 2214 1351 gentium
2246 1279 2529 1350 fuerimus,
2557 1281 2685 1338 licet
2707 1281 2776 1338 ad
2803 1281 2952 1354 ipsos
2978 1282 3130 1340 orbis
3159 1292 3425 1340 terrarum
3454 1284 3594 1341 ﬁnes

1973 1367 2302 1440 deferamur,
2334 1371 2464 1428 licet
2490 1371 2559 1428 ad
2607 1371 2789 1429 locum
2837 1373 2945 1430 hoc
2990 1373 3165 1431 multo
3208 1373 3593 1443 desertiorem,

1974 1475 2074 1518 vos
2114 1471 2299 1519 mente
2343 1462 2788 1522 circumferentes
2825 1465 3116 1534 abibimus,
3157 1466 3459 1540 insculptos
3497 1481 3598 1526 vos

1979 1551 2162 1610 animo
2188 1564 2245 1610 et
2273 1554 2476 1611 incisos
2503 1565 2724 1627 pectore
2763 1570 2950 1614 nostro
2969 1568 3266 1629 gestantes,
3298 1576 3477 1634 neque
3503 1552 3597 1620 iti-

1977 1643 2124 1701 neris
2148 1643 2535 1716 longinquitas,
2554 1662 2732 1718 neque
2759 1650 3024 1720 temporis
3053 1649 3403 1721 diuturnitas,
3420 1669 3599 1727 neque

1977 1737 2134 1796 turba
2157 1738 2528 1797 calamitatum
2553 1743 2972 1814 negligentiores
2997 1759 3126 1818 erga
3151 1747 3474 1805 suavitatem
3504 1763 3601 1806 ve-

1977 1840 2146 1886 stram
2189 1845 2290 1887 nos
2314 1830 2571 1898 reddidit,
2602 1833 2700 1890 sed
2727 1834 2882 1906 quasi
2921 1851 3031 1893 non
3061 1837 3135 1893 ita
3177 1837 3388 1909 pridem
3417 1839 3598 1897 vobis-

1977 1937 2103 1980 cum
2131 1924 2330 1981 versati
2355 1923 2641 1994 fuerimus,
2666 1927 2777 1984 imo
2805 1942 2938 1984 vero
2970 1929 3128 2001 quasi
3163 1928 3446 1986 vobiscum
3476 1946 3602 2002 per-

1977 2027 2144 2091 petuo
2166 2035 2467 2091 versemur,
2497 2029 2556 2078 ut
2583 2036 2646 2077 re
2667 2036 2795 2078 vera
2830 2036 3134 2092 versamur,
3171 2023 3244 2080 ita
3283 2038 3382 2080 vos
3417 2025 3603 2081 cemi-

1979 2125 2137 2181 mus,
2195 2121 2254 2170 et
2298 2112 2540 2170 caritatis
2587 2112 2762 2170 oculis
2809 2115 3265 2186 contemplamur.
3317 2116 3603 2187 Ejusmodi

1979 2205 2129 2261 enim
2149 2213 2236 2261 est
2260 2205 2535 2263 amicitia:
2559 2222 2669 2263 non
2698 2206 2953 2264 itinerum
2983 2209 3272 2266 intervallo
3299 2209 3595 2280 dirimitur,

1985 2310 2096 2353 non
2120 2295 2284 2368 longo
2307 2297 2521 2354 dierum
2548 2299 2724 2370 spatio
2747 2298 3082 2370 debilitatur,
3109 2316 3216 2358 non
3242 2301 3599 2360 afﬁictionum

1980 2391 2140 2449 turba
2166 2401 2474 2464 superatur,
2511 2392 2610 2451 sed
2656 2394 2712 2450 in
2750 2395 2920 2452 altum
2972 2404 3236 2468 perpetuo
3277 2397 3504 2464 tollitur,
3534 2407 3596 2455 ct

1980 2483 2214 2540 ﬂamma:
2234 2499 2452 2542 cursum
2483 2484 2743 2542 imitatur.
2771 2486 2951 2558 Atque
2980 2488 3086 2545 hoc
3123 2503 3221 2546 vos
3246 2503 3358 2559 prm
3382 2491 3600 2547 cmteris

1981 2560 2234 2633 omnibus
2278 2576 2472 2645 nostis,
2526 2577 2652 2648 quia
2701 2589 2816 2650 pra:
2864 2579 3080 2636 ceteris
3126 2581 3380 2636 omnibus
3433 2583 3602 2638 etiam

1981 2681 2169 2724 amare
2194 2666 2384 2724 scitis:
2410 2668 2663 2740 quocirca
2708 2684 2808 2726 vos
2847 2685 3068 2742 quoque
3113 2673 3302 2728 beatos
3345 2671 3600 2731 dicimus.

1981 2753 2134 2812 Licet
2157 2756 2306 2813 enim
2351 2757 2690 2816 miserabiles
2717 2759 2890 2818 simus
2927 2775 2993 2818 ac
3020 2761 3285 2834 despecti,
3312 2771 3370 2820 at
3413 2774 3606 2835 potens

1983 2853 2068 2903 est
2083 2845 2247 2912 Deus,
2269 2856 2326 2904 et
2348 2847 2548 2905 sufﬁcit
2571 2850 2639 2906 ad
2659 2852 3093 2909 constituendam
3116 2855 3272 2923 vobis
3293 2858 3606 2915 mercedem

1984 2937 2087 2996 hac
2110 2939 2340 2997 caritate
2363 2940 2652 3013 majorem,
2681 2958 2748 3000 ac
2770 2943 2943 3002 multo
2970 2947 3277 3004 uberiorem
3307 2967 3324 3004 :
3354 2964 3480 3005 nam
3508 2965 3607 3006 eo-

1983 3045 2105 3088 rum
2127 3031 2381 3089 meritum
2401 3034 2491 3105 qui
2519 3033 2724 3105 aliquid
2749 3034 2877 3092 boni
2904 3037 3116 3108 egerint
3138 3037 3465 3106 dixerintve,
3482 3042 3605 3098 suis

1985 3123 2224 3193 praemiis
2253 3123 2416 3196 longe
2454 3137 2717 3196 superare
2761 3127 2924 3183 solet.
2954 3129 3024 3185 Et
3062 3139 3309 3202 optarem
3352 3132 3614 3205 equidem

1983 3213 2117 3285 ipsis
2144 3215 2318 3272 oculis
2342 3231 2441 3273 vos
2482 3228 2779 3289 presentes
2818 3234 3069 3289 cernere,
3095 3230 3152 3280 et
3188 3237 3485 3296 congressu
3513 3241 3608 3282 vc-

1983 3315 2099 3362 stro
2123 3316 2528 3381 conspectuque
2559 3309 2688 3378 frui,
2732 3319 2896 3383 atque
2930 3312 3038 3370 hoc
3062 3322 3223 3386 pacto
3253 3325 3434 3373 vestra
3463 3319 3626 3374 ατί-

1986 3402 2098 3452 tate
2133 3397 2398 3453 obiectari
2428 3416 2442 3454 :
2477 3399 2695 3470 quando
2739 3411 2922 3458 autem
2965 3402 3021 3460 id
3059 3418 3169 3460 non
3209 3404 3353 3472 licet,
3392 3423 3501 3464 non
3536 3410 3610 3464 ob

1985 3486 2253 3558 pigritiam
2278 3488 2510 3562 aliquam
2549 3498 2608 3547 et
2649 3492 3056 3566 negligentiam,
3097 3496 3194 3552 sed
3237 3497 3385 3569 quod
3427 3501 3605 3556 exsilii

1986 3579 2313 3636 necessitate
2357 3579 2796 3652 pmpediamur:
2845 3584 3013 3642 nolite
3053 3585 3244 3643 saltem
3286 3603 3388 3646 nos
3434 3590 3621 3646 altera

1985 3668 2329 3739 navigatione
2361 3671 2596 3742 privare,
2640 3672 2738 3730 sed
2770 3675 3046 3748 ingentem
3089 3678 3302 3750 copiam
3344 3682 3612 3752 epistola-

1984 3776 2105 3816 rum
2128 3761 2197 3817 ad
2227 3777 2328 3820 nos
2352 3765 2569 3834 mittite,
2600 3782 2724 3838 qua:
2770 3767 2841 3826 de
2865 3779 3047 3827 vestra
3101 3787 3202 3831 nos
3230 3773 3428 3830 faciant
3457 3777 3607 3832 vale-

1986 3854 2171 3912 tudine
2189 3858 2475 3914 certiores.
2503 3858 2641 3915 Nam
2676 3861 2724 3917 si
2763 3861 3030 3933 ejusmodi
3070 3864 3254 3921 literas
3289 3865 3616 3937 frequenter

1983 3946 2381 4018 acceperimus,
2432 3953 2658 4007 multam
2722 3954 3153 4012 consolationem
3204 3959 3614 4030 percipiemus,

1983 4041 2329 4112 quantumvis
2356 4041 2648 4116 longinqua
2677 4053 2735 4102 et
2761 4057 2948 4104 extera
2977 4049 3033 4104 in
3070 4050 3292 4121 regione
3316 4051 3601 4123 degamus.

1983 4128 2119 4187 Cum
2146 4133 2307 4205 igitur
2330 4134 2486 4191 vobis
2523 4135 2865 4208 exploratum
2908 4140 3000 4206 sit,
3023 4149 3226 4212 quanto
3268 4157 3378 4198 nos.
3408 4142 3603 4199 devin-

1983 4223 2124 4279 cturi
2147 4223 2269 4281 sitis
2306 4223 2590 4292 beneficio,
2622 4237 2932 4300 quantaque
2961 4230 3145 4286 lmtitia
3177 4231 3467 4303 perfusuri,
3497 4251 3603 4290 nov

1984 4315 2077 4372 lite
2105 4317 2247 4375 hanc
2286 4319 2442 4377 nobis
2469 4321 2800 4393 voluptatem
2840 4323 3105 4382 invidere.
3150 4326 3289 4382 Dum
3332 4328 3478 4384 enim
3505 4344 3609 4383 vo-

1985 4407 2192 4466 biscum
2223 4427 2321 4482 per
2339 4411 2525 4469 literas
2549 4413 2948 4486 colloquemur,
2977 4432 3076 4474 vos
3105 4418 3253 4490 ipsos
3280 4418 3369 4476 hic
3405 4419 3601 4477 adesse

1981 4500 2386 4570 arbitrabimur,
2418 4513 2475 4560 et
2503 4504 2806 4563 evidentius
2837 4516 3110 4579 tamquam
3135 4510 3207 4567 ob
3234 4512 3421 4568 oculos
3451 4513 3599 4584 posi-

1985 4599 2075 4648 tos
2102 4594 2403 4665 poterimus
2429 4596 2614 4654 animo
2639 4599 3021 4672 contemplari.

2157 4727 2474 4786 CCXXIII.
2507 4729 2786 4804 Hesychia.
2817 4729 3051 4804 (Cucuso
3087 4747 3235 4790 anno
3267 4734 3424 4802 404..)

2052 4864 2346 4936 Cupiebam
2371 4867 2624 4941 equidem
2642 4909 2659 4936 ,
2690 4877 2979 4942 antequam
3009 4868 3077 4926 ad
3097 4871 3418 4928 suavitatem
3451 4881 3606 4930 tuam

1981 4959 2345 5030 scripsissem,
2390 4960 2576 5016 literas
2603 4961 2674 5018 ab
2706 4977 2768 5019 ea
2799 4962 2949 5032 prior
2988 4962 3236 5034 accipere
3265 4983 3278 5020 :
3307 4965 3410 5020 hoc
3450 4966 3607 5022 enim-

1979 5053 2441 5111 vehementissimi
2487 5055 2690 5110 amoris
2739 5062 2824 5111 est
2872 5054 3149 5127 proprium
3184 5068 3602 5116 :verumtamen

1979 5145 2166 5204 literas
2195 5157 2313 5203 tuas
2338 5162 2445 5203 non
2470 5149 2922 5219 exspectavimus,
2947 5148 3043 5206 sed
3070 5151 3278 5222 priores
3302 5151 3368 5206 ad
3393 5163 3443 5208 te
3465 5155 3602 5209 scri-

1979 5238 2208 5309 psimus,
2235 5250 2297 5294 ut
2333 5238 2390 5294 in
2431 5239 2533 5295 hoc
2555 5239 2746 5296 saltem
2789 5239 3033 5297 ardentis
3061 5244 3264 5300 amoris
3291 5259 3418 5314 erga
3451 5253 3596 5300 tuam

1979 5332 2298 5389 suavitatem
2325 5334 2496 5389 nostri
2523 5335 2798 5405 specimen
2817 5333 3124 5393 ederemus.
3152 5336 3260 5393 Sed
3281 5338 3384 5394 hoc
3414 5347 3595 5395 tamen

1979 5428 2202 5485 nomine
2230 5427 2325 5483 tibi
2370 5431 2602 5500 gratiam
2633 5428 2918 5498 habemus,
2949 5439 3010 5486 ut
3046 5431 3138 5502 qui
3167 5433 3334 5503 probe
3363 5433 3601 5491 sciamus

1979 5533 2088 5575 non
2115 5535 2182 5576 ex
2212 5528 2546 5591 contemptu,
2579 5520 2674 5576 sed
2705 5537 2815 5593 prae
2852 5523 3018 5578 nimia
3044 5522 3344 5581 humilitate
3374 5524 3469 5581 tibi
3496 5525 3599 5582 hoc

1977 5613 2290 5685 contigisse.
2321 5613 2598 5670 Audacter
2621 5614 2784 5686 igitur
2807 5613 2950 5672 hunc
2982 5617 3205 5672 tuum'in
3233 5633 3333 5672 nos
3355 5633 3596 5674 amorem

1977 5705 2225 5773 ostende,
2253 5721 2320 5763 ac
2345 5706 2549 5776 literas,
2578 5707 2859 5779 quibusde
2890 5719 2977 5765 tua
3009 5711 3315 5768 valetudine
3331 5713 3598 5769 certiores

1965 5798 2194 5872 ﬁamus,
2224 5798 2292 5863 ad
2337 5815 2438 5860 nos
2464 5801 2820 5860 creberrimas
2847 5807 3018 5862 mitte.
3053 5802 3114 5863 Si
3143 5805 3288 5862 enim
3331 5805 3605 5878 ojusmodl
