4076 6428
581 441 775 502 litem
810 429 1196 508 acceperimus,
1243 435 1369 492 licet
1407 435 1478 497 ad
1523 435 1671 506 ipsos
1709 432 1858 490 orbis
1904 441 2164 514 terrarum

578 501 717 587 fines
755 501 1022 586 amendati
1049 501 1247 595 simus,
1268 524 1391 591 licet
1432 525 1506 582 ad
1538 501 1715 580 locum
1757 524 1862 580 isto
1885 501 2167 586 desertio-

573 636 713 687 rem,
753 619 924 675 multo
962 616 1158 674 solatio
1194 617 1408 672 taedium
1447 626 1689 672 nostrum
1717 622 1908 671 vesti-at
1931 609 2168 668 caritatis

571 709 811 767 ofﬁcium
837 705 1112 780 mitigabit.
1142 706 1285 762 Nihil
1309 706 1452 763 enim
1481 705 1554 762 ita
1601 713 1776 776 potest
1798 703 2034 773 animum
2059 699 2166 757 erl-

569 817 732 873 gere,
777 801 1049 873 multaque
1099 799 1374 870 voluptate
1419 797 1775 870 perfundere,
1822 809 1887 853 ac
1932 794 1978 850 si
2021 800 2165 849 amet

565 899 882 963 ameturque
920 891 1150 948 sincere.
1181 891 1357 960 Atque
1402 891 1504 946 hoc
1551 898 1608 944 tu
1649 886 1887 949 omnium
1932 884 2164 944 maxime

565 982 729 1055 nosti,
783 982 1215 1054 quandoquidem
1269 990 1326 1038 tu
1381 995 1594 1057 quoque
1641 978 1884 1036 omnium
1930 975 2161 1035 maxime

567 1090 753 1134 amare
778 1076 941 1132 nosti.

561 1186 782 1245 CCXXI
796 1187 860 1243 Υ.
889 1186 1158 1243 Marciano
1176 1197 1223 1242 et
1246 1187 1564 1242 Marcellino.
1598 1140 1829 1259 (Cucuso
1845 1199 1987 1242 anno
2004 1181 2155 1257 404.)

631 1296 896 1366 Quidnam
913 1311 1090 1352 causae
1104 1305 1206 1362 est,
1232 1294 1603 1367 quamobrem,
1620 1295 1740 1352 cum
1761 1304 2035 1366 tantopere
2055 1309 2156 1352 nos

562 1389 756 1445 ametis
781 1387 977 1460 (neque
1001 1389 1146 1445 enim
1178 1397 1325 1443 tanto
1353 1388 1477 1443 licet
1502 1403 1534 1442 a
1560 1387 1712 1443 vobis
1737 1387 2013 1443 intervallo
2040 1386 2152 1442 dis-

553 1477 771 1550 iunctos
791 1478 920 1536 latet
948 1493 1048 1535 nos
1075 1493 1228 1534 amor
1268 1486 1462 1544 vester,
1498 1477 1639 1548 quod
1681 1485 1737 1534 et
1764 1477 2055 1534 vehemens
2081 1478 2152 1535 sit

557 1578 616 1626 et
655 1570 1057 1641 inflammatus),
1089 1559 1250 1626 silere
1296 1570 1575 1641 potuistis,
1606 1585 1670 1627 ac
1707 1585 1776 1626 ne
1816 1570 1984 1628 semel
2031 1571 2153 1642 qui-

553 1661 677 1718 dem
689 1662 874 1718 literas
888 1662 954 1717 ad
974 1676 1073 1717 nos
1083 1661 1424 1730 dedistis,sed
1443 1676 1554 1717 rem
1575 1661 1728 1716 istam
1741 1661 1968 1717 similem
1987 1662 2150 1733 amig-

557 1751 689 1807 mati
722 1751 1074 1809 reddidistis?
1097 1751 1283 1822 Neque
1317 1752 1456 1808 enim
1495 1752 1728 1823 legitima
1753 1751 1851 1808 fuit
1869 1753 1957 1808 illa
1985 1758 2149 1810 excu-

552 1841 720 1910 satio,
741 1857 900 1912 quam
940 1841 994 1897 in
1018 1843 1242 1914 epistola
1269 1841 1338 1898 ad
1380 1843 1834 1915 religiosissimum
1865 1843 2146 1917 presbyte-

553 1945 676 1987 rum
717 1931 1086 1988 Constantium
1138 1933 1304 1988 missa
1352 1933 1715 2004 expressistis.
1763 1932 2142 1991 Verumtamen

548 2020 850 2080 nolim'haec
874 2033 1062 2081 exacte
1093 2024 1409 2095 disquirere.
1441 2023 1522 2080 Sit
1547 2025 1619 2081 ita
1645 2040 1796 2094 sane,
1823 2034 1983 2098 atque
2003 2030 2143 2085 hanc

547 2110 717 2170 fuisse
741 2127 955 2169 causam
982 2113 1179 2169 silentii
1206 2113 1396 2170 demus
1427 2130 1442 2169 :
1475 2128 1602 2170 ecce
1627 2121 1682 2170 et
1720 2114 1836 2171 haec
1863 2117 1975 2186 ipsa
2000 2131 2144 2174 nunc

551 2203 713 2260 vobis
754 2204 998 2276 eripitur,
1027 2215 1083 2260 et
1107 2204 1278 2260 literis
1318 2204 1519 2261 nostris
1559 2219 1657 2261 vos
1700 2205 2050 2275 lacessimus,
2078 2223 2141 2265 ac

543 2295 713 2350 simul
741 2296 940 2367 gratias
978 2295 1187 2366 agimus
1229 2293 1300 2351 ob
1343 2294 1620 2350 sinceram-
1652 2295 1790 2350 hanc
1815 2297 2092 2352 caritatem
2119 2339 2136 2366 ,

540 2399 712 2456 quam
747 2399 872 2456 erga
898 2397 998 2440 ttss
1025 2386 1097 2439 ita
1122 2383 1400 2440 florentem
1427 2385 1774 2451 conservatis,
1799 2399 1862 2440 ac
1886 2387 2134 2456 petimus,

545 2486 609 2532 ut
632 2477 1069 2549 quotiescumque
1093 2476 1295 2542 licebit,
1318 2476 1535 2532 crebras
1553 2475 1619 2532 ad
1645 2490 1745 2532 nos
1769 2476 1950 2532 literas
1972 2479 2131 2533 detis.

543 2565 663 2623 Non
707 2567 849 2623 enim
888 2567 1074 2622 dubito
1099 2562 1226 2637 quin
1258 2565 1364 2622 huc
1401 2567 1624 2637 impigro
1665 2566 1917 2624 advolare
1967 2568 2136 2638 parati

462 2672 465 2674 ·
548 2656 806 2724 fuissetis,
849 2657 949 2712 nisi
976 2671 1038 2710 ea
1087 2671 1204 2727 quas
1250 2657 1711 2714 commemorastis
1754 2657 2135 2729 iutpedimenta

542 2745 1155 2812 intercessissent;imo
1203 2755 1327 2802 Vero
1369 2745 1546 2801 animo
1590 2745 1700 2817 jam
1751 2759 1815 2802 ac
1864 2747 2136 2806 voluntate

545 2836 858 2893 advolastis.
886 2835 993 2891 Sed
1018 2837 1269 2908 quoniam
1314 2835 1368 2892 id
1394 2835 1568 2906 reipsa
1597 2835 1713 2892 fieri
1743 2838 2000 2906 tantisper
2028 2853 2133 2895 non

542 2935 741 2998 potest,
773 2926 1045 2982 literarum
1090 2926 1281 2983 saltem
1327 2926 1518 2983 solatio
1560 2935 1802 2984 nostrum
1845 2941 2134 2984 mcerorem

542 3018 729 3085 lenite,
761 3032 824 3074 ac
861 3017 928 3072 de
955 3025 1133 3074 vestra
1164 3017 1431 3089 totiusque
1467 3028 1661 3074 vestra
1695 3018 1890 3074 domus
1930 3019 2136 3076 valetu-

540 3111 669 3168 dine
694 3125 794 3167 nos
821 3109 982 3166 facite
1007 3109 1287 3166 certiores.
1319 3111 1375 3166 Si
1405 3111 1545 3166 enim
1576 3110 1838 3181 ejusmodi
1870 3111 2037 3167 literae
2063 3111 2131 3168 ad

535 3219 639 3261 nos
662 3218 695 3259 a
719 3203 872 3258 vobis
912 3203 1090 3259 misse
1135 3203 1350 3270 fuerint,
1368 3204 1620 3274 quamvis
1647 3204 1701 3259 in
1745 3205 2003 3274 aspcriori
2033 3204 2129 3260 de-

535 3309 726 3368 gamus
766 3294 1069 3361 solitudine,
1112 3309 1271 3365 quam
1318 3295 1389 3350 sit
1431 3295 1552 3362 ista,
1597 3297 1820 3352 multam
1866 3312 1934 3352 ex
1961 3296 2128 3353 literis

532 3386 731 3443 vestris
753 3385 1171 3442 consolationem
1208 3385 1500 3456 capiemus.

569 3496 832 3556 CCXXV.
862 3495 1157 3553 Constantio
1184 3497 1488 3568 presbytero.
1513 3496 1742 3569 (Cucuso
1772 3512 1912 3554 anno
1939 3499 2090 3569 40L)

605 3611 827 3673 Miratus
855 3625 972 3666 sum
997 3624 1096 3666 cur
1121 3619 1176 3664 tu
1206 3610 1295 3680 qui
1327 3619 1432 3666 tam
1461 3611 1810 3668 vehementer
1835 3625 1932 3666 nos
1956 3627 2122 3677 amas,

532 3703 730 3781 quique
756 3702 886 3758 nihil
931 3716 1037 3756 non
1065 3715 1245 3771 agere,
1275 3700 1474 3768 dicere,
1503 3715 1567 3755 ac
1593 3701 1700 3770 pati
1744 3709 1924 3757 nostra
1966 3717 2124 3761 causa

533 3805 753 3868 paratus
776 3808 834 3848 es
858 3796 1054 3867 (neque
1077 3793 1219 3850 enim
1265 3807 1362 3848 nos
1389 3791 1543 3863 fugit,
1574 3808 1748 3863 neque
1775 3792 1888 3848 fieri
1927 3802 2121 3863 potest,

535 3895 595 3938 ιιι
618 3885 828 3939 sincere
871 3891 1138 3938 amantem
1180 3882 1234 3937 id
1265 3881 1473 3953 fugiat),
1503 3897 1572 3938 ne
1612 3883 1779 3940 semel
1818 3883 2029 3951 quidem
2057 3884 2124 3938 ad

535 3991 640 4031 nos
690 3976 973 4039 scriberes,
1025 3974 1185 4044 idque
1225 3988 1346 4029 cum
1394 3989 1492 4029 nos
1538 3973 1676 4028 haud
1718 3974 1873 4044 longe
1900 3989 1930 4028 a
1974 3975 2125 4030 vobis

535 4067 958 4132 advenissemus,
987 4074 1042 4121 et
1063 4065 1194 4121 mihi
1219 4065 1503 4136 plurimum
1533 4065 1787 4121 colendus
1815 4075 1869 4121 et
1893 4065 2124 4121 clarissi-

532 4172 656 4218 tnus
681 4156 844 4212 frater
879 4156 1133 4212 Libanius
1170 4155 1238 4211 ad
1277 4171 1375 4211 nos
1401 4163 1664 4228 pergeret.
1695 4155 1822 4211 Haec
1844 4171 1874 4209 a
1900 4171 1983 4211 me
2013 4172 2120 4212 nun

529 4263 598 4307 eo
627 4249 850 4312 consilio
896 4248 1164 4316 dicuntur,
1196 4257 1254 4303 ut
1278 4263 1373 4303 vos
1418 4262 1662 4303 accusem
1682 4289 1696 4313 ,
1725 4247 1819 4303 sed
1850 4256 1907 4301 ut
1947 4247 2118 4302 dolori

531 4355 656 4398 meo
684 4339 1022 4404 satisfaciam.
1053 4338 1184 4394 Nam
1227 4338 1477 4411 quoniam
1508 4353 1700 4410 magno
1726 4337 1918 4394 aﬂ'ectu
1947 4338 2116 4408 picta-

533 4439 643 4484 tem
689 4437 921 4485 vestram
971 4442 1283 4500 prosequor,
1311 4443 1416 4482 non
1460 4427 1618 4484 aliam
1662 4428 1731 4482 ob
1757 4442 1994 4488 causam,
2024 4427 2118 4482 sed

531 4520 783 4588 quoniam
811 4522 954 4574 omni
983 4520 1159 4573 studio
1187 4518 1255 4572 de
1283 4519 1474 4574 animze
1514 4529 1619 4574 tua:
1661 4519 1831 4576 salute
1860 4519 2118 4575 sollicitus

535 4625 598 4665 es
620 4650 635 4675 ,
668 4619 723 4663 et
745 4609 808 4662 iis
835 4610 921 4678 qui
954 4607 1353 4663 necessitatibus
1376 4618 1686 4678 premuntur
1709 4623 2045 4664 communem
2071 4619 2120 4663 te

531 4709 747 4768 portum
791 4698 989 4766 oﬂ‘ers,
1035 4699 1161 4753 dum
1213 4699 1394 4769 egenis
1437 4699 1721 4766 succurris,
1770 4699 1895 4755 dum
1946 4700 2120 4755 viduis

532 4790 817 4852 subvenis,
863 4789 989 4843 dum
1032 4797 1296 4846 sustentas
1335 4789 1641 4858 orphanos,
1683 4800 1736 4845 et
1779 4805 2118 4847 communem

530 4882 778 4938 omnibus
803 4891 857 4936 te
898 4891 1172 4952 parentem
1218 4882 1444 4952 praebes,
1476 4882 1576 4937 hac
1605 4883 1672 4938 de
1698 4899 1854 4938 causa
1884 4899 2003 4938 cum
2038 4885 2119 4939 in-

535 4974 679 5044 genti
705 4988 885 5027 amore
927 4973 1000 5026 tui
1045 4972 1265 5038 alliciar,
1297 4974 1482 5029 literas
1511 4975 1670 5028 etiam
1713 4975 1950 5046 recipere
1975 4992 2003 5029 a
2029 4987 2115 5031 tua

531 5064 730 5134 pietate
759 5063 1019 5117 desidero.
1047 5063 1194 5119 Hanc
1222 5064 1380 5134 igitur
1422 5066 1574 5124 nobis
1600 5065 1836 5121 concede
1873 5066 2113 5137 gratiam,

531 5173 595 5212 ac
638 5158 956 5212 desiderium
1005 5166 1243 5210 nostrum
1289 5159 1462 5227 exple.
1507 5159 1625 5213 Non
1673 5159 1816 5213 enim
1861 5161 2116 5215 mediocri

535 5248 728 5304 solatio
773 5248 1103 5313 levabimur,
1152 5248 1272 5303 licet
1319 5249 1372 5302 in
1415 5249 1697 5305 solitudine
1734 5251 2026 5316 CODSliluli,
2073 5252 2116 5306 si

534 5339 881 5394 amantissimi
911 5339 1072 5393 animi
1101 5340 1172 5392 tui
1201 5354 1495 5408 manusque
1527 5340 1705 5395 literas
1731 5343 2114 5409 acceperimus,

529 5447 648 5504 quae
681 5448 776 5486 nos
818 5432 882 5485 de
914 5441 998 5484 tua
1029 5430 1294 5506 totiusque
1328 5432 1516 5488 domus
1558 5441 1658 5485 tum
1705 5433 2006 5489 valetudine
2041 5433 2106 5488 fa-

529 5523 671 5578 ciant
699 5522 972 5576 certiores.

531 5630 715 5700 CCXX
732 5632 821 5687 VI.
853 5633 1115 5688 Marciano
1141 5644 1186 5689 et
1209 5633 1264 5690 Μ
1268 5636 1523 5695 arcellino.
1547 5634 1776 5706 (Cucuso
1801 5653 1940 5694 anno
1961 5639 2112 5710 404.)

599 5745 763 5812 Νοὺὶε
790 5749 1011 5816 aenigma
1056 5748 1309 5808 solvistis.
1341 5748 1457 5808 Non
1485 5750 1625 5808 enim
1657 5749 1720 5806 ad
1753 5750 2118 5811 delensionem

1324 324 1385 383 S.
1421 317 2225 386 JOANNISCHRY808'I'OIII
2261 318 2586 387 ARCBIEP.
2621 319 3167 385 CONS‘I'ANTINOP.

3756 323 3866 382 ’136

2273 433 2547 512 suffecisse
2572 435 2734 493 illam
2773 441 3190 510 excusationem,
3218 417 3341 512 quia
3382 445 3507 506 tum,
3540 445 3870 515 suggereba-

2267 525 2381 592 tur,
2413 539 2514 583 vos
2541 521 2683 584 nunc'
2710 527 3004 597 indicastis,
3019 544 3145 612 cum
3168 531 3403 588 nondum
3431 536 3671 606 acceptis
3691 535 3868 605 literis

2270 618 2595 683 nostrisnos
2637 620 2984 682 lacessendos
3025 625 3273 694 putastis.
3299 624 3379 680 Ea
3403 627 3602 697 quippe
3620 612 3868 686 caritatis

2268 716 2352 765 est
2389 718 2602 779 natura,
2631 721 2692 768 ut
2724 713 2886 776 silere
2923 713 3144 780 minime
3185 715 3373 786 possit,
3405 731 3589 772 verum
3616 717 3866 788 quamvis

2267 801 2576 873 periculum
2609 803 2682 860 sit
2727 820 2796 861 ne
2836 814 3118 870 accusetur
3165 806 3402 873 audacia:
3424 848 3441 874 ,
3469 823 3715 866 munere
3763 823 3865 866 suo

2266 891 2525 965 fungitur.
2553 892 2662 966 Hos
2685 910 2815 952 vero
2843 905 3048 961 tantum
3074 897 3247 964 abest,
3275 907 3335 954 ut
3357 897 3498 955 diem
3528 900 3682 956 vobis
3711 899 3861 959 dia-

2263 998 2404 1050 mtts,
2430 986 2572 1058 quod
2592 987 2678 1053 ad
2707 1003 2808 1045 nos
2851 990 3057 1060 priores
3099 990 3440 1060 seripseritis,
3471 1001 3531 1048 ut
3569 993 3735 1049 etiam
3765 1007 3862 1051 vos

2262 1078 2364 1136 111C
2390 1079 2458 1136 de
2499 1096 2682 1143 causa.
2705 1098 2904 1144 corona
2947 1084 3242 1151 donemus,
3288 1100 3352 1141 ac
3395 1085 3776 1157 pradicemns,
3803 1097 3862 1145 et

2259 1176 2454 1232 sinceri
2479 1177 2680 1236 amoris
2704 1179 2871 1235 vestri
2911 1178 3204 1250 periculum
3233 1194 3375 1237 nunc
3402 1180 3636 1236 maxime
3664 1178 3858 1237 feceri-

2259 1282 2399 1330 mus,
2431 1284 2548 1328 non,
2567 1271 2740 1326 solum
2786 1271 2931 1340 quod
2980 1269 3320 1341 scripsefitis,
3365 1271 3460 1332 sed
3500 1272 3665 1329 etiam
3707 1272 3855 1343 quod

2257 1359 2463 1428 priores
2508 1359 2850 1429 scripseritis.
2917 1361 3065 1421 Dens
3109 1372 3289 1418 autem
3340 1376 3438 1418 vos
3480 1365 3630 1419 omni
3674 1373 3855 1435 potest

2255 1449 2569 1520 aegritudine
2611 1451 2861 1520 liberare,
2890 1465 3090 1524 vosque
3133 1453 3370 1523 pristina
3396 1454 3682 1511 restituere
3704 1438 3854 1511 sani-

2258 1541 2373 1607 tati,
2402 1555 2465 1596 ac
2492 1540 2800 1598 facultatem
2844 1544 3025 1615 largiri
3068 1543 3366 1601 communis
3409 1545 3552 1601 inter
3574 1560 3678 1602 nos
3717 1561 3852 1603 oon-

2251 1645 2485 1700 gressus,
2514 1641 2570 1688 et
2595 1632 2649 1687 in
2678 1643 3028 1705 conspectum
3061 1644 3301 1691 mutuum
3345 1635 3596 1694 veniendi
3630 1653 3648 1691 :
3677 1637 3855 1708 siqui.

2250 1722 2372 1779 dem
2403 1739 2510 1780 non
2551 1726 2755 1797 vulgari
2780 1727 2973 1782 solatio
3020 1728 3397 1795 recreabitnur,
3428 1728 3473 1788 si
3516 1728 3588 1783 ab
3626 1727 3849 1788 homine

2249 1813 2385 1872 adeo
2407 1830 2670 1886 generoso
2712 1817 2896 1874 literas
2923 1819 3291 1888 acceperimus
3309 1863 3324 1886 ,
3356 1819 3452 1876 sed
3477 1829 3534 1876 et
3561 1819 3710 1877 illius
3736 1821 3846 1879 col-

2248 1902 2411 1974 loquii
2443 1905 2711 1963 desiderio
2737 1918 3000 1974 tenemur,
3029 1924 3137 1980 quo
3160 1910 3359 1966 utinam
3387 1927 3485 1967 nos
3509 1927 3674 1983 quam
3694 1913 3844 1969 citis-

2246 1996 2383 2052 sime
2407 1996 2509 2052 frui
2529 1998 2823 2071 contingat,
2839 2005 2900 2057 ut
2923 2001 3082 2058 nobis
3096 2002 3273 2059 instar
3288 2003 3536 2062 maximae
3562 2005 3844 2078 cujusdam

2245 2084 2547 2144 festivitatis
2567 2103 2687 2146 esse
2709 2092 2901 2162 possit.

2421 2219 2751 2277 CCXXVII.
2780 2223 3040 2280 Coi-terim.
3070 2224 3304 2296 (Cucuso
3330 2240 3474 2283 anno
3494 2227 3656 2303 404.)

2312 2352 2450 2421 Quid
2478 2354 2557 2410 ais
2571 2354 2602 2409 τ
2638 2355 2888 2412 Continui
2917 2357 3009 2413 tibi
3039 2357 3211 2414 morbi
3238 2374 3344 2414 non
3371 2362 3758 2432 permiserunt,
3779 2373 3839 2422 ut

2241 2444 2308 2500 ad
2338 2459 2438 2501 nos
2461 2445 2719 2502 venires?
2744 2447 2905 2519 Atqui
2934 2449 3149 2518 venisti,
3177 2459 3232 2506 et
3260 2451 3534 2510 nobiscum
3580 2469 3662 2528 es,
3694 2456 3842 2512 etab

2241 2535 2406 2590 animi
2437 2536 2509 2591 tui
2533 2535 2724 2592 aﬂ‘ectu
2751 2552 2816 2594 ac
2841 2537 3115 2594 voluntate
3137 2549 3304 2596 totum
3332 2541 3459 2597 illud
3485 2543 3839 2611 obtinuimus,

2235 2637 2340 2682 nec
2370 2626 2476 2681 ulla
2505 2626 2598 2682 tibi
2645 2626 2748 2684 hac
2790 2628 2844 2684 in
2872 2644 2934 2686 re
2957 2632 3300 2687 excusatione
3327 2640 3412 2687 est
3437 2648 3594 2703 opus.
3627 2634 3840 2703 Etenim

2237 2718 2433 2776 ardens
2470 2735 2534 2775 ac
2578 2721 2784 2778 sincera
2814 2723 3031 2790 caritas,
3059 2739 3182 2794 quae
3221 2723 3300 2779 sic
3348 2701 3609 2795 perpetuo
3654 2701 3839 2799 viget,

2238 2811 2393 2867 nobis
2419 2810 2617 2869 sufficit
2642 2813 2710 2870 ad
2748 2815 3134 2886 suggerendam
3176 2817 3407 2888 ingentis
3447 2818 3650 2874 laetitia:
3679 2837 3840 2876 occa.

2237 2903 2464 2959 sionem.
2509 2903 2614 2961 Sed
2644 2907 2896 2977 quoniam
2925 2923 3029 2962 non
3072 2908 3398 2964 mediocrem
3443 2912 3600 2967 nobis
3633 2913 3836 2969 sollici-

2239 2993 2476 3049 tudinem
2505 2993 2756 3065 iniecisti,
2785 3011 2907 3052 cum
2935 2995 3003 3053 de
3048 3005 3138 3052 tua
3167 2999 3483 3069 egritudine
3511 3001 3678 3058 verba
3706 3002 3840 3059 feci-

2235 3083 2325 3172 sti,
2354 3084 2399 3138 si
2431 3084 2568 3140 forte
2592 3085 2661 3142 ab
2704 3086 2792 3141 illa
2833 3086 2998 3144 fueris
3022 3089 3244 3144 liberata
3277 3091 3476 3160 (potest
3519 3095 3664 3148 enim
3696 3095 3840 3152 Deus

2233 3172 2324 3228 illa
2356 3183 2408 3230 te
2449 3175 2712 3242 liberare,
2761 3192 2824 3233 ac
2865 3179 3103 3248 pristinae
3147 3181 3432 3238 restituere
3474 3183 3739 3257 sanitati),
3769 3186 3876 3244 de'

2232 3264 2419 3320 eadem
2465 3282 2526 3321 re
2566 3267 2826 3323 certiores
2872 3285 2973 3324 nos
3013 3269 3193 3336 facito,
3229 3280 3286 3326 ut
3331 3273 3434 3330 hac
3475 3275 3841 3334 sollicitudine

2235 3357 2546 3412 liberemur.
2577 3358 2732 3426 Quod
2752 3359 2894 3415 enim
2921 3375 3137 3433 semper
3165 3364 3333 3420 literis
3359 3366 3493 3421 meis
3513 3368 3837 3439 signiﬁcavi,

2233 3462 2375 3502 nunc
2411 3462 2623 3518 quoque
2667 3449 2930 3520 significo,
2973 3453 3293 3524 ubicumque
3333 3472 3540 3524 verser,
3595 3459 3724 3515 licet
3761 3463 3835 3518 ad

2231 3537 2408 3595 locum
2461 3539 2564 3593 isto
2610 3539 2960 3598 desertiorem
3013 3544 3358 3615 ablegemur,
3409 3546 3478 3602 de
3525 3557 3579 3604 te
3626 3551 3840 3620 tuisque

2230 3631 2391 3684 rebus
2419 3630 2634 3686 solliciti
2662 3645 2782 3686 esse
2828 3647 2934 3687 non
2963 3634 3318 3691 cessabimus.
3371 3636 3651 3706 Ejusmodi
3679 3641 3840 3700 nobis

2229 3729 2333 3775 tuae
2359 3720 2616 3776 ferventis
2660 3730 2715 3777 et
2737 3722 2962 3779 sincera
3005 3721 3242 3780 caritatis
3272 3727 3495 3798 pignora
3524 3731 3833 3800 reliquisti,

2229 3829 2347 3882 quae
2395 3828 2682 3883 numquam
2731 3815 2999 3886 exstingui
3053 3826 3318 3886 possunt,
3364 3835 3538 3888 neque
3587 3830 3837 3892 tempore

2228 3907 2493 3963 debilitari
2521 3925 2535 3962 :
2564 3907 2660 3966 sed
2689 3909 2804 3964 sive
2851 3919 2954 3964 tua:
2984 3910 3247 3966 nobilitati
3294 3912 3452 3966 vieini
3495 3913 3686 3982 simus,
3719 3917 3839 3974 sive

2228 4000 2296 4054 ab
2317 3999 2403 4053 illa
2425 4001 2634 4065 remoti,
2653 4000 2928 4056 caritatem
2948 4002 3191 4058 eamdem
3213 4017 3614 4070 conservamus,
3647 4017 3838 4077 utpote

2228 4091 2422 4161 quibus
2450 4092 2790 4162 exploratum
2822 4093 2913 4161 sit,
2942 4109 3099 4164 quam
3127 4095 3337 4151 sincera
3381 4097 3453 4151 sit
3480 4100 3699 4164 caritas,
3729 4117 3836 4170 qua

2226 4183 2374 4237 nullo
2421 4197 2528 4238 non
2583 4193 2829 4254 tempore
2873 4185 3120 4240 affectam
3168 4201 3294 4257 erga
3333 4201 3431 4242 nos
3477 4203 3600 4245 esse
3655 4194 3834 4247 sensi-

2224 4291 2364 4334 mus.
3428 4326 3430 4328 τ

2226 4368 2412 4424 CCXX
2426 4368 2587 4423 VIII.
2617 4369 2881 4425 Theodoro
2907 4371 3120 4426 medico.
3146 4370 3376 4444 (Cucuso
3403 4387 3568 4441 anno,
3588 4384 3650 4430 ιιι
3678 4386 3837 4446 puta-

2868 4473 2973 4529 tur,
3001 4464 3150 4536 404.)

2299 4552 2376 4607 Tu
2423 4553 2636 4623 quidem
2665 4555 2733 4609 ad
2778 4557 3114 4627 negotiorum
3157 4561 3533 4629 occupationes
3563 4562 3830 4634 confugis,

2227 4655 2386 4715 atque
2414 4646 2537 4702 inde
2565 4650 2726 4717 petita
2759 4650 3103 4705 excusatione
3139 4653 3325 4717 uteris,
3357 4654 3495 4722 quod
3527 4670 3636 4710 non
3661 4672 3832 4712 vene-

2226 4738 2300 4792 ris
2329 4755 2343 4792 :
2377 4753 2475 4808 ego
2504 4755 2632 4794 vero
2675 4741 2805 4794 nihil
2839 4741 2940 4796 hac
2967 4743 3208 4796 oratione
3241 4745 3330 4797 tibi
3376 4760 3510 4814 Opus
3539 4762 3660 4802 esse
3685 4748 3833 4804 arbi-

2225 4839 2357 4884 tror.
2388 4831 2519 4885 Nam
2552 4843 2606 4887 et
2625 4834 2834 4897 venisti,
2866 4843 2919 4888 et
2946 4845 3200 4903 quantum
3227 4837 3293 4889 ad
3315 4837 3588 4891 caritatem
3612 4840 3827 4906 attinet,

2225 4921 2393 4977 nihilo
2427 4922 2677 4977 inferiore
2722 4923 2862 4993 apud
2906 4939 3003 4978 nos
3045 4925 3160 4980 loco
3187 4940 3263 4987 es,
3307 4940 3462 4995 quam
3495 4931 3586 4996 qui
3631 4930 3698 4985 ad
3730 4947 3832 4987 nos

2224 5021 2534 5067 venerunt:
2567 5014 2828 5083 siquidem
2876 5016 3164 5070 voluntatis
3222 5017 3436 5071 nomine
3502 5035 3609 5073 non
3670 5036 3829 5080 secus

2226 5115 2384 5175 atque
2436 5105 2557 5160 illos
2608 5115 2661 5160 te
2709 5106 3081 5175 pradicamus,
3127 5117 3288 5177 atque
3340 5108 3496 5163 inter
3526 5113 3829 5181 praecipuos

2225 5200 2428 5253 amicos
2451 5214 2814 5265 numeramus,
2841 5200 3038 5270 tibique
3069 5203 3263 5270 gratias
3284 5202 3508 5271 agimus,
3538 5205 3680 5272 quod
3702 5221 3824 5262 cum

2224 5290 2435 5348 modico
2466 5291 2721 5359 temporis
2766 5292 2940 5361 spatio
2969 5292 3243 5346 nobiscum
3279 5301 3519 5348 versatus
3549 5294 3731 5361 fueris,
3762 5312 3825 5353 ac

2224 5381 2450 5437 fortasse
2480 5378 2556 5435 ne'
2576 5383 2786 5436 modico
2813 5383 3049 5453 quidem,
3083 5384 3247 5439 nihilo
3284 5385 3543 5439 minorem
3571 5402 3696 5459 erga
3725 5403 3824 5444 nos

2222 5489 2461 5533 amorem
2493 5489 2600 5542 prae
2632 5486 2681 5530 te
2722 5476 2928 5543 tuleris,
2973 5491 3132 5546 quam
3174 5477 3262 5545 qui
3290 5475 3541 5532 diuturno
3579 5488 3822 5549 tempore

2223 5568 2502 5628 nobiscum
2536 5567 2731 5625 fuerint
2759 5568 2988 5624 educati.
3022 5569 3191 5635 Quam
3219 5570 3288 5623 ob
3316 5585 3531 5626 causam
3578 5573 3820 5642 ingentes

2222 5659 2316 5713 tibi
2344 5659 2542 5729 gratias
2565 5661 2790 5730 agimus,
2824 5670 2980 5733 teque
3007 5662 3369 5724 obsecramus,
3403 5671 3459 5715 ut
3484 5663 3548 5716 ad
3579 5679 3680 5719 nos
3710 5663 3818 5718 fre-

2220 5760 2445 5826 quenter
2495 5752 2718 5810 scribas.
2768 5753 3094 5810 Pricsentetn
3148 5755 3288 5810 enim
3335 5754 3563 5830 teipsum
3616 5748 3814 5808 intueri
