4076 6426
283 413 386 472 ππ

277 528 570 600 cupimus;
614 520 712 579 sed
757 533 827 577 ne
873 504 1074 574 multos
1118 513 1408 579 laudamus,
1435 510 1526 582 qui
1552 515 1612 568 et

267 595 382 676 tuis
415 614 682 685 indigent,
709 621 766 668 et
791 611 970 682 lingua
991 619 1104 674 tua,
1126 605 1368 676 tantique
1394 608 1582 674 portus
1606 613 1672 656 ac
1693 595 1886 667 refugii

278 709 486 764 aditum
529 704 638 762 illis
685 700 1128 766 intercludamus,
1162 696 1268 752 huc
1315 703 1370 751 te
1417 691 1730 765 pertrahere
1775 701 1886 743 non

275 801 561 859 undamn
591 797 702 855 Sed
740 794 1184 868 quotiescumque
1226 787 1450 846 facultas
1473 786 1712 848 dabitur,
1736 790 1794 836 ut
1816 779 1886 836 ad

277 909 383 950 nos
409 907 556 962 saepe
581 890 767 946 literas
808 886 908 944 des
933 885 1308 950 obsecramus,
1340 879 1519 952 deque
1561 887 1651 934 tua
1677 876 1888 932 valetu-

278 976 407 1042 dine
429 983 693 1041 certiores
717 995 819 1038 nos
854 977 1042 1035 facias.
1071 977 1166 1033 Sic
1204 975 1351 1032 enim
1374 985 1697 1045 quamquam
1725 968 1888 1040 longe

279 1074 564 1132 intervallo
612 1069 786 1129 dissiti
807 1109 828 1137 ,
855 1068 1094 1138 acceptis
1115 1081 1148 1121 a
1174 1074 1266 1122 tua
1311 1063 1575 1120 suavitate
1619 1058 1886 1132 ejusmodi

280 1165 473 1232 literis,
499 1164 725 1220 multam
753 1159 1179 1218 consolationem
1207 1155 1582 1227 percipiemus.

489 1270 792 1332 CCXXIX.
835 1271 1063 1329 Senem.
1091 1268 1327 1343 (Cucuso
1350 1280 1496 1324 anno
1519 1263 1674 1337 ιω.)

348 1407 617 1483 Equidem
661 1415 809 1463 tuam
848 1403 1185 1462 nobilitatem
1211 1399 1487 1482 corporeis
1526 1398 1698 1455 oculis
1723 1411 1886 1452 num-

277 1517 440 1574 quam
468 1495 888 1567 vidi,'caritatis
928 1503 1112 1552 autem
1152 1492 1326 1550 oeulis
1372 1489 1612 1547 omnium
1653 1488 1887 1544 maxime

277 1592 540 1664 conspexi
572 1607 589 1646 :
618 1586 1054 1663 quandoquidem
1103 1584 1253 1644 nullo
1304 1581 1647 1655 quantumvis
1691 1593 1888 1651 magno

277 1685 557 1758 regionum
594 1680 884 1740 intervallo
913 1685 1092 1750 potest
1137 1673 1405 1746 ejusmodi
1426 1680 1750 1744 conspectus
1779 1670 1888 1726 im-

276 1775 471 1848 pediri.
517 1774 656 1831 Cum
686 1773 832 1830 enim
860 1772 1036 1828 selum
1065 1785 1130 1826 ac
1155 1767 1392 1825 stadim
1415 1766 1572 1822 nobis
1600 1775 1707 1821 tum
1732 1762 1889 1820 nobi-

275 1869 442 1924 litatis
496 1881 598 1938 pro
642 1874 790 1922 recta
840 1861 949 1921 fide
992 1863 1243 1919 dominus
1288 1873 1442 1917 meus
1484 1857 1888 1915 amantissimus

273 1959 532 2016 Libauius
565 1957 749 2014 verbis
777 1955 1170 2028 expressisset,
1201 1965 1528 2024 magnopere
1551 1963 1655 2006 nos
1688 1949 1882 2005 erexit.

270 2053 394 2119 Quo
434 2050 636 2108 factum
665 2059 771 2119 est,
803 2058 863 2105 ut
892 2047 1109 2104 tametsi
1145 2059 1440 2116 numquam
1469 2051 1526 2100 te
1549 2041 1880 2110 viderimus,

271 2143 486 2217 priores
510 2141 582 2198 ad
611 2142 868 2214 pietatem
897 2148 1042 2196 tuam
1082 2136 1478 2207 scripserimus,
1508 2133 1682 2204 ipsam
1724 2147 1886 2189 oran-

273 2242 380 2302 tes,
427 2243 490 2288 ut
513 2231 735 2304 quando
772 2229 998 2286 facultas
1039 2227 1273 2293 dabitur,
1320 2224 1391 2281 ad
1435 2239 1538 2282 nos
1824 2221 1885 2280 Si

269 2325 418 2382 enim
443 2339 477 2383 a
518 2333 610 2382 tua
659 2326 925 2381 suavitate
975 2320 1291 2380 transmissa
1335 2318 1641 2392 perferatur
1685 2317 1754 2374 ad
1783 2330 1886 2374 nos

275 2418 508 2490 epistola
527 2459 546 2484 ,
577 2433 698 2489 qua:
726 2416 796 2473 de
825 2426 915 2473 tua
941 2414 1244 2472 valetudine
1272 2414 1533 2471 certiores
1559 2427 1660 2470 nos
1685 2411 1846 2469 faciat
1863 2453 1883 2480 ,

271 2508 534 2575 maximo,
561 2507 690 2563 dum
718 2507 772 2563 in
798 2506 900 2563 hac
928 2514 1113 2563 extera
1140 2506 1363 2578 regione
1389 2504 1658 2575 degimus,
1686 2503 1885 2560 solatio

271 2610 564 2657 mror-em
607 2607 852 2654 nostrum
893 2595 1180 2667 mitigabit.
1226 2594 1370 2652 Nihil
1413 2596 1560 2653 enim
1586 2602 1671 2652 est
1693 2633 1710 2661 ,
1737 2593 1884 2667 quod

272 2704 400 2748 cum
425 2689 652 2746 caritate
676 2686 909 2745 conferri
940 2688 1130 2761 possit.

342 2815 611 2881 CCXXX.
654 2818 866 2892 Elpidio
897 2819 1158 2892 episcopo.
1200 2816 1438 2891 (Cucuso
1469 2831 1614 2875 anno
1655 2817 1811 2890 ιοι.)

342 2922 587 3026 Magnam
611 2952 832 3009 domino
863 2966 988 3009 meo
1011 2952 1384 3009 amantissimo
1404 2953 1632 3010 Libanio
1654 2953 1884 3025 gratiam

272 3045 478 3111 habeo,
507 3044 651 3116 quod
673 3055 731 3102 et
760 3045 925 3101 domo
950 3059 1047 3101 sua
1073 3045 1344 3112 excessit,
1364 3055 1417 3102 et
1450 3045 1558 3102 huc
1584 3047 1768 3115 venit,
1817 3062 1884 3103 ac

271 3150 460 3194 rursus
484 3137 553 3193 ad
571 3138 929 3194 foverentiam
958 3145 1104 3193 tuam
1132 3135 1404 3207 profectus
1427 3147 1513 3195 est
1537 3157 1552 3194 :
1579 3149 1744 3211 atque
1765 3138 1886 3210 ejus

270 3227 353 3287 rei
383 3241 546 3284 causa
573 3227 808 3285 maxime
850 3229 1080 3302 gratiam
1109 3229 1188 3285 illi
1221 3229 1417 3287 habeo.
1457 3229 1517 3288 id
1557 3231 1713 3298 enim
1735 3231 1885 3289 omni

269 3319 437 3376 animi
480 3320 826 3377 contentione
851 3319 1068 3390 studeo,
1100 3330 1161 3376 ut
1200 3319 1298 3378 tibi
1318 3319 1662 3380 abomnihus
1708 3322 1886 3380 honor

269 3412 699 3484 obsequiumque
722 3411 1000 3470 deferatur
1026 3426 1054 3469 ι
1068 3427 1179 3469 non
1206 3413 1353 3486 quod
1376 3423 1435 3470 tu
1460 3415 1579 3472 istis
1601 3414 1843 3488 indigeas
1863 3457 1885 3485 ,

271 3503 371 3562 sed
393 3504 648 3575 quoniam
675 3505 779 3562 hoc
802 3505 1060 3562 Ecclesiis
1089 3515 1174 3562 est
1199 3507 1353 3576 utile,
1377 3522 1502 3563 cum
1529 3507 1597 3563 iis
1613 3523 1736 3580 qum
1763 3523 1888 3579 per-

271 3598 651 3670 sequutiouem
701 3599 996 3670 patiuntur,
1026 3607 1141 3654 tum
1181 3597 1286 3655 illis
1323 3614 1446 3670 quae
1496 3599 1886 3671 tranquillitate

271 3690 543 3746 fruuntur.
583 3689 803 3747 Gratam
847 3690 1009 3763 igitur
1044 3699 1102 3748 et
1147 3699 1423 3762 acceptam
1467 3691 1674 3749 habens
1719 3693 1889 3764 ipsius

271 3784 734 3854 benevolentiam,
758 3785 978 3843 domine
1006 3786 1081 3841 mi
1111 3786 1564 3843 reverendissime
1587 3803 1653 3844 ac
1672 3788 1889 3860 religio-

273 3876 521 3942 sissime,
549 3892 674 3933 cum
700 3875 773 3934 ab
811 3890 881 3933 eo
908 3876 1197 3949 diligenter
1222 3887 1417 3933 cuncta
1454 3877 1738 3945 didiceris,
1766 3895 1889 3951 qum

273 3966 873 4039 Antiochiae,qu
907 3968 1049 4040 apud
1076 3983 1178 4025 nos
1217 3979 1478 4039 geruntur
1501 3968 1667 4041 (nam
1706 3978 1762 4027 et
1787 3971 1890 4027 ista

274 4059 545 4128 narrabit,
593 4060 685 4132 qui
715 4060 931 4118 tametsi
968 4061 1267 4133 perexiguo
1309 4070 1553 4132 tempore
1605 4060 1887 4119 nobiscum

275 4163 524 4210 versatus
545 4162 661 4221 est,
682 4152 811 4224 quid
838 4162 1017 4209 tamen
1045 4168 1228 4212 rerum
1252 4167 1505 4224 geramus
1531 4152 1761 4224 didicit),
1787 4153 1890 4210 la:-

277 4254 392 4301 tnm
429 4245 577 4300 illum
604 4243 942 4315 hilaremque
971 4243 1205 4302 dimitte.
1244 4245 1440 4317 Magno
1463 4245 1611 4302 enim
1636 4245 1892 4303 amicitia

277 4345 385 4392 tua:
436 4333 708 4393 desiderio
754 4344 989 4404 tenetur,
1033 4351 1100 4392 ac
1140 4336 1449 4393 vehementi
1496 4337 1670 4394 nostri
1703 4353 1892 4395 amore

277 4425 489 4500 ﬂagrat.
528 4425 972 4483 Amantissimum
998 4440 1062 4482 ac
1080 4427 1592 4484 revereudissimum
1611 4428 1890 4485 dominum

278 4534 461 4579 meum
517 4519 882 4593 Asyncritium
931 4514 1307 4592 presbyterum
1345 4521 1482 4578 meis
1517 4522 1700 4578 verbis
1727 4521 1890 4578 velim

277 4611 504 4679 salutes,
519 4626 626 4667 una
650 4626 775 4667 eum
800 4612 1186 4668 amantissimis
1199 4613 1319 4682 ejus
1337 4612 1544 4678 liberis,
1567 4627 1894 4685 omnemque

279 4711 430 4758 tuum
472 4701 712 4768 clerum,
743 4716 903 4772 quem
936 4701 1088 4758 brevi
1129 4703 1390 4773 temporis
1430 4702 1606 4774 spatio
1648 4712 1797 4759 tuum
1837 4703 1892 4760 in

280 4808 382 4850 nos
407 4808 648 4849 amorem
671 4793 868 4850 imitari
888 4792 1140 4850 docuisti.
1177 4793 1368 4866 Neque
1392 4796 1538 4851 enim
1583 4794 1638 4851 id
1673 4812 1775 4854 nos
1813 4797 1895 4852 fu-

279 4886 377 4958 git,
405 4885 748 4954 quantamin
774 4899 874 4941 nos
897 4886 1176 4940 caritatem
1201 4900 1316 4955 pra:
1341 4901 1402 4942 se
1429 4885 1685 4956 tulerunt,
1707 4898 1764 4943 et
1786 4903 1893 4959 quo

283 4986 443 5047 pacto
465 4977 642 5050 parati
669 4977 779 5033 sint
819 4991 885 5034 eo
924 4979 1142 5033 nomine
1175 4987 1369 5035 cuncta
1396 4977 1637 5048 perferre
1673 4995 1738 5036 ac
1766 4995 1892 5051 per-

283 5083 465 5138 agere.
505 5067 642 5124 lllud
669 5083 803 5126 vero
844 5069 1163 5140 praeclarum
1213 5068 1426 5128 facinus
1462 5081 1629 5130 totum
1672 5083 1757 5131 est
1786 5083 1893 5131 tum

285 5162 470 5234 pietati
495 5171 774 5232 acceptum
800 5161 1102 5218 ferendum.
1552 5159 1555 5163 ’

489 5273 789 5332 CCXXXI.
830 5275 1049 5331 Adolia.
1096 5273 1331 5348 (Cucuso
1362 5291 1506 5333 anno
1533 5275 1690 5347 404.)

360 5388 698 5460 Frequenter
730 5387 948 5459 quidem
976 5387 1042 5444 ad
1070 5389 1324 5460 pietatem
1355 5396 1502 5445 tuam
1533 5389 1716 5446 literas
1739 5389 1892 5448 dedi-

289 5493 430 5545 mus,
460 5478 556 5535 sed
587 5478 703 5535 haec
728 5478 1028 5552 frequentia
1058 5480 1214 5536 nobis
1237 5495 1344 5536 non
1366 5480 1564 5536 sufﬁcit
1582 5523 1598 5549 ,
1624 5497 1811 5538 verum
1842 5483 1896 5540 id

287 5587 447 5644 agere
467 5571 694 5643 singulis
721 5571 913 5628 diebus
931 5587 1266 5642 cuperemus.
1289 5573 1407 5631 Scis
1423 5575 1568 5631 enim
1585 5591 1690 5647 quo
1715 5578 1898 5635 animo

287 5678 414 5735 erga
441 5673 588 5720 tuam
612 5663 931 5720 suavitatem
962 5665 1152 5720 simus.
1193 5665 1422 5734 Quando
1464 5677 1647 5724 autem
1687 5668 1742 5724 id
1788 5684 1898 5726 non

291 5755 440 5824 licet,
468 5755 681 5826 quoties
705 5754 931 5812 facultas
954 5757 1132 5825 datur,
1160 5757 1399 5814 maximo
1428 5772 1528 5814 nos
1559 5758 1704 5829 ipsos
1730 5759 1898 5818 affici-

287 5864 408 5914 ω
433 5847 701 5909 beneﬁcio
717 5891 736 5923 ,
757 5851 886 5909 dum
907 5849 1246 5909 salutationis
1271 5849 1511 5910 debitum
1542 5870 1742 5912 munus
1765 5871 1893 5930 per-

1743 383 2126 448 EPISTOLJZ.

3491 370 3599 438 73.0

1992 501 2275 568 solvimus,
2303 513 2371 560 ac
2391 499 2463 559 de
2480 507 2662 558 vestra
2687 497 2998 559 valetudine
3023 510 3186 574 atque
3204 498 3606 563 hilaritatssins

1993 592 2395 650 intermissione
2419 606 2485 649 ac
2516 599 2783 664 perpetuo
2805 591 3083 665 quidpiam
3121 591 3313 652 audire
3351 595 3607 666 percupi-

1993 699 2136 741 mus.
2176 684 2312 742 Cum
2351 682 2513 756 igitur
2538 683 2806 755 intelligas
2830 692 3087 756 quantam
3112 699 3147 742 a
3192 684 3350 746 nobis
3376 685 3607 760 gratiam

1991 777 2196 834 initura
2238 778 2348 845 sis,
2376 777 2589 848 quoties
2615 791 2680 832 ea
2717 774 2961 834 deread
2985 777 3353 848 nosscribes,
3384 793 3485 836 om
3512 786 3604 849 te,

1993 883 2214 928 omnem
2241 883 2466 942 operam
2511 868 2733 936 adhibe,
2763 877 2826 926 ut
2843 883 2994 941 sape
3009 869 3081 927 ad
3107 885 3210 928 nos
3231 870 3302 928 de
3324 886 3397 930 eo
3419 872 3608 932 literas

1992 963 2178 1020 mittas
2208 978 2224 1016 :
2253 961 2522 1035 siquidem
2561 977 2673 1019 non
2718 960 3049 1019 mediocrem
3085 963 3230 1020 istud
3269 963 3432 1022 nobis
3449 951 3608 1022 dolo-

1991 1072 2110 1114 rem
2134 1057 2360 1125 inussit,
2387 1055 2535 1128 quod
2557 1056 2796 1113 eum'vir
2818 1055 3076 1113 erunibus
3098 1071 3269 1128 prope
3307 1067 3469 1116 notus
3503 1072 3609 1116 no-

1992 1148 2182 1220 bisque
2206 1161 2462 1220 percarus
2481 1147 2588 1204 huc
2605 1147 2944 1219 profecturus
2958 1155 3105 1205 esset
3118 1148 3608 1208 reverendissimus

1989 1238 2243 1296 dominus
2268 1253 2428 1296 meus
2452 1239 2732 1306 Libanius,
2758 1239 2831 1296 ad
2854 1254 2956 1296 nos
2984 1238 3409 1297 literarumnibil
3433 1239 3606 1300 dede-

1991 1332 2094 1401 ris,
2118 1332 2352 1390 fortasse
2388 1330 2534 1404 quod
2578 1333 2859 1405 ignorares
2881 1348 2898 1388 :
2920 1331 3071 1404 atqui
3117 1333 3222 1390 hoc
3269 1335 3446 1406 ipsum
3495 1342 3604 1404 est,

1991 1426 2134 1499 quod
2152 1441 2255 1484 nos
2280 1426 2426 1484 male
2451 1425 2804 1499 habet,un
2831 1427 2924 1498 qui
2949 1426 3170 1484 veniant
3191 1426 3351 1484 istinc
3376 1428 3446 1486 ad
3465 1441 3604 1499 nos,

1991 1521 2228 1592 ignores.
2265 1517 2381 1576 Nos
2407 1518 2554 1576 enim
2573 1518 2838 1576 sciscitari
2858 1533 2924 1575 ac
2949 1519 3167 1576 curiose
3191 1519 3466 1592 inquirere
3489 1534 3601 1578 non

1989 1626 2288 1680 cessamus,
2318 1611 2541 1682 quinam
2596 1609 2725 1668 hinc
2767 1610 2840 1668 ad
2889 1625 2988 1668 vos
3041 1619 3300 1684 pergant,
3329 1619 3390 1668 ut
3413 1627 3607 1670 eorum

1989 1717 2153 1774 opera
2191 1702 2523 1760 desiderium
2565 1709 2814 1758 nostrum
2857 1701 3175 1774 espleamus
3203 1717 3220 1756 :
3253 1701 3306 1758 id
3347 1702 3606 1760 nimirum

1990 1795 2100 1852 tale
2126 1803 2232 1860 est,
2259 1805 2322 1851 ut
2351 1793 2425 1851 ad
2477 1802 2627 1851 tuam
2657 1792 2998 1852 suavitatem.
3026 1793 3148 1852 sine
3202 1793 3606 1853 intermissisns

1988 1887 2312 1945 scribamus.

2169 2021 2412 2082 CCXXX
2415 2021 2506 2079 11.
2545 2021 2810 2080 Cat-terim.
2833 2021 3073 2097 (Cucuso
3097 2037 3243 2082 anno
3268 2022 3428 2100 ιω.)

2060 2156 2122 2217 Si
2149 2155 2328 2230 probe.
2346 2172 2572 2226 nosses,
2601 2148 2881 2230 quantam
2903 2172 2936 2213 a
2971 2157 3131 2215 nobis
3155 2158 3385 2230 gratiam
3421 2158 3608 2230 ineas,

1987 2247 2120 2308 dum
2146 2247 2218 2306 ad
2245 2263 2348 2306 nos
2373 2248 2591 2318 scribis,
2617 2257 2676 2305 et
2693 2247 3133 2320 frequentissime
3158 2249 3356 2306 scribis
3371 2291 3391 2320 ,
3410 2264 3479 2308 ac
3499 2261 3610 2309 tum

1987 2339 2229 2396 caritatis
2255 2339 2418 2396 melle
2445 2338 2629 2396 literas
2652 2338 2854 2396 eblinis
2873 2381 2895 2406 ,
2921 2353 3141 2399 omnem
3182 2355 3406 2412 operam
3446 2340 3610 2399 adhi-

1988 2430 2169 2498 beres,
2201 2440 2259 2486 ut
2295 2430 2525 2504 singulis
2563 2429 2764 2488 diebus
2785 2428 2856 2489 ad
2898 2445 3002 2487 nos
3041 2430 3302 2503 epistolas
3339 2432 3608 2491 mitteres.

1987 2522 2108 2580 Non
2131 2523 2277 2580 enim
2299 2523 2412 2594 jam
2445 2521 2718 2578 Cucusum
2759 2537 2861 2579 nos
2883 2521 3130 2580 habitare
3164 2538 3481 2594 censemus,
3511 2539 3612 2582 ne-

1987 2629 2096 2687 que
2119 2614 2175 2670 in
2197 2612 2489 2671 solitudine
2507 2614 2709 2685 degere
2725 2654 2740 2681 ,
2768 2622 2974 2670 tantam
3002 2629 3070 2670 ex
3095 2613 3269 2673 literis
3295 2618 3402 2678 tuis
3425 2630 3491 2674 ac
3516 2624 3609 2674 tua

1988 2708 2204 2763 sincera
2233 2706 2460 2764 caritate
2498 2707 2830 2779 voluptatem
2860 2705 3161 2764 haurimus.
3216 2707 3373 2777 Quod
3421 2715 3609 2768 autem

1988 2813 2099 2854 non
2149 2799 2334 2854 literas
2371 2805 2580 2854 tantum
2628 2797 2865 2866 miseris,
2893 2797 2991 2854 sed
3017 2799 3181 2873 etiam
3207 2797 3432 2856 domino
3482 2815 3612 2857 meo

1988 2889 2344 2946 dilectissimo
2393 2888 2547 2945 fratri
2599 2898 2791 2946 nostro
2837 2888 3065 2947 Libanio
3114 2891 3452 2961 persuaseris
3474 2932 3494 2962 ,
3549 2901 3614 2950 ut

1988 2980 2150 3038 istinc
2173 2980 2442 3046 solveret,
2465 2989 2521 3037 et
2546 2981 3036 3052 peregrinationem
3079 2981 3238 3038 istam
3281 2982 3608 3054 susciperet,

1989 3081 2207 3143 quantae
2236 3071 2377 3129 istud
2402 3081 2487 3128 est
2503 3071 2896 3128 benevolentia
2909 3072 2936 3126 ι
2950 3081 3168 3142 quantm
3187 3072 3568 3131 sollicitudinis
3579 3074 3608 3130 f

1992 3164 2108 3222 liae
2130 3165 2202 3222 de
2229 3178 2392 3221 causa
2421 3163 2670 3220 lntamur
2682 3172 2738 3219 et
2760 3163 3114 3220 exsultamus.
3154 3163 3302 3221 Nihil
3329 3166 3476 3223 enim
3498 3175 3609 3234 est,

1989 3258 2136 3331 quod
2186 3273 2312 3314 cum
2357 3256 2585 3314 caritate
2618 3254 2857 3314 conferri
2908 3257 3104 3327 possit.
3141 3257 3323 3330 Atque
3366 3273 3400 3315 a
3450 3257 3614 3317 nobis

1989 3351 2208 3423 quidem
2237 3350 2354 3420 ipsa
2375 3348 2615 3420 postulas
2631 3390 2648 3417 ,
2671 3357 2730 3404 ut
2752 3347 3002 3404 eamdem
3019 3363 3410 3406 conservemus
3436 3349 3610 3408 bene-

1993 3443 2285 3498 volentiam
2305 3481 2324 3508 ,
2347 3455 2509 3511 quam
2539 3453 2574 3496 a
2610 3440 2876 3511 principio
2896 3453 3027 3510 erga
3054 3447 3112 3496 te
3139 3455 3253 3510 pra
3285 3440 3446 3498 nobis
3477 3441 3611 3498 tuli-

1992 3530 2584 3590 muszatnoseadem
2637 3529 2731 3586 illa
2775 3545 3031 3587 mensura
3064 3531 3306 3588 contenti
3345 3545 3636 3590 essenom

1993 3639 2314 3697 possumus,
2352 3623 2449 3679 sed
2503 3622 2745 3694 quotidie
2773 3637 3041 3680 conamur
3077 3623 3332 3682 affectum
3369 3624 3525 3683 illum
3555 3633 3622 3684 et

1992 3715 2282 3772 amicitiam
2302 3728 2430 3785 erga
2457 3722 2511 3768 te
2534 3727 2672 3769 nova
2692 3714 2944 3786 quapiam
2969 3714 3284 3772 accessione
3309 3715 3611 3786 cumulare,

1993 3807 2137 3880 quod
2163 3807 2293 3863 dum
2322 3808 2532 3879 agimus
2550 3847 2566 3873 ,
2589 3805 2858 3875 beneﬂcio
2881 3821 2984 3863 nos
3013 3807 3161 3878 ipsos
3196 3807 3466 3865 aﬂcimus
3496 3824 3615 3867 ms-

1994 3901 2161 3956 ximo.
2192 3897 2310 3955 Non
2358 3898 2507 3956 enim
2557 3897 2856 3954 desinimus
2894 3909 3078 3955 mente
3113 3913 3333 3956 versare
3367 3915 3492 3972 quat
3541 3901 3616 3960 sit

1995 3994 2250 4050 nobilitas
2278 3993 2476 4050 animm
2504 4000 2632 4062 tuae,
2663 4007 2785 4064 qua
2813 3990 3120 4057 sinceritas,
3149 3992 3453 4064 ingenuitas
3477 3995 3625 4052 amic-

1995 4086 2161 4153 citius.
2189 4093 2245 4142 et
2261 4085 2467 4142 candor
2488 4083 2559 4138 ab
2572 4083 2720 4140 omni
2741 4081 3171 4141 dissimulatione
3187 4084 3426 4153 alienus,
3438 4095 3497 4143 et
3514 4101 3616 4144 ce-

1995 4177 2313 4249 gitatiottum
2340 4176 2566 4232 istarum
2594 4176 2858 4232 memoria
2881 4177 3116 4232 maxima
3143 4177 3330 4234 laetitia
3355 4189 3462 4237 sos
3482 4192 3617 4252 per-

1995 4269 2190 4325 fundit.
2230 4267 2494 4337 Quocirea
2526 4276 2580 4323 te
2607 4267 2979 4334 obsecramus,
3003 4276 3063 4324 ut
3089 4267 3162 4325 de
3179 4275 3366 4325 nostra
3388 4268 3618 4328 caritate

1997 4375 2209 4427 secura,
2233 4359 2455 4415 minime
2477 4357 2665 4415 doleas
2683 4359 2700 4390 ¹
2722 4367 2948 4430 propter
2966 4374 3034 4416 ea
3057 4374 3180 4430 qua
3198 4374 3231 4414 a
3258 4369 3349 4418 tua
3377 4375 3616 4420 venena

2001 4452 2148 4508 tione
2177 4451 2493 4506 transmissa
2521 4459 2668 4514 sunt,
2694 4440 2840 4520 quod
2857 4464 2923 4506 ea
2948 4449 3202 4506 nimirum
3219 4451 3616 4512 remiserimus.

1996 4541 2274 4613 Siquidem
2302 4540 2496 4598 aﬂ‘ectu
2521 4541 2638 4611 ipso
2669 4550 2726 4597 et
2746 4542 3055 4612 accepimus
3072 4582 3090 4610 ,
3116 4551 3171 4598 et
3200 4542 3305 4601 illis
3343 4543 3498 4616 potiti
3524 4558 3620 4602 su-

2002 4651 2157 4702 mus;
2187 4635 2284 4691 sed
2317 4635 2572 4704 quoniam
2601 4633 2745 4690 nulla
2775 4642 3018 4705 egestate
3046 4634 3376 4706 premimur,
3407 4635 3621 4709 signina

2000 4727 2261 4794 cavimus,
2285 4735 2345 4781 ut
2370 4725 2622 4782 nobilitas
2648 4735 2734 4780 tua
2763 4725 2852 4781 illa
2879 4735 3208 4784 conservet:
3244 4727 3390 4799 quod
3403 4729 3451 4784 si
3478 4729 3618 4788 forte

2001 4833 2311 4890 premamur
2325 4825 2587 4888 egestate,
2602 4815 2812 4872 videbis
2831 4825 3033 4887 quanta
3047 4815 3298 4874 libertate
3312 4817 3619 4893 fiduciaque

2002 4911 2342 4976 scribemus,
2371 4917 2432 4965 ut
2475 4908 2544 4965 ad
2587 4923 2687 4964 nos
2729 4908 3044 4976 mittantur,
3091 4917 3148 4965 et
3175 4908 3232 4965 in
3271 4908 3376 4968 hoc
3401 4925 3626 4985 quoque

2003 5005 2110 5060 tuis
2137 5003 2298 5060 dictis
2333 5003 2662 5073 parebimus.
2700 5000 2791 5057 Sic
2826 5001 2978 5059 enim
3006 5001 3110 5059 sub
3159 5003 3326 5060 tinem
3373 5005 3620 5076 epistolas

2003 5094 2466 5163 dixisti,0stcnde
2505 5105 2652 5152 tuam
2698 5094 2957 5166 pietatem
3006 5094 3164 5152 nobis
3201 5096 3501 5167 confidere,
3553 5111 3621 5156 ac

2009 5188 2175 5243 rebus
2206 5188 2406 5244 nostris
2429 5197 2699 5259 tamquam
2733 5185 2966 5258 propriis
2985 5187 3083 5244 uti.
3107 5187 3336 5256 Quando
3361 5189 3527 5262 igitur
3540 5191 3622 5248 sic

2007 5280 2191 5335 animo
2230 5294 2328 5335 nos
2356 5277 2578 5336 allectos
2611 5294 2734 5336 esse
2762 5279 2880 5347 vis,
2918 5288 2976 5334 ut
3011 5279 3198 5350 procul
3235 5280 3403 5337 dubio
3425 5281 3542 5349 vis,
3563 5291 3623 5339 et

2005 5373 2114 5427 tuis
2145 5372 2308 5427 rebus
2337 5379 2610 5443 tamquam
2633 5371 2867 5442 propriis
2885 5370 2984 5437 uti,
3002 5384 3128 5426 cum
3153 5369 3222 5426 ad
3247 5380 3301 5429 te
3323 5371 3618 5445 scripsero,

2075 5475 2102 5546 ᾗ
2120 5474 2282 5546 δεινῇ).¹
2297 5482 2501 5546 etenus
2516 5473 2650 5546 cod,
2670 5472 2904 5546 quocirca
2931 5475 3261 5546 obsecramus,
3282 5475 3616 5546 ῥαίνω-Μὴ

2010 5536 2104 5608 με
2121 5536 2436 5608 conﬁdentes,
2457 5536 2661 5608 minime
2680 5536 2867 5608 dolere.
2899 5552 2916 5585 r
2950 5538 3173 5608 Utraque
3197 5540 3369 5608 lectio,
3400 5554 3432 5608 ιΔ
3451 5537 3617 5608 inquit

2009 5597 2250 5662 Ducgus,
2291 5614 2309 5646 r
2350 5598 2469 5662 ferri
2495 5605 2660 5662 potest
2681 5605 2886 5662 :_tamen
2915 5597 3138 5662 amplexi
3174 5597 3388 5651 alteram
3407 5597 3613 5660 fuimus,

2008 5659 2375 5741 ςερέηρίημε.
2395 5659 3141 5741 υεξεέιξιξξιξέίεςὲῐζεεξξίοεηρν
3167 5659 3616 5741 aestiuum?

2009 5723 3615 5851 ἰξὲᾙίεῶἒίρντὲιξέωθῗξῗλῗιῗξῖῗξτὲζῗεὲεῗῗθιὲῗὼωωῗὲἔ

2011 5851 2116 5910 pet.
2145 5860 2166 5896 ι
