4076 6434
503 545 620 592 tum
647 527 963 590 transmitte.
1003 521 1117 580 Hoc
1140 518 1285 576 enim
1306 512 1594 571 maximum
1610 509 1694 563 est
1720 502 1973 560 indicium
1998 511 2086 553 me

506 624 598 685 illa
627 620 835 694 propria
863 629 1103 676 censere,
1130 610 1173 666 si
1198 621 1318 664 cum
1345 604 1561 660 voluero
1581 641 1598 666 ,
1626 608 1737 654 tum
1762 594 1850 651 illa
1870 592 2087 648 mittan-

486 724 616 780 .tur,
631 693 744 769 non
772 723 892 765 cum
920 707 1025 761 illis
1067 717 1171 758 non
1211 698 1440 768 indigeo.
1483 693 1539 748 In
1568 694 1671 748 hoc
1708 702 1839 758 ergo
1877 697 2088 780 quoque

513 774 777 862 sinceram
799 809 943 854 tuam
986 793 1209 852 ostende
1245 789 1548 852 caritatem,
1574 793 1630 840 et
1659 795 1762 852 qua
1788 774 2086 834 reverentia

509 910 609 951 nos
633 893 903 954 observes,
945 885 1086 957 quod
1137 885 1193 941 in
1231 881 1332 936 hac
1375 894 1435 934 re
1487 891 1586 932 nos
1639 869 1983 932 toleraveris;
2033 874 2089 920 et

507 985 901 1059 quamprimum
921 982 1103 1036 literas
1133 976 1302 1038 mitte,
1328 987 1447 1043 qua:
1493 980 1548 1024 te
1586 965 1804 1022 minime
1831 974 1973 1031 aagre
2000 967 2087 1013 tu-

506 1054 636 1135 lisse
660 1054 980 1146 significent.
1018 1068 1130 1125 Nisi
1158 1066 1300 1122 enim
1323 1063 1424 1116 hoc
1447 1058 1640 1115 feceris
1655 1096 1672 1123 ,
1695 1054 1751 1110 in
1772 1058 2085 1146 perpetuam

506 1137 825 1223 anxietatem
839 1171 896 1218 et
913 1155 1320 1216 sollicitudinem
1349 1163 1448 1206 nos
1469 1146 1721 1216 wnjicies
1751 1159 1766 1196 :
1798 1156 1904 1198 non
1939 1137 2084 1195 enim

493 1258 723 1317 solliciti
748 1269 866 1312 esse
887 1252 1191 1308 desinemus
1228 1260 1354 1300 num
1381 1243 1513 1297 forte
1542 1237 1751 1295 molesti
1787 1233 2082 1290 fuerimus:

508 1348 770 1421 siquidem
799 1344 965 1400 multo
990 1339 1164 1396 studio
1185 1335 1421 1393 caritatis
1441 1341 1544 1388 tuae
1569 1340 1833 1390 tenemur,
1860 1334 1914 1380 et
1941 1334 2083 1378 tuam

499 1415 837 1497 nobilitatem
885 1431 1181 1490 recreandi.
1223 1427 1508 1497 Postquam
1549 1421 1708 1493 igitur
1741 1415 2086 1474 excusatione

505 1533 589 1589 usi
624 1545 827 1596 sumus,
856 1542 963 1600 quo
989 1534 1142 1597 pacto
1166 1522 1309 1577 illam
1331 1513 1788 1588 acceperis-nobis
1821 1507 2082 1580 signiﬁca.

510 1625 643 1701 Nam
682 1633 741 1678 ut
767 1621 1062 1691 intelligere
1105 1623 1282 1688 potest
1327 1610 1560 1667 suavitas
1586 1616 1708 1701 tua,
1753 1602 1907 1701 nobis
1944 1601 2086 1701 apud

509 1693 646 1772 alios
688 1714 780 1785 qui
827 1710 1055 1780 idipsum
1091 1705 1446 1779 prestiterant
1467 1741 1483 1767 ,
1511 1698 1773 1782 nobisque
1798 1693 2085 1785 admodum
2121 1768 2123 1770 η

508 1805 620 1861 cari
647 1779 820 1871 erant,
851 1779 992 1857 nulla
1019 1797 1172 1854 nobis
1191 1793 1448 1852 utendum
1470 1779 1816 1848 excusatione
1834 1786 1932 1842 fuit
1949 1783 2085 1854 ,.sed

509 1895 643 1954 satis
679 1893 778 1948 fuit
809 1889 1091 1962 repudiare
1127 1883 1436 1942 transmissa
1467 1894 1690 1938 :verum
1741 1876 1884 1950 apud
1939 1884 2083 1932 tuam

510 1986 906 2044 venerationem
930 1991 986 2040 et
1009 1979 1361 2038 excusatione
1388 1974 1606 2039 utimur,
1636 1980 1774 2028 etne
1792 1983 1935 2041 egre
1948 1968 2088 2023 feras

508 2080 871 2142 obsecramus,
901 2087 1078 2144 neque
1098 2072 1243 2142 prius
1270 2068 1385 2136 haec
1413 2063 1701 2122 identidem
1718 2061 1900 2118 dicere
1925 2059 2089 2114 inter-

509 2169 783 2226 mittemns
799 2207 818 2233 ,
841 2164 1015 2221 donec
1043 2171 1097 2218 te
1115 2159 1270 2216 nobis
1299 2156 1517 2217 minime
1530 2152 1902 2211 succensuisse
1919 2147 2084 2221 signi-

509 2258 777 2317 ficaveris.
815 2255 964 2326 Quod
1016 2255 1063 2310 si
1111 2247 1416 2322 huiusmodi
1458 2246 1642 2302 literas
1675 2241 2083 2307 obtinuerimus,

510 2351 677 2423 duplo
701 2365 765 2407 ac
791 2347 951 2419 triplo
987 2359 1052 2402 ac
1075 2339 1346 2400 multoties
1367 2337 1572 2410 majora
1593 2349 1752 2408 quam
1777 2347 1898 2405 quae
1924 2331 2087 2387 missa

514 2450 660 2509 sunt,
696 2455 797 2496 nos
842 2436 1111 2508 accepisse
1161 2431 1555 2489 arbitrabimur.
1596 2425 1655 2482 Id
1685 2425 1829 2483 enim
1855 2423 2086 2480 maxime

518 2539 695 2604 potest
729 2534 1042 2602 argumento
1063 2539 1212 2593 esse,
1237 2531 1434 2595 quanta
1474 2517 1774 2577 reverentia
1799 2523 1858 2573 et
1883 2513 2087 2570 honore

508 2636 612 2681 nos
634 2622 799 2680 colas.

684 2737 1046 2813 CCXXXIII.
1076 2751 1157 2807 Ad
1181 2749 1493 2823 Episcopum
1519 2744 1906 2803 Antiochenam.

545 2890 838 2964 Oportebat
847 2888 1060 2961 quidem
1076 2887 1326 2960 pietatem
1349 2893 1578 2941 vestram
1594 2896 1700 2937 non
1710 2879 1888 2936 verbis
1902 2891 2086 2934 eorum

507 2987 598 3057 qui
617 2983 821 3056 loquuti
845 2988 988 3047 sunt,
1014 2987 1191 3035 mente
1213 2974 1466 3044 subverti,
1495 2974 1590 3031 sed
1615 2973 1670 3029 in
1695 2980 1839 3028 tanta
1866 2969 2090 3027 menda-

511 3078 718 3132 ciorum
743 3074 896 3144 copia
917 3072 1078 3127 multa
1099 3084 1219 3128 cum
1244 3066 1537 3123 attentione
1561 3065 1836 3120 veritatem
1871 3062 2089 3118 investi-

509 3181 654 3236 gare.
694 3164 750 3225 Si
773 3164 914 3220 enim
950 3160 1127 3216 omnia
1156 3173 1277 3230 quae
1304 3157 1463 3228 vulgo
1487 3155 1756 3227 iactantur
1791 3168 1920 3210 vera
1962 3167 2089 3208 cen-

504 3270 650 3321 seas,
675 3254 724 3309 in
755 3251 1043 3324 periculum
1079 3250 1294 3304 venient
1320 3260 1507 3303 omnes
1528 3247 1546 3279 ⁸
1576 3262 1590 3299 :
1621 3245 1704 3300 sin
1733 3253 1907 3299 autem
1939 3241 2085 3313 judi-

511 3349 598 3402 cio
618 3354 673 3401 et
699 3345 900 3415 legibus
926 3357 987 3398 ea
1015 3355 1133 3413 qua
1159 3340 1324 3394 latent
1351 3337 1796 3408 pervestigentur,
1827 3334 2082 3402 judicium

509 3453 540 3490 a
563 3435 714 3491 vobis
738 3449 839 3504 ego
856 3432 1026 3487 libens
1053 3429 1254 3500 postula
1269 3440 1397 3495 rem,
1434 3427 1534 3482 nisi
1554 3425 1672 3498 quis
1696 3425 1799 3480 alia
1823 3438 2008 3479 rursus
2033 3423 2086 3478 in

511 3541 599 3582 me
623 3524 898 3580 calumuite
923 3522 1029 3577 tela
1053 3521 1336 3592 iaculetur.
1381 3517 1566 3573 Timeo
1617 3529 1866 3585 namque,
1917 3515 2087 3569 timeo

510 3616 620 3687 jam
649 3615 863 3670 umbras
881 3622 936 3668 et
956 3611 1259 3677 simulacra,
1277 3615 1556 3680 postquam
1577 3620 1673 3662 vos
1695 3606 1764 3661 ita
1785 3604 2085 3675 judicastis.

511 3709 681 3765 Amici
708 3706 953 3761 amicitiae
981 3703 1222 3760 nuntium
1247 3702 1587 3767 remiserunt,
1611 3697 1704 3769 qui
1720 3696 1870 3768 juxta
1898 3705 2051 3752 erant
2067 3736 2084 3764 ,

511 3817 541 3856 a
589 3801 744 3869 longe
769 3804 1049 3861 steterunt,
1076 3803 1133 3850 et
1181 3793 1269 3863 qui
1310 3793 1467 3861 longe
1506 3797 1658 3845 erant
1702 3788 2087 3842 calumniarum

511 3891 682 3962 iacula
710 3895 1082 3944 contorserunt
1134 3885 1305 3956 (Ρωι.
1347 3884 1436 3939 57.
1489 3881 1599 3952 l2).
1655 3880 1920 3936 Effecistis
1947 3887 2006 3935 ut
2033 3881 2088 3935 in

514 3981 691 4038 medio
713 3989 867 4050 portu
892 3978 1222 4047 naufragium
1245 3983 1475 4046 paterer.
1515 3971 1622 4028 Sed
1641 3971 1882 4046 quamvis
1905 3971 2090 4041 ejiciar

513 4088 581 4126 ex
604 4071 750 4135 urbe,
775 4079 931 4139 atque
955 4068 1023 4122 ab
1051 4065 1285 4121 Ecclesia
1311 4063 1559 4134 sejungar
1581 4103 1597 4128 ,
1622 4061 1688 4116 ad
1717 4061 1939 4131 quodvis
1963 4076 2091 4130 sup-

514 4163 727 4234 plicium
754 4159 1028 4215 ferendum
1048 4172 1135 4212 me
1162 4157 1320 4211 statui
1348 4169 1678 4224 comparare.
1719 4153 2088 4225 Philosophari

513 4253 644 4309 mihi
672 4267 735 4308 ac
773 4253 1034 4322 patienter
1070 4248 1293 4304 adversa
1329 4247 1471 4302 ferre
1518 4245 1789 4300 decretum
1817 4254 1900 4302 est
1931 4262 1944 4297 :
1975 4246 2089 4301 scio

512 4345 679 4411 enim,
708 4342 820 4397 scio
847 4341 1164 4404 certissime,
1195 4339 1410 4394 civitate
1437 4335 1724 4391 firmiorem
1754 4350 1874 4391 esse
1901 4336 2088 4392 solitu-

513 4434 714 4502 dinem,
744 4440 800 4488 et
817 4432 1013 4487 bestias
1035 4430 1148 4499 agri
1172 4426 1562 4487 mansuetiores
1585 4425 1797 4481 amicis.
1829 4425 1975 4482 Vale.

515 4560 783 4620 CCXXXI
800 4560 861 4615 V.
900 4559 1100 4616 Brisoni
1127 4556 1222 4629 (α).
1262 4558 1573 4628 (Postquam
1611 4557 1874 4614 Cucusum
1903 4573 2090 4629 perve~

1041 4659 1192 4704 nerat
1209 4663 1348 4703 anno
1366 4648 1517 4714 404.)

582 4785 922 4859 Septuaginta
949 4784 1118 4841 ferme
1152 4783 1480 4853 consumptis
1524 4783 1578 4838 in
1635 4785 1825 4842 itinere
1879 4785 2086 4853 diebus,

516 4880 657 4938 unde
682 4888 858 4951 potest
897 4877 1186 4948 amplitudo
1225 4886 1315 4932 tua
1340 4877 1587 4947 colligere
1611 4920 1626 4943 ,
1658 4888 1787 4948 quot
1812 4886 1869 4934 ct
1891 4889 2088 4950 quanta

516 4973 652 5028 mala
677 4971 819 5041 passi
859 4971 1112 5026 fuerimus
1135 5010 1150 5035 ,
1182 4984 1303 5024 cum
1334 4979 1386 5024 et
1431 4969 1730 5024 Isaurorum
1774 4981 1949 5026 metus
1990 4988 2087 5028 nos

516 5061 748 5132 undique
771 5070 1040 5132 premeret
1059 5100 1076 5126 ,
1106 5068 1162 5115 et
1187 5076 1306 5114 cum
1338 5060 1682 5117 intolerandis
1709 5061 1942 5119 febribus
1972 5073 2087 5119 col-

515 5155 857 5221 luctaremur,
886 5155 1147 5209 Cucusum
1180 5154 1342 5208 totius
1370 5154 1513 5208 orbis
1539 5165 1801 5210 terrarum
1831 5156 2087 5212 desertis-

515 5246 710 5303 simum
733 5246 905 5301 locum
934 5246 1142 5301 tandem
1174 5246 1456 5316 aliquando
1486 5248 1842 5316 pervenimus.
1885 5251 1950 5305 Et
1975 5251 2090 5308 haec

583 5446 600 5478 ί
633 5451 770 5570 Reg;
795 5443 970 5504 annua,
1007 5457 1109 5507 pro,
1149 5457 1323 5516 armes:
1362 5443 1501 5503 Infra,
1542 5455 1946 5509 pmesngaverts,
1983 5462 2088 5510 pro,

583 5519 683 5556 rues
751 5514 907 5570 antur.
932 5514 1042 5556 Haec
1079 5519 1222 5570 porro
1246 5507 1446 5568 epistola
1482 5507 1540 5555 ad
1581 5507 1889 5570 Porphyrium
1929 5511 2088 5558 Antio-

518 5507 907 5569 pcrvestigentur.
932 5514 1042 5556 Haec
1080 5519 1222 5569 porro
1246 5507 1446 5568 epistola
1482 5507 1549 5555 ad
1581 5507 1889 5569 Porphyrium
1929 5507 2088 5558 Antio-

517 5566 1025 5640 cbenum'episoppttm
1060 5566 1302 5640 datauest',
1328 5571 1408 5631 qui
1432 5566 1900 5640 defunctoflaviano
1919 5571 2090 5640 sedem

520 5629 858 5679 Antiochenam
882 5630 1140 5691 invaserat,
1161 5629 1212 5680 et
1232 5629 1362 5680 inter
1383 5635 1644 5681 acerrimos
1661 5630 1977 5695 ωλι-γεοειοωὶ
1999 5632 2088 5684 ho-

517 5698 622 5739 stes
636 5692 992 5740 numerabatur.

517 5807 556 5861 L
861 5753 1080 5818 epistolae
1125 5761 1311 5817 partem
1354 5753 1507 5806 refert
1548 5753 1838 5817 Nicephorus
1874 5754 2091 5808 Callistus

1223 404 1281 463 8.
1321 394 1607 459 JOANNIS.
1640 381 2119 451 CHRYSOS‘I'OHI
2159 375 2478 436 ABCBIEP.
2517 373 3061 436 CONSTANTINOP.

3671 371 3781 431 ’110

2195 492 2317 550 dico
2341 507 2451 548 non
2475 505 2668 564 rogans
2697 497 2755 545 ut
2793 487 3002 544 molesti
3033 485 3128 543 ulli
3152 483 3308 552 sitis,
3345 499 3412 542 ac
3454 482 3677 558 petatis,
3731 491 3797 537 ut

2194 584 2318 640 hinc
2342 581 2726 638 transferanmr
2758 597 2772 635 :
2795 579 2938 651 quod
2963 580 3107 636 enim
3137 586 3254 635 erat
3278 577 3651 648 gravissimum
3666 576 3780 646 jam

2193 672 2529 744 pertulimus,
2556 688 2752 744 nempe
2779 673 2879 727 vite
2898 671 3200 726 molestiam
3232 687 3247 724 :
3279 667 3375 724 sed
3405 667 3542 723 hanc
3568 682 3600 722 a
3627 667 3782 724 vobis

2194 774 2318 835 peto
2359 764 2623 835 gratiam,
2657 772 2714 817 ut
2760 761 2828 817 ad
2875 777 2975 817 nos
3004 760 3236 817 assidue
3283 759 3551 823 scribatis,
3606 771 3782 828 neque

2193 865 2472 927 propterea
2499 853 2639 926 quod
2654 854 2863 925 longius
2890 868 2920 906 a
2947 853 3096 908 vobis
3115 851 3332 923 relegati
3353 865 3557 916 sumus,
3577 849 3781 905 idcirco

2193 965 2290 1006 nos
2315 949 2418 1004 ista
2434 946 2802 1003 consolatione
2827 943 3065 1016 privetis.
3097 942 3258 1020 Scitis
3285 943 3429 998 enim
3457 951 3661 1013 quanto
3680 955 3780 998 nos

2175 1040 2332 1097 istud
2352 1041 2541 1095 solatio
2586 1038 2745 1106 levet,
2776 1035 3116 1108 quantumvis
3159 1033 3344 1090 afﬂicti
3369 1033 3537 1089 simus
3556 1043 3612 1088 et
3635 1047 3780 1087 saru-

2191 1133 2332 1188 mnis
2351 1131 2578 1198 obsessi,
2600 1145 2724 1185 cum
2751 1128 2821 1185 de
2837 1125 3142 1184 valetudine
3163 1133 3339 1181 vestra
3364 1125 3661 1180 amicorum
3676 1137 3781 1177 no-

2189 1232 2421 1287 strorum
2449 1222 2710 1278 certiores
2730 1221 2855 1300 ﬁeri
2895 1231 3183 1290 possumus
3206 1257 3222 1285 ,
3263 1231 3336 1272 ac
3363 1231 3459 1273 vos
3488 1215 3690 1271 hilares
3724 1223 3780 1270 et

2191 1315 2488 1372 incolumes
2513 1329 2657 1380 esse,
2687 1326 2750 1368 ac
2768 1312 2925 1384 plane
2953 1323 3193 1366 securos.
3216 1308 3289 1366 Ut
3319 1308 3479 1380 igitur
3506 1307 3632 1363 hinc
3668 1323 3780 1362 non

2189 1407 2511 1464 mediocrem
2529 1407 2793 1476 possimus
2809 1418 3033 1475 carpere
3051 1403 3393 1473 voluptatem,
3413 1400 3481 1457 de
3497 1400 3580 1456 bis
3594 1399 3664 1455 ad
3680 1414 3781 1456 nos

2187 1497 2400 1556 assidue
2418 1497 2612 1554 scribe.
2636 1495 2754 1553 Non
2773 1495 2917 1552 enim
2945 1493 3133 1551 leviter
3158 1508 3258 1550 nos
3284 1492 3573 1557 recreabis,
3601 1490 3699 1547 sed
3723 1500 3782 1547 et

2174 1589 2390 1664 ingenti
2409 1589 2603 1652 solatio
2629 1587 2845 1650 taedium
2871 1595 3115 1653 nostrum
3135 1585 3324 1653 lenies,
3356 1599 3479 1640 cum
3506 1598 3614 1640 non
3636 1583 3783 1655 igno-

2177 1683 2295 1752 'res,
2323 1691 2575 1754 quantum
2602 1681 2707 1737 tuis
2732 1678 3029 1737 commodis
3046 1678 3279 1752 gaudere
3299 1678 3590 1736 soleamus.

2188 1794 2427 1855 CCXXX
2440 1794 2501 1850 V.
2543 1792 2842 1868 Porphyrii).
2857 1790 3399 1954 episztgio)ﬂhomtsi
3427 1785 3781 1863 (a).(Cucuso

2819 1898 2963 1948 anno
3095 1923 3107 1936 -
3142 1937 3147 1947 .

2819 1898 2963 1948 anno
2978 1898 3147 1948 ωλι),

2255 2000 2428 2069 Quam
2449 1999 2627 2066 firma,
2651 2011 2818 2070 quam
2834 1996 3120 2061 constanti,
3144 1994 3542 2065 quamimmota
3556 1993 3784 2050 caritate

2189 2092 2285 2155 sis.
2313 2105 2424 2148 non
2445 2105 2533 2147 me
2561 2089 2711 2160 fugit,
2737 2102 2837 2150 nec
2862 2088 3023 2144 ullam
3051 2086 3385 2157 negotiorum
3409 2077 3778 2144 difﬁcultatem

2189 2184 2336 2241 illam
2355 2197 2512 2254 posse
2539 2181 2895 2245 labefactare:
2917 2180 2972 2236 id
3005 2194 3135 2236 vero
3159 2188 3216 2237 tu
3256 2179 3419 2238 rebus
3443 2180 3572 2251 ipsis
3596 2189 3783 2237 osten-

2188 2275 2337 2332 disti.
2373 2275 2543 2344 Quam
2567 2273 2645 2329 0b..
2659 2287 2874 2339 causam
2903 2287 3003 2328 nos
3029 2286 3261 2344 quoque,
3289 2270 3417 2327 licet
3437 2271 3627 2327 morbo
3651 2286 3787 2330 core

2190 2367 2348 2439 repti,
2379 2375 2540 2436 atque
2565 2366 2617 2421 in
2642 2366 2817 2421 locum
2839 2364 3003 2426 totius
3029 2363 3192 2434 hujus
3217 2364 3384 2422 nostri
3409 2362 3558 2420 orbis
3592 2363 3781 2439 deser-

2191 2436 2452 2514 tissimurn
2481 2455 2643 2518 delati
2671 2454 2957 2521 Cucusum,
2984 2436 3781 2514 etis-aurorumincursioaibus

2186 2547 2569 2614 circumsessi,
2583 2561 2647 2604 ac
2670 2548 2854 2603 multis
2872 2547 3139 2602 aerumnis.
3160 2545 3369 2613 vexati,
3390 2555 3446 2604 et
3472 2546 3779 2616 scribimus,

2190 2651 2247 2698 et
2270 2641 2504 2698 debitam
2534 2640 2904 2696 salutationem
2932 2648 3033 2701 tua:
3054 2637 3639 2709 pietatipersolvimus,
3661 2653 3783 2694 cor-

2191 2751 2321 2807 pore
2339 2735 2552 2807 quidem
2572 2731 2933 2804 sejuncti,_sed
2957 2731 3136 2786 animo
3151 2730 3403 2800 copulati,
3427 2745 3784 2803 magnamque

2193 2829 2316 2887 inde
2337 2828 2754 2885 consolationem
2782 2824 3126 2896 percipimus.
3166 2822 3315 2879 Licet
3337 2823 3482 2900 enim
3508 2839 3618 2878 non
3645 2822 3782 2879 levi-

2192 2923 2294 2980 bus
2324 2922 2443 2979 hzec
2463 2919 2808 2978 commutatio
2833 2917 3323 2974 difficultatibus-sit
3349 2916 3594 2982 obsessa,
3612 2916 3782 2972 maxi-

2193 3029 2337 3070 mum
2360 3022 2538 3068 tamen
2571 3011 2698 3067 inde
2723 3010 2968 3066 solatium
2994 3009 3288 3076 haurimus,
3315 3008 3460 3078 quod
3489 3022 3595 3063 non
3621 3007 3785 3079 longe

2192 3122 2220 3159 a
2239 3105 2390 3160 vobis
2409 3105 2683 3170 absumus,
2706 3117 2769 3158 ac
2794 3103 3097 3172 frequenter
3126 3115 3427 3168 possumus,
3456 3099 3670 3155 modico
3696 3100 3787 3158 iu-

2193 3197 2414 3267 terjecto
2451 3195 2662 3250 itineris
2710 3193 2870 3262 hujus
2917 3191 3215 3259 intervallo,
3264 3198 3318 3245 ct
3362 3190 3428 3245 ad
3457 3205 3555 3245 vos
3600 3191 3786 3248 literas

2189 3288 2320 3344 dare
2343 3297 2398 3343 et
2420 3301 2452 3342 a
2483 3286 2646 3343 vobis.
2664 3285 2928 3354 accipere.
2969 3283 3102 3338 Nam
3146 3283 3191 3336 si
3220 3281 3320 3337 hac
3347 3281 3632 3337 festivitate
3659 3297 3789 3352 per-

2189 3383 2429 3450 fruamur
2461 3379 2818 3450 (festivitatem
2869 3377 3014 3433 enim
3061 3375 3162 3432 hoc
3190 3390 3290 3446 ego
3329 3389 3560 3441 censeo,
3591 3391 3656 3431 ac
3695 3389 3786 3430 so-

2192 3472 2519 3528 lemnitatem
2541 3512 2555 3537 ,
2589 3481 2642 3526 et
2685 3471 2917 3539 ingentis
2954 3469 3245 3539 voluptatis
3296 3465 3683 3537 occasionem),
3714 3481 3788 3523 ne

2192 3565 2471 3620 minimum
2496 3562 2708 3633 quidem
2733 3575 2950 3617 sensum
2975 3559 3134 3631 hujus
3157 3558 3477 3624 solitudinis,
3509 3566 3707 3626 metus,
3727 3566 3791 3614 es

2190 3657 2473 3714 anxietatis
2491 3655 2784 3726 capiemus.

2263 3770 2503 3829 CCXXX
2518 3767 2613 3824 VI.
2640 3768 2867 3824 Carm-io
2892 3764 3116 3837 prasidi.
3140 3761 3371 3836 (Cucuso
3391 3777 3534 3817 anno
3557 3761 3705 3831 ιω.)

2264 3883 2673 3943 Desertissimus
2711 3879 2926 3951 quidem
2971 3878 3162 3930 mirum
3191 3877 3244 3929 in
3275 3873 3493 3929 modum
3522 3873 3673 3931 locus
3699 3881 3789 3929 est

2191 3981 2432 4036 Cucusus
2475 3996 2488 4031 :
2532 3984 2901 4033 verumtamen
2948 3969 3087 4023 haud
3133 3969 3204 4023 ita
3234 3982 3334 4023 nos
3366 3965 3653 4029 solitudine
3685 3980 3786 4022 sua

2193 4073 2500 4135 contristat,
2550 4083 2614 4124 ac
2657 4066 2840 4138 quiete
2882 4061 3184 4127 exhilarat,
3225 4058 3476 4128 quodque
3519 4057 3662 4112 nulla
3709 4072 3784 4111 ex

2196 4173 2344 4236 parte
2393 4161 2545 4217 nobis
2584 4157 2859 4228 negotium
2912 4152 3146 4207 facessit.
3198 4150 3457 4218 Quocirca
3509 4156 3784 4220 tamquam

2193 4254 2263 4310 ad
2307 4263 2517 4324 portum
2560 4248 2844 4320 quemdam
2876 4244 2941 4299 ad
2966 4243 3307 4299 solitudinem
3337 4241 3476 4297 hanc
3499 4240 3662 4305 delati
3693 4255 3786 4298 se-

2195 4345 2404 4409 demus,
2439 4351 2494 4398 et
2513 4357 2542 4396 a
2573 4339 2728 4395 malis
2746 4352 2865 4408 qua:
2889 4336 2943 4390 in
2973 4334 3057 4390 via
3087 4333 3402 4405 pertulimus
3429 4333 3793 4403 respiramus,

2195 4448 2250 4493 et
2278 4437 2447 4493 morbi
2478 4444 2635 4506 atque
2662 4433 2927 4488 malorum
2966 4445 3088 4500 quae
3135 4428 3486 4484 sustinuimus
3530 4427 3787 4500 reliquias

2197 4529 2296 4584 hac
2320 4529 2496 4599 quiete
2523 4526 2857 4597 depellimus.
2903 4523 3012 4578 Hoc
3037 4521 3175 4592 apud
3205 4520 3608 4591 amplitudinem
3637 4531 3788 4580 tuam

2197 4635 2445 4678 sermone
2469 4619 2665 4674 idcirco
2691 4626 2832 4681 utor,
2859 4613 3002 4686 quod
3028 4613 3318 4683 intelligam
3346 4611 3572 4668 mirifice
3601 4620 3652 4668 te
3683 4625 3785 4667 no-
3813 4605 3824 4630 ·’

2197 4726 2305 4771 stra
2332 4714 2509 4785 quiete
2533 4711 2720 4773 laetari,
2763 4707 3190 4780 quandoquidem
3241 4705 3386 4760 nulla
3439 4720 3538 4760 nos
3591 4719 3790 4774 capere

2198 4816 2378 4880 potest
2426 4819 2611 4860 eorum
2658 4801 2889 4866 oblivio,
2941 4814 3061 4869 quite
3114 4799 3234 4852 istic
3275 4812 3304 4852 a
3358 4804 3412 4851 te
3450 4805 3573 4850 sunt
3599 4796 3788 4866 gesta,

2197 4900 2325 4954 dum
2370 4902 2723 4966 prazposteros
2753 4892 2870 4947 illos
2896 4899 2950 4945 et
2978 4891 3306 4957 importunos
3343 4887 3600 4942 tumultus
3630 4886 3790 4940 seda-

2197 5007 2306 5057 res,
2359 4999 2416 5044 et
2453 5001 2666 5041 Omnem
2714 4984 2939 5055 lapidem
2987 4996 3250 5045 moveres,
3306 4989 3364 5034 ut
3402 4979 3454 5033 in
3502 4980 3790 5035 securitate

2196 5093 2557 5143 versaremur,
2590 5086 2644 5132 et
2670 5091 2789 5146 qua:
2817 5085 3022 5130 tuarum
3065 5085 3219 5128 erant
3248 5073 3476 5142 partium
3499 5112 3514 5135 ,
3565 5073 3788 5126 omnino

2201 5181 2503 5244 praestares.
2549 5169 2672 5224 Hzec
2712 5183 2810 5222 nos
2856 5166 2994 5234 apud
3037 5181 3245 5228 omnes,
3276 5179 3615 5233 quocumque
3652 5178 3785 5234 gen-

2197 5269 2331 5320 tium
2373 5262 2696 5321 deferamur,
2745 5258 3115 5328 pratdicamus,
3163 5256 3362 5325 tibique
3400 5254 3626 5323 gratiam
3679 5269 3788 5308 non

2200 5357 2525 5411 mediocrem
2573 5354 2846 5418 habemus,
2899 5351 3112 5404 domine
3157 5349 3226 5403 mi
3278 5348 3563 5417 plurimum
3614 5348 3782 5417 suspi-

2199 5451 2409 5516 ciende,
2439 5449 2508 5503 ob
2532 5458 2726 5502 tantam
2753 5447 2887 5499 hanc
2914 5443 3323 5499 sollicitudinem
3356 5460 3368 5496 :
3398 5456 3582 5496 verum
3605 5450 3662 5495 ut
3683 5455 3787 5496 non

2261 5633 2335 5692 (α)
2356 5638 2405 5692 In
2430 5625 2545 5675 tulit.
2557 5622 2724 5692 _Savil.,
2749 5619 3016 5692 Porphyrio
3028 5618 3264 5692 episcopo,
3280 5615 3589 5692 simpliciter,
3600 5618 3788 5692 ad-

2197 5675 2585 5748 ditE'I—thosenst',
2613 5675 2724 5747 quae
2763 5675 2931 5734 tamen
2969 5675 3115 5748 lectio
3140 5675 3436 5728 in'omnibits
3456 5690 3658 5748 prorsus
3682 5675 3794 5748 hiss.

2445 5738 2510 5800 ita
2556 5738 2701 5801 de're
2725 5748 2837 5799 vide
2870 5759 2980 5810 quae
3001 5745 3213 5794 diximus
3251 5754 3397 5804 suns
3427 5738 3488 5790 ail
3535 5738 3790 5803 epistolam
