4076 6426
288 514 518 584 σημεῖον
542 510 634 573 τδ,
653 510 820 582 ἡνίκα
843 507 912 567 ἀν
934 507 1047 580 ἐγὼ
1076 505 1346 580 βουληθῶ,
1373 505 1496 591 τότε
1525 501 1866 576 πέμπεσθαι,

281 606 425 664 ἀλλά
454 605 530 677 μὴ
547 602 692 669 τότε,
720 603 812 656 ὅτε
833 601 1130 673 ού-δέομαι.
1159 597 1344 665 Δεῖξον
1364 595 1545 652 τοίνυν
1571 596 1677 650 κάν
1697 593 1874 665 τούτῳ

284 698 385 768 τὴν
412 694 642 770 γνησίαν
669 709 763 747 σου
789 691 994 763 φιλίαν,
1015 689 1112 745 καὶ
1130 688 1232 760 τὴν
1251 687 1387 743 αίδῶ
1404 685 1505 758 τὴν
1534 684 1668 756 περὶ
1699 685 1871 755 ἡμᾶς,

283 789 367 860 τῷ
397 787 493 842 καὶ
534 789 595 841 ἐν
624 784 802 856 τούτῳ
827 783 986 854 ἡμῶν
1014 778 1385 852 ἀνασχέσθαιο’
1409 779 1505 832 καὶ
1535 775 1748 848 πέμψον
1772 792 1874 828 τα-

285 879 429 955 χέως
442 874 731 946 ἐπιστολὴν
747 871 1211 942 ἀπαγγέλλουσαν
1226 873 1260 942 ἡ
1271 871 1362 941 μῖν
1385 868 1462 932 ὡς
1485 868 1583 922 οὐκ
1605 866 1870 939 ἡλγησας.

289 971 392 1026 ‘Av
414 968 524 1040 7&9
547 967 624 1040 μὴ
649 964 807 1020 τοῦτο
833 965 1088 1036 ποιήσῃς,
1119 964 1179 1016 ἐν
1202 961 1444 1033 διηνεκεῖ
1470 958 1708 1031 φροντίδι
1739 956 1879 1025 καθ--

289 1061 444 1133 ιστᾷν
476 1059 625 1130 ἡμᾶς
666 1055 915 1128 μέλλειν
952 1054 1013 1108 ού
1062 1052 1171 1126 7&9
1203 1050 1526 1123 παυσόμεθα
1562 1047 1872 1121 μεριμνῶν-

283 1169 399 1218 τες,
428 1152 504 1224 μή
537 1166 668 1204 ποτε
687 1148 1043 1220 ἐλυπὴσαμεν
1059 1162 1087 1191 οι
1104 1144 1238 1199 πολὺ
1264 1144 1375 1217 γάρ
1403 1161 1498 1198 σου
1525 1141 1626 1214 τῆς
1650 1143 1875 1213 ἀγάπης

285 1241 646 1314 ἀντεχόμεθα,
691 1240 788 1294 καὶ
816 1237 911 1293 τοῦ
943 1235 1243 1295 ἀναπαύειν
1287 1251 1382 1290 σου
1421 1234 1520 1306 τὴν
1564 1233 1870 1302 εὐγένειαν.

298 1335 455 1389 Ἐπεὶ
478 1328 574 1388 οὖν
606 1329 810 1394 ίκανῶς
835 1327 1323 1401 ἀπελογησάμεθα,
1369 1325 1609 1398 δήλωσον
1634 1325 1766 1396 ἡμῖν
1796 1323 1873 1388 ὡς

286 1426 452 1494 ἐδέξω
477 1422 579 1496 τὴν
605 1407 902 1491 ἀπόλογίαν
928 1415 1116 1493 ἡμῶν.
1151 1419 1262 1475 Καὶ
1293 1417 1402 1490 7&9
1430 1414 1606 1483 ἔξεστί
1636 1432 1729 1469 σου
1767 1431 1873 1486 μα-

283 1519 398 1575 θεῖν
429 1516 530 1587 τήν
566 1512 865 1585 ἐμμέλειαν
900 1522 948 1580 ⁸,
976 1513 1061 1567 δτι
1084 1511 1230 1580 πρὸς
1275 1510 1375 1582 μὲν
1413 1509 1606 1573 ἀλλους
1635 1507 1699 1561 τὸ
1737 1506 1871 1562 αὐτὸ

282 1609 350 1680 δὴ
389 1605 552 1661 τοῦτο
595 1603 990 1675 πεποιηκότας,
1032 1601 1130 1658 καὶ
1175 1600 1384 1672 σφόδρα
1419 1599 1676 1671 γνησίους
1713 1600 1866 1670 ἡμῖν,

283 1700 385 1757 ούκ
410 1698 635 1769 ἐδέησεν
659 1697 794 1768 ἡμῖν
813 1693 1136 1764 ἀπολογίας,
1166 1692 1282 1747 ἀλλ’
1313 1692 1519 1764 ἡρκεσε
1539 1690 1601 1744 τὸ
1619 1688 1874 1762 διακρού-

285 1790 483 1846 σασθαι
511 1789 584 1845 τά
607 1784 963 1859 πεμφθέντα·
998 1784 1093 1838 ἐπὶ
1119 1784 1178 1839 δέ
1191 1784 1293 1856 τῆς
1324 1784 1423 1855 σῆς
1446 1782 1759 1853 τιμιότητος
1778 1778 1875 1834 καὶ

285 1880 730 1953 ἀπολογούμεθα,
773 1879 875 1934 καὶ
916 1875 1348 1949 παρακαλοῦμεν
1405 1875 1574 1947 μηδὲν
1610 1874 1872 1944 ἀλγῆσαι,

283 1977 378 2031 καὶ
405 1976 468 2029 ού
498 1973 762 2045 πρότερον
778 1967 1204 2041 ἀποστησόμεθα
1223 1965 1462 2038 συνεχῶς
1485 1963 1660 2020 ταῦτα
1687 1963 1876 2034 λέγον-

281 2086 397 2133 τες,
430 2068 536 2131 ἓως
569 2066 638 2120 ἀν
663 2065 797 2137 ἡμῖν
821 2061 1217 2134 δηλοποιήσης,
1243 2060 1328 2119 δτι
1351 2057 1453 2112 οὐκ
1479 2057 1743 2128 ἡλγησας.
1773 2057 1873 2110 “Av

233 2189 236 2192 ~
283 2163 396 2235 7&9
440 2157 698 2216 τοιούτων
737 2152 1086 2226 ἐπιτύχωμεν
1124 2150 1503 2222 γραμμάτων,’
1532 2148 1872 2212 διπλασίονα,

219 2237 221 2239 ’
284 2255 381 2311 καὶ
416 2248 796 2325 τριπλασίονα,
827 2246 924 2301 καὶ
954 2242 1394 2298 πολλαπλασίονα
1425 2241 1463 2283 ἰ)
1491 2241 1600 2294 τῶν
1628 2241 1873 2295 ἀποστα-

283 2346 487 2400 λέντων
503 2339 787 2414 ἡγούμεθα
805 2334 1074 2408 δεδέχθαι.
1104 2333 1311 2388 Ἱκανὸν
1325 2331 1436 2404 7&9
1460 2330 1695 2403 μάλιστα
1715 2327 1876 2384 τοῦτο

282 2433 459 2496 δεῖξαι
492 2433 588 2487 καὶ
612 2430 713 2502 τὴν
755 2427 916 2496 αίδῶ,
955 2427 1053 2482 καὶ
1081 2424 1184 2499 τὴν
1211 2423 1398 2497 τιμὴν,
1441 2423 1510 2496 ἡν
1556 2422 1704 2494 ἔχεις
1733 2421 1874 2493 πρὸς

283 2529 435 2603 ἡμᾶς
601 2637 786 2697 ΣΛΓ.
827 2636 985 2707 Πρὸς
1016 2636 1125 2691 τὸν
1173 2631 1551 2703 Ἀντιοχείας.

361 2769 510 2828 Ἐδιι
546 2768 645 2840 μὶν
674 2766 774 2838 τὴν
801 2764 1076 2837 ὑμετέραν
1100 2762 1390 2817 εὐλάϐειαν
1423 2758 1498 2832 μὴ
1523 2759 1638 2822 τοῖς
1668 2757 1876 2828 ῥήμασι

281 2859 392 2916 τῶν
422 2854 1207 2930 εἰρηκότων-παρατρέπεσθαι
1243 2852 1344 2924 τὴν
1373 2851 1631 2915 διάνοιαν,
1667 2847 1782 2903 ἀλλ’
1818 2847 1876 2899 ἐν

282 2949 361 3020 τῷ
391 2948 587 3019 πλήθει
614 2945 709 3001 τοῦ
735 2945 966 3016 ψεύδους
992 2945 1130 3016 μετά
1156 2943 1360 3012 πολλῆς
1383 2942 1481 3013 τῆς
1513 2940 1760 3011 σκέψεως
1789 2940 1878 2992 ἀν-

287 3022 594 3115 ιχνεύεσθαι
618 3039 717 3110 τὴν
740 3036 1020 3108 ἀλήθειαν.
1045 3037 1110 3090 Εἰ
1142 3036 1249 3110 7&9
1279 3035 1496 3089 ᾶπαντα
1515 3033 1584 3087 τά
1613 3031 1875 3119 θρυλλούτ-

287 3147 427 3204 [uva
448 3130 706 3200 ἀλήθειαν
737 3127 1050 3193 ὑπολάὼις,
1087 3124 1493 3180 κινδυνεύσειαν
1516 3123 1583 3178 ἂν
1614 3123 1872 3186 ἀπαντες*

278 3226 333 3281 εί
367 3223 424 3276 δὲ
456 3223 635 3295 κρίσει
668 3221 765 3275 καὶ
793 3219 980 3291 νόμοις
1006 3217 1345 3288 ἀνιχνεύεται
1373 3217 1441 3271 τὰ
1467 3227 1491 3256 ο
1513 3214 1872 3282 λανθάνοντα,

280 3316 567 3387 κριτήριον
591 3312 658 3369 ἂν
698 3312 878 3382 ἔγωγε
910 3311 1041 3383 παρ’
1068 3310 1224 3382 ὑμῶν
1249 3309 1583 3380 ἐπεζήτησα,
1610 3311 1658 3362 εί
1684 3309 1758 3380 μή
1789 3325 1876 3372 τις

281 3404 447 3477 ιτερα
487 3399 645 3468 αὖθις
683 3403 825 3456 ὅπλα
864 3400 1238 3468 συκοφαντίας
1281 3415 1371 3470 μοι
1401 3397 1739 3452 ἐπιπνεύσει.
1772 3398 1872 3450 Δέ-

282 3495 441 3550 δοικα
474 3494 606 3564 γὰρ,
637 3491 853 3546 δέδοικα
877 3490 1065 3545 λοιπὸν
1089 3489 1188 3552 τὰς
1223 3487 1401 3552 σκιὰς,
1429 3487 1525 3541 καὶ
1556 3487 1626 3540 τὰ
1663 3485 1872 3556 φαντά·

287 3603 496 3656 σματα,
547 3583 735 3654 ἐπειδὴ
769 3583 926 3636 αὐτοὶ
953 3581 1334 3641 νέδικαιώσατε
1381 3577 1577 3642 οὕτως.
1617 3580 1680 3631 Οἱ
1728 3578 1873 3648 φίλοι

280 3679 380 3749 τὴν
408 3675 590 3746 φιλίαν
629 3677 962 3747 ἠρνήσαντο,
1007 3676 1057 3727 οί
1107 3672 1337 3744 πλησίον
1387 3670 1539 3734 ὄντες
1588 3669 1872 3742 πόρρωθεν

284 3768 437 3841 [729]
472 3767 732 3836 ἔστησαν,
764 3767 865 3819 καὶ
900 3763 1186 3838 πόρρωθεν
1215 3763 1369 3826 δντες
1401 3760 1468 3815 τά
1494 3760 1622 3832 βέλη
1648 3761 1752 3830 τῆς
1787 3777 1874 3812 συ·

279 3859 582 3929 κοφαντίας
625 3855 1068 3922 ἀποτοξεύουσιν.
1121 3853 1209 3908 Ἐν
1245 3854 1395 3924 μέσῳ
1422 3852 1480 3906 δὲ
1517 3851 1611 3906 τοῦ
1653 3850 1871 3921 λιμένος
1933 3876 1943 3888 ·

273 3947 411 4004 ὄντα
459 3967 528 4020 με
555 3950 811 4018 ναυάγιον
850 3948 1139 4019 ὑπομεῖναι
1166 3947 1480 4015 ἐποιήσατε.
1524 3945 1663 3998 Ἀλλ’
1705 3946 1754 3996 εί
1777 3945 1871 3997 καὶ

277 4043 380 4113 τῆς
399 4042 608 4106 πόλεως
629 4040 984 4112 ἐκϐάλλομαι,
1014 4039 1110 4094 καὶ
1138 4038 1235 4108 τῆς
1277 4038 1589 4108 Εκκλησίας
1610 4038 1871 4108 ἀπείργο-

284 4152 405 4205 μαι,
463 4134 723 4205 πείθομαι
753 4133 889 4207 πρὸς
942 4134 1122 4186 πᾶσαν
1169 4129 1540 4185 ἀποδύσασθαι
1572 4131 1865 4202 τιμωρίαν.

280 4227 552 4298 Κέκριται
574 4225 684 4296 γάρ
712 4241 802 4295 μοι
827 4223 1159 4293 φιλοσοφεῖν,
1185 4220 1280 4274 καὶ
1307 4221 1492 4293 φέρειν
1512 4221 1778 4289 γενναίως
1798 4220 1871 4275 τά

276 4317 540 4388 δυσχερῆ.
575 4311 708 4371 Οἶδα
733 4314 863 4386 7&9,
892 4310 1009 4368 οίδα
1047 4313 1234 4383 σαφῶς
1261 4312 1358 4384 τὴν
1385 4313 1620 4385 ἐρημίαν
1647 4313 1873 4366 εὐτονω-

281 4407 446 4476 τέραν
476 4401 615 4459 εἶναι
642 4405 742 4474 τῆς
767 4404 998 4467 πόλεως,
1030 4405 1125 4457 καὶ
1144 4402 1215 4456 τά
1243 4403 1412 4476 θηρία
1441 4402 1537 4457 τοῦ
1560 4403 1730 4474 ἀγροῦ
1757 4403 1868 4457 τῶν

279 4498 452 4567 φίλων
485 4495 833 4570 ἡμερώτερα.
868 4496 1140 4566 Ἔρρωσθ.

823 4619 996 4672 ΣΔΔ’.
1051 4617 1329 4685 Βρίσωνι.

359 4741 770 4811 Ἐδδομὴκοντα
815 4738 1001 4808 σχεδὸν
1053 4737 1269 4809 ἡμέρας
1316 4735 1694 4801 ἀναλώσαντες
1727 4735 1869 4790 κατά

279 4835 380 4904 τὴν
410 4833 554 4895 ὁδὸν,
602 4832 725 4885 ὅθεν
782 4829 1096 4898 λογίζεσθαι
1141 4828 1316 4893 ἔξεστι
1347 4831 1414 4900 τῇ
1470 4828 1867 4899 θαυμασιότητί

280 4943 399 4988 σου,
455 4927 556 4977 ὃσα
581 4941 641 4977 τε
687 4923 780 4975 xal
829 4922 995 4993 ἡλίκα
1038 4921 1389 4991 πεπόνθαμεν
1423 4921 1588 4985 κακὰ,
1625 4921 1775 4992 φόϐῳ
1807 4938 1864 4974 τε

289 5014 580 5087 Ἰσαυρικῷ
633 5012 1085 5083 πολιορκούμενοι
1131 5011 1424 5082 πολλαχοῦ,
1471 5014 1566 5066 καὶ
1614 5015 1866 5084 πυρετοῖς

276 5108 575 5177 ἀφορήτοις
620 5105 966 5168 παλαίοντες,
1015 5104 1112 5172 ὀψέ
1164 5121 1294 5156 ποτε
1347 5104 1740 5175 ἀπηντήσαμεν
1786 5106 1866 5168 είς

276 5198 376 5269 τὴν
404 5198 735 5258 Κουκουσὸν,
761 5197 822 5249 τὸ
853 5197 1033 5266 πάσης
1055 5195 1153 5266 τῆς
1179 5196 1504 5266 οἰκουμένης
1525 5196 1863 5267 ἐρημότατον

279 5289 498 5362 χωρίον.
539 5289 649 5340 Kal
684 5287 858 5340 ταῦτα
891 5286 1034 5354 λέγω
1066 5286 1164 5339 οὐκ
1195 5286 1362 5350 ἀξιῶν
1392 5287 1679 5358 ἐνοχλῆσαι
1718 5300 1860 5353 τινα,

267 5379 417 5436 ’ὥστε
445 5381 592 5451 ἡμᾶς
627 5381 963 5450 μεταστῆσαι
1002 5379 1252 5434 ἐντεῦθεν
1292 5379 1373 5449 (τὸ
1406 5384 1514 5450 γὰρ
1546 5380 1863 5450 χαλεπώτα-

274 5489 365 5528 τον
412 5471 766 5543 διηνύσαμεν,
815 5474 912 5538 τῆς
958 5471 1077 5525 ὁδοῦ
1133 5473 1233 5538 τὴν
1276 5473 1698 5546 ταλαιπωρίαν),
1743 5474 1862 5528 ἀλλ’

334 5685 364 5750 β
389 5687 495 5750 puro
519 5697 623 5750 mss
657 5690 713 5750 τῇ
735 5686 979 5750 ἐμμελείᾳ.

332 5747 358 5787 Β
384 5748 581 5796 Coislin.
606 5747 977 5797 πολυπλασίονα.

333 5812 357 5841 ⁸
388 5810 512 5861 nec.
549 5808 882 5860 κινδυνεύσειεν
912 5813 1160 5859 ἅπαντα...
1187 5808 1349 5873 νόμοις
1370 5808 1666 5876 ἀνιχνεύσαις
1685 5813 1760 5857 τά.

1729 387 2120 450 ΕΡΙΒΤΟΙΑΕ.

1974 498 2121 570 ὑμᾶς
2174 495 2338 570 χάριν
2385 494 2525 550 αίτῶ
2547 534 2566 561 ,
2610 494 2674 551 τὸ
2735 496 2976 568 συνεχῶς
3019 496 3156 569 ἡμῖν
3198 495 3558 568 ἐπιστέλλειν,

1975 590 2133 662 μηδέ,
2171 588 2362 662 ἐπειδὴ
2407 588 2745 661 πορρωτέρω
2780 588 3423 662 μετῳκίσθημεν-δμῶν,
3461 592 3563 647 καὶ

1972 682 2178 754 ταύτης
2227 683 2379 753 ἡμᾶς
2421 681 2796 752 ἀποστερῆσαι
2830 681 2933 752 τῆς
2985 681 3363 752 παραμυθίας.
3412 684 3562 738 Ἶστε

1973 771 2084 843 7&9
2113 774 2216 843 ὅση
2242 773 2592 845 παράκλησις
2621 773 2755 844 ἡμῖν
2773 770 3004 840 γίνεται,
3029 773 3079 826 εί
3106 773 3201 827 καὶ
3227 773 3295 827 τὰ
3315 774 3563 847 ἡμέτερα

1974 862 2033 915 ἐν
2067 849 2251 933 θλίψει.
2271 865 2366 917 καὶ
2390 862 2731 935 περιστάσει,
2758 862 2889 916 ἅπαν
2908 862 3196 935 ἀκούωμεν
3215 863 3285 917 τά
3309 864 3439 936 περὶ
3461 865 3563 937 τῆς

1975 950 2167 1020 ὑγείας
2200 952 2356 1022 ὑμῶν
2383 953 2491 1005 τῶν
2521 947 2863 1020 ἀγαπώντων
2901 951 3190 1022 ἡμᾶς,.δτι
3225 953 3283 1006 ἐν
3327 952 3566 1027 εὐθυμία

1973 1047 2071 1100 καὶ
2109 1045 2270 1118 ύγείᾳ
2307 1046 2453 1110 ἐστὶ,
2498 1045 2594 1100 καὶ
2627 1044 2792 1120 ,ἀδείᾳ
2819 1045 3010 1118 πολλῇ.
3041 1045 3138 1100 'Iv’
3177 1042 3271 1102 οὖν
3312 1048 3565 1103 ἐντεῦθεν

1975 1135 2178 1208 πολλῆς
2217 1134 2585 1207 ἀπολαύωμεν
2614 1136 2716 1208 τῆς
2759 1135 3123 1207 εὐφροσύνης,
3170 1139 3352 1212 γράφε
3389 1138 3568 1196 ταῦτα

1975 1229 2215 1301 συνεχῶς
2261 1231 2418 1301 ἡμῖν.
2456 1229 2535 1285 Οὐ
2576 1229 2688 1302 7&9
2714 1228 2792 1295 ὡς
2828 1228 3019 1304 ἔτυχεν
3059 1231 3208 1304 ἡμᾶς
3240 1231 3563 1306 ἀνακτήσῃ,

1972 1319 2109 1374 ἀλλά
2136 1321 2339 1393 πολλῆς
2360 1322 2510 1393 ἡμᾶς
2528 1323 2974 1392 παρασκευάσεις
2999 1323 3307 1379 ἀπολαῦσαι
3326 1326 3426 1397 τῆς
3453 1341 3555 1383 πα-

1975 1411 2278 1495 ραμυθίας·
2308 1413 2406 1468 καὶ
2436 1413 2548 1486 γὰρ
2580 1415 2683 1470 οὐκ
2705 1415 2942 1486 ἀγνοεῖς,
2973 1417 3125 1481 ὅπως
3152 1418 3422 1493 χαίρομεν
3451 1420 3567 1486 τοῖς

1975 1504 2088 1568 σοῖς
2109 1502 2354 1573 ἀγαθοῖς.

2132 1683 2315 1736 ΣΛΕ.
2353 1683 2673 1752 Πορφυριφ
2703 1683 3018 1754 ἐπισκόπφ
3055 1685 3280 1741 Ῥωσοῦ
3297 1684 3348 1740 ἀ.

2045 1787 2179 1846 Οἶδά
2201 1809 2294 1847 σου
2323 1796 2424 1865 τῆς
2445 1795 2668 1867 ἀγάπης
2685 1794 2748 1851 τὺ
2771 1799 3022 1873 στερρὸν,
3056 1798 3119 1854 τὸ
3142 1797 3570 1870 ἀπερίτρεπτον,

1977 1883 2038 1937 τὸ
2064 1884 2304 1951 ἀκλινές,
2332 1887 2427 1940 καὶ
2456 1887 2532 1952 ὡς
2548 1888 2777 1960 οὐδεμία
2802 1891 3146 1962 πραγμάτων
3173 1891 3432 1947 δυσκολία
3453 1893 3571 1948 αὐ-

1971 1977 2072 2048 τὴν
2104 1978 2520 2050 παρασαλεῦσαι
2555 1979 2764 2055 δύναιτ’
2792 1983 2860 2036 ἀν
2881 1998 2896 2014 ·
2939 1981 3099 2037 τοῦτο
3124 1983 3214 2039 διὰ
3244 1986 3354 2039 τῶν
3385 1984 3567 2058 ἐργων

1974 2069 2206 2135 ἔδειξας.
2237 2071 2339 2126 Διά
2381 2069 2540 2125 τοῦτο
2576 2071 2673 2126 καὶ
2715 2075 2904 2143 ἡμεῖς,
2950 2074 3129 2130 καίτοι
3175 2075 3234 2128 ἐν
3281 2074 3570 2152 ἀρρωστία

1974 2161 2342 2229 καθεστῶτες,
2361 2162 2456 2218 καὶ
2482 2163 2564 2228 είς
2588 2163 2651 2216 τὸ
2669 2163 2853 2238 πάσης
2874 2165 2976 2237 τῆς
2991 2165 3115 2221 καθ’
3141 2165 3292 2237 ἡμᾶς
3307 2166 3566 2241 οῑκουμέρ

1975 2265 2076 2329 νης
2123 2253 2467 2324 ἐρημότατον
2496 2254 2698 2327 χωρίον
2744 2255 3156 2327 ἀπενεχθέντες,
3189 2257 3289 2329 τὴν
3323 2259 3567 2316 Κθυκου-

1978 2325 2092 2408 σὺν,
2127 2342 2225 2397 καὶ
2257 2343 2361 2396 ὑπὸ
2388 2325 2630 2415 τῆςντῶν
2668 2325 3148 2417 Ἰσαύρωννέφόδου
3171 2325 3570 2423 πολιορκούμε-

1976 2449 2080 2497 νοι,
2111 2433 2206 2486 καὶ
2230 2435 2290 2488 ἐν
2315 2434 2542 2499 πολλαῖς
2567 2435 2722 2500 ὄντες
2737 2436 3120 2507 περιστάσεσι,
3145 2439 3241 2493 καὶ
3258 2441 3567 2513 γράφομεν,

1975 2526 2071 2579 καὶ
2100 2525 2200 2597 τὴν
2225 2525 2585 2599 ὀφειλομένην
2616 2527 2945 2599 ἀποδίδομεν
2984 2529 3288 2602 πρόσρησιν
3311 2535 3378 2604 τῇ
3410 2533 3572 2588 εὐλα-

1975 2616 2100 2690 ϐείᾳ
2136 2620 2202 2690 τῇ
2252 2621 2352 2690 σῇ,
2392 2617 2492 2690 τῷ
2516 2617 2731 2690 σώματι
2783 2620 2882 2692 μὲν
2915 2622 3284 2694 διεστηκότες,
3319 2628 3387 2697 τῇ
3419 2626 3568 2701 ψυχῇ

1974 2706 2033 2760 δὲ
2065 2707 2463 2779 συνδεδεμένοι,
2497 2709 2594 2764 καὶ
2621 2709 2886 2782 μεγίστην
2919 2711 3169 2767 ἐντεῦθεν
3206 2715 3572 2787 καρπούμεθα

1975 2801 2076 2871 τὴν
2099 2801 2466 2873 παράκλησιν.
2499 2803 2564 2855 El
2590 2803 2701 2874 7&9
2732 2804 2827 2857 καὶ
2853 2804 3023 2876 πολλὴ
3047 2805 3147 2877 τῆς
3177 2806 3426 2862 ἐντεῦθεν
3452 2808 3570 2864 δια-

1975 2891 2171 2959 τριϐῆς
2197 2894 2231 2964 ἡ
2266 2891 2546 2957 δυσκολία,
2596 2893 2716 2948 ἀλλ’
2748 2894 2807 2949 ἐν
2841 2895 3003 2951 τοῦτο
3032 2896 3289 2967 μέγιστον
3321 2899 3572 2955 ἐντεῦθεν

1976 2986 2364 3058 καρπούμεθα,
2394 2985 2456 3041 τὸ
2485 2989 2550 3042 ἐκ
2576 2988 2835 3057 γειτόνων
2860 2991 2990 3061 ὑμῖν
3014 2985 3176 3057 εῖναι,
3210 2991 3303 3046 καὶ
3329 2993 3571 3065 συνεχῶς

1974 3077 2262 3146 δύνασθαι,
2302 3079 2486 3149 ὀλίγου
2518 3078 2615 3135 τοῦ
2657 3081 2828 3152 μέσου
2856 3082 2958 3154 τῆς
2988 3083 3113 3137 δδοῦ
3157 3085 3364 3158 ταύτης
3394 3088 3570 3154 ὄντος,

1976 3172 2074 3225 καὶ
2125 3171 2465 3226 ἐπιστέλλειν
2514 3172 2651 3245 πρὸς
2686 3173 2786 3246 τὴν
2816 3175 3092 3247 ὑμετέραν
3131 3177 3441 3245 εὐλάϐειαν,
3476 3181 3573 3238 καὶ

1975 3258 2229 3330 δέχεσθαι
2253 3263 2386 3333 παρ’
2412 3261 2569 3332 ὑμῶν
2598 3263 2929 3335 γράμματα.
2957 3267 3068 3320 Καὶ
3086 3268 3195 3341 γὰρ
3216 3270 3421 3341 ταύτης
3445 3273 3576 3328 am.

1975 3351 2232 3416 λαύοντες
2253 3353 2355 3423 τῆς
2375 3353 2573 3425 ἐορτῆς
2609 3354 2826 3428 (ἑορτὴν
2847 3356 2955 3428 γὰρ
2990 3358 3102 3426 ἐγὼ
3129 3359 3290 3414 τοῦτο
3326 3361 3572 3434 τίθεμαι,

1976 3445 2071 3497 καὶ
2115 3446 2447 3517 πανήγυριν,
2501 3448 2597 3502 κα)⁸
2634 3448 2840 3522 πολλῆς
2872 3451 3068 3523 ἡδονῆς
3113 3455 3416 3526 ὑπόθεσιν).
3451 3459 3573 3516 οὐδὲ

1977 3538 2185 3609 μικρὰν
2207 3538 2462 3611 αἴσθησιν
2489 3540 2588 3611 τῆς
2611 3541 2873 3613 ἐρημίας,
2896 3543 2992 3598 καὶ
3016 3544 3111 3600 τοῦ
3139 3545 3327 3616 φόϐου,
3354 3549 3449 3602 καὶ
3469 3548 3574 3621 τῆς

1973 3629 2211 3698 ἀγωνίας
2243 3629 2547 3703 ληψόμεθα.

2259 3790 2968 3866 [⁷501ΣΛςόΚαρτεριφ
3013 3798 3279 3870 ἡγεμόνι.

2058 3906 2430 3978 Ἐρημότατον
2483 3909 2584 3980 μὲν
2629 3910 2831 3982 χωρίον
2864 3912 2986 3983 μεθ’
3018 3915 3329 3988 ὑπερϐολῆς
3365 3918 3398 3988 ἡ
3428 3919 3573 3973 Κου⁴

1973 3997 2168 4062 κουσός
2193 4010 2217 4039 ο
2237 4016 2252 4031 ο
2291 3999 2430 4071 πλὴν
2473 4001 2589 4054 ἀλλ’
2617 4004 2716 4074 οὐχ
2747 4003 2922 4069 οὕτως
2954 4007 3102 4078 ἡμᾶς
3126 4009 3193 4081 τῇ
3230 4009 3437 4082 ἐρημίᾳ
3475 4011 3571 4064 λυ-

1974 4093 2086 4155 πεῖ,
2102 4091 2179 4155 ὡς
2198 4092 2478 4163 εὐφραίνει
2499 4097 2565 4167 τῇ
2594 4097 2820 4170 ἡσυχίᾳ,
2851 4099 2944 4152 καὶ
2968 4098 3048 4169 τῷ
3077 4101 3391 4172 μηδαμόθεν
3435 4106 3570 4174 ἡμῖν

1973 4183 2278 4254 πράγματα
2332 4186 2614 4257 παρέχειν.
2649 4187 2742 4241 Διδ
2789 4189 3040 4262 καθάπερ
3086 4193 3168 4255 είς
3208 4191 3405 4264 λιμένα
3445 4196 3572 4252 τινὰ

1972 4273 2071 4346 τὴν
2109 4276 2348 4347 ἐρημίαν
2392 4278 2600 4351 ταύτην
2645 4281 3045 4353 ἀπηντηκότες,
3092 4282 3239 4339 οὓτω
3273 4284 3569 4358 καθήμεθα

1971 4365 2081 4419 ἀπὸ
2109 4366 2218 4421 τῶν
2251 4368 2394 4425 κατά
2423 4369 2523 4441 τήν
2567 4371 2685 4425 ὁδὸν
2712 4374 2899 4427 κακῶν
2937 4375 3321 4443 ἀναπνέοντες,
3355 4380 3446 4432 καὶ
3500 4381 3568 4453 τῇ

1971 4459 2174 4531 ἡσυχίᾳ
2203 4459 2382 4535 ταύτῃ
2411 4465 2512 4533 τῆς
2542 4465 2857 4539 ἀρρωστίας
2891 4466 2985 4520 καὶ
3015 4467 3127 4521 τῶν
3149 4467 3326 4523 ἀλλων
3355 4468 3565 4536 κακῶν,

1970 4543 2046 4602 ὧν
2082 4551 2481 4624 ὑπεμείναμεν,
2512 4555 2581 4609 τὰ
2614 4555 2838 4628 λείψανα
2863 4557 3220 4630 διορθοῦντες.
3255 4560 3365 4614 Καὶ
3392 4561 3570 4615 ταῦτα

1969 4643 2274 4719 εἰρήκαμεν
2309 4646 2447 4720 πρὸς
2472 4648 2573 4720 τὴν
2603 4649 2702 4718 σὴν
2738 4649 3121 4723 λαμπρότητα,
3148 4652 3339 4726 ἐπειδὴ
3361 4653 3568 4726 σφόδρα

1975 4735 2135 4807 ἴσμεν
2163 4739 2423 4810 χαίροντά
2456 4757 2516 4794 σε
2543 4743 2608 4812 τῇ
2640 4742 2822 4797 ἀνέσει
2855 4745 2922 4815 τῇ
2955 4743 3224 4817 ἡμετέρᾳ,
3255 4747 3376 4800 ἐπεὶ
3406 4747 3499 4804 καὶ
3527 4746 3566 4811 ἃ

1970 4829 2162 4895 αύνόθι
2208 4833 2518 4905 πεποίηκας
2563 4835 2821 4889 οὐδέποτε
2860 4836 3212 4892 ἐπιλαθέσθαι
3264 4839 3562 4911 δυνάμεθα,

1970 4924 2096 4986 τοὺς
2133 4927 2426 4994 προπετεῖς
2468 4925 2711 4991 ἐκείνους
2749 4928 2844 4982 καὶ
2870 4929 3188 4998 ἀλογίστους
3215 4932 3564 4987 ἀναστέλλων

1932 5053 1933 5056 η
1972 5013 2255 5085 θορύϐους,
2310 5016 2403 5070 καὶ
2451 5017 2629 5072 πάντα
2673 5019 2865 5088 ποιῶν,
2917 5020 3059 5075 ὥστε
3118 5025 3270 5094 ἡμᾶς
3311 5026 3369 5078 ἐν
3405 5025 3564 5098 ἀδείᾳ

1969 5112 2343 5180 καταστῆσαι,
2380 5109 2473 5164 καὶ
2495 5110 2563 5164 τὰ
2587 5110 2787 5166 σαυτοῦ
2812 5112 3055 5185 πληρῶν.
3087 5115 3199 5169 Kal
3223 5114 3396 5176 ταῦτα
3424 5116 3562 5190 πρὸς

1969 5201 2215 5267 ἅπαντας
2269 5203 2514 5276 ὅπουπερ
2579 5204 2646 5258 ἂν
2703 5207 3031 5278 ἀφικώμεθα
3086 5209 3557 5282 ἀνακηρύττομεν,

1970 5294 2174 5357 πολλάς
2212 5312 2294 5348 σοι
2329 5297 2558 5366 χάριτας
2584 5298 2806 5363 εἰδότες,
2837 5299 3073 5354 δέσποτά
3108 5318 3211 5372 μου
3241 5301 3559 5372 θαυμασιώ-

1965 5404 2114 5450 τατε,
2139 5391 2240 5459 τῆς
2277 5390 2546 5461 τοσαύτης
2581 5391 2927 5463 κηδεμονίας.
2957 5393 3074 5449 Ἵνα
3105 5393 3162 5447 δὲ
3203 5394 3278 5467 μὴ
3303 5395 3462 5466 μόνον
3494 5396 3559 5450 ἐκ

1964 5477 2058 5531 τοῦ
2090 5478 2362 5548 φιλεῖσθαι
2384 5482 2535 5558 παρὰ
2565 5482 2682 5547 σοῦ,
2701 5483 2840 5538 ἀλλά
2869 5485 2960 5539 καὶ
2987 5487 3051 5540 ἐκ
3078 5485 3186 5543 τῶν
3211 5487 3558 5562 γραμμάτων

2025 5753 2049 5793 d
2081 5745 2229 5814 διν-ξι.
2253 5747 2525 5814 ,ῃορφυρίφ-
2542 5750 2809 5810 ἐπισκὸπῳ.
2838 5762 2938 5801 non
2956 5753 3016 5804 ad
3037 5751 3124 5802 lilo
3152 5747 3360 5801 Ῥωσού.

2029 5829 2052 5858 ε
2081 5807 2234 5860 Vatic.
2270 5807 2554 5869 Κοκκουᾱός
2572 5822 2660 5875 pro
2680 5807 2838 5861 more.
