4076 6426
272 421 370 482 '1“

264 535 443 590 solum
469 548 536 589 ex
557 545 646 600 eo,
669 532 814 602 quod
833 547 1078 590 amemur
1096 548 1126 589 a
1155 541 1230 599 te,
1256 531 1352 589 sed
1376 531 1541 588 etiam
1567 530 1712 600 quod
1742 531 1863 587 lite-

263 628 343 683 ris
371 625 479 681 tuis
514 625 785 690 iruamur,
812 640 935 695 quae
965 625 1122 681 nobis
1147 625 1473 682 valetudinis
1513 631 1619 679 tuae
1659 632 1860 682 statum

262 727 562 788 exponant,
586 717 766 773 laetitia
789 715 1113 789 amciamur,
1137 718 1277 776 hanc
1300 717 1459 774 nobis
1477 718 1716 776 concede
1737 733 1862 784 gra-

1707 400 2099 464 EPISTOLIE.

3459 386 3569 448 ne
3656 359 3661 364 ’

1969 531 2122 587 tiam.
2151 528 2270 586 Non
2298 529 2444 586 enim
2474 524 2683 598 vulgari
2709 521 2906 579 solatio
2927 513 3272 590 quantumvis
3301 512 3357 572 in
3387 520 3575 570 extera

1967 624 2188 692 regione
2233 621 2497 694 degentes
2545 613 2950 680 reticiemur,‘si
3002 609 3072 665 ab
3114 605 3440 665 excellentia
3484 612 3575 662 tua

1967 712 2162 770 missas
2189 711 2456 784 ejusmodi
2486 710 2696 768 litteras
2712 701 3104 776 acceperimus.

299 1028 3554 1088 ww

1739 1360 2119 1424 MONITUM.

293 1591 458 1670 lange
495 1595 758 1662 deﬂectit,
790 1605 856 1652 ut
891 1599 1145 1671 quisquis
1163 1598 1543 1670 Chrysostomi
1571 1582 1848 1670 Epistolas
1869 1601 2084 1672 legerit,
2107 1599 2292 1657 statim
2321 1596 2739 1660 animadvertat.
2763 1591 2865 1648 Hic
2901 1590 3259 1649 Constantius
3291 1585 3572 1660 presbytal‘

296 1708 673 1767 Antiochenns
708 1726 774 1766 ex
803 1712 1092 1783 praecipuis
1131 1720 1251 1769 erat
1291 1711 1521 1771 Joannis
1548 1711 1926 1787 Ch’rysostomi
1964 1717 2183 1781 amicis,
2225 1723 2280 1771 et
2322 1729 2354 1771 a
2399 1715 2637 1771 scelesto
2687 1711 2781 1767 illo
2825 1708 3150 1782 Porphyrio,
3194 1707 3290 1779 qui
3329 1705 3576 1778 indignis

296 1823 479 1880 modis
507 1824 903 1881 Antiochenam
937 1826 1122 1882 sedem
1164 1827 1464 1893 invaserat,
1493 1828 1683 1885 multis
1706 1827 1936 1886 aﬂ‘ectus
1974 1828 2261 1892 aerumnis,
2300 1827 2762 1899 Chrysostomnm
2806 1831 2941 1880 tunc
2974 1822 3178 1879 Cucusi
3227 1818 3575 1876 exsulantem

299 1940 528 2008 adierat,
562 1942 791 2013 ejusque
817 1941 974 1997 lateri
1004 1941 1265 2009 haerebat,
1300 1951 1360 1998 ut
1392 1944 1540 2006 circa
1573 1942 1736 1999 ﬁnem
1773 1942 2058 2014 sequentis
2091 1941 2338 2012 epistola:
2362 1941 2570 1997 indicat
2597 1956 2610 1992 :
2645 1937 2761 1992 Nos
2791 1939 2934 1993 enim
2971 1935 3057 1990 hic
3084 1933 3256 1990 multa
3295 1932 3567 2002 voluptate

300 2058 690 2129 perfundimur,
728 2058 854 2113 dum
883 2061 1207 2116 sanctissimi
1235 2064 1464 2133 episcopi
1492 2063 1891 2129 consuetudine,
1931 2077 1996 2117 ac
2031 2061 2138 2116 loci
2184 2061 2343 2131 hujus
2388 2061 2562 2132 quiete
2601 2059 2812 2130 otioque
2845 2073 3055 2112 summa
3081 2054 3428 2111 oblectamur.
3455 2049 3578 2106 Non

302 2175 372 2229 ab
393 2187 455 2228 re
475 2171 733 2242 opinatur
768 2171 1149 2231 Tillemontins
1181 2175 1468 2246 epistolam
1499 2176 1570 2233 ad
1604 2176 1928 2247 episcopum
1963 2176 2372 2233 Antiochenum
2413 2174 2647 2246 (scilicet
2679 2169 3097 2242 Porphyrium),
3137 2182 3263 2241 quae
3295 2176 3382 2224 est
3410 2179 3579 2236 supra

303 2303 458 2343 num.
479 2288 606 2352 235,
633 2304 756 2345 esse
787 2304 894 2346 non
922 2287 1152 2354 Joannis
1180 2290 1586 2364 Chrysostomi,
1610 2291 1776 2363 cujus
1797 2300 1982 2347 tamen
2007 2305 2209 2347 nomen
2242 2303 2355 2361 pra
2391 2302 2454 2344 se
2493 2286 2622 2352 fert,
2689 2284 2786 2342 sed
2821 2283 3069 2356 ejusdem
3109 2276 3421 2337 Constantii
3459 2291 3588 2344 pne-

304 2403 552 2476 sbyteri:
581 2420 710 2462 nam
734 2415 790 2462 et
811 2406 1030 2463 dicendi
1051 2409 1214 2475 ratio,
1234 2409 1450 2466 etiamsi
1482 2425 1592 2466 non
1614 2409 1916 2480 inelegans,
1939 2415 1996 2467 et
2022 2422 2115 2465 res
2141 2407 2273 2488 ipsa
2308 2421 2434 2479 qua:
2470 2405 2752 2472 dicuntur,
2781 2399 3171 2461 Constantium
3193 2397 3585 2470 presbyterum

303 2525 482 2599 magis
509 2524 774 2594 referunt,
813 2542 979 2599 quam
1004 2527 1484 2601 Clirysostomum.

923 2844 3582 2892 ,_________________________.__.__—_————-

427 3259 1066 3347 ccxxxvn.
1150 3259 1851 3346 CONSTANTII
1927 3257 2659 3346 PRESBYTEBI
2738 3262 2893 3345 AD
2972 3219 3521 3347 MATREM.

1831 3448 2101 3504 «αοοῦὶϐδ

379 3598 492 3654 Hoc
528 3596 742 3653 demum
781 3605 865 3653 est
905 3611 1090 3654 veram
1133 3612 1254 3654 esse
1279 3607 1506 3653 matrem
1530 3637 1547 3660 ,
1597 3611 1661 3652 ac
1705 3596 1903 3653 liberos

306 3691 578 3753 adamare,
629 3703 822 3759 nempe
846 3704 969 3744 cum
998 3688 1230 3745 defuerit
1258 3687 1530 3760 quidpiam
1568 3703 1754 3744 eorum
1785 3703 1908 3758 qua

309 3782 612 3836 necessaria
644 3790 790 3846 sunt,
841 3781 1008 3836 illium
1039 3796 1291 3848 monere,
1341 3780 1610 3852 domoque
1652 3781 1905 3851 exigere,

309 3880 469 3942 atque
513 3871 629 3939 ejus
675 3872 973 3929 discessum
1020 3888 1177 3944 aequo
1222 3874 1405 3929 animo
1448 3873 1628 3939 ferre,
1682 3889 1746 3930 ac
1793 3888 1909 3929 ma-

308 3979 468 4036 gnam
500 3966 572 4021 illi
599 3967 669 4022 ob
697 3974 1002 4037 susceptam
1031 3967 1515 4038 peregrinationem
1555 3967 1781 4039 gratiam
1813 3967 1910 4023 ha-

314 4061 462 4117 bere.
504 4059 773 4132 Suhegisti
817 4061 922 4116 vim
962 4061 1320 4132 aliectumque
1361 4070 1590 4125 naturae,
1639 4061 1766 4116 dum
1789 4061 1909 4132 jus-

312 4149 465 4217 sisti,
497 4159 554 4206 ut
579 4152 848 4208 civitatem
874 4151 1184 4218 solitudine,
1228 4153 1568 4209 securitatem
1598 4161 1744 4209 metu
1767 4151 1914 4207 Isau-

313 4233 466 4311 rico,
518 4253 575 4301 et
628 4248 958 4302 consortium
1001 4254 1239 4302 vestrum
1286 4247 1628 4318 separatione
1671 4253 1912 4302 mutare-

313 4356 456 4408 mus,
509 4357 580 4398 ne
627 4343 752 4414 quid
777 4343 912 4400 forte
940 4358 1096 4400 secus
1115 4385 1131 4406 ,
1161 4358 1226 4399 ac
1263 4344 1536 4410 convenit,
1566 4357 1727 4414 agere
1755 4357 1914 4413 coge-

314 4451 519 4492 remur.
567 4435 711 4504 Quas
751 4435 824 4491 oh
853 4450 943 4492 res
965 4450 1211 4506 magnam
1240 4434 1337 4491 tibi
1365 4435 1592 4506 gratiam
1616 4434 1914 4500 habemus,

314 4541 422 4581 non
453 4525 596 4597 quod
627 4527 930 4597 pepereris,
977 4525 1073 4583 sed
1115 4527 1259 4598 quod
1285 4526 1356 4581 ita
1381 4525 1716 4593 educaveris,
1765 4534 1822 4581 et
1863 4525 1918 4582 in

317 4615 423 4672 hoc
452 4632 668 4688 quoque
691 4618 874 4686 talem,
919 4618 1132 4689 qualem
1157 4625 1388 4688 oportet,
1438 4627 1666 4674 matrem
1699 4626 1754 4674 te
1780 4632 1919 4689 prae-

318 4708 520 4764 bucris.
568 4707 843 4780 Siquidem
883 4709 988 4766 illae
1034 4725 1156 4786 qua:
1208 4708 1401 4766 aﬂectu
1451 4708 1800 4782 franguntur,
1866 4717 1923 4765 et

317 4808 605 4870 antequam
655 4799 926 4870 expediat,
986 4800 1218 4857 ﬁliorum
1251 4800 1596 4872 praesentiam
1638 4809 1918 4872 expetunt,

320 4905 427 4946 non
462 4890 576 4963 jam
605 4902 843 4958 matres,
892 4890 988 4948 sed
1028 4890 1261 4948 ﬁliorum
1307 4891 1588 4963 parricida
1645 4900 1773 4947 sunt
1822 4906 1924 4962 ap-

320 4982 606 5054 pellandae.
639 4982 746 5040 Sed
775 4984 1226 5055 quemadmodum
1257 4985 1413 5042 fortis
1441 4986 1495 5041 in
1522 4985 1627 5041 hoc
1652 4985 1820 5051 fuisti,
1860 5000 1926 5042 ac

324 5075 468 5128 ferro
494 5073 723 5140 ﬁrmior,
769 5075 972 5146 tibique
1016 5076 1322 5133 mercedem
1367 5091 1397 5131 a
1439 5077 1673 5147 benigno
1700 5077 1814 5132 Deo
1832 5091 1927 5132 co-

323 5162 530 5232 piosam
575 5164 936 5233 promeruisti,
964 5167 1044 5222 sic
1087 5175 1139 5223 te
1178 5182 1397 5222 oramus
1439 5177 1495 5223 et
1541 5167 1925 5236 obsecramus,

325 5268 386 5313 ut
425 5259 480 5314 in
524 5260 736 5317 caeteris
763 5261 1013 5318 omnibus
1037 5262 1282 5318 eamdem
1310 5261 1703 5333 philosophiam
1724 5270 1779 5316 et
1806 5276 1930 5318 con-

325 5351 578 5406 stantiam
607 5366 721 5422 prte
746 5362 800 5408 te
829 5352 991 5422 feras,
1017 5365 1071 5411 et
1091 5355 1356 5427 intelligas
1380 5369 1541 5410 unam
1567 5354 1927 5410 calamitatem

326 5457 469 5510 esse,
501 5451 780 5513 peccatum
821 5447 1019 5513 solum,
1045 5449 1250 5520 reliqua
1279 5463 1410 5504 vero
1432 5455 1627 5503 cuncta
1660 5446 1891 5502 fabulam
1909 5486 1926 5510 .

330 5534 981 5608 principatusmraconia,
1000 5539 1236 5596 honores
1264 5541 1333 5596 ab
1360 5539 1665 5596 hominibus
1685 5538 1924 5595 delatos:

332 5622 471 5680 banc
515 5635 692 5681 autem
726 5642 820 5698 per
843 5630 1053 5687 medias
1077 5631 1453 5689 tribulationes
1493 5645 1615 5687 esse
1639 5630 1782 5686 viam
1811 5646 1933 5702 qua:

331 5711 480 5768 ducit
500 5714 567 5770 ad
597 5717 809 5774 caelum.
859 5719 965 5776 Per
987 5723 1174 5778 multas
1193 5724 1336 5779 enim
1366 5723 1714 5779 tribulatione:
1738 5731 1935 5795 oportet

338 5818 430 5860 nos
451 5805 645 5865 introre
669 5809 724 5865 in
748 5826 961 5883 regnum
1003 5812 1102 5870 Dei
1113 5815 1267 5887 (Act.
1294 5815 1381 5873 Η.
1413 5814 1531 5888 21).
1563 5815 1630 5874 Et
1659 5829 1789 5873 vero
1809 5827 1934 5872 san-

2013 3544 2086 3600 cti
2128 3557 2342 3608 omnes,
2392 3549 2450 3597 et
2491 3540 2582 3612 qui
2623 3539 2678 3594 in
2729 3537 2932 3602 Veteri,
2982 3543 3039 3590 et
3063 3535 3152 3606 qui
3179 3534 3234 3590 in
3258 3533 3413 3588 Novo
3437 3531 3623 3588 Testa-

2019 3645 2205 3693 mento
2252 3632 2668 3697 memorantur,
2721 3629 2860 3683 hanc
2914 3634 3205 3682 tenuerunt
3259 3625 3441 3689 viam,
3500 3623 3626 3679 dum

2017 3729 2240 3785 insidias
2269 3727 2417 3799 passi
2457 3733 2605 3797 sunt,
2647 3733 2912 3794 perpetuo
2955 3718 3156 3781 vexati,
3211 3718 3265 3773 in
3293 3716 3469 3787 fugam
3501 3715 3628 3783 acti,

2019 3823 2074 3878 in
2105 3821 2352 3877 exsilium
2395 3816 2556 3888 pulsi,
2593 3815 2724 3870 urbe
2767 3813 3036 3881 domoque
3073 3808 3272 3872 exacti,
3305 3816 3629 3878 praematura

2017 3922 2195 3970 morte
2221 3911 2440 3976 sublati,
2463 3918 2624 3978 atque
2654 3906 2850 3963 abillis
2874 3921 2903 3959 a
2924 3904 3120 3975 quibus
3140 3903 3361 3958 minime
3389 3901 3630 3960 omnium

2017 4005 2323 4078 oportebat.
2353 4001 2494 4072 Quid
2534 4001 2700 4064 enim,
2746 4011 2952 4068 quaso,
2981 3995 3302 4062 luctuosius,
3350 4003 3444 4050 aut
3503 3993 3632 4065 quid

2021 4099 2267 4155 acerbius
2315 4111 2476 4168 quam
2528 4109 2558 4148 a
2606 4093 2828 4149 dextera
2859 4090 3093 4146 fraterna
3124 4087 3372 4152 mactari,
3423 4098 3475 4142 et
3511 4096 3632 4156 post

2021 4204 2252 4246 coronas
2313 4197 2627 4256 tantamque
2696 4179 3222 4238 commendationem
3277 4193 3342 4233 ac
3415 4175 3630 4234 laudem

2025 4293 2351 4355 praematura
2400 4296 2463 4336 ac
2516 4278 2751 4334 violenta
2798 4283 2975 4331 morte
3016 4274 3181 4330 vitam
3228 4272 3428 4328 ﬁnire?
3503 4270 3634 4343 quid

2021 4393 2155 4433 vero
2203 4376 2471 4438 acerbius,
2522 4385 2730 4442 quaeso,
2786 4383 2948 4440 quam
2987 4367 3205 4423 unicum
3255 4365 3425 4420 lilium
3476 4371 3535 4420 et
3578 4362 3635 4422 in

2025 4479 2268 4526 extrema
2317 4475 2594 4522 senectute
2640 4463 2824 4517 datum
2888 4475 2918 4513 a
2971 4469 3196 4530 paterna
3239 4471 3402 4513 manu
3444 4454 3637 4526 jubere

2028 4559 2291 4625 mactari,
2347 4568 2403 4613 et
2475 4564 2680 4626 patrem
2750 4553 2925 4623 ipsum
2979 4548 3244 4619 ejusmodi
3296 4546 3461 4603 caedis
3518 4545 3638 4604 ilerl

2028 4650 2454 4709 administrum?
2486 4648 2603 4703 Noli
2657 4645 2800 4701 enim
2847 4643 2952 4698 hoc
3007 4640 3138 4697 mihi
3190 4639 3396 4708 dicere,
3427 4637 3636 4695 salvum

2029 4748 2180 4805 illum
2230 4755 2284 4800 et
2342 4743 2668 4799 incolumem
2713 4747 2902 4810 postea
2951 4744 3224 4804 receptum
3266 4732 3452 4789 fuisse.
3504 4731 3640 4786 Nam

2030 4856 2154 4898 cum
2203 4837 2338 4894 nihil
2377 4837 2571 4891 horum
2624 4832 2789 4888 sciret
2829 4830 3006 4900 justus
3059 4828 3186 4894 ille,
3255 4826 3352 4881 sed
3415 4824 3642 4881 omnino

2032 4948 2093 4988 se
2146 4931 2292 4986 illum
2333 4927 2720 4998 jugulaturum,
2766 4922 2846 4977 sic
2875 4921 3022 4976 illum
3051 4919 3106 4973 in
3136 4928 3375 4973 montem
3397 4916 3644 4984 deduxit,

2032 5024 2206 5079 altare
2256 5019 2574 5084 construxit,
2605 5018 2748 5087 ligna
2778 5013 3058 5084 imposuit,
3091 5010 3328 5084 gladium
3373 5010 3602 5081 arripuit
3629 5051 3646 5077 ,

2036 5126 2093 5173 et
2136 5114 2380 5185 jugulum
2432 5126 2564 5167 ense
2613 5106 2920 5177 transegit;
2979 5119 3104 5159 nam
3145 5111 3203 5158 et
3243 5103 3504 5171 transegit
3601 5103 3647 5158 si

2033 5209 2272 5264 animum
2314 5206 2432 5272 ejus
2459 5219 2523 5260 ac
2553 5204 2886 5259 voluntatem
2928 5206 3142 5268 spectes
3169 5213 3186 5251 :
3229 5211 3390 5267 quam
3417 5195 3489 5251 ob
3513 5210 3646 5252 cau-

2034 5318 2150 5358 sam
2181 5311 2236 5357 et
2263 5299 2438 5355 ubivis
2479 5298 2717 5369 gentium
2775 5294 2830 5349 in
2867 5300 2980 5347 toto
3011 5299 3278 5346 terrarum
3325 5289 3462 5345 orbe
3504 5288 3645 5344 cele-

2035 5397 2244 5453 bratur.
2294 5392 2451 5460 Quod
2490 5391 2536 5446 si
2577 5389 2731 5444 istius
2793 5393 3046 5457 nepotem
3095 5396 3540 5446 commemorcm,
3594 5389 3645 5439 et

2036 5491 2210 5561 ipsum
2257 5485 2464 5541 videbis
2506 5483 2744 5538 fraterna
2795 5486 3048 5533 vexatum
3102 5473 3301 5539 invidia
3348 5486 3539 5527 rursus
3590 5471 3646 5530 in

2037 5581 2283 5640 exsilium
2333 5578 2653 5648 relegatum,
2681 5581 2978 5636 extorrem,
3025 5582 3090 5624 ac
3132 5566 3349 5622 civitate
3381 5565 3598 5636 pulsum
3623 5604 3642 5632 ,

2039 5687 2278 5736 servum,
2320 5671 2376 5726 in
2427 5678 2615 5724 extera
2662 5664 2885 5737 regione
2927 5658 3184 5717 mercede
3229 5672 3448 5727 Operam
3492 5671 3645 5712 suam

2040 5765 2333 5830 iocantem,
2383 5775 2448 5817 ac
2491 5759 2683 5830 capitis
2737 5755 2822 5813 sui
2877 5753 3175 5825 periculum
3205 5749 3646 5807 rct‘ormidantem

2041 5857 2216 5928 (Gen.
2259 5856 2350 5915 29.
2403 5852 2528 5925 is).
2578 5849 2732 5922 Quod
2795 5848 2841 5905 si
2879 5845 3214 5917 Josephum,
3263 5857 3355 5914 qut
3400 5839 3646 5898 venditus
