4076 6432
550 381 656 443 ’1η

549 496 666 563 fuit;
702 502 864 573 ettot
904 493 1062 549 annis
1120 508 1307 553 servus
1360 505 1522 571 atque
1569 495 1626 551 in
1679 493 1908 550 vinculis
1959 493 2114 559 fuit;

549 589 691 659 quod
729 579 777 642 si
816 585 1016 641 Insem
1035 627 1050 650 ,
1078 583 1168 654 qui
1198 589 1327 637 tota
1349 580 1548 636 ludatis
1572 592 1757 650 passus
1807 585 1891 632 est
1940 576 2110 640 mala:

550 694 674 734 nam
736 676 1099 748 apostolorum
1165 673 1476 729 afﬂictiones
1539 668 1779 726 oratione
1835 666 2116 736 complecti

549 782 708 824 nemo
752 772 930 831 potest
970 780 988 820 :
1034 763 1151 820 hac
1201 776 1329 832 ergo
1379 760 1634 830 colligens
1657 799 1676 825 ,
1753 765 1808 814 et
1864 756 2002 827 apud
2063 764 2115 809 te

549 855 881 928 perpendens
938 864 1133 924 quanta
1194 851 1265 906 sit
1329 865 1535 907 merces
1593 850 1885 920 patientia.
1953 847 2117 903 sacri-

550 946 728 1004 ficium
754 945 887 1001 oil'er
924 945 1054 1010 Deo,
1081 957 1338 1014 generose
1384 941 1604 998 ferendo
1644 954 1986 1011 quaecumque
2027 952 2117 993 ac-

548 1038 754 1103 cidunt;
805 1046 860 1093 et
900 1037 955 1091 in
994 1035 1238 1090 omnibus
1284 1031 1432 1088 illum
1477 1031 1730 1104 glorifica.
1775 1030 1978 1085 Etenim
2014 1027 2115 1083 Job

550 1140 772 1200 propter
795 1126 1053 1198 ejusmodi
1078 1124 1233 1180 verba
1259 1139 1509 1179 coronam
1537 1121 1785 1176 obtinuit.
1826 1118 1959 1174 Tum
1984 1133 2113 1172 vero

551 1228 804 1290 exspecta
831 1216 1174 1272 mutationem
1205 1215 1258 1271 in
1285 1214 1493 1280 melius,
1525 1227 1697 1282 neque
1718 1212 1922 1282 precari
1947 1210 2114 1292 Deum

550 1309 709 1381 hujus
736 1310 814 1364 rei
838 1307 1004 1376 gratia
1029 1306 1233 1370 desine,
1276 1315 1435 1374 atque
1462 1302 1530 1357 ad
1554 1316 1653 1358 nos
1677 1301 1910 1356 scribere
1934 1296 2111 1364 stude,

553 1413 651 1457 nos
702 1397 900 1468 aliquid
942 1397 1113 1452 literis
1156 1395 1351 1450 nostris
1390 1391 1701 1463 profecisse,
1742 1397 1800 1446 ut
1837 1389 1997 1445 animi
2039 1389 2116 1444 tui

552 1488 983 1559 tranquillitatem
1008 1485 1329 1550 foveremus,
1345 1483 1446 1540 nisi
1461 1481 1600 1539 forte
1625 1480 1860 1536 laetitiam
1877 1489 2114 1534 nostram

554 1579 771 1636 turbare
806 1577 980 1632 malis.
1018 1575 1126 1631 Nos
1162 1575 1305 1629 enim
1335 1574 1422 1630 hic
1460 1573 1622 1627 multa
1674 1571 1944 1639 voluptate
1990 1582 2114 1638 per-

553 1670 840 1733 fnndimur,
870 1669 996 1724 dum
1021 1667 1337 1723 sanctissimi
1367 1663 1598 1735 episcopi
1622 1661 2021 1727 consuetudine,
2051 1675 2114 1716 ac

551 1758 656 1816 ioci
684 1758 838 1829 hujus
873 1757 1072 1828 quiete,
1116 1757 1330 1825 otioque
1357 1766 1564 1809 summo
1606 1751 1951 1807 oblectamur.
1982 1749 2114 1805 Nam

548 1847 918 1905 etlsaurorum
954 1856 1126 1902 metus
1161 1846 1479 1916 conquievit,
1518 1843 1644 1898 dum
1669 1850 1890 1913 cogente
1918 1841 2112 1909 hieme,

551 1956 647 1998 sua
691 1941 906 2011 regione
948 1954 1009 1995 se
1057 1940 1350 1995 continent.
1376 1938 1454 1993 Ne
1491 1938 1651 2007 igitur
1688 1945 1926 1992 nostram
1977 1935 2115 1991 hanc

546 2030 783 2087 laetitiam
823 2030 1124 2086 conturbes.
1165 2028 1314 2097 Quod
1358 2029 1402 2085 si
1430 2029 1496 2083 ad
1525 2043 1623 2083 nos
1651 2029 1818 2084 litera:
1850 2026 2115 2097 perferan-

547 2131 654 2188 tur,
685 2137 803 2193 qua:
827 2122 982 2176 nobis
1009 2120 1324 2192 significent,
1369 2129 1421 2176 te
1449 2128 1604 2191 prout
1645 2128 1699 2176 te
1743 2120 1918 2184 decet,
1946 2120 2110 2175 subli-

545 2213 722 2282 mique
743 2221 846 2267 ture
876 2214 1039 2268 menti
1063 2213 1329 2278 convenit,
1357 2226 1418 2268 ea
1445 2226 1561 2287 quae
1587 2211 1924 2282 contigerint,
1946 2209 2108 2280 ferre,

543 2301 644 2358 hac
669 2302 948 2357 occasione
977 2301 1154 2356 latitia
1183 2308 1363 2356 nostra
1391 2315 1496 2356 non
1528 2301 1782 2366 mediocri
1806 2301 2112 2357 accessione

545 2394 915 2450 cumulabitur.
961 2393 1246 2448 Enimvero
1289 2391 1512 2447 miriﬁce
1556 2407 1654 2446 nos
1701 2392 1962 2447 recreavit
2000 2391 2112 2446 fru-

542 2493 725 2541 ctuosa
764 2499 884 2540 cum
910 2485 1245 2539 sanctissimo
1269 2483 1516 2553 episcopo
1543 2481 1889 2548 consuetudo,
1933 2483 2011 2537 sic
2053 2492 2109 2537 ut

541 2589 637 2631 nos
664 2573 1040 2646 propemodum
1081 2574 1133 2627 in
1171 2573 1304 2627 alios
1331 2574 1474 2627 viros
1506 2573 1809 2638 mutaverit,
1853 2586 1953 2628 nec
1998 2572 2107 2627 ullo

537 2663 837 2734 permiserit
886 2663 1177 2732 peregrinae
1216 2662 1448 2731 regionis
1493 2676 1655 2717 sensu
1710 2661 1850 2716 afﬁci
1899 2679 1912 2716 :
1961 2671 2105 2717 tanla

539 2753 796 2810 honorum
838 2752 1169 2822 iucunditate
1213 2753 1589 2817 redundamus,
1634 2761 1714 2809 tot
1748 2753 2106 2824 spiritualibus

535 2843 724 2913 opibus
749 2841 1183 2908 circumﬂuimus,
1225 2852 1280 2897 et
1306 2857 1421 2897 eam
1451 2842 1522 2898 ob
1544 2857 1756 2898 causam
1783 2843 1949 2898 Deum
1973 2858 2104 2899 cou-

536 2935 684 2990 tinue
705 2933 1001 3005 glorificare
1024 2948 1128 2988 non
1157 2948 1446 2990 cessamus.

709 3047 950 3104 CCXXX
960 3046 1122 3104 VIII.
1155 3048 1395 3120 Eiusdem
1423 3049 1493 3103 ad
1516 3064 1737 3104 sororem
1760 3065 1923 3105 suam.

601 3159 710 3216 Nos
746 3160 958 3231 quidem
996 3159 1217 3216 caritate
1257 3159 1528 3230 conjungit
1576 3174 1700 3215 cum
1744 3170 1947 3215 natura
1994 3159 2099 3230 lex,

534 3264 644 3309 tum
673 3253 813 3324 quod
840 3253 1028 3310 eodem
1056 3261 1207 3323 partu
1230 3253 1358 3307 editi
1388 3251 1642 3308 fuerimus
1690 3269 1707 3307 :
1758 3259 1813 3306 at
1852 3264 1953 3308 nos
1991 3268 2098 3308 non

530 3359 650 3401 eam
679 3353 880 3400 tantum
905 3345 974 3401 ob
997 3359 1230 3411 causam,
1261 3343 1354 3400 sed
1382 3345 1451 3399 ob
1475 3345 1652 3410 aliam,
1700 3352 1756 3401 et
1785 3344 2097 3415 qummaxi-

529 3450 619 3493 Ile
661 3437 831 3492 locum
877 3434 1072 3492 habere
1099 3433 1278 3502 debet,
1333 3443 1386 3490 te
1419 3449 1730 3490 reveremur
1751 3444 1807 3491 et
1831 3451 2095 3502 amamus,

533 3524 675 3597 quod
717 3525 964 3579 nimirum
1011 3538 1097 3580 res
1142 3523 1301 3593 hujus
1339 3523 1519 3579 saeculi
1551 3538 1644 3594 pro
1672 3524 1837 3579 nihilo
1877 3523 2111 3593 habeas,

525 3613 670 3686 quod
700 3613 897 3669 fumum
940 3615 1201 3685 abegeris,
1254 3613 1521 3684 pulverem
1546 3616 1894 3685 Oppresseris,
1926 3615 2096 3671 lutum

527 3706 872 3772 conculcaris,
911 3705 1162 3776 levesque
1199 3705 1292 3761 tibi
1319 3706 1432 3759 alas
1455 3704 1523 3759 ad
1550 3706 1903 3762 emetiendam
1928 3707 2094 3774 viam,

527 3813 644 3868 qua
669 3796 837 3853 tendit
862 3796 927 3851 ad
950 3797 1156 3863 cailum,
1185 3797 1576 3867 comparaveris
1601 3815 1615 3851 :
1643 3806 1697 3853 et
1724 3812 1896 3868 neque
1919 3799 2095 3853 mariti

524 3901 673 3955 cura,
719 3903 889 3958 neque
915 3888 1201 3943 liberorum
1230 3888 1626 3946 educandorum
1652 3889 1975 3954 sollicitudo,
2005 3905 2096 3946 ne-

523 3993 627 4048 que
653 3977 842 4034 domus
870 3979 1273 4046 administratio,
1298 3994 1470 4048 neque
1500 3979 1775 4046 tumultus,
1806 3995 1963 4050 quem
1995 3980 2096 4035 ista

525 4070 754 4138 pariunt,
795 4083 1008 4124 cursum
1055 4079 1198 4123 tuum
1248 4071 1635 4140 interrumpere
1682 4079 1775 4124 aut
1825 4071 2095 4127 retardare

526 4167 830 4230 potuerunt,
856 4158 950 4213 sed
969 4159 1052 4214 his
1068 4159 1196 4228 ipsis
1215 4160 1403 4229 quibus
1429 4160 1670 4229 impediri
1694 4175 1848 4229 posse
1876 4161 2093 4216 videba-

521 4251 618 4318 ris,
659 4249 724 4304 ad
754 4249 1006 4320 majorem
1036 4265 1128 4304 usa
1168 4265 1228 4306 es
1255 4251 1462 4306 volatus
1487 4252 1812 4307 celeritatem
1855 4271 1870 4307 :
1917 4263 1971 4308 et
2000 4269 2093 4310 ne-

521 4358 626 4412 que
668 4343 754 4397 illa
805 4357 924 4413 qua
969 4343 1111 4398 viros
1149 4357 1439 4414 generosos
1498 4344 1741 4422 humiliat
1782 4345 2090 4415 (siquidem

521 4431 826 4502 Paupertas,
868 4433 1038 4503 inquit
1080 4433 1372 4504 Scriptura,
1408 4433 1571 4487 uirum
1595 4434 1828 4488 humilia:
1857 4436 1876 4505 )
1908 4433 2088 4507 (Prov.

521 4524 607 4580 ιο.
635 4525 712 4592 4),
753 4522 982 4594 dejicere
1011 4533 1064 4579 te
1092 4527 1281 4594 potuit,
1308 4524 1404 4580 sed
1431 4533 1486 4580 et
1512 4525 1872 4581 sublimiorem
1893 4525 2086 4581 effecit.

520 4613 597 4669 Ea
626 4629 853 4684 namque
885 4615 1096 4670 virtutis
1115 4625 1199 4670 est
1227 4616 1328 4680 vis,
1361 4625 1419 4670 ut
1442 4631 1545 4670 non
1576 4617 1645 4672 ab
1670 4617 1735 4672 iis
1758 4632 1875 4687 qua:
1899 4618 2088 4672 similia

515 4714 642 4760 sunt
687 4719 1001 4762 aranearum
1049 4704 1167 4761 telis
1219 4706 1604 4776 prtepediatur,
1655 4707 1750 4763 sed
1795 4723 1880 4768 ea
1919 4709 2088 4764 multo

515 4795 738 4861 facilius,
777 4810 934 4864 quam
975 4795 1118 4866 ipsas
1140 4810 1450 4851 aranearum
1476 4796 1605 4853 telas
1632 4797 1916 4868 dissipans,
1943 4800 2087 4854 mul-
2133 4838 2140 4845 -

514 4895 625 4941 tum
659 4885 783 4942 inde
828 4886 1032 4942 lucrum
1060 4886 1328 4959 decerpat.
1360 4889 1483 4944 Haec
1509 4904 1614 4944 non
1650 4890 1765 4945 sine
1797 4904 1955 4945 causa
1982 4899 2086 4946 tua:

511 4975 820 5046 scripsimm
870 4978 1247 5045 venerationi,
1287 4978 1380 5034 sed
1426 4981 1675 5051 quoniam
1728 4996 1850 5036 cum
1902 4991 2084 5042 nostro

511 5065 770 5129 discessu,
804 5076 914 5122 tum
947 5069 1172 5124 tumultu
1195 5069 1315 5126 istic
1339 5079 1527 5127 exorto
1556 5071 1840 5128 admodum
1871 5085 2084 5130 contur-

513 5159 624 5214 bari
654 5169 706 5214 te
733 5159 1062 5229 conjicimus,
1107 5173 1162 5216 et
1202 5163 1411 5217 anxiam
1455 5178 1596 5229 esse,
1628 5174 1921 5234 .propterea
1950 5167 2082 5222 scri-

511 5247 740 5302 bendum
782 5248 849 5303 ad
893 5249 1140 5319 pietatem
1194 5259 1337 5306 tuam
1388 5251 1675 5322 duximus,
1742 5264 1798 5310 et
1843 5257 2080 5327 cogitans

511 5339 649 5393 viam
705 5339 986 5410 quamdam
1045 5354 1165 5397 esse
1211 5357 1299 5398 res
1343 5341 1630 5412 humanas,
1694 5354 1750 5400 et
1804 5357 2078 5417 angustam

509 5431 723 5500 quidem
747 5447 866 5488 eam
893 5447 1010 5501 quae
1037 5432 1244 5489 virtutis
1270 5441 1381 5501 est,
1429 5435 1715 5505 spatiosam
1752 5446 1927 5492 autem
1959 5452 2079 5508 qua

509 5521 640 5587 vitii,
667 5537 840 5592 neque
868 5523 1004 5586 illos,
1031 5523 1221 5592 quibus
1246 5539 1366 5580 cum
1390 5527 1619 5594 peccatis
1643 5523 1870 5581 feliciter
1889 5537 2076 5582 cuncta

506 5612 812 5681 succedunt,
843 5614 1124 5680 aemuleris,
1170 5614 1267 5670 sed
1304 5616 1479 5686 p0tius
1521 5615 1768 5688 deplores
1795 5617 2071 5688 (quando-

567 5725 640 5796 (ρ)
671 5732 782 5796 Quae
816 5726 1004 5796 uncinis
1036 5724 1378 5796 claudunturin
1402 5725 1542 5780 Edito
1562 5727 1801 5791 deerant;
1839 5742 1903 5781 ex
1925 5731 2074 5793 Regio

505 5785 674 5835 Codice
695 5785 946 5849 desumpta
964 5794 1092 5837 sunt.

1279 361 1338 437 s.
1357 374 1636 448 JOkNNlS
1672 371 2139 432 cnnvsosrom
2157 371 2474 469 ancntnr.
2503 371 3032 430 consumma

3699 376 3812 434 7M

2217 486 2429 556 quidem
2476 486 2790 557 supplicium
2833 486 2938 542 illis
2987 487 3315 558 prosperitas
3348 487 3465 546 haec
3506 488 3800 560 accersit),

2219 588 2390 646 neque
2415 575 2505 647 qui
2529 577 2665 631 viam
2690 585 2967 648 angustam
2995 584 3285 646 sectantur,
3316 580 3542 636 miseros
3565 579 3805 637 arbitre-

2220 668 2317 734 ris,
2358 667 2454 723 sed
2479 668 2665 724 beatos
2703 670 2878 740 potius
2904 668 3181 739 praedices,
3208 669 3258 726 si
3293 685 3412 726 cum
3441 672 3636 728 virtute
3661 675 3804 729 viam

2220 768 2495 830 peragant.
2555 759 2688 815 Nam
2732 769 2785 815 et
2832 760 2945 815 istis
2977 759 3232 829 majorem
3259 763 3592 818 occasionem
3620 760 3803 823 affert,

2221 859 2279 906 et
2303 851 2688 907 incrementum
2719 851 2978 908 honorum
3007 859 3064 907 et
3111 866 3452 922 coronarum,
3497 855 3650 911 istius
3681 854 3808 911 vita:

2221 941 2456 1008 afﬂictio,
2503 942 2549 997 si
2594 957 2716 998 cum
2758 943 2970 998 virtutis
2996 942 3193 1000 auxilio
3217 944 3470 1000 toleretur
3495 960 3511 999 :
3537 945 3803 1016 siquidem

2219 1043 2272 1088 et
2315 1033 2464 1089 dives
2502 1034 2590 1089 ille
2630 1048 2737 1089 non
2782 1035 2982 1091 idcirco
3022 1044 3223 1090 tantum
3270 1037 3627 1104 cruciabatur,
3657 1038 3802 1108 quod

2218 1122 2448 1179 crudelis
2489 1131 2543 1179 et
2572 1122 2895 1180 inhumanus
2936 1133 3099 1190 esset,
3128 1124 3225 1181 sed
3246 1126 3389 1196 quod
3417 1127 3658 1196 pluribus
3684 1128 3804 1198 opi-

2217 1213 2316 1269 bus
2344 1214 2657 1282 abundaret,
2685 1224 2740 1271 et
2765 1216 2983 1287 opipara
3013 1230 3195 1272 mensa
3225 1214 3533 1280 frueretur;
3567 1216 3802 1273 Laurus

2218 1321 2347 1363 vero
2376 1316 2656 1378 propterea
2679 1321 2877 1362 corona
2903 1306 3222 1373 donabatur,
3269 1306 3415 1378 quod
3459 1307 3630 1363 multa
3670 1323 3796 1364 cum

2217 1397 2469 1468 patientia
2509 1413 2725 1469 gravem
2765 1398 3005 1455 ulcerum
3043 1399 3335 1454 cruciatum
3354 1393 3548 1466 ferret,
3593 1409 3804 1471 egesta-

2218 1500 2322 1547 tem
2343 1531 2358 1557 ,
2413 1488 2752 1546 solitudinem
2780 1505 2964 1545 eorum
2989 1490 3077 1560 qui
3103 1490 3470 1557 subvenirent,
3519 1491 3664 1562 quod
3706 1490 3806 1546 ah-

2212 1579 2388 1658 jectus
2413 1589 2576 1648 esset,
2592 1579 2733 1651 quod
2751 1590 3201 1650 contemneretur,
3225 1581 3368 1652 quod
3391 1597 3585 1637 canum
3606 1582 3802 1654 linguis

2218 1671 2272 1727 in
2310 1672 2540 1742 pradam
2559 1675 2762 1744 jaceret
2790 1673 3082 1743 expositus.
3130 1673 3258 1729 Haec
3294 1675 3437 1730 enim
3464 1675 3646 1729 omnia
3677 1673 3802 1730 licet

2215 1773 2499 1834 antequam
2542 1773 2750 1819 nostras
2793 1765 2977 1821 literas
3024 1765 3314 1834 acciperes,
3353 1779 3460 1820 non
3501 1762 3796 1836 ignorares,

2217 1850 2519 1908 faciendum
2549 1853 2705 1908 nobis
2733 1863 2909 1908 tamen
2935 1853 3376 1920 existimavimus,
3422 1861 3485 1908 ut
3512 1853 3564 1908 in
3590 1869 3799 1910 memo-

2215 1943 2348 1998 riam
2376 1958 2438 1999 ea
2466 1943 2560 1998 tibi
2585 1944 2866 1999 scribendo
2899 1958 3295 2010 revocaremus,
3322 1959 3392 2001 ne
3414 1943 3554 2000 forte
3582 1944 3800 2004 tristitia

2217 2033 2414 2088 turbari
2441 2042 2492 2088 te
2516 2035 2737 2090 sineres.
2780 2034 3030 2102 Quamvis
3056 2035 3200 2090 enim
3225 2033 3395 2090 literis
3425 2035 3589 2089 nolim
3616 2036 3800 2090 omnia

2215 2126 2549 2200 consignare,
2588 2126 2754 2195 probe
2788 2136 2964 2181 tamen
2991 2125 3112 2181 novi
3138 2125 3331 2196 quibus
3356 2126 3508 2180 malis
3546 2125 3792 2181 obsidea-

2215 2215 2344 2270 mini
2368 2232 2400 2282 ;,
2447 2231 2606 2286 quam
2663 2216 2732 2270 ob
2790 2230 3004 2271 causam
3046 2223 3102 2271 et
3149 2215 3432 2285 epistolam
3478 2215 3675 2282 adjeci.
3727 2213 3798 2271 Ut

2214 2307 2394 2378 igitur,
2436 2308 2595 2362 etiam
2621 2305 2745 2361 dum
2777 2321 3000 2376 peregre
3024 2306 3272 2372 vivimus,
3317 2305 3485 2360 multa
3527 2305 3798 2376 voluptate

2213 2396 2606 2467 perfundamur,
2656 2396 2726 2452 ad
2773 2410 2873 2451 nos
2902 2396 3083 2452 literas
3108 2397 3280 2464 mitte,
3311 2397 3502 2466 quibus
3525 2397 3798 2467 significes

2214 2494 2415 2541 tantum
2459 2485 2598 2556 apud
2645 2494 2696 2540 te
2740 2494 2981 2541 nostram
3029 2485 3168 2541 hanc
3210 2486 3439 2541 valuisse
3466 2485 3798 2541 cohortatio-

2211 2592 2364 2642 nem,
2409 2584 2662 2647 quantum
2723 2576 2987 2630 voluimus
3039 2583 3096 2631 et
3141 2575 3460 2646 optavimus.
3517 2574 3608 2632 Sic
3652 2576 3796 2630 enim

2208 2666 2318 2734 fiet,
2361 2678 2418 2723 ut
2460 2667 2583 2722 licet
2630 2667 2786 2739 longe
2817 2666 3043 2738 sejuncti
3088 2679 3120 2719 a
3165 2666 3355 2733 vobis,
3401 2665 3622 2720 multam
3673 2668 3796 2719 hinc

2205 2758 2442 2814 lmtitiam
2502 2757 2829 2813 hauriemus.
2906 2754 3180 2827 Siquidem
3229 2770 3356 2822 nos,
3419 2755 3635 2811 tametsi
3685 2763 3795 2810 tam

2207 2848 2373 2903 multa
2413 2849 2576 2919 passi,
2621 2847 2751 2903 nihil
2775 2862 2962 2904 eorum
2997 2847 3279 2915 sentimus,
3324 2846 3453 2902 dum
3485 2845 3793 2902 mercedem
3902 2909 3904 2912 ,

2207 2948 2387 2995 mente
2429 2939 2834 3010 complectimur
2878 2939 3223 2995 constitutam
3269 2938 3340 2993 ob
3387 2953 3451 2993 ea
3479 2954 3603 3008 qua:
3645 2937 3793 3008 passi

2207 3045 2412 3097 sumus,
2453 3042 2508 3087 et
2546 3040 2917 3102 exspectamus
2957 3031 3093 3098 fore,
3138 3039 3198 3087 ut
3245 3030 3474 3101 aliquam
3504 3030 3558 3084 in
3600 3029 3795 3085 melius

2205 3124 2551 3179 mutationem
2593 3121 2802 3193 negotia
2838 3123 3162 3190 sortiantur,
3209 3129 3268 3180 ut
3308 3132 3362 3177 et
3411 3122 3526 3190 ipsa
3571 3120 3795 3178 exordia

2202 3230 2316 3287 prae
2342 3229 2402 3271 se
2430 3215 2622 3270 ierunt.
2656 3215 2780 3270 llaec
2820 3215 2978 3286 igitur
3004 3217 3116 3284 ipsa
3143 3224 3318 3271 tecum
3342 3221 3619 3284 reputans,
3662 3211 3792 3267 dum

2201 3307 2463 3377 ejusmodi
2515 3305 2784 3376 patientiae
2827 3305 3052 3362 sudores
3095 3307 3329 3372 toleras,
3386 3305 3495 3361 noli
3549 3305 3790 3360 animum

2199 3397 2557 3469 despondere,
2596 3400 2690 3454 sed
2741 3412 2863 3453 cum
2904 3397 3141 3453 omnium
3188 3393 3414 3453 aliorum
3442 3411 3628 3451 curam
3658 3409 3790 3466 gere

2200 3489 2490 3546 liberorum
2520 3499 2732 3544 tuorum
2780 3487 3083 3559 (siquidem
3119 3487 3290 3558 major
3322 3497 3378 3544 te
3406 3503 3548 3544 nunc
3577 3500 3792 3542 merces

2200 3580 2443 3650 manet),
2487 3588 2596 3634 tum
2639 3578 2915 3648 pulchram
2944 3577 3321 3648 Epiphanium,
3354 3586 3511 3648 prout
3529 3579 3789 3649 placitum

2201 3672 2312 3728 Deo
2357 3670 2533 3738 fuerit,
2580 3671 2808 3727 educare
2846 3669 3020 3726 stude.
3047 3668 3162 3724 Non
3185 3671 3328 3725 enim
3355 3670 3572 3740 ignoras
3590 3680 3787 3740 quanta

2200 3767 2272 3822 sit
2320 3779 2353 3820 a
2392 3765 2815 3821 Deoliberorum
2858 3763 3160 3820 educationi
3202 3777 3413 3818 merces
3465 3764 3783 3818 constituta.

2203 3855 2280 3912 ita
2325 3870 2447 3912 cum
2490 3856 2608 3912 aliis
2650 3855 2919 3911 Abraham
2965 3854 3196 3910 nominis
3236 3851 3602 3909 celebritatem
3651 3854 3785 3909 ade-

2200 3957 2320 4018 ptus
2366 3955 2485 4013 est,
2536 3947 2609 4002 ita
2648 3945 2749 4002 Job
2803 3959 3055 4001 coronam
3098 3945 3396 4015 promeruit
3427 3961 3443 3999 :
3469 3955 3525 3999 et
3563 3942 3786 3998 assidue

2196 4041 2384 4096 beatus
2421 4039 2615 4094 Paulus
2641 4038 2742 4093 hoc
2780 4037 3086 4108 parentibus
3112 4036 3351 4106 praecipit
3374 4035 3558 4091 dicens
3593 4053 3607 4090 :
3635 4035 3785 4090 Eds-

2195 4140 2304 4186 cate
2341 4131 2474 4199 ﬁlios
2519 4138 2706 4184 uestros
2746 4129 2801 4182 in
2835 4127 3101 4197 disciplina
3136 4135 3182 4181 et
3227 4127 3540 4195 correptione
3569 4123 3782 4179 Domini

2197 4221 2409 4295 (Ephes.
2437 4226 2488 4277 6.
2507 4220 2584 4292 Δ).
2617 4219 2955 4288 Vacatinnem
2978 4227 3132 4274 nacta
3161 4232 3241 4284 es,
3268 4231 3386 4287 quae
3417 4217 3558 4271 tibia
3589 4231 3780 4286 super-

2195 4313 2377 4378 vacuis
2402 4321 2457 4366 et
2484 4311 2804 4381 importunis
2831 4309 2974 4364 curis
2998 4318 3053 4362 et
3077 4307 3249 4363 inutili
3289 4306 3556 4362 anxietate
3603 4315 3780 4376 potest

2195 4405 2581 4460 immunitatem
2606 4401 2921 4472 nequirem;
2967 4400 3323 4468 vacationem,
3372 4414 3494 4470 qua!
3545 4398 3776 4454 multum

2194 4506 2451 4567 quaestum
2480 4497 2635 4565 parit,
2678 4492 2815 4548 unde
2861 4491 2955 4548 tibi
2995 4492 3149 4547 multi
3177 4501 3398 4561 possunt
3423 4491 3636 4546 virtutis
3660 4490 3776 4547 fru-

2193 4598 2312 4644 ctus
2350 4586 2629 4657 pullulare,
2677 4586 2723 4641 si
2766 4584 2980 4656 quidem
3030 4583 3155 4639 huic
3194 4584 3270 4639 rei
3310 4598 3522 4638 omnem
3549 4597 3773 4653 operam

2191 4679 2424 4734 volueris
2466 4677 2739 4733 adhibere.
2787 4673 2922 4731 Nam
2946 4674 3014 4729 de
3038 4673 3254 4730 domina
3283 4689 3400 4729 mea
3427 4682 3598 4730 matre
3638 4673 3774 4730 nihil

2191 4784 2326 4839 opus
2367 4783 2488 4824 esse
2542 4768 2772 4824 arbitror
2795 4766 2863 4823 ad
2891 4777 2942 4823 te
2967 4766 3226 4831 scribere,
3273 4779 3393 4819 cum
3433 4765 3566 4820 satis
3603 4765 3772 4820 sciam

2189 4859 2346 4917 inter
2368 4868 2563 4917 cetera
2605 4859 2861 4931 pmchm
2890 4858 3124 4915 facinora
3154 4858 3256 4912 hoc
3281 4873 3310 4911 a
3341 4867 3392 4912 te
3419 4857 3644 4924 editum,
3691 4866 3774 4910 at-

2187 4967 2292 5022 que
2338 4953 2612 5021 copiosum
2659 4951 2781 5006 inde
2828 4960 2881 5007 te
2926 4951 3155 5006 fructum
3216 4948 3552 5018 decerpsisse
3573 4989 3588 5016 ,
3642 4963 3770 5006 cum

2187 5045 2292 5100 tuis
2318 5044 2371 5104 in
2404 5043 2550 5097 illam
2597 5040 2789 5097 officiis
2814 5051 2870 5099 et
2898 5041 3168 5111 obsequiis
3197 5039 3493 5111 quamlibet
3518 5040 3768 5094 ancillam

2185 5134 2546 5205 superaveris.
2610 5134 2742 5200 Quia
2800 5142 2977 5188 tamen
3021 5131 3124 5187 hoc
3177 5147 3388 5202 quoque
3427 5146 3464 5186 .a
3513 5145 3602 5185 me
3658 5145 3770 5186 non

2183 5229 2356 5285 omitti
2410 5243 2509 5298 par
2554 5236 2676 5294 est,
2729 5227 2852 5281 audi
2916 5226 3130 5281 beatum
3181 5225 3402 5280 Paulum
3457 5221 3766 5289 dicentem,

2185 5321 2400 5376 Honora
2425 5329 2672 5390 parentes,
2694 5327 2748 5374 et
2765 5318 3069 5383 addentem,
3101 5317 3248 5385 Quod
3275 5325 3347 5371 est
3376 5315 3593 5385 primum
3622 5330 3768 5368 man-

2183 5412 2356 5473 datum
2386 5413 2440 5466 in
2469 5411 2879 5482 promissionibas
2918 5409 3027 5480 (Ib.
3067 5424 3115 5464 υ.
3143 5408 3224 5478 2).
3257 5407 3316 5463 Si
3344 5408 3416 5462 ita
3437 5406 3765 5477 tegesseris,

2181 5519 2303 5560 cum
2335 5503 2527 5558 multas
2572 5502 2670 5556 tibi
2721 5517 2948 5557 coronas
2995 5501 3258 5570 nequires,
3302 5506 3414 5554 tum
3456 5497 3622 5552 multa
3667 5511 3767 5551 nos

2182 5596 2454 5666 voluptate
2473 5594 2781 5665 perfundes,
2804 5608 2978 5664 neque
3004 5593 3290 5664 quidquam
3315 5605 3412 5645 nos
3432 5605 3554 5646 esse
3577 5605 3767 5660 passos

2179 5687 2556 5742 arbitrabimur
2581 5701 2766 5742 eorum
2795 5701 2913 5756 qua:
2939 5685 3080 5755 passi
3108 5684 3304 5738 fuimus
3350 5683 3446 5736 hac
3483 5681 3554 5738 de
3580 5696 3760 5745 causa,

2183 5778 2279 5836 sed
2309 5777 2671 5850 magnitudine
2705 5777 2902 5834 latitia
2930 5776 3172 5844 recreati,
3221 5791 3378 5848 quam
3404 5789 3473 5832 ex
3499 5779 3763 5833 bonorum
