4076 6466
360 415 470 475 743

347 549 544 596 σαντα,
579 530 671 586 τὸν
698 528 923 585 δεθέντα
950 533 973 558 ⁶
1009 521 1106 598 ἐτη
1135 519 1394 586 τοσαῦτα,
1415 516 1510 574 τὸν
1541 514 1714 589 μυρία
1744 511 1950 568 παθόν-

339 645 416 684 τα
438 627 610 683 δεινά·
648 625 716 680 ἀν
735 623 794 678 δέ
818 621 912 676 τὸν
935 617 1091 694 [752]
1113 616 1378 682 Μωῦσέα,
1399 613 1496 668 καὶ
1520 609 1760 666 τοσαῦτα
1794 606 1947 679 παρά

339 719 456 774 τῶν
500 715 771 772 Ἰουδαίων
803 710 1049 767 παθόντα
1086 707 1255 764 κακά’
1289 705 1360 760 τὰ
1391 704 1504 788 7&9
1542 701 1655 757 τῶν
1695 697 1946 754 ἀποστό-

339 811 455 866 λων
488 809 611 864 οὐδὲ
644 805 995 880 παραστῆσαι
1018 801 1100 855 ἐνι
1126 799 1207 872 τῷ
1238 798 1403 870 λόγῳο
1427 795 1579 851 ταῦτ’
1612 789 1706 848 οὖν
1727 791 1946 847 ᾶπαντα

336 897 750 970 συναγαγοῦσα,
780 897 876 951 καὶ
903 891 1233 964 λογιζομένη
1261 892 1360 963 τῆς
1387 888 1669 958 ὑπομονῆς
1717 883 1812 937 τὸν
1854 899 1944 952 μι-

337 991 489 1056 σθὸν,
525 989 722 1044 θυσίαν
752 988 1014 1055 ἀνένεγκε
1041 983 1123 1056 τῷ
1145 982 1287 1055 Θεῷ.
1319 982 1381 1036 τὸ
1401 979 1667 1052 γενναίως
1695 977 1942 1046 ἐνεγκεῖν

331 1084 406 1140 τά
456 1080 862 1155 συμπίπτοντα,
911 1080 1009 1134 καὶ
1062 1077 1155 1133 διὰ
1196 1074 1414 1139 παντὸς
1460 1072 1626 1127 αὐτὸν
1670 1067 1936 1137 δοξάζειν.

343 1177 502 1232 Ἐπεὶ
540 1175 636 1230 καὶ
671 1176 700 1228 6
744 1172 867 1227 Ἰὼϐ
886 1171 996 1226 ἀπὸ
1022 1170 1133 1224 τῶν
1164 1166 1424 1222 τοιούτων
1452 1162 1800 1234 ἐστεφανώθη
1835 1163 1936 1232 ρη-

332 1269 547 1342 μάτων.
613 1266 876 1336 ’Δνάμενε
939 1264 1006 1335 δὴ
1066 1263 1160 1317 καὶ
1209 1260 1311 1334 τήν
1342 1260 1434 1314 ἐπὶ
1471 1258 1533 1313 τὸ
1569 1254 1936 1329 χρηστότερον

330 1357 660 1432 μεταϐολὴν.
725 1357 820 1410 καὶ
866 1353 942 1426 μὴ
991 1353 1245 1427 διαλίπῃς
1282 1352 1376 1405 τὸν
1402 1349 1537 1405 Θεὸν
1575 1348 1718 1420 ὐπέρ
1738 1345 1933 1401 τούτου

325 1448 753 1524 παρακαλοῦσα,
793 1447 890 1501 καὶ
931 1446 1146 1518 γράψαι
1189 1445 1323 1516 ἡμῖν
1353 1441 1679 1505 σπούδασον,
1713 1440 1797 1494 δτι
1840 1437 1935 1508 γέ-

322 1540 453 1610 γονέ
486 1552 542 1592 τι
570 1537 734 1592 πλέον
764 1535 874 1590 ἀπὸ
895 1533 1004 1589 τῶν
1029 1532 1317 1605 ἡμετέρων
1343 1530 1692 1603 γραμμάτιον
1721 1531 1804 1593 είς
1840 1529 1933 1582 εὐ-

326 1631 534 1703 θυμίας
585 1643 670 1682 σοι
707 1627 890 1696 λόγον,
929 1625 1044 1693 εἴγε
1081 1625 1156 1697 μὴ
1202 1622 1382 1695 βούλει
1419 1620 1609 1676 θολοῦν
1647 1620 1807 1693 ἡμῶν
1829 1619 1930 1693 τὴν

320 1716 690 1791 εὐφροσύνην.
738 1718 930 1790 Ἡμεῖς
966 1715 1077 1788 γάρ
1121 1714 1359 1770 ἐνταῦθα
1402 1713 1606 1786 πολλῆς
1658 1712 1930 1768 ἀπολαύο-

324 1828 430 1884 μεν
455 1810 672 1882 ἡδονῆς,
698 1808 1076 1882 ἐντρυφῶντες
1097 1810 1167 1880 τῇ
1195 1805 1458 1878 συνουσίᾳ
1488 1805 1586 1859 τοῦ
1616 1805 1924 1874 ἀγιωτάτου

319 1903 652 1966 ἐπισκόπου,
687 1902 784 1956 καὶ
814 1903 881 1972 τῇ
914 1900 1119 1972 ἡσυχίᾳ
1145 1897 1240 1953 τοῦ
1268 1898 1471 1970 χωρίου
1497 1897 1711 1963 τούτου,
1736 1898 1832 1953 καὶ
1855 1899 1922 1969 τῇ

317 1994 491 2067 πολλῇ
535 1992 960 2066 ἀπραγμοσύνῃ.
1010 1992 1123 2046 Καὶ
1162 1991 1270 2064 γὰρ
1322 1993 1352 2045 6
1389 1990 1500 2044 τῶν
1534 1989 1794 2063 Ἰσαύρων
1827 1991 1926 2044 πέρ

316 2102 527 2140 παυται
575 2085 759 2155 φόϐος,
806 2082 902 2138 τοῦ
942 2082 1217 2155 χειμῶνος
1256 2083 1456 2146 αὐτοὺς
1503 2080 1922 2145 συνελαύνοντος

315 2182 399 2244 είς
421 2180 523 2251 τὴν
547 2178 747 2233 αὐτῶν.
773 2177 866 2250 Μὴ
889 2177 953 2249 δή
976 2177 1245 2249 τοσαύτην
1273 2174 1517 2248 θολώσῃς
1540 2178 1670 2249 ἡμῖν
1695 2176 1917 2248 ἡδονήν.

312 2275 382 2329 Εἰ
431 2274 542 2346 γὰρ
577 2272 723 2326 ἔλθοι
752 2272 1059 2345 γράμματα
1104 2270 1257 2344 παρά
1307 2273 1411 2343 τῆς
1459 2273 1561 2343 σῆς
1603 2271 1922 2342 τιμιότητος

311 2364 580 2438 δηλοῦντα
624 2367 777 2437 ἡμῖν,
821 2366 906 2418 δτι
935 2364 1014 2429 ῶς
1055 2381 1141 2418 σοι
1175 2363 1388 2436 πρέπον
1433 2363 1572 2430 ἐστὶ,
1615 2362 1710 2415 καὶ
1751 2362 1920 2430 ἀξίως

310 2459 414 2529 τῆς
442 2456 655 2530 ὑψηλῆς
690 2474 786 2511 σου
817 2455 1045 2528 γνώμης
1064 2456 1135 2510 τά
1171 2456 1558 2528 συμπίπτοντα
1590 2455 1797 2527 φέρεις,
1822 2456 1918 2510 καὶ

310 2547 564 2602 ἐντεῦθεν
599 2547 797 2620 πολλὴν
821 2547 1241 2620 καρπωσόμεθα
1278 2546 1546 2617 εὐθυμίας
1570 2547 1913 2619 προσθήκην.

310 2634 427 2709 Οὐχ
474 2639 548 2703 ὼς
599 2639 758 2710 ἔτυχε
807 2639 918 2712 γὰρ
971 2641 1122 2712 ἡμᾶς
1161 2640 1501 2710 ἀνεκτήσατο
1547 2640 1580 2711 ἡ
1625 2639 1916 2710 ἐωφελὴς

311 2728 571 2781 συνουσία
599 2727 693 2782 τοῦ
733 2729 1043 2796 ἀγιωτάτου
1079 2728 1407 2793 ἐπισκόπου,
1453 2727 1530 2791 ὡς
1564 2727 1756 2792 ἀλλους
1796 2729 1912 2782 ἀντ’

307 2819 485 2875 ἄλλων
520 2821 707 2892 σχεδὸν
745 2821 1110 2894 ἐργάσασθαι,
1150 2822 1245 2876 καὶ
1284 2821 1359 2893 μὴ
1388 2820 1744 2892 συγχωρῆσαι
1774 2820 1913 2891 μηδὲ

306 2912 562 2985 αῐσθησιν
584 2913 687 2984 τῆς
713 2913 872 2986 ξένης
901 2914 1107 2968 λαϐεῖν’
1134 2913 1370 2985 τοσαύτη
1404 2912 1555 2985 ἡμᾶς
1585 2912 1913 2984 περιστοιχί-

305 3004 459 3070 ζεται
487 3006 708 3075 ἀγαθῶν
737 3004 1070 3076 εὐφροσύνη,
1101 3007 1196 3060 καὶ
1223 3005 1450 3068 πλοῦτος
1477 3005 1626 3075 ἡμᾶς
1654 3006 1912 3078 περιρρεῖ

307 3095 701 3166 πνευματικὸς,
741 3097 839 3150 καὶ
862 3097 954 3151 τὸν
992 3095 1126 3152 Θεὸν
1158 3094 1248 3150 διὰ
1269 3093 1443 3150 ταῦτα
1464 3093 1729 3165 διηνεκῶς
1749 3093 1907 3160 ὼξάο

305 3185 490 3253 ζοντες
519 3187 582 3240 οὐ
604 3187 914 3258 παυόμεθα.

371 3323 556 3376 ΣΛΙΓ.
599 3320 718 3377 Τοῦ
747 3322 936 3379 αὑτοῦ
972 3322 1124 3393 πρὸς
1151 3324 1268 3394 τὴν
1307 3324 1589 3396 ἀδελφὴν
1619 3325 1828 3382 αὑτοῦ.

371 3461 603 3531 Συνάγει
635 3461 734 3532 μέν
763 3462 911 3533 ἡμᾶς
939 3462 1019 3526 είς
1055 3461 1279 3532 ἀγάπην
1323 3462 1419 3516 καὶ
1465 3462 1682 3532 φύσεως
1711 3464 1900 3535 νόμος,

239 3600 242 3602 γ
301 3552 395 3607 καὶ
419 3552 482 3606 τὸ
501 3551 662 3606 λῦσαι
690 3551 791 3616 τὰς
814 3551 986 3617 αὐτὰς
1012 3552 1233 3618 ώδῖνάςο
1264 3553 1426 3624 ἡμεῖς
1449 3553 1507 3608 δὲ
1528 3555 1628 3609 οὐκ
1649 3555 1900 3610 ἐντεῦθεν

304 3643 482 3714 μόνον,
521 3642 659 3697 ἀλλά
693 3643 790 3698 καὶ
837 3643 1130 3715 ἐτέρωθεν,
1177 3645 1275 3699 καὶ
1315 3644 1442 3699 ὅθεν
1487 3645 1724 3717 μάλιστα
1765 3649 1895 3722 χρὴ,

298 3738 395 3792 καὶ
424 3736 721 3809 αίδούμεθα
764 3737 858 3790 καί
897 3735 1165 3808 φιλοῦμέν
1205 3753 1299 3791 σου
1325 3739 1424 3809 τὴν
1454 3739 1772 3811 τιμιότητα,
1811 3743 1897 3796 ὅτι

299 3848 383 3886 σοι
411 3831 522 3884 τῶν
547 3830 834 3902 παρόντων
866 3830 1025 3899 λόγος
1067 3829 1266 3895 οὐδεὶς,
1297 3829 1379 3884 δτι
1407 3829 1498 3884 τὸν
1523 3831 1731 3886 καπνὸν
1758 3833 1895 3904 ἡλα-

299 3937 416 3987 σας,
445 3920 540 3975 καὶ
577 3919 678 3993 τὴν
711 3920 863 3974 κόνιν
892 3919 1148 3984 ἐσϐεσας,
1190 3921 1287 3974 καὶ
1318 3921 1412 3974 τδν
1446 3921 1617 3992 πηλὸν
1652 3925 1895 3980 κατεπά-

295 4027 490 4082 τησας,
538 4011 634 4066 καὶ
681 4009 886 4081 κοῦφόν
929 4028 1013 4067 σοι
1066 4010 1257 4081 γέγονε
1287 4011 1351 4066 τὸ
1389 4014 1590 4086 πτερὸν
1637 4015 1773 4087 πρὸς
1794 4015 1894 4089 τήν

295 4102 412 4157 όδδν
438 4102 539 4175 τὴν
561 4104 644 4167 εἰς
668 4103 762 4158 τὸν
792 4102 1021 4175 οὐρανὸν
1063 4103 1357 4176 φέρουσαν,
1403 4105 1497 4159 καὶ
1537 4105 1662 4161 οὐτε
1697 4109 1893 4180 ἀνδρὸς

298 4193 560 4266 μέριμνα,
607 4194 732 4249 οὐτε
784 4194 1176 4266 παιδοτροφίας
1231 4198 1474 4268 φροντὶς,
1527 4198 1653 4254 οὐτε
1709 4202 1890 4266 οἰκίας

293 4286 602 4359 ἐπιμέλεια,
629 4285 754 4341 οὐτε
788 4289 817 4342 6
841 4286 1091 4342 ἐντεῦθεν
1120 4289 1439 4361 τικτόμενος
1469 4291 1699 4363 θόρυϐος
1732 4292 1886 4364 ῐσχυ-

296 4396 385 4434 σεν
424 4380 784 4435 ὐποσκελίσαι
819 4398 902 4436 σοι
927 4381 1021 4436 τὸν
1053 4381 1255 4454 δρόμον
1291 4387 1387 4436 καὶ
1419 4383 1756 4457 βραδύτερον
1793 4389 1885 4459 ἐρ-

293 4467 585 4536 γάσασθαι,
615 4468 727 4523 ἀλλ’
754 4469 940 4534 αὐτοῖς
974 4470 1040 4542 δή
1074 4470 1286 4536 τούτοις
1313 4476 1428 4537 τοῖς
1456 4473 1708 4530 δοκοῦσιν
1742 4473 1884 4532 εἷναι

293 4558 609 4640 κωλύμασιν
635 4561 718 4624 είς
749 4560 933 4615 πλεῖον
960 4562 1128 4634 τάχος
1165 4565 1423 4636 πτήσεως
1451 4566 1742 4640 κέχρησαιο
1790 4571 1886 4624 καὶ

293 4639 410 4702 όύδέ
433 4650 466 4720 ἡ
490 4649 616 4713 τοὺς
635 4651 919 4718 γενναίους
945 4650 1280 4708 ταπεινοῦσα
1299 4655 1499 4727 ἀνδρας
1519 4639 1726 4728 (Πενία
1746 4659 1880 4729 γὰρ,

293 4739 476 4812 φησὶν,
495 4740 686 4810 ἄνδρα
714 4741 1006 4813 ταπεινοῖ)
1033 4741 1220 4814 ἴσχυσε
1236 4749 1609 4815 κατενεγκεῖν,
1628 4747 1767 4802 ἀλλά
1789 4750 1885 4803 καὶ

293 4831 627 4905 ὑψηλοτέραν
649 4832 962 4905 είργάσατο.
999 4834 1252 4892 Τοιοῦτον
1287 4835 1395 4908 γάρ
1429 4839 1463 4908 ἡ
1488 4832 1883 4910 ἀρετήοούδενὶ

290 4925 395 4980 τῶν
420 4927 696 4998 ἀραχνίων
733 4927 939 4981 τούτων
961 4926 1337 4998 ἐμποδίζεται,
1373 4927 1508 4982 ἀλλά
1537 4929 1632 4982 καὶ
1659 4928 1884 4986 διασπά-

293 5033 430 5071 σασα
465 5017 606 5071 αὐτὰ
637 5016 1004 5090 εὐκολώτερον
1032 5018 1067 5089 ἢ
1092 5018 1190 5083 τὰς
1221 5018 1466 5089 ἀράχνας
1490 5017 1714 5084 ταύτας,
1747 5020 1880 5093 κέρ-

289 5103 374 5168 δος
412 5105 663 5160 ἐντεῦθεν
715 5107 937 5176 συνάγει
985 5107 1144 5162 πολύ.
1191 5108 1379 5163 Ταῦτα
1415 5109 1514 5180 οὐχ
1551 5109 1738 5175 ἁπλῶς
1777 5112 1879 5164 ἐπ-

291 5197 626 5269 εστάλκαμέν
647 5216 739 5252 σου
756 5203 823 5272 τῇ
846 5201 1140 5272 τιμιότητι,
1164 5201 1277 5255 ἀλλ’
1297 5201 1483 5272 ἐπειδὴ
1505 5201 1883 5274 στοχαζόμεθα

291 5290 378 5342 καὶ
397 5292 464 5360 τῇ
496 5290 777 5363 ἀποδημίᾳ
797 5295 863 5364 τῇ
898 5293 1162 5366 ἡμετέρᾳ,
1190 5293 1268 5364 τῷ
1303 5310 1362 5347 τε
1398 5293 1614 5366 θορύϐῳ
1640 5294 1752 5348 τῶν
1780 5296 1879 5350 αὐ-

289 5379 397 5433 τόθι
433 5382 776 5452 πραγμάτων
807 5383 1013 5455 σφόδρα
1048 5401 1108 5437 σε
1145 5385 1512 5458 ταράττεσθαι
1548 5388 1643 5440 καὶ
1669 5387 1870 5442 ἀλύειν.

288 5469 470 5526 τούτου
503 5472 660 5543 χάριν
703 5475 1061 5546 γεγράφαμέν
1098 5493 1192 5531 σου
1229 5480 1296 5549 τῇ
1337 5477 1614 5551 εὐλαϐείᾳ,
1656 5479 1743 5533 ἵνα
1792 5482 1874 5534 ἐν·

288 5563 521 5634 νοήσασα
546 5565 630 5616 ὃτι
649 5564 768 5628 ὁδὸς
793 5565 860 5618 τὰ
884 5567 1205 5638 πράγματα,
1243 5569 1402 5640 στενὴ
1437 5569 1536 5640 μὲν
1557 5572 1591 5641 ἡ
1618 5572 1715 5641 τῆς
1742 5570 1875 5644 ἀρε-

1813 409 2202 472 Ειηετοιιε.

3538 392 3650 448 744

2051 503 2468 579 ἁμαρτημάτων
2491 502 2901 578 εὐημεροῦντας
2922 502 3196 576 ζηλώσῃς,
3213 502 3352 558 ἀλλά
3372 501 3657 577 δακρύσῃς

2053 598 2318 670 μειζόνως
2352 597 2589 670 (ἐφόδιον
2628 597 2738 670 7&9
2785 597 2972 662 αὐτοῐς
3009 597 3111 669 τῆς
3153 595 3430 668 τιμωρίας
3481 597 3516 665 ἡ
3562 598 3659 652 εὐ-

2046 691 2253 764 ημερία
2306 689 2561 761 γίνεται),
2621 690 2761 761 μήτε
2812 690 2941 754 τοὺς
2981 687 3083 760 τήν
3129 687 3324 759 στενὴν
3371 687 3658 752 ὁδεύοντας

2045 781 2363 856 ταλανίσῃς,
2421 781 2560 837 ἀλλά
2615 781 2712 836 καὶ
2760 779 3077 853 μακαρίσῃς
3121 777 3404 852 μειζόνως,
3440 779 3509 834 ἀν
3534 780 3656 851 μετ’

2044 877 2251 947 ἀρετῆς
2281 873 2567 930 ὁδεύσωσι.
2615 873 2728 928 Καὶ
2766 873 2878 946 7&9
2914 866 3009 930 καὶ
3045 872 3257 936 τούτοις
3293 872 3527 942 ἐφόδιον,
3558 872 3656 928 καὶ

2047 967 2339 1040 προσθήκη
2369 965 2546 1037 τιμῶν
2575 965 2672 1020 καὶ
2705 966 3008 1037 στεφάνων,
3038 965 3179 1037 μετά
3200 967 3301 1037 τῆς
3322 965 3526 1037 ἀρετῆς
3556 966 3655 1020 καὶ

2041 1061 2076 1132 ἡ
2139 1060 2473 1132 στενοχωρία
2526 1058 2737 1130 γίνεται
2795 1058 2906 1113 τῶν
2963 1057 3266 1131 παρόντωνο
3320 1057 3445 1112 ἐπεὶ
3492 1057 3587 1112 καὶ
3622 1059 3654 1112 6

2041 1151 2299 1218 πλούσιος
2331 1154 2540 1219 ἐκεῖνος
2572 1151 2634 1207 οὐ
2667 1143 2759 1206 διά
2792 1151 2955 1206 τοῦτο
2995 1151 3157 1224 μόνον
3187 1149 3649 1220 ἀπετηγανίζετο.

2039 1243 2122 1298 ὅτι
2155 1243 2306 1316 ὠμὸς
2333 1245 2431 1300 καὶ
2448 1243 2820 1316 ἀπάνθρωπος
2845 1238 2937 1315 ἦν,
2967 1241 3107 1298 ἀλλά
3129 1243 3214 1298 ὅτι
3234 1243 3331 1296 καὶ
3353 1243 3412 1295 ἐν
3430 1239 3650 1312 πλούτῳ

2037 1335 2222 1407 πολλῷ
2255 1334 2483 1408 μείζονι,
2518 1338 2615 1391 καὶ
2644 1334 2841 1407 δαψιλῆ
2875 1333 3313 1407 παρατιθέμενος
3339 1331 3644 1406 τράπεζαν·

2036 1426 2068 1480 δ
2093 1426 2150 1481 δέ
2170 1427 2425 1500 Λάζαρος
2453 1427 2542 1482 διὰ
2570 1425 2729 1481 τοῦτο
2751 1426 3136 1496 ἐστεφανοῦτο,
3168 1426 3251 1480 δτι
3283 1424 3424 1498 μετά
3444 1424 3650 1498 πολλῆς

2034 1521 2138 1592 τῆς
2180 1518 2484 1592 καρτερίας
2527 1517 2622 1572 τὸν
2645 1516 2886 1589 χαλεπὸν
2909 1516 3018 1572 τῶν
3047 1515 3224 1571 ἑλκῶν
3251 1517 3452 1589 ἡνεγκε
3484 1517 3648 1572 πόλε-

2041 1627 2164 1682 μον,
2208 1609 2311 1680 τὴν
2349 1607 2562 1676 πενίαν,
2610 1608 2712 1681 τὴν
2751 1608 2991 1681 ἐρημίαν
3021 1608 3130 1664 τῶν
3157 1608 3646 1682 προστησομένων,

2032 1696 2096 1755 τὸ
2148 1699 2511 1773 ἀπεριπφθαι,
2561 1700 2626 1756 τὸ
2669 1699 3156 1772 καταφρονεῖσθαι,
3200 1700 3264 1755 τὸ
3311 1703 3644 1774 προκεῖσθαι

2029 1790 2281 1864 τράπεζα
2312 1794 2432 1856 ταῖς
2466 1790 2578 1847 τῶν
2600 1790 2783 1848 κυνῶν
2811 1790 3110 1862 γλώσσαις.
3152 1791 3342 1848 Τι’ῦτα
3367 1792 3646 1866 γὰρ’πάν-

2027 1900 2099 1937 τα
2137 1886 2186 1938 εί
2216 1884 2312 1938 καὶ
2346 1884 2455 1956 πρὸ
2478 1883 2589 1938 τῶν
2617 1884 2906 1956 ἡμετέρων
2934 1885 3230 1940 ἐπίστασαι
3264 1885 3642 1958 γραμμάτων.

2026 1974 2144 2030 ἀλλ’
2185 1976 2483 2044 ἀναγκαῖον
2526 1970 2668 2029 εἶναι
2718 1975 3043 2047 νομίσαντες
3086 1976 3182 2030 καὶ
3227 1977 3361 2049 παρ’
3391 1976 3550 2050 ἡμῶν
3575 1993 3639 2032 σε

2028 2067 2570 2140 ἀναμιμνήσκεσθαι,
2607 2068 3045 2140 ἐπεστάλκαμεν,
3079 2066 3225 2123 ὥστε
3250 2069 3326 2141 μὴ
3353 2071 3420 2141 τῇ
3443 2087 3644 2143 τυραν-

2025 2160 2130 2215 νίδι
2157 2162 2258 2232 τῆς
2287 2160 2527 2231 ἀθυμίας
2557 2159 2867 2216 θολοῦσθαι.
2901 2160 2967 2214 Εί
2996 2159 3113 2232 γάρ
3138 2161 3234 2217 καὶ
3260 2161 3338 2235 μὴ
3371 2161 3638 2236 βούλομαι

2025 2252 2206 2307 πάντα
2227 2252 2464 2308 ἐνθεῖναι
2482 2256 2596 2318 τοῖς
2616 2254 2965 2326 γράμμασιν,
2990 2250 3107 2309 οἶδα
3132 2255 3340 2326 σαφῶς,
3366 2257 3468 2312 ὅσα
3489 2259 3639 2331 ὑμᾶς

2024 2343 2357 2414 περιέστηκε
2416 2343 2658 2416 λυπηρά·
2707 2344 2801 2398 καὶ
2843 2344 2933 2399 διά
2973 2343 3134 2399 τοῦτο
3168 2347 3492 2419 προσέθηκα
3529 2348 3636 2424 τήν

2020 2434 2330 2508 ἐπιστολήν.
2380 2435 2479 2490 Ἷν’
2520 2432 2616 2492 οὖν
2677 2437 2775 2492 καὶ
2820 2438 2880 2492 ἐν
2927 2435 3190 2510 ἀλλοτρίᾳ
3235 2437 3634 2512 διατρίϐοντες,

2019 2526 2222 2600 πολλῆς
2242 2527 2644 2600 ἀπολαύσωμεν
2667 2532 2769 2600 τῆς
2795 2529 3012 2602 ἡδονῆς,
3044 2527 3262 2600 πέμψον
3283 2532 3421 2602 ἡμῖν
3450 2531 3635 2605 γράμ-

2021 2635 2190 2689 ματα,
2223 2617 2489 2690 δηλοῦντα
2517 2620 2670 2691 ἡμῖν,
2702 2621 2785 2675 ὅτι
2815 2621 3035 2693 ῐσχυσεν
3061 2621 3223 2692 ἡμῶν
3249 2621 3391 2694 αὐτη
3422 2625 3458 2696 ἡ
3488 2641 3634 2698 παρ-

2016 2712 2244 2775 αίνεσις,
2310 2711 2434 2766 ὅσον
2476 2711 2814 2784 ἐϐουλόμεθα
2864 2713 2960 2767 καὶ
2999 2713 3410 2786 ἐπεθυμοῦμεν.
3467 2715 3630 2771 Οὕτω

2014 2797 2124 2870 γὰρ
2165 2800 2259 2853 καὶ
2291 2800 2484 2872 πόρρω
2511 2800 2834 2873 καθήμενοι,
2872 2802 3075 2875 πολλὴν
3113 2804 3366 2860 ἐντεῦθεν
3392 2824 3628 2880 καρπωο

2016 2888 2224 2961 σόμεθα
2263 2890 2364 2962 τὴν
2407 2892 2769 2964 εὐφροσύνην.
2805 2894 3000 2967 Ἡμεῖς
3027 2895 3139 2968 γὰρ
3175 2885 3354 2953 καίτοι
3384 2897 3626 2956 τοσαῦτα

2013 2981 2368 3050 πεπονθότες,
2409 2984 2626 3050 οὐδενὸς
2661 2985 3057 3059 αἰσθανόμεθα,
3083 2988 3177 3044 τόν
3207 3007 3268 3043 τε
3307 2991 3500 3062 μισθὸν
3532 2993 3626 3048 ἐν·

2011 3075 2260 3139 νοοῦντες
2301 3071 2378 3140 ὧν
2410 3079 2710 3151 ἐπάθομεν,
2744 3081 2841 3134 καὶ
2880 3081 3145 3152 ταχίστην
3183 3083 3277 3136 ἐπὶ
3321 3083 3384 3137 τὸ
3413 3083 3626 3156 βέλτιον

2013 3169 2320 3243 μεταϐολὴν
2351 3171 2422 3225 τά
2447 3172 2752 3243 πράγματα
2782 3173 3216 3245 προσδοκῶντεςΧ
3227 3175 3518 3247 λήψεσθαι,
3541 3177 3623 3245 ὡς

2006 3263 2272 3318 καὶαύτά
2304 3264 2376 3319 τά
2407 3265 2674 3337 προοίμια
2699 3266 2965 3321 δείκνυσι.
3003 3267 3176 3323 Ταῦτ’
3206 3264 3301 3323 οὖν
3337 3269 3434 3324 καὶ
3476 3272 3621 3345 αὐτὴ

2007 3354 2365 3428 λογιζομένη,
2418 3358 2584 3430 μηδὲν
2638 3359 3133 3432 καταμαλακισθῇς
3173 3361 3314 3434 πρὸς
3357 3361 3488 3428 τοὺς
3517 3366 3621 3438 τῆς

2005 3447 2284 3519 ὑπομονῆς
2327 3447 2580 3520 ίδρῶτας,
2629 3449 2768 3504 ἀλλὰ
2810 3450 2920 3504 τῶν
2959 3467 3020 3504 τε
3052 3450 3230 3507 ἄλλων
3262 3470 3358 3507 σου
3384 3455 3620 3511 παιδίων

2003 3541 2270 3612 ἐπιμελοῦ
2302 3540 2527 3613 (πλείων
2557 3540 2667 3611 γάρ
2695 3559 2778 3596 σοι
2812 3540 2908 3597 νῦν
2939 3544 2968 3596 6
3005 3543 3246 3616 μισθὸς),
3269 3547 3364 3600 καὶ
3390 3547 3492 3620 τήν
3516 3564 3618 3603 κα-

2001 3631 2100 3702 λὴν
2163 3632 2479 3702 Ἐπιφάνιον
2535 3632 2678 3687 κατά
2728 3632 2808 3705 τῷ
2855 3633 2977 3705 Θεῷ
3032 3635 3228 3692 δοκοῦν
3284 3638 3618 3712 ἀνατρέφειν

2002 3723 2295 3790 σπούδαζε.
2336 3721 2508 3779 υἷσθα
2550 3724 2660 3798 γάρ
2692 3725 2816 3790 ὅσος
2842 3726 3235 3800 παιδοτροφίας
3265 3731 3479 3799 μισθός,
3508 3733 3616 3787 οὐ-

1997 3833 2109 3880 τως
2140 3817 2170 3869 ό
2203 3816 2461 3889 ’Δϐραάμ
2487 3817 2825 3890 ηὐδοκίμησε
2858 3818 2999 3889 μετά
3032 3819 3144 3873 τῶν
3171 3819 3372 3885 ἄλλων,
3406 3824 3504 3878 καὶ
3533 3826 3616 3879 ἐν·

1995 3907 2190 3962 τεῦθεν
2233 3911 2263 3963 ό
2297 3906 2418 3962 Ἰὼϐ
2450 3907 2837 3979 ἐστεφανοῦτο·
2889 3909 2986 3964 καὶ
3030 3913 3145 3976 τοτς
3196 3911 3416 3982 γονεῦσι
3452 3914 3615 3971 τοῦτο

1998 3997 2237 4069 συνεχῶς
2257 4000 2286 4052 6
2311 3998 2583 4070 μακάριος
2603 3996 2815 4061 Παῦλος
2843 3998 3125 4052 ἐπιτάττει
3145 3999 3341 4068 λέγων’
3385 4000 3614 4072 Έκτρό-

1992 4108 2137 4161 φατε
2148 4090 2221 4146 τὰ
2233 4090 2415 4145 τέκνα
2430 4088 2597 4159 ὑμῶν
2606 4089 2677 4144 ἐν
2688 4089 2928 4157 παιδείᾳ
2941 4090 3040 4144 καί
3051 4092 3345 4160 νουθεσίᾳ
3356 4094 3606 4161 Κυρίου.

1997 4185 2184 4255 Ἐχεις
2228 4182 2427 4254 σχολὴν
2487 4179 2679 4252 ίκανὴν
2723 4181 3037 4251 ἀπαγαγεῖν
3086 4199 3148 4235 σε
3189 4183 3300 4238 τῶν
3335 4187 3608 4258 περιττῶν

1993 4277 2090 4332 καὶ
2146 4278 2394 4348 ἀκαίρων
2447 4274 2745 4346 φροντίδων
2811 4275 2909 4328 καὶ
2959 4275 3062 4345 τῆς
3090 4277 3351 4348 ἀνονήτου
3398 4277 3604 4352 λύπης,

1996 4369 2193 4442 σχολὴν
2214 4369 2352 4423 πολὺ
2383 4367 2657 4440 φέρουσαν
2678 4366 2893 4438 κέρδος,
2927 4367 3152 4440 μεγάλῳ
3174 4367 3254 4440 τῷ
3281 4370 3381 4442 τῆς
3399 4371 3603 4444 ἀρετῆς

1991 4461 2298 4533 δυναμένην
2330 4460 2518 4532 βρύειν
2543 4458 2763 4532 καρπῷ,
2794 4460 2912 4529 εἴγε
2943 4460 3269 4533 βουληθείης
3296 4461 3459 4532 ἔργον
3476 4463 3604 4518 τοῦ-

1987 4573 2050 4609 το
2079 4554 2432 4626 ποιήσασθαι.
2473 4553 2613 4626 Περὶ
2641 4553 2752 4625 γὰρ
2780 4556 2880 4625 τῆς
2911 4553 3202 4626 δεσποίνης
3227 4573 3330 4627 μου
3357 4559 3462 4629 τῆς
3497 4575 3603 4631 μη..

1986 4649 2117 4721 τρὸς
2139 4648 2292 4702 οὐδὲν
2320 4642 2476 4719 οἴμαι
2500 4646 2616 4700 δεῖν’
2642 4645 2765 4700 οὐδὲ
2792 4646 3157 4715 ἐπιστέλλειν,
3184 4649 3486 4722 ἐπειδήπερ
3513 4668 3598 4707 σοι

1990 4741 2205 4796 σύνοιδα
2248 4740 2390 4813 μετά
2425 4740 2540 4795 τῶν
2585 4739 2765 4796 ἀλλων
2808 4741 2905 4794 καὶ
2947 4739 3108 4795 τοῦτο
3137 4742 3203 4795 τὸ
3239 4743 3593 4816 κατόρθωμα,

1985 4835 2083 4890 καὶ
2118 4835 2211 4889 τὸν
2242 4835 2449 4905 ἄφατον
2493 4831 2748 4888 ἐντεῦθεν
2768 4831 3004 4904 καρπὸν,
3041 4833 3136 4887 καὶ
3172 4834 3255 4889 ὅτι
3300 4835 3595 4908 παιδίσκην

1987 4928 2209 4983 ἃπασαν
2255 4927 2694 5001 ὐπερηκόντισας
2733 4926 2792 4979 ἐν
2831 4927 2900 4997 τῇ
2943 4925 3072 4998 περὶ
3097 4926 3268 4999 αὐτὴν
3301 4927 3587 5002 θεραπείᾳ.

1997 5021 2142 5074 Ἀλλ’
2167 5021 2320 5092 ὅμως
2349 5020 2538 5093 ἐπειδὴ
2569 5019 2782 5092 πρέπον
2809 5019 2936 5092 ἐμοὶ
2973 5018 3068 5074 καὶ
3101 5019 3229 5092 περὶ
3251 5019 3446 5074 τούτου
3471 5021 3591 5075 δια-

1982 5111 2262 5184 λεχθῆναι,
2296 5111 2529 5167 ἄκουσον
2557 5109 2651 5166 τοῦ
2686 5111 2956 5184 μακαρίου
2992 5111 3206 5166 Παύλου
3236 5111 3488 5181 λέγοντος
3509 5130 3591 5168 τι-

1985 5205 2093 5276 μᾷν
2117 5204 2243 5268 τοὺς
2258 5203 2474 5274 γονέας,
2495 5206 2590 5260 καὶ
2610 5203 3017 5278 προστιθέντοςο
3043 5204 3207 5270 ’Ἠτις
3229 5204 3404 5259 ἐστίν
3421 5205 3588 5260 ἐντο-

1978 5294 2060 5364 λὴ
2087 5295 2288 5365 πρώτη
2315 5297 2385 5351 ὲν
2420 5297 2830 5367 ἐπαγγελίαις.
2860 5297 2960 5350 ’Ἂν
2991 5295 3134 5350 οὕτω
3173 5297 3378 5369 σαυτὴν
3417 5299 3582 5372 ἄγῃς,

1979 5388 2210 5452 πολλοὺς
2257 5389 2357 5460 μὲν
2422 5392 2593 5462 σαυτῇ
2655 5390 3019 5463 προαποθήσῃ
3077 5388 3204 5454 τούς
3259 5389 3580 5458 στεφάνους,

1979 5479 2180 5552 πολλὴν
2227 5480 2284 5534 δὲ
2328 5483 2461 5554 ἡμῖν
2503 5482 2716 5557 ἐργάσῃ
2752 5483 2853 5554 τὴν
2885 5481 3107 5552 ἡδονὴν,
3151 5481 3388 5535 καὶούδέ
3425 5481 3579 5555 [7541

1976 5570 2305 5626 πεπονθέναι
2328 5590 2381 5627 τι
2403 5573 2608 5627 τούτων
2635 5574 2954 5646 ἡγησόμεθα
2979 5566 3056 5628 ὧν
3081 5573 3453 5644 πεπόνθαμεν,
3480 5576 3578 5628 καὶ

286 5656 396 5726 τῆς,
428 5653 659 5708 πλατεῖα
685 5653 838 5729 [753]
864 5657 922 5711 δὲ
951 5660 985 5729 ἡ
1015 5661 1115 5732 τῆς
1149 5658 1366 5724 κακίας,
1411 5661 1546 5732 μήτε
1576 5661 1702 5725 τοὺς
1734 5663 1875 5734 μετά
1973 5661 2061 5718 διὰ
2087 5663 2269 5733 τοῦτο,
2314 5665 2453 5720 ἀλλά
2497 5665 2578 5737 τῷ
2619 5664 2775 5738 δγκῳ
2811 5668 2914 5738 τῆς
2945 5664 3290 5739 εὐφροσύνης
3324 5666 3434 5722 τῶν
3466 5665 3577 5723 σῶν

339 5811 363 5846 ⁸
387 5812 526 5870 nec.
544 5815 627 5864 τόν
646 5815 1078 5880 δουλεύσαντα,τὸν
1088 5819 1297 5880 δεθέντα,
1310 5831 1420 5882 qua
1433 5820 1482 5870 in
1496 5819 1869 5883 edilodeerant,
1905 5836 1908 5859 ι

2012 5820 2158 5884 Regio
2177 5819 2348 5871 codice
2374 5819 2635 5881 desumpta
2658 5823 2791 5870 sunt.
