4076 6434
552 399 664 457 766

553 510 777 581 ἀγαθῶν
799 505 995 582 πτιρού
1003 523 1173 579 μενοι,
1196 503 1293 561 καὶ
1309 505 1394 568 είς
1413 501 1483 557 τά
1498 501 1673 555 οίκεῖα
1695 493 1856 562 εἴναι,
1883 495 1976 551 καὶ
2001 492 2119 567 μεθ’

552 600 710 674 ὑμῶν
739 599 965 667 διάγειν,
1000 597 1095 652 καὶ
1128 593 1271 650 κατά
1296 594 1427 666 ῥοῦν
1448 592 1580 664 ἡμῖν
1614 589 1829 645 ἅπαντα
1859 583 2122 659 φέρεσθαι

551 689 898 766 ἡγησόμεθα.

544 785 730 842 ιΣΛΘν.
771 781 883 838 Τοῦ
914 777 1100 836 αὐτοῦ
1131 775 1282 847 πρὸς
1307 774 1634 847 Οὐαλέριον
1663 769 1762 826 καί
1797 770 2125 840 Διόφαντον

1096 845 1564 915 πρεσϐυτέρους.

617 944 874 1000 Μάλιστα
923 941 1021 1013 μὲν
1064 939 1162 994 καὶ
1212 937 1287 1009 μὴ
1338 937 1611 1008 γράψαντι
1674 927 1879 1003 γράιίι
1933 929 2119 1000 ἐχρῆν·

547 1033 788 1097 τοιοῦτος
855 1033 962 1103 7&9
1013 1033 1114 1102 τῆς
1147 1029 1366 1099 ἀγάπης
1418 1030 1448 1081 ὀ
1497 1026 1679 1097 νόμος·
1723 1025 1823 1076 οὐκ
1873 1021 2124 1090 ἀνέχεται

550 1125 927 1191 ἐλαττοῦσθαι,
961 1123 1076 1178 ἀλλ’
1104 1122 1195 1180 ἀεὶ
1228 1119 1523 1190 φιλονεικεῖ
1549 1119 1706 1195 νικᾷν
1737 1115 1864 1178 τούς
1892 1115 2119 1184 ἀγαπω-

553 1217 830 1289 μένουςτῇ
860 1213 1146 1284 περιουσίᾳ
1172 1210 1264 1265 τοῦ
1293 1210 1485 1280 φιλεῖν·
1517 1209 1611 1262 καί⁸
1633 1207 1919 1280 γράψαντα
1941 1204 2000 1259 δὲ
2027 1203 2120 1259 καὶ

555 1305 718 1372 ἀπαε,
757 1307 855 1362 καὶ
886 1306 990 1369 δὶς,
1037 1304 1159 1358 οὐδέ
1201 1299 1374 1365 οὕτως
1407 1296 1675 1370 ἠξιώσατε
1713 1295 1821 1352 τῶν
1841 1294 2122 1368 δμετέρων

541 1396 909 1468 γραμμάτων,
935 1395 1048 1449 ἀλλ’
1070 1394 1361 1462 ἐσιγὴσατε
1394 1390 1550 1459 σιγὴν
1579 1381 1724 1443 οὕτω
1749 1387 1964 1459 μακράν
1983 1386 2123 1458 πρὸς

549 1485 836 1556 ἄνθρωπον
884 1482 1256 1554 ἐπιθυμοῦντα
1301 1479 1552 1551 δέχεσθαι
1593 1478 1818 1547 νιφάδας
1857 1475 2122 1548 γραμμά-

554 1589 678 1628 των.
705 1573 815 1628 Καὶ
841 1573 1011 1628 ταῦτα
1032 1572 1132 1626 οὐκ
1151 1570 1400 1641 ἐγκαλῶν
1427 1569 1592 1637 λέγω·
1626 1568 1725 1638 οὐχ
1751 1565 1921 1631 οὔτως
1941 1565 2121 1636 ἀγνοῶ

519 1713 522 1715 Α
551 1680 656 1736 μου
687 1664 756 1719 τά
792 1665 984 1736 μέτρα·
1028 1665 1144 1718 ἀλλ’
1186 1662 1411 1734 ἀθυμῶν
1453 1661 1548 1715 καὶ
1587 1659 1938 1730 ὀδυνώμενος.
1972 1658 2121 1729 Ὅσῳ

549 1757 662 1829 γάρ
695 1757 832 1828 μετά
855 1757 1053 1827 πολλῆς
1077 1759 1177 1827 τῆς
1206 1753 1514 1825 ὑπερϐολῆς
1541 1751 1792 1823 ἐπιθυμῶ
1816 1749 1922 1805 τῶν
1947 1767 2123 1822 γραμι

554 1848 760 1920 μάτων,
784 1846 1022 1917 τοσούτῳ
1056 1847 1153 1902 καὶ
1188 1846 1412 1900 πλείονα
1445 1843 1543 1915 τὴν
1571 1842 1762 1915 ὀδύνην
1788 1840 2120 1912 ἀποστερού-

552 1955 711 2009 μενος
739 1937 920 1992 αὐτῶν
949 1937 1228 2008 ὑπομένω.
1259 1936 1478 2005 Μικρᾶς
1513 1933 1692 1988 οἴεσθε
1725 1932 2120 2004 παρακλήσεως

548 2029 696 2098 ἡμᾶς
728 2028 953 2092 δεῖσθαι,
1001 2027 1207 2099 μητρὸς
1247 2026 1341 2080 καὶ
1378 2024 1614 2096 ἀδελφῆς
1662 2023 2119 2096 κεχωρισμένους,

547 2116 803 2188 πατρίδος
830 2115 1272 2179 ἐκπεπτωκότας,
1304 2113 1462 2185 χορὸν
1493 2111 1764 2166 τοσούτων
1795 2111 2032 2183 γνησίων
2057 2111 2120 2163 ού

544 2205 875 2277 δυναμένους
908 2205 1141 2271 ϐλέπειν,
1187 2205 1424 2276 ἐρημίαν
1461 2202 1745 2268 οίκοῦντας
1774 2203 1955 2274 πάσης
1992 2205 2122 2274 ἐρη-

551 2299 680 2369 μίας
703 2299 1114 2370 χαλεπωτέραν,
1144 2298 1404 2369 Ἱσαύρων
1428 2298 1578 2368 φόϐῳ
1604 2295 2118 2367 πολιορκουμένουςς

546 2387 702 2442 Μετά
734 2387 846 2442 τῶν
885 2387 1036 2458 ἐμῶν
1075 2388 1169 2443 καὶ
1209 2389 1279 2442 τά
1312 2387 1470 2442 κοινά
1505 2388 1627 2442 καθ’
1650 2387 1886 2457 ἑκάστην
1911 2387 2122 2459 ἡμέραν

545 2476 732 2532 ἀκούω
791 2477 864 2531 τά
911 2477 1079 2542 κακὰ,
1143 2477 1238 2531 καὶ
1303 2476 1582 2548 πανταχοῦ
1641 2478 1739 2549 τῆς
1800 2478 2124 2549 οίκουμένης

547 2567 933 2638 βλαστάνοντα,
973 2569 1069 2621 καὶ
1110 2568 1236 2622 καθ’
1263 2569 1499 2639 ἑκάστην
1530 2567 1743 2641 ἡμέραν
1783 2569 1920 2639 μετά
1949 2585 2122 2641 προσ-

545 2659 720 2730 υὴκης
758 2656 1122 2729 αὐξανόμενα,
1155 2658 1251 2713 καὶ
1286 2659 1500 2730 χαλεπά
1514 2676 1634 2713 τινα
1666 2659 1920 2714 ὠδίνοντα
1953 2659 2124 2714 ναυά-

546 2765 666 2818 για.
698 2746 825 2802 Εῖθε
870 2765 962 2819 μοι
987 2749 1208 2802 δυνατὸν
1249 2745 1319 2819 ἦν
1364 2749 1714 2822 παραστῆσαι
1752 2750 1829 2822 τῷ
1860 2749 2002 2821 λόγῳ
2020 2750 2122 2820 τῆς

544 2838 782 2910 ἀθυμίας
821 2839 920 2910 τὴν
963 2840 1284 2910 τυραννίδα·
1329 2842 1453 2893 τότε
1489 2841 1577 2905 ἀν,
1621 2843 1715 2895 καὶ
1754 2842 1830 2912 μὴ
1857 2841 2122 2910 λεγόντων

546 2928 724 2999 ἡμῶν,
753 2928 906 2982 αὐτοὶ
925 2927 991 2982 ἂν
1028 2927 1332 2998 μετέγνωτε
1363 2929 1455 2982 ἐπὶ
1477 2932 1543 2999 τῇ
1577 2931 1723 3000 σιγῇ.
1758 2931 1933 2983 Λυπεῖ
1960 2929 2018 2983 δέ
2054 2945 2122 3000 με

547 3024 683 3095 πρὸς
729 3022 940 3086 τούτοις
989 3022 1050 3076 τὸ
1093 3024 1231 3095 μήτε
1275 3025 1356 3087 είς
1402 3023 1891 3095 γραμματηφόρων
1923 3025 2122 3079 σπάνιν

547 3115 769 3184 ιχοντας
809 3116 1147 3182 καταφυγεῖν
1181 3112 1341 3167 τοῦτο
1385 3114 1627 3184 ποιῆσαι.
1675 3114 1852 3185 Ὅπερ
1899 3112 2123 3185 σημεῖόν

547 3202 694 3256 ἐστιν
818 3202 932 3256 ἀλλ’
973 3201 1084 3271 ἐγὼ
1135 3202 1236 3273 μέν
1282 3203 1435 3256 οὐδὲν
1482 3203 1549 3257 ἂν
1589 3203 1799 3274 εἴποιμι
1840 3202 2120 3273 δυσχερὲς,

549 3292 679 3363 ὑμῖν
723 3292 780 3345 δὲ
834 3293 1228 3364 καταλιμπάνω
1269 3294 1490 3358 είδέναι,
1527 3297 1576 3349 εἰ
1610 3295 1684 3366 μὴ
1714 3295 1916 3366 πολλῆς
1951 3294 2122 3348 ταῦτα

548 3381 860 3453 ὀλιγωρίας,
916 3384 1012 3437 καὶ
1065 3383 1166 3453 τῆς
1220 3384 1344 3439 καθ’
1396 3387 1552 3457 ἡμῶν
1600 3387 1921 3457 ὑπεροψίας.
1982 3385 2121 3440 Ἀλλ’

549 3473 701 3526 οὐδέν
725 3490 814 3542 μοι
841 3473 996 3526 τοῦτο
1034 3475 1184 3544 μέλει
1213 3484 1253 3539 ⁸,
1288 3475 1391 3528 κᾶν
1410 3478 1803 3548 καταφρονῆτε,
1830 3477 1931 3532 κᾶν
1957 3477 2122 3548 ὑπερ-

549 3569 712 3639 ορᾶτε
742 3569 840 3639 τῆς
872 3569 1144 3642 ἡμετέρας
1180 3571 1561 3642 σμικρότητος·
1585 3572 1642 3626 ἐν
1668 3572 1909 3644 ἐπιζητῶ
1940 3572 2119 3643 μόνον,

549 3660 699 3722 ὄπως
745 3660 813 3714 ἀν
860 3661 1171 3732 διακέησθε,
1207 3664 1276 3716 τά
1327 3664 1630 3733 γράμματα
1675 3667 1775 3735 τῆς
1817 3662 2124 3728 θεοσεϐείας

552 3749 727 3821 ὑμῶν,
773 3751 840 3805 τά
883 3753 1082 3822 πολλὴν
1116 3752 1305 3822 ἔχοντα
1341 3753 1701 3824 παράκλησιν.
1740 3755 1850 3808 Καὶ
1886 3755 1993 3826 γάρ
2029 3757 2123 3808 καὶ

551 3835 634 3904 εἷς
667 3842 761 3894 καὶ
789 3840 1038 3912 δεύτερος
1071 3841 1328 3906 πολλάκις
1357 3843 1618 3912 ἀφίκοντο
1646 3845 1782 3916 πρδς
1813 3847 1983 3915 ἡμᾶς,
2029 3846 2124 3898 καὶ

552 3927 649 3982 νῦν
674 3931 703 3982 ό
726 3929 913 4001 κύριός
945 3948 1046 4001 μου
1070 3933 1099 3984 ό
1124 3932 1450 4003 τιμιώτατος
1478 3934 1703 4004 ἀδελφὸς
1727 3938 1999 4002 Διϐάνιος,
2029 3939 2124 3992 καὶ

554 4020 653 4076 οὐκ
678 4021 944 4091 ἠξιώσατε
984 4025 1133 4094 ἡμᾶς
1173 4024 1281 4077 τῶν
1317 4024 1596 4097 ὑμετέρων
1629 4029 1989 4099 γραμμάτων.
2032 4031 2122 4100 Μὴ

554 4111 617 4180 δὴ
651 4111 944 4183 προσθῆτε.
994 4114 1318 4184 παρακαλῶ,
1359 4118 1426 4187 τῇ
1473 4116 1680 4189 ἀθυμίᾳ
1729 4137 1830 4189 μου
1886 4121 2125 4192 ἀθυμίαν

554 4202 767 4273 ἑτέραν.
824 4203 888 4257 El
935 4202 1044 4275 7&9
1101 4204 1234 4275 μηδὲ
1278 4207 1417 4274 μετά
1444 4206 1541 4278 τὴν
1585 4210 1874 4280 ἐπιστολὴν
1921 4211 2124 4281 ταύτην

554 4290 904 4363 βουληθείητε
933 4294 1065 4364 ἡμῖν
1091 4295 1414 4361 ἐπιστεῖλαι,
1443 4297 1476 4367 ἡ
1504 4297 1667 4368 ὄκνῳ,
1702 4299 1736 4369 ἡ
1775 4299 2016 4373 ῥᾳθυμίᾳ
2036 4305 2124 4356 ἐν-

556 4381 753 4449 δόντες,
807 4383 968 4453 ἡμεῖς
1017 4383 1076 4437 οὐ
1117 4385 1442 4456 παυσόμεθα
1473 4388 1501 4426 δ
1531 4389 1627 4444 καὶ
1663 4390 1986 4461 γράφοντες,
2029 4395 2125 4448 καὶ

562 4471 700 4540 μετά
726 4471 820 4525 τοῦ
848 4472 1081 4542 γράφειν
1115 4475 1208 4528 καί
1242 4475 1625 4548 ὀλοφυρόμενοι
1661 4479 1756 4533 καὶ
1806 4481 2124 4552 θρηνοῦντες

560 4559 646 4614 διά
682 4561 780 4632 τὴν
816 4563 974 4634 σιγὴν
998 4565 1099 4634 τὴν
1133 4565 1422 4636 ὑμετέραν.
1443 4569 1647 4624 Τούτου
1685 4571 1793 4640 γάρ
1827 4573 1991 4642 ἐσμεν
2024 4573 2124 4626 κύ-

560 4665 686 4719 ριοι.
725 4651 800 4704 Οὐ
836 4652 1029 4722 μικρὸν
1061 4652 1118 4705 δὲ
1151 4652 1247 4705 καὶ
1277 4653 1433 4708 τοῦτο
1472 4658 1602 4726 ἡμῖν
1649 4658 1728 4720 είς
1760 4661 2124 4731 παράκλησιν,

561 4739 761 4809 μᾶλλον
799 4739 854 4793 δέ
886 4742 979 4795 καὶ
1009 4741 1198 4796 τούτου
1229 4745 1398 4815 χωρὶς
1428 4747 1461 4816 ἡ
1496 4746 1724 4818 μεγίστη
1760 4749 1916 4819 ἡμῶν
1947 4768 2126 4823 παρα-

563 4830 752 4902 μυθία,
782 4832 844 4885 τὸ
866 4832 1028 4903 μέχρι
1050 4837 1149 4905 τῆς
1169 4835 1403 4906 ἐρημίας
1427 4837 1597 4909 αὐτῆς
1626 4840 1850 4894 καὶτῶν
1875 4844 2127 4914 περάτων

559 4928 659 4996 τῆς
686 4927 787 4998 γῆς
811 4926 968 4997 (πρὸς
988 4928 1096 4998 γάρ
1115 4928 1253 4983 αύτά
1273 4928 1345 4983 τά
1369 4929 1582 5002 πέρατα
1605 4932 1788 5003 σχεδόν
1815 4937 1981 5007 ἐσμεν
2008 4938 2124 5011 νῦν)

561 5017 749 5086 φήμην
780 5017 933 5087 ὑμῶν
959 5017 1278 5073 διαδίδοσθαι
1300 5019 1577 5091 λαμπρὰν,
1615 5024 1943 5094 κομίζουσαν
1972 5028 2126 5099 ὑμῶν

562 5106 807 5178 1755]τά
830 5108 1246 5180 κατορθώματα.
1281 5113 1488 5176 Πάντες
1511 5113 1618 5184 γάρ
1644 5115 1787 5186 ὑμᾶς
1817 5118 2125 5192 ἀνακηρύτο

561 5210 735 5259 τουσι,
771 5195 1126 5268 θαυμάζουσι,
1166 5202 1506 5269 στεφανοῦσι,
1534 5205 1893 5275 μακαρίζουσι
1914 5211 2013 5281 τῆς
2036 5211 2126 5265 ἀν-

561 5284 764 5356 δρείας,
794 5290 890 5359 τῆς
917 5293 1286 5364 στερρότητος,
1309 5297 1374 5366 ἣν
1401 5296 1489 5350 διά
1514 5297 1623 5350 τῶν
1645 5297 1820 5369 ἐργων
1853 5302 2127 5371 ἐπεδείξα-

565 5377 680 5442 σθε,
718 5379 778 5432 τὺ
809 5383 1076 5451 γραφικὸν
1102 5385 1274 5439 ἐκεῖνο
1302 5388 1653 5460 πληροῦντες,
1687 5392 1840 5459 Ἕως
1868 5396 2124 5453 θανάτου

561 5466 848 5536 ἀγώνισαι
893 5473 1044 5541 ὑπὲρ
1079 5473 1189 5544 τῆς
1220 5477 1524 5546 ἀληθείας,
1559 5482 1660 5535 καί
1697 5484 1909 5551 Κύριος
1946 5491 2124 5542 πολε-

559 5557 741 5624 μήσει
789 5561 941 5630 ὑπὲρ
968 5565 1083 5620 σοῦ
1112 5576 1159 5620 ε.
1205 5568 1335 5624 Ἰδοὺ
1378 5572 1510 5640 γοῦν
1549 5574 1816 5630 τοσούτων
1869 5579 2125 5650 κυμάτων

626 5680 651 5743 _‘
676 5680 797 5743 Beg.
820 5682 990 5731 τούτου
1008 5687 1154 5743 μέλει.

627 5737 660 5805 P
681 5737 788 5805 Βθέ
825 5745 1004 5805 ww

629 5797 657 5833 ⁸
681 5797 803 5866 Rei.
830 5797 1118 5867 hip'bpév.

1225 390 1288 448 8.
1323 384 1606 445 JOANNIS
1640 374 2122 442 CHRYSOSTOIII

2220 371 2482 430 RCHIEP.
2518 365 3073 430 CONSTANTINOP.

3688 358 3798 416 ’146

2221 489 2638 561 ἐπενεχθέντων,
2689 483 2954 556 τοσαύτης
3012 480 3182 552 ζάλης
3230 475 3616 546 δωναστάσης,
3667 474 3798 531 οὐτε

2221 579 2518 653 θορυϐῆσαί
2547 596 2634 644 τις
2665 579 2810 650 ὑμᾶς
2839 577 3077 647 ἴσχυσεν,
3110 571 3236 628 οὐτε
3278 574 3359 635 είς
3389 569 3570 625 ὁτιοῦν
3606 585 3796 641 παρα-
3843 599 3847 602 -

2220 671 2439 742 ϐλάψαι,
2470 671 2606 725 ἀλλά
2649 671 2745 724 καὶ
2787 665 3050 740 μειζόνων
3080 665 3210 735 ὑμῖν
3240 663 3531 734 ἐγκωμίων
3568 659 3798 725 ἄκοντες

2218 764 2502 832 γεγόνασιν
2533 763 2585 815 οἱ
2613 761 2802 825 κακῶς
2827 760 2972 831 ὑμᾶς
3006 757 3231 828 ποιῆσαι
3269 754 3581 826 βουλόμενοι
3606 753 3792 806 αἴτιοι.

2219 852 2318 906 Διά
2365 851 2540 906 ταῦτα
2585 852 2829 923 χαίρετε,
2872 846 3195 923 παρακαλῶ,
3249 845 3343 898 καὶ
3409 841 3792 914 εὐφραίνεσθε,

2219 943 2420 1000 καὶτὸν
2447 942 2580 997 Θεδν
2612 943 2948 1005 ίκετεύοντες
2977 939 3053 1012 μὴ
3075 936 3378 1008 διαλίπητε,
3415 935 3507 989 τὸν
3535 934 3798 988 ποιοῦντα

2219 1033 2313 1089 καὶ
2351 1033 2842 1106 μετασκευάζοντα.
2871 1032 3095 1102 Ποιὴσει
3136 1029 3246 1100 γὰρ
3271 1027 3484 1098 ταχέως
3521 1025 3664 1097 ὑπὲρ
3701 1027 3796 1078 ἐκ-

2219 1121 2482 1194 περισσοῦ
2522 1116 2597 1178 ὧν
2635 1121 2937 1191 αίτούμεθα
2973 1121 3009 1193 ἡ
3049 1118 3297 1190 νοοῦμεν,
3330 1119 3421 1173 διά
3460 1116 3561 1188 τὴν
3586 1116 3799 1170 οἰκείαν

2217 1214 2554 1287 ἀγαθότητα.

2324 1308 2463 1362 ΣΗ.
2495 1303 2605 1360 Τοῦ
2630 1303 2818 1359 αὐτοῦ
2855 1303 3006 1372 πρὸς
3018 1301 3258 1358 Κάστον
3283 1300 3712 1371 πρεσϐύτερον.

2289 1395 2412 1461 Πῶς
2434 1396 2727 1467 διαλάμπει
2753 1395 2960 1466 σαφῶς,
2986 1395 3081 1449 καὶ⁸
3101 1393 3284 1448 λαθεῖν
3305 1395 3364 1446 οὐ
3388 1392 3669 1462 δύναταιὴ
3695 1392 3800 1462 ψυ-

2217 1483 2287 1556 χὴ
2320 1484 2530 1558 θερμὴν
2555 1487 2774 1556 ἀγάπην
2802 1484 3039 1556 ἔχουσαι
3067 1484 3206 1555 ὅπερ
3233 1482 3327 1538 ἐπὶ
3348 1485 3448 1553 τῆς
3480 1483 3581 1553 σῆς
3608 1482 3800 1550 γέγονε

2215 1576 2546 1647 τιμιότητος.
2573 1576 2709 1630 οὐδὲ
2729 1575 2838 1647 γάρ
2859 1575 3014 1635 είδὼς
3042 1575 3125 1629 ὃτι
3158 1571 3572 1640 ἐπεστάλκαμέν
3604 1589 3699 1626 σου
3731 1574 3798 1644 τῇ

2216 1667 2472 1740 εὐλαϐείᾳ
2513 1668 2711 1740 (καίτοι
2749 1685 2814 1738 γε
2856 1666 3316 1737 ἐπεστάλκαμεν),
3351 1666 3501 1736 ὅμως
3534 1663 3696 1728 αὐτὸς
3730 1663 3801 1718 τά

2216 1759 2369 1832 παρά
2417 1758 2616 1814 σαυτοῦ
2665 1758 2993 1830 πεποίηκας,
3044 1755 3263 1826 γράψας
3300 1773 3356 1808 τε
3388 1757 3542 1826 ἡμῖν,
3571 1756 3669 1808 καὶ
3700 1754 3803 1826 τὴν

2215 1847 2454 1902 διάθεσίν
2493 1864 2588 1900 σου
2626 1845 2725 1918 τὴν
2755 1846 2983 1918 γνησίαν
3014 1847 3111 1899 καὶ
3145 1847 3202 1897 ἐν
3240 1843 3416 1914 τούτῳ
3452 1843 3800 1912 ἐπιδειξάμε-

2217 1952 2326 1999 νος,
2353 1934 2448 1990 κα)⁵
2479 1934 2679 2004 πολλῆς
2705 1934 2853 2004 ἡμᾶς
2881 1931 3166 2004 ἐμπλήσας
3197 1930 3298 2003 τῆς
3334 1930 3672 2001 εὐφροσύνης
3705 1930 3800 1984 καὶ

2218 2029 2317 2099 τῆς
2342 2025 2759 2098 παρακλήσεως.
2792 2026 2887 2079 Ἰν’
2907 2020 3000 2079 οὖν
3028 2024 3266 2095 συνεχῶς
3290 2022 3497 2094 ταύτης
3518 2022 3800 2076 ἀπολαύω-

2222 2133 2322 2188 μεν
2357 2120 2456 2188 τῆς
2494 2116 2685 2188 ἡδονῆς
2732 2116 2827 2169 καὶ
2875 2114 3322 2188 εὐφραινώμεθα,
3361 2113 3603 2186 συνεχῶς
3642 2113 3801 2167 τοῦτο

2219 2210 2391 2262 ποιεῖν
2419 2206 2819 2279 παρακέκλησο.
2846 2205 3010 2277 ἡνίκα
3052 2207 3120 2261 ἀν
3156 2205 3272 2276 ἐξῇ.
3313 2206 3549 2277 οἴδαμεν
3580 2206 3692 2276 7&9
3715 2205 3800 2257 δτι

2219 2299 2278 2352 τὸ
2309 2299 2542 2369 πρᾶγμα
2578 2297 2854 2363 δύσκολον,
2899 2297 2976 2367 τῷ
3019 2296 3093 2369 μὴ
3146 2296 3344 2368 ῥᾳδίως
3387 2295 3539 2358 τινάς
3567 2294 3802 2348 ἐνταῦθα

2221 2388 2638 2461 παραγίνεσθαι·
2681 2389 2776 2442 καὶ
2804 2387 2912 2460 γάρ
2942 2387 3004 2442 τὸ
3046 2387 3148 2457 τῆς
3180 2385 3505 2457 οἰκουμένης
3529 2387 3804 2458 ἐρημότα-

2216 2497 2308 2534 τον
2328 2479 2525 2550 χωρίον
2553 2477 2709 2532 τοῦτό
2745 2479 2912 2531 ἐστιν·
2946 2475 3060 2531 ἀλλ’
3087 2477 3232 2547 ὅμως
3265 2477 3375 2538 τοῖς
3409 2474 3669 2544 ἀγαπῶσι
3707 2477 3804 2530 καὶ

2215 2569 2287 2623 τά
2313 2568 2546 2623 δύσκολα
2579 2567 2776 2620 εὔκολα
2802 2565 3032 2634 γίνεται.
3056 2566 3120 2618 El
3157 2566 3266 2637 7&9
3302 2564 3621 2636 βουληθείης
3648 2583 3804 2637 περι-

2218 2656 2547 2729 εργάζεσθαι
2591 2657 2687 2710 καὶ
2726 2656 3222 2726 πολυπραγμονεῖν,
3250 2656 3378 2720 τοὺς
3409 2655 3620 2710 ἐκεῖθεν
3660 2651 3802 2710 κατά

2218 2746 2408 2818 χρείας
2442 2745 2576 2808 ίδίας
2605 2744 3036 2816 ἀφικνουμένους
3063 2744 3339 2815 εὑρήσεις,
3370 2745 3464 2798 καὶ⁵
3484 2744 3624 2809 ὅλως
3647 2745 3802 2800 οὐδὲν

2219 2834 2486 2904 ἐπιλείψει
2529 2833 2607 2904 τῷ
2654 2834 2838 2904 ζητεῖν
2887 2833 3008 2887 καθ’
3064 2833 3208 2889 ὁδοῦ.
3261 2834 3425 2888 Ταῦτ’
3459 2830 3554 2888 οὖν
3610 2834 3804 2899 εἰδὼς,

2218 2924 2458 2979 δέσποτά
2507 2942 2606 2995 μου
2651 2923 2965 2994 τιμιώτατε,
2998 2927 3242 2995 συνεχεῖς
3280 2927 3414 2995 ἡμῖν
3457 2925 3646 2996 πέμπε
3679 2928 3804 2981 ἐπι-

2221 3010 2432 3074 στολάς.
2469 3010 2542 3064 Τό
2573 3027 2632 3064 τε
2674 3009 2781 3081 γὰρ
2807 3012 3040 3081 πρᾶγμα
3067 3010 3353 3065 δυσκολίαν
3381 3013 3642 3084 οὐδεμίαν
3668 3015 3803 3086 ἔχει,

2219 3101 2344 3154 οὐτε
2388 3101 2574 3164 πόνον,
2631 3103 2664 3172 ἡ
2708 3101 2766 3154 δὲ
2809 3101 2870 3166 ἐξ
2915 3101 3078 3156 αὐτοῦ
3129 3101 3434 3174 εὐφροσύνη
3474 3105 3807 3175 πτεροῦσθαι

2221 3193 2368 3262 ἡμᾶς
2387 3195 2552 3256 ποιεῖ,
2575 3193 2667 3246 καὶ
2690 3192 2892 3261 πολλῆς
2919 3193 3272 3265 παραμυθίας
3296 3193 3552 3258 ὑπόθεσις
3571 3195 3803 3263 γίνεται.

2222 3287 2406 3340 ΣΜΑ’.
2452 3285 2564 3340 Τοῦ
2619 3284 2801 3339 αὑτοῦ
2855 3285 3004 3353 πρὸς
3039 3285 3337 3354 κυριακὸν
3374 3288 3804 3356 πρεσϐύτερον.

2289 3375 2399 3428 Καὶ
2426 3376 2484 3430 ἐν
2507 3375 2682 3446 τούτῳ
2723 3374 3012 3447 ἐθαύμασά
3041 3393 3135 3429 σου
3162 3377 3262 3448 τὴν
3299 3378 3523 3447 ἀγάπην
3554 3378 3656 3449 τὴν
3681 3380 3808 3450 θερ-

2221 3466 2349 3537 μὴν,
2386 3468 2478 3521 καὶ
2503 3467 2750 3537 γνησίαν,
2785 3467 2880 3519 καὶ
2910 3466 3124 3538 ἀκλινῆ,
3157 3467 3223 3520 δι’
3251 3461 3320 3538 ἧς
3359 3468 3589 3534 ἔδειξας,
3623 3470 3709 3523 ὅτι
3741 3469 3805 3524 οὐ

2219 3559 2499 3628 παρόντων
2525 3557 2703 3628 ἡμῶν,
2726 3557 2861 3611 ἀλλά
2893 3558 2984 3611 καὶ
3011 3557 3255 3612 ἀπόντων
3280 3559 3447 3613 πολὺν
3474 3563 3601 3631 ποιῇ
3624 3559 3802 3628 λόγον.

2220 3650 2391 3713 Αὐτὸς
2410 3648 2508 3719 μέν
2529 3648 2637 3720 γάρ
2653 3648 2789 3719 ἔφης
2808 3649 2941 3720 μηδέ
2959 3648 3345 3703 ἐπεσταλκέναι
3367 3651 3516 3721 ἡμᾶς
3542 3653 3606 3720 τῇ
3627 3651 3808 3720 τιμιό-

2219 3739 2342 3808 τητί
2365 3723 2482 3802 σου,
2511 3739 2605 3791 καὶ
2629 3739 2728 3791 οὐκ
2755 3737 2972 3806 ἐγένετο
2997 3737 3154 3791 τοῦτο
3181 3739 3363 3792 ίκανὸν
3391 3739 3691 3809 ἐμποιῆσαι
3719 3757 3806 3794 σοι

2223 3830 2399 3900 σιγὴν,
2428 3829 2563 3882 ἀλλά
2592 3829 2769 3882 καίτοι
2815 3828 3043 3900 νομίσας
3071 3831 3218 3898 ἡμᾶς
3255 3829 3626 3900 σεσιγηκέναι,
3651 3834 3809 3902 τρεῖς

2221 3921 2509 3984 ἐπιστολὰς
2539 3921 2788 3992 ἔπεμψας
2830 3920 2966 3990 πρὸς
3005 3923 3170 3990 ἡμᾶς.
3206 3919 3396 3990 Ἡμεῖς
3418 3920 3474 3973 δέ
3505 3921 3600 3974 καὶ
3633 3920 3805 3987 ἇπαξ,

2221 4015 2313 4068 καὶ
2357 4012 2457 4076 δὶς,
2488 4012 2584 4067 καὶ⁸
2615 4014 2756 4082 τρὶς,
2795 4012 2889 4066 καὶ
2918 4011 3178 4075 πολλάκις
3219 4012 3658 4083 ἐπεττάλκαμεν.
3690 4015 3807 4068 Καὶ

2221 4104 2506 4176 ἀμφότερα
2532 4103 2740 4175 ἐδείχθη
2776 4103 2975 4166 καλῶς,
3004 4103 3041 4174 ἦ
3076 4121 3137 4156 τε
3157 4104 3346 4175 ἀγάπη
3378 4106 3411 4175 ἡ
3444 4105 3533 4175 σὴ,
3565 4105 3640 4175 μὴ
3672 4105 3802 4179 δεη-

2223 4197 2375 4250 θεῖσα
2421 4197 2530 4251 τῶν
2568 4197 2908 4267 γραμμάτων
2945 4196 3123 4267 ἡμῶν,
3156 4197 3193 4266 ἢ
3228 4213 3288 4249 τε
3333 4197 3722 4270 εὐγνωμοσύνη
3765 4201 3803 4270 ἡ

2222 4289 2486 4360 ἡμετέρα.
2528 4289 2678 4342 Ἐπεὶ
2701 4285 2793 4341 οὖν
2825 4284 3001 4352 οἶσθα,
3033 4288 3182 4352 ὅπως
3203 4290 3524 4360 διακείμεθα
3555 4291 3684 4361 περὶ
3704 4291 3806 4362 τὴν

2223 4398 2269 4434 τι
2280 4380 2511 4450 μιότητά
2542 4396 2655 4443 σου,
2684 4379 2765 4432 ὅτι
2791 4378 2868 4450 τῷ
2897 4379 3180 4451 κεφαλαίῳ
3199 4381 3306 4435 τῶν
3336 4381 3556 4450 ἀγαθῶν
3588 4382 3802 4453 βρύεις,

2223 4470 2300 4540 τῷ
2341 4469 2617 4540 συνδέσμῳ
2647 4470 2744 4539 τῆς
2782 4468 3141 4541 τελειότητος,
3179 4471 3554 4542 ἐπιδαψιλεύου
3592 4473 3805 4545 ταύτην

2226 4559 2376 4632 [756]
2407 4563 2532 4630 ἡμίν
2557 4559 2654 4630 τὴν
2677 4560 3048 4632 εὐφροσύνην.
3086 4563 3259 4626 Ὅσας
3293 4563 3400 4634 γὰρ
3435 4563 3503 4618 ἂν
3543 4564 3805 4636 λάϐωμεν

2225 4650 2531 4716 ἐπιστολὰς,
2565 4650 2668 4704 κᾶν
2703 4650 2892 4704 πολλαὶ
2919 4646 3022 4706 ὦσι
3049 4652 3127 4724 τῷ
3169 4654 3406 4725 ἀριθμῷ,
3434 4657 3494 4709 οὐ
3519 4655 3800 4725 λαμϐάνο-

2227 4755 2326 4809 μεν
2352 4737 2533 4811 κόρον,
2561 4738 2647 4792 διά
2676 4738 2735 4791 τὺ
2760 4739 2962 4811 σφόδρα
2994 4740 3294 4796 διακεῖσθαί
3326 4761 3423 4797 σου
3444 4744 3571 4815 περὶ
3595 4743 3696 4815 τὴν
3715 4762 3805 4798 τι·

2226 4830 2474 4901 μιότητα.

2365 4923 2550 4979 ΣΜΗ.
2600 4920 2709 4977 Τοῦ
2763 4925 3192 4996 Χρυσοστόμου
3239 4925 3529 4996 Χαλκιδίᾳ
3563 4929 3664 4982 καί

2825 4995 3212 5064 Ἁσυγκριτιᾳ.

2292 5084 2457 5138 Οὐδὲν
2486 5083 2614 5154 ὑμῖν
2650 5083 2944 5152 ἀπολογίας
2979 5084 3063 5137 δεῖ
3096 5085 3231 5155 πρὸς
3273 5083 3335 5137 τὸ
3368 5083 3442 5154 μὴ
3485 5087 3797 5156 παραγενέ-

2225 5173 2370 5226 σθαι·
2408 5175 2531 5242 ἐμοὶ
2563 5173 2671 5244 γὰρ
2698 5175 2807 5228 ἀπὸ
2846 5177 2946 5245 τῆς
2972 5174 3198 5245 γνώμης
3235 5177 3669 5246 παραγεγόνατε,
3705 5179 3799 5233 καὶ

2223 5265 2376 5318 οὐδὲν
2417 5266 2635 5318 ἔλαττον
2673 5265 2823 5336 ἔχετε
2855 5268 2985 5335 παρ’
3012 5268 3142 5337 ἡμῖν
3174 5265 3282 5319 τῶν
3321 5268 3670 5338 ἀφικομένων
3715 5271 3802 5323 ἐν·

2223 5356 2416 5411 ταῦθα.
2446 5356 2537 5409 Διὸ
2566 5358 2659 5410 καὶ
2701 5357 2860 5430 χάριν
2890 5359 3018 5427 ὑμῖν
3054 5358 3164 5429 ἔχω
3185 5359 3407 5428 πολλὴν,
3440 5359 3538 5430 τὴν
3565 5362 3802 5430 γνησίαν

2224 5448 2378 5517 ὑμῶν
2409 5446 2566 5510 είδὼς
2596 5447 2852 5513 διάθεσιν,
2888 5451 2983 5503 καὶ
3017 5449 3157 5520 ὑπὲρ
3178 5451 3274 5519 τῆς
3293 5450 3559 5512 ἀπουσίας
3591 5452 3800 5523 πολλὴν

2224 5539 2332 5609 ἔχω
2362 5537 2712 5609 συγγνώμην,
2747 5540 2835 5593 διά
2863 5558 2922 5594 τε
2952 5542 3051 5611 τὴν
3079 5541 3174 5594 τοῦ
3209 5541 3460 5611 σώματος
3484 5544 3798 5614 ἀρρωστίαν

2223 5630 2317 5682 καὶ
2358 5629 2458 5700 τὴν
2495 5628 2589 5682 τοῦ
2627 5630 2779 5694 ἔτους
2811 5631 2960 5703 ὥραν
2989 5632 3083 5685 καὶ
3112 5633 3199 5685 τὸν
3229 5634 3336 5685 τῶν
3365 5633 3576 5704 λῃστῶν
3609 5634 3775 5701 φόϐον

2223 5721 2461 5790 Γράφειν
2487 5721 2550 5790 δὴ
2583 5722 2656 5793 μὴ
2684 5727 2994 5778 κατοκνεῖτε
3029 5725 3265 5794 συνεχῶς
3290 5728 3419 5795 ἡμῖν
3448 5725 3516 5778 τά
3545 5727 3796 5798 περὶτῆς

2289 5823 2315 5864 δ
2340 5822 2430 5875 Hic
2454 5823 2626 5875 vitium
2651 5828 2964 5888 auspicantur
2983 5829 3134 5879 Sam.
3156 5833 3209 5877 et
3229 5828 3412 5878 Fronto
3441 5829 3670 5880 Ducena.
