  <div class='ocr_page' id='page_1' title='image "/cluster/home/n/w/nwhite01/storage/ocr_20150623/52/ien.35556001660794/366.png"; bbox 0 0 4076 6430; ppageno 0'>
   <div class='ocr_carea' id='block_1_1' title="bbox 225 380 330 440">
    <p class='ocr_par' dir='ltr' id='par_1_1' title="bbox 225 380 330 440">
     <span class='ocr_line' id='line_1_1' title="bbox 225 380 330 440; baseline 0 0"><span class='ocrx_word' id='word_1_1' title='bbox 225 380 330 440; x_wconf 68' lang='grc' dir='ltr'>ω</span> 
     </span>
    </p>
   </div>
   <div class='ocr_carea' id='block_1_2' title="bbox 218 484 1828 565">
    <p class='ocr_par' dir='ltr' id='par_1_2' title="bbox 218 484 1828 565">
     <span class='ocr_line' id='line_1_2' title="bbox 218 484 1828 565; baseline -0.012 -7"><span class='ocrx_word' id='word_1_2' title='bbox 218 510 440 558; x_wconf 85' lang='lat' dir='ltr'><strong>tuorum</strong></span> <span class='ocrx_word' id='word_1_3' title='bbox 483 491 917 556; x_wconf 67' lang='lat' dir='ltr'><strong>consideratione</strong></span> <span class='ocrx_word' id='word_1_4' title='bbox 965 493 1269 565; x_wconf 83' lang='lat' dir='ltr'><strong>capiemus,</strong></span> <span class='ocrx_word' id='word_1_5' title='bbox 1323 484 1472 546; x_wconf 81' lang='lat' dir='ltr'><strong>domi</strong></span> <span class='ocrx_word' id='word_1_6' title='bbox 1518 500 1641 543; x_wconf 81' lang='lat' dir='ltr'><strong>esse</strong></span> <span class='ocrx_word' id='word_1_7' title='bbox 1690 499 1793 540; x_wconf 86' lang='lat' dir='ltr'><strong>nos</strong></span> <span class='ocrx_word' id='word_1_8' title='bbox 1811 524 1828 551; x_wconf 94' lang='lat'><strong>,</strong></span> 
     </span>
    </p>
   </div>
   <div class='ocr_carea' id='block_1_3' title="bbox 218 577 1829 663">
    <p class='ocr_par' dir='ltr' id='par_1_3' title="bbox 218 577 1829 663">
     <span class='ocr_line' id='line_1_3' title="bbox 218 577 1829 663; baseline -0.012 -15"><span class='ocrx_word' id='word_1_9' title='bbox 218 591 607 663; x_wconf 85' lang='lat' dir='ltr'><strong>vobiscumque</strong></span> <span class='ocrx_word' id='word_1_10' title='bbox 635 587 840 646; x_wconf 88' lang='lat' dir='ltr'><strong>versari</strong></span> <span class='ocrx_word' id='word_1_11' title='bbox 864 584 1268 652; x_wconf 73' lang='lat' dir='ltr'><strong>arbitrabimur,</strong></span> <span class='ocrx_word' id='word_1_12' title='bbox 1314 589 1370 638; x_wconf 92' lang='lat' dir='ltr'><strong>et</strong></span> <span class='ocrx_word' id='word_1_13' title='bbox 1393 595 1462 636; x_wconf 81' lang='lat' dir='ltr'><strong>ex</strong></span> <span class='ocrx_word' id='word_1_14' title='bbox 1492 577 1658 634; x_wconf 86' lang='lat' dir='ltr'><strong>animi</strong></span> <span class='ocrx_word' id='word_1_15' title='bbox 1699 591 1829 631; x_wconf 87' lang='lat' dir='ltr'><strong>sen-</strong></span> 
     </span>
    </p>
   </div>
   <div class='ocr_carea' id='block_1_4' title="bbox 219 681 1128 742">
    <p class='ocr_par' dir='ltr' id='par_1_4' title="bbox 219 681 1128 742">
     <span class='ocr_line' id='line_1_4' title="bbox 219 681 1128 742; baseline -0.01 0"><span class='ocrx_word' id='word_1_16' title='bbox 219 686 390 742; x_wconf 88' lang='lat' dir='ltr'><strong>tentia</strong></span> <span class='ocrx_word' id='word_1_17' title='bbox 417 685 572 742; x_wconf 87' lang='lat' dir='ltr'><strong>nobis</strong></span> <span class='ocrx_word' id='word_1_18' title='bbox 591 691 788 740; x_wconf 88' lang='lat' dir='ltr'><strong>cuncta</strong></span> <span class='ocrx_word' id='word_1_19' title='bbox 817 681 1128 738; x_wconf 72' lang='lat' dir='ltr'><strong>succedam.</strong></span> 
     </span>
    </p>
   </div>
   <div class='ocr_carea' id='block_1_5' title="bbox 217 809 1811 887">
    <p class='ocr_par' dir='ltr' id='par_1_5' title="bbox 217 809 1811 887">
     <span class='ocr_line' id='line_1_5' title="bbox 217 809 1811 887; baseline -0.009 -12"><span class='ocrx_word' id='word_1_20' title='bbox 217 816 575 876; x_wconf 68' lang='lat' dir='ltr'><strong>CCXXXII.</strong></span> <span class='ocrx_word' id='word_1_21' title='bbox 599 815 848 887; x_wconf 72' lang='lat' dir='ltr'><strong>Eiusdem</strong></span> <span class='ocrx_word' id='word_1_22' title='bbox 875 816 944 869; x_wconf 75' lang='lat' dir='ltr'><strong>ad</strong></span> <span class='ocrx_word' id='word_1_23' title='bbox 974 813 1232 870; x_wconf 75' lang='lat' dir='ltr'><strong>Valerium</strong></span> <span class='ocrx_word' id='word_1_24' title='bbox 1256 822 1303 866; x_wconf 83' lang='lat' dir='ltr'><strong>et</strong></span> <span class='ocrx_word' id='word_1_25' title='bbox 1320 809 1674 880; x_wconf 76' lang='lat' dir='ltr'><strong>Dioph‘antttm</strong></span> <span class='ocrx_word' id='word_1_26' title='bbox 1703 822 1811 878; x_wconf 79' lang='lat' dir='ltr'><strong>pre-</strong></span> 
     </span>
    </p>
   </div>
   <div class='ocr_carea' id='block_1_6' title="bbox 579 901 1472 981">
    <p class='ocr_par' dir='ltr' id='par_1_6' title="bbox 579 901 1472 981">
     <span class='ocr_line' id='line_1_6' title="bbox 579 901 1472 981; baseline -0.007 -19"><span class='ocrx_word' id='word_1_27' title='bbox 579 909 826 981; x_wconf 57' lang='grc' dir='ltr'><strong>ὤνια-οε.</strong></span> <span class='ocrx_word' id='word_1_28' title='bbox 854 905 1105 978; x_wconf 87' lang='lat' dir='ltr'><strong>(Cucuso</strong></span> <span class='ocrx_word' id='word_1_29' title='bbox 1129 917 1274 959; x_wconf 86' lang='lat' dir='ltr'><strong>anno</strong></span> <span class='ocrx_word' id='word_1_30' title='bbox 1298 901 1472 975; x_wconf 72' lang='grc' dir='ltr'><strong>ιω.)</strong></span> 
     </span>
    </p>
   </div>
   <div class='ocr_carea' id='block_1_7' title="bbox 289 1030 1830 1112">
    <p class='ocr_par' dir='ltr' id='par_1_7' title="bbox 289 1030 1830 1112">
     <span class='ocr_line' id='line_1_7' title="bbox 289 1030 1830 1112; baseline -0.008 -14"><span class='ocrx_word' id='word_1_31' title='bbox 289 1040 437 1099; x_wconf 80' lang='lat' dir='ltr'><strong>Sane</strong></span> <span class='ocrx_word' id='word_1_32' title='bbox 464 1040 680 1112; x_wconf 83' lang='lat' dir='ltr'><strong>quidem</strong></span> <span class='ocrx_word' id='word_1_33' title='bbox 727 1038 855 1094; x_wconf 87' lang='lat' dir='ltr'><strong>licet</strong></span> <span class='ocrx_word' id='word_1_34' title='bbox 896 1052 1006 1093; x_wconf 92' lang='lat' dir='ltr'><strong>non</strong></span> <span class='ocrx_word' id='word_1_35' title='bbox 1044 1035 1384 1106; x_wconf 79' lang='lat' dir='ltr'><strong>scripsissem</strong></span> <span class='ocrx_word' id='word_1_36' title='bbox 1407 1076 1424 1101; x_wconf 90' lang='lat'><strong>,</strong></span> <span class='ocrx_word' id='word_1_37' title='bbox 1459 1046 1558 1089; x_wconf 86' lang='lat' dir='ltr'><strong>vos</strong></span> <span class='ocrx_word' id='word_1_38' title='bbox 1593 1030 1830 1104; x_wconf 73' lang='lat' dir='ltr'><strong>oportuit</strong></span> 
     </span>
    </p>
   </div>
   <div class='ocr_carea' id='block_1_8' title="bbox 217 1127 1830 1202">
    <p class='ocr_par' dir='ltr' id='par_1_8' title="bbox 217 1127 1830 1202">
     <span class='ocr_line' id='line_1_8' title="bbox 217 1127 1830 1202; baseline -0.009 -10"><span class='ocrx_word' id='word_1_39' title='bbox 217 1135 459 1192; x_wconf 80' lang='lat' dir='ltr'><strong>scribere</strong></span> <span class='ocrx_word' id='word_1_40' title='bbox 489 1133 632 1190; x_wconf 83' lang='lat' dir='ltr'><strong>:lioc</strong></span> <span class='ocrx_word' id='word_1_41' title='bbox 669 1133 812 1188; x_wconf 90' lang='lat' dir='ltr'><strong>enim</strong></span> <span class='ocrx_word' id='word_1_42' title='bbox 838 1130 1001 1202; x_wconf 78' lang='lat' dir='ltr'><strong>exigit</strong></span> <span class='ocrx_word' id='word_1_43' title='bbox 1038 1129 1126 1185; x_wconf 80' lang='lat' dir='ltr'><strong>lex</strong></span> <span class='ocrx_word' id='word_1_44' title='bbox 1156 1127 1397 1184; x_wconf 88' lang='lat' dir='ltr'><strong>caritatis</strong></span> <span class='ocrx_word' id='word_1_45' title='bbox 1424 1167 1440 1193; x_wconf 92' lang='lat'><strong>,</strong></span> <span class='ocrx_word' id='word_1_46' title='bbox 1488 1139 1609 1197; x_wconf 69' lang='lat' dir='ltr'><strong>qua</strong></span> <span class='ocrx_word' id='word_1_47' title='bbox 1652 1137 1830 1194; x_wconf 89' lang='lat' dir='ltr'><strong>neque</strong></span> 
     </span>
    </p>
   </div>
   <div class='ocr_carea' id='block_1_9' title="bbox 219 1217 1831 1296">
    <p class='ocr_par' dir='ltr' id='par_1_9' title="bbox 219 1217 1831 1296">
     <span class='ocr_line' id='line_1_9' title="bbox 219 1217 1831 1296; baseline -0.007 -14"><span class='ocrx_word' id='word_1_48' title='bbox 219 1225 466 1296; x_wconf 85' lang='lat' dir='ltr'><strong>superari</strong></span> <span class='ocrx_word' id='word_1_49' title='bbox 505 1239 568 1280; x_wconf 88' lang='lat' dir='ltr'><strong>se</strong></span> <span class='ocrx_word' id='word_1_50' title='bbox 592 1224 756 1292; x_wconf 92' lang='lat' dir='ltr'><strong>sinit,</strong></span> <span class='ocrx_word' id='word_1_51' title='bbox 800 1222 898 1280; x_wconf 89' lang='lat' dir='ltr'><strong>sed</strong></span> <span class='ocrx_word' id='word_1_52' title='bbox 935 1221 1140 1278; x_wconf 88' lang='lat' dir='ltr'><strong>amoris</strong></span> <span class='ocrx_word' id='word_1_53' title='bbox 1184 1233 1412 1276; x_wconf 82' lang='lat' dir='ltr'><strong>excessu</strong></span> <span class='ocrx_word' id='word_1_54' title='bbox 1456 1217 1662 1273; x_wconf 90' lang='lat' dir='ltr'><strong>amicos</strong></span> <span class='ocrx_word' id='word_1_55' title='bbox 1703 1228 1831 1270; x_wconf 86' lang='lat' dir='ltr'><strong>suos</strong></span> 
     </span>
    </p>
   </div>
   <div class='ocr_carea' id='block_1_10' title="bbox 219 1305 1829 1387">
    <p class='ocr_par' dir='ltr' id='par_1_10' title="bbox 219 1305 1829 1387">
     <span class='ocr_line' id='line_1_10' title="bbox 219 1305 1829 1387; baseline -0.008 -14"><span class='ocrx_word' id='word_1_56' title='bbox 219 1319 437 1373; x_wconf 78' lang='lat' dir='ltr'><strong>vincere</strong></span> <span class='ocrx_word' id='word_1_57' title='bbox 468 1325 728 1387; x_wconf 87' lang='lat' dir='ltr'><strong>perpetuo</strong></span> <span class='ocrx_word' id='word_1_58' title='bbox 770 1313 1047 1370; x_wconf 84' lang='lat' dir='ltr'><strong>contendit</strong></span> <span class='ocrx_word' id='word_1_59' title='bbox 1079 1331 1095 1369; x_wconf 93' lang='lat'><strong>:</strong></span> <span class='ocrx_word' id='word_1_60' title='bbox 1121 1327 1248 1368; x_wconf 89' lang='lat' dir='ltr'><strong>cum</strong></span> <span class='ocrx_word' id='word_1_61' title='bbox 1275 1325 1406 1368; x_wconf 76' lang='lat' dir='ltr'><strong>vero</strong></span> <span class='ocrx_word' id='word_1_62' title='bbox 1421 1310 1536 1381; x_wconf 84' lang='lat' dir='ltr'><strong>jam</strong></span> <span class='ocrx_word' id='word_1_63' title='bbox 1578 1317 1633 1363; x_wconf 91' lang='lat' dir='ltr'><strong>et</strong></span> <span class='ocrx_word' id='word_1_64' title='bbox 1659 1305 1829 1363; x_wconf 89' lang='lat' dir='ltr'><strong>semel</strong></span> 
     </span>
    </p>
   </div>
   <div class='ocr_carea' id='block_1_11' title="bbox 217 1398 1830 1477">
    <p class='ocr_par' dir='ltr' id='par_1_11' title="bbox 217 1398 1830 1477">
     <span class='ocr_line' id='line_1_11' title="bbox 217 1398 1830 1477; baseline -0.007 -13"><span class='ocrx_word' id='word_1_65' title='bbox 217 1417 276 1464; x_wconf 88' lang='lat' dir='ltr'><strong>et</strong></span> <span class='ocrx_word' id='word_1_66' title='bbox 299 1408 382 1463; x_wconf 87' lang='lat' dir='ltr'><strong>bis</strong></span> <span class='ocrx_word' id='word_1_67' title='bbox 402 1407 733 1477; x_wconf 87' lang='lat' dir='ltr'><strong>scripserim,</strong></span> <span class='ocrx_word' id='word_1_68' title='bbox 763 1420 830 1460; x_wconf 92' lang='lat' dir='ltr'><strong>ne</strong></span> <span class='ocrx_word' id='word_1_69' title='bbox 855 1404 935 1460; x_wconf 89' lang='lat' dir='ltr'><strong>sic</strong></span> <span class='ocrx_word' id='word_1_70' title='bbox 959 1402 1174 1474; x_wconf 89' lang='lat' dir='ltr'><strong>quidem</strong></span> <span class='ocrx_word' id='word_1_71' title='bbox 1196 1401 1263 1457; x_wconf 89' lang='lat' dir='ltr'><strong>ad</strong></span> <span class='ocrx_word' id='word_1_72' title='bbox 1284 1415 1384 1456; x_wconf 90' lang='lat' dir='ltr'><strong>nos</strong></span> <span class='ocrx_word' id='word_1_73' title='bbox 1401 1401 1590 1456; x_wconf 87' lang='lat' dir='ltr'><strong>literas</strong></span> <span class='ocrx_word' id='word_1_74' title='bbox 1616 1398 1830 1453; x_wconf 83' lang='lat' dir='ltr'><strong>mittere</strong></span> 
     </span>
    </p>
   </div>
   <div class='ocr_carea' id='block_1_12' title="bbox 213 1488 1827 1572">
    <p class='ocr_par' dir='ltr' id='par_1_12' title="bbox 213 1488 1827 1572">
     <span class='ocr_line' id='line_1_12' title="bbox 213 1488 1827 1572; baseline -0.009 -15"><span class='ocrx_word' id='word_1_75' title='bbox 213 1499 423 1572; x_wconf 74' lang='lat' dir='ltr'><strong>dignati</strong></span> <span class='ocrx_word' id='word_1_76' title='bbox 447 1499 609 1564; x_wconf 85' lang='lat' dir='ltr'><strong>estis,</strong></span> <span class='ocrx_word' id='word_1_77' title='bbox 633 1496 728 1553; x_wconf 89' lang='lat' dir='ltr'><strong>sed</strong></span> <span class='ocrx_word' id='word_1_78' title='bbox 753 1507 860 1553; x_wconf 87' lang='lat' dir='ltr'><strong>tam</strong></span> <span class='ocrx_word' id='word_1_79' title='bbox 886 1496 1139 1552; x_wconf 90' lang='lat' dir='ltr'><strong>diuturno</strong></span> <span class='ocrx_word' id='word_1_80' title='bbox 1167 1493 1383 1551; x_wconf 90' lang='lat' dir='ltr'><strong>silentio</strong></span> <span class='ocrx_word' id='word_1_81' title='bbox 1405 1492 1488 1548; x_wconf 90' lang='lat' dir='ltr'><strong>usi</strong></span> <span class='ocrx_word' id='word_1_82' title='bbox 1521 1490 1656 1548; x_wconf 86' lang='lat' dir='ltr'><strong>estis</strong></span> <span class='ocrx_word' id='word_1_83' title='bbox 1684 1488 1827 1560; x_wconf 89' lang='lat' dir='ltr'><strong>apud</strong></span> 
     </span>
    </p>
   </div>
   <div class='ocr_carea' id='block_1_13' title="bbox 219 1579 1828 1660">
    <p class='ocr_par' dir='ltr' id='par_1_13' title="bbox 219 1579 1828 1660">
     <span class='ocr_line' id='line_1_13' title="bbox 219 1579 1828 1660; baseline -0.006 -15"><span class='ocrx_word' id='word_1_84' title='bbox 219 1591 494 1647; x_wconf 77' lang='lat' dir='ltr'><strong>hominem</strong></span> <span class='ocrx_word' id='word_1_85' title='bbox 515 1631 535 1658; x_wconf 93' lang='lat'><strong>,</strong></span> <span class='ocrx_word' id='word_1_86' title='bbox 575 1589 668 1660; x_wconf 91' lang='lat' dir='ltr'><strong>qui</strong></span> <span class='ocrx_word' id='word_1_87' title='bbox 696 1587 998 1660; x_wconf 81' lang='lat' dir='ltr'><strong>frequentia</strong></span> <span class='ocrx_word' id='word_1_88' title='bbox 1028 1587 1305 1642; x_wconf 84' lang='lat' dir='ltr'><strong>literarum</strong></span> <span class='ocrx_word' id='word_1_89' title='bbox 1342 1591 1643 1640; x_wconf 87' lang='lat' dir='ltr'><strong>vestrarum</strong></span> <span class='ocrx_word' id='word_1_90' title='bbox 1672 1579 1828 1636; x_wconf 85' lang='lat' dir='ltr'><strong>obrui</strong></span> 
     </span>
    </p>
   </div>
   <div class='ocr_carea' id='block_1_14' title="bbox 219 1678 1826 1754">
    <p class='ocr_par' dir='ltr' id='par_1_14' title="bbox 219 1678 1826 1754">
     <span class='ocr_line' id='line_1_14' title="bbox 219 1678 1826 1754; baseline -0.007 -15"><span class='ocrx_word' id='word_1_91' title='bbox 219 1682 493 1754; x_wconf 86' lang='lat' dir='ltr'><strong>cupiebat.</strong></span> <span class='ocrx_word' id='word_1_92' title='bbox 536 1684 714 1753; x_wconf 82' lang='lat' dir='ltr'><strong>Atque</strong></span> <span class='ocrx_word' id='word_1_93' title='bbox 743 1680 860 1736; x_wconf 65' lang='lat' dir='ltr'><strong>haec</strong></span> <span class='ocrx_word' id='word_1_94' title='bbox 883 1695 913 1734; x_wconf 87' lang='lat' dir='ltr'><strong>a</strong></span> <span class='ocrx_word' id='word_1_95' title='bbox 944 1694 1032 1735; x_wconf 90' lang='lat' dir='ltr'><strong>me</strong></span> <span class='ocrx_word' id='word_1_96' title='bbox 1060 1678 1349 1744; x_wconf 87' lang='lat' dir='ltr'><strong>dicuntur,</strong></span> <span class='ocrx_word' id='word_1_97' title='bbox 1379 1690 1490 1732; x_wconf 88' lang='lat' dir='ltr'><strong>non</strong></span> <span class='ocrx_word' id='word_1_98' title='bbox 1517 1683 1578 1730; x_wconf 91' lang='lat' dir='ltr'><strong>ut</strong></span> <span class='ocrx_word' id='word_1_99' title='bbox 1607 1687 1705 1730; x_wconf 82' lang='lat' dir='ltr'><strong>vos</strong></span> <span class='ocrx_word' id='word_1_100' title='bbox 1733 1687 1826 1728; x_wconf 89' lang='lat' dir='ltr'><strong>ac-</strong></span> 
     </span>
    </p>
   </div>
   <div class='ocr_carea' id='block_1_15' title="bbox 217 1765 1832 1843">
    <p class='ocr_par' dir='ltr' id='par_1_15' title="bbox 217 1765 1832 1843">
     <span class='ocr_line' id='line_1_15' title="bbox 217 1765 1832 1843; baseline -0.008 -10"><span class='ocrx_word' id='word_1_101' title='bbox 217 1790 439 1843; x_wconf 81' lang='lat' dir='ltr'><strong>cusem;</strong></span> <span class='ocrx_word' id='word_1_102' title='bbox 466 1789 576 1830; x_wconf 89' lang='lat' dir='ltr'><strong>non</strong></span> <span class='ocrx_word' id='word_1_103' title='bbox 599 1773 746 1829; x_wconf 89' lang='lat' dir='ltr'><strong>enim</strong></span> <span class='ocrx_word' id='word_1_104' title='bbox 776 1787 898 1828; x_wconf 92' lang='lat' dir='ltr'><strong>meo</strong></span> <span class='ocrx_word' id='word_1_105' title='bbox 920 1787 1007 1827; x_wconf 91' lang='lat' dir='ltr'><strong>me</strong></span> <span class='ocrx_word' id='word_1_106' title='bbox 1030 1771 1168 1843; x_wconf 88' lang='lat' dir='ltr'><strong>pede</strong></span> <span class='ocrx_word' id='word_1_107' title='bbox 1193 1769 1370 1826; x_wconf 87' lang='lat' dir='ltr'><strong>metiri</strong></span> <span class='ocrx_word' id='word_1_108' title='bbox 1396 1768 1584 1825; x_wconf 89' lang='lat' dir='ltr'><strong>nescio</strong></span> <span class='ocrx_word' id='word_1_109' title='bbox 1608 1783 1627 1822; x_wconf 86' lang='lat'><strong>:</strong></span> <span class='ocrx_word' id='word_1_110' title='bbox 1657 1765 1750 1822; x_wconf 84' lang='lat' dir='ltr'><strong>sed</strong></span> <span class='ocrx_word' id='word_1_111' title='bbox 1774 1774 1832 1820; x_wconf 92' lang='lat' dir='ltr'><strong>ut</strong></span> 
     </span>
    </p>
   </div>
   <div class='ocr_carea' id='block_1_16' title="bbox 217 1855 1830 1933">
    <p class='ocr_par' dir='ltr' id='par_1_16' title="bbox 217 1855 1830 1933">
     <span class='ocr_line' id='line_1_16' title="bbox 217 1855 1830 1933; baseline -0.008 -8"><span class='ocrx_word' id='word_1_112' title='bbox 217 1869 388 1924; x_wconf 88' lang='lat' dir='ltr'><strong>animi</strong></span> <span class='ocrx_word' id='word_1_113' title='bbox 419 1867 526 1923; x_wconf 89' lang='lat' dir='ltr'><strong>mei</strong></span> <span class='ocrx_word' id='word_1_114' title='bbox 569 1865 878 1922; x_wconf 65' lang='lat' dir='ltr'><strong>maestitiam</strong></span> <span class='ocrx_word' id='word_1_115' title='bbox 909 1855 1584 1933; x_wconf 63' lang='lat' dir='ltr'><strong>doloremque&#39;iestilieer.</strong></span> <span class='ocrx_word' id='word_1_116' title='bbox 1616 1859 1830 1927; x_wconf 83' lang='lat' dir='ltr'><strong>Quanto</strong></span> 
     </span>
    </p>
   </div>
   <div class='ocr_carea' id='block_1_17' title="bbox 218 1949 1828 2030">
    <p class='ocr_par' dir='ltr' id='par_1_17' title="bbox 218 1949 1828 2030">
     <span class='ocr_line' id='line_1_17' title="bbox 218 1949 1828 2030; baseline -0.008 -14"><span class='ocrx_word' id='word_1_117' title='bbox 218 1960 365 2016; x_wconf 84' lang='lat' dir='ltr'><strong>enim</strong></span> <span class='ocrx_word' id='word_1_118' title='bbox 394 1958 588 2030; x_wconf 83' lang='lat' dir='ltr'><strong>majori</strong></span> <span class='ocrx_word' id='word_1_119' title='bbox 615 1957 909 2028; x_wconf 88' lang='lat' dir='ltr'><strong>cupiditate</strong></span> <span class='ocrx_word' id='word_1_120' title='bbox 934 1965 1123 2018; x_wconf 74' lang='lat' dir='ltr'><strong>teneor</strong></span> <span class='ocrx_word' id='word_1_121' title='bbox 1147 1953 1447 2018; x_wconf 85' lang='lat' dir='ltr'><strong>literarum,</strong></span> <span class='ocrx_word' id='word_1_122' title='bbox 1482 1962 1631 2006; x_wconf 89' lang='lat' dir='ltr'><strong>tanto</strong></span> <span class='ocrx_word' id='word_1_123' title='bbox 1654 1949 1828 2018; x_wconf 82' lang='lat' dir='ltr'><strong>major</strong></span> 
     </span>
    </p>
   </div>
   <div class='ocr_carea' id='block_1_18' title="bbox 219 2042 1832 2117">
    <p class='ocr_par' dir='ltr' id='par_1_18' title="bbox 219 2042 1832 2117">
     <span class='ocr_line' id='line_1_18' title="bbox 219 2042 1832 2117; baseline -0.008 -11"><span class='ocrx_word' id='word_1_124' title='bbox 219 2049 376 2117; x_wconf 86' lang='lat' dir='ltr'><strong>mihi,</strong></span> <span class='ocrx_word' id='word_1_125' title='bbox 403 2049 530 2105; x_wconf 87' lang='lat' dir='ltr'><strong>dum</strong></span> <span class='ocrx_word' id='word_1_126' title='bbox 561 2048 666 2103; x_wconf 87' lang='lat' dir='ltr'><strong>illis</strong></span> <span class='ocrx_word' id='word_1_127' title='bbox 695 2047 901 2117; x_wconf 88' lang='lat' dir='ltr'><strong>privor,</strong></span> <span class='ocrx_word' id='word_1_128' title='bbox 931 2043 1098 2099; x_wconf 88' lang='lat' dir='ltr'><strong>animi</strong></span> <span class='ocrx_word' id='word_1_129' title='bbox 1123 2043 1282 2099; x_wconf 90' lang='lat' dir='ltr'><strong>dolor</strong></span> <span class='ocrx_word' id='word_1_130' title='bbox 1308 2043 1558 2098; x_wconf 90' lang='lat' dir='ltr'><strong>inuritur.</strong></span> <span class='ocrx_word' id='word_1_131' title='bbox 1587 2042 1670 2096; x_wconf 86' lang='lat' dir='ltr'><strong>An</strong></span> <span class='ocrx_word' id='word_1_132' title='bbox 1698 2053 1832 2094; x_wconf 85' lang='lat' dir='ltr'><strong>vero</strong></span> 
     </span>
    </p>
   </div>
   <div class='ocr_carea' id='block_1_19' title="bbox 220 2133 1831 2210">
    <p class='ocr_par' dir='ltr' id='par_1_19' title="bbox 220 2133 1831 2210">
     <span class='ocr_line' id='line_1_19' title="bbox 220 2133 1831 2210; baseline -0.006 -13"><span class='ocrx_word' id='word_1_133' title='bbox 220 2155 320 2197; x_wconf 85' lang='lat' dir='ltr'><strong>nos</strong></span> <span class='ocrx_word' id='word_1_134' title='bbox 346 2140 538 2210; x_wconf 77' lang='lat' dir='ltr'><strong>exigua</strong></span> <span class='ocrx_word' id='word_1_135' title='bbox 564 2137 934 2194; x_wconf 78' lang='lat' dir='ltr'><strong>consolatione</strong></span> <span class='ocrx_word' id='word_1_136' title='bbox 963 2136 1159 2206; x_wconf 85' lang='lat' dir='ltr'><strong>putatis</strong></span> <span class='ocrx_word' id='word_1_137' title='bbox 1188 2135 1450 2206; x_wconf 81' lang='lat' dir='ltr'><strong>indigere,</strong></span> <span class='ocrx_word' id='word_1_138' title='bbox 1482 2133 1573 2204; x_wconf 93' lang='lat' dir='ltr'><strong>qui</strong></span> <span class='ocrx_word' id='word_1_139' title='bbox 1602 2148 1633 2187; x_wconf 90' lang='lat' dir='ltr'><strong>a</strong></span> <span class='ocrx_word' id='word_1_140' title='bbox 1659 2139 1831 2187; x_wconf 85' lang='lat' dir='ltr'><strong>matre</strong></span> 
     </span>
    </p>
   </div>
   <div class='ocr_carea' id='block_1_20' title="bbox 220 2228 1830 2304">
    <p class='ocr_par' dir='ltr' id='par_1_20' title="bbox 220 2228 1830 2304">
     <span class='ocr_line' id='line_1_20' title="bbox 220 2228 1830 2304; baseline -0.007 -12"><span class='ocrx_word' id='word_1_141' title='bbox 220 2243 276 2292; x_wconf 87' lang='lat' dir='ltr'><strong>et</strong></span> <span class='ocrx_word' id='word_1_142' title='bbox 302 2249 494 2292; x_wconf 80' lang='lat' dir='ltr'><strong>sorore</strong></span> <span class='ocrx_word' id='word_1_143' title='bbox 519 2232 705 2304; x_wconf 89' lang='lat' dir='ltr'><strong>procul</strong></span> <span class='ocrx_word' id='word_1_144' title='bbox 730 2231 901 2288; x_wconf 87' lang='lat' dir='ltr'><strong>simus</strong></span> <span class='ocrx_word' id='word_1_145' title='bbox 920 2272 936 2297; x_wconf 87' lang='lat'><strong>,</strong></span> <span class='ocrx_word' id='word_1_146' title='bbox 967 2230 1141 2302; x_wconf 85' lang='lat' dir='ltr'><strong>patria</strong></span> <span class='ocrx_word' id='word_1_147' title='bbox 1172 2229 1553 2295; x_wconf 77' lang='lat' dir='ltr'><strong>exciderimus,</strong></span> <span class='ocrx_word' id='word_1_148' title='bbox 1586 2236 1666 2283; x_wconf 90' lang='lat' dir='ltr'><strong>tot</strong></span> <span class='ocrx_word' id='word_1_149' title='bbox 1690 2228 1830 2281; x_wconf 86' lang='lat' dir='ltr'><strong>ami-</strong></span> 
     </span>
    </p>
   </div>
   <div class='ocr_carea' id='block_1_21' title="bbox 220 2322 1828 2398">
    <p class='ocr_par' dir='ltr' id='par_1_21' title="bbox 220 2322 1828 2398">
     <span class='ocr_line' id='line_1_21' title="bbox 220 2322 1828 2398; baseline -0.006 -13"><span class='ocrx_word' id='word_1_150' title='bbox 220 2343 409 2385; x_wconf 90' lang='lat' dir='ltr'><strong>corum</strong></span> <span class='ocrx_word' id='word_1_151' title='bbox 458 2335 754 2398; x_wconf 87' lang='lat' dir='ltr'><strong>conspectu</strong></span> <span class='ocrx_word' id='word_1_152' title='bbox 818 2325 1090 2396; x_wconf 89' lang='lat' dir='ltr'><strong>privemur</strong></span> <span class='ocrx_word' id='word_1_153' title='bbox 1121 2363 1136 2389; x_wconf 92' lang='lat'><strong>,</strong></span> <span class='ocrx_word' id='word_1_154' title='bbox 1193 2322 1538 2379; x_wconf 86' lang='lat' dir='ltr'><strong>solitudinem</strong></span> <span class='ocrx_word' id='word_1_155' title='bbox 1590 2322 1828 2378; x_wconf 90' lang='lat' dir='ltr'><strong>omnium</strong></span> 
     </span>
    </p>
   </div>
   <div class='ocr_carea' id='block_1_22' title="bbox 220 2413 1823 2492">
    <p class='ocr_par' dir='ltr' id='par_1_22' title="bbox 220 2413 1823 2492">
     <span class='ocr_line' id='line_1_22' title="bbox 220 2413 1823 2492; baseline -0.006 -15"><span class='ocrx_word' id='word_1_156' title='bbox 220 2420 574 2492; x_wconf 74' lang='lat' dir='ltr'><strong>asperrimam</strong></span> <span class='ocrx_word' id='word_1_157' title='bbox 611 2417 914 2474; x_wconf 86' lang='lat' dir='ltr'><strong>incolamus</strong></span> <span class='ocrx_word' id='word_1_158' title='bbox 941 2456 957 2480; x_wconf 87' lang='lat'><strong>,</strong></span> <span class='ocrx_word' id='word_1_159' title='bbox 1001 2424 1056 2471; x_wconf 87' lang='lat' dir='ltr'><strong>et</strong></span> <span class='ocrx_word' id='word_1_160' title='bbox 1092 2414 1399 2472; x_wconf 83' lang='lat' dir='ltr'><strong>lsaurorum</strong></span> <span class='ocrx_word' id='word_1_161' title='bbox 1450 2424 1600 2470; x_wconf 88' lang='lat' dir='ltr'><strong>metu</strong></span> <span class='ocrx_word' id='word_1_162' title='bbox 1652 2413 1823 2468; x_wconf 86' lang='lat' dir='ltr'><strong>simus</strong></span> 
     </span>
    </p>
   </div>
   <div class='ocr_carea' id='block_1_23' title="bbox 221 2504 1828 2578">
    <p class='ocr_par' dir='ltr' id='par_1_23' title="bbox 221 2504 1828 2578">
     <span class='ocr_line' id='line_1_23' title="bbox 221 2504 1828 2578; baseline -0.007 -8"><span class='ocrx_word' id='word_1_163' title='bbox 221 2511 474 2569; x_wconf 71' lang='lat' dir='ltr'><strong>olisessil</strong></span> <span class='ocrx_word' id='word_1_164' title='bbox 505 2509 674 2567; x_wconf 84' lang='lat' dir='ltr'><strong>Porro</strong></span> <span class='ocrx_word' id='word_1_165' title='bbox 728 2523 833 2564; x_wconf 88' lang='lat' dir='ltr'><strong>una</strong></span> <span class='ocrx_word' id='word_1_166' title='bbox 877 2522 1005 2563; x_wconf 90' lang='lat' dir='ltr'><strong>cum</strong></span> <span class='ocrx_word' id='word_1_167' title='bbox 1051 2505 1444 2578; x_wconf 78' lang='lat' dir='ltr'><strong>meis-negotiis</strong></span> <span class='ocrx_word' id='word_1_168' title='bbox 1484 2504 1646 2562; x_wconf 86' lang='lat' dir='ltr'><strong>audio</strong></span> <span class='ocrx_word' id='word_1_169' title='bbox 1691 2504 1828 2560; x_wconf 87' lang='lat' dir='ltr'><strong>mala</strong></span> 
     </span>
    </p>
   </div>
   <div class='ocr_carea' id='block_1_24' title="bbox 221 2598 1825 2672">
    <p class='ocr_par' dir='ltr' id='par_1_24' title="bbox 221 2598 1825 2672">
     <span class='ocr_line' id='line_1_24' title="bbox 221 2598 1825 2672; baseline -0.006 -11"><span class='ocrx_word' id='word_1_170' title='bbox 221 2602 525 2661; x_wconf 85' lang='lat' dir='ltr'><strong>communia</strong></span> <span class='ocrx_word' id='word_1_171' title='bbox 555 2616 674 2672; x_wconf 73' lang='lat' dir='ltr'><strong>quae</strong></span> <span class='ocrx_word' id='word_1_172' title='bbox 709 2600 905 2672; x_wconf 89' lang='lat' dir='ltr'><strong>ubique</strong></span> <span class='ocrx_word' id='word_1_173' title='bbox 935 2610 1199 2656; x_wconf 89' lang='lat' dir='ltr'><strong>terrarum</strong></span> <span class='ocrx_word' id='word_1_174' title='bbox 1237 2598 1476 2669; x_wconf 86' lang='lat' dir='ltr'><strong>quotidie</strong></span> <span class='ocrx_word' id='word_1_175' title='bbox 1516 2598 1781 2669; x_wconf 90' lang='lat' dir='ltr'><strong>pullulant</strong></span> <span class='ocrx_word' id='word_1_176' title='bbox 1810 2639 1825 2664; x_wconf 90' lang='lat'><strong>,</strong></span> 
     </span>
    </p>
   </div>
   <div class='ocr_carea' id='block_1_25' title="bbox 223 2680 1830 2774">
    <p class='ocr_par' dir='ltr' id='par_1_25' title="bbox 223 2680 1830 2774">
     <span class='ocr_line' id='line_1_25' title="bbox 223 2680 1830 2774; baseline -0.004 -22"><span class='ocrx_word' id='word_1_177' title='bbox 223 2680 387 2774; x_wconf 80' lang='lat' dir='ltr'><strong>atque</strong></span> <span class='ocrx_word' id='word_1_178' title='bbox 430 2695 483 2750; x_wconf 92' lang='lat' dir='ltr'><strong>in</strong></span> <span class='ocrx_word' id='word_1_179' title='bbox 510 2694 628 2750; x_wconf 90' lang='lat' dir='ltr'><strong>dies</strong></span> <span class='ocrx_word' id='word_1_180' title='bbox 657 2693 1046 2749; x_wconf 86' lang='lat' dir='ltr'><strong>incrementum</strong></span> <span class='ocrx_word' id='word_1_181' title='bbox 1072 2692 1363 2762; x_wconf 87' lang='lat' dir='ltr'><strong>accipiunt,</strong></span> <span class='ocrx_word' id='word_1_182' title='bbox 1393 2700 1447 2747; x_wconf 91' lang='lat' dir='ltr'><strong>et</strong></span> <span class='ocrx_word' id='word_1_183' title='bbox 1471 2693 1654 2763; x_wconf 90' lang='lat' dir='ltr'><strong>gravia</strong></span> <span class='ocrx_word' id='word_1_184' title='bbox 1681 2707 1830 2762; x_wconf 76' lang='lat' dir='ltr'><strong>qua:-</strong></span> 
     </span>
    </p>
   </div>
   <div class='ocr_carea' id='block_1_26' title="bbox 221 2782 1831 2856">
    <p class='ocr_par' dir='ltr' id='par_1_26' title="bbox 221 2782 1831 2856">
     <span class='ocr_line' id='line_1_26' title="bbox 221 2782 1831 2856; baseline -0.004 -12"><span class='ocrx_word' id='word_1_185' title='bbox 221 2788 348 2844; x_wconf 75' lang='lat' dir='ltr'><strong>dam</strong></span> <span class='ocrx_word' id='word_1_186' title='bbox 372 2787 645 2845; x_wconf 80' lang='lat' dir='ltr'><strong>minantur</strong></span> <span class='ocrx_word' id='word_1_187' title='bbox 673 2784 970 2856; x_wconf 80' lang='lat' dir='ltr'><strong>naufragia.</strong></span> <span class='ocrx_word' id='word_1_188' title='bbox 1004 2783 1221 2840; x_wconf 77' lang='lat' dir='ltr'><strong>Utinam</strong></span> <span class='ocrx_word' id='word_1_189' title='bbox 1251 2784 1524 2855; x_wconf 81' lang='lat' dir='ltr'><strong>ingentem</strong></span> <span class='ocrx_word' id='word_1_190' title='bbox 1543 2784 1655 2838; x_wconf 84' lang='lat' dir='ltr'><strong>vim</strong></span> <span class='ocrx_word' id='word_1_191' title='bbox 1684 2782 1831 2839; x_wconf 86' lang='lat' dir='ltr'><strong>dolo-</strong></span> 
     </span>
    </p>
   </div>
   <div class='ocr_carea' id='block_1_27' title="bbox 221 2875 1828 2952">
    <p class='ocr_par' dir='ltr' id='par_1_27' title="bbox 221 2875 1828 2952">
     <span class='ocr_line' id='line_1_27' title="bbox 221 2875 1828 2952; baseline -0.006 -14"><span class='ocrx_word' id='word_1_192' title='bbox 221 2881 304 2938; x_wconf 86' lang='lat' dir='ltr'><strong>ris</strong></span> <span class='ocrx_word' id='word_1_193' title='bbox 325 2895 543 2952; x_wconf 80' lang='lat' dir='ltr'><strong>possem</strong></span> <span class='ocrx_word' id='word_1_194' title='bbox 565 2878 813 2937; x_wconf 86' lang='lat' dir='ltr'><strong>oratione</strong></span> <span class='ocrx_word' id='word_1_195' title='bbox 852 2877 1178 2948; x_wconf 83' lang='lat' dir='ltr'><strong>complecti;</strong></span> <span class='ocrx_word' id='word_1_196' title='bbox 1212 2883 1324 2932; x_wconf 87' lang='lat' dir='ltr'><strong>tum</strong></span> <span class='ocrx_word' id='word_1_197' title='bbox 1369 2891 1500 2931; x_wconf 82' lang='lat' dir='ltr'><strong>vero</strong></span> <span class='ocrx_word' id='word_1_198' title='bbox 1529 2875 1656 2931; x_wconf 88' lang='lat' dir='ltr'><strong>licet</strong></span> <span class='ocrx_word' id='word_1_199' title='bbox 1698 2875 1828 2930; x_wconf 80' lang='lat' dir='ltr'><strong>nihil</strong></span> 
     </span>
    </p>
   </div>
   <div class='ocr_carea' id='block_1_28' title="bbox 224 2968 1830 3047">
    <p class='ocr_par' dir='ltr' id='par_1_28' title="bbox 224 2968 1830 3047">
     <span class='ocr_line' id='line_1_28' title="bbox 224 2968 1830 3047; baseline -0.006 -17"><span class='ocrx_word' id='word_1_200' title='bbox 224 2974 322 3047; x_wconf 84' lang='lat' dir='ltr'><strong>ipsi</strong></span> <span class='ocrx_word' id='word_1_201' title='bbox 343 2974 710 3045; x_wconf 77' lang='lat' dir='ltr'><strong>loqueremur,</strong></span> <span class='ocrx_word' id='word_1_202' title='bbox 733 2971 893 3026; x_wconf 84' lang='lat' dir='ltr'><strong>vestri</strong></span> <span class='ocrx_word' id='word_1_203' title='bbox 914 2981 1089 3026; x_wconf 85' lang='lat' dir='ltr'><strong>tamen</strong></span> <span class='ocrx_word' id='word_1_204' title='bbox 1104 2968 1302 3024; x_wconf 89' lang='lat' dir='ltr'><strong>silentii</strong></span> <span class='ocrx_word' id='word_1_205' title='bbox 1325 2968 1632 3038; x_wconf 63' lang='lat' dir='ltr'><strong>paeniteret.</strong></span> <span class='ocrx_word' id='word_1_206' title='bbox 1657 2968 1830 3038; x_wconf 86' lang='lat' dir='ltr'><strong>Auget</strong></span> 
     </span>
    </p>
   </div>
   <div class='ocr_carea' id='block_1_29' title="bbox 225 3058 1824 3139">
    <p class='ocr_par' dir='ltr' id='par_1_29' title="bbox 225 3058 1824 3139">
     <span class='ocr_line' id='line_1_29' title="bbox 225 3058 1824 3139; baseline -0.007 -17"><span class='ocrx_word' id='word_1_207' title='bbox 225 3078 482 3139; x_wconf 65' lang='lat' dir='ltr'><strong>praterea</strong></span> <span class='ocrx_word' id='word_1_208' title='bbox 521 3064 764 3120; x_wconf 87' lang='lat' dir='ltr'><strong>dolorem</strong></span> <span class='ocrx_word' id='word_1_209' title='bbox 792 3078 970 3118; x_wconf 88' lang='lat' dir='ltr'><strong>meum</strong></span> <span class='ocrx_word' id='word_1_210' title='bbox 993 3104 1008 3127; x_wconf 90' lang='lat'><strong>,</strong></span> <span class='ocrx_word' id='word_1_211' title='bbox 1051 3061 1194 3131; x_wconf 89' lang='lat' dir='ltr'><strong>quod</strong></span> <span class='ocrx_word' id='word_1_212' title='bbox 1223 3076 1346 3116; x_wconf 91' lang='lat' dir='ltr'><strong>cum</strong></span> <span class='ocrx_word' id='word_1_213' title='bbox 1374 3074 1474 3115; x_wconf 89' lang='lat' dir='ltr'><strong>nec</strong></span> <span class='ocrx_word' id='word_1_214' title='bbox 1500 3059 1567 3114; x_wconf 90' lang='lat' dir='ltr'><strong>ad</strong></span> <span class='ocrx_word' id='word_1_215' title='bbox 1597 3058 1824 3114; x_wconf 81' lang='lat' dir='ltr'><strong>tabella-</strong></span> 
     </span>
    </p>
   </div>
   <div class='ocr_carea' id='block_1_30' title="bbox 224 3149 1829 3224">
    <p class='ocr_par' dir='ltr' id='par_1_30' title="bbox 224 3149 1829 3224">
     <span class='ocr_line' id='line_1_30' title="bbox 224 3149 1829 3224; baseline -0.006 -10"><span class='ocrx_word' id='word_1_216' title='bbox 224 3158 422 3214; x_wconf 84' lang='lat' dir='ltr'><strong>riorum</strong></span> <span class='ocrx_word' id='word_1_217' title='bbox 453 3155 729 3210; x_wconf 83' lang='lat' dir='ltr'><strong>raritatem</strong></span> <span class='ocrx_word' id='word_1_218' title='bbox 758 3152 1046 3224; x_wconf 78' lang='lat' dir='ltr'><strong>confugere</strong></span> <span class='ocrx_word' id='word_1_219' title='bbox 1075 3151 1294 3222; x_wconf 86' lang='lat' dir='ltr'><strong>possitis</strong></span> <span class='ocrx_word' id='word_1_220' title='bbox 1314 3191 1331 3218; x_wconf 92' lang='lat'><strong>,</strong></span> <span class='ocrx_word' id='word_1_221' title='bbox 1367 3149 1419 3204; x_wconf 89' lang='lat' dir='ltr'><strong>id</strong></span> <span class='ocrx_word' id='word_1_222' title='bbox 1448 3150 1638 3220; x_wconf 83' lang='lat' dir='ltr'><strong>agatis.</strong></span> <span class='ocrx_word' id='word_1_223' title='bbox 1673 3149 1829 3219; x_wconf 86' lang='lat' dir='ltr'><strong>Quod</strong></span> 
     </span>
    </p>
   </div>
   <div class='ocr_carea' id='block_1_31' title="bbox 223 3241 1826 3320">
    <p class='ocr_par' dir='ltr' id='par_1_31' title="bbox 223 3241 1826 3320">
     <span class='ocr_line' id='line_1_31' title="bbox 223 3241 1826 3320; baseline -0.001 -22"><span class='ocrx_word' id='word_1_224' title='bbox 223 3255 543 3320; x_wconf 78' lang='lat' dir='ltr'><strong>argmnento</strong></span> <span class='ocrx_word' id='word_1_225' title='bbox 562 3254 724 3301; x_wconf 67' lang='grc' dir='ltr'><strong>εει-</strong></span> <span class='ocrx_word' id='word_1_226' title='bbox 736 3245 833 3300; x_wconf 87' lang='lat' dir='ltr'><strong>aed</strong></span> <span class='ocrx_word' id='word_1_227' title='bbox 857 3243 983 3300; x_wconf 89' lang='lat' dir='ltr'><strong>nolo</strong></span> <span class='ocrx_word' id='word_1_228' title='bbox 1001 3244 1291 3314; x_wconf 83' lang='lat' dir='ltr'><strong>quidquam</strong></span> <span class='ocrx_word' id='word_1_229' title='bbox 1309 3241 1591 3298; x_wconf 81' lang='lat' dir='ltr'><strong>molestum</strong></span> <span class='ocrx_word' id='word_1_230' title='bbox 1611 3241 1826 3308; x_wconf 84' lang='lat' dir='ltr'><strong>eil&#39;erre;</strong></span> 
     </span>
    </p>
   </div>
   <div class='ocr_carea' id='block_1_32' title="bbox 221 3335 1831 3410">
    <p class='ocr_par' dir='ltr' id='par_1_32' title="bbox 221 3335 1831 3410">
     <span class='ocr_line' id='line_1_32' title="bbox 221 3335 1831 3410; baseline -0.004 -13"><span class='ocrx_word' id='word_1_231' title='bbox 221 3342 374 3398; x_wconf 89' lang='lat' dir='ltr'><strong>vobis</strong></span> <span class='ocrx_word' id='word_1_232' title='bbox 411 3341 465 3399; x_wconf 83' lang='lat' dir='ltr'><strong>id</strong></span> <span class='ocrx_word' id='word_1_233' title='bbox 507 3338 916 3410; x_wconf 80' lang='lat' dir='ltr'><strong>expendendum</strong></span> <span class='ocrx_word' id='word_1_234' title='bbox 965 3337 1252 3407; x_wconf 83' lang='lat' dir='ltr'><strong>relinquo,</strong></span> <span class='ocrx_word' id='word_1_235' title='bbox 1295 3352 1425 3393; x_wconf 89' lang='lat' dir='ltr'><strong>num</strong></span> <span class='ocrx_word' id='word_1_236' title='bbox 1451 3336 1554 3392; x_wconf 90' lang='lat' dir='ltr'><strong>hoc</strong></span> <span class='ocrx_word' id='word_1_237' title='bbox 1594 3335 1831 3405; x_wconf 85' lang='lat' dir='ltr'><strong>aliquem</strong></span> 
     </span>
    </p>
   </div>
   <div class='ocr_carea' id='block_1_33' title="bbox 223 3427 1826 3503">
    <p class='ocr_par' dir='ltr' id='par_1_33' title="bbox 223 3427 1826 3503">
     <span class='ocr_line' id='line_1_33' title="bbox 223 3427 1826 3503; baseline -0.006 -13"><span class='ocrx_word' id='word_1_238' title='bbox 223 3434 392 3490; x_wconf 85' lang='lat' dir='ltr'><strong>nostri</strong></span> <span class='ocrx_word' id='word_1_239' title='bbox 417 3442 781 3503; x_wconf 88' lang='lat' dir='ltr'><strong>contemptum</strong></span> <span class='ocrx_word' id='word_1_240' title='bbox 812 3431 1235 3501; x_wconf 87' lang='lat' dir='ltr'><strong>despectumque</strong></span> <span class='ocrx_word' id='word_1_241' title='bbox 1263 3428 1526 3483; x_wconf 85' lang='lat' dir='ltr'><strong>redoleat.</strong></span> <span class='ocrx_word' id='word_1_242' title='bbox 1569 3427 1714 3483; x_wconf 87' lang='lat' dir='ltr'><strong>Nihil</strong></span> <span class='ocrx_word' id='word_1_243' title='bbox 1746 3437 1826 3482; x_wconf 82' lang='lat' dir='ltr'><strong>ta—</strong></span> 
     </span>
    </p>
   </div>
   <div class='ocr_carea' id='block_1_34' title="bbox 223 3518 1825 3592">
    <p class='ocr_par' dir='ltr' id='par_1_34' title="bbox 223 3518 1825 3592">
     <span class='ocr_line' id='line_1_34' title="bbox 223 3518 1825 3592; baseline -0.006 -9"><span class='ocrx_word' id='word_1_244' title='bbox 223 3542 345 3583; x_wconf 88' lang='lat' dir='ltr'><strong>men</strong></span> <span class='ocrx_word' id='word_1_245' title='bbox 374 3541 535 3592; x_wconf 86' lang='lat' dir='ltr'><strong>curo,</strong></span> <span class='ocrx_word' id='word_1_246' title='bbox 564 3524 681 3581; x_wconf 89' lang='lat' dir='ltr'><strong>sive</strong></span> <span class='ocrx_word' id='word_1_247' title='bbox 705 3522 1087 3586; x_wconf 89' lang='lat' dir='ltr'><strong>contemnatis,</strong></span> <span class='ocrx_word' id='word_1_248' title='bbox 1115 3521 1229 3575; x_wconf 84' lang='lat' dir='ltr'><strong>sive</strong></span> <span class='ocrx_word' id='word_1_249' title='bbox 1259 3518 1571 3591; x_wconf 88' lang='lat' dir='ltr'><strong>despiciatis</strong></span> <span class='ocrx_word' id='word_1_250' title='bbox 1594 3520 1825 3574; x_wconf 70' lang='lat' dir='ltr'><strong>trnuita-</strong></span> 
     </span>
    </p>
   </div>
   <div class='ocr_carea' id='block_1_35' title="bbox 223 3615 1825 3688">
    <p class='ocr_par' dir='ltr' id='par_1_35' title="bbox 223 3615 1825 3688">
     <span class='ocr_line' id='line_1_35' title="bbox 223 3615 1825 3688; baseline -0.005 -10"><span class='ocrx_word' id='word_1_251' title='bbox 223 3629 326 3678; x_wconf 81' lang='lat' dir='ltr'><strong>tem</strong></span> <span class='ocrx_word' id='word_1_252' title='bbox 358 3628 594 3674; x_wconf 68' lang='lat' dir='ltr'><strong>nostram</strong></span> <span class='ocrx_word' id='word_1_253' title='bbox 623 3635 636 3671; x_wconf 91' lang='lat'><strong>:</strong></span> <span class='ocrx_word' id='word_1_254' title='bbox 671 3634 834 3673; x_wconf 91' lang='lat' dir='ltr'><strong>unum</strong></span> <span class='ocrx_word' id='word_1_255' title='bbox 876 3617 927 3671; x_wconf 92' lang='lat' dir='ltr'><strong>id</strong></span> <span class='ocrx_word' id='word_1_256' title='bbox 959 3616 1176 3688; x_wconf 86' lang='lat' dir='ltr'><strong>requiro</strong></span> <span class='ocrx_word' id='word_1_257' title='bbox 1195 3657 1211 3680; x_wconf 92' lang='lat'><strong>,</strong></span> <span class='ocrx_word' id='word_1_258' title='bbox 1242 3631 1580 3687; x_wconf 85' lang='lat' dir='ltr'><strong>quocumque</strong></span> <span class='ocrx_word' id='word_1_259' title='bbox 1612 3615 1825 3671; x_wconf 86' lang='lat' dir='ltr'><strong>tandem</strong></span> 
     </span>
    </p>
   </div>
   <div class='ocr_carea' id='block_1_36' title="bbox 221 3706 1825 3778">
    <p class='ocr_par' dir='ltr' id='par_1_36' title="bbox 221 3706 1825 3778">
     <span class='ocr_line' id='line_1_36' title="bbox 221 3706 1825 3778; baseline -0.005 -9"><span class='ocrx_word' id='word_1_260' title='bbox 221 3712 382 3769; x_wconf 75' lang='lat' dir='ltr'><strong>ainde</strong></span> <span class='ocrx_word' id='word_1_261' title='bbox 406 3710 582 3768; x_wconf 72' lang='lat' dir='ltr'><strong>aﬂecti</strong></span> <span class='ocrx_word' id='word_1_262' title='bbox 606 3710 723 3765; x_wconf 86' lang='lat' dir='ltr'><strong>sitis</strong></span> <span class='ocrx_word' id='word_1_263' title='bbox 745 3752 760 3774; x_wconf 92' lang='lat'><strong>,</strong></span> <span class='ocrx_word' id='word_1_264' title='bbox 798 3719 856 3764; x_wconf 92' lang='lat' dir='ltr'><strong>ut</strong></span> <span class='ocrx_word' id='word_1_265' title='bbox 887 3709 1062 3764; x_wconf 81' lang='lat' dir='ltr'><strong>literis</strong></span> <span class='ocrx_word' id='word_1_266' title='bbox 1105 3709 1304 3763; x_wconf 84' lang='lat' dir='ltr'><strong>vestris</strong></span> <span class='ocrx_word' id='word_1_267' title='bbox 1334 3706 1482 3763; x_wconf 78' lang='lat' dir='ltr'><strong>fruar</strong></span> <span class='ocrx_word' id='word_1_268' title='bbox 1505 3750 1520 3774; x_wconf 93' lang='lat'><strong>,</strong></span> <span class='ocrx_word' id='word_1_269' title='bbox 1568 3723 1691 3778; x_wconf 66' lang='lat' dir='ltr'><strong>qua)</strong></span> <span class='ocrx_word' id='word_1_270' title='bbox 1719 3723 1825 3762; x_wconf 90' lang='lat' dir='ltr'><strong>non</strong></span> 
     </span>
    </p>
   </div>
   <div class='ocr_carea' id='block_1_37' title="bbox 221 3799 1820 3875">
    <p class='ocr_par' dir='ltr' id='par_1_37' title="bbox 221 3799 1820 3875">
     <span class='ocr_line' id='line_1_37' title="bbox 221 3799 1820 3875; baseline -0.006 -13"><span class='ocrx_word' id='word_1_271' title='bbox 221 3805 547 3875; x_wconf 85' lang='lat' dir='ltr'><strong>mediocrem</strong></span> <span class='ocrx_word' id='word_1_272' title='bbox 592 3802 751 3858; x_wconf 86' lang='lat' dir='ltr'><strong>nobis</strong></span> <span class='ocrx_word' id='word_1_273' title='bbox 795 3800 1225 3861; x_wconf 74' lang='lat' dir='ltr'><strong>consolationem</strong></span> <span class='ocrx_word' id='word_1_274' title='bbox 1253 3801 1490 3870; x_wconf 87' lang='lat' dir='ltr'><strong>pariunt.</strong></span> <span class='ocrx_word' id='word_1_275' title='bbox 1519 3799 1653 3855; x_wconf 85' lang='lat' dir='ltr'><strong>Nam</strong></span> <span class='ocrx_word' id='word_1_276' title='bbox 1679 3813 1820 3854; x_wconf 89' lang='lat' dir='ltr'><strong>unus</strong></span> 
     </span>
    </p>
   </div>
   <div class='ocr_carea' id='block_1_38' title="bbox 221 3890 1820 3968">
    <p class='ocr_par' dir='ltr' id='par_1_38' title="bbox 221 3890 1820 3968">
     <span class='ocr_line' id='line_1_38' title="bbox 221 3890 1820 3968; baseline -0.007 -15"><span class='ocrx_word' id='word_1_277' title='bbox 221 3909 381 3968; x_wconf 88' lang='lat' dir='ltr'><strong>atque</strong></span> <span class='ocrx_word' id='word_1_278' title='bbox 405 3896 545 3951; x_wconf 87' lang='lat' dir='ltr'><strong>alter</strong></span> <span class='ocrx_word' id='word_1_279' title='bbox 568 3910 712 3965; x_wconf 62' lang='lat' dir='ltr'><strong>saepe</strong></span> <span class='ocrx_word' id='word_1_280' title='bbox 735 3894 801 3949; x_wconf 91' lang='lat' dir='ltr'><strong>ad</strong></span> <span class='ocrx_word' id='word_1_281' title='bbox 830 3907 930 3948; x_wconf 90' lang='lat' dir='ltr'><strong>nos</strong></span> <span class='ocrx_word' id='word_1_282' title='bbox 966 3890 1238 3963; x_wconf 89' lang='lat' dir='ltr'><strong>profectus</strong></span> <span class='ocrx_word' id='word_1_283' title='bbox 1259 3901 1362 3957; x_wconf 90' lang='lat' dir='ltr'><strong>est,</strong></span> <span class='ocrx_word' id='word_1_284' title='bbox 1392 3901 1446 3946; x_wconf 90' lang='lat' dir='ltr'><strong>et</strong></span> <span class='ocrx_word' id='word_1_285' title='bbox 1474 3906 1619 3945; x_wconf 89' lang='lat' dir='ltr'><strong>nunc</strong></span> <span class='ocrx_word' id='word_1_286' title='bbox 1645 3891 1820 3945; x_wconf 88' lang='lat' dir='ltr'><strong>domi-</strong></span> 
     </span>
    </p>
   </div>
   <div class='ocr_carea' id='block_1_39' title="bbox 205 3983 1818 4052">
    <p class='ocr_par' dir='ltr' id='par_1_39' title="bbox 205 3983 1818 4052">
     <span class='ocr_line' id='line_1_39' title="bbox 205 3983 1818 4052; baseline -0.005 -7"><span class='ocrx_word' id='word_1_287' title='bbox 205 4005 321 4052; x_wconf 84' lang='lat' dir='ltr'><strong>.nus</strong></span> <span class='ocrx_word' id='word_1_288' title='bbox 347 4004 497 4044; x_wconf 88' lang='lat' dir='ltr'><strong>meus</strong></span> <span class='ocrx_word' id='word_1_289' title='bbox 521 3987 1000 4043; x_wconf 89' lang='lat' dir='ltr'><strong>reverendissimus</strong></span> <span class='ocrx_word' id='word_1_290' title='bbox 1028 3984 1194 4040; x_wconf 82' lang='lat' dir='ltr'><strong>frater</strong></span> <span class='ocrx_word' id='word_1_291' title='bbox 1225 3983 1500 4050; x_wconf 88' lang='lat' dir='ltr'><strong>Libanius,</strong></span> <span class='ocrx_word' id='word_1_292' title='bbox 1523 3999 1621 4039; x_wconf 89' lang='lat' dir='ltr'><strong>nec</strong></span> <span class='ocrx_word' id='word_1_293' title='bbox 1641 3991 1818 4038; x_wconf 87' lang='lat' dir='ltr'><strong>tamen</strong></span> 
     </span>
    </p>
   </div>
   <div class='ocr_carea' id='block_1_40' title="bbox 223 4075 1824 4150">
    <p class='ocr_par' dir='ltr' id='par_1_40' title="bbox 223 4075 1824 4150">
     <span class='ocr_line' id='line_1_40' title="bbox 223 4075 1824 4150; baseline -0.006 -11"><span class='ocrx_word' id='word_1_294' title='bbox 223 4083 413 4139; x_wconf 87' lang='lat' dir='ltr'><strong>vestris</strong></span> <span class='ocrx_word' id='word_1_295' title='bbox 425 4097 530 4139; x_wconf 79' lang='lat' dir='ltr'><strong>nos</strong></span> <span class='ocrx_word' id='word_1_296' title='bbox 556 4081 724 4137; x_wconf 88' lang='lat' dir='ltr'><strong>literis</strong></span> <span class='ocrx_word' id='word_1_297' title='bbox 744 4080 942 4150; x_wconf 81' lang='lat' dir='ltr'><strong>dignati</strong></span> <span class='ocrx_word' id='word_1_298' title='bbox 967 4080 1118 4135; x_wconf 87' lang='lat' dir='ltr'><strong>estis.</strong></span> <span class='ocrx_word' id='word_1_299' title='bbox 1141 4078 1340 4144; x_wconf 85' lang='lat' dir='ltr'><strong>Nolite,</strong></span> <span class='ocrx_word' id='word_1_300' title='bbox 1369 4093 1571 4148; x_wconf 66' lang='lat' dir='ltr'><strong>qumso,</strong></span> <span class='ocrx_word' id='word_1_301' title='bbox 1603 4075 1824 4132; x_wconf 70' lang='lat' dir='ltr'><strong>maerori</strong></span> 
     </span>
    </p>
   </div>
   <div class='ocr_carea' id='block_1_41' title="bbox 220 4160 1820 4245">
    <p class='ocr_par' dir='ltr' id='par_1_41' title="bbox 220 4160 1820 4245">
     <span class='ocr_line' id='line_1_41' title="bbox 220 4160 1820 4245; baseline -0.002 -13"><span class='ocrx_word' id='word_1_302' title='bbox 220 4160 343 4233; x_wconf 82' lang='lat' dir='ltr'><strong>tneo</strong></span> <span class='ocrx_word' id='word_1_303' title='bbox 363 4178 586 4232; x_wconf 78' lang='lat' dir='ltr'><strong>alterum</strong></span> <span class='ocrx_word' id='word_1_304' title='bbox 613 4191 900 4232; x_wconf 65' lang='lat' dir='ltr'><strong>mererem</strong></span> <span class='ocrx_word' id='word_1_305' title='bbox 921 4175 1141 4231; x_wconf 87' lang='lat' dir='ltr'><strong>addere.</strong></span> <span class='ocrx_word' id='word_1_306' title='bbox 1163 4175 1218 4231; x_wconf 88' lang='lat' dir='ltr'><strong>Si</strong></span> <span class='ocrx_word' id='word_1_307' title='bbox 1239 4176 1383 4230; x_wconf 88' lang='lat' dir='ltr'><strong>enim</strong></span> <span class='ocrx_word' id='word_1_308' title='bbox 1409 4191 1582 4245; x_wconf 90' lang='lat' dir='ltr'><strong>neque</strong></span> <span class='ocrx_word' id='word_1_309' title='bbox 1602 4184 1820 4244; x_wconf 84' lang='lat' dir='ltr'><strong>accepta</strong></span> 
     </span>
    </p>
   </div>
   <div class='ocr_carea' id='block_1_42' title="bbox 224 4266 1822 4338">
    <p class='ocr_par' dir='ltr' id='par_1_42' title="bbox 224 4266 1822 4338">
     <span class='ocr_line' id='line_1_42' title="bbox 224 4266 1822 4338; baseline -0.003 -14"><span class='ocrx_word' id='word_1_310' title='bbox 224 4271 322 4324; x_wconf 85' lang='lat' dir='ltr'><strong>hac</strong></span> <span class='ocrx_word' id='word_1_311' title='bbox 345 4269 573 4338; x_wconf 79' lang='lat' dir='ltr'><strong>epistola</strong></span> <span class='ocrx_word' id='word_1_312' title='bbox 597 4269 833 4325; x_wconf 80' lang='lat' dir='ltr'><strong>scribere</strong></span> <span class='ocrx_word' id='word_1_313' title='bbox 855 4268 924 4325; x_wconf 80' lang='lat' dir='ltr'><strong>ad</strong></span> <span class='ocrx_word' id='word_1_314' title='bbox 952 4283 1054 4323; x_wconf 87' lang='lat' dir='ltr'><strong>nos</strong></span> <span class='ocrx_word' id='word_1_315' title='bbox 1076 4267 1271 4333; x_wconf 84' lang='lat' dir='ltr'><strong>velitis,</strong></span> <span class='ocrx_word' id='word_1_316' title='bbox 1298 4267 1411 4322; x_wconf 90' lang='lat' dir='ltr'><strong>sive</strong></span> <span class='ocrx_word' id='word_1_317' title='bbox 1435 4266 1682 4337; x_wconf 68' lang='lat' dir='ltr'><strong>pigritiae,</strong></span> <span class='ocrx_word' id='word_1_318' title='bbox 1710 4267 1822 4322; x_wconf 87' lang='lat' dir='ltr'><strong>sive</strong></span> 
     </span>
    </p>
   </div>
   <div class='ocr_carea' id='block_1_43' title="bbox 220 4358 1823 4427">
    <p class='ocr_par' dir='ltr' id='par_1_43' title="bbox 220 4358 1823 4427">
     <span class='ocr_line' id='line_1_43' title="bbox 220 4358 1823 4427; baseline -0.002 -11"><span class='ocrx_word' id='word_1_319' title='bbox 220 4363 424 4418; x_wconf 61' lang='lat' dir='ltr'><strong>inertiae</strong></span> <span class='ocrx_word' id='word_1_320' title='bbox 453 4361 639 4427; x_wconf 90' lang='lat' dir='ltr'><strong>dediti,</strong></span> <span class='ocrx_word' id='word_1_321' title='bbox 674 4377 771 4415; x_wconf 90' lang='lat' dir='ltr'><strong>nos</strong></span> <span class='ocrx_word' id='word_1_322' title='bbox 795 4368 972 4416; x_wconf 90' lang='lat' dir='ltr'><strong>tamen</strong></span> <span class='ocrx_word' id='word_1_323' title='bbox 999 4359 1235 4414; x_wconf 87' lang='lat' dir='ltr'><strong>scribere</strong></span> <span class='ocrx_word' id='word_1_324' title='bbox 1265 4374 1372 4412; x_wconf 90' lang='lat' dir='ltr'><strong>non</strong></span> <span class='ocrx_word' id='word_1_325' title='bbox 1401 4358 1734 4425; x_wconf 80' lang='lat' dir='ltr'><strong>desinemus,</strong></span> <span class='ocrx_word' id='word_1_326' title='bbox 1768 4367 1823 4412; x_wconf 85' lang='lat' dir='ltr'><strong>et</strong></span> 
     </span>
    </p>
   </div>
   <div class='ocr_carea' id='block_1_44' title="bbox 218 4450 1820 4530">
    <p class='ocr_par' dir='ltr' id='par_1_44' title="bbox 218 4450 1820 4530">
     <span class='ocr_line' id='line_1_44' title="bbox 218 4450 1820 4530; baseline -0.003 -20"><span class='ocrx_word' id='word_1_327' title='bbox 218 4453 501 4510; x_wconf 78' lang='lat' dir='ltr'><strong>scribendo</strong></span> <span class='ocrx_word' id='word_1_328' title='bbox 545 4463 766 4530; x_wconf 89' lang='lat' dir='ltr'><strong>propter</strong></span> <span class='ocrx_word' id='word_1_329' title='bbox 813 4452 917 4508; x_wconf 93' lang='lat' dir='ltr'><strong>hoc</strong></span> <span class='ocrx_word' id='word_1_330' title='bbox 943 4463 1182 4508; x_wconf 90' lang='lat' dir='ltr'><strong>vestrum</strong></span> <span class='ocrx_word' id='word_1_331' title='bbox 1221 4452 1494 4506; x_wconf 87' lang='lat' dir='ltr'><strong>silentium</strong></span> <span class='ocrx_word' id='word_1_332' title='bbox 1527 4450 1820 4520; x_wconf 77' lang='lat' dir='ltr'><strong>Ingeliimus</strong></span> 
     </span>
    </p>
   </div>
   <div class='ocr_carea' id='block_1_45' title="bbox 216 4545 1820 4617">
    <p class='ocr_par' dir='ltr' id='par_1_45' title="bbox 216 4545 1820 4617">
     <span class='ocr_line' id='line_1_45' title="bbox 216 4545 1820 4617; baseline -0.003 -14"><span class='ocrx_word' id='word_1_333' title='bbox 216 4557 272 4603; x_wconf 90' lang='lat' dir='ltr'><strong>et</strong></span> <span class='ocrx_word' id='word_1_334' title='bbox 309 4547 740 4617; x_wconf 81' lang='lat' dir='ltr'><strong>ingemiseemus.</strong></span> <span class='ocrx_word' id='word_1_335' title='bbox 787 4546 900 4601; x_wconf 82' lang='lat' dir='ltr'><strong>Hoc</strong></span> <span class='ocrx_word' id='word_1_336' title='bbox 942 4545 1087 4601; x_wconf 91' lang='lat' dir='ltr'><strong>enim</strong></span> <span class='ocrx_word' id='word_1_337' title='bbox 1119 4555 1202 4600; x_wconf 90' lang='lat' dir='ltr'><strong>est</strong></span> <span class='ocrx_word' id='word_1_338' title='bbox 1247 4545 1298 4599; x_wconf 88' lang='lat' dir='ltr'><strong>in</strong></span> <span class='ocrx_word' id='word_1_339' title='bbox 1339 4552 1604 4614; x_wconf 83' lang='lat' dir='ltr'><strong>potestate</strong></span> <span class='ocrx_word' id='word_1_340' title='bbox 1637 4553 1820 4598; x_wconf 86' lang='lat' dir='ltr'><strong>nostra</strong></span> 
     </span>
    </p>
   </div>
   <div class='ocr_carea' id='block_1_46' title="bbox 217 4635 1819 4695">
    <p class='ocr_par' dir='ltr' id='par_1_46' title="bbox 217 4635 1819 4695">
     <span class='ocr_line' id='line_1_46' title="bbox 217 4635 1819 4695; baseline -0.002 0"><span class='ocrx_word' id='word_1_341' title='bbox 217 4639 399 4695; x_wconf 81' lang='lat' dir='ltr'><strong>situm.</strong></span> <span class='ocrx_word' id='word_1_342' title='bbox 416 4637 534 4693; x_wconf 92' lang='lat' dir='ltr'><strong>Non</strong></span> <span class='ocrx_word' id='word_1_343' title='bbox 562 4646 738 4693; x_wconf 88' lang='lat' dir='ltr'><strong>tamen</strong></span> <span class='ocrx_word' id='word_1_344' title='bbox 763 4637 1108 4694; x_wconf 88' lang='lat' dir='ltr'><strong>mediocriter</strong></span> <span class='ocrx_word' id='word_1_345' title='bbox 1127 4636 1284 4694; x_wconf 87' lang='lat' dir='ltr'><strong>nobis</strong></span> <span class='ocrx_word' id='word_1_346' title='bbox 1304 4635 1375 4691; x_wconf 86' lang='lat' dir='ltr'><strong>ad</strong></span> <span class='ocrx_word' id='word_1_347' title='bbox 1392 4635 1819 4693; x_wconf 80' lang='lat' dir='ltr'><strong>consolationem</strong></span> 
     </span>
    </p>
   </div>
   <div class='ocr_carea' id='block_1_47' title="bbox 219 4727 1818 4797">
    <p class='ocr_par' dir='ltr' id='par_1_47' title="bbox 219 4727 1818 4797">
     <span class='ocr_line' id='line_1_47' title="bbox 219 4727 1818 4797; baseline -0.001 -13"><span class='ocrx_word' id='word_1_348' title='bbox 219 4731 358 4786; x_wconf 87' lang='lat' dir='ltr'><strong>valet</strong></span> <span class='ocrx_word' id='word_1_349' title='bbox 382 4772 398 4797; x_wconf 94' lang='lat'><strong>,</strong></span> <span class='ocrx_word' id='word_1_350' title='bbox 441 4731 548 4785; x_wconf 93' lang='lat' dir='ltr'><strong>imo</strong></span> <span class='ocrx_word' id='word_1_351' title='bbox 580 4745 711 4785; x_wconf 87' lang='lat' dir='ltr'><strong>vero</strong></span> <span class='ocrx_word' id='word_1_352' title='bbox 753 4730 856 4784; x_wconf 91' lang='lat' dir='ltr'><strong>hoc</strong></span> <span class='ocrx_word' id='word_1_353' title='bbox 888 4729 1049 4784; x_wconf 88' lang='lat' dir='ltr'><strong>etiam</strong></span> <span class='ocrx_word' id='word_1_354' title='bbox 1078 4729 1282 4784; x_wconf 90' lang='lat' dir='ltr'><strong>omisso</strong></span> <span class='ocrx_word' id='word_1_355' title='bbox 1323 4727 1616 4786; x_wconf 80' lang='lat' dir='ltr'><strong>maximum</strong></span> <span class='ocrx_word' id='word_1_356' title='bbox 1662 4727 1818 4783; x_wconf 89' lang='lat' dir='ltr'><strong>nobis</strong></span> 
     </span>
    </p>
   </div>
   <div class='ocr_carea' id='block_1_48' title="bbox 216 4819 1818 4894">
    <p class='ocr_par' dir='ltr' id='par_1_48' title="bbox 216 4819 1818 4894">
     <span class='ocr_line' id='line_1_48' title="bbox 216 4819 1818 4894; baseline -0.004 -14"><span class='ocrx_word' id='word_1_357' title='bbox 216 4823 465 4880; x_wconf 83' lang='lat' dir='ltr'><strong>solatium</strong></span> <span class='ocrx_word' id='word_1_358' title='bbox 497 4823 665 4892; x_wconf 85' lang='lat' dir='ltr'><strong>parit,</strong></span> <span class='ocrx_word' id='word_1_359' title='bbox 695 4821 838 4893; x_wconf 91' lang='lat' dir='ltr'><strong>quod</strong></span> <span class='ocrx_word' id='word_1_360' title='bbox 883 4821 950 4877; x_wconf 91' lang='lat' dir='ltr'><strong>ad</strong></span> <span class='ocrx_word' id='word_1_361' title='bbox 977 4821 1148 4894; x_wconf 87' lang='lat' dir='ltr'><strong>ipsam</strong></span> <span class='ocrx_word' id='word_1_362' title='bbox 1188 4835 1356 4891; x_wconf 86' lang='lat' dir='ltr'><strong>usque</strong></span> <span class='ocrx_word' id='word_1_363' title='bbox 1391 4819 1735 4876; x_wconf 89' lang='lat' dir='ltr'><strong>solitudinem</strong></span> <span class='ocrx_word' id='word_1_364' title='bbox 1764 4828 1818 4874; x_wconf 79' lang='lat' dir='ltr'><strong>ct</strong></span> 
     </span>
    </p>
   </div>
   <div class='ocr_carea' id='block_1_49' title="bbox 215 4912 1814 4984">
    <p class='ocr_par' dir='ltr' id='par_1_49' title="bbox 215 4912 1814 4984">
     <span class='ocr_line' id='line_1_49' title="bbox 215 4912 1814 4984; baseline -0.001 -16"><span class='ocrx_word' id='word_1_365' title='bbox 215 4915 281 4969; x_wconf 90' lang='lat' dir='ltr'><strong>ad</strong></span> <span class='ocrx_word' id='word_1_366' title='bbox 305 4925 459 4971; x_wconf 78' lang='lat' dir='ltr'><strong>teme</strong></span> <span class='ocrx_word' id='word_1_367' title='bbox 483 4914 614 4970; x_wconf 80' lang='lat' dir='ltr'><strong>fines</strong></span> <span class='ocrx_word' id='word_1_368' title='bbox 645 4913 941 4984; x_wconf 87' lang='lat' dir='ltr'><strong>(siquidem</strong></span> <span class='ocrx_word' id='word_1_369' title='bbox 965 4912 1017 4966; x_wconf 93' lang='lat' dir='ltr'><strong>in</strong></span> <span class='ocrx_word' id='word_1_370' title='bbox 1043 4913 1175 4982; x_wconf 90' lang='lat' dir='ltr'><strong>ipsis</strong></span> <span class='ocrx_word' id='word_1_371' title='bbox 1203 4913 1595 4984; x_wconf 87' lang='lat' dir='ltr'><strong>propemodum</strong></span> <span class='ocrx_word' id='word_1_372' title='bbox 1618 4912 1814 4967; x_wconf 81' lang='lat' dir='ltr'><strong>ﬁnibus</strong></span> 
     </span>
    </p>
   </div>
   <div class='ocr_carea' id='block_1_50' title="bbox 211 5005 1813 5082">
    <p class='ocr_par' dir='ltr' id='par_1_50' title="bbox 211 5005 1813 5082">
     <span class='ocr_line' id='line_1_50' title="bbox 211 5005 1813 5082; baseline -0.004 -19"><span class='ocrx_word' id='word_1_373' title='bbox 211 5009 320 5082; x_wconf 76' lang='lat' dir='ltr'><strong>jam</strong></span> <span class='ocrx_word' id='word_1_374' title='bbox 342 5007 661 5080; x_wconf 91' lang='lat' dir='ltr'><strong>versamur)</strong></span> <span class='ocrx_word' id='word_1_375' title='bbox 687 5007 916 5063; x_wconf 84' lang='lat' dir='ltr'><strong>celebris</strong></span> <span class='ocrx_word' id='word_1_376' title='bbox 938 5016 1113 5061; x_wconf 90' lang='lat' dir='ltr'><strong>vestra</strong></span> <span class='ocrx_word' id='word_1_377' title='bbox 1136 5005 1274 5060; x_wconf 88' lang='lat' dir='ltr'><strong>fama</strong></span> <span class='ocrx_word' id='word_1_378' title='bbox 1305 5014 1564 5075; x_wconf 89' lang='lat' dir='ltr'><strong>penetret,</strong></span> <span class='ocrx_word' id='word_1_379' title='bbox 1593 5015 1648 5060; x_wconf 92' lang='lat' dir='ltr'><strong>et</strong></span> <span class='ocrx_word' id='word_1_380' title='bbox 1676 5022 1813 5073; x_wconf 73' lang='lat' dir='ltr'><strong>prm-</strong></span> 
     </span>
    </p>
   </div>
   <div class='ocr_carea' id='block_1_51' title="bbox 214 5099 1809 5170">
    <p class='ocr_par' dir='ltr' id='par_1_51' title="bbox 214 5099 1809 5170">
     <span class='ocr_line' id='line_1_51' title="bbox 214 5099 1809 5170; baseline -0.004 -12"><span class='ocrx_word' id='word_1_381' title='bbox 214 5105 356 5160; x_wconf 86' lang='lat' dir='ltr'><strong>clara</strong></span> <span class='ocrx_word' id='word_1_382' title='bbox 391 5103 622 5157; x_wconf 88' lang='lat' dir='ltr'><strong>facinora</strong></span> <span class='ocrx_word' id='word_1_383' title='bbox 655 5110 831 5156; x_wconf 88' lang='lat' dir='ltr'><strong>vestra</strong></span> <span class='ocrx_word' id='word_1_384' title='bbox 862 5099 1118 5170; x_wconf 90' lang='lat' dir='ltr'><strong>divulget.</strong></span> <span class='ocrx_word' id='word_1_385' title='bbox 1149 5099 1350 5154; x_wconf 88' lang='lat' dir='ltr'><strong>Omnes</strong></span> <span class='ocrx_word' id='word_1_386' title='bbox 1378 5100 1522 5155; x_wconf 89' lang='lat' dir='ltr'><strong>enim</strong></span> <span class='ocrx_word' id='word_1_387' title='bbox 1551 5115 1648 5153; x_wconf 81' lang='lat' dir='ltr'><strong>vos</strong></span> <span class='ocrx_word' id='word_1_388' title='bbox 1667 5115 1809 5170; x_wconf 74' lang='lat' dir='ltr'><strong>pne—</strong></span> 
     </span>
    </p>
   </div>
   <div class='ocr_carea' id='block_1_52' title="bbox 213 5190 1814 5258">
    <p class='ocr_par' dir='ltr' id='par_1_52' title="bbox 213 5190 1814 5258">
     <span class='ocr_line' id='line_1_52' title="bbox 213 5190 1814 5258; baseline -0.003 -10"><span class='ocrx_word' id='word_1_389' title='bbox 213 5194 433 5258; x_wconf 89' lang='lat' dir='ltr'><strong>dicant,</strong></span> <span class='ocrx_word' id='word_1_390' title='bbox 480 5191 691 5247; x_wconf 91' lang='lat' dir='ltr'><strong>laudant</strong></span> <span class='ocrx_word' id='word_1_391' title='bbox 720 5234 735 5256; x_wconf 92' lang='lat'><strong>,</strong></span> <span class='ocrx_word' id='word_1_392' title='bbox 778 5205 973 5246; x_wconf 84' lang='lat' dir='ltr'><strong>corona</strong></span> <span class='ocrx_word' id='word_1_393' title='bbox 1007 5192 1248 5257; x_wconf 89' lang='lat' dir='ltr'><strong>donant,</strong></span> <span class='ocrx_word' id='word_1_394' title='bbox 1281 5190 1467 5245; x_wconf 89' lang='lat' dir='ltr'><strong>beatos</strong></span> <span class='ocrx_word' id='word_1_395' title='bbox 1495 5200 1719 5245; x_wconf 85' lang='lat' dir='ltr'><strong>censent</strong></span> <span class='ocrx_word' id='word_1_396' title='bbox 1744 5191 1814 5243; x_wconf 85' lang='lat' dir='ltr'><strong>ob</strong></span> 
     </span>
    </p>
   </div>
   <div class='ocr_carea' id='block_1_53' title="bbox 214 5283 1809 5354">
    <p class='ocr_par' dir='ltr' id='par_1_53' title="bbox 214 5283 1809 5354">
     <span class='ocr_line' id='line_1_53' title="bbox 214 5283 1809 5354; baseline -0.003 -13"><span class='ocrx_word' id='word_1_397' title='bbox 214 5286 601 5351; x_wconf 85' lang='lat' dir='ltr'><strong>fortitudinem,</strong></span> <span class='ocrx_word' id='word_1_398' title='bbox 630 5285 1009 5347; x_wconf 68' lang='lat' dir='ltr'><strong>constantiam,</strong></span> <span class='ocrx_word' id='word_1_399' title='bbox 1043 5300 1204 5354; x_wconf 77' lang='lat' dir='ltr'><strong>quam</strong></span> <span class='ocrx_word' id='word_1_400' title='bbox 1224 5283 1383 5338; x_wconf 82' lang='lat' dir='ltr'><strong>rebus</strong></span> <span class='ocrx_word' id='word_1_401' title='bbox 1405 5283 1536 5354; x_wconf 82' lang='lat' dir='ltr'><strong>ipsis</strong></span> <span class='ocrx_word' id='word_1_402' title='bbox 1563 5291 1809 5338; x_wconf 75' lang='lat' dir='ltr'><strong>testatum</strong></span> 
     </span>
    </p>
   </div>
   <div class='ocr_carea' id='block_1_54' title="bbox 213 5376 1814 5447">
    <p class='ocr_par' dir='ltr' id='par_1_54' title="bbox 213 5376 1814 5447">
     <span class='ocr_line' id='line_1_54' title="bbox 213 5376 1814 5447; baseline -0.001 -15"><span class='ocrx_word' id='word_1_403' title='bbox 213 5393 332 5433; x_wconf 71' lang='lat' dir='ltr'><strong>esse</strong></span> <span class='ocrx_word' id='word_1_404' title='bbox 357 5378 602 5433; x_wconf 54' lang='lat' dir='ltr'><strong>voluistis</strong></span> <span class='ocrx_word' id='word_1_405' title='bbox 623 5394 642 5432; x_wconf 87' lang='lat'><strong>:</strong></span> <span class='ocrx_word' id='word_1_406' title='bbox 669 5386 730 5432; x_wconf 80' lang='lat' dir='ltr'><strong>ut</strong></span> <span class='ocrx_word' id='word_1_407' title='bbox 756 5377 882 5432; x_wconf 68' lang='lat' dir='ltr'><strong>illud</strong></span> <span class='ocrx_word' id='word_1_408' title='bbox 909 5377 1197 5446; x_wconf 69' lang='lat' dir='ltr'><strong>Scriptum</strong></span> <span class='ocrx_word' id='word_1_409' title='bbox 1225 5376 1535 5432; x_wconf 77' lang='lat' dir='ltr'><strong>mandatum</strong></span> <span class='ocrx_word' id='word_1_410' title='bbox 1569 5377 1814 5447; x_wconf 85' lang='lat' dir='ltr'><strong>implere.-</strong></span> 
     </span>
    </p>
   </div>
   <div class='ocr_carea' id='block_1_55' title="bbox 213 5467 1812 5538">
    <p class='ocr_par' dir='ltr' id='par_1_55' title="bbox 213 5467 1812 5538">
     <span class='ocr_line' id='line_1_55' title="bbox 213 5467 1812 5538; baseline -0.001 -14"><span class='ocrx_word' id='word_1_411' title='bbox 213 5469 278 5524; x_wconf 84' lang='lat' dir='ltr'><strong>lis</strong></span> <span class='ocrx_word' id='word_1_412' title='bbox 310 5487 324 5523; x_wconf 90' lang='lat'><strong>:</strong></span> <span class='ocrx_word' id='word_1_413' title='bbox 363 5467 533 5538; x_wconf 66' lang='lat' dir='ltr'><strong>Usque</strong></span> <span class='ocrx_word' id='word_1_414' title='bbox 571 5468 640 5523; x_wconf 69' lang='lat' dir='ltr'><strong>ad</strong></span> <span class='ocrx_word' id='word_1_415' title='bbox 664 5478 872 5523; x_wconf 79' lang='lat' dir='ltr'><strong>mortem</strong></span> <span class='ocrx_word' id='word_1_416' title='bbox 895 5476 1031 5526; x_wconf 62' lang='lat' dir='ltr'><strong>certa</strong></span> <span class='ocrx_word' id='word_1_417' title='bbox 1069 5485 1161 5537; x_wconf 83' lang='lat' dir='ltr'><strong>pro</strong></span> <span class='ocrx_word' id='word_1_418' title='bbox 1189 5469 1395 5522; x_wconf 79' lang='lat' dir='ltr'><strong>ueritate</strong></span> <span class='ocrx_word' id='word_1_419' title='bbox 1417 5511 1432 5534; x_wconf 90' lang='lat'><strong>,</strong></span> <span class='ocrx_word' id='word_1_420' title='bbox 1475 5478 1521 5524; x_wconf 76' lang='lat' dir='ltr'><strong>et</strong></span> <span class='ocrx_word' id='word_1_421' title='bbox 1555 5467 1689 5525; x_wconf 78' lang='lat' dir='ltr'><strong>Deus</strong></span> <span class='ocrx_word' id='word_1_422' title='bbox 1720 5486 1812 5538; x_wconf 83' lang='lat' dir='ltr'><strong>pro</strong></span> 
     </span>
    </p>
   </div>
   <div class='ocr_carea' id='block_1_56' title="bbox 212 5561 1812 5636">
    <p class='ocr_par' dir='ltr' id='par_1_56' title="bbox 212 5561 1812 5636">
     <span class='ocr_line' id='line_1_56' title="bbox 212 5561 1812 5636; baseline -0.003 -17"><span class='ocrx_word' id='word_1_423' title='bbox 212 5574 259 5630; x_wconf 63' lang='lat' dir='ltr'><strong>te</strong></span> <span class='ocrx_word' id='word_1_424' title='bbox 278 5563 570 5636; x_wconf 79' lang='lat' dir='ltr'><strong>pugnabit.(</strong></span> <span class='ocrx_word' id='word_1_425' title='bbox 592 5561 756 5618; x_wconf 78' lang='lat' dir='ltr'><strong>Eccli.</strong></span> <span class='ocrx_word' id='word_1_426' title='bbox 786 5564 836 5618; x_wconf 72' lang='grc' dir='ltr'>ι.</span> <span class='ocrx_word' id='word_1_427' title='bbox 868 5564 938 5619; x_wconf 76' lang='lat'><strong>33</strong></span> <span class='ocrx_word' id='word_1_428' title='bbox 960 5564 1000 5632; x_wconf 93' lang='lat'><strong>).</strong></span> <span class='ocrx_word' id='word_1_429' title='bbox 1032 5563 1111 5617; x_wconf 88' lang='lat' dir='ltr'><strong>En</strong></span> <span class='ocrx_word' id='word_1_430' title='bbox 1142 5564 1301 5633; x_wconf 84' lang='lat' dir='ltr'><strong>igitur</strong></span> <span class='ocrx_word' id='word_1_431' title='bbox 1329 5572 1405 5618; x_wconf 91' lang='lat' dir='ltr'><strong>tot</strong></span> <span class='ocrx_word' id='word_1_432' title='bbox 1434 5562 1683 5620; x_wconf 83' lang='lat' dir='ltr'><strong>fluctibus</strong></span> <span class='ocrx_word' id='word_1_433' title='bbox 1712 5565 1812 5617; x_wconf 78' lang='lat' dir='ltr'><strong>izn-</strong></span> 
     </span>
    </p>
   </div>
   <div class='ocr_carea' id='block_1_57' title="bbox 211 5654 1806 5727">
    <p class='ocr_par' dir='ltr' id='par_1_57' title="bbox 211 5654 1806 5727">
     <span class='ocr_line' id='line_1_57' title="bbox 211 5654 1806 5727; baseline -0.001 -16"><span class='ocrx_word' id='word_1_434' title='bbox 211 5666 391 5727; x_wconf 88' lang='lat' dir='ltr'><strong>petum</strong></span> <span class='ocrx_word' id='word_1_435' title='bbox 456 5654 773 5710; x_wconf 87' lang='lat' dir='ltr'><strong>facientibus</strong></span> <span class='ocrx_word' id='word_1_436' title='bbox 811 5697 828 5722; x_wconf 93' lang='lat'><strong>,</strong></span> <span class='ocrx_word' id='word_1_437' title='bbox 880 5664 1022 5709; x_wconf 90' lang='lat' dir='ltr'><strong>tanta</strong></span> <span class='ocrx_word' id='word_1_438' title='bbox 1085 5656 1392 5723; x_wconf 76' lang='lat' dir='ltr'><strong>insurgente</strong></span> <span class='ocrx_word' id='word_1_439' title='bbox 1444 5664 1806 5727; x_wconf 86' lang='lat' dir='ltr'><strong>tempestate,</strong></span> 
     </span>
    </p>
   </div>
   <div class='ocr_carea' id='block_1_58' title="bbox 217 5745 1809 5816">
    <p class='ocr_par' dir='ltr' id='par_1_58' title="bbox 217 5745 1809 5816">
     <span class='ocr_line' id='line_1_58' title="bbox 217 5745 1809 5816; baseline 0.003 -18"><span class='ocrx_word' id='word_1_440' title='bbox 217 5759 393 5816; x_wconf 89' lang='lat' dir='ltr'><strong>neque</strong></span> <span class='ocrx_word' id='word_1_441' title='bbox 431 5746 753 5802; x_wconf 86' lang='lat' dir='ltr'><strong>conturbare</strong></span> <span class='ocrx_word' id='word_1_442' title='bbox 796 5761 891 5801; x_wconf 87' lang='lat' dir='ltr'><strong>vos</strong></span> <span class='ocrx_word' id='word_1_443' title='bbox 924 5745 1062 5801; x_wconf 83' lang='lat' dir='ltr'><strong>ullus</strong></span> <span class='ocrx_word' id='word_1_444' title='bbox 1111 5748 1321 5816; x_wconf 89' lang='lat' dir='ltr'><strong>potuit,</strong></span> <span class='ocrx_word' id='word_1_445' title='bbox 1367 5763 1468 5802; x_wconf 86' lang='lat' dir='ltr'><strong>nec</strong></span> <span class='ocrx_word' id='word_1_446' title='bbox 1501 5749 1551 5802; x_wconf 90' lang='lat' dir='ltr'><strong>iu</strong></span> <span class='ocrx_word' id='word_1_447' title='bbox 1604 5749 1709 5803; x_wconf 86' lang='lat' dir='ltr'><strong>ulla</strong></span> <span class='ocrx_word' id='word_1_448' title='bbox 1753 5765 1809 5804; x_wconf 82' lang='lat' dir='ltr'><strong>re</strong></span> 
     </span>
    </p>
   </div>
   <div class='ocr_carea' id='block_1_59' title="bbox 217 5833 1807 5911">
    <p class='ocr_par' dir='ltr' id='par_1_59' title="bbox 217 5833 1807 5911">
     <span class='ocr_line' id='line_1_59' title="bbox 217 5833 1807 5911; baseline 0.003 -18"><span class='ocrx_word' id='word_1_449' title='bbox 217 5833 430 5903; x_wconf 59' lang='lat' dir='ltr'><strong>mro,</strong></span> <span class='ocrx_word' id='word_1_450' title='bbox 456 5839 550 5907; x_wconf 78' lang='lat' dir='ltr'><strong>sed</strong></span> <span class='ocrx_word' id='word_1_451' title='bbox 572 5851 626 5896; x_wconf 88' lang='lat' dir='ltr'><strong>ot</strong></span> <span class='ocrx_word' id='word_1_452' title='bbox 651 5839 725 5894; x_wconf 91' lang='lat' dir='ltr'><strong>illi</strong></span> <span class='ocrx_word' id='word_1_453' title='bbox 747 5841 839 5911; x_wconf 87' lang='lat' dir='ltr'><strong>qui</strong></span> <span class='ocrx_word' id='word_1_454' title='bbox 864 5841 1013 5897; x_wconf 76' lang='lat' dir='ltr'><strong>nobis</strong></span> <span class='ocrx_word' id='word_1_455' title='bbox 1045 5841 1291 5909; x_wconf 69' lang='lat' dir='ltr'><strong>iniuriam</strong></span> <span class='ocrx_word' id='word_1_456' title='bbox 1315 5841 1516 5899; x_wconf 75' lang='lat' dir='ltr'><strong>inierre</strong></span> <span class='ocrx_word' id='word_1_457' title='bbox 1536 5843 1807 5899; x_wconf 79' lang='lat' dir='ltr'><strong>conaban-</strong></span> 
     </span>
    </p>
   </div>
   <div class='ocr_carea' id='block_1_60' title="bbox 552 5955 1172 6019">
    <p class='ocr_par' dir='ltr' id='par_1_60' title="bbox 552 5955 1172 6019">
     <span class='ocr_line' id='line_1_60' title="bbox 552 5955 1172 6019; baseline -0.002 0"><span class='ocrx_word' id='word_1_458' title='bbox 552 5957 830 6019; x_wconf 72' lang='lat' dir='ltr'><strong>Pnnoc.</strong></span> <span class='ocrx_word' id='word_1_459' title='bbox 870 5957 990 6018; x_wconf 81' lang='lat' dir='ltr'><strong>Gn.</strong></span> <span class='ocrx_word' id='word_1_460' title='bbox 1040 5955 1172 6018; x_wconf 88' lang='lat' dir='ltr'><strong>Lll.</strong></span> 
     </span>
    </p>
   </div>
   <div class='ocr_carea' id='block_1_61' title="bbox 1664 351 2048 420">
    <p class='ocr_par' dir='ltr' id='par_1_61' title="bbox 1664 351 2048 420">
     <span class='ocr_line' id='line_1_61' title="bbox 1664 351 2048 420; baseline -0.008 0"><span class='ocrx_word' id='word_1_461' title='bbox 1664 351 2048 420; x_wconf 67' lang='lat' dir='ltr'><strong>EPISTOL‘E.</strong></span> 
     </span>
    </p>
   </div>
   <div class='ocr_carea' id='block_1_62' title="bbox 3451 357 3559 418">
    <p class='ocr_par' dir='ltr' id='par_1_62' title="bbox 3451 357 3559 418">
     <span class='ocr_line' id='line_1_62' title="bbox 3451 357 3559 418; baseline 0.009 -2"><span class='ocrx_word' id='word_1_462' title='bbox 3451 357 3559 418; x_wconf 63' lang='grc'><strong>766</strong></span> 
     </span>
    </p>
   </div>
   <div class='ocr_carea' id='block_1_63' title="bbox 1941 481 3556 554">
    <p class='ocr_par' dir='ltr' id='par_1_63' title="bbox 1941 481 3556 554">
     <span class='ocr_line' id='line_1_63' title="bbox 1941 481 3556 554; baseline 0.001 -15"><span class='ocrx_word' id='word_1_463' title='bbox 1941 491 2029 540; x_wconf 90' lang='lat' dir='ltr'><strong>tur</strong></span> <span class='ocrx_word' id='word_1_464' title='bbox 2054 525 2071 552; x_wconf 96' lang='lat'><strong>,</strong></span> <span class='ocrx_word' id='word_1_465' title='bbox 2115 498 2214 540; x_wconf 88' lang='lat' dir='ltr'><strong>nec</strong></span> <span class='ocrx_word' id='word_1_466' title='bbox 2242 483 2527 554; x_wconf 81' lang='lat' dir='ltr'><strong>opinantes</strong></span> <span class='ocrx_word' id='word_1_467' title='bbox 2553 481 2817 553; x_wconf 80' lang='lat' dir='ltr'><strong>majorum</strong></span> <span class='ocrx_word' id='word_1_468' title='bbox 2847 481 3000 539; x_wconf 88' lang='lat' dir='ltr'><strong>vobis</strong></span> <span class='ocrx_word' id='word_1_469' title='bbox 3043 481 3264 547; x_wconf 85' lang='lat' dir='ltr'><strong>laudum</strong></span> <span class='ocrx_word' id='word_1_470' title='bbox 3303 490 3556 540; x_wconf 84' lang='lat' dir='ltr'><strong>auctorea</strong></span> 
     </span>
    </p>
   </div>
   <div class='ocr_carea' id='block_1_64' title="bbox 1940 574 3564 656">
    <p class='ocr_par' dir='ltr' id='par_1_64' title="bbox 1940 574 3564 656">
     <span class='ocr_line' id='line_1_64' title="bbox 1940 574 3564 656; baseline 0.001 -26"><span class='ocrx_word' id='word_1_471' title='bbox 1940 575 2181 632; x_wconf 87' lang='lat' dir='ltr'><strong>fuerunt.</strong></span> <span class='ocrx_word' id='word_1_472' title='bbox 2204 575 2351 645; x_wconf 80' lang='lat' dir='ltr'><strong>Quas</strong></span> <span class='ocrx_word' id='word_1_473' title='bbox 2376 575 2450 632; x_wconf 91' lang='lat' dir='ltr'><strong>oh</strong></span> <span class='ocrx_word' id='word_1_474' title='bbox 2485 589 2578 632; x_wconf 85' lang='lat' dir='ltr'><strong>res</strong></span> <span class='ocrx_word' id='word_1_475' title='bbox 2603 574 2878 656; x_wconf 77' lang='lat' dir='ltr'><strong>gaudete,</strong></span> <span class='ocrx_word' id='word_1_476' title='bbox 2905 589 3094 646; x_wconf 69' lang='lat' dir='ltr'><strong>qum</strong></span> <span class='ocrx_word' id='word_1_477' title='bbox 3116 616 3134 642; x_wconf 89' lang='lat'><strong>,</strong></span> <span class='ocrx_word' id='word_1_478' title='bbox 3165 583 3221 631; x_wconf 89' lang='lat' dir='ltr'><strong>et</strong></span> <span class='ocrx_word' id='word_1_479' title='bbox 3245 575 3514 632; x_wconf 79' lang='lat' dir='ltr'><strong>exsultate</strong></span> <span class='ocrx_word' id='word_1_480' title='bbox 3553 621 3564 642; x_wconf 87' lang='grc'><em>,</em></span> 
     </span>
    </p>
   </div>
   <div class='ocr_carea' id='block_1_65' title="bbox 1939 665 3565 740">
    <p class='ocr_par' dir='ltr' id='par_1_65' title="bbox 1939 665 3565 740">
     <span class='ocr_line' id='line_1_65' title="bbox 1939 665 3565 740; baseline 0.003 -18"><span class='ocrx_word' id='word_1_481' title='bbox 1939 666 2216 739; x_wconf 88' lang='lat' dir='ltr'><strong>Deumque</strong></span> <span class='ocrx_word' id='word_1_482' title='bbox 2249 665 2463 739; x_wconf 88' lang='lat' dir='ltr'><strong>precari</strong></span> <span class='ocrx_word' id='word_1_483' title='bbox 2504 682 2613 723; x_wconf 90' lang='lat' dir='ltr'><strong>non</strong></span> <span class='ocrx_word' id='word_1_484' title='bbox 2655 666 2890 722; x_wconf 84' lang='lat' dir='ltr'><strong>desinite</strong></span> <span class='ocrx_word' id='word_1_485' title='bbox 2914 709 2930 727; x_wconf 94' lang='lat'><strong>.</strong></span> <span class='ocrx_word' id='word_1_486' title='bbox 2972 667 3064 737; x_wconf 91' lang='lat' dir='ltr'><strong>qui</strong></span> <span class='ocrx_word' id='word_1_487' title='bbox 3090 681 3180 724; x_wconf 86' lang='lat' dir='ltr'><strong>res</strong></span> <span class='ocrx_word' id='word_1_488' title='bbox 3199 667 3461 740; x_wconf 77' lang='lat' dir='ltr'><strong>perlicit,</strong></span> <span class='ocrx_word' id='word_1_489' title='bbox 3509 681 3565 727; x_wconf 90' lang='lat' dir='ltr'><strong>et</strong></span> 
     </span>
    </p>
   </div>
   <div class='ocr_carea' id='block_1_66' title="bbox 1937 757 3563 831">
    <p class='ocr_par' dir='ltr' id='par_1_66' title="bbox 1937 757 3563 831">
     <span class='ocr_line' id='line_1_66' title="bbox 1937 757 3563 831; baseline 0.003 -17"><span class='ocrx_word' id='word_1_490' title='bbox 1937 759 2209 815; x_wconf 88' lang='lat' dir='ltr'><strong>immutat.</strong></span> <span class='ocrx_word' id='word_1_491' title='bbox 2261 758 2447 816; x_wconf 85' lang='lat' dir='ltr'><strong>Faciet</strong></span> <span class='ocrx_word' id='word_1_492' title='bbox 2489 759 2637 820; x_wconf 89' lang='lat' dir='ltr'><strong>enim</strong></span> <span class='ocrx_word' id='word_1_493' title='bbox 2672 759 2785 815; x_wconf 88' lang='lat' dir='ltr'><strong>cito</strong></span> <span class='ocrx_word' id='word_1_494' title='bbox 2816 757 2937 831; x_wconf 84' lang='lat' dir='ltr'><strong>plus</strong></span> <span class='ocrx_word' id='word_1_495' title='bbox 2965 774 3127 830; x_wconf 89' lang='lat' dir='ltr'><strong>quam</strong></span> <span class='ocrx_word' id='word_1_496' title='bbox 3176 760 3411 830; x_wconf 89' lang='lat' dir='ltr'><strong>petimus</strong></span> <span class='ocrx_word' id='word_1_497' title='bbox 3467 773 3563 819; x_wconf 88' lang='lat' dir='ltr'><strong>aut</strong></span> 
     </span>
    </p>
   </div>
   <div class='ocr_carea' id='block_1_67' title="bbox 1938 851 3559 961">
    <p class='ocr_par' dir='ltr' id='par_1_67' title="bbox 1938 851 3559 961">
     <span class='ocr_line' id='line_1_67' title="bbox 1938 851 3559 961; baseline 0.005 -55"><span class='ocrx_word' id='word_1_498' title='bbox 1938 852 2308 961; x_wconf 60' lang='lat' dir='ltr'><strong>intelligimus,</strong></span> <span class='ocrx_word' id='word_1_499' title='bbox 2340 861 2564 924; x_wconf 88' lang='lat' dir='ltr'><strong>propter</strong></span> <span class='ocrx_word' id='word_1_500' title='bbox 2589 851 2888 909; x_wconf 80' lang='lat' dir='ltr'><strong>bonitatem</strong></span> <span class='ocrx_word' id='word_1_501' title='bbox 2909 868 3061 909; x_wconf 87' lang='lat' dir='ltr'><strong>suam</strong></span> <span class='ocrx_word' id='word_1_502' title='bbox 3083 852 3104 925; x_wconf 92' lang='lat'><strong>(</strong></span> <span class='ocrx_word' id='word_1_503' title='bbox 3127 852 3321 925; x_wconf 75' lang='lat' dir='ltr'><strong>Ephes.</strong></span> <span class='ocrx_word' id='word_1_504' title='bbox 3349 855 3409 912; x_wconf 75' lang='lat'><strong>5.</strong></span> <span class='ocrx_word' id='word_1_505' title='bbox 3441 857 3559 922; x_wconf 72' lang='lat'><strong>20).</strong></span> 
     </span>
    </p>
   </div>
   <div class='ocr_carea' id='block_1_68' title="bbox 2129 984 3361 1063">
    <p class='ocr_par' dir='ltr' id='par_1_68' title="bbox 2129 984 3361 1063">
     <span class='ocr_line' id='line_1_68' title="bbox 2129 984 3361 1063; baseline 0.002 -21"><span class='ocrx_word' id='word_1_506' title='bbox 2129 984 2332 1042; x_wconf 81' lang='lat' dir='ltr'><strong>CCXL.</strong></span> <span class='ocrx_word' id='word_1_507' title='bbox 2373 984 2623 1057; x_wconf 78' lang='lat' dir='ltr'><strong>Ejusdem</strong></span> <span class='ocrx_word' id='word_1_508' title='bbox 2649 987 2720 1042; x_wconf 84' lang='lat' dir='ltr'><strong>ad</strong></span> <span class='ocrx_word' id='word_1_509' title='bbox 2745 985 2956 1045; x_wconf 65' lang='lat' dir='ltr'><strong>Castam</strong></span> <span class='ocrx_word' id='word_1_510' title='bbox 2985 988 3361 1063; x_wconf 67' lang='lat' dir='ltr'><strong>presbyterum.</strong></span> 
     </span>
    </p>
   </div>
   <div class='ocr_carea' id='block_1_69' title="bbox 2007 1120 3555 1197">
    <p class='ocr_par' dir='ltr' id='par_1_69' title="bbox 2007 1120 3555 1197">
     <span class='ocr_line' id='line_1_69' title="bbox 2007 1120 3555 1197; baseline 0.008 -24"><span class='ocrx_word' id='word_1_511' title='bbox 2007 1121 2179 1189; x_wconf 86' lang='lat' dir='ltr'><strong>Quam</strong></span> <span class='ocrx_word' id='word_1_512' title='bbox 2210 1121 2359 1178; x_wconf 89' lang='lat' dir='ltr'><strong>clare</strong></span> <span class='ocrx_word' id='word_1_513' title='bbox 2383 1120 2585 1195; x_wconf 89' lang='lat' dir='ltr'><strong>fulget,</strong></span> <span class='ocrx_word' id='word_1_514' title='bbox 2613 1135 2716 1180; x_wconf 86' lang='lat' dir='ltr'><strong>nec</strong></span> <span class='ocrx_word' id='word_1_515' title='bbox 2738 1123 2912 1181; x_wconf 81' lang='lat' dir='ltr'><strong>latere</strong></span> <span class='ocrx_word' id='word_1_516' title='bbox 2936 1133 3115 1197; x_wconf 88' lang='lat' dir='ltr'><strong>potest</strong></span> <span class='ocrx_word' id='word_1_517' title='bbox 3136 1126 3318 1183; x_wconf 83' lang='lat' dir='ltr'><strong>anima</strong></span> <span class='ocrx_word' id='word_1_518' title='bbox 3347 1127 3555 1186; x_wconf 87' lang='lat' dir='ltr'><strong>fervida</strong></span> 
     </span>
    </p>
   </div>
   <div class='ocr_carea' id='block_1_70' title="bbox 1938 1214 3553 1290">
    <p class='ocr_par' dir='ltr' id='par_1_70' title="bbox 1938 1214 3553 1290">
     <span class='ocr_line' id='line_1_70' title="bbox 1938 1214 3553 1290; baseline 0.005 -20"><span class='ocrx_word' id='word_1_519' title='bbox 1938 1214 2159 1284; x_wconf 58' lang='lat' dir='ltr'><strong>praedita</strong></span> <span class='ocrx_word' id='word_1_520' title='bbox 2181 1216 2444 1275; x_wconf 79' lang='lat' dir='ltr'><strong>caritate!</strong></span> <span class='ocrx_word' id='word_1_521' title='bbox 2475 1230 2584 1287; x_wconf 90' lang='lat' dir='ltr'><strong>quo</strong></span> <span class='ocrx_word' id='word_1_522' title='bbox 2621 1225 2782 1287; x_wconf 85' lang='lat' dir='ltr'><strong>pacto</strong></span> <span class='ocrx_word' id='word_1_523' title='bbox 2814 1225 2919 1273; x_wconf 69' lang='lat' dir='ltr'><strong>tua:</strong></span> <span class='ocrx_word' id='word_1_524' title='bbox 2955 1217 3181 1290; x_wconf 87' lang='lat' dir='ltr'><strong>contigit</strong></span> <span class='ocrx_word' id='word_1_525' title='bbox 3208 1223 3553 1279; x_wconf 66' lang='lat' dir='ltr'><strong>reverentiae.</strong></span> 
     </span>
    </p>
   </div>
   <div class='ocr_carea' id='block_1_71' title="bbox 1934 1307 3557 1390">
    <p class='ocr_par' dir='ltr' id='par_1_71' title="bbox 1934 1307 3557 1390">
     <span class='ocr_line' id='line_1_71' title="bbox 1934 1307 3557 1390; baseline 0.007 -28"><span class='ocrx_word' id='word_1_526' title='bbox 1934 1307 2068 1363; x_wconf 86' lang='lat' dir='ltr'><strong>Nam</strong></span> <span class='ocrx_word' id='word_1_527' title='bbox 2086 1321 2210 1364; x_wconf 90' lang='lat' dir='ltr'><strong>cum</strong></span> <span class='ocrx_word' id='word_1_528' title='bbox 2228 1307 2456 1364; x_wconf 86' lang='lat' dir='ltr'><strong>necdum</strong></span> <span class='ocrx_word' id='word_1_529' title='bbox 2474 1308 2666 1390; x_wconf 74' lang='lat' dir='ltr'><strong>scires,</strong></span> <span class='ocrx_word' id='word_1_530' title='bbox 2685 1325 2815 1365; x_wconf 89' lang='lat' dir='ltr'><strong>num</strong></span> <span class='ocrx_word' id='word_1_531' title='bbox 2835 1309 2927 1367; x_wconf 88' lang='lat' dir='ltr'><strong>tibi</strong></span> <span class='ocrx_word' id='word_1_532' title='bbox 2948 1311 3355 1383; x_wconf 82' lang='lat' dir='ltr'><strong>scripsissemus</strong></span> <span class='ocrx_word' id='word_1_533' title='bbox 3376 1314 3398 1389; x_wconf 90' lang='lat'><strong>(</strong></span> <span class='ocrx_word' id='word_1_534' title='bbox 3414 1324 3557 1372; x_wconf 78' lang='lat' dir='ltr'><strong>tam-</strong></span> 
     </span>
    </p>
   </div>
   <div class='ocr_carea' id='block_1_72' title="bbox 1933 1399 3552 1478">
    <p class='ocr_par' dir='ltr' id='par_1_72' title="bbox 1933 1399 3552 1478">
     <span class='ocr_line' id='line_1_72' title="bbox 1933 1399 3552 1478; baseline 0.006 -25"><span class='ocrx_word' id='word_1_535' title='bbox 1933 1399 2036 1454; x_wconf 91' lang='lat' dir='ltr'><strong>etsi</strong></span> <span class='ocrx_word' id='word_1_536' title='bbox 2079 1400 2542 1470; x_wconf 86' lang='lat' dir='ltr'><strong>scripseramus),</strong></span> <span class='ocrx_word' id='word_1_537' title='bbox 2591 1412 2769 1457; x_wconf 90' lang='lat' dir='ltr'><strong>tamen</strong></span> <span class='ocrx_word' id='word_1_538' title='bbox 2813 1416 2934 1472; x_wconf 65' lang='lat' dir='ltr'><strong>qua:</strong></span> <span class='ocrx_word' id='word_1_539' title='bbox 2965 1411 3176 1459; x_wconf 90' lang='lat' dir='ltr'><strong>tuarum</strong></span> <span class='ocrx_word' id='word_1_540' title='bbox 3222 1414 3381 1462; x_wconf 90' lang='lat' dir='ltr'><strong>erant</strong></span> <span class='ocrx_word' id='word_1_541' title='bbox 3423 1422 3552 1478; x_wconf 87' lang='lat' dir='ltr'><strong>par-</strong></span> 
     </span>
    </p>
   </div>
   <div class='ocr_carea' id='block_1_73' title="bbox 1933 1490 3555 1564">
    <p class='ocr_par' dir='ltr' id='par_1_73' title="bbox 1933 1490 3555 1564">
     <span class='ocr_line' id='line_1_73' title="bbox 1933 1490 3555 1564; baseline 0.004 -18"><span class='ocrx_word' id='word_1_542' title='bbox 1933 1491 2066 1546; x_wconf 90' lang='lat' dir='ltr'><strong>tium</strong></span> <span class='ocrx_word' id='word_1_543' title='bbox 2097 1492 2214 1562; x_wconf 90' lang='lat' dir='ltr'><strong>ipse</strong></span> <span class='ocrx_word' id='word_1_544' title='bbox 2242 1490 2542 1563; x_wconf 64' lang='lat' dir='ltr'><strong>praestitisti</strong></span> <span class='ocrx_word' id='word_1_545' title='bbox 2568 1534 2584 1560; x_wconf 95' lang='lat'><strong>,</strong></span> <span class='ocrx_word' id='word_1_546' title='bbox 2615 1507 2738 1548; x_wconf 89' lang='lat' dir='ltr'><strong>cum</strong></span> <span class='ocrx_word' id='word_1_547' title='bbox 2769 1501 2824 1549; x_wconf 92' lang='lat' dir='ltr'><strong>et</strong></span> <span class='ocrx_word' id='word_1_548' title='bbox 2852 1493 3036 1550; x_wconf 88' lang='lat' dir='ltr'><strong>literas</strong></span> <span class='ocrx_word' id='word_1_549' title='bbox 3081 1494 3150 1550; x_wconf 92' lang='lat' dir='ltr'><strong>ad</strong></span> <span class='ocrx_word' id='word_1_550' title='bbox 3185 1510 3286 1552; x_wconf 91' lang='lat' dir='ltr'><strong>nos</strong></span> <span class='ocrx_word' id='word_1_551' title='bbox 3315 1496 3510 1554; x_wconf 82' lang='lat' dir='ltr'><strong>dedisti</strong></span> <span class='ocrx_word' id='word_1_552' title='bbox 3538 1539 3555 1564; x_wconf 88' lang='lat'><strong>,</strong></span> 
     </span>
    </p>
   </div>
   <div class='ocr_carea' id='block_1_74' title="bbox 1935 1576 3555 1657">
    <p class='ocr_par' dir='ltr' id='par_1_74' title="bbox 1935 1576 3555 1657">
     <span class='ocr_line' id='line_1_74' title="bbox 1935 1576 3555 1657; baseline 0.004 -19"><span class='ocrx_word' id='word_1_553' title='bbox 1935 1592 1989 1638; x_wconf 90' lang='lat' dir='ltr'><strong>et</strong></span> <span class='ocrx_word' id='word_1_554' title='bbox 2015 1582 2068 1637; x_wconf 92' lang='lat' dir='ltr'><strong>in</strong></span> <span class='ocrx_word' id='word_1_555' title='bbox 2095 1581 2199 1638; x_wconf 91' lang='lat' dir='ltr'><strong>hoc</strong></span> <span class='ocrx_word' id='word_1_556' title='bbox 2222 1583 2449 1638; x_wconf 71' lang='lat' dir='ltr'><strong>sincera:</strong></span> <span class='ocrx_word' id='word_1_557' title='bbox 2475 1576 2580 1639; x_wconf 70' lang='lat' dir='ltr'><strong>tua:</strong></span> <span class='ocrx_word' id='word_1_558' title='bbox 2609 1583 2998 1640; x_wconf 66' lang='lat' dir='ltr'><strong>benevolentiae</strong></span> <span class='ocrx_word' id='word_1_559' title='bbox 3019 1587 3295 1657; x_wconf 88' lang='lat' dir='ltr'><strong>specimen</strong></span> <span class='ocrx_word' id='word_1_560' title='bbox 3315 1588 3555 1655; x_wconf 84' lang='lat' dir='ltr'><strong>edidisti,</strong></span> 
     </span>
    </p>
   </div>
   <div class='ocr_carea' id='block_1_75' title="bbox 1936 1673 3558 1749">
    <p class='ocr_par' dir='ltr' id='par_1_75' title="bbox 1936 1673 3558 1749">
     <span class='ocr_line' id='line_1_75' title="bbox 1936 1673 3558 1749; baseline 0.004 -22"><span class='ocrx_word' id='word_1_561' title='bbox 1936 1687 2141 1744; x_wconf 87' lang='lat' dir='ltr'><strong>nosque</strong></span> <span class='ocrx_word' id='word_1_562' title='bbox 2169 1688 2379 1729; x_wconf 89' lang='lat' dir='ltr'><strong>summa</strong></span> <span class='ocrx_word' id='word_1_563' title='bbox 2409 1673 2594 1729; x_wconf 71' lang='lat' dir='ltr'><strong>laetitia</strong></span> <span class='ocrx_word' id='word_1_564' title='bbox 2618 1681 2676 1730; x_wconf 92' lang='lat' dir='ltr'><strong>et</strong></span> <span class='ocrx_word' id='word_1_565' title='bbox 2699 1675 3072 1733; x_wconf 91' lang='lat' dir='ltr'><strong>consolatione</strong></span> <span class='ocrx_word' id='word_1_566' title='bbox 3098 1677 3459 1749; x_wconf 87' lang='lat' dir='ltr'><strong>complevisti.</strong></span> <span class='ocrx_word' id='word_1_567' title='bbox 3485 1679 3558 1738; x_wconf 86' lang='lat' dir='ltr'><strong>Ut</strong></span> 
     </span>
    </p>
   </div>
   <div class='ocr_carea' id='block_1_76' title="bbox 1936 1764 3552 1841">
    <p class='ocr_par' dir='ltr' id='par_1_76' title="bbox 1936 1764 3552 1841">
     <span class='ocr_line' id='line_1_76' title="bbox 1936 1764 3552 1841; baseline 0.006 -23"><span class='ocrx_word' id='word_1_568' title='bbox 1936 1764 2097 1836; x_wconf 84' lang='lat' dir='ltr'><strong>igitur</strong></span> <span class='ocrx_word' id='word_1_569' title='bbox 2138 1764 2240 1820; x_wconf 88' lang='lat' dir='ltr'><strong>hac</strong></span> <span class='ocrx_word' id='word_1_570' title='bbox 2263 1764 2536 1836; x_wconf 80' lang='lat' dir='ltr'><strong>voluptate</strong></span> <span class='ocrx_word' id='word_1_571' title='bbox 2565 1775 2827 1837; x_wconf 89' lang='lat' dir='ltr'><strong>perpetuo</strong></span> <span class='ocrx_word' id='word_1_572' title='bbox 2854 1765 3138 1835; x_wconf 88' lang='lat' dir='ltr'><strong>fruamur,</strong></span> <span class='ocrx_word' id='word_1_573' title='bbox 3166 1784 3233 1825; x_wconf 92' lang='lat' dir='ltr'><strong>ac</strong></span> <span class='ocrx_word' id='word_1_574' title='bbox 3261 1770 3514 1828; x_wconf 75' lang='lat' dir='ltr'><strong>lzetemur</strong></span> <span class='ocrx_word' id='word_1_575' title='bbox 3532 1814 3552 1841; x_wconf 92' lang='lat'><strong>,</strong></span> 
     </span>
    </p>
   </div>
   <div class='ocr_carea' id='block_1_77' title="bbox 1935 1857 3553 1936">
    <p class='ocr_par' dir='ltr' id='par_1_77' title="bbox 1935 1857 3553 1936">
     <span class='ocr_line' id='line_1_77' title="bbox 1935 1857 3553 1936; baseline 0.006 -24"><span class='ocrx_word' id='word_1_576' title='bbox 1935 1860 2377 1929; x_wconf 90' lang='lat' dir='ltr'><strong>quotiescumque</strong></span> <span class='ocrx_word' id='word_1_577' title='bbox 2401 1857 2628 1915; x_wconf 89' lang='lat' dir='ltr'><strong>facultas</strong></span> <span class='ocrx_word' id='word_1_578' title='bbox 2651 1858 2899 1927; x_wconf 88' lang='lat' dir='ltr'><strong>dabitur,</strong></span> <span class='ocrx_word' id='word_1_579' title='bbox 2932 1862 3003 1916; x_wconf 90' lang='lat' dir='ltr'><strong>ita</strong></span> <span class='ocrx_word' id='word_1_580' title='bbox 3035 1860 3154 1927; x_wconf 89' lang='lat' dir='ltr'><strong>fac,</strong></span> <span class='ocrx_word' id='word_1_581' title='bbox 3186 1877 3392 1934; x_wconf 67' lang='lat'><strong>(1113380,</strong></span> <span class='ocrx_word' id='word_1_582' title='bbox 3427 1882 3553 1936; x_wconf 89' lang='lat' dir='ltr'><strong>per-</strong></span> 
     </span>
    </p>
   </div>
   <div class='ocr_carea' id='block_1_78' title="bbox 1935 1951 3552 2027">
    <p class='ocr_par' dir='ltr' id='par_1_78' title="bbox 1935 1951 3552 2027">
     <span class='ocr_line' id='line_1_78' title="bbox 1935 1951 3552 2027; baseline 0.005 -22"><span class='ocrx_word' id='word_1_583' title='bbox 1935 1959 2119 2020; x_wconf 89' lang='lat' dir='ltr'><strong>petuo.</strong></span> <span class='ocrx_word' id='word_1_584' title='bbox 2147 1951 2360 2007; x_wconf 88' lang='lat' dir='ltr'><strong>Scimus</strong></span> <span class='ocrx_word' id='word_1_585' title='bbox 2393 1952 2537 2007; x_wconf 90' lang='lat' dir='ltr'><strong>enim</strong></span> <span class='ocrx_word' id='word_1_586' title='bbox 2562 1967 2675 2009; x_wconf 88' lang='lat' dir='ltr'><strong>rem</strong></span> <span class='ocrx_word' id='word_1_587' title='bbox 2701 1966 2825 2009; x_wconf 89' lang='lat' dir='ltr'><strong>esse</strong></span> <span class='ocrx_word' id='word_1_588' title='bbox 2850 1952 3244 2024; x_wconf 86' lang='lat' dir='ltr'><strong>perdifficilem,</strong></span> <span class='ocrx_word' id='word_1_589' title='bbox 3269 1956 3416 2027; x_wconf 88' lang='lat' dir='ltr'><strong>quod</strong></span> <span class='ocrx_word' id='word_1_590' title='bbox 3445 1974 3552 2013; x_wconf 90' lang='lat' dir='ltr'><strong>non</strong></span> 
     </span>
    </p>
   </div>
   <div class='ocr_carea' id='block_1_79' title="bbox 1936 2039 3557 2119">
    <p class='ocr_par' dir='ltr' id='par_1_79' title="bbox 1936 2039 3557 2119">
     <span class='ocr_line' id='line_1_79' title="bbox 1936 2039 3557 2119; baseline 0.007 -23"><span class='ocrx_word' id='word_1_591' title='bbox 1936 2039 2092 2099; x_wconf 86' lang='lat' dir='ltr'><strong>facile</strong></span> <span class='ocrx_word' id='word_1_592' title='bbox 2116 2043 2279 2114; x_wconf 90' lang='lat' dir='ltr'><strong>aliqui</strong></span> <span class='ocrx_word' id='word_1_593' title='bbox 2305 2043 2411 2100; x_wconf 91' lang='lat' dir='ltr'><strong>huc</strong></span> <span class='ocrx_word' id='word_1_594' title='bbox 2439 2043 2769 2112; x_wconf 75' lang='lat' dir='ltr'><strong>advenient;</strong></span> <span class='ocrx_word' id='word_1_595' title='bbox 2797 2045 2999 2116; x_wconf 89' lang='lat' dir='ltr'><strong>quippe</strong></span> <span class='ocrx_word' id='word_1_596' title='bbox 3020 2047 3164 2119; x_wconf 89' lang='lat' dir='ltr'><strong>quod</strong></span> <span class='ocrx_word' id='word_1_597' title='bbox 3191 2047 3279 2104; x_wconf 90' lang='lat' dir='ltr'><strong>hic</strong></span> <span class='ocrx_word' id='word_1_598' title='bbox 3301 2049 3453 2106; x_wconf 89' lang='lat' dir='ltr'><strong>locus</strong></span> <span class='ocrx_word' id='word_1_599' title='bbox 3483 2051 3557 2108; x_wconf 62' lang='lat' dir='ltr'><strong>sit.</strong></span> 
     </span>
    </p>
   </div>
   <div class='ocr_carea' id='block_1_80' title="bbox 1938 2135 3555 2212">
    <p class='ocr_par' dir='ltr' id='par_1_80' title="bbox 1938 2135 3555 2212">
     <span class='ocr_line' id='line_1_80' title="bbox 1938 2135 3555 2212; baseline 0.007 -24"><span class='ocrx_word' id='word_1_600' title='bbox 1938 2135 2120 2212; x_wconf 22' lang='lat' dir='ltr'><strong>totius!</strong></span> <span class='ocrx_word' id='word_1_601' title='bbox 2170 2135 2319 2192; x_wconf 89' lang='lat' dir='ltr'><strong>orbis</strong></span> <span class='ocrx_word' id='word_1_602' title='bbox 2368 2136 2636 2192; x_wconf 75' lang='lat' dir='ltr'><strong>terrarum</strong></span> <span class='ocrx_word' id='word_1_603' title='bbox 2681 2135 3136 2194; x_wconf 89' lang='lat' dir='ltr'><strong>desertissimus:</strong></span> <span class='ocrx_word' id='word_1_604' title='bbox 3179 2151 3555 2200; x_wconf 87' lang='lat' dir='ltr'><strong>verumtamen</strong></span> 
     </span>
    </p>
   </div>
   <div class='ocr_carea' id='block_1_81' title="bbox 1934 2226 3553 2298">
    <p class='ocr_par' dir='ltr' id='par_1_81' title="bbox 1934 2226 3553 2298">
     <span class='ocr_line' id='line_1_81' title="bbox 1934 2226 3553 2298; baseline 0.008 -21"><span class='ocrx_word' id='word_1_605' title='bbox 1934 2226 2242 2282; x_wconf 90' lang='lat' dir='ltr'><strong>amantibus</strong></span> <span class='ocrx_word' id='word_1_606' title='bbox 2289 2227 2454 2283; x_wconf 88' lang='lat' dir='ltr'><strong>etiam</strong></span> <span class='ocrx_word' id='word_1_607' title='bbox 2480 2242 2542 2283; x_wconf 90' lang='lat' dir='ltr'><strong>ea</strong></span> <span class='ocrx_word' id='word_1_608' title='bbox 2569 2243 2690 2298; x_wconf 62' lang='lat' dir='ltr'><strong>quae</strong></span> <span class='ocrx_word' id='word_1_609' title='bbox 2714 2226 2956 2284; x_wconf 84' lang='lat' dir='ltr'><strong>difficilia</strong></span> <span class='ocrx_word' id='word_1_610' title='bbox 2985 2240 3149 2297; x_wconf 91' lang='lat' dir='ltr'><strong>sunt,</strong></span> <span class='ocrx_word' id='word_1_611' title='bbox 3179 2231 3356 2289; x_wconf 87' lang='lat' dir='ltr'><strong>facilia</strong></span> <span class='ocrx_word' id='word_1_612' title='bbox 3397 2234 3553 2292; x_wconf 88' lang='lat' dir='ltr'><strong>fiunt.</strong></span> 
     </span>
    </p>
   </div>
   <div class='ocr_carea' id='block_1_82' title="bbox 1933 2313 3552 2394">
    <p class='ocr_par' dir='ltr' id='par_1_82' title="bbox 1933 2313 3552 2394">
     <span class='ocr_line' id='line_1_82' title="bbox 1933 2313 3552 2394; baseline 0.008 -24"><span class='ocrx_word' id='word_1_613' title='bbox 1933 2313 1990 2371; x_wconf 87' lang='lat' dir='ltr'><strong>Si</strong></span> <span class='ocrx_word' id='word_1_614' title='bbox 2019 2318 2162 2371; x_wconf 90' lang='lat' dir='ltr'><strong>enim</strong></span> <span class='ocrx_word' id='word_1_615' title='bbox 2200 2317 2465 2373; x_wconf 87' lang='lat' dir='ltr'><strong>sciscitari</strong></span> <span class='ocrx_word' id='word_1_616' title='bbox 2493 2318 2726 2375; x_wconf 90' lang='lat' dir='ltr'><strong>volueris</strong></span> <span class='ocrx_word' id='word_1_617' title='bbox 2749 2326 2808 2373; x_wconf 92' lang='lat' dir='ltr'><strong>et</strong></span> <span class='ocrx_word' id='word_1_618' title='bbox 2831 2321 3046 2378; x_wconf 83' lang='lat' dir='ltr'><strong>curiose</strong></span> <span class='ocrx_word' id='word_1_619' title='bbox 3077 2322 3354 2393; x_wconf 89' lang='lat' dir='ltr'><strong>inquirere</strong></span> <span class='ocrx_word' id='word_1_620' title='bbox 3373 2367 3388 2391; x_wconf 89' lang='lat'><strong>,</strong></span> <span class='ocrx_word' id='word_1_621' title='bbox 3418 2341 3513 2383; x_wconf 88' lang='lat' dir='ltr'><strong>eos</strong></span> <span class='ocrx_word' id='word_1_622' title='bbox 3534 2371 3552 2394; x_wconf 94' lang='lat'><strong>,</strong></span> 
     </span>
    </p>
   </div>
   <div class='ocr_carea' id='block_1_83' title="bbox 1933 2411 3553 2483">
    <p class='ocr_par' dir='ltr' id='par_1_83' title="bbox 1933 2411 3553 2483">
     <span class='ocr_line' id='line_1_83' title="bbox 1933 2411 3553 2483; baseline 0.006 -19"><span class='ocrx_word' id='word_1_623' title='bbox 1933 2411 2025 2481; x_wconf 92' lang='lat' dir='ltr'><strong>qui</strong></span> <span class='ocrx_word' id='word_1_624' title='bbox 2053 2425 2272 2465; x_wconf 86' lang='lat' dir='ltr'><strong>suorum</strong></span> <span class='ocrx_word' id='word_1_625' title='bbox 2295 2411 2630 2482; x_wconf 85' lang='lat' dir='ltr'><strong>negotiorum</strong></span> <span class='ocrx_word' id='word_1_626' title='bbox 2653 2426 2817 2468; x_wconf 87' lang='lat' dir='ltr'><strong>causa</strong></span> <span class='ocrx_word' id='word_1_627' title='bbox 2843 2414 3001 2469; x_wconf 66' lang='lat' dir='ltr'><strong>istinc</strong></span> <span class='ocrx_word' id='word_1_628' title='bbox 3019 2413 3334 2483; x_wconf 79' lang='lat' dir='ltr'><strong>adveniunt,</strong></span> <span class='ocrx_word' id='word_1_629' title='bbox 3363 2420 3553 2475; x_wconf 86' lang='lat' dir='ltr'><strong>nanci-</strong></span> 
     </span>
    </p>
   </div>
   <div class='ocr_carea' id='block_1_84' title="bbox 1934 2505 3550 2583">
    <p class='ocr_par' dir='ltr' id='par_1_84' title="bbox 1934 2505 3550 2583">
     <span class='ocr_line' id='line_1_84' title="bbox 1934 2505 3550 2583; baseline 0.006 -22"><span class='ocrx_word' id='word_1_630' title='bbox 1934 2505 2106 2562; x_wconf 85' lang='lat' dir='ltr'><strong>sceris</strong></span> <span class='ocrx_word' id='word_1_631' title='bbox 2133 2522 2148 2559; x_wconf 91' lang='lat'><strong>:</strong></span> <span class='ocrx_word' id='word_1_632' title='bbox 2180 2505 2314 2560; x_wconf 88' lang='lat' dir='ltr'><strong>nihil</strong></span> <span class='ocrx_word' id='word_1_633' title='bbox 2335 2506 2572 2576; x_wconf 86' lang='lat' dir='ltr'><strong>denique</strong></span> <span class='ocrx_word' id='word_1_634' title='bbox 2591 2506 2685 2564; x_wconf 90' lang='lat' dir='ltr'><strong>tihi</strong></span> <span class='ocrx_word' id='word_1_635' title='bbox 2707 2508 2919 2573; x_wconf 86' lang='lat' dir='ltr'><strong>deerit,</strong></span> <span class='ocrx_word' id='word_1_636' title='bbox 2951 2509 3110 2582; x_wconf 89' lang='lat' dir='ltr'><strong>siqui</strong></span> <span class='ocrx_word' id='word_1_637' title='bbox 3148 2525 3406 2583; x_wconf 78' lang='lat' dir='ltr'><strong>peragant</strong></span> <span class='ocrx_word' id='word_1_638' title='bbox 3428 2513 3550 2577; x_wconf 85' lang='lat' dir='ltr'><strong>iter.</strong></span> 
     </span>
    </p>
   </div>
   <div class='ocr_carea' id='block_1_85' title="bbox 1935 2597 3549 2672">
    <p class='ocr_par' dir='ltr' id='par_1_85' title="bbox 1935 2597 3549 2672">
     <span class='ocr_line' id='line_1_85' title="bbox 1935 2597 3549 2672; baseline 0.006 -20"><span class='ocrx_word' id='word_1_639' title='bbox 1935 2597 2196 2668; x_wconf 89' lang='lat' dir='ltr'><strong>inquiras.</strong></span> <span class='ocrx_word' id='word_1_640' title='bbox 2223 2597 2354 2653; x_wconf 62' lang='lat' dir='ltr'><strong>Haec</strong></span> <span class='ocrx_word' id='word_1_641' title='bbox 2379 2599 2543 2669; x_wconf 89' lang='lat' dir='ltr'><strong>igitur</strong></span> <span class='ocrx_word' id='word_1_642' title='bbox 2564 2598 2658 2654; x_wconf 92' lang='lat' dir='ltr'><strong>tibi</strong></span> <span class='ocrx_word' id='word_1_643' title='bbox 2682 2615 2807 2655; x_wconf 90' lang='lat' dir='ltr'><strong>cum</strong></span> <span class='ocrx_word' id='word_1_644' title='bbox 2829 2600 3110 2672; x_wconf 82' lang='lat' dir='ltr'><strong>explorata</strong></span> <span class='ocrx_word' id='word_1_645' title='bbox 3135 2602 3242 2658; x_wconf 84' lang='lat' dir='ltr'><strong>sint</strong></span> <span class='ocrx_word' id='word_1_646' title='bbox 3268 2644 3282 2668; x_wconf 89' lang='lat'><strong>,</strong></span> <span class='ocrx_word' id='word_1_647' title='bbox 3328 2604 3549 2664; x_wconf 86' lang='lat' dir='ltr'><strong>domine</strong></span> 
     </span>
    </p>
   </div>
   <div class='ocr_carea' id='block_1_86' title="bbox 1935 2690 3543 2756">
    <p class='ocr_par' dir='ltr' id='par_1_86' title="bbox 1935 2690 3543 2756">
     <span class='ocr_line' id='line_1_86' title="bbox 1935 2690 3543 2756; baseline 0.004 -10"><span class='ocrx_word' id='word_1_648' title='bbox 1935 2691 2008 2746; x_wconf 90' lang='lat' dir='ltr'><strong>mi</strong></span> <span class='ocrx_word' id='word_1_649' title='bbox 2037 2690 2519 2756; x_wconf 87' lang='lat' dir='ltr'><strong>reverendissime,</strong></span> <span class='ocrx_word' id='word_1_650' title='bbox 2551 2691 2910 2748; x_wconf 87' lang='lat' dir='ltr'><strong>creberrimas</strong></span> <span class='ocrx_word' id='word_1_651' title='bbox 2932 2692 2999 2748; x_wconf 90' lang='lat' dir='ltr'><strong>ad</strong></span> <span class='ocrx_word' id='word_1_652' title='bbox 3027 2709 3129 2750; x_wconf 89' lang='lat' dir='ltr'><strong>nos</strong></span> <span class='ocrx_word' id='word_1_653' title='bbox 3157 2694 3310 2750; x_wconf 90' lang='lat' dir='ltr'><strong>mitte</strong></span> <span class='ocrx_word' id='word_1_654' title='bbox 3335 2696 3543 2754; x_wconf 85' lang='lat' dir='ltr'><strong>literas.</strong></span> 
     </span>
    </p>
   </div>
   <div class='ocr_carea' id='block_1_87' title="bbox 1933 2781 3549 2857">
    <p class='ocr_par' dir='ltr' id='par_1_87' title="bbox 1933 2781 3549 2857">
     <span class='ocr_line' id='line_1_87' title="bbox 1933 2781 3549 2857; baseline 0.004 -19"><span class='ocrx_word' id='word_1_655' title='bbox 1933 2781 2067 2838; x_wconf 87' lang='lat' dir='ltr'><strong>Nam</strong></span> <span class='ocrx_word' id='word_1_656' title='bbox 2097 2790 2154 2838; x_wconf 89' lang='lat' dir='ltr'><strong>et</strong></span> <span class='ocrx_word' id='word_1_657' title='bbox 2181 2798 2269 2838; x_wconf 89' lang='lat' dir='ltr'><strong>res</strong></span> <span class='ocrx_word' id='word_1_658' title='bbox 2292 2783 2408 2854; x_wconf 92' lang='lat' dir='ltr'><strong>ipsa</strong></span> <span class='ocrx_word' id='word_1_659' title='bbox 2432 2782 2581 2839; x_wconf 90' lang='lat' dir='ltr'><strong>omni</strong></span> <span class='ocrx_word' id='word_1_660' title='bbox 2607 2781 2931 2842; x_wconf 84' lang='lat' dir='ltr'><strong>difficultate</strong></span> <span class='ocrx_word' id='word_1_661' title='bbox 2956 2793 3047 2841; x_wconf 90' lang='lat' dir='ltr'><strong>aut</strong></span> <span class='ocrx_word' id='word_1_662' title='bbox 3075 2785 3261 2843; x_wconf 82' lang='lat' dir='ltr'><strong>labore</strong></span> <span class='ocrx_word' id='word_1_663' title='bbox 3289 2798 3462 2857; x_wconf 81' lang='lat' dir='ltr'><strong>caret,</strong></span> <span class='ocrx_word' id='word_1_664' title='bbox 3493 2799 3549 2844; x_wconf 89' lang='lat' dir='ltr'><strong>et</strong></span> 
     </span>
    </p>
   </div>
   <div class='ocr_carea' id='block_1_88' title="bbox 1933 2879 3551 2951">
    <p class='ocr_par' dir='ltr' id='par_1_88' title="bbox 1933 2879 3551 2951">
     <span class='ocr_line' id='line_1_88' title="bbox 1933 2879 3551 2951; baseline 0.008 -17"><span class='ocrx_word' id='word_1_665' title='bbox 1933 2895 2055 2951; x_wconf 66' lang='lat' dir='ltr'><strong>quae</strong></span> <span class='ocrx_word' id='word_1_666' title='bbox 2079 2879 2321 2937; x_wconf 85' lang='lat' dir='ltr'><strong>dimanat</strong></span> <span class='ocrx_word' id='word_1_667' title='bbox 2347 2896 2414 2937; x_wconf 79' lang='lat' dir='ltr'><strong>ea</strong></span> <span class='ocrx_word' id='word_1_668' title='bbox 2446 2895 2512 2937; x_wconf 88' lang='lat' dir='ltr'><strong>ea</strong></span> <span class='ocrx_word' id='word_1_669' title='bbox 2537 2882 2745 2949; x_wconf 68' lang='lat' dir='ltr'><strong>laetitia,</strong></span> <span class='ocrx_word' id='word_1_670' title='bbox 2774 2898 2874 2938; x_wconf 90' lang='lat' dir='ltr'><strong>nos</strong></span> <span class='ocrx_word' id='word_1_671' title='bbox 2918 2884 3144 2943; x_wconf 70' lang='lat' dir='ltr'><strong>mirifice</strong></span> <span class='ocrx_word' id='word_1_672' title='bbox 3175 2887 3350 2946; x_wconf 82' lang='lat' dir='ltr'><strong>reiicit</strong></span> <span class='ocrx_word' id='word_1_673' title='bbox 3372 2904 3439 2944; x_wconf 90' lang='lat' dir='ltr'><strong>ac</strong></span> <span class='ocrx_word' id='word_1_674' title='bbox 3461 2905 3551 2947; x_wconf 77' lang='lat' dir='ltr'><strong>re-</strong></span> 
     </span>
    </p>
   </div>
   <div class='ocr_carea' id='block_1_89' title="bbox 1934 2973 3548 3052">
    <p class='ocr_par' dir='ltr' id='par_1_89' title="bbox 1934 2973 3548 3052">
     <span class='ocr_line' id='line_1_89' title="bbox 1934 2973 3548 3052; baseline 0.006 -23"><span class='ocrx_word' id='word_1_675' title='bbox 1934 2981 2114 3039; x_wconf 87' lang='lat' dir='ltr'><strong>creat,</strong></span> <span class='ocrx_word' id='word_1_676' title='bbox 2147 2982 2202 3029; x_wconf 86' lang='lat' dir='ltr'><strong>ct</strong></span> <span class='ocrx_word' id='word_1_677' title='bbox 2227 2973 2411 3029; x_wconf 75' lang='lat' dir='ltr'><strong>multa:</strong></span> <span class='ocrx_word' id='word_1_678' title='bbox 2439 2973 2826 3031; x_wconf 89' lang='lat' dir='ltr'><strong>consolationis</strong></span> <span class='ocrx_word' id='word_1_679' title='bbox 2852 2975 3190 3034; x_wconf 88' lang='lat' dir='ltr'><strong>occasionem</strong></span> <span class='ocrx_word' id='word_1_680' title='bbox 3217 2981 3548 3052; x_wconf 83' lang='lat' dir='ltr'><strong>suppeditat.</strong></span> 
     </span>
    </p>
   </div>
   <div class='ocr_carea' id='block_1_90' title="bbox 2102 3102 3422 3182">
    <p class='ocr_par' dir='ltr' id='par_1_90' title="bbox 2102 3102 3422 3182">
     <span class='ocr_line' id='line_1_90' title="bbox 2102 3102 3422 3182; baseline 0.005 -20"><span class='ocrx_word' id='word_1_681' title='bbox 2102 3102 2344 3162; x_wconf 77' lang='lat' dir='ltr'><strong>CCXLI.</strong></span> <span class='ocrx_word' id='word_1_682' title='bbox 2385 3104 2637 3176; x_wconf 74' lang='lat' dir='ltr'><strong>Ejusdem</strong></span> <span class='ocrx_word' id='word_1_683' title='bbox 2661 3107 2731 3162; x_wconf 84' lang='lat' dir='ltr'><strong>ad</strong></span> <span class='ocrx_word' id='word_1_684' title='bbox 2754 3104 3028 3178; x_wconf 78' lang='lat' dir='ltr'><strong>Cyriacuni</strong></span> <span class='ocrx_word' id='word_1_685' title='bbox 3054 3109 3422 3182; x_wconf 66' lang='lat' dir='ltr'><strong>presbyterum.</strong></span> 
     </span>
    </p>
   </div>
   <div class='ocr_carea' id='block_1_91' title="bbox 2009 3241 3548 3325">
    <p class='ocr_par' dir='ltr' id='par_1_91' title="bbox 2009 3241 3548 3325">
     <span class='ocr_line' id='line_1_91' title="bbox 2009 3241 3548 3325; baseline 0.005 -27"><span class='ocrx_word' id='word_1_686' title='bbox 2009 3241 2067 3298; x_wconf 88' lang='lat' dir='ltr'><strong>1n</strong></span> <span class='ocrx_word' id='word_1_687' title='bbox 2094 3241 2201 3325; x_wconf 79' lang='lat' dir='ltr'><strong>hoc</strong></span> <span class='ocrx_word' id='word_1_688' title='bbox 2228 3257 2445 3314; x_wconf 89' lang='lat' dir='ltr'><strong>quoque</strong></span> <span class='ocrx_word' id='word_1_689' title='bbox 2474 3241 2744 3298; x_wconf 89' lang='lat' dir='ltr'><strong>fervidam</strong></span> <span class='ocrx_word' id='word_1_690' title='bbox 2771 3252 2916 3299; x_wconf 81' lang='lat' dir='ltr'><strong>tuam</strong></span> <span class='ocrx_word' id='word_1_691' title='bbox 2940 3284 2956 3309; x_wconf 91' lang='lat'><strong>,</strong></span> <span class='ocrx_word' id='word_1_692' title='bbox 2998 3244 3266 3301; x_wconf 85' lang='lat' dir='ltr'><strong>sinceram</strong></span> <span class='ocrx_word' id='word_1_693' title='bbox 3289 3287 3305 3312; x_wconf 93' lang='lat'><strong>,</strong></span> <span class='ocrx_word' id='word_1_694' title='bbox 3332 3256 3388 3302; x_wconf 83' lang='lat' dir='ltr'><strong>et</strong></span> <span class='ocrx_word' id='word_1_695' title='bbox 3410 3262 3548 3304; x_wconf 84' lang='lat' dir='ltr'><strong>con-</strong></span> 
     </span>
    </p>
   </div>
   <div class='ocr_carea' id='block_1_92' title="bbox 1933 3335 3550 3408">
    <p class='ocr_par' dir='ltr' id='par_1_92' title="bbox 1933 3335 3550 3408">
     <span class='ocr_line' id='line_1_92' title="bbox 1933 3335 3550 3408; baseline 0.006 -18"><span class='ocrx_word' id='word_1_696' title='bbox 1933 3343 2166 3391; x_wconf 87' lang='lat' dir='ltr'><strong>stantem</strong></span> <span class='ocrx_word' id='word_1_697' title='bbox 2215 3336 2494 3391; x_wconf 83' lang='lat' dir='ltr'><strong>caritatem</strong></span> <span class='ocrx_word' id='word_1_698' title='bbox 2543 3335 2775 3394; x_wconf 87' lang='lat' dir='ltr'><strong>miratus</strong></span> <span class='ocrx_word' id='word_1_699' title='bbox 2811 3350 2972 3403; x_wconf 82' lang='lat' dir='ltr'><strong>sum,</strong></span> <span class='ocrx_word' id='word_1_700' title='bbox 3022 3352 3126 3408; x_wconf 86' lang='lat' dir='ltr'><strong>qua</strong></span> <span class='ocrx_word' id='word_1_701' title='bbox 3170 3339 3458 3398; x_wconf 82' lang='lat' dir='ltr'><strong>ostendisti</strong></span> <span class='ocrx_word' id='word_1_702' title='bbox 3498 3352 3550 3400; x_wconf 91' lang='lat' dir='ltr'><strong>te</strong></span> 
     </span>
    </p>
   </div>
   <div class='ocr_carea' id='block_1_93' title="bbox 1933 3427 3549 3498">
    <p class='ocr_par' dir='ltr' id='par_1_93' title="bbox 1933 3427 3549 3498">
     <span class='ocr_line' id='line_1_93' title="bbox 1933 3427 3549 3498; baseline 0.004 -16"><span class='ocrx_word' id='word_1_703' title='bbox 1933 3428 2102 3483; x_wconf 89' lang='lat' dir='ltr'><strong>nostri</strong></span> <span class='ocrx_word' id='word_1_704' title='bbox 2133 3443 2382 3498; x_wconf 86' lang='lat' dir='ltr'><strong>magnam</strong></span> <span class='ocrx_word' id='word_1_705' title='bbox 2423 3442 2530 3483; x_wconf 87' lang='lat' dir='ltr'><strong>non</strong></span> <span class='ocrx_word' id='word_1_706' title='bbox 2561 3427 2723 3486; x_wconf 90' lang='lat' dir='ltr'><strong>modo</strong></span> <span class='ocrx_word' id='word_1_707' title='bbox 2751 3429 2879 3483; x_wconf 91' lang='lat' dir='ltr'><strong>dum</strong></span> <span class='ocrx_word' id='word_1_708' title='bbox 2922 3429 3182 3487; x_wconf 89' lang='lat' dir='ltr'><strong>adsumus</strong></span> <span class='ocrx_word' id='word_1_709' title='bbox 3206 3475 3221 3497; x_wconf 92' lang='lat'><strong>,</strong></span> <span class='ocrx_word' id='word_1_710' title='bbox 3261 3433 3355 3488; x_wconf 84' lang='lat' dir='ltr'><strong>sed</strong></span> <span class='ocrx_word' id='word_1_711' title='bbox 3387 3434 3549 3492; x_wconf 88' lang='lat' dir='ltr'><strong>etiam</strong></span> 
     </span>
    </p>
   </div>
   <div class='ocr_carea' id='block_1_94' title="bbox 1932 3521 3543 3581">
    <p class='ocr_par' dir='ltr' id='par_1_94' title="bbox 1932 3521 3543 3581">
     <span class='ocr_line' id='line_1_94' title="bbox 1932 3521 3543 3581; baseline 0.002 -4"><span class='ocrx_word' id='word_1_712' title='bbox 1932 3522 2060 3578; x_wconf 92' lang='lat' dir='ltr'><strong>dum</strong></span> <span class='ocrx_word' id='word_1_713' title='bbox 2096 3521 2352 3576; x_wconf 89' lang='lat' dir='ltr'><strong>absumus</strong></span> <span class='ocrx_word' id='word_1_714' title='bbox 2381 3521 2647 3577; x_wconf 89' lang='lat' dir='ltr'><strong>rationem</strong></span> <span class='ocrx_word' id='word_1_715' title='bbox 2692 3521 2908 3577; x_wconf 85' lang='lat' dir='ltr'><strong>habere.</strong></span> <span class='ocrx_word' id='word_1_716' title='bbox 2941 3521 3073 3577; x_wconf 91' lang='lat' dir='ltr'><strong>Nam</strong></span> <span class='ocrx_word' id='word_1_717' title='bbox 3105 3524 3231 3580; x_wconf 90' lang='lat' dir='ltr'><strong>licet</strong></span> <span class='ocrx_word' id='word_1_718' title='bbox 3259 3524 3395 3580; x_wconf 90' lang='lat' dir='ltr'><strong>nihil</strong></span> <span class='ocrx_word' id='word_1_719' title='bbox 3441 3542 3543 3581; x_wconf 74' lang='lat' dir='ltr'><strong>nos</strong></span> 
     </span>
    </p>
   </div>
   <div class='ocr_carea' id='block_1_95' title="bbox 1931 3613 3545 3681">
    <p class='ocr_par' dir='ltr' id='par_1_95' title="bbox 1931 3613 3545 3681">
     <span class='ocr_line' id='line_1_95' title="bbox 1931 3613 3545 3681; baseline 0.004 -14"><span class='ocrx_word' id='word_1_720' title='bbox 1931 3613 2000 3668; x_wconf 89' lang='lat' dir='ltr'><strong>ad</strong></span> <span class='ocrx_word' id='word_1_721' title='bbox 2039 3623 2185 3667; x_wconf 89' lang='lat' dir='ltr'><strong>tuam</strong></span> <span class='ocrx_word' id='word_1_722' title='bbox 2229 3614 2589 3668; x_wconf 80' lang='lat' dir='ltr'><strong>reverentiam</strong></span> <span class='ocrx_word' id='word_1_723' title='bbox 2635 3613 2912 3668; x_wconf 77' lang='lat' dir='ltr'><strong>literarum</strong></span> <span class='ocrx_word' id='word_1_724' title='bbox 2959 3614 3175 3670; x_wconf 89' lang='lat' dir='ltr'><strong>dedisse</strong></span> <span class='ocrx_word' id='word_1_725' title='bbox 3203 3615 3354 3671; x_wconf 85' lang='lat' dir='ltr'><strong>dicas</strong></span> <span class='ocrx_word' id='word_1_726' title='bbox 3380 3659 3394 3681; x_wconf 91' lang='lat'><strong>,</strong></span> <span class='ocrx_word' id='word_1_727' title='bbox 3439 3636 3545 3673; x_wconf 79' lang='lat' dir='ltr'><strong>non</strong></span> 
     </span>
    </p>
   </div>
   <div class='ocr_carea' id='block_1_96' title="bbox 1933 3706 3550 3777">
    <p class='ocr_par' dir='ltr' id='par_1_96' title="bbox 1933 3706 3550 3777">
     <span class='ocr_line' id='line_1_96' title="bbox 1933 3706 3550 3777; baseline 0.006 -17"><span class='ocrx_word' id='word_1_728' title='bbox 1933 3715 2116 3761; x_wconf 86' lang='lat' dir='ltr'><strong>tamen</strong></span> <span class='ocrx_word' id='word_1_729' title='bbox 2157 3706 2332 3777; x_wconf 88' lang='lat' dir='ltr'><strong>potuit</strong></span> <span class='ocrx_word' id='word_1_730' title='bbox 2376 3706 2508 3764; x_wconf 90' lang='lat' dir='ltr'><strong>illud</strong></span> <span class='ocrx_word' id='word_1_731' title='bbox 2541 3707 2635 3764; x_wconf 90' lang='lat' dir='ltr'><strong>tibi</strong></span> <span class='ocrx_word' id='word_1_732' title='bbox 2678 3707 2879 3762; x_wconf 85' lang='lat' dir='ltr'><strong>silentii</strong></span> <span class='ocrx_word' id='word_1_733' title='bbox 2920 3722 3142 3763; x_wconf 84' lang='lat' dir='ltr'><strong>causam</strong></span> <span class='ocrx_word' id='word_1_734' title='bbox 3187 3709 3422 3776; x_wconf 76' lang='lat' dir='ltr'><strong>afferre,</strong></span> <span class='ocrx_word' id='word_1_735' title='bbox 3453 3713 3550 3770; x_wconf 75' lang='lat' dir='ltr'><strong>sed</strong></span> 
     </span>
    </p>
   </div>
   <div class='ocr_carea' id='block_1_97' title="bbox 1931 3800 3547 3872">
    <p class='ocr_par' dir='ltr' id='par_1_97' title="bbox 1931 3800 3547 3872">
     <span class='ocr_line' id='line_1_97' title="bbox 1931 3800 3547 3872; baseline 0.009 -20"><span class='ocrx_word' id='word_1_736' title='bbox 1931 3800 2177 3870; x_wconf 87' lang='lat' dir='ltr'><strong>quamvis</strong></span> <span class='ocrx_word' id='word_1_737' title='bbox 2207 3815 2308 3855; x_wconf 90' lang='lat' dir='ltr'><strong>nos</strong></span> <span class='ocrx_word' id='word_1_738' title='bbox 2335 3800 2550 3856; x_wconf 87' lang='lat' dir='ltr'><strong>siluisse</strong></span> <span class='ocrx_word' id='word_1_739' title='bbox 2587 3815 2865 3868; x_wconf 86' lang='lat' dir='ltr'><strong>censeres,</strong></span> <span class='ocrx_word' id='word_1_740' title='bbox 2893 3809 3006 3856; x_wconf 88' lang='lat' dir='ltr'><strong>tres</strong></span> <span class='ocrx_word' id='word_1_741' title='bbox 3056 3803 3314 3872; x_wconf 86' lang='lat' dir='ltr'><strong>epistolas</strong></span> <span class='ocrx_word' id='word_1_742' title='bbox 3339 3805 3406 3861; x_wconf 83' lang='lat' dir='ltr'><strong>ad</strong></span> <span class='ocrx_word' id='word_1_743' title='bbox 3453 3823 3547 3866; x_wconf 73' lang='lat' dir='ltr'><strong>not</strong></span> 
     </span>
    </p>
   </div>
   <div class='ocr_carea' id='block_1_98' title="bbox 1932 3894 3549 3965">
    <p class='ocr_par' dir='ltr' id='par_1_98' title="bbox 1932 3894 3549 3965">
     <span class='ocr_line' id='line_1_98' title="bbox 1932 3894 3549 3965; baseline 0.006 -18"><span class='ocrx_word' id='word_1_744' title='bbox 1932 3894 2145 3965; x_wconf 86' lang='lat' dir='ltr'><strong>misisti.</strong></span> <span class='ocrx_word' id='word_1_745' title='bbox 2181 3896 2249 3950; x_wconf 88' lang='lat' dir='ltr'><strong>At</strong></span> <span class='ocrx_word' id='word_1_746' title='bbox 2277 3910 2378 3950; x_wconf 90' lang='lat' dir='ltr'><strong>nos</strong></span> <span class='ocrx_word' id='word_1_747' title='bbox 2406 3904 2461 3951; x_wconf 92' lang='lat' dir='ltr'><strong>et</strong></span> <span class='ocrx_word' id='word_1_748' title='bbox 2490 3895 2659 3950; x_wconf 89' lang='lat' dir='ltr'><strong>semel</strong></span> <span class='ocrx_word' id='word_1_749' title='bbox 2687 3906 2742 3950; x_wconf 82' lang='lat' dir='ltr'><strong>et</strong></span> <span class='ocrx_word' id='word_1_750' title='bbox 2765 3897 2982 3964; x_wconf 91' lang='lat' dir='ltr'><strong>iterum,</strong></span> <span class='ocrx_word' id='word_1_751' title='bbox 3008 3906 3063 3953; x_wconf 92' lang='lat' dir='ltr'><strong>et</strong></span> <span class='ocrx_word' id='word_1_752' title='bbox 3091 3909 3173 3953; x_wconf 88' lang='lat' dir='ltr'><strong>ter</strong></span> <span class='ocrx_word' id='word_1_753' title='bbox 3194 3908 3250 3954; x_wconf 91' lang='lat' dir='ltr'><strong>et</strong></span> <span class='ocrx_word' id='word_1_754' title='bbox 3272 3901 3549 3957; x_wconf 84' lang='lat' dir='ltr'><strong>multoties</strong></span> 
     </span>
    </p>
   </div>
   <div class='ocr_carea' id='block_1_99' title="bbox 1933 3985 3550 4062">
    <p class='ocr_par' dir='ltr' id='par_1_99' title="bbox 1933 3985 3550 4062">
     <span class='ocr_line' id='line_1_99' title="bbox 1933 3985 3550 4062; baseline 0.007 -24"><span class='ocrx_word' id='word_1_755' title='bbox 1933 3985 1998 4040; x_wconf 89' lang='lat' dir='ltr'><strong>ad</strong></span> <span class='ocrx_word' id='word_1_756' title='bbox 2034 3995 2084 4041; x_wconf 88' lang='lat' dir='ltr'><strong>te</strong></span> <span class='ocrx_word' id='word_1_757' title='bbox 2131 3987 2468 4057; x_wconf 86' lang='lat' dir='ltr'><strong>scripsimus.</strong></span> <span class='ocrx_word' id='word_1_758' title='bbox 2517 3988 2581 4042; x_wconf 89' lang='lat' dir='ltr'><strong>Et</strong></span> <span class='ocrx_word' id='word_1_759' title='bbox 2626 3989 2908 4059; x_wconf 89' lang='lat' dir='ltr'><strong>utriusque</strong></span> <span class='ocrx_word' id='word_1_760' title='bbox 2950 3991 3224 4059; x_wconf 78' lang='lat' dir='ltr'><strong>specimen</strong></span> <span class='ocrx_word' id='word_1_761' title='bbox 3273 3994 3550 4062; x_wconf 82' lang='lat' dir='ltr'><strong>egregium</strong></span> 
     </span>
    </p>
   </div>
   <div class='ocr_carea' id='block_1_100' title="bbox 1929 4078 3548 4152">
    <p class='ocr_par' dir='ltr' id='par_1_100' title="bbox 1929 4078 3548 4152">
     <span class='ocr_line' id='line_1_100' title="bbox 1929 4078 3548 4152; baseline 0.005 -19"><span class='ocrx_word' id='word_1_762' title='bbox 1929 4087 2012 4133; x_wconf 91' lang='lat' dir='ltr'><strong>est</strong></span> <span class='ocrx_word' id='word_1_763' title='bbox 2036 4078 2260 4145; x_wconf 89' lang='lat' dir='ltr'><strong>editum,</strong></span> <span class='ocrx_word' id='word_1_764' title='bbox 2291 4096 2414 4134; x_wconf 91' lang='lat' dir='ltr'><strong>cum</strong></span> <span class='ocrx_word' id='word_1_765' title='bbox 2444 4090 2550 4135; x_wconf 69' lang='lat' dir='ltr'><strong>tuae</strong></span> <span class='ocrx_word' id='word_1_766' title='bbox 2581 4081 2842 4148; x_wconf 85' lang='lat' dir='ltr'><strong>caritatis,</strong></span> <span class='ocrx_word' id='word_1_767' title='bbox 2866 4097 2990 4152; x_wconf 64' lang='lat' dir='ltr'><strong>qua:</strong></span> <span class='ocrx_word' id='word_1_768' title='bbox 3012 4083 3187 4138; x_wconf 82' lang='lat' dir='ltr'><strong>literis</strong></span> <span class='ocrx_word' id='word_1_769' title='bbox 3215 4085 3415 4140; x_wconf 79' lang='lat' dir='ltr'><strong>matris</strong></span> <span class='ocrx_word' id='word_1_770' title='bbox 3442 4103 3548 4141; x_wconf 84' lang='lat' dir='ltr'><strong>non</strong></span> 
     </span>
    </p>
   </div>
   <div class='ocr_carea' id='block_1_101' title="bbox 1929 4169 3548 4249">
    <p class='ocr_par' dir='ltr' id='par_1_101' title="bbox 1929 4169 3548 4249">
     <span class='ocr_line' id='line_1_101' title="bbox 1929 4169 3548 4249; baseline 0.007 -26"><span class='ocrx_word' id='word_1_771' title='bbox 1929 4169 2205 4241; x_wconf 82' lang='lat' dir='ltr'><strong>indigeat,</strong></span> <span class='ocrx_word' id='word_1_772' title='bbox 2241 4180 2358 4227; x_wconf 84' lang='lat' dir='ltr'><strong>tum</strong></span> <span class='ocrx_word' id='word_1_773' title='bbox 2395 4181 2596 4229; x_wconf 73' lang='lat' dir='ltr'><strong>nostrae</strong></span> <span class='ocrx_word' id='word_1_774' title='bbox 2635 4172 2927 4243; x_wconf 59' lang='lat' dir='ltr'><strong>aequitatis.</strong></span> <span class='ocrx_word' id='word_1_775' title='bbox 2971 4173 3205 4244; x_wconf 79' lang='lat' dir='ltr'><strong>Quando</strong></span> <span class='ocrx_word' id='word_1_776' title='bbox 3239 4177 3400 4249; x_wconf 89' lang='lat' dir='ltr'><strong>igitur</strong></span> <span class='ocrx_word' id='word_1_777' title='bbox 3441 4194 3548 4235; x_wconf 82' lang='lat' dir='ltr'><strong>non</strong></span> 
     </span>
    </p>
   </div>
   <div class='ocr_carea' id='block_1_102' title="bbox 1929 4265 3552 4336">
    <p class='ocr_par' dir='ltr' id='par_1_102' title="bbox 1929 4265 3552 4336">
     <span class='ocr_line' id='line_1_102' title="bbox 1929 4265 3552 4336; baseline 0.006 -17"><span class='ocrx_word' id='word_1_778' title='bbox 1929 4265 2168 4335; x_wconf 79' lang='lat' dir='ltr'><strong>ignoras,</strong></span> <span class='ocrx_word' id='word_1_779' title='bbox 2199 4275 2399 4336; x_wconf 88' lang='lat' dir='ltr'><strong>quanta</strong></span> <span class='ocrx_word' id='word_1_780' title='bbox 2434 4268 2798 4324; x_wconf 86' lang='lat' dir='ltr'><strong>reverentiam</strong></span> <span class='ocrx_word' id='word_1_781' title='bbox 2825 4277 2970 4324; x_wconf 90' lang='lat' dir='ltr'><strong>tuam</strong></span> <span class='ocrx_word' id='word_1_782' title='bbox 3001 4269 3376 4328; x_wconf 81' lang='lat' dir='ltr'><strong>benevolentia</strong></span> <span class='ocrx_word' id='word_1_783' title='bbox 3401 4287 3552 4328; x_wconf 89' lang='lat' dir='ltr'><strong>com-</strong></span> 
     </span>
    </p>
   </div>
   <div class='ocr_carea' id='block_1_103' title="bbox 1929 4358 3552 4433">
    <p class='ocr_par' dir='ltr' id='par_1_103' title="bbox 1929 4358 3552 4433">
     <span class='ocr_line' id='line_1_103' title="bbox 1929 4358 3552 4433; baseline 0.007 -23"><span class='ocrx_word' id='word_1_784' title='bbox 1929 4358 2248 4428; x_wconf 86' lang='lat' dir='ltr'><strong>plectamur.</strong></span> <span class='ocrx_word' id='word_1_785' title='bbox 2278 4375 2401 4414; x_wconf 86' lang='lat' dir='ltr'><strong>cum</strong></span> <span class='ocrx_word' id='word_1_786' title='bbox 2432 4375 2518 4425; x_wconf 90' lang='lat' dir='ltr'><strong>eo,</strong></span> <span class='ocrx_word' id='word_1_787' title='bbox 2550 4360 2692 4430; x_wconf 87' lang='lat' dir='ltr'><strong>quod</strong></span> <span class='ocrx_word' id='word_1_788' title='bbox 2714 4371 2876 4432; x_wconf 90' lang='lat' dir='ltr'><strong>caput</strong></span> <span class='ocrx_word' id='word_1_789' title='bbox 2902 4371 2985 4417; x_wconf 88' lang='lat' dir='ltr'><strong>est</strong></span> <span class='ocrx_word' id='word_1_790' title='bbox 3013 4363 3302 4433; x_wconf 88' lang='lat' dir='ltr'><strong>honorum,</strong></span> <span class='ocrx_word' id='word_1_791' title='bbox 3333 4381 3396 4422; x_wconf 88' lang='lat' dir='ltr'><strong>ac</strong></span> <span class='ocrx_word' id='word_1_792' title='bbox 3425 4366 3552 4421; x_wconf 85' lang='lat' dir='ltr'><strong>vin-</strong></span> 
     </span>
    </p>
   </div>
   <div class='ocr_carea' id='block_1_104' title="bbox 1925 4450 3548 4528">
    <p class='ocr_par' dir='ltr' id='par_1_104' title="bbox 1925 4450 3548 4528">
     <span class='ocr_line' id='line_1_104' title="bbox 1925 4450 3548 4528; baseline 0.006 -24"><span class='ocrx_word' id='word_1_793' title='bbox 1925 4450 2106 4504; x_wconf 89' lang='lat' dir='ltr'><strong>culum</strong></span> <span class='ocrx_word' id='word_1_794' title='bbox 2131 4452 2473 4520; x_wconf 80' lang='lat' dir='ltr'><strong>pnrfeCtionis</strong></span> <span class='ocrx_word' id='word_1_795' title='bbox 2493 4453 2509 4522; x_wconf 95' lang='lat'>(</span> <span class='ocrx_word' id='word_1_796' title='bbox 2530 4451 2642 4508; x_wconf 81' lang='lat' dir='ltr'><strong>Col.</strong></span> <span class='ocrx_word' id='word_1_797' title='bbox 2669 4454 2723 4509; x_wconf 80' lang='lat'><strong>3.</strong></span> <span class='ocrx_word' id='word_1_798' title='bbox 2750 4453 2852 4525; x_wconf 75' lang='grc' dir='ltr'><strong>Η)</strong></span> <span class='ocrx_word' id='word_1_799' title='bbox 2874 4495 2888 4516; x_wconf 85' lang='grc'><em>,</em></span> <span class='ocrx_word' id='word_1_800' title='bbox 2913 4454 3179 4523; x_wconf 85' lang='lat' dir='ltr'><strong>abundes,</strong></span> <span class='ocrx_word' id='word_1_801' title='bbox 3211 4456 3315 4522; x_wconf 85' lang='lat' dir='ltr'><strong>fac,</strong></span> <span class='ocrx_word' id='word_1_802' title='bbox 3340 4473 3548 4528; x_wconf 70' lang='lat' dir='ltr'><strong>quaeso,</strong></span> 
     </span>
    </p>
   </div>
   <div class='ocr_carea' id='block_1_105' title="bbox 1928 4544 3548 4620">
    <p class='ocr_par' dir='ltr' id='par_1_105' title="bbox 1928 4544 3548 4620">
     <span class='ocr_line' id='line_1_105' title="bbox 1928 4544 3548 4620; baseline 0.007 -24"><span class='ocrx_word' id='word_1_803' title='bbox 1928 4544 2066 4598; x_wconf 87' lang='lat' dir='ltr'><strong>hanc</strong></span> <span class='ocrx_word' id='word_1_804' title='bbox 2093 4544 2248 4598; x_wconf 88' lang='lat' dir='ltr'><strong>nobis</strong></span> <span class='ocrx_word' id='word_1_805' title='bbox 2285 4544 2618 4615; x_wconf 84' lang='lat' dir='ltr'><strong>voluptatem</strong></span> <span class='ocrx_word' id='word_1_806' title='bbox 2649 4544 2949 4617; x_wconf 87' lang='lat' dir='ltr'><strong>impertias.</strong></span> <span class='ocrx_word' id='word_1_807' title='bbox 2977 4547 3118 4602; x_wconf 85' lang='lat' dir='ltr'><strong>Nam</strong></span> <span class='ocrx_word' id='word_1_808' title='bbox 3160 4557 3548 4620; x_wconf 80' lang='lat' dir='ltr'><strong>quantascunt-</strong></span> 
     </span>
    </p>
   </div>
   <div class='ocr_carea' id='block_1_106' title="bbox 1924 4636 3530 4709">
    <p class='ocr_par' dir='ltr' id='par_1_106' title="bbox 1924 4636 3530 4709">
     <span class='ocr_line' id='line_1_106' title="bbox 1924 4636 3530 4709; baseline 0.009 -21"><span class='ocrx_word' id='word_1_809' title='bbox 1924 4651 2029 4703; x_wconf 86' lang='lat' dir='ltr'><strong>que</strong></span> <span class='ocrx_word' id='word_1_810' title='bbox 2059 4636 2240 4694; x_wconf 79' lang='lat' dir='ltr'><strong>literas</strong></span> <span class='ocrx_word' id='word_1_811' title='bbox 2269 4638 2639 4709; x_wconf 79' lang='lat' dir='ltr'><strong>acceperimus</strong></span> <span class='ocrx_word' id='word_1_812' title='bbox 2666 4681 2681 4708; x_wconf 93' lang='lat'><strong>,</strong></span> <span class='ocrx_word' id='word_1_813' title='bbox 2732 4639 2858 4699; x_wconf 86' lang='lat' dir='ltr'><strong>licet</strong></span> <span class='ocrx_word' id='word_1_814' title='bbox 2898 4655 3128 4697; x_wconf 79' lang='lat' dir='ltr'><strong>numero</strong></span> <span class='ocrx_word' id='word_1_815' title='bbox 3147 4642 3338 4700; x_wconf 53' lang='lat' dir='ltr'><strong>multa}</strong></span> <span class='ocrx_word' id='word_1_816' title='bbox 3372 4643 3483 4701; x_wconf 70' lang='lat' dir='ltr'><strong>sint</strong></span> <span class='ocrx_word' id='word_1_817' title='bbox 3511 4685 3530 4709; x_wconf 83' lang='lat'><strong>.</strong></span> 
     </span>
    </p>
   </div>
   <div class='ocr_carea' id='block_1_107' title="bbox 1924 4727 3543 4802">
    <p class='ocr_par' dir='ltr' id='par_1_107' title="bbox 1924 4727 3543 4802">
     <span class='ocr_line' id='line_1_107' title="bbox 1924 4727 3543 4802; baseline 0.007 -23"><span class='ocrx_word' id='word_1_818' title='bbox 1924 4727 2068 4781; x_wconf 88' lang='lat' dir='ltr'><strong>nulla</strong></span> <span class='ocrx_word' id='word_1_819' title='bbox 2119 4741 2218 4781; x_wconf 92' lang='lat' dir='ltr'><strong>nos</strong></span> <span class='ocrx_word' id='word_1_820' title='bbox 2259 4742 2446 4783; x_wconf 92' lang='lat' dir='ltr'><strong>earum</strong></span> <span class='ocrx_word' id='word_1_821' title='bbox 2491 4729 2637 4799; x_wconf 90' lang='lat' dir='ltr'><strong>capit</strong></span> <span class='ocrx_word' id='word_1_822' title='bbox 2683 4731 2906 4785; x_wconf 88' lang='lat' dir='ltr'><strong>satietas</strong></span> <span class='ocrx_word' id='word_1_823' title='bbox 2936 4773 2951 4796; x_wconf 91' lang='lat'><strong>,</strong></span> <span class='ocrx_word' id='word_1_824' title='bbox 2999 4733 3141 4802; x_wconf 91' lang='lat' dir='ltr'><strong>quod</strong></span> <span class='ocrx_word' id='word_1_825' title='bbox 3187 4735 3543 4790; x_wconf 85' lang='lat' dir='ltr'><strong>reverentiam</strong></span> 
     </span>
    </p>
   </div>
   <div class='ocr_carea' id='block_1_108' title="bbox 1924 4822 3019 4896">
    <p class='ocr_par' dir='ltr' id='par_1_108' title="bbox 1924 4822 3019 4896">
     <span class='ocr_line' id='line_1_108' title="bbox 1924 4822 3019 4896; baseline 0.003 -20"><span class='ocrx_word' id='word_1_826' title='bbox 1924 4831 2068 4876; x_wconf 91' lang='lat' dir='ltr'><strong>tuam</strong></span> <span class='ocrx_word' id='word_1_827' title='bbox 2102 4822 2360 4892; x_wconf 86' lang='lat' dir='ltr'><strong>singulari</strong></span> <span class='ocrx_word' id='word_1_828' title='bbox 2388 4837 2576 4878; x_wconf 88' lang='lat' dir='ltr'><strong>amore</strong></span> <span class='ocrx_word' id='word_1_829' title='bbox 2606 4837 3019 4896; x_wconf 88' lang='lat' dir='ltr'><strong>prosequamur.</strong></span> 
     </span>
    </p>
   </div>
   <div class='ocr_carea' id='block_1_109' title="bbox 1921 4956 3545 5034">
    <p class='ocr_par' dir='ltr' id='par_1_109' title="bbox 1921 4956 3545 5034">
     <span class='ocr_line' id='line_1_109' title="bbox 1921 4956 3545 5034; baseline 0.002 -19"><span class='ocrx_word' id='word_1_830' title='bbox 1921 4958 2050 5015; x_wconf 80' lang='lat' dir='ltr'><strong>CCX</strong></span> <span class='ocrx_word' id='word_1_831' title='bbox 2060 4958 2130 5013; x_wconf 84' lang='lat' dir='ltr'><strong><em>LI</em></strong></span> <span class='ocrx_word' id='word_1_832' title='bbox 2142 4956 2170 5012; x_wconf 88' lang='grc' dir='ltr'><strong><em>Ι</em></strong></span> <span class='ocrx_word' id='word_1_833' title='bbox 2180 4999 2193 5012; x_wconf 94' lang='grc'><strong>.</strong></span> <span class='ocrx_word' id='word_1_834' title='bbox 2218 4958 2567 5030; x_wconf 78' lang='lat' dir='ltr'><strong>Chrysoatomi</strong></span> <span class='ocrx_word' id='word_1_835' title='bbox 2587 4956 2868 5014; x_wconf 70' lang='lat' dir='ltr'><strong>Chalcidia&#39;</strong></span> <span class='ocrx_word' id='word_1_836' title='bbox 2889 4970 2938 5014; x_wconf 88' lang='lat' dir='ltr'><strong>et</strong></span> <span class='ocrx_word' id='word_1_837' title='bbox 2958 4961 3284 5033; x_wconf 73' lang='lat' dir='ltr'><strong>Asyncritiw.</strong></span> <span class='ocrx_word' id='word_1_838' title='bbox 3309 4961 3545 5034; x_wconf 83' lang='lat' dir='ltr'><strong>(Cucuso</strong></span> 
     </span>
    </p>
   </div>
   <div class='ocr_carea' id='block_1_110' title="bbox 2566 5053 2884 5123">
    <p class='ocr_par' dir='ltr' id='par_1_110' title="bbox 2566 5053 2884 5123">
     <span class='ocr_line' id='line_1_110' title="bbox 2566 5053 2884 5123; baseline 0 -15"><span class='ocrx_word' id='word_1_839' title='bbox 2566 5067 2709 5108; x_wconf 88' lang='lat' dir='ltr'><strong>anno</strong></span> <span class='ocrx_word' id='word_1_840' title='bbox 2731 5053 2884 5123; x_wconf 72' lang='grc' dir='ltr'>ιοι.)</span> 
     </span>
    </p>
   </div>
   <div class='ocr_carea' id='block_1_111' title="bbox 1994 5167 3530 5260">
    <p class='ocr_par' dir='ltr' id='par_1_111' title="bbox 1994 5167 3530 5260">
     <span class='ocr_line' id='line_1_111' title="bbox 1994 5167 3530 5260; baseline 0.003 -20"><span class='ocrx_word' id='word_1_841' title='bbox 1994 5186 2136 5240; x_wconf 86' lang='lat' dir='ltr'><strong>Nihil</strong></span> <span class='ocrx_word' id='word_1_842' title='bbox 2164 5200 2301 5255; x_wconf 82' lang='lat' dir='ltr'><strong>Opus</strong></span> <span class='ocrx_word' id='word_1_843' title='bbox 2347 5195 2430 5241; x_wconf 88' lang='lat' dir='ltr'><strong>est</strong></span> <span class='ocrx_word' id='word_1_844' title='bbox 2468 5194 2524 5239; x_wconf 91' lang='lat' dir='ltr'><strong>ut</strong></span> <span class='ocrx_word' id='word_1_845' title='bbox 2552 5185 2661 5240; x_wconf 86' lang='lat' dir='ltr'><strong>ulla</strong></span> <span class='ocrx_word' id='word_1_846' title='bbox 2703 5185 3051 5240; x_wconf 82' lang='lat' dir='ltr'><strong>excusatione</strong></span> <span class='ocrx_word' id='word_1_847' title='bbox 3091 5187 3353 5253; x_wconf 82' lang='lat' dir='ltr'><strong>utamini,</strong></span> <span class='ocrx_word' id='word_1_848' title='bbox 3390 5167 3530 5260; x_wconf 56' lang='lat' dir='ltr'><strong>quin</strong></span> 
     </span>
    </p>
   </div>
   <div class='ocr_carea' id='block_1_112' title="bbox 1921 5279 3535 5350">
    <p class='ocr_par' dir='ltr' id='par_1_112' title="bbox 1921 5279 3535 5350">
     <span class='ocr_line' id='line_1_112' title="bbox 1921 5279 3535 5350; baseline 0.002 -15"><span class='ocrx_word' id='word_1_849' title='bbox 1921 5297 2031 5335; x_wconf 77' lang='lat' dir='ltr'><strong>non</strong></span> <span class='ocrx_word' id='word_1_850' title='bbox 2051 5281 2344 5336; x_wconf 84' lang='lat' dir='ltr'><strong>veneritis:</strong></span> <span class='ocrx_word' id='word_1_851' title='bbox 2379 5294 2507 5333; x_wconf 79' lang='lat' dir='ltr'><strong>nam</strong></span> <span class='ocrx_word' id='word_1_852' title='bbox 2531 5280 2663 5333; x_wconf 75' lang='lat' dir='ltr'><strong>mihi</strong></span> <span class='ocrx_word' id='word_1_853' title='bbox 2692 5279 2913 5350; x_wconf 71' lang='lat' dir='ltr'><strong>quidem</strong></span> <span class='ocrx_word' id='word_1_854' title='bbox 2934 5280 3115 5335; x_wconf 75' lang='lat' dir='ltr'><strong>animo</strong></span> <span class='ocrx_word' id='word_1_855' title='bbox 3143 5291 3196 5337; x_wconf 83' lang='lat' dir='ltr'><strong>et</strong></span> <span class='ocrx_word' id='word_1_856' title='bbox 3218 5284 3416 5344; x_wconf 65' lang='lat' dir='ltr'><strong>aiecttt</strong></span> <span class='ocrx_word' id='word_1_857' title='bbox 3442 5300 3535 5338; x_wconf 70' lang='lat' dir='ltr'><strong>ve—</strong></span> 
     </span>
    </p>
   </div>
   <div class='ocr_carea' id='block_1_113' title="bbox 1920 5370 3529 5446">
    <p class='ocr_par' dir='ltr' id='par_1_113' title="bbox 1920 5370 3529 5446">
     <span class='ocr_line' id='line_1_113' title="bbox 1920 5370 3529 5446; baseline -0.001 -16"><span class='ocrx_word' id='word_1_858' title='bbox 1920 5374 2076 5430; x_wconf 72' lang='lat' dir='ltr'><strong>nistis</strong></span> <span class='ocrx_word' id='word_1_859' title='bbox 2097 5415 2112 5440; x_wconf 91' lang='lat'><strong>,</strong></span> <span class='ocrx_word' id='word_1_860' title='bbox 2145 5384 2200 5429; x_wconf 79' lang='lat' dir='ltr'><strong>et</strong></span> <span class='ocrx_word' id='word_1_861' title='bbox 2229 5373 2399 5429; x_wconf 86' lang='lat' dir='ltr'><strong>nihilo</strong></span> <span class='ocrx_word' id='word_1_862' title='bbox 2425 5370 2679 5428; x_wconf 74' lang='lat' dir='ltr'><strong>inferiore</strong></span> <span class='ocrx_word' id='word_1_863' title='bbox 2709 5372 2830 5427; x_wconf 80' lang='lat' dir='ltr'><strong>loco</strong></span> <span class='ocrx_word' id='word_1_864' title='bbox 2863 5373 3010 5445; x_wconf 74' lang='lat' dir='ltr'><strong>apud</strong></span> <span class='ocrx_word' id='word_1_865' title='bbox 3033 5389 3134 5428; x_wconf 84' lang='lat' dir='ltr'><strong>nus</strong></span> <span class='ocrx_word' id='word_1_866' title='bbox 3171 5375 3301 5429; x_wconf 82' lang='lat' dir='ltr'><strong>estis</strong></span> <span class='ocrx_word' id='word_1_867' title='bbox 3321 5417 3341 5438; x_wconf 91' lang='lat'><strong>,</strong></span> <span class='ocrx_word' id='word_1_868' title='bbox 3368 5391 3529 5446; x_wconf 74' lang='lat' dir='ltr'><strong>quam</strong></span> 
     </span>
    </p>
   </div>
   <div class='ocr_carea' id='block_1_114' title="bbox 1919 5465 3535 5537">
    <p class='ocr_par' dir='ltr' id='par_1_114' title="bbox 1919 5465 3535 5537">
     <span class='ocr_line' id='line_1_114' title="bbox 1919 5465 3535 5537; baseline 0.002 -17"><span class='ocrx_word' id='word_1_869' title='bbox 1919 5467 2010 5537; x_wconf 89' lang='lat' dir='ltr'><strong>qui</strong></span> <span class='ocrx_word' id='word_1_870' title='bbox 2052 5467 2158 5520; x_wconf 87' lang='lat' dir='ltr'><strong>huc</strong></span> <span class='ocrx_word' id='word_1_871' title='bbox 2186 5476 2470 5521; x_wconf 89' lang='lat' dir='ltr'><strong>venerunt.</strong></span> <span class='ocrx_word' id='word_1_872' title='bbox 2522 5465 2785 5533; x_wconf 82' lang='lat' dir='ltr'><strong>Quocirca</strong></span> <span class='ocrx_word' id='word_1_873' title='bbox 2813 5480 2936 5519; x_wconf 90' lang='lat' dir='ltr'><strong>cum</strong></span> <span class='ocrx_word' id='word_1_874' title='bbox 2980 5480 3262 5537; x_wconf 83' lang='lat' dir='ltr'><strong>perspecta</strong></span> <span class='ocrx_word' id='word_1_875' title='bbox 3291 5465 3425 5524; x_wconf 81' lang='lat' dir='ltr'><strong>mihi</strong></span> <span class='ocrx_word' id='word_1_876' title='bbox 3469 5468 3535 5523; x_wconf 89' lang='lat' dir='ltr'><strong>sit</strong></span> 
     </span>
    </p>
   </div>
   <div class='ocr_carea' id='block_1_115' title="bbox 1921 5558 3543 5632">
    <p class='ocr_par' dir='ltr' id='par_1_115' title="bbox 1921 5558 3543 5632">
     <span class='ocr_line' id='line_1_115' title="bbox 1921 5558 3543 5632; baseline 0 -16"><span class='ocrx_word' id='word_1_877' title='bbox 1921 5560 2141 5630; x_wconf 78' lang='lat' dir='ltr'><strong>insignis</strong></span> <span class='ocrx_word' id='word_1_878' title='bbox 2159 5567 2334 5614; x_wconf 84' lang='lat' dir='ltr'><strong>vestra</strong></span> <span class='ocrx_word' id='word_1_879' title='bbox 2355 5558 2746 5621; x_wconf 75' lang='lat' dir='ltr'><strong>benevolentia,</strong></span> <span class='ocrx_word' id='word_1_880' title='bbox 2771 5567 2824 5612; x_wconf 89' lang='lat' dir='ltr'><strong>et</strong></span> <span class='ocrx_word' id='word_1_881' title='bbox 2841 5560 3066 5632; x_wconf 77' lang='lat' dir='ltr'><strong>gratiam</strong></span> <span class='ocrx_word' id='word_1_882' title='bbox 3090 5575 3193 5614; x_wconf 87' lang='lat' dir='ltr'><strong>non</strong></span> <span class='ocrx_word' id='word_1_883' title='bbox 3216 5560 3543 5616; x_wconf 72' lang='lat' dir='ltr'><strong>mediocrem</strong></span> 
     </span>
    </p>
   </div>
   <div class='ocr_carea' id='block_1_116' title="bbox 1920 5651 3544 5723">
    <p class='ocr_par' dir='ltr' id='par_1_116' title="bbox 1920 5651 3544 5723">
     <span class='ocr_line' id='line_1_116' title="bbox 1920 5651 3544 5723; baseline 0 -17"><span class='ocrx_word' id='word_1_884' title='bbox 1920 5652 2070 5707; x_wconf 74' lang='lat' dir='ltr'><strong>Vobis</strong></span> <span class='ocrx_word' id='word_1_885' title='bbox 2092 5651 2285 5718; x_wconf 88' lang='lat' dir='ltr'><strong>habeo,</strong></span> <span class='ocrx_word' id='word_1_886' title='bbox 2310 5660 2363 5706; x_wconf 90' lang='lat' dir='ltr'><strong>et</strong></span> <span class='ocrx_word' id='word_1_887' title='bbox 2385 5652 2626 5720; x_wconf 82' lang='lat' dir='ltr'><strong>impense</strong></span> <span class='ocrx_word' id='word_1_888' title='bbox 2652 5651 2862 5705; x_wconf 66' lang='lat' dir='ltr'><strong>veniam</strong></span> <span class='ocrx_word' id='word_1_889' title='bbox 2880 5652 2949 5705; x_wconf 82' lang='lat' dir='ltr'><strong>do</strong></span> <span class='ocrx_word' id='word_1_890' title='bbox 2972 5691 2988 5708; x_wconf 92' lang='lat'><strong>.</strong></span> <span class='ocrx_word' id='word_1_891' title='bbox 3018 5651 3160 5721; x_wconf 84' lang='lat' dir='ltr'><strong>quod</strong></span> <span class='ocrx_word' id='word_1_892' title='bbox 3192 5660 3302 5706; x_wconf 86' lang='lat' dir='ltr'><strong>tum</strong></span> <span class='ocrx_word' id='word_1_893' title='bbox 3327 5664 3544 5723; x_wconf 70' lang='lat' dir='ltr'><strong>propter</strong></span> 
     </span>
    </p>
   </div>
   <div class='ocr_carea' id='block_1_117' title="bbox 1917 5743 3541 5814">
    <p class='ocr_par' dir='ltr' id='par_1_117' title="bbox 1917 5743 3541 5814">
     <span class='ocr_line' id='line_1_117' title="bbox 1917 5743 3541 5814; baseline -0.001 -14"><span class='ocrx_word' id='word_1_894' title='bbox 1917 5747 2160 5814; x_wconf 82' lang='lat' dir='ltr'><strong>corporis</strong></span> <span class='ocrx_word' id='word_1_895' title='bbox 2177 5743 2566 5813; x_wconf 58' lang='lat' dir='ltr'><strong>argritudiuem,</strong></span> <span class='ocrx_word' id='word_1_896' title='bbox 2588 5754 2699 5798; x_wconf 84' lang='lat' dir='ltr'><strong>tum</strong></span> <span class='ocrx_word' id='word_1_897' title='bbox 2717 5753 2936 5813; x_wconf 85' lang='lat' dir='ltr'><strong>propter</strong></span> <span class='ocrx_word' id='word_1_898' title='bbox 2947 5759 3012 5799; x_wconf 86' lang='lat' dir='ltr'><strong>an</strong></span> <span class='ocrx_word' id='word_1_899' title='bbox 3021 5745 3076 5798; x_wconf 77' lang='lat' dir='ltr'><strong>ni</strong></span> <span class='ocrx_word' id='word_1_900' title='bbox 3087 5747 3541 5814; x_wconf 54' lang='lat' dir='ltr'><strong>temtmamrzedo-</strong></span> 
     </span>
    </p>
   </div>
   <div class='ocr_carea' id='block_1_118' title="bbox 1921 5835 3539 5912">
    <p class='ocr_par' dir='ltr' id='par_1_118' title="bbox 1921 5835 3539 5912">
     <span class='ocr_line' id='line_1_118' title="bbox 1921 5835 3539 5912; baseline -0.001 -16"><span class='ocrx_word' id='word_1_901' title='bbox 1921 5857 2158 5912; x_wconf 86' lang='lat' dir='ltr'><strong>numque</strong></span> <span class='ocrx_word' id='word_1_902' title='bbox 2187 5847 2386 5894; x_wconf 84' lang='lat' dir='ltr'><strong>metum</strong></span> <span class='ocrx_word' id='word_1_903' title='bbox 2405 5836 2702 5894; x_wconf 78' lang='lat' dir='ltr'><strong>ablueritis.</strong></span> <span class='ocrx_word' id='word_1_904' title='bbox 2726 5835 2837 5893; x_wconf 75' lang='lat' dir='ltr'><strong>Vos</strong></span> <span class='ocrx_word' id='word_1_905' title='bbox 2860 5848 3037 5893; x_wconf 83' lang='lat' dir='ltr'><strong>tamen</strong></span> <span class='ocrx_word' id='word_1_906' title='bbox 3057 5837 3295 5896; x_wconf 84' lang='lat' dir='ltr'><strong>scribere</strong></span> <span class='ocrx_word' id='word_1_907' title='bbox 3319 5840 3539 5896; x_wconf 85' lang='lat' dir='ltr'><strong>minime</strong></span> 
     </span>
    </p>
   </div>
  </div>
