4076 6434
589 367 692 422 ἨἹ
1329 357 1386 411 S.
1424 354 1714 415 JOA-NNIS
1747 356 2238 415 CHRYSOSTOMI
2276 354 2598 412 ABCHIEP.
2640 344 3186 407 CONSTANTINOP-
3759 344 3869 400 748

590 485 804 557 pigeat,
831 497 1033 554 nosque
1054 483 1121 538 de
1163 491 1340 540 vestra
1366 479 1669 535 valetudine
1697 490 2063 549 saepenumero
2089 473 2166 532 fa-
2273 473 2544 545 voluptate
2566 471 2964 544 perfundemur.
2994 469 3118 526 ﬂare
3165 466 3325 539 igitur
3349 479 3470 520 cum
3500 464 3654 519 vobis
3678 459 3871 532 explo—

583 591 706 634 cere
745 573 1021 631 certiores.
1051 574 1183 631 Nam
1213 581 1268 628 et
1294 572 1454 643 longo
1480 572 1722 628 locorum
1750 567 2029 625 intervallo
2051 567 2163 622 dis-
2270 576 2384 623 rata
2410 566 2539 640 sint,
2568 580 2728 637 quam
2755 565 3051 638 saepissime
3075 563 3146 618 de
3169 562 3252 617 his
3293 561 3452 616 rebus
3478 558 3740 614 certiores
3770 569 3870 610 nos

583 667 747 724 iuncti
788 682 822 722 a
863 666 1014 723 vobis
1040 665 1110 722 de
1137 665 1298 721 rebus
1320 663 1513 720 vestris
1540 675 1726 717 sumus
1755 657 2002 715 solliciti:
2033 672 2096 713 ac
2123 655 2167 712 si
2273 660 2450 728 facite,
2472 675 2607 731 quas
2637 673 2796 715 nosse
2818 657 3207 722 desideramus,
3239 661 3298 710 ut
3315 653 3476 708 etiam
3499 654 3555 706 in
3575 647 3869 706 solitudine

587 762 726 816 forte
761 772 858 815 vos
893 754 1312 814 intellexerimus
1337 752 1482 810 omni
1527 750 1756 808 tumultu
1785 765 1849 806 ac
1888 747 2168 820 perturba.
2271 752 2528 826 degentes
2552 754 2778 809 multam
2802 750 2926 808 inde
2947 748 3372 806 consolationem
3403 743 3735 800 hauriamus.

586 856 732 908 tione
752 864 957 917 carere,
977 861 1344 920 prosperaque
1368 847 1469 902 frui
1489 843 1811 910 valetudine,
1839 855 1946 897 non
1967 839 2171 912 vulgari

1973 1350 2144 1356 ...κ-κν.
2160 1350 2264 1357 -σαν
2281 1349 2314 1356 ..-
2333 1349 2421 1355 ---,...
2437 1349 2452 1354 -
2469 1349 2476 1353 .
2493 1349 2498 1353 .
2513 1344 2814 1354 ~-_..—--__-

1207 1351 1968 1364 *ψ’-ψῃ...-

1650 1754 1730 1815 IN
1780 1751 2200 1814 EPISTOLAM
2240 1753 2342 1814 AD
2380 1752 2781 1814 ClESARIUM

1903 2039 2514 2134 MONITUM.

678 2414 915 2485 Epistula
944 2411 1010 2468 ad
1039 2409 1334 2468 Casarium
1369 2423 1399 2463 a
1424 2407 1818 2479 Cbrysostomo
1845 2404 2070 2462 secundi
2101 2406 2278 2475 ipsius
2309 2403 2487 2496 easilii
2518 2413 2762 2473 tempore
2791 2404 2994 2476 scripta
3033 2403 3210 2461 fertur
3239 2407 3394 2464 initio
3429 2417 3481 2467 et
3510 2411 3640 2468 line.
3682 2415 3852 2472 Inter-

605 2530 962 2601 pretationem
992 2527 1112 2598 ejus
1138 2526 1381 2582 Latinam
1418 2542 1486 2582 ex
1531 2525 1729 2582 Codice
1773 2524 2009 2596 quodam
2057 2522 2375 2579 Florentino
2416 2524 2778 2595 descripserat
2811 2524 2940 2580 olim
2975 2523 3172 2584 Petrus
3225 2528 3430 2602 Martyr
3473 2530 3852 2600 Florentinus,

603 2649 697 2718 qui
735 2664 767 2703 a
806 2647 1074 2704 catholica
1102 2646 1365 2727 religiene
1389 2627 1640 2710 descivit,
1671 2659 1736 2700 ac
1763 2645 1996 2702 delatam
2033 2659 2217 2701 secum
2244 2645 2299 2702 in
2329 2646 2577 2717 Angliam
2607 2646 2660 2700 in
2694 2645 2974 2703 Cranmeri
3004 2649 3402 2723 archiepiscopi
3433 2651 3853 2711 Cantuariensis

609 2764 932 2821 bibliotheca
962 2765 1223 2835 reposuit.
1259 2765 1326 2818 At
1352 2773 1479 2834 post
1506 2763 1790 2819 Cranmeri
1828 2777 2015 2818 necem
2043 2762 2164 2832 ejus
2191 2763 2521 2820 bibliotheca
2551 2762 2760 2834 direpta
2797 2763 2920 2828 fuit,
2955 2773 3009 2819 et
3029 2765 3259 2835 epistola
3287 2766 3546 2838 deinceps
3574 2784 3852 2840 nusquam

607 2884 930 2952 comparuit.
959 2883 1095 2938 Cum
1125 2892 1306 2937 autem
1336 2881 1427 2937 illa
1455 2883 1524 2938 ab
1551 2882 1638 2947 iis,
1686 2881 1780 2952 qui
1812 2881 2461 2936 traussubstantiationem
2511 2882 2798 2952 negabant,
2831 2882 2885 2937 in
2939 2883 3312 2939 testimonium
3349 2883 3584 2941 adducta
3633 2884 3850 2947 fuisset.

607 2997 676 3051 ab
706 2997 946 3068 ejusdem
985 2999 1594 3053 transsubslantiationis
1641 3001 2136 3069 propugnatoribus
2179 3009 2428 3071 negatum
2473 3009 2555 3056 est
2593 3013 2713 3055 eam
2754 3000 2966 3071 uspiam
3018 3001 3327 3064 exstitisse,
3370 3000 3530 3071 cujus
3574 3004 3860 3073 exemplar

607 3109 819 3165 nullum
852 3108 1081 3180 proferri
1115 3118 1320 3181 posset.
1357 3110 1517 3167 Anno
1549 3119 1731 3166 autem
1760 3111 1898 3166 1680
1931 3111 2016 3166 vir
2057 3110 2126 3167 cl.
2163 3112 2445 3169 Emericus
2489 3112 2735 3183 Bigotius
2771 3113 3276 3184 interpretationem
3321 3114 3468 3170 illam
3505 3114 3758 3171 Latinam
3790 3131 3861 3172 ex

608 3222 793 3280 codice
818 3220 1134 3278 Florentino
1166 3222 1222 3278 in
1247 3223 1574 3279 bibliotheca
1603 3223 2082 3280 Dominicanorum
2118 3223 2180 3279 D.
2216 3223 2383 3281 Marci
2428 3225 2755 3293 descriptam
2784 3227 2954 3283 edidit
2981 3236 3106 3298 post
3146 3226 3372 3284 Palladii
3415 3228 3617 3285 librum
3650 3231 3719 3286 de
3747 3231 3858 3285 vita

611 3331 1007 3405 Chrysostomi.
1037 3335 1105 3389 At
1138 3348 1334 3390 censor
1361 3333 1632 3405 quispiam
1663 3335 1948 3404 epistolam
1975 3334 2088 3403 jam
2117 3349 2302 3391 cusam
2335 3338 2782 3407 supprimendam
2826 3353 2950 3396 esse
2978 3341 3210 3410 putavit,
3243 3357 3308 3398 ac
3337 3357 3523 3398 revera
3555 3344 3866 3414 suppressit

611 3463 735 3503 cum
767 3449 912 3505 notis
942 3449 1154 3520 Bigotii.
1186 3449 1345 3504 Anno
1374 3461 1556 3505 autem
1586 3449 1725 3505 i685
1756 3449 2066 3520 Stephanus
2100 3449 2175 3506 Le
2195 3449 2410 3524 Moyne,
2432 3451 2488 3506 in
2514 3452 2655 3508 libro
2690 3454 2777 3509 cui
2809 3453 3000 3510 titulus
3036 3452 3204 3511 Varia
3227 3454 3415 3523 Sacra,
3443 3457 3619 3514 Τοωο
3651 3460 3861 3530 primo,

614 3569 755 3624 hanc
787 3569 1065 3639 epistolam
1097 3569 1163 3624 ad
1197 3568 1401 3625 calcem
1428 3567 1597 3624 edidit
1631 3576 1690 3623 ut
1716 3568 1772 3623 in
1801 3567 1902 3624 Ms.
1940 3568 2194 3634 habetur,
2226 3571 2416 3627 multis
2448 3572 2660 3628 mendis
2685 3587 3012 3644 respersam,
3039 3583 3092 3630 et
3138 3575 3348 3648 aliquot
3392 3577 3446 3631 in
3485 3577 3626 3635 locis
3674 3578 3864 3635 defor-

615 3691 838 3749 matam,
874 3692 935 3738 ut
964 3683 1053 3738 vix
1086 3683 1284 3753 aliquis
1312 3697 1509 3738 sensus
1536 3681 1660 3738 elici
1688 3683 1883 3753 possit.
1922 3681 2101 3739 Edidit
2123 3683 2288 3739 etiam
2325 3700 2377 3738 v.
2429 3685 2498 3741 cl.
2544 3684 2782 3742 Jacohus
2829 3686 3076 3762 Basnage
3117 3689 3464 3747 Roterodami
3497 3707 3645 3747 anno
3689 3691 3850 3755 1687,

612 3815 737 3856 cum
774 3809 926 3872 parte
949 3801 1036 3856 illa
1069 3801 1402 3871 prmiationis
1440 3800 1754 3872 Bigotianat,
1800 3817 1923 3871 quas
1965 3802 2106 3864 hanc
2137 3802 2425 3873 epistolam
2459 3803 2799 3873 respiciebat,
2847 3820 3078 3877 quaeque
3125 3821 3252 3863 cum
3295 3808 3522 3879 epistola
3567 3810 3637 3864 ad
3680 3813 3868 3867 Caesa-

612 3916 753 3969 rium
785 3924 1052 3986 expuncta
1081 3915 1277 3979 fuerat,
1311 3915 1537 3987 adjectis
1559 3916 1725 3971 etiam
1759 3914 2078 3988 fragmentis
2111 3915 2336 3982 Graecis,
2370 3933 2491 3988 qua:
2516 3917 2759 3990 Bigotius
2781 3921 3089 3992 collegerat.
3119 3922 3255 3978 Aliae
3283 3939 3503 3995 quoque
3531 3926 3676 3996 apud
3711 3927 3872 3983 hete-

613 4033 850 4087 rodoxos
888 4033 1207 4103 prodierunt
1257 4034 1419 4102 hujus
1463 4033 1707 4104 epistolae
1760 4033 2047 4090 editiones.
2096 4032 2324 4089 Demum
2381 4036 2464 4090 vir
2511 4038 2759 4095 eruditus
2802 4036 2886 4094 Jo.
2941 4037 3254 4097 Harduinus
3295 4057 3362 4096 ex
3414 4039 3694 4098 Societatc
3739 4044 3869 4101 Jesu

615 4163 758 4203 anno
811 4147 947 4203 1689
998 4149 1245 4205 eamdem
1304 4151 1617 4221 publicavit,
1667 4167 1892 4221 remque
1941 4152 2263 4207 catholicam
2328 4153 2590 4212 adversus
2641 4157 3021 4224 heterodoxos,
3065 4159 3160 4229 qui
3211 4161 3352 4215 hanc
3404 4161 3472 4216 ad
3523 4178 3623 4217 sua
3659 4165 3863 4218 tuenda

613 4265 866 4332 dogmata
916 4266 1274 4334 usurpabant,
1320 4273 1540 4321 strenue
1585 4265 1900 4322 vindicavit.
1957 4265 2055 4322 Hic
2109 4267 2306 4323 iterum
2361 4269 2508 4324 illam
2559 4268 2888 4339 proferimus
2940 4271 3144 4342 aliquot
3194 4271 3248 4327 in
3300 4273 3437 4331 locis
3481 4277 3870 4345 emendatam;

616 4376 916 4450 fragmenta
951 4388 1132 4435 autem
1167 4379 1374 4446 Graeca,
1409 4395 1532 4450 qua:
1568 4395 1635 4436 ex
1661 4381 1952 4438 Anastasio
1981 4383 2318 4453 presbytero,
2342 4399 2404 4439 ex
2437 4382 2646 4439 Joanne
2689 4384 3026 4443 Damasceno
3071 4395 3126 4442 et
3157 4401 3224 4442 ex
3256 4387 3379 4444 aliis
3413 4390 3701 4462 desumpta
3745 4392 3867 4448 fue-

617 4505 761 4562 rant,
793 4495 1037 4551 auctiora
1075 4496 1288 4560 damus,
1324 4496 1590 4552 beneficio
1616 4496 1920 4552 doctissimi
1957 4498 2386 4569 amicissimique
2412 4499 2512 4553 viri
2566 4498 2848 4557 Michaelis
2896 4500 3135 4572 Lequien
3187 4516 3254 4558 ex
3299 4503 3490 4559 ordine
3537 4502 3875 4562 Pmdicato.

620 4628 762 4680 rum,
791 4613 886 4684 qui
912 4613 1025 4669 haec
1057 4627 1122 4668 cx
1151 4614 1440 4668 Anastasio
1469 4622 1523 4669 et
1553 4630 1618 4670 cx
1652 4612 1862 4671 Joanne
1886 4614 2222 4671 Damasccno
2258 4615 2573 4687 diligentius
2608 4616 2846 4687 collegit.

686 4751 804 4807 Jam
840 4752 929 4808 hic
953 4751 1185 4822 plurima
1211 4750 1558 4820 disquirenda
1583 4762 1744 4818 sunt;
1777 4753 2035 4809 nimirum
2069 4770 2137 4809 an
2167 4755 2255 4809 hic
2284 4754 2514 4824 scriptor
2538 4755 2612 4810 sit
2659 4754 2898 4810 Joannes
2942 4752 3384 4826 Chrysostomus,
3433 4771 3501 4810 an
3537 4756 3681 4812 alius
3722 4757 3873 4836 [737]

619 4864 711 4934 qui
738 4862 853 4932 ejus
883 4877 1080 4916 nomen
1108 4861 1470 4925 ementiatur;
1509 4860 1600 4929 qui
1637 4862 1707 4916 sit
1730 4860 1974 4929 epistolae
2006 4878 2203 4932 scOpus
2230 4881 2244 4926 ;
2281 4872 2334 4918 ct
2364 4863 2495 4932 quid
2522 4863 2863 4920 sentiendum
2897 4864 2968 4921 sit
2995 4863 3061 4921 de
3090 4863 3212 4920 loco
3241 4863 3356 4932 illo,
3386 4864 3481 4934 qui
3515 4866 3663 4923 circa
3691 4879 3870 4924 tram-

619 4977 1114 5032 substantiationem
1146 4985 1224 5031 tot
1254 4977 1751 5032 controversiarum
1794 4992 1981 5031 ansam
2018 4977 2184 5032 dedit.

619 5153 624 5162 .
690 5115 847 5182 Quod
893 5117 1083 5171 attinet
1121 5116 1188 5171 ad
1237 5118 1468 5186 primam
1515 5115 1871 5186 quaestionem
1894 5158 1909 5183 ,
1956 5126 2134 5170 utrum
2172 5118 2379 5173 scilicet
2403 5119 2514 5172 haec
2540 5119 2768 5188 epistola
2800 5121 2872 5176 sit
2923 5135 3048 5175 vere
3082 5119 3482 5190 Chrysostomi,
3517 5135 3616 5176 nec
3652 5137 3724 5176 ne
3755 5141 3767 5175 :
3809 5137 3875 5178 ea

622 5247 716 5302 pro
743 5230 1120 5300 Chrysostomi
1145 5231 1256 5286 fetu
1288 5231 1473 5286 habita
1503 5240 1586 5286 est
1616 5246 1648 5285 a
1679 5228 1889 5286 Joanne
1918 5233 2271 5301 Damasceno,
2309 5235 2377 5290 ab
2400 5236 2693 5292 Anastasio
2718 5235 3062 5306 Presbytero,
3089 5251 3120 5290 a
3166 5235 3492 5307 Nicephoro,
3521 5238 3591 5293 ab
3637 5239 3874 5310 aliisque

623 5347 714 5413 qui
743 5347 810 5403 de
836 5348 1051 5405 duabus
1083 5350 1293 5406 naturis
1323 5351 1710 5423 disputarunt;
1746 5357 1879 5426 quin
1903 5364 1957 5410 et
1988 5355 2102 5426 ipse
2135 5356 2322 5410 titulus
2350 5354 2614 5411 Joannem
2637 5355 2951 5425 episcopum
3001 5355 3689 5425 Constantinopolitanum,
3722 5356 3872 5410 scili-

622 5453 705 5515 cet
730 5459 1200 5532 Chrysostomum,
1237 5475 1515 5522 auctorem
1549 5469 1766 5538 prodit:
1799 5468 1879 5525 sic
1907 5469 2050 5524 enim
2075 5468 2254 5536 habet,
2296 5468 2494 5538 Incipit
2523 5471 2747 5540 epistola
2777 5470 2915 5524 beati
2949 5468 3172 5522 Joannis
3213 5469 3442 5538 episcopi
3485 5467 3875 5523 Constantino-

620 5575 842 5643 politani
887 5577 956 5630 ad
1013 5579 1304 5635 thsarittm
1351 5585 1663 5638 monachum
1713 5595 1937 5653 tempore
2000 5586 2211 5639 secundi
2261 5588 2438 5641 exsilii
2488 5589 2604 5650 sui;
2652 5586 2797 5655 quod
2850 5587 3026 5656 ipsum
3073 5594 3244 5640 totum
3294 5587 3558 5655 repetitur
3613 5586 3667 5640 in
3711 5585 3816 5641 fine
3857 5604 3872 5643 :

619 5688 860 5759 Explicit
887 5693 1111 5762 epistula
1163 5695 1408 5764 Joannis,
1468 5704 1571 5751 etc.
1619 5697 1769 5753 Nihil
1812 5700 2012 5755 mirum
2065 5715 2193 5771 ergo
2243 5700 2288 5755 si
2338 5700 2652 5756 hetcrodoxi
2682 5701 2809 5756 hinc
2853 5718 2910 5758 se
2945 5703 3291 5772 praevalidum
3322 5712 3511 5759 contra
3545 5705 3870 5761 catholicam

621 5805 782 5862 ﬁdem
817 5820 1196 5879 argumentum
1230 5813 1465 5870 mutuari
1499 5829 1660 5884 posse
1692 5825 1965 5885 putantes,
1998 5834 2114 5873 cani
2166 5820 2321 5889 quasi
2372 5820 2663 5888 genuinum
2717 5821 3090 5890 Chrysostomi
3148 5821 3334 5887 fctum,
3382 5821 3533 5875 nullo
3587 5823 3867 5891 praemisso
