4076 6422
207 387 316 444 m
1149 379 1493 441 EPISTOLA
1532 380 1624 435 sn
1657 354 2506 434 CIESARIUM.-—MONITUM.
3399 362 3505 419 πε

205 501 400 571 ὑγείας
439 501 594 572 695w
633 501 1141 574 εὖαγγελιζόμεναι.
1187 503 1299 558 Καὶ
1327 500 1438 571 γὰρ
1471 500 1566 553 καὶ
1606 499 1796 570 πὸῥρω
1907 496 2093 568 σύνην.
2127 494 2292 551 Ταῦτ’
2317 491 2411 549 οὖν
2434 492 2654 557 εἰδυῖαι,
2688 486 2927 559 συνεχῶς
2961 485 3109 558 ἡμᾶς
3155 480 3508 574 εὐαγγελίζε-

205 593 517 665 καοήμενοι
562 595 917 666 μεριμνῶμεν
954 573 1022 650 ἑὰ
1059 594 1324 667 ὑμέτεραι
1371 593 1477 648 κᾶν
1515 592 1799 663 μάθωμεν,
1910 588 2007 643 aes
2035 586 2232 653 ταῦτα,
2262 587 2410 658 ἅπερ
2445 580 2826 652 ἐπιθυμοῦμεν
2853 577 3168 650 μανθάνειν,
3201 576 3290 630 ἵνα
3321 573 3417 667 καὶ
3445 575 3507 667 ἐν

203 685 292 741 ὅτι
326 664 575 757 οορύῦων
603 664 761 751 iure;
781 664 902 742 sim
931 688 1027 742 καὶ
1050 664 1296 759 ταραχῆς
1319 686 1413 739 καὶ
1443 685 1513 738 τὰ
1540 684 1669 756 περὶ
1700 685 1801 754 τῆς
1907 682 2119 755 ἐρημίᾳ
2141 679 2512 754 διατρίϐοντες
2551 675 2752 745 πολλὴν
2786 669 3040 728 ἐντεῦθεν
3077 664 3508 740 καρπωσὼμεθα

209 775 434 848 ρώπως
467 776 645 848 ὑμῶν,
681 779 746 833 οὐ
775 778 877 850 τὴν
906 779 1177 850 τυχοῦσαν
1216 774 1577 849 καρπούμεθα
1603 775 1800 847 εὐφροο
1908 773 2007 844 τὴν
2036 770 2405 843 παράκλησιν.

211 1701 872 1781 examine,protulerint.
909 1698 1227 1756 ﬂarduinns
1255 1703 1419 1758 etiam
1453 1702 1570 1773 ipse
1602 1709 1659 1756 et
1689 1700 1821 1755 titul

1906 1703 1944 1754 et
1975 1706 2224 1755 veterum
2258 1698 2593 1758 testimoniis
2626 1697 2919 1762 abductus,
2963 1694 3348 1769 Chrysostomi
3385 1709 3516 1753 esse

211 1800 466 1886 putavit;
501 1818 554 1873 id
580 1818 726 1890 quod
752 1817 854 1888 ipsi
889 1818 1116 1874 stimulo
1151 1817 1277 1886 fuit,
1323 1826 1385 1874 ut
1421 1818 1619 1890 majori
1648 1827 1872 1884 conatu,
1909 1828 1965 1874 et
2002 1817 2235 1876 feliciori
2267 1819 2416 1876 exitu
2453 1817 2901 1875 adversariorum
2949 1816 3058 1872 tela
3086 1816 3384 1888 depelleret
3425 1830 3518 1872 ar-

211 1943 586 2006 gumentaque
611 1933 940 1992 confutaret.
975 1931 1091 1989 Sub
1120 1935 1236 1992 haec
1261 1944 1444 1992 autem
1491 1935 1749 1992 laudatus
1773 1936 1858 1992 vir
1891 1935 2123 1992 Michael
2175 1934 2421 2008 Lequien
2467 1936 2523 1992 in
2579 1933 2980 1992 Dissertatione
3024 1933 3187 1991 tertia
3233 1932 3288 1988 in
3335 1934 3518 1991 fronte

211 2051 454 2125 Operum
483 2053 542 2110 S.
569 2053 801 2110 Joannis
825 2053 1149 2110 Damasceni
1181 2053 1356 2124 posita
1387 2069 1445 2125 p.
1481 2052 1699 2109 XLVIII
1719 2063 1775 2109 et
1796 2069 1952 2125 seqq.
1990 2069 2051 2112 se
2073 2055 2204 2126 περὶ
2250 2055 2610 2128 γνησιότητος
2637 2056 2821 2127 operis
2860 2054 3117 2112 dubitare
3164 2050 3511 2109 testiﬁcatus.

213 2169 534 2241 hujusmodi
560 2182 882 2243 argumenta
909 2172 1194 2244 proposuit
1220 2173 1290 2228 ad
1317 2187 1441 2229 eam
1472 2172 1868 2244 Chrysostomo
1903 2173 2352 2244 abjudicandam.
2396 2172 2805 2229 Animadvertit
2857 2182 3040 2228 autem
3085 2171 3267 2242 primo
3308 2183 3432 2225 eam
3483 2180 3518 2222 a

213 2292 435 2348 nemine
460 2300 588 2347 ante
615 2289 902 2347 Leontium
928 2291 1206 2346 laudatam
1241 2288 1435 2358 fuisse,
1477 2292 1580 2348 etsi
1632 2290 1921 2362 perspicua
1972 2291 2094 2347 loca
2135 2307 2249 2363 pra:
2295 2307 2359 2349 se
2405 2271 2544 2349 ferat
2567 2291 2834 2350 adversus
2865 2290 3270 2363 Eutychianos,
3299 2300 3518 2345 necnon

214 2407 381 2463 unius
415 2406 713 2462 voluntatis
747 2414 803 2462 et
823 2407 1161 2476 operationis
1193 2416 1540 2466 assertores:
1575 2424 1700 2478 quae
1720 2423 1854 2465 sane
1881 2408 2003 2464 loca
2038 2424 2148 2465 non
2177 2409 2647 2481 praetermittenda
2675 2418 2838 2466 erant
2875 2409 2932 2465 in
2967 2406 3207 2484 Synodis
3247 2405 3438 2477 quinta
3467 2414 3522 2460 et

214 2532 392 2590 sexta,
428 2537 538 2579 non
571 2522 642 2578 ab
667 2521 774 2576 illis
799 2521 894 2591 qui
926 2536 1023 2577 eas
1050 2522 1290 2578 haereses
1313 2523 1729 2593 impugnarunt,
1756 2537 1865 2578 non
1899 2537 1929 2577 a
1959 2515 2203 2579 Nestorii
2231 2521 2586 2591 vindicibus;
2609 2531 2668 2581 et
2692 2533 2877 2582 tamen
2922 2521 3109 2578 nullus
3149 2535 3343 2578 eorum
3379 2519 3524 2576 hanc

214 2642 528 2719 epistolam,
560 2641 645 2697 vel
675 2639 798 2710 ejus
825 2639 1083 2694 laciniam
1114 2640 1423 2712 quamlibet
1450 2642 1920 2697 commemoravit.
1948 2640 2152 2711 Adjicit
2189 2640 2275 2697 vir
2302 2641 2498 2699 doctus
2541 2642 2642 2698 hos
2678 2640 2944 2713 loquendi
2989 2639 3218 2706 modos,
3250 2638 3409 2706 Quod
3437 2641 3524 2697 its-

215 2765 426 2834 fernuut
463 2769 688 2821 euomuit
724 2769 778 2822 in
824 2768 1041 2826 Christo
1072 2771 1246 2826 dicere
1292 2788 1456 2826 unam
1493 2780 1744 2826 naturam
1785 2779 1904 2840 post
1957 2771 2303 2826 unitionem?
2330 2780 2386 2826 et
2411 2768 2620 2825 Iterum
2661 2769 2849 2824 dicunt
2880 2785 2900 2823 :
2931 2766 3064 2823 Post
3088 2769 3382 2823 unitionem
3414 2782 3522 2823 non

215 2901 420 2959 oportet
448 2893 622 2947 dicere
650 2895 785 2949 duas
816 2903 1064 2959 naturas,
1088 2904 1144 2950 et
1165 2893 1397 2959 similes,
1431 2900 1648 2949 tantum
1697 2891 1951 2963 usurpari
1992 2893 2227 2962 coepisse
2259 2897 2552 2962 postquam
2591 2889 2834 2961 Cyrillus
2871 2888 3282 2944 Alexandrinus
3324 2887 3521 2944 adver-

215 3024 314 3064 sus
336 3008 647 3066 Nestorium
678 3014 938 3084 scripsit:
972 3013 1058 3070 Ea:
1090 3015 1298 3070 duabus
1329 3016 1540 3069 naturis
1565 3013 1893 3083 ineffabilem
1930 3014 2225 3068 unitionem
2266 3029 2380 3068 esse
2422 3013 2626 3085 {actam
2649 3027 2668 3066 :
2713 3010 3031 3066 dividendas
3077 3025 3184 3064 non
3235 3025 3348 3064 esse
3395 3008 3521 3064 sult-

215 3125 444 3182 stantias
478 3135 598 3195 post
629 3127 960 3194 unitionem;
986 3145 1150 3184 unam
1189 3141 1307 3199 post
1340 3130 1632 3184 unitionem
1661 3143 1773 3182 esse
1799 3126 1897 3182 Dei
1937 3126 2095 3182 Verbi
2138 3137 2394 3182 naturam
2418 3129 2778 3194 incarnatam,
2814 3135 2868 3182 et
2889 3135 3186 3198 post-quam
3228 3125 3378 3182 circa
3403 3123 3522 3180 hac

215 3242 383 3297 verba
413 3242 779 3315 digladiantes
801 3243 1022 3315 plurimi
1070 3257 1139 3300 eo
1178 3243 1542 3308 devenerunt,
1591 3251 1651 3298 ut
1700 3241 1949 3298 dicerent
1994 3243 2170 3313 ipsam
2215 3243 2472 3298 deitatem
2521 3257 2739 3314 passam
2772 3242 2980 3310 fuisse;
3018 3257 3127 3313 qua
3165 3252 3328 3300 astate
3360 3241 3523 3299 edita:

217 3358 371 3414 fuere
403 3359 828 3416 dissertationes
856 3360 984 3425 illae,
1011 3374 1136 3431 quae
1167 3359 1458 3416 Athanasii
1483 3359 1707 3416 nomine
1753 3359 2226 3416 circumferuntur
2269 3360 2446 3416 Tomo
2489 3361 2734 3417 secundo
2766 3377 2822 3433 p.
2871 3361 2999 3430 560,
3033 3362 3134 3418 561
3166 3372 3222 3420 et
3249 3379 3433 3437 seqq.,
3462 3363 3522 3423 in

216 3478 419 3548 quibus
442 3478 644 3534 eadem
672 3476 844 3534 ferme
871 3493 962 3534 res
996 3479 1368 3550 exagitantur,
1396 3491 1521 3548 qum
1553 3477 1606 3531 in
1650 3475 1754 3532 hac
1781 3475 2013 3548 epistola
2049 3477 2253 3544 passim
2292 3475 2565 3532 feruntur.
2620 3474 2836 3549 Pugnat
2867 3492 3090 3548 quoque
3135 3479 3217 3533 vir
3246 3479 3520 3546 eruditus,

217 3593 360 3652 hanc
384 3595 674 3666 epistolam
712 3611 819 3650 non
855 3595 1017 3652 modo
1039 3604 1164 3666 post
1211 3594 1593 3668 Cbrysostomi
1620 3595 1866 3661 obitum,
1913 3595 2009 3652 sed
2053 3596 2219 3652 etiam
2267 3604 2393 3667 post
2434 3594 2774 3651 Nestorianm
2817 3595 3045 3652 haeresis
3075 3605 3329 3652 exortum
3372 3596 3516 3655 scri-

216 3723 363 3785 ptam
394 3711 564 3766 fuisse
593 3726 608 3763 :
657 3729 674 3761 ι
703 3707 842 3764 Nam
874 3720 1060 3776 antea,
1093 3710 1292 3781 inquit,
1323 3710 1574 3766 auditum
1617 3723 1725 3764 non
1763 3716 1884 3764 erat
1917 3709 2201 3767 Christum
2237 3727 2346 3767 non
2398 3712 2563 3768 modo
2591 3728 2656 3767 ea:
2685 3713 2895 3769 duabus
2937 3715 3171 3780 naturis,
3219 3715 3315 3770 sed
3347 3715 3520 3771 etiam

219 3831 276 3884 i.i
303 3826 509 3882 duabus
545 3826 817 3890 exsistere,
863 3844 882 3878 ι
917 3826 1062 3896 quod
1098 3825 1337 3893 primum
1364 3825 1607 3898 Cyrillus
1661 3827 1881 3896 docuit;
1920 3827 2230 3899 deindeque
2266 3828 2524 3901 Synodus
2576 3828 3045 3889 Chalcedonensis
3092 3844 3283 3889 contra
3345 3831 3519 3905 Euty-

217 3946 377 4001 cliem
408 3945 686 4011 definivit;
720 3961 845 4016 quae
871 3945 1038 4002 etiam
1072 3945 1328 4018 Synodus
1355 3964 1424 4004 ex
1457 3948 1664 4022 Cyrillo
1692 3950 1911 4021 adjecit,
1939 3948 2216 4007 Christum
2245 3951 2538 4023 perfectum
2571 3971 2685 4011 esse
2716 3957 2772 4009 in
2801 3955 3104 4024 divinitate,
3145 3967 3194 4012 et
3225 3957 3518 4028 perfectum

217 4063 276 4116 in
305 4062 636 4116 humanitate
658 4079 678 4128 ;
713 4063 768 4116 in
795 4063 1026 4133 epistola
1057 4078 1189 4118 vero
1213 4063 1280 4119 ad
1305 4063 1610 4120 Casarium
1638 4064 1837 4133 legitur
1867 4081 1879 4116 :
1908 4064 2314 4136 Agnoscendum
2339 4083 2454 4122 esse
2486 4067 2698 4123 Filium
2726 4086 2830 4125 non
2863 4070 2920 4124 in
2950 4087 3059 4125 una
3086 4071 3263 4125 solum
3290 4082 3516 4140 natura,

215 4179 307 4234 sed
337 4180 391 4232 in
419 4178 628 4234 duabus
652 4180 922 4250 perfectis.
955 4179 1267 4238 Notandum
1303 4191 1486 4239 tamen
1515 4193 1603 4240 est
1628 4184 1991 4240 Athanasium
2020 4184 2189 4240 Libro
2211 4185 2392 4255 primo
2423 4194 2616 4242 contra
2656 4187 3062 4258 Apollinarium
3093 4187 3308 4246 dixisse
3350 4188 3520 4247 Chri-

216 4303 362 4351 stum
391 4309 514 4351 esse
536 4294 842 4366 perfectum
875 4295 1050 4350 Deum
1076 4303 1132 4350 et
1167 4295 1470 4366 perfectum
1493 4297 1800 4353 hominem.
1836 4297 2040 4354 Verum
2063 4297 2192 4354 licet
2225 4297 2310 4353 ha:
2330 4312 2518 4365 voces,
2552 4299 2770 4365 ῑνωσις,
2802 4302 3004 4368 unitio,
3032 4312 3089 4358 et
3115 4303 3239 4359 duae
3273 4304 3327 4360 In
3350 4301 3521 4361 Chri-

215 4422 301 4469 sto
345 4421 557 4469 naturze
596 4410 872 4483 perfectae,
918 4427 1028 4468 non
1077 4412 1277 4482 ignotae
1333 4429 1564 4484 prorsus
1595 4413 1804 4470 fuerint
1855 4423 1984 4470 ante
2022 4413 2406 4486 Cbrysostomi
2460 4431 2661 4481 aevum,
2689 4424 2902 4473 certum
2945 4427 3127 4475 tamen
3160 4430 3245 4477 est
3276 4436 3374 4478 eas
3405 4439 3517 4480 non

216 4531 386 4588 fuisse
409 4531 483 4587 ita
505 4531 777 4602 frequenti
802 4547 906 4588 usu
942 4542 1213 4604 receptas,
1239 4544 1300 4589 ut
1329 4533 1556 4590 fuerunt
1585 4535 1926 4606 temporibus
1949 4534 2188 4593 Nestorii
2220 4545 2278 4593 et
2301 4535 2600 4609 Eutycbis;
2629 4547 2796 4608 atque
2820 4539 2961 4595 adeo
3002 4540 3174 4597 videri
3205 4542 3355 4600 hunc
3381 4547 3520 4603 seri-

217 4656 451 4717 ptorem,
482 4647 576 4717 qui
607 4646 715 4703 illis
742 4650 948 4719 passim
975 4650 1168 4718 utitur,
1222 4651 1278 4706 in
1326 4650 1471 4706 istud
1517 4664 1694 4706 sevum
1740 4650 2138 4708 conferendum
2182 4668 2324 4710 esse.
2371 4651 2552 4708 Movet
2585 4653 2715 4708 item
2759 4669 2872 4709 rev.
2920 4665 3130 4726 patrem
3161 4657 3427 4730 Lequion,
3459 4669 3520 4714 ut

216 4768 506 4839 epistolam
537 4772 938 4844 Chrysostomo
975 4769 1274 4840 abjudicet,
1306 4769 1452 4841 quod
1481 4771 1536 4826 in
1571 4785 1636 4826 ea
1674 4771 1892 4827 dicatur
1926 4792 1939 4828 :
1984 4773 2048 4829 Si
2077 4775 2220 4828 enim
2271 4773 2441 4828 Deum
2478 4773 2679 4830 dixeris
2708 4774 2993 4845 pertulisse
3034 4776 3392 4849 qualicunque
3421 4792 3518 4834 co-

217 4883 491 4954 gitatione.
513 4886 655 4955 quod
684 4882 1011 4952 impossibile
1039 4891 1114 4938 est
1149 4883 1338 4939 dixisti
1367 4903 1386 4938 .·
1415 4885 1470 4938 id
1508 4885 1648 4956 quod
1680 4886 2043 4956 blasphemum
2077 4900 2155 4944 est
2180 4898 2228 4942 et
2261 4889 2526 4956 immane;
2576 4907 2704 4946 nam
2749 4893 2854 4948 etsi
2896 4893 3004 4949 hoc
3049 4893 3306 4966 loquendi
3341 4911 3516 4968 genus

214 4998 400 5069 aliquo
424 4999 586 5055 modo
616 5000 900 5055 tolerabile
923 5015 1048 5057 esse
1075 5002 1374 5070 videretur,
1407 5019 1517 5074 quo
1542 5013 1789 5075 tempore
1829 5023 1920 5064 res
1947 5007 2193 5063 nondum
2241 5008 2465 5064 definita
2515 5018 2656 5076 erat,
2697 5012 2891 5068 multis
2932 5014 3386 5073 existimantibus
3426 5017 3516 5074 id-

215 5111 394 5182 ipsum
424 5125 546 5166 esse
582 5112 765 5167 dicere
794 5109 962 5167 Deum
996 5127 1240 5182 passum,
1269 5129 1334 5169 ac
1364 5129 1584 5185 passam
1615 5116 1874 5172 deitatem
1911 5135 1926 5171 :
1959 5127 2198 5174 attamen
2235 5119 2322 5174 his
2357 5119 2588 5176 adversa
2613 5121 2777 5178 tradit
2804 5121 3242 5195 Chrysostomus
3261 5129 3515 5200 plurimis

214 5226 266 5282 in
289 5225 447 5282 locis.
476 5226 605 5281 Haec
626 5241 748 5297 quis
773 5227 912 5282 scite
940 5227 1234 5283 observata
1264 5238 1416 5297 sunt,
1445 5229 1697 5300 pluribus
1744 5233 2098 5302 prosequitur
2142 5232 2398 5290 laudatus
2428 5235 2519 5292 ille
2546 5237 2652 5305 vir,
2687 5247 2744 5295 et
2789 5239 2898 5295 alia
2934 5241 3109 5297 multa
3148 5243 3361 5316 adjicit,
3395 5263 3517 5319 qua:

213 5342 433 5414 longum
461 5352 608 5400 esset
630 5358 934 5402 recensere.

281 5479 419 5536 Aliis
451 5482 581 5537 item
617 5485 934 5541 nominibus
963 5485 1077 5540 haec
1110 5487 1342 5556 epistola
1376 5489 1607 5544 omnino
1635 5488 1770 5544 mihi
1795 5490 1982 5562 spuria
2002 5506 2126 5548 esse
2156 5492 2395 5552 videtur.
2420 5494 2471 5551 Is
2498 5495 2566 5551 ad
2601 5511 2767 5566 quem
2803 5501 3087 5570 scribitur,
3117 5512 3205 5559 est
3232 5504 3514 5564 Caesarius

215 5598 538 5661 monachus.
567 5599 662 5670 qui
688 5600 897 5670 jamdiu
926 5618 1034 5658 una
1077 5619 1201 5659 cum
1233 5606 1478 5676 epistola!
1509 5607 1778 5679 scriptore
1807 5607 1949 5664 idem
1991 5609 2308 5667 institutum
2353 5613 2478 5668 vita:
2517 5622 2803 5682 tenuerat,
2853 5633 3052 5690 nempe
3100 5625 3510 5696 monasticum;

216 5730 340 5770 nam
373 5715 506 5771 illud
537 5717 850 5788 significant
874 5722 988 5777 haec
1013 5723 1178 5778 verba
1209 5725 1373 5794 paulo
1401 5735 1526 5796 post
1553 5726 1777 5785 initium
1806 5727 2056 5800 epistola
2085 5748 2100 5786 :
2151 5729 2526 5788 Verumtamen
2567 5749 2662 5788 nos
2700 5737 3042 5794 recordantes
3077 5749 3186 5797 tua:
3235 5746 3510 5804 uobiscum

217 5835 646 5906 conuersationis,
690 5838 787 5910 τῆς
819 5841 917 5913 σῆς
948 5841 1066 5915 μεθ’
1096 5845 1257 5918 ἡμῶν
1289 5847 1587 5919 πολιτείας,
1621 5851 1737 5910 hac
1758 5852 1827 5911 ha

1900 5853 1907 5912 I
1940 5854 2108 5913 dubie
2132 5854 2322 5915 Greca
2356 5865 2536 5926 erant,
2571 5856 2775 5928 quibus
2809 5859 3154 5930 significatur
3189 5862 3361 5935 hujus
3389 5865 3510 5937 epi-
