  <div class='ocr_page' id='page_1' title='image "/cluster/home/n/w/nwhite01/storage/ocr_20150623/52/ien.35556001660794/369.png"; bbox 0 0 4076 6434; ppageno 0'>
   <div class='ocr_carea' id='block_1_1' title="bbox 627 344 3864 412">
    <p class='ocr_par' dir='ltr' id='par_1_1' title="bbox 627 344 3864 412">
     <span class='ocr_line' id='line_1_1' title="bbox 627 344 3864 412; baseline -0 -5"><span class='ocrx_word' id='word_1_1' title='bbox 627 349 735 408; x_wconf 74' lang='grc' dir='ltr'><strong>πο</strong></span> <span class='ocrx_word' id='word_1_2' title='bbox 1317 358 1372 412; x_wconf 76' lang='lat' dir='ltr'><strong>S.</strong></span> <span class='ocrx_word' id='word_1_3' title='bbox 1411 346 1703 407; x_wconf 75' lang='lat' dir='ltr'><strong>JOANNIS‘</strong></span> <span class='ocrx_word' id='word_1_4' title='bbox 1733 344 2216 405; x_wconf 68' lang='lat' dir='ltr'><strong>CHRYSOSTOMI</strong></span> <span class='ocrx_word' id='word_1_5' title='bbox 2254 344 2575 404; x_wconf 78' lang='lat' dir='ltr'><strong>ARCHIEP.</strong></span> <span class='ocrx_word' id='word_1_6' title='bbox 2616 344 3164 406; x_wconf 76' lang='lat' dir='ltr'><strong>CONSTANTINOP.</strong></span> <span class='ocrx_word' id='word_1_7' title='bbox 3758 349 3864 406; x_wconf 71' lang='grc' dir='ltr'><strong>τεο</strong></span> 
     </span>
    </p>
   </div>
   <div class='ocr_carea' id='block_1_2' title="bbox 628 485 3865 570">
    <p class='ocr_par' dir='ltr' id='par_1_2' title="bbox 628 485 3865 570">
     <span class='ocr_line' id='line_1_2' title="bbox 628 485 3865 570; baseline -0.001 -16"><span class='ocrx_word' id='word_1_8' title='bbox 628 485 780 559; x_wconf 60' lang='lat' dir='ltr'><strong>uola:</strong></span> <span class='ocrx_word' id='word_1_9' title='bbox 805 497 1124 570; x_wconf 71' lang='lat' dir='ltr'><strong>scriptorem</strong></span> <span class='ocrx_word' id='word_1_10' title='bbox 1158 493 1394 567; x_wconf 76' lang='lat' dir='ltr'><strong>idipsum</strong></span> <span class='ocrx_word' id='word_1_11' title='bbox 1421 492 1729 555; x_wconf 87' lang='lat' dir='ltr'><strong>institutum</strong></span> <span class='ocrx_word' id='word_1_12' title='bbox 1768 496 1894 551; x_wconf 83' lang='lat' dir='ltr'><strong>vitae</strong></span> <span class='ocrx_word' id='word_1_13' title='bbox 1923 495 2186 560; x_wconf 73' lang='lat' dir='ltr'><strong>tenuisse,</strong></span> <span class='ocrx_word' id='word_1_14' title='bbox 2218 494 2364 564; x_wconf 83' lang='lat' dir='ltr'><strong>quod</strong></span> <span class='ocrx_word' id='word_1_15' title='bbox 2409 493 2681 550; x_wconf 82' lang='lat' dir='ltr'><strong>Caesarius</strong></span> <span class='ocrx_word' id='word_1_16' title='bbox 2720 495 3105 565; x_wconf 81' lang='lat' dir='ltr'><strong>proﬁtebatur,</strong></span> <span class='ocrx_word' id='word_1_17' title='bbox 3131 509 3327 567; x_wconf 81' lang='lat' dir='ltr'><strong>nempe</strong></span> <span class='ocrx_word' id='word_1_18' title='bbox 3375 497 3775 566; x_wconf 84' lang='lat' dir='ltr'><strong>monasticum;</strong></span> <span class='ocrx_word' id='word_1_19' title='bbox 3817 499 3865 554; x_wconf 85' lang='lat' dir='ltr'><strong>id</strong></span> 
     </span>
    </p>
   </div>
   <div class='ocr_carea' id='block_1_3' title="bbox 627 613 3866 695">
    <p class='ocr_par' dir='ltr' id='par_1_3' title="bbox 627 613 3866 695">
     <span class='ocr_line' id='line_1_3' title="bbox 627 613 3866 695; baseline -0.003 -19"><span class='ocrx_word' id='word_1_20' title='bbox 627 624 693 676; x_wconf 89' lang='lat' dir='ltr'><strong>de</strong></span> <span class='ocrx_word' id='word_1_21' title='bbox 721 619 1109 690; x_wconf 81' lang='lat' dir='ltr'><strong>Chrysustomo</strong></span> <span class='ocrx_word' id='word_1_22' title='bbox 1139 619 1361 690; x_wconf 81' lang='lat' dir='ltr'><strong>quidem</strong></span> <span class='ocrx_word' id='word_1_23' title='bbox 1391 619 1496 672; x_wconf 88' lang='lat' dir='ltr'><strong>aici</strong></span> <span class='ocrx_word' id='word_1_24' title='bbox 1525 625 1730 688; x_wconf 86' lang='lat' dir='ltr'><strong>posset,</strong></span> <span class='ocrx_word' id='word_1_25' title='bbox 1761 631 1854 686; x_wconf 85' lang='lat' dir='ltr'><strong>qut</strong></span> <span class='ocrx_word' id='word_1_26' title='bbox 1877 614 2094 695; x_wconf 79' lang='lat' dir='ltr'><strong>juvenis</strong></span> <span class='ocrx_word' id='word_1_27' title='bbox 2121 614 2263 668; x_wconf 90' lang='lat' dir='ltr'><strong>inter</strong></span> <span class='ocrx_word' id='word_1_28' title='bbox 2285 613 2584 670; x_wconf 78' lang='lat' dir='ltr'><strong>monachos</strong></span> <span class='ocrx_word' id='word_1_29' title='bbox 2624 613 2966 679; x_wconf 75' lang='lat' dir='ltr'><strong>versabatur,</strong></span> <span class='ocrx_word' id='word_1_30' title='bbox 3010 624 3063 672; x_wconf 91' lang='lat' dir='ltr'><strong>et</strong></span> <span class='ocrx_word' id='word_1_31' title='bbox 3093 613 3385 673; x_wconf 86' lang='lat' dir='ltr'><strong>asceticam</strong></span> <span class='ocrx_word' id='word_1_32' title='bbox 3427 613 3593 672; x_wconf 89' lang='lat' dir='ltr'><strong>vitam</strong></span> <span class='ocrx_word' id='word_1_33' title='bbox 3626 617 3825 684; x_wconf 68' lang='lat' dir='ltr'><strong>agebat</strong></span> <span class='ocrx_word' id='word_1_34' title='bbox 3853 632 3866 667; x_wconf 88' lang='lat'><strong>:</strong></span> 
     </span>
    </p>
   </div>
   <div class='ocr_carea' id='block_1_4' title="bbox 625 729 3870 803">
    <p class='ocr_par' dir='ltr' id='par_1_4' title="bbox 625 729 3870 803">
     <span class='ocr_line' id='line_1_4' title="bbox 625 729 3870 803; baseline -0.004 -9"><span class='ocrx_word' id='word_1_35' title='bbox 625 739 720 794; x_wconf 85' lang='lat' dir='ltr'><strong>sed</strong></span> <span class='ocrx_word' id='word_1_36' title='bbox 745 753 812 793; x_wconf 87' lang='lat' dir='ltr'><strong>an</strong></span> <span class='ocrx_word' id='word_1_37' title='bbox 838 736 1129 793; x_wconf 83' lang='lat' dir='ltr'><strong>verisimile</strong></span> <span class='ocrx_word' id='word_1_38' title='bbox 1148 745 1252 799; x_wconf 87' lang='lat' dir='ltr'><strong>est,</strong></span> <span class='ocrx_word' id='word_1_39' title='bbox 1291 733 1339 789; x_wconf 91' lang='lat' dir='ltr'><strong>si</strong></span> <span class='ocrx_word' id='word_1_40' title='bbox 1384 749 1508 789; x_wconf 91' lang='lat' dir='ltr'><strong>cum</strong></span> <span class='ocrx_word' id='word_1_41' title='bbox 1541 734 1782 788; x_wconf 63' lang='lat' dir='ltr'><strong>Cesario</strong></span> <span class='ocrx_word' id='word_1_42' title='bbox 1822 732 1989 788; x_wconf 80' lang='lat' dir='ltr'><strong>vitam</strong></span> <span class='ocrx_word' id='word_1_43' title='bbox 2034 731 2395 789; x_wconf 69' lang='lat' dir='ltr'><strong>monasticam</strong></span> <span class='ocrx_word' id='word_1_44' title='bbox 2432 731 2625 802; x_wconf 87' lang='lat' dir='ltr'><strong>egerit,</strong></span> <span class='ocrx_word' id='word_1_45' title='bbox 2673 730 2765 801; x_wconf 92' lang='lat' dir='ltr'><strong>qui</strong></span> <span class='ocrx_word' id='word_1_46' title='bbox 2809 729 3080 787; x_wconf 67' lang='lat' dir='ltr'><strong>Ctesarius</strong></span> <span class='ocrx_word' id='word_1_47' title='bbox 3112 731 3178 787; x_wconf 90' lang='lat' dir='ltr'><strong>ad</strong></span> <span class='ocrx_word' id='word_1_48' title='bbox 3214 747 3386 802; x_wconf 82' lang='lat' dir='ltr'><strong>usque</strong></span> <span class='ocrx_word' id='word_1_49' title='bbox 3415 733 3716 794; x_wconf 85' lang='lat' dir='ltr'><strong>secundum</strong></span> <span class='ocrx_word' id='word_1_50' title='bbox 3750 733 3870 803; x_wconf 78' lang='lat' dir='ltr'><strong>ejus</strong></span> 
     </span>
    </p>
   </div>
   <div class='ocr_carea' id='block_1_5' title="bbox 621 841 3866 921">
    <p class='ocr_par' dir='ltr' id='par_1_5' title="bbox 621 841 3866 921">
     <span class='ocr_line' id='line_1_5' title="bbox 621 841 3866 921; baseline -0.004 -12"><span class='ocrx_word' id='word_1_51' title='bbox 621 853 871 909; x_wconf 77' lang='lat' dir='ltr'><strong>exsilium</strong></span> <span class='ocrx_word' id='word_1_52' title='bbox 902 859 1181 921; x_wconf 87' lang='lat' dir='ltr'><strong>superstes</strong></span> <span class='ocrx_word' id='word_1_53' title='bbox 1206 849 1389 914; x_wconf 81' lang='lat' dir='ltr'><strong>fuerit,</strong></span> <span class='ocrx_word' id='word_1_54' title='bbox 1422 849 1631 918; x_wconf 89' lang='lat' dir='ltr'><strong>ipsique</strong></span> <span class='ocrx_word' id='word_1_55' title='bbox 1656 847 1862 902; x_wconf 90' lang='lat' dir='ltr'><strong>litteras</strong></span> <span class='ocrx_word' id='word_1_56' title='bbox 1890 846 2132 910; x_wconf 81' lang='lat' dir='ltr'><strong>scribere</strong></span> <span class='ocrx_word' id='word_1_57' title='bbox 2154 843 2679 909; x_wconf 86' lang='lat' dir='ltr'><strong>consueverit,illius</strong></span> <span class='ocrx_word' id='word_1_58' title='bbox 2713 852 2892 898; x_wconf 86' lang='lat' dir='ltr'><strong>tamen</strong></span> <span class='ocrx_word' id='word_1_59' title='bbox 2922 857 3189 913; x_wconf 89' lang='lat' dir='ltr'><strong>nusquam</strong></span> <span class='ocrx_word' id='word_1_60' title='bbox 3220 841 3375 915; x_wconf 76' lang='lat'><strong>[758]</strong></span> <span class='ocrx_word' id='word_1_61' title='bbox 3408 845 3736 900; x_wconf 75' lang='lat' dir='ltr'><strong>mentionem</strong></span> <span class='ocrx_word' id='word_1_62' title='bbox 3772 845 3866 898; x_wconf 85' lang='lat' dir='ltr'><strong>ha-</strong></span> 
     </span>
    </p>
   </div>
   <div class='ocr_carea' id='block_1_6' title="bbox 623 948 3866 1035">
    <p class='ocr_par' dir='ltr' id='par_1_6' title="bbox 623 948 3866 1035">
     <span class='ocr_line' id='line_1_6' title="bbox 623 948 3866 1035; baseline -0.003 -12"><span class='ocrx_word' id='word_1_63' title='bbox 623 968 852 1024; x_wconf 84' lang='lat' dir='ltr'><strong>bendam</strong></span> <span class='ocrx_word' id='word_1_64' title='bbox 886 965 1021 1030; x_wconf 78' lang='lat' dir='ltr'><strong>fore,</strong></span> <span class='ocrx_word' id='word_1_65' title='bbox 1045 966 1131 1021; x_wconf 90' lang='lat' dir='ltr'><strong>vel</strong></span> <span class='ocrx_word' id='word_1_66' title='bbox 1170 966 1225 1020; x_wconf 92' lang='lat' dir='ltr'><strong>in</strong></span> <span class='ocrx_word' id='word_1_67' title='bbox 1263 964 1537 1035; x_wconf 84' lang='lat' dir='ltr'><strong>Epistolis,</strong></span> <span class='ocrx_word' id='word_1_68' title='bbox 1564 963 1646 1018; x_wconf 86' lang='lat' dir='ltr'><strong>vel</strong></span> <span class='ocrx_word' id='word_1_69' title='bbox 1666 963 1722 1018; x_wconf 91' lang='lat' dir='ltr'><strong>in</strong></span> <span class='ocrx_word' id='word_1_70' title='bbox 1744 961 1866 1018; x_wconf 82' lang='lat' dir='ltr'><strong>Vita</strong></span> <span class='ocrx_word' id='word_1_71' title='bbox 1893 948 2306 1032; x_wconf 85' lang='lat' dir='ltr'><strong>Chrysostomi;</strong></span> <span class='ocrx_word' id='word_1_72' title='bbox 2335 967 2482 1017; x_wconf 88' lang='lat' dir='ltr'><strong>certe</strong></span> <span class='ocrx_word' id='word_1_73' title='bbox 2502 959 2627 1016; x_wconf 89' lang='lat' dir='ltr'><strong>hinc</strong></span> <span class='ocrx_word' id='word_1_74' title='bbox 2649 959 2762 1030; x_wconf 88' lang='lat' dir='ltr'><strong>jam</strong></span> <span class='ocrx_word' id='word_1_75' title='bbox 2793 961 2980 1015; x_wconf 85' lang='lat' dir='ltr'><strong>nescio</strong></span> <span class='ocrx_word' id='word_1_76' title='bbox 3006 972 3126 1028; x_wconf 65' lang='lat' dir='ltr'><strong>quae</strong></span> <span class='ocrx_word' id='word_1_77' title='bbox 3165 959 3406 1028; x_wconf 86' lang='lat' dir='ltr'><strong>suspicio</strong></span> <span class='ocrx_word' id='word_1_78' title='bbox 3433 960 3697 1015; x_wconf 89' lang='lat' dir='ltr'><strong>nascitur.</strong></span> <span class='ocrx_word' id='word_1_79' title='bbox 3737 960 3866 1030; x_wconf 75' lang='lat' dir='ltr'><strong>Sty-</strong></span> 
     </span>
    </p>
   </div>
   <div class='ocr_carea' id='block_1_7' title="bbox 623 1076 3864 1154">
    <p class='ocr_par' dir='ltr' id='par_1_7' title="bbox 623 1076 3864 1154">
     <span class='ocr_line' id='line_1_7' title="bbox 623 1076 3864 1154; baseline -0.002 -14"><span class='ocrx_word' id='word_1_80' title='bbox 623 1083 711 1140; x_wconf 90' lang='lat' dir='ltr'><strong>lus</strong></span> <span class='ocrx_word' id='word_1_81' title='bbox 735 1084 934 1138; x_wconf 89' lang='lat' dir='ltr'><strong>mirum</strong></span> <span class='ocrx_word' id='word_1_82' title='bbox 965 1091 1227 1154; x_wconf 89' lang='lat' dir='ltr'><strong>quantum</strong></span> <span class='ocrx_word' id='word_1_83' title='bbox 1264 1098 1291 1134; x_wconf 88' lang='lat' dir='ltr'><strong>a</strong></span> <span class='ocrx_word' id='word_1_84' title='bbox 1324 1078 1700 1152; x_wconf 84' lang='lat' dir='ltr'><strong>Chrysostomi</strong></span> <span class='ocrx_word' id='word_1_85' title='bbox 1735 1078 1947 1135; x_wconf 87' lang='lat' dir='ltr'><strong>dicendi</strong></span> <span class='ocrx_word' id='word_1_86' title='bbox 1981 1088 2176 1146; x_wconf 82' lang='lat' dir='ltr'><strong>genere</strong></span> <span class='ocrx_word' id='word_1_87' title='bbox 2211 1077 2465 1143; x_wconf 87' lang='lat' dir='ltr'><strong>alienus;</strong></span> <span class='ocrx_word' id='word_1_88' title='bbox 2520 1076 2667 1148; x_wconf 80' lang='lat' dir='ltr'><strong>quod</strong></span> <span class='ocrx_word' id='word_1_89' title='bbox 2715 1091 2862 1132; x_wconf 90' lang='lat' dir='ltr'><strong>nunc</strong></span> <span class='ocrx_word' id='word_1_90' title='bbox 2905 1077 3118 1135; x_wconf 72' lang='lat' dir='ltr'><strong>facilius</strong></span> <span class='ocrx_word' id='word_1_91' title='bbox 3151 1079 3597 1150; x_wconf 83' lang='lat' dir='ltr'><strong>deprehenditur,</strong></span> <span class='ocrx_word' id='word_1_92' title='bbox 3641 1093 3768 1133; x_wconf 89' lang='lat' dir='ltr'><strong>cum</strong></span> <span class='ocrx_word' id='word_1_93' title='bbox 3799 1093 3864 1133; x_wconf 75' lang='lat' dir='ltr'><strong>ex</strong></span> 
     </span>
    </p>
   </div>
   <div class='ocr_carea' id='block_1_8' title="bbox 624 1190 3865 1283">
    <p class='ocr_par' dir='ltr' id='par_1_8' title="bbox 624 1190 3865 1283">
     <span class='ocr_line' id='line_1_8' title="bbox 624 1190 3865 1283; baseline -0.003 -27"><span class='ocrx_word' id='word_1_94' title='bbox 624 1199 829 1257; x_wconf 71' lang='lat' dir='ltr'><strong>Graecis</strong></span> <span class='ocrx_word' id='word_1_95' title='bbox 863 1199 1019 1267; x_wconf 79' lang='lat' dir='ltr'><strong>longe</strong></span> <span class='ocrx_word' id='word_1_96' title='bbox 1044 1196 1200 1268; x_wconf 89' lang='lat' dir='ltr'><strong>plura</strong></span> <span class='ocrx_word' id='word_1_97' title='bbox 1233 1209 1397 1267; x_wconf 85' lang='lat' dir='ltr'><strong>quam</strong></span> <span class='ocrx_word' id='word_1_98' title='bbox 1422 1203 1579 1250; x_wconf 84' lang='lat' dir='ltr'><strong>antea</strong></span> <span class='ocrx_word' id='word_1_99' title='bbox 1617 1192 2004 1283; x_wconf 73' lang='lat' dir='ltr'><strong>publicentur:</strong></span> <span class='ocrx_word' id='word_1_100' title='bbox 2047 1192 2136 1247; x_wconf 92' lang='lat' dir='ltr'><strong>hic</strong></span> <span class='ocrx_word' id='word_1_101' title='bbox 2173 1193 2358 1247; x_wconf 86' lang='lat' dir='ltr'><strong>omnia</strong></span> <span class='ocrx_word' id='word_1_102' title='bbox 2393 1190 2740 1262; x_wconf 87' lang='lat' dir='ltr'><strong>peregrinum</strong></span> <span class='ocrx_word' id='word_1_103' title='bbox 2779 1192 2950 1256; x_wconf 90' lang='lat' dir='ltr'><strong>olent,</strong></span> <span class='ocrx_word' id='word_1_104' title='bbox 2991 1208 3094 1250; x_wconf 91' lang='lat' dir='ltr'><strong>nec</strong></span> <span class='ocrx_word' id='word_1_105' title='bbox 3130 1194 3214 1249; x_wconf 88' lang='lat' dir='ltr'><strong>vel</strong></span> <span class='ocrx_word' id='word_1_106' title='bbox 3252 1193 3544 1248; x_wconf 88' lang='lat' dir='ltr'><strong>minimum</strong></span> <span class='ocrx_word' id='word_1_107' title='bbox 3583 1192 3865 1264; x_wconf 84' lang='lat' dir='ltr'><strong>quidpiam</strong></span> 
     </span>
    </p>
   </div>
   <div class='ocr_carea' id='block_1_9' title="bbox 623 1315 3866 1391">
    <p class='ocr_par' dir='ltr' id='par_1_9' title="bbox 623 1315 3866 1391">
     <span class='ocr_line' id='line_1_9' title="bbox 623 1315 3866 1391; baseline -0.002 -14"><span class='ocrx_word' id='word_1_108' title='bbox 623 1320 963 1387; x_wconf 79' lang='lat' dir='ltr'><strong>observatur,</strong></span> <span class='ocrx_word' id='word_1_109' title='bbox 985 1319 1130 1391; x_wconf 89' lang='lat' dir='ltr'><strong>quod</strong></span> <span class='ocrx_word' id='word_1_110' title='bbox 1159 1319 1608 1390; x_wconf 86' lang='lat' dir='ltr'><strong>Chrysostomum</strong></span> <span class='ocrx_word' id='word_1_111' title='bbox 1645 1316 1853 1387; x_wconf 88' lang='lat' dir='ltr'><strong>sapiat;</strong></span> <span class='ocrx_word' id='word_1_112' title='bbox 1882 1316 1956 1372; x_wconf 89' lang='lat' dir='ltr'><strong>ita</strong></span> <span class='ocrx_word' id='word_1_113' title='bbox 2003 1323 2062 1370; x_wconf 89' lang='lat' dir='ltr'><strong>ut</strong></span> <span class='ocrx_word' id='word_1_114' title='bbox 2087 1315 2180 1386; x_wconf 88' lang='lat' dir='ltr'><strong>qui</strong></span> <span class='ocrx_word' id='word_1_115' title='bbox 2205 1330 2272 1371; x_wconf 82' lang='lat' dir='ltr'><strong>ex</strong></span> <span class='ocrx_word' id='word_1_116' title='bbox 2309 1315 2431 1372; x_wconf 87' lang='lat' dir='ltr'><strong>aliis</strong></span> <span class='ocrx_word' id='word_1_117' title='bbox 2470 1316 2686 1386; x_wconf 88' lang='lat' dir='ltr'><strong>scriptis</strong></span> <span class='ocrx_word' id='word_1_118' title='bbox 2715 1325 2770 1371; x_wconf 90' lang='lat' dir='ltr'><strong>et</strong></span> <span class='ocrx_word' id='word_1_119' title='bbox 2787 1315 3036 1386; x_wconf 84' lang='lat' dir='ltr'><strong>epistolis</strong></span> <span class='ocrx_word' id='word_1_120' title='bbox 3060 1317 3434 1388; x_wconf 88' lang='lat' dir='ltr'><strong>Chrysostomi</strong></span> <span class='ocrx_word' id='word_1_121' title='bbox 3468 1319 3535 1374; x_wconf 87' lang='lat' dir='ltr'><strong>ad</strong></span> <span class='ocrx_word' id='word_1_122' title='bbox 3569 1320 3712 1374; x_wconf 88' lang='lat' dir='ltr'><strong>hanc</strong></span> <span class='ocrx_word' id='word_1_123' title='bbox 3749 1318 3866 1386; x_wconf 75' lang='lat' dir='ltr'><strong>epi-</strong></span> 
     </span>
    </p>
   </div>
   <div class='ocr_carea' id='block_1_10' title="bbox 624 1433 3868 1520">
    <p class='ocr_par' dir='ltr' id='par_1_10' title="bbox 624 1433 3868 1516">
     <span class='ocr_line' id='line_1_10' title="bbox 624 1433 3868 1516; baseline -0.002 -20"><span class='ocrx_word' id='word_1_124' title='bbox 624 1440 820 1496; x_wconf 84' lang='lat' dir='ltr'><strong>stolam</strong></span> <span class='ocrx_word' id='word_1_125' title='bbox 865 1454 925 1495; x_wconf 87' lang='lat' dir='ltr'><strong>se</strong></span> <span class='ocrx_word' id='word_1_126' title='bbox 963 1438 1227 1505; x_wconf 82' lang='lat' dir='ltr'><strong>conferat,</strong></span> <span class='ocrx_word' id='word_1_127' title='bbox 1283 1438 1338 1492; x_wconf 94' lang='lat' dir='ltr'><strong>in</strong></span> <span class='ocrx_word' id='word_1_128' title='bbox 1390 1437 1557 1492; x_wconf 85' lang='lat' dir='ltr'><strong>alium</strong></span> <span class='ocrx_word' id='word_1_129' title='bbox 1593 1451 1653 1492; x_wconf 87' lang='lat' dir='ltr'><strong>se</strong></span> <span class='ocrx_word' id='word_1_130' title='bbox 1706 1435 1892 1513; x_wconf 63' lang='lat' dir='ltr'><strong>orbem</strong></span> <span class='ocrx_word' id='word_1_131' title='bbox 1949 1435 2272 1490; x_wconf 86' lang='lat' dir='ltr'><strong>translatum</strong></span> <span class='ocrx_word' id='word_1_132' title='bbox 2329 1443 2500 1506; x_wconf 83' lang='lat' dir='ltr'><strong>putet.</strong></span> <span class='ocrx_word' id='word_1_133' title='bbox 2551 1433 2686 1502; x_wconf 78' lang='lat' dir='ltr'><strong>Quis</strong></span> <span class='ocrx_word' id='word_1_134' title='bbox 2741 1435 2884 1505; x_wconf 90' lang='lat' dir='ltr'><strong>apud</strong></span> <span class='ocrx_word' id='word_1_135' title='bbox 2933 1434 3383 1508; x_wconf 87' lang='lat' dir='ltr'><strong>Chrysostomum</strong></span> <span class='ocrx_word' id='word_1_136' title='bbox 3413 1435 3547 1490; x_wconf 84' lang='lat' dir='ltr'><strong>vidit</strong></span> <span class='ocrx_word' id='word_1_137' title='bbox 3577 1436 3868 1516; x_wconf 67' lang='grc' dir='ltr'><strong>τηλαυγῶς</strong></span> 
     </span>
    </p>
   </div>
   <div class='ocr_carea' id='block_1_11' title="bbox 623 1529 2233 1631">
    <p class='ocr_par' dir='ltr' id='par_1_11' title="bbox 623 1556 2233 1631">
     <span class='ocr_line' id='line_1_11' title="bbox 623 1556 2233 1631; baseline -0.002 -16"><span class='ocrx_word' id='word_1_138' title='bbox 623 1557 995 1631; x_wconf 76' lang='grc' dir='ltr'><strong>διαγοριῦσαι,</strong></span> <span class='ocrx_word' id='word_1_139' title='bbox 1050 1556 1174 1628; x_wconf 86' lang='lat' dir='ltr'><strong>quis</strong></span> <span class='ocrx_word' id='word_1_140' title='bbox 1215 1556 1390 1611; x_wconf 77' lang='grc' dir='ltr'><strong>ταῦτα</strong></span> <span class='ocrx_word' id='word_1_141' title='bbox 1442 1559 1827 1630; x_wconf 72' lang='grc' dir='ltr'><strong>κατηγορεῖται</strong></span> <span class='ocrx_word' id='word_1_142' title='bbox 1856 1556 1987 1614; x_wconf 74' lang='lat' dir='ltr'><strong>vidit</strong></span> <span class='ocrx_word' id='word_1_143' title='bbox 2032 1557 2138 1614; x_wconf 86' lang='lat' dir='ltr'><strong>hoc</strong></span> <span class='ocrx_word' id='word_1_144' title='bbox 2176 1571 2233 1614; x_wconf 88' lang='lat' dir='ltr'><strong>se</strong></span> 
     </span>
    </p>
   </div>
   <div class='ocr_carea' id='block_1_12' title="bbox 2282 1529 3892 1631">
    <p class='ocr_par' dir='ltr' id='par_1_12' title="bbox 2282 1529 3892 1628">
     <span class='ocr_line' id='line_1_12' title="bbox 2282 1529 3892 1628; baseline -0.001 -16"><span class='ocrx_word' id='word_1_145' title='bbox 2282 1556 2524 1625; x_wconf 51' lang='grc' dir='ltr'><strong>ξυνήια</strong></span> <span class='ocrx_word' id='word_1_146' title='bbox 2554 1556 2961 1628; x_wconf 73' lang='lat' dir='ltr'><strong>pradicantur?</strong></span> <span class='ocrx_word' id='word_1_147' title='bbox 2993 1555 3095 1614; x_wconf 83' lang='lat' dir='ltr'><strong>Ubi</strong></span> <span class='ocrx_word' id='word_1_148' title='bbox 3135 1570 3243 1614; x_wconf 86' lang='lat' dir='ltr'><strong>tam</strong></span> <span class='ocrx_word' id='word_1_149' title='bbox 3285 1557 3507 1628; x_wconf 85' lang='lat' dir='ltr'><strong>jejunus</strong></span> <span class='ocrx_word' id='word_1_150' title='bbox 3546 1567 3736 1612; x_wconf 87' lang='lat' dir='ltr'><strong>orator</strong></span> <span class='ocrx_word' id='word_1_151' title='bbox 3765 1529 3892 1612; x_wconf 23' lang='lat' dir='ltr'><strong>fuit.</strong></span> 
     </span>
    </p>
   </div>
   <div class='ocr_carea' id='block_1_13' title="bbox 624 1669 3868 1746">
    <p class='ocr_par' dir='ltr' id='par_1_13' title="bbox 624 1669 3868 1746">
     <span class='ocr_line' id='line_1_13' title="bbox 624 1669 3868 1746; baseline 0 -17"><span class='ocrx_word' id='word_1_152' title='bbox 624 1673 1071 1745; x_wconf 85' lang='lat' dir='ltr'><strong>Chrysostomus,</strong></span> <span class='ocrx_word' id='word_1_153' title='bbox 1101 1685 1223 1726; x_wconf 90' lang='lat' dir='ltr'><strong>eum</strong></span> <span class='ocrx_word' id='word_1_154' title='bbox 1252 1669 1320 1726; x_wconf 90' lang='lat' dir='ltr'><strong>de</strong></span> <span class='ocrx_word' id='word_1_155' title='bbox 1347 1672 1499 1727; x_wconf 87' lang='lat' dir='ltr'><strong>socio</strong></span> <span class='ocrx_word' id='word_1_156' title='bbox 1523 1671 1653 1727; x_wconf 92' lang='lat' dir='ltr'><strong>olim</strong></span> <span class='ocrx_word' id='word_1_157' title='bbox 1690 1681 1743 1727; x_wconf 92' lang='lat' dir='ltr'><strong>et</strong></span> <span class='ocrx_word' id='word_1_158' title='bbox 1764 1669 2140 1727; x_wconf 78' lang='lat' dir='ltr'><strong>contubernali</strong></span> <span class='ocrx_word' id='word_1_159' title='bbox 2167 1671 2234 1727; x_wconf 83' lang='lat' dir='ltr'><strong>ad</strong></span> <span class='ocrx_word' id='word_1_160' title='bbox 2263 1683 2457 1728; x_wconf 85' lang='lat' dir='ltr'><strong>sanam</strong></span> <span class='ocrx_word' id='word_1_161' title='bbox 2485 1682 2724 1728; x_wconf 86' lang='lat' dir='ltr'><strong>mentem</strong></span> <span class='ocrx_word' id='word_1_162' title='bbox 2760 1673 3069 1730; x_wconf 84' lang='lat' dir='ltr'><strong>reducendo</strong></span> <span class='ocrx_word' id='word_1_163' title='bbox 3104 1674 3400 1746; x_wconf 73' lang='lat' dir='ltr'><strong>ageretur?</strong></span> <span class='ocrx_word' id='word_1_164' title='bbox 3435 1675 3868 1745; x_wconf 70' lang='lat' dir='ltr'><strong>Argumentandi</strong></span> 
     </span>
    </p>
   </div>
   <div class='ocr_carea' id='block_1_14' title="bbox 626 1779 3869 1857">
    <p class='ocr_par' dir='ltr' id='par_1_14' title="bbox 626 1779 3869 1857">
     <span class='ocr_line' id='line_1_14' title="bbox 626 1779 3869 1857; baseline 0.001 -18"><span class='ocrx_word' id='word_1_165' title='bbox 626 1793 798 1854; x_wconf 77' lang='lat' dir='ltr'><strong>genus</strong></span> <span class='ocrx_word' id='word_1_166' title='bbox 828 1780 1201 1854; x_wconf 79' lang='lat' dir='ltr'><strong>Chrysostomi</strong></span> <span class='ocrx_word' id='word_1_167' title='bbox 1235 1780 1413 1836; x_wconf 81' lang='lat' dir='ltr'><strong>elu¢et</strong></span> <span class='ocrx_word' id='word_1_168' title='bbox 1442 1782 1495 1836; x_wconf 92' lang='lat' dir='ltr'><strong>in</strong></span> <span class='ocrx_word' id='word_1_169' title='bbox 1526 1779 1869 1838; x_wconf 81' lang='lat' dir='ltr'><strong>orationibus</strong></span> <span class='ocrx_word' id='word_1_170' title='bbox 1897 1788 2087 1838; x_wconf 88' lang='lat' dir='ltr'><strong>contra</strong></span> <span class='ocrx_word' id='word_1_171' title='bbox 2115 1782 2411 1838; x_wconf 69' lang='lat' dir='ltr'><strong>Anomwos</strong></span> <span class='ocrx_word' id='word_1_172' title='bbox 2436 1792 2491 1838; x_wconf 92' lang='lat' dir='ltr'><strong>et</strong></span> <span class='ocrx_word' id='word_1_173' title='bbox 2515 1793 2704 1840; x_wconf 90' lang='lat' dir='ltr'><strong>contra</strong></span> <span class='ocrx_word' id='word_1_174' title='bbox 2745 1782 3005 1842; x_wconf 66' lang='lat' dir='ltr'><strong>Iudaeos:</strong></span> <span class='ocrx_word' id='word_1_175' title='bbox 3054 1801 3148 1842; x_wconf 85' lang='lat' dir='ltr'><strong>eas</strong></span> <span class='ocrx_word' id='word_1_176' title='bbox 3198 1785 3385 1843; x_wconf 82' lang='lat' dir='ltr'><strong>confer</strong></span> <span class='ocrx_word' id='word_1_177' title='bbox 3439 1803 3561 1842; x_wconf 88' lang='lat' dir='ltr'><strong>cum</strong></span> <span class='ocrx_word' id='word_1_178' title='bbox 3614 1789 3719 1844; x_wconf 87' lang='lat' dir='ltr'><strong>hac</strong></span> <span class='ocrx_word' id='word_1_179' title='bbox 3753 1789 3869 1857; x_wconf 82' lang='lat' dir='ltr'><strong>epi-</strong></span> 
     </span>
    </p>
   </div>
   <div class='ocr_carea' id='block_1_15' title="bbox 626 1903 3873 1980">
    <p class='ocr_par' dir='ltr' id='par_1_15' title="bbox 626 1903 3873 1980">
     <span class='ocr_line' id='line_1_15' title="bbox 626 1903 3873 1980; baseline 0.002 -17"><span class='ocrx_word' id='word_1_180' title='bbox 626 1908 759 1964; x_wconf 79' lang='lat' dir='ltr'><strong>stola</strong></span> <span class='ocrx_word' id='word_1_181' title='bbox 779 1948 795 1973; x_wconf 97' lang='lat'><strong>,</strong></span> <span class='ocrx_word' id='word_1_182' title='bbox 823 1915 878 1963; x_wconf 91' lang='lat' dir='ltr'><strong>et</strong></span> <span class='ocrx_word' id='word_1_183' title='bbox 900 1904 1086 1962; x_wconf 85' lang='lat' dir='ltr'><strong>statim</strong></span> <span class='ocrx_word' id='word_1_184' title='bbox 1119 1903 1425 1975; x_wconf 77' lang='lat' dir='ltr'><strong>conspicies</strong></span> <span class='ocrx_word' id='word_1_185' title='bbox 1452 1913 1714 1974; x_wconf 87' lang='lat' dir='ltr'><strong>quantum</strong></span> <span class='ocrx_word' id='word_1_186' title='bbox 1742 1903 1815 1959; x_wconf 86' lang='lat' dir='ltr'><strong>sit</strong></span> <span class='ocrx_word' id='word_1_187' title='bbox 1855 1903 2000 1959; x_wconf 91' lang='lat' dir='ltr'><strong>inter</strong></span> <span class='ocrx_word' id='word_1_188' title='bbox 2033 1906 2173 1959; x_wconf 88' lang='lat' dir='ltr'><strong>hanc</strong></span> <span class='ocrx_word' id='word_1_189' title='bbox 2201 1913 2255 1959; x_wconf 93' lang='lat' dir='ltr'><strong>et</strong></span> <span class='ocrx_word' id='word_1_190' title='bbox 2292 1903 2414 1959; x_wconf 91' lang='lat' dir='ltr'><strong>illas</strong></span> <span class='ocrx_word' id='word_1_191' title='bbox 2459 1905 2777 1962; x_wconf 85' lang='lat' dir='ltr'><strong>discrimen.</strong></span> <span class='ocrx_word' id='word_1_192' title='bbox 2823 1906 2919 1964; x_wconf 80' lang='lat' dir='ltr'><strong>His</strong></span> <span class='ocrx_word' id='word_1_193' title='bbox 2953 1909 3234 1979; x_wconf 87' lang='lat' dir='ltr'><strong>perpensis</strong></span> <span class='ocrx_word' id='word_1_194' title='bbox 3275 1909 3563 1980; x_wconf 84' lang='lat' dir='ltr'><strong>epistolam</strong></span> <span class='ocrx_word' id='word_1_195' title='bbox 3594 1913 3662 1969; x_wconf 85' lang='lat' dir='ltr'><strong>ad</strong></span> <span class='ocrx_word' id='word_1_196' title='bbox 3689 1915 3873 1970; x_wconf 64' lang='lat' dir='ltr'><strong>Cassa-</strong></span> 
     </span>
    </p>
   </div>
   <div class='ocr_carea' id='block_1_16' title="bbox 625 2022 3726 2102">
    <p class='ocr_par' dir='ltr' id='par_1_16' title="bbox 625 2022 3726 2102">
     <span class='ocr_line' id='line_1_16' title="bbox 625 2022 3726 2102; baseline 0.004 -21"><span class='ocrx_word' id='word_1_197' title='bbox 625 2025 769 2082; x_wconf 89' lang='lat' dir='ltr'><strong>rium</strong></span> <span class='ocrx_word' id='word_1_198' title='bbox 796 2024 1168 2098; x_wconf 86' lang='lat' dir='ltr'><strong>Chrysostomi</strong></span> <span class='ocrx_word' id='word_1_199' title='bbox 1195 2039 1319 2083; x_wconf 88' lang='lat' dir='ltr'><strong>esse</strong></span> <span class='ocrx_word' id='word_1_200' title='bbox 1351 2039 1630 2094; x_wconf 87' lang='lat' dir='ltr'><strong>nunquam</strong></span> <span class='ocrx_word' id='word_1_201' title='bbox 1654 2022 2007 2090; x_wconf 89' lang='lat' dir='ltr'><strong>crediderim,</strong></span> <span class='ocrx_word' id='word_1_202' title='bbox 2037 2026 2130 2082; x_wconf 89' lang='lat' dir='ltr'><strong>sed</strong></span> <span class='ocrx_word' id='word_1_203' title='bbox 2160 2025 2343 2097; x_wconf 87' lang='lat' dir='ltr'><strong>potius</strong></span> <span class='ocrx_word' id='word_1_204' title='bbox 2363 2027 2671 2099; x_wconf 87' lang='lat' dir='ltr'><strong>eujuspiam</strong></span> <span class='ocrx_word' id='word_1_205' title='bbox 2708 2029 2804 2100; x_wconf 88' lang='lat' dir='ltr'><strong>qui</strong></span> <span class='ocrx_word' id='word_1_206' title='bbox 2829 2028 3282 2102; x_wconf 82' lang='lat' dir='ltr'><strong>Chrysostomum</strong></span> <span class='ocrx_word' id='word_1_207' title='bbox 3309 2035 3606 2091; x_wconf 87' lang='lat' dir='ltr'><strong>ementitus</strong></span> <span class='ocrx_word' id='word_1_208' title='bbox 3632 2037 3726 2092; x_wconf 91' lang='lat' dir='ltr'><strong>sit.</strong></span> 
     </span>
    </p>
   </div>
   <div class='ocr_carea' id='block_1_17' title="bbox 693 2167 3876 2245">
    <p class='ocr_par' dir='ltr' id='par_1_17' title="bbox 693 2167 3876 2245">
     <span class='ocr_line' id='line_1_17' title="bbox 693 2167 3876 2245; baseline 0.002 -19"><span class='ocrx_word' id='word_1_209' title='bbox 693 2170 829 2237; x_wconf 87' lang='lat' dir='ltr'><strong>Quis</strong></span> <span class='ocrx_word' id='word_1_210' title='bbox 853 2184 983 2225; x_wconf 89' lang='lat' dir='ltr'><strong>vero</strong></span> <span class='ocrx_word' id='word_1_211' title='bbox 1013 2168 1085 2226; x_wconf 89' lang='lat' dir='ltr'><strong>sit</strong></span> <span class='ocrx_word' id='word_1_212' title='bbox 1111 2168 1221 2235; x_wconf 91' lang='lat' dir='ltr'><strong>ille,</strong></span> <span class='ocrx_word' id='word_1_213' title='bbox 1245 2167 1340 2238; x_wconf 90' lang='lat' dir='ltr'><strong>qui</strong></span> <span class='ocrx_word' id='word_1_214' title='bbox 1371 2168 1510 2224; x_wconf 90' lang='lat' dir='ltr'><strong>hanc</strong></span> <span class='ocrx_word' id='word_1_215' title='bbox 1539 2167 1826 2237; x_wconf 89' lang='lat' dir='ltr'><strong>epistolam</strong></span> <span class='ocrx_word' id='word_1_216' title='bbox 1858 2167 2254 2239; x_wconf 84' lang='lat' dir='ltr'><strong>Chrysostomo</strong></span> <span class='ocrx_word' id='word_1_217' title='bbox 2283 2169 2596 2240; x_wconf 85' lang='lat' dir='ltr'><strong>adscripsit,</strong></span> <span class='ocrx_word' id='word_1_218' title='bbox 2625 2169 2890 2226; x_wconf 90' lang='lat' dir='ltr'><strong>incertum</strong></span> <span class='ocrx_word' id='word_1_219' title='bbox 2928 2171 3173 2227; x_wconf 88' lang='lat' dir='ltr'><strong>omnino.</strong></span> <span class='ocrx_word' id='word_1_220' title='bbox 3207 2172 3337 2245; x_wconf 85' lang='lat' dir='ltr'><strong>Ejus</strong></span> <span class='ocrx_word' id='word_1_221' title='bbox 3377 2181 3558 2231; x_wconf 81' lang='lat' dir='ltr'><strong>autem</strong></span> <span class='ocrx_word' id='word_1_222' title='bbox 3595 2176 3876 2233; x_wconf 76' lang='lat' dir='ltr'><strong>mittenda:</strong></span> 
     </span>
    </p>
   </div>
   <div class='ocr_carea' id='block_1_18' title="bbox 627 2286 3875 2362">
    <p class='ocr_par' dir='ltr' id='par_1_18' title="bbox 627 2286 3875 2362">
     <span class='ocr_line' id='line_1_18' title="bbox 627 2286 3875 2362; baseline 0.001 -17"><span class='ocrx_word' id='word_1_223' title='bbox 627 2289 842 2345; x_wconf 86' lang='lat' dir='ltr'><strong>occasio</strong></span> <span class='ocrx_word' id='word_1_224' title='bbox 873 2302 936 2344; x_wconf 89' lang='lat' dir='ltr'><strong>ea</strong></span> <span class='ocrx_word' id='word_1_225' title='bbox 968 2288 1091 2356; x_wconf 77' lang='lat' dir='ltr'><strong>fuit,</strong></span> <span class='ocrx_word' id='word_1_226' title='bbox 1118 2296 1212 2344; x_wconf 91' lang='lat' dir='ltr'><strong>aut</strong></span> <span class='ocrx_word' id='word_1_227' title='bbox 1237 2303 1302 2344; x_wconf 83' lang='lat' dir='ltr'><strong>ea</strong></span> <span class='ocrx_word' id='word_1_228' title='bbox 1324 2303 1450 2345; x_wconf 87' lang='lat' dir='ltr'><strong>esse</strong></span> <span class='ocrx_word' id='word_1_229' title='bbox 1476 2288 1788 2351; x_wconf 84' lang='lat' dir='ltr'><strong>simulatur,</strong></span> <span class='ocrx_word' id='word_1_230' title='bbox 1829 2301 1950 2356; x_wconf 67' lang='lat' dir='ltr'><strong>quae</strong></span> <span class='ocrx_word' id='word_1_231' title='bbox 1971 2286 2127 2343; x_wconf 91' lang='lat' dir='ltr'><strong>initio</strong></span> <span class='ocrx_word' id='word_1_232' title='bbox 2157 2287 2403 2357; x_wconf 69' lang='lat' dir='ltr'><strong>epistola</strong></span> <span class='ocrx_word' id='word_1_233' title='bbox 2443 2297 2738 2343; x_wconf 83' lang='lat' dir='ltr'><strong>narratur:</strong></span> <span class='ocrx_word' id='word_1_234' title='bbox 2788 2288 3002 2345; x_wconf 89' lang='lat' dir='ltr'><strong>oblatus</strong></span> <span class='ocrx_word' id='word_1_235' title='bbox 3052 2288 3230 2345; x_wconf 77' lang='lat' dir='ltr'><strong>fuerat</strong></span> <span class='ocrx_word' id='word_1_236' title='bbox 3267 2290 3505 2346; x_wconf 70' lang='lat' dir='ltr'><strong>Caesarie</strong></span> <span class='ocrx_word' id='word_1_237' title='bbox 3547 2291 3875 2362; x_wconf 77' lang='lat' dir='ltr'><strong>Apollinarii</strong></span> 
     </span>
    </p>
   </div>
   <div class='ocr_carea' id='block_1_19' title="bbox 627 2404 3875 2476">
    <p class='ocr_par' dir='ltr' id='par_1_19' title="bbox 627 2404 3875 2476">
     <span class='ocr_line' id='line_1_19' title="bbox 627 2404 3875 2476; baseline 0.001 -15"><span class='ocrx_word' id='word_1_238' title='bbox 627 2405 784 2474; x_wconf 86' lang='lat' dir='ltr'><strong>liber,</strong></span> <span class='ocrx_word' id='word_1_239' title='bbox 809 2421 918 2474; x_wconf 89' lang='lat' dir='ltr'><strong>quo</strong></span> <span class='ocrx_word' id='word_1_240' title='bbox 942 2405 1178 2476; x_wconf 84' lang='lat' dir='ltr'><strong>perlecto</strong></span> <span class='ocrx_word' id='word_1_241' title='bbox 1211 2420 1387 2475; x_wconf 85' lang='lat' dir='ltr'><strong>usque</strong></span> <span class='ocrx_word' id='word_1_242' title='bbox 1409 2405 1546 2460; x_wconf 90' lang='lat' dir='ltr'><strong>adeo</strong></span> <span class='ocrx_word' id='word_1_243' title='bbox 1566 2404 1688 2475; x_wconf 87' lang='lat' dir='ltr'><strong>ejus</strong></span> <span class='ocrx_word' id='word_1_244' title='bbox 1718 2404 1963 2460; x_wconf 89' lang='lat' dir='ltr'><strong>doctrina</strong></span> <span class='ocrx_word' id='word_1_245' title='bbox 1989 2413 2268 2474; x_wconf 90' lang='lat' dir='ltr'><strong>permotus</strong></span> <span class='ocrx_word' id='word_1_246' title='bbox 2287 2413 2391 2468; x_wconf 90' lang='lat' dir='ltr'><strong>est,</strong></span> <span class='ocrx_word' id='word_1_247' title='bbox 2433 2413 2492 2461; x_wconf 90' lang='lat' dir='ltr'><strong>ut</strong></span> <span class='ocrx_word' id='word_1_248' title='bbox 2513 2404 2742 2476; x_wconf 81' lang='lat' dir='ltr'><strong>gratiam</strong></span> <span class='ocrx_word' id='word_1_249' title='bbox 2773 2405 2995 2461; x_wconf 87' lang='lat' dir='ltr'><strong>haberet</strong></span> <span class='ocrx_word' id='word_1_250' title='bbox 3021 2406 3090 2463; x_wconf 91' lang='lat' dir='ltr'><strong>iis</strong></span> <span class='ocrx_word' id='word_1_251' title='bbox 3135 2406 3229 2476; x_wconf 91' lang='lat' dir='ltr'><strong>qui</strong></span> <span class='ocrx_word' id='word_1_252' title='bbox 3277 2407 3474 2461; x_wconf 90' lang='lat' dir='ltr'><strong>librum</strong></span> <span class='ocrx_word' id='word_1_253' title='bbox 3519 2408 3623 2463; x_wconf 86' lang='lat' dir='ltr'><strong>sibi</strong></span> <span class='ocrx_word' id='word_1_254' title='bbox 3661 2409 3875 2464; x_wconf 85' lang='lat' dir='ltr'><strong>obtule-</strong></span> 
     </span>
    </p>
   </div>
   <div class='ocr_carea' id='block_1_20' title="bbox 628 2509 3874 2595">
    <p class='ocr_par' dir='ltr' id='par_1_20' title="bbox 628 2509 3874 2595">
     <span class='ocr_line' id='line_1_20' title="bbox 628 2509 3874 2595; baseline 0.001 -17"><span class='ocrx_word' id='word_1_255' title='bbox 628 2533 772 2589; x_wconf 86' lang='lat' dir='ltr'><strong>rant,</strong></span> <span class='ocrx_word' id='word_1_256' title='bbox 797 2532 852 2579; x_wconf 93' lang='lat' dir='ltr'><strong>et</strong></span> <span class='ocrx_word' id='word_1_257' title='bbox 878 2522 1075 2579; x_wconf 90' lang='lat' dir='ltr'><strong>librum</strong></span> <span class='ocrx_word' id='word_1_258' title='bbox 1107 2509 1370 2595; x_wconf 86' lang='lat' dir='ltr'><strong>optimum</strong></span> <span class='ocrx_word' id='word_1_259' title='bbox 1398 2537 1520 2580; x_wconf 89' lang='lat' dir='ltr'><strong>esse</strong></span> <span class='ocrx_word' id='word_1_260' title='bbox 1541 2522 1862 2593; x_wconf 75' lang='lat' dir='ltr'><strong>pmdicaret</strong></span> <span class='ocrx_word' id='word_1_261' title='bbox 1888 2523 2052 2578; x_wconf 89' lang='lat' dir='ltr'><strong>etiam</strong></span> <span class='ocrx_word' id='word_1_262' title='bbox 2080 2522 2134 2576; x_wconf 92' lang='lat' dir='ltr'><strong>in</strong></span> <span class='ocrx_word' id='word_1_263' title='bbox 2173 2521 2399 2593; x_wconf 84' lang='lat' dir='ltr'><strong>epistola</strong></span> <span class='ocrx_word' id='word_1_264' title='bbox 2431 2521 2542 2586; x_wconf 90' lang='lat' dir='ltr'><strong>illa,</strong></span> <span class='ocrx_word' id='word_1_265' title='bbox 2593 2536 2757 2591; x_wconf 88' lang='lat' dir='ltr'><strong>quam</strong></span> <span class='ocrx_word' id='word_1_266' title='bbox 2797 2521 2867 2576; x_wconf 90' lang='lat' dir='ltr'><strong>ad</strong></span> <span class='ocrx_word' id='word_1_267' title='bbox 2908 2520 3170 2578; x_wconf 87' lang='lat' dir='ltr'><strong>Joannem</strong></span> <span class='ocrx_word' id='word_1_268' title='bbox 3224 2535 3283 2579; x_wconf 87' lang='lat' dir='ltr'><strong>se</strong></span> <span class='ocrx_word' id='word_1_269' title='bbox 3322 2523 3539 2579; x_wconf 82' lang='lat' dir='ltr'><strong>misisse</strong></span> <span class='ocrx_word' id='word_1_270' title='bbox 3587 2523 3874 2584; x_wconf 82' lang='lat' dir='ltr'><strong>conﬂuxit.</strong></span> 
     </span>
    </p>
   </div>
   <div class='ocr_carea' id='block_1_21' title="bbox 628 2642 3875 2716">
    <p class='ocr_par' dir='ltr' id='par_1_21' title="bbox 628 2642 3875 2716">
     <span class='ocr_line' id='line_1_21' title="bbox 628 2642 3875 2716; baseline -0.002 -12"><span class='ocrx_word' id='word_1_271' title='bbox 628 2647 743 2704; x_wconf 85' lang='lat' dir='ltr'><strong>Non</strong></span> <span class='ocrx_word' id='word_1_272' title='bbox 773 2647 972 2702; x_wconf 86' lang='lat' dir='ltr'><strong>desunt</strong></span> <span class='ocrx_word' id='word_1_273' title='bbox 990 2645 1092 2700; x_wconf 85' lang='lat' dir='ltr'><strong>viri</strong></span> <span class='ocrx_word' id='word_1_274' title='bbox 1120 2644 1286 2711; x_wconf 92' lang='lat' dir='ltr'><strong>docti,</strong></span> <span class='ocrx_word' id='word_1_275' title='bbox 1321 2645 1415 2716; x_wconf 90' lang='lat' dir='ltr'><strong>qui</strong></span> <span class='ocrx_word' id='word_1_276' title='bbox 1440 2653 1632 2716; x_wconf 90' lang='lat' dir='ltr'><strong>putent</strong></span> <span class='ocrx_word' id='word_1_277' title='bbox 1673 2645 1816 2700; x_wconf 90' lang='lat' dir='ltr'><strong>hanc</strong></span> <span class='ocrx_word' id='word_1_278' title='bbox 1851 2645 2134 2714; x_wconf 89' lang='lat' dir='ltr'><strong>epistolam</strong></span> <span class='ocrx_word' id='word_1_279' title='bbox 2189 2659 2297 2700; x_wconf 92' lang='lat' dir='ltr'><strong>non</strong></span> <span class='ocrx_word' id='word_1_280' title='bbox 2336 2654 2524 2700; x_wconf 89' lang='lat' dir='ltr'><strong>contra</strong></span> <span class='ocrx_word' id='word_1_281' title='bbox 2564 2645 2983 2715; x_wconf 80' lang='lat' dir='ltr'><strong>Apollinaristas</strong></span> <span class='ocrx_word' id='word_1_282' title='bbox 3024 2644 3283 2714; x_wconf 89' lang='lat' dir='ltr'><strong>scriptam</strong></span> <span class='ocrx_word' id='word_1_283' title='bbox 3324 2642 3517 2708; x_wconf 80' lang='lat' dir='ltr'><strong>fuisse.</strong></span> <span class='ocrx_word' id='word_1_284' title='bbox 3557 2645 3653 2700; x_wconf 90' lang='lat' dir='ltr'><strong>sed</strong></span> <span class='ocrx_word' id='word_1_285' title='bbox 3685 2653 3875 2701; x_wconf 89' lang='lat' dir='ltr'><strong>contra</strong></span> 
     </span>
    </p>
   </div>
   <div class='ocr_carea' id='block_1_22' title="bbox 627 2757 3875 2833">
    <p class='ocr_par' dir='ltr' id='par_1_22' title="bbox 627 2757 3875 2833">
     <span class='ocr_line' id='line_1_22' title="bbox 627 2757 3875 2833; baseline -0.001 -18"><span class='ocrx_word' id='word_1_286' title='bbox 627 2759 1021 2833; x_wconf 81' lang='lat' dir='ltr'><strong>Eutychianos,</strong></span> <span class='ocrx_word' id='word_1_287' title='bbox 1047 2773 1223 2830; x_wconf 79' lang='lat' dir='ltr'><strong>exque</strong></span> <span class='ocrx_word' id='word_1_288' title='bbox 1244 2760 1562 2831; x_wconf 88' lang='lat' dir='ltr'><strong>conjectura</strong></span> <span class='ocrx_word' id='word_1_289' title='bbox 1593 2767 1800 2814; x_wconf 90' lang='lat' dir='ltr'><strong>tantum</strong></span> <span class='ocrx_word' id='word_1_290' title='bbox 1834 2759 1922 2814; x_wconf 89' lang='lat' dir='ltr'><strong>hic</strong></span> <span class='ocrx_word' id='word_1_291' title='bbox 1945 2758 2070 2825; x_wconf 90' lang='lat' dir='ltr'><strong>dici,</strong></span> <span class='ocrx_word' id='word_1_292' title='bbox 2102 2759 2304 2814; x_wconf 89' lang='lat' dir='ltr'><strong>librum</strong></span> <span class='ocrx_word' id='word_1_293' title='bbox 2341 2758 2409 2814; x_wconf 89' lang='lat' dir='ltr'><strong>de</strong></span> <span class='ocrx_word' id='word_1_294' title='bbox 2449 2773 2557 2828; x_wconf 90' lang='lat' dir='ltr'><strong>quo</strong></span> <span class='ocrx_word' id='word_1_295' title='bbox 2595 2759 2684 2814; x_wconf 90' lang='lat' dir='ltr'><strong>hic</strong></span> <span class='ocrx_word' id='word_1_296' title='bbox 2713 2760 2891 2830; x_wconf 84' lang='lat' dir='ltr'><strong>agitur</strong></span> <span class='ocrx_word' id='word_1_297' title='bbox 2920 2759 3240 2828; x_wconf 81' lang='lat' dir='ltr'><strong>Apollinarii</strong></span> <span class='ocrx_word' id='word_1_298' title='bbox 3271 2757 3441 2815; x_wconf 83' lang='lat' dir='ltr'><strong>fuisse</strong></span> <span class='ocrx_word' id='word_1_299' title='bbox 3477 2776 3490 2812; x_wconf 93' lang='lat'>:</span> <span class='ocrx_word' id='word_1_300' title='bbox 3534 2774 3663 2813; x_wconf 90' lang='lat' dir='ltr'><strong>nam</strong></span> <span class='ocrx_word' id='word_1_301' title='bbox 3709 2759 3875 2829; x_wconf 84' lang='lat' dir='ltr'><strong>Apol-</strong></span> 
     </span>
    </p>
   </div>
   <div class='ocr_carea' id='block_1_23' title="bbox 629 2871 3878 2954">
    <p class='ocr_par' dir='ltr' id='par_1_23' title="bbox 629 2871 3878 2954">
     <span class='ocr_line' id='line_1_23' title="bbox 629 2871 3878 2954; baseline -0.002 -17"><span class='ocrx_word' id='word_1_302' title='bbox 629 2879 883 2943; x_wconf 82' lang='lat' dir='ltr'><strong>linarius,</strong></span> <span class='ocrx_word' id='word_1_303' title='bbox 930 2875 1218 2947; x_wconf 88' lang='lat' dir='ltr'><strong>inquiunt,</strong></span> <span class='ocrx_word' id='word_1_304' title='bbox 1270 2891 1551 2946; x_wconf 87' lang='lat' dir='ltr'><strong>nunquam</strong></span> <span class='ocrx_word' id='word_1_305' title='bbox 1592 2875 1835 2954; x_wconf 73' lang='lat' dir='ltr'><strong>dixitex</strong></span> <span class='ocrx_word' id='word_1_306' title='bbox 1879 2874 2090 2929; x_wconf 85' lang='lat' dir='ltr'><strong>duabus</strong></span> <span class='ocrx_word' id='word_1_307' title='bbox 2129 2873 2344 2929; x_wconf 87' lang='lat' dir='ltr'><strong>naturis</strong></span> <span class='ocrx_word' id='word_1_308' title='bbox 2385 2888 2548 2928; x_wconf 88' lang='lat' dir='ltr'><strong>unam</strong></span> <span class='ocrx_word' id='word_1_309' title='bbox 2596 2871 2790 2927; x_wconf 81' lang='lat' dir='ltr'><strong>factam</strong></span> <span class='ocrx_word' id='word_1_310' title='bbox 2825 2889 2947 2929; x_wconf 86' lang='lat' dir='ltr'><strong>esse</strong></span> <span class='ocrx_word' id='word_1_311' title='bbox 2987 2881 3239 2928; x_wconf 88' lang='lat' dir='ltr'><strong>naturam</strong></span> <span class='ocrx_word' id='word_1_312' title='bbox 3282 2880 3405 2942; x_wconf 88' lang='lat' dir='ltr'><strong>post</strong></span> <span class='ocrx_word' id='word_1_313' title='bbox 3447 2873 3774 2930; x_wconf 88' lang='lat' dir='ltr'><strong>unitionem.</strong></span> <span class='ocrx_word' id='word_1_314' title='bbox 3799 2878 3878 2930; x_wconf 79' lang='lat' dir='ltr'><strong>Ac</strong></span> 
     </span>
    </p>
   </div>
   <div class='ocr_carea' id='block_1_24' title="bbox 630 2987 3878 3059">
    <p class='ocr_par' dir='ltr' id='par_1_24' title="bbox 630 2987 3878 3059">
     <span class='ocr_line' id='line_1_24' title="bbox 630 2987 3878 3059; baseline -0.001 -10"><span class='ocrx_word' id='word_1_315' title='bbox 630 2993 766 3049; x_wconf 85' lang='lat' dir='ltr'><strong>nihil</strong></span> <span class='ocrx_word' id='word_1_316' title='bbox 795 3001 942 3049; x_wconf 85' lang='lat' dir='ltr'><strong>certe</strong></span> <span class='ocrx_word' id='word_1_317' title='bbox 968 2989 1120 3047; x_wconf 77' lang='lat' dir='ltr'><strong>dubii</strong></span> <span class='ocrx_word' id='word_1_318' title='bbox 1149 2999 1251 3056; x_wconf 90' lang='lat' dir='ltr'><strong>est,</strong></span> <span class='ocrx_word' id='word_1_319' title='bbox 1281 2990 1369 3045; x_wconf 92' lang='lat' dir='ltr'><strong>hic</strong></span> <span class='ocrx_word' id='word_1_320' title='bbox 1389 2989 1456 3044; x_wconf 91' lang='lat' dir='ltr'><strong>de</strong></span> <span class='ocrx_word' id='word_1_321' title='bbox 1490 2988 1810 3059; x_wconf 80' lang='lat' dir='ltr'><strong>Apollinarii</strong></span> <span class='ocrx_word' id='word_1_322' title='bbox 1864 2989 2003 3044; x_wconf 92' lang='lat' dir='ltr'><strong>libro</strong></span> <span class='ocrx_word' id='word_1_323' title='bbox 2035 2988 2122 3059; x_wconf 88' lang='lat' dir='ltr'><strong>agi</strong></span> <span class='ocrx_word' id='word_1_324' title='bbox 2163 2996 2219 3043; x_wconf 93' lang='lat' dir='ltr'><strong>et</strong></span> <span class='ocrx_word' id='word_1_325' title='bbox 2263 2987 2770 3056; x_wconf 85' lang='lat' dir='ltr'><strong>Apollinaristarum</strong></span> <span class='ocrx_word' id='word_1_326' title='bbox 2818 2988 3121 3042; x_wconf 87' lang='lat' dir='ltr'><strong>doctrinam</strong></span> <span class='ocrx_word' id='word_1_327' title='bbox 3163 2987 3367 3057; x_wconf 89' lang='lat' dir='ltr'><strong>impeti.</strong></span> <span class='ocrx_word' id='word_1_328' title='bbox 3399 2987 3536 3044; x_wconf 86' lang='lat' dir='ltr'><strong>Nam</strong></span> <span class='ocrx_word' id='word_1_329' title='bbox 3581 2999 3643 3046; x_wconf 90' lang='lat' dir='ltr'><strong>ut</strong></span> <span class='ocrx_word' id='word_1_330' title='bbox 3691 2994 3878 3047; x_wconf 81' lang='lat' dir='ltr'><strong>omnia</strong></span> 
     </span>
    </p>
   </div>
   <div class='ocr_carea' id='block_1_25' title="bbox 627 3101 3880 3179">
    <p class='ocr_par' dir='ltr' id='par_1_25' title="bbox 627 3101 3880 3179">
     <span class='ocr_line' id='line_1_25' title="bbox 627 3101 3880 3179; baseline -0.002 -12"><span class='ocrx_word' id='word_1_331' title='bbox 627 3106 937 3168; x_wconf 70' lang='lat' dir='ltr'><strong>minutatim</strong></span> <span class='ocrx_word' id='word_1_332' title='bbox 984 3121 1396 3179; x_wconf 87' lang='lat' dir='ltr'><strong>persequamur,</strong></span> <span class='ocrx_word' id='word_1_333' title='bbox 1444 3121 1566 3176; x_wconf 63' lang='lat' dir='ltr'><strong>qua:</strong></span> <span class='ocrx_word' id='word_1_334' title='bbox 1616 3105 1772 3159; x_wconf 89' lang='lat' dir='ltr'><strong>initio</strong></span> <span class='ocrx_word' id='word_1_335' title='bbox 1801 3104 2046 3175; x_wconf 73' lang='lat' dir='ltr'><strong>epistola:</strong></span> <span class='ocrx_word' id='word_1_336' title='bbox 2073 3103 2330 3159; x_wconf 87' lang='lat' dir='ltr'><strong>dicuntur</strong></span> <span class='ocrx_word' id='word_1_337' title='bbox 2367 3104 2421 3158; x_wconf 89' lang='lat' dir='ltr'><strong>in</strong></span> <span class='ocrx_word' id='word_1_338' title='bbox 2456 3104 2597 3159; x_wconf 91' lang='lat' dir='ltr'><strong>libro</strong></span> <span class='ocrx_word' id='word_1_339' title='bbox 2643 3102 2964 3172; x_wconf 87' lang='lat' dir='ltr'><strong>Apollinarii</strong></span> <span class='ocrx_word' id='word_1_340' title='bbox 2993 3101 3276 3174; x_wconf 70' lang='lat' dir='ltr'><strong>praedicari</strong></span> <span class='ocrx_word' id='word_1_341' title='bbox 3300 3105 3605 3177; x_wconf 79' lang='grc' dir='ltr'><strong>συνδρομὴν</strong></span> <span class='ocrx_word' id='word_1_342' title='bbox 3641 3108 3880 3179; x_wconf 75' lang='grc' dir='ltr'><strong>οὓσιὼδη</strong></span> 
     </span>
    </p>
   </div>
   <div class='ocr_carea' id='block_1_26' title="bbox 631 3219 3882 3293">
    <p class='ocr_par' dir='ltr' id='par_1_26' title="bbox 631 3219 3882 3293">
     <span class='ocr_line' id='line_1_26' title="bbox 631 3219 3882 3293; baseline -0 -15"><span class='ocrx_word' id='word_1_343' title='bbox 631 3222 725 3278; x_wconf 76' lang='grc' dir='ltr'><strong>καὶ</strong></span> <span class='ocrx_word' id='word_1_344' title='bbox 760 3221 904 3293; x_wconf 78' lang='grc' dir='ltr'><strong>μίξιν</strong></span> <span class='ocrx_word' id='word_1_345' title='bbox 933 3220 1225 3276; x_wconf 78' lang='grc' dir='ltr'><strong>θεσπισίαν</strong></span> <span class='ocrx_word' id='word_1_346' title='bbox 1252 3219 1582 3291; x_wconf 79' lang='grc' dir='ltr'><strong>γεγενῆσθαι</strong></span> <span class='ocrx_word' id='word_1_347' title='bbox 1612 3219 1863 3291; x_wconf 81' lang='grc' dir='ltr'><strong>Θεὸτητός</strong></span> <span class='ocrx_word' id='word_1_348' title='bbox 1890 3238 1951 3273; x_wconf 89' lang='grc' dir='ltr'><strong>τε</strong></span> <span class='ocrx_word' id='word_1_349' title='bbox 1985 3222 2080 3273; x_wconf 77' lang='grc' dir='ltr'>καὶ</span> <span class='ocrx_word' id='word_1_350' title='bbox 2112 3220 2336 3292; x_wconf 80' lang='grc' dir='ltr'><strong>σαρκὸς,</strong></span> <span class='ocrx_word' id='word_1_351' title='bbox 2371 3219 2497 3290; x_wconf 79' lang='grc' dir='ltr'>μίαν</span> <span class='ocrx_word' id='word_1_352' title='bbox 2526 3237 2585 3273; x_wconf 85' lang='grc' dir='ltr'>τε</span> <span class='ocrx_word' id='word_1_353' title='bbox 2632 3219 2882 3275; x_wconf 74' lang='grc' dir='ltr'><strong>ἐντεῦθεν</strong></span> <span class='ocrx_word' id='word_1_354' title='bbox 2927 3219 3356 3292; x_wconf 79' lang='grc' dir='ltr'><strong>ἀποτελεσθῆναι</strong></span> <span class='ocrx_word' id='word_1_355' title='bbox 3396 3221 3557 3292; x_wconf 82' lang='grc' dir='ltr'>φύσιν</span> <span class='ocrx_word' id='word_1_356' title='bbox 3589 3241 3604 3278; x_wconf 91' lang='lat'><strong>:</strong></span> <span class='ocrx_word' id='word_1_357' title='bbox 3646 3224 3882 3280; x_wconf 75' lang='lat' dir='ltr'><strong>Concur-</strong></span> 
     </span>
    </p>
   </div>
   <div class='ocr_carea' id='block_1_27' title="bbox 631 3337 3880 3407">
    <p class='ocr_par' dir='ltr' id='par_1_27' title="bbox 631 3337 3880 3407">
     <span class='ocr_line' id='line_1_27' title="bbox 631 3337 3880 3407; baseline -0 -10"><span class='ocrx_word' id='word_1_358' title='bbox 631 3356 748 3397; x_wconf 75' lang='lat' dir='ltr'><strong>sum</strong></span> <span class='ocrx_word' id='word_1_359' title='bbox 781 3340 1110 3397; x_wconf 75' lang='lat' dir='ltr'><strong>essentiaiem</strong></span> <span class='ocrx_word' id='word_1_360' title='bbox 1141 3349 1188 3394; x_wconf 83' lang='lat' dir='ltr'><strong>et</strong></span> <span class='ocrx_word' id='word_1_361' title='bbox 1217 3340 1516 3394; x_wconf 70' lang='lat' dir='ltr'><strong>mixtionem</strong></span> <span class='ocrx_word' id='word_1_362' title='bbox 1555 3339 1785 3392; x_wconf 82' lang='lat' dir='ltr'><strong>divinant</strong></span> <span class='ocrx_word' id='word_1_363' title='bbox 1809 3337 2006 3407; x_wconf 81' lang='lat' dir='ltr'><strong>factam</strong></span> <span class='ocrx_word' id='word_1_364' title='bbox 2027 3337 2458 3392; x_wconf 74' lang='lat' dir='ltr'><strong>esse-divinitatis</strong></span> <span class='ocrx_word' id='word_1_365' title='bbox 2487 3348 2535 3391; x_wconf 84' lang='lat' dir='ltr'><strong>et</strong></span> <span class='ocrx_word' id='word_1_366' title='bbox 2586 3339 2781 3399; x_wconf 80' lang='lat' dir='ltr'><strong>carnis,</strong></span> <span class='ocrx_word' id='word_1_367' title='bbox 2817 3348 2864 3392; x_wconf 80' lang='lat' dir='ltr'><strong>et</strong></span> <span class='ocrx_word' id='word_1_368' title='bbox 2893 3338 3013 3392; x_wconf 80' lang='lat' dir='ltr'><strong>hinc</strong></span> <span class='ocrx_word' id='word_1_369' title='bbox 3036 3354 3199 3392; x_wconf 85' lang='lat' dir='ltr'><strong>unam</strong></span> <span class='ocrx_word' id='word_1_370' title='bbox 3225 3339 3406 3407; x_wconf 80' lang='lat' dir='ltr'><strong>perﬁci</strong></span> <span class='ocrx_word' id='word_1_371' title='bbox 3441 3349 3716 3405; x_wconf 82' lang='lat' dir='ltr'><strong>naturam,</strong></span> <span class='ocrx_word' id='word_1_372' title='bbox 3744 3342 3880 3404; x_wconf 63' lang='lat' dir='ltr'><strong>haec,</strong></span> 
     </span>
    </p>
   </div>
   <div class='ocr_carea' id='block_1_28' title="bbox 633 3453 3881 3530">
    <p class='ocr_par' dir='ltr' id='par_1_28' title="bbox 633 3453 3881 3530">
     <span class='ocr_line' id='line_1_28' title="bbox 633 3453 3881 3530; baseline -0.001 -14"><span class='ocrx_word' id='word_1_373' title='bbox 633 3461 880 3530; x_wconf 87' lang='lat' dir='ltr'><strong>inquam,</strong></span> <span class='ocrx_word' id='word_1_374' title='bbox 907 3457 1180 3524; x_wconf 89' lang='lat' dir='ltr'><strong>ipsissima</strong></span> <span class='ocrx_word' id='word_1_375' title='bbox 1212 3457 1325 3512; x_wconf 81' lang='lat' dir='ltr'><strong>fere</strong></span> <span class='ocrx_word' id='word_1_376' title='bbox 1352 3456 1513 3511; x_wconf 79' lang='lat' dir='ltr'><strong>verba</strong></span> <span class='ocrx_word' id='word_1_377' title='bbox 1547 3465 1678 3512; x_wconf 89' lang='lat' dir='ltr'><strong>sunt</strong></span> <span class='ocrx_word' id='word_1_378' title='bbox 1704 3456 2047 3525; x_wconf 84' lang='lat' dir='ltr'><strong>Apollinarii,</strong></span> <span class='ocrx_word' id='word_1_379' title='bbox 2089 3455 2272 3526; x_wconf 87' lang='lat' dir='ltr'><strong>qualia</strong></span> <span class='ocrx_word' id='word_1_380' title='bbox 2301 3454 2609 3511; x_wconf 81' lang='lat' dir='ltr'><strong>referuntur</strong></span> <span class='ocrx_word' id='word_1_381' title='bbox 2640 3454 2706 3510; x_wconf 88' lang='lat' dir='ltr'><strong>ab</strong></span> <span class='ocrx_word' id='word_1_382' title='bbox 2731 3453 2982 3526; x_wconf 84' lang='lat' dir='ltr'><strong>Eulogio,</strong></span> <span class='ocrx_word' id='word_1_383' title='bbox 3015 3455 3157 3525; x_wconf 90' lang='lat' dir='ltr'><strong>apud</strong></span> <span class='ocrx_word' id='word_1_384' title='bbox 3189 3457 3443 3512; x_wconf 86' lang='lat' dir='ltr'><strong>Pbotium</strong></span> <span class='ocrx_word' id='word_1_385' title='bbox 3471 3472 3590 3528; x_wconf 89' lang='lat' dir='ltr'><strong>cap.</strong></span> <span class='ocrx_word' id='word_1_386' title='bbox 3616 3458 3881 3526; x_wconf 70' lang='lat' dir='ltr'><strong>CCXXX,</strong></span> 
     </span>
    </p>
   </div>
   <div class='ocr_carea' id='block_1_29' title="bbox 629 3578 2239 3653">
    <p class='ocr_par' dir='ltr' id='par_1_29' title="bbox 629 3578 2239 3653">
     <span class='ocr_line' id='line_1_29' title="bbox 629 3578 2239 3653; baseline -0.004 -15"><span class='ocrx_word' id='word_1_387' title='bbox 629 3596 686 3653; x_wconf 75' lang='grc' dir='ltr'><strong>ι).</strong></span> <span class='ocrx_word' id='word_1_388' title='bbox 725 3581 849 3648; x_wconf 70' lang='grc'><strong>849,</strong></span> <span class='ocrx_word' id='word_1_389' title='bbox 876 3593 1125 3652; x_wconf 82' lang='lat' dir='ltr'><strong>excerpta</strong></span> <span class='ocrx_word' id='word_1_390' title='bbox 1159 3597 1222 3636; x_wconf 80' lang='lat' dir='ltr'><strong>ex</strong></span> <span class='ocrx_word' id='word_1_391' title='bbox 1260 3582 1395 3636; x_wconf 89' lang='lat' dir='ltr'><strong>libro</strong></span> <span class='ocrx_word' id='word_1_392' title='bbox 1428 3579 1744 3653; x_wconf 77' lang='lat' dir='ltr'><strong>Apollinarii</strong></span> <span class='ocrx_word' id='word_1_393' title='bbox 1777 3579 1840 3631; x_wconf 85' lang='lat' dir='ltr'><strong>de</strong></span> <span class='ocrx_word' id='word_1_394' title='bbox 1871 3578 2239 3632; x_wconf 82' lang='lat' dir='ltr'><strong>lucamatione</strong></span> 
     </span>
    </p>
   </div>
   <div class='ocr_carea' id='block_1_30' title="bbox 2273 3578 3883 3653">
    <p class='ocr_par' dir='ltr' id='par_1_30' title="bbox 2275 3578 3883 3650">
     <span class='ocr_line' id='line_1_30' title="bbox 2275 3578 3883 3650; baseline 0.002 -18"><span class='ocrx_word' id='word_1_395' title='bbox 2275 3596 2293 3632; x_wconf 88' lang='lat'><strong>.&#39;</strong></span> <span class='ocrx_word' id='word_1_396' title='bbox 2327 3578 2372 3632; x_wconf 85' lang='grc' dir='ltr'><strong>ὢ</strong></span> <span class='ocrx_word' id='word_1_397' title='bbox 2401 3579 2560 3649; x_wconf 76' lang='grc' dir='ltr'><strong>καινὴ</strong></span> <span class='ocrx_word' id='word_1_398' title='bbox 2592 3579 2769 3643; x_wconf 77' lang='grc' dir='ltr'><strong>κτίσις</strong></span> <span class='ocrx_word' id='word_1_399' title='bbox 2790 3621 2804 3646; x_wconf 86' lang='grc'><strong><em>,</em></strong></span> <span class='ocrx_word' id='word_1_400' title='bbox 2836 3579 2931 3634; x_wconf 72' lang='grc' dir='ltr'>καὶ</span> <span class='ocrx_word' id='word_1_401' title='bbox 2964 3578 3110 3649; x_wconf 78' lang='grc' dir='ltr'><strong>μίξις</strong></span> <span class='ocrx_word' id='word_1_402' title='bbox 3139 3579 3419 3632; x_wconf 70' lang='grc' dir='ltr'><strong>θεσπεσίαο</strong></span> <span class='ocrx_word' id='word_1_403' title='bbox 3453 3579 3587 3637; x_wconf 79' lang='grc' dir='ltr'><strong>Θεὸς</strong></span> <span class='ocrx_word' id='word_1_404' title='bbox 3615 3581 3711 3633; x_wconf 78' lang='grc' dir='ltr'>καὶ</span> <span class='ocrx_word' id='word_1_405' title='bbox 3745 3581 3883 3650; x_wconf 77' lang='grc' dir='ltr'>σὰρξ</span> 
     </span>
    </p>
   </div>
   <div class='ocr_carea' id='block_1_31' title="bbox 634 3693 2244 3771">
    <p class='ocr_par' dir='ltr' id='par_1_31' title="bbox 634 3695 2244 3771">
     <span class='ocr_line' id='line_1_31' title="bbox 634 3695 2244 3771; baseline 0.001 -22"><span class='ocrx_word' id='word_1_406' title='bbox 634 3695 762 3770; x_wconf 77' lang='grc' dir='ltr'>μίαν</span> <span class='ocrx_word' id='word_1_407' title='bbox 790 3696 1121 3754; x_wconf 76' lang='grc' dir='ltr'><strong>ἀπετέλεσαν</strong></span> <span class='ocrx_word' id='word_1_408' title='bbox 1150 3700 1310 3771; x_wconf 86' lang='grc' dir='ltr'>φύσιν</span> <span class='ocrx_word' id='word_1_409' title='bbox 1343 3716 1357 3752; x_wconf 88' lang='lat'><strong>:</strong></span> <span class='ocrx_word' id='word_1_410' title='bbox 1397 3700 1442 3755; x_wconf 87' lang='lat'><em>0</em></span> <span class='ocrx_word' id='word_1_411' title='bbox 1471 3717 1602 3754; x_wconf 83' lang='lat' dir='ltr'><strong>nova</strong></span> <span class='ocrx_word' id='word_1_412' title='bbox 1635 3709 1876 3754; x_wconf 78' lang='lat' dir='ltr'><strong>creatura</strong></span> <span class='ocrx_word' id='word_1_413' title='bbox 1904 3709 1951 3753; x_wconf 90' lang='lat' dir='ltr'><strong>et</strong></span> <span class='ocrx_word' id='word_1_414' title='bbox 1982 3701 2163 3753; x_wconf 83' lang='lat' dir='ltr'><strong>divina</strong></span> <span class='ocrx_word' id='word_1_415' title='bbox 2201 3715 2244 3750; x_wconf 90' lang='lat' dir='ltr'><strong>m</strong></span> 
     </span>
    </p>
   </div>
   <div class='ocr_carea' id='block_1_32' title="bbox 2271 3693 3881 3771">
    <p class='ocr_par' dir='ltr' id='par_1_32' title="bbox 2271 3693 3881 3765">
     <span class='ocr_line' id='line_1_32' title="bbox 2271 3693 3881 3765; baseline 0.001 -15"><span class='ocrx_word' id='word_1_416' title='bbox 2271 3696 2426 3750; x_wconf 61' lang='lat' dir='ltr'><strong>uitio!</strong></span> <span class='ocrx_word' id='word_1_417' title='bbox 2460 3693 2600 3752; x_wconf 81' lang='lat' dir='ltr'><strong>Deus</strong></span> <span class='ocrx_word' id='word_1_418' title='bbox 2631 3704 2825 3752; x_wconf 82' lang='lat' dir='ltr'><strong>etoaro</strong></span> <span class='ocrx_word' id='word_1_419' title='bbox 2871 3712 3027 3752; x_wconf 77' lang='lat' dir='ltr'><strong>unam</strong></span> <span class='ocrx_word' id='word_1_420' title='bbox 3075 3695 3351 3764; x_wconf 78' lang='lat' dir='ltr'><strong>perﬁciunt</strong></span> <span class='ocrx_word' id='word_1_421' title='bbox 3398 3704 3666 3750; x_wconf 86' lang='lat' dir='ltr'><strong>naturam.</strong></span> <span class='ocrx_word' id='word_1_422' title='bbox 3721 3697 3881 3765; x_wconf 86' lang='lat' dir='ltr'><strong>Quod</strong></span> 
     </span>
    </p>
   </div>
   <div class='ocr_carea' id='block_1_33' title="bbox 635 3794 3885 3889">
    <p class='ocr_par' dir='ltr' id='par_1_33' title="bbox 635 3794 3885 3889">
     <span class='ocr_line' id='line_1_33' title="bbox 635 3794 3885 3889; baseline 0.002 -22"><span class='ocrx_word' id='word_1_423' title='bbox 635 3815 810 3884; x_wconf 89' lang='lat' dir='ltr'><strong>ipsum</strong></span> <span class='ocrx_word' id='word_1_424' title='bbox 840 3813 1003 3869; x_wconf 82' lang='lat' dir='ltr'><strong>refert</strong></span> <span class='ocrx_word' id='word_1_425' title='bbox 1038 3814 1374 3883; x_wconf 65' lang='lat' dir='ltr'><strong>Ephraamius</strong></span> <span class='ocrx_word' id='word_1_426' title='bbox 1401 3814 1774 3870; x_wconf 86' lang='lat' dir='ltr'><strong>Antiochentts</strong></span> <span class='ocrx_word' id='word_1_427' title='bbox 1805 3794 1856 3867; x_wconf 68' lang='lat' dir='ltr'><strong>in</strong></span> <span class='ocrx_word' id='word_1_428' title='bbox 1889 3812 2147 3867; x_wconf 86' lang='lat' dir='ltr'><strong>Biblioth.</strong></span> <span class='ocrx_word' id='word_1_429' title='bbox 2181 3811 2356 3866; x_wconf 86' lang='lat' dir='ltr'><strong>Photii</strong></span> <span class='ocrx_word' id='word_1_430' title='bbox 2386 3828 2505 3882; x_wconf 78' lang='lat' dir='ltr'><strong>cap.</strong></span> <span class='ocrx_word' id='word_1_431' title='bbox 2542 3812 2824 3879; x_wconf 76' lang='lat' dir='ltr'><strong>CCXXIX,</strong></span> <span class='ocrx_word' id='word_1_432' title='bbox 2858 3830 2912 3884; x_wconf 92' lang='lat' dir='ltr'><strong>p.</strong></span> <span class='ocrx_word' id='word_1_433' title='bbox 2949 3815 3070 3869; x_wconf 88' lang='lat'><strong>787.</strong></span> <span class='ocrx_word' id='word_1_434' title='bbox 3107 3809 3225 3870; x_wconf 77' lang='lat' dir='ltr'><strong>Jam</strong></span> <span class='ocrx_word' id='word_1_435' title='bbox 3279 3813 3405 3888; x_wconf 73' lang='lat' dir='ltr'><strong>quis</strong></span> <span class='ocrx_word' id='word_1_436' title='bbox 3456 3821 3614 3889; x_wconf 73' lang='lat' dir='ltr'><strong>neget</strong></span> <span class='ocrx_word' id='word_1_437' title='bbox 3661 3813 3716 3870; x_wconf 85' lang='lat' dir='ltr'><strong>in</strong></span> <span class='ocrx_word' id='word_1_438' title='bbox 3766 3813 3885 3874; x_wconf 78' lang='lat' dir='ltr'><strong>eoi-</strong></span> 
     </span>
    </p>
   </div>
   <div class='ocr_carea' id='block_1_34' title="bbox 635 3927 3875 4006">
    <p class='ocr_par' dir='ltr' id='par_1_34' title="bbox 635 3927 3875 4006">
     <span class='ocr_line' id='line_1_34' title="bbox 635 3927 3875 4006; baseline 0.002 -20"><span class='ocrx_word' id='word_1_439' title='bbox 635 3931 772 3987; x_wconf 86' lang='lat' dir='ltr'><strong>stola</strong></span> <span class='ocrx_word' id='word_1_440' title='bbox 801 3929 1018 3984; x_wconf 80' lang='lat' dir='ltr'><strong>Caesarii</strong></span> <span class='ocrx_word' id='word_1_441' title='bbox 1053 3930 1119 3984; x_wconf 85' lang='lat' dir='ltr'><strong>de</strong></span> <span class='ocrx_word' id='word_1_442' title='bbox 1152 3928 1253 3984; x_wconf 90' lang='lat' dir='ltr'><strong>hoc</strong></span> <span class='ocrx_word' id='word_1_443' title='bbox 1285 3929 1603 3999; x_wconf 86' lang='lat' dir='ltr'><strong>Apollinarii</strong></span> <span class='ocrx_word' id='word_1_444' title='bbox 1639 3929 1780 3983; x_wconf 91' lang='lat' dir='ltr'><strong>libro</strong></span> <span class='ocrx_word' id='word_1_445' title='bbox 1817 3928 1948 3996; x_wconf 86' lang='lat' dir='ltr'><strong>agi?</strong></span> <span class='ocrx_word' id='word_1_446' title='bbox 1976 3927 2182 3982; x_wconf 65' lang='lat' dir='ltr'><strong>Caetera</strong></span> <span class='ocrx_word' id='word_1_447' title='bbox 2209 3941 2427 3997; x_wconf 90' lang='lat' dir='ltr'><strong>quoque</strong></span> <span class='ocrx_word' id='word_1_448' title='bbox 2455 3927 2631 3998; x_wconf 88' lang='lat' dir='ltr'><strong>capita</strong></span> <span class='ocrx_word' id='word_1_449' title='bbox 2664 3944 3050 3989; x_wconf 83' lang='lat' dir='ltr'><strong>recenseamus</strong></span> <span class='ocrx_word' id='word_1_450' title='bbox 3079 3951 3092 3985; x_wconf 88' lang='lat'>:</span> <span class='ocrx_word' id='word_1_451' title='bbox 3142 3935 3442 3989; x_wconf 90' lang='lat' dir='ltr'><strong>secundum</strong></span> <span class='ocrx_word' id='word_1_452' title='bbox 3473 3935 3875 4006; x_wconf 81' lang='lat' dir='ltr'><strong>Apollinarium</strong></span> 
     </span>
    </p>
   </div>
   <div class='ocr_carea' id='block_1_35' title="bbox 634 4048 3876 4119">
    <p class='ocr_par' dir='ltr' id='par_1_35' title="bbox 634 4048 3876 4119">
     <span class='ocr_line' id='line_1_35' title="bbox 634 4048 3876 4119; baseline 0.004 -14"><span class='ocrx_word' id='word_1_453' title='bbox 634 4060 688 4105; x_wconf 88' lang='lat' dir='ltr'><strong>et</strong></span> <span class='ocrx_word' id='word_1_454' title='bbox 718 4049 1151 4119; x_wconf 87' lang='lat' dir='ltr'><strong>Apollinaristas,</strong></span> <span class='ocrx_word' id='word_1_455' title='bbox 1185 4059 1242 4102; x_wconf 94' lang='lat' dir='ltr'><strong>ut</strong></span> <span class='ocrx_word' id='word_1_456' title='bbox 1271 4048 1323 4102; x_wconf 93' lang='lat' dir='ltr'><strong>in</strong></span> <span class='ocrx_word' id='word_1_457' title='bbox 1361 4049 1460 4103; x_wconf 90' lang='lat' dir='ltr'><strong>hac</strong></span> <span class='ocrx_word' id='word_1_458' title='bbox 1487 4049 1716 4104; x_wconf 88' lang='lat' dir='ltr'><strong>eoistola</strong></span> <span class='ocrx_word' id='word_1_459' title='bbox 1744 4048 1941 4102; x_wconf 88' lang='lat' dir='ltr'><strong>dicitur</strong></span> <span class='ocrx_word' id='word_1_460' title='bbox 1973 4065 1986 4100; x_wconf 93' lang='lat'><strong>:</strong></span> <span class='ocrx_word' id='word_1_461' title='bbox 2011 4058 2126 4116; x_wconf 78' lang='lat' dir='ltr'><strong>post</strong></span> <span class='ocrx_word' id='word_1_462' title='bbox 2168 4048 2456 4102; x_wconf 84' lang='lat' dir='ltr'><strong>unitionem</strong></span> <span class='ocrx_word' id='word_1_463' title='bbox 2486 4063 2589 4103; x_wconf 86' lang='lat' dir='ltr'><strong>non</strong></span> <span class='ocrx_word' id='word_1_464' title='bbox 2619 4050 2889 4118; x_wconf 78' lang='lat' dir='ltr'><strong>Oportebat</strong></span> <span class='ocrx_word' id='word_1_465' title='bbox 2918 4051 3090 4108; x_wconf 73' lang='lat' dir='ltr'><strong>dicere</strong></span> <span class='ocrx_word' id='word_1_466' title='bbox 3134 4065 3356 4110; x_wconf 75' lang='lat' dir='ltr'><strong>naturas</strong></span> <span class='ocrx_word' id='word_1_467' title='bbox 3404 4058 3560 4111; x_wconf 79' lang='lat' dir='ltr'><strong>duas.</strong></span> <span class='ocrx_word' id='word_1_468' title='bbox 3611 4059 3876 4118; x_wconf 89' lang='lat' dir='ltr'><strong>Dicebant</strong></span> 
     </span>
    </p>
   </div>
   <div class='ocr_carea' id='block_1_36' title="bbox 634 4164 3875 4249">
    <p class='ocr_par' dir='ltr' id='par_1_36' title="bbox 634 4164 3875 4238">
     <span class='ocr_line' id='line_1_36' title="bbox 634 4164 3875 4238; baseline 0.005 -20"><span class='ocrx_word' id='word_1_469' title='bbox 634 4165 793 4218; x_wconf 82' lang='lat' dir='ltr'><strong>etiam</strong></span> <span class='ocrx_word' id='word_1_470' title='bbox 827 4164 1243 4234; x_wconf 84' lang='lat' dir='ltr'><strong>Apollinaristae,</strong></span> <span class='ocrx_word' id='word_1_471' title='bbox 1280 4183 1300 4216; x_wconf 70' lang='grc' dir='ltr'><strong>ε</strong></span> <span class='ocrx_word' id='word_1_472' title='bbox 1339 4165 1679 4220; x_wconf 88' lang='lat' dir='ltr'><strong>Dominicum</strong></span> <span class='ocrx_word' id='word_1_473' title='bbox 1726 4181 1922 4235; x_wconf 88' lang='lat' dir='ltr'><strong>corpus</strong></span> <span class='ocrx_word' id='word_1_474' title='bbox 1973 4181 2078 4220; x_wconf 89' lang='lat' dir='ltr'><strong>non</strong></span> <span class='ocrx_word' id='word_1_475' title='bbox 2125 4181 2246 4223; x_wconf 87' lang='lat' dir='ltr'><strong>esse</strong></span> <span class='ocrx_word' id='word_1_476' title='bbox 2298 4181 2486 4221; x_wconf 87' lang='lat' dir='ltr'><strong>verum</strong></span> <span class='ocrx_word' id='word_1_477' title='bbox 2537 4181 2758 4238; x_wconf 88' lang='lat' dir='ltr'><strong>corpus,</strong></span> <span class='ocrx_word' id='word_1_478' title='bbox 2801 4169 2930 4238; x_wconf 88' lang='lat' dir='ltr'><strong>quia</strong></span> <span class='ocrx_word' id='word_1_479' title='bbox 2973 4184 3299 4226; x_wconf 83' lang='lat' dir='ltr'><strong>conversum</strong></span> <span class='ocrx_word' id='word_1_480' title='bbox 3344 4174 3538 4228; x_wconf 84' lang='lat' dir='ltr'><strong>eratin</strong></span> <span class='ocrx_word' id='word_1_481' title='bbox 3572 4175 3875 4233; x_wconf 85' lang='lat' dir='ltr'><strong>deitatem:</strong></span> 
     </span>
    </p>
   </div>
   <div class='ocr_carea' id='block_1_37' title="bbox 634 4279 3877 4362">
    <p class='ocr_par' dir='ltr' id='par_1_37' title="bbox 634 4279 3877 4362">
     <span class='ocr_line' id='line_1_37' title="bbox 634 4279 3877 4362; baseline 0.006 -30"><span class='ocrx_word' id='word_1_482' title='bbox 634 4279 945 4341; x_wconf 80' lang='lat' dir='ltr'><strong>Passionem</strong></span> <span class='ocrx_word' id='word_1_483' title='bbox 981 4283 1249 4337; x_wconf 78' lang='lat' dir='ltr'><strong>divinitati</strong></span> <span class='ocrx_word' id='word_1_484' title='bbox 1302 4284 1702 4351; x_wconf 74' lang='lat' dir='ltr'><strong>exeogilabant.</strong></span> <span class='ocrx_word' id='word_1_485' title='bbox 1756 4305 1772 4336; x_wconf 73' lang='grc' dir='ltr'><strong><em>ι</em></strong></span> <span class='ocrx_word' id='word_1_486' title='bbox 1818 4285 2078 4341; x_wconf 85' lang='lat' dir='ltr'><strong>Dicebant</strong></span> <span class='ocrx_word' id='word_1_487' title='bbox 2127 4300 2377 4355; x_wconf 86' lang='lat' dir='ltr'><strong>quoque,</strong></span> <span class='ocrx_word' id='word_1_488' title='bbox 2411 4304 2430 4336; x_wconf 71' lang='grc' dir='ltr'>α</span> <span class='ocrx_word' id='word_1_489' title='bbox 2469 4285 2757 4340; x_wconf 90' lang='lat' dir='ltr'><strong>Dominum</strong></span> <span class='ocrx_word' id='word_1_490' title='bbox 2803 4285 2985 4343; x_wconf 84' lang='lat' dir='ltr'><strong>Jesum</strong></span> <span class='ocrx_word' id='word_1_491' title='bbox 3024 4302 3187 4344; x_wconf 91' lang='lat' dir='ltr'><strong>carne</strong></span> <span class='ocrx_word' id='word_1_492' title='bbox 3235 4302 3420 4346; x_wconf 85' lang='lat' dir='ltr'><strong>nostra</strong></span> <span class='ocrx_word' id='word_1_493' title='bbox 3459 4293 3744 4362; x_wconf 88' lang='lat' dir='ltr'><strong>amictum,</strong></span> <span class='ocrx_word' id='word_1_494' title='bbox 3781 4297 3877 4351; x_wconf 86' lang='lat' dir='ltr'><strong>sed</strong></span> 
     </span>
    </p>
   </div>
   <div class='ocr_carea' id='block_1_38' title="bbox 639 4391 3875 4475">
    <p class='ocr_par' dir='ltr' id='par_1_38' title="bbox 639 4391 3875 4475">
     <span class='ocr_line' id='line_1_38' title="bbox 639 4391 3875 4475; baseline 0.006 -31"><span class='ocrx_word' id='word_1_495' title='bbox 639 4391 951 4445; x_wconf 87' lang='lat' dir='ltr'><strong>inanimata.</strong></span> <span class='ocrx_word' id='word_1_496' title='bbox 992 4412 1009 4442; x_wconf 75' lang='grc' dir='ltr'><strong><em>ι</em></strong></span> <span class='ocrx_word' id='word_1_497' title='bbox 1043 4395 1107 4448; x_wconf 83' lang='lat' dir='ltr'><strong>lli</strong></span> <span class='ocrx_word' id='word_1_498' title='bbox 1140 4405 1294 4448; x_wconf 84' lang='lat' dir='ltr'><strong>erant</strong></span> <span class='ocrx_word' id='word_1_499' title='bbox 1329 4396 1644 4463; x_wconf 78' lang='lat' dir='ltr'><strong>Apollinum</strong></span> <span class='ocrx_word' id='word_1_500' title='bbox 1680 4404 1734 4450; x_wconf 90' lang='lat' dir='ltr'><strong>ct</strong></span> <span class='ocrx_word' id='word_1_501' title='bbox 1766 4396 2299 4475; x_wconf 74' lang='lat' dir='ltr'><strong>Apollinaristarqm,</strong></span> <span class='ocrx_word' id='word_1_502' title='bbox 2343 4398 2436 4466; x_wconf 90' lang='lat' dir='ltr'><strong>qui</strong></span> <span class='ocrx_word' id='word_1_503' title='bbox 2469 4395 2800 4468; x_wconf 76' lang='lat' dir='ltr'><strong>Synnsiasta:</strong></span> <span class='ocrx_word' id='word_1_504' title='bbox 2848 4401 3203 4468; x_wconf 82' lang='lat' dir='ltr'><strong>vocabantur,</strong></span> <span class='ocrx_word' id='word_1_505' title='bbox 3252 4418 3506 4471; x_wconf 85' lang='lat' dir='ltr'><strong>errores;</strong></span> <span class='ocrx_word' id='word_1_506' title='bbox 3557 4406 3594 4460; x_wconf 88' lang='lat' dir='ltr'><strong>ii</strong></span> <span class='ocrx_word' id='word_1_507' title='bbox 3643 4423 3777 4463; x_wconf 81' lang='lat' dir='ltr'><strong>vero</strong></span> <span class='ocrx_word' id='word_1_508' title='bbox 3811 4425 3875 4465; x_wconf 81' lang='lat' dir='ltr'><strong>ex</strong></span> 
     </span>
    </p>
   </div>
   <div class='ocr_carea' id='block_1_39' title="bbox 637 4518 3878 4591">
    <p class='ocr_par' dir='ltr' id='par_1_39' title="bbox 637 4518 3878 4591">
     <span class='ocr_line' id='line_1_39' title="bbox 637 4518 3878 4591; baseline 0.003 -19"><span class='ocrx_word' id='word_1_509' title='bbox 637 4535 797 4586; x_wconf 85' lang='lat' dir='ltr'><strong>supra</strong></span> <span class='ocrx_word' id='word_1_510' title='bbox 830 4519 991 4572; x_wconf 87' lang='lat' dir='ltr'><strong>allato</strong></span> <span class='ocrx_word' id='word_1_511' title='bbox 1023 4519 1334 4586; x_wconf 74' lang='lat' dir='ltr'><strong>Apollinarii</strong></span> <span class='ocrx_word' id='word_1_512' title='bbox 1368 4520 1487 4572; x_wconf 85' lang='lat' dir='ltr'><strong>loco</strong></span> <span class='ocrx_word' id='word_1_513' title='bbox 1521 4519 1994 4587; x_wconf 85' lang='lat' dir='ltr'><strong>consequebantur</strong></span> <span class='ocrx_word' id='word_1_514' title='bbox 2025 4536 2038 4570; x_wconf 92' lang='lat'>:</span> <span class='ocrx_word' id='word_1_515' title='bbox 2073 4532 2196 4572; x_wconf 88' lang='lat' dir='ltr'><strong>nam</strong></span> <span class='ocrx_word' id='word_1_516' title='bbox 2229 4518 2357 4587; x_wconf 87' lang='lat' dir='ltr'><strong>quia</strong></span> <span class='ocrx_word' id='word_1_517' title='bbox 2385 4519 2682 4573; x_wconf 90' lang='lat' dir='ltr'><strong>secundum</strong></span> <span class='ocrx_word' id='word_1_518' title='bbox 2711 4520 3106 4588; x_wconf 82' lang='lat' dir='ltr'><strong>Apollinarium</strong></span> <span class='ocrx_word' id='word_1_519' title='bbox 3136 4538 3230 4591; x_wconf 90' lang='lat' dir='ltr'><strong>per</strong></span> <span class='ocrx_word' id='word_1_520' title='bbox 3255 4527 3699 4582; x_wconf 78' lang='lat' dir='ltr'><strong>commixtionem</strong></span> <span class='ocrx_word' id='word_1_521' title='bbox 3736 4530 3878 4584; x_wconf 81' lang='lat' dir='ltr'><strong>divi-</strong></span> 
     </span>
    </p>
   </div>
   <div class='ocr_carea' id='block_1_40' title="bbox 640 4631 3880 4709">
    <p class='ocr_par' dir='ltr' id='par_1_40' title="bbox 640 4631 3880 4709">
     <span class='ocr_line' id='line_1_40' title="bbox 640 4631 3880 4709; baseline 0.006 -26"><span class='ocrx_word' id='word_1_522' title='bbox 640 4645 763 4685; x_wconf 89' lang='lat' dir='ltr'><strong>nam</strong></span> <span class='ocrx_word' id='word_1_523' title='bbox 797 4631 936 4686; x_wconf 81' lang='lat' dir='ltr'><strong>Deus</strong></span> <span class='ocrx_word' id='word_1_524' title='bbox 967 4642 1019 4686; x_wconf 88' lang='lat' dir='ltr'><strong>et</strong></span> <span class='ocrx_word' id='word_1_525' title='bbox 1052 4647 1180 4686; x_wconf 85' lang='lat' dir='ltr'><strong>caro</strong></span> <span class='ocrx_word' id='word_1_526' title='bbox 1215 4649 1377 4686; x_wconf 87' lang='lat' dir='ltr'><strong>uuam</strong></span> <span class='ocrx_word' id='word_1_527' title='bbox 1416 4634 1764 4700; x_wconf 83' lang='lat' dir='ltr'><strong>perﬁciebant</strong></span> <span class='ocrx_word' id='word_1_528' title='bbox 1791 4644 2065 4697; x_wconf 88' lang='lat' dir='ltr'><strong>naturam,</strong></span> <span class='ocrx_word' id='word_1_529' title='bbox 2104 4633 2231 4687; x_wconf 89' lang='lat' dir='ltr'><strong>hinc</strong></span> <span class='ocrx_word' id='word_1_530' title='bbox 2264 4633 2595 4702; x_wconf 82' lang='lat' dir='ltr'><strong>sequebatur</strong></span> <span class='ocrx_word' id='word_1_531' title='bbox 2626 4643 2746 4703; x_wconf 88' lang='lat' dir='ltr'><strong>post</strong></span> <span class='ocrx_word' id='word_1_532' title='bbox 2777 4635 3076 4692; x_wconf 90' lang='lat' dir='ltr'><strong>unitionem</strong></span> <span class='ocrx_word' id='word_1_533' title='bbox 3111 4655 3216 4693; x_wconf 91' lang='lat' dir='ltr'><strong>non</strong></span> <span class='ocrx_word' id='word_1_534' title='bbox 3252 4649 3501 4709; x_wconf 82' lang='lat' dir='ltr'><strong>oportere</strong></span> <span class='ocrx_word' id='word_1_535' title='bbox 3531 4642 3673 4701; x_wconf 87' lang='lat' dir='ltr'><strong>duas</strong></span> <span class='ocrx_word' id='word_1_536' title='bbox 3697 4646 3880 4702; x_wconf 85' lang='lat' dir='ltr'><strong>dicere</strong></span> 
     </span>
    </p>
   </div>
   <div class='ocr_carea' id='block_1_41' title="bbox 638 4749 3879 4832">
    <p class='ocr_par' dir='ltr' id='par_1_41' title="bbox 638 4749 3879 4832">
     <span class='ocr_line' id='line_1_41' title="bbox 638 4749 3879 4832; baseline 0.005 -30"><span class='ocrx_word' id='word_1_537' title='bbox 638 4755 900 4814; x_wconf 82' lang='lat' dir='ltr'><strong>naturas;</strong></span> <span class='ocrx_word' id='word_1_538' title='bbox 939 4749 1176 4803; x_wconf 82' lang='lat' dir='ltr'><strong>divinum</strong></span> <span class='ocrx_word' id='word_1_539' title='bbox 1207 4765 1406 4818; x_wconf 86' lang='lat' dir='ltr'><strong>corpus</strong></span> <span class='ocrx_word' id='word_1_540' title='bbox 1437 4764 1545 4802; x_wconf 86' lang='lat' dir='ltr'><strong>non</strong></span> <span class='ocrx_word' id='word_1_541' title='bbox 1580 4764 1700 4804; x_wconf 89' lang='lat' dir='ltr'><strong>esse</strong></span> <span class='ocrx_word' id='word_1_542' title='bbox 1731 4764 1918 4803; x_wconf 85' lang='lat' dir='ltr'><strong>verum</strong></span> <span class='ocrx_word' id='word_1_543' title='bbox 1955 4764 2174 4819; x_wconf 87' lang='lat' dir='ltr'><strong>corpus,</strong></span> <span class='ocrx_word' id='word_1_544' title='bbox 2210 4749 2337 4819; x_wconf 88' lang='lat' dir='ltr'><strong>quia</strong></span> <span class='ocrx_word' id='word_1_545' title='bbox 2359 4765 2680 4806; x_wconf 84' lang='lat' dir='ltr'><strong>conversum</strong></span> <span class='ocrx_word' id='word_1_546' title='bbox 2710 4761 2825 4806; x_wconf 88' lang='lat' dir='ltr'><strong>erat</strong></span> <span class='ocrx_word' id='word_1_547' title='bbox 2854 4753 2903 4806; x_wconf 89' lang='lat' dir='ltr'><strong>in</strong></span> <span class='ocrx_word' id='word_1_548' title='bbox 2954 4753 3204 4810; x_wconf 89' lang='lat' dir='ltr'><strong>deitatem</strong></span> <span class='ocrx_word' id='word_1_549' title='bbox 3233 4775 3246 4822; x_wconf 92' lang='lat'><strong>;</strong></span> <span class='ocrx_word' id='word_1_550' title='bbox 3281 4758 3518 4813; x_wconf 74' lang='lat' dir='ltr'><strong>divinam</strong></span> <span class='ocrx_word' id='word_1_551' title='bbox 3567 4763 3742 4832; x_wconf 89' lang='lat' dir='ltr'><strong>ipsam</strong></span> <span class='ocrx_word' id='word_1_552' title='bbox 3779 4782 3879 4820; x_wconf 90' lang='lat' dir='ltr'><strong>na-</strong></span> 
     </span>
    </p>
   </div>
   <div class='ocr_carea' id='block_1_42' title="bbox 636 4864 3879 4949">
    <p class='ocr_par' dir='ltr' id='par_1_42' title="bbox 636 4864 3879 4949">
     <span class='ocr_line' id='line_1_42' title="bbox 636 4864 3879 4949; baseline 0.006 -31"><span class='ocrx_word' id='word_1_553' title='bbox 636 4877 814 4920; x_wconf 88' lang='lat' dir='ltr'><strong>turam</strong></span> <span class='ocrx_word' id='word_1_554' title='bbox 848 4880 940 4918; x_wconf 90' lang='lat' dir='ltr'><strong>seu</strong></span> <span class='ocrx_word' id='word_1_555' title='bbox 975 4864 1309 4920; x_wconf 85' lang='lat' dir='ltr'><strong>divinitatem</strong></span> <span class='ocrx_word' id='word_1_556' title='bbox 1343 4865 1582 4934; x_wconf 88' lang='lat' dir='ltr'><strong>passioni</strong></span> <span class='ocrx_word' id='word_1_557' title='bbox 1615 4879 1736 4920; x_wconf 88' lang='lat' dir='ltr'><strong>esse</strong></span> <span class='ocrx_word' id='word_1_558' title='bbox 1769 4865 2057 4919; x_wconf 85' lang='lat' dir='ltr'><strong>obnoxiam</strong></span> <span class='ocrx_word' id='word_1_559' title='bbox 2085 4883 2100 4928; x_wconf 87' lang='lat'><strong>;</strong></span> <span class='ocrx_word' id='word_1_560' title='bbox 2131 4880 2349 4919; x_wconf 87' lang='lat' dir='ltr'><strong>carnem</strong></span> <span class='ocrx_word' id='word_1_561' title='bbox 2384 4864 2584 4920; x_wconf 87' lang='lat' dir='ltr'><strong>Christi</strong></span> <span class='ocrx_word' id='word_1_562' title='bbox 2618 4867 2797 4921; x_wconf 88' lang='lat' dir='ltr'><strong>anima</strong></span> <span class='ocrx_word' id='word_1_563' title='bbox 2827 4883 2947 4924; x_wconf 88' lang='lat' dir='ltr'><strong>esse</strong></span> <span class='ocrx_word' id='word_1_564' title='bbox 2979 4870 3216 4927; x_wconf 86' lang='lat' dir='ltr'><strong>humana</strong></span> <span class='ocrx_word' id='word_1_565' title='bbox 3260 4889 3511 4944; x_wconf 83' lang='lat' dir='ltr'><strong>vacuam,</strong></span> <span class='ocrx_word' id='word_1_566' title='bbox 3549 4879 3680 4949; x_wconf 87' lang='lat' dir='ltr'><strong>quia</strong></span> <span class='ocrx_word' id='word_1_567' title='bbox 3733 4879 3879 4938; x_wconf 85' lang='lat' dir='ltr'><strong>Deus</strong></span> 
     </span>
    </p>
   </div>
   <div class='ocr_carea' id='block_1_43' title="bbox 635 4980 1716 5050">
    <p class='ocr_par' dir='ltr' id='par_1_43' title="bbox 635 4980 1716 5050">
     <span class='ocr_line' id='line_1_43' title="bbox 635 4980 1716 5050; baseline 0.001 -18"><span class='ocrx_word' id='word_1_568' title='bbox 635 4987 688 5032; x_wconf 83' lang='lat' dir='ltr'><strong>et</strong></span> <span class='ocrx_word' id='word_1_569' title='bbox 717 4996 844 5036; x_wconf 87' lang='lat' dir='ltr'><strong>caro</strong></span> <span class='ocrx_word' id='word_1_570' title='bbox 873 4995 1035 5034; x_wconf 90' lang='lat' dir='ltr'><strong>unam</strong></span> <span class='ocrx_word' id='word_1_571' title='bbox 1067 4980 1414 5050; x_wconf 88' lang='lat' dir='ltr'><strong>perliciebant</strong></span> <span class='ocrx_word' id='word_1_572' title='bbox 1444 4989 1716 5035; x_wconf 84' lang='lat' dir='ltr'><strong>naturam.</strong></span> 
     </span>
    </p>
   </div>
   <div class='ocr_carea' id='block_1_44' title="bbox 706 5112 3883 5190">
    <p class='ocr_par' dir='ltr' id='par_1_44' title="bbox 706 5112 3883 5190">
     <span class='ocr_line' id='line_1_44' title="bbox 706 5112 3883 5190; baseline 0.005 -24"><span class='ocrx_word' id='word_1_573' title='bbox 706 5112 819 5167; x_wconf 79' lang='lat' dir='ltr'><strong>llos</strong></span> <span class='ocrx_word' id='word_1_574' title='bbox 844 5115 1006 5167; x_wconf 89' lang='lat' dir='ltr'><strong>etiam</strong></span> <span class='ocrx_word' id='word_1_575' title='bbox 1038 5112 1563 5181; x_wconf 82' lang='lat' dir='ltr'><strong>Apollinaristarum,</strong></span> <span class='ocrx_word' id='word_1_576' title='bbox 1594 5129 1687 5168; x_wconf 88' lang='lat' dir='ltr'><strong>seu</strong></span> <span class='ocrx_word' id='word_1_577' title='bbox 1729 5114 2126 5168; x_wconf 78' lang='grc' dir='ltr'><strong>συνουσιαστῶν</strong></span> <span class='ocrx_word' id='word_1_578' title='bbox 2165 5130 2380 5171; x_wconf 89' lang='lat' dir='ltr'><strong>errores</strong></span> <span class='ocrx_word' id='word_1_579' title='bbox 2410 5124 2842 5170; x_wconf 88' lang='lat' dir='ltr'><strong>commemorant</strong></span> <span class='ocrx_word' id='word_1_580' title='bbox 2873 5116 3223 5183; x_wconf 84' lang='lat' dir='ltr'><strong>Athanasius,</strong></span> <span class='ocrx_word' id='word_1_581' title='bbox 3255 5119 3553 5190; x_wconf 86' lang='lat' dir='ltr'><strong>Gregorius</strong></span> <span class='ocrx_word' id='word_1_582' title='bbox 3587 5123 3883 5182; x_wconf 82' lang='lat' dir='ltr'><strong>Nazianze-</strong></span> 
     </span>
    </p>
   </div>
   <div class='ocr_carea' id='block_1_45' title="bbox 637 5227 3881 5312">
    <p class='ocr_par' dir='ltr' id='par_1_45' title="bbox 637 5227 3881 5312">
     <span class='ocr_line' id='line_1_45' title="bbox 637 5227 3881 5312; baseline 0.005 -30"><span class='ocrx_word' id='word_1_583' title='bbox 637 5243 760 5291; x_wconf 92' lang='lat' dir='ltr'><strong>nus,</strong></span> <span class='ocrx_word' id='word_1_584' title='bbox 795 5239 848 5283; x_wconf 91' lang='lat' dir='ltr'><strong>et</strong></span> <span class='ocrx_word' id='word_1_585' title='bbox 876 5227 1232 5299; x_wconf 79' lang='lat' dir='ltr'><strong>Epiphanius,</strong></span> <span class='ocrx_word' id='word_1_586' title='bbox 1262 5230 1355 5300; x_wconf 92' lang='lat' dir='ltr'><strong>qui</strong></span> <span class='ocrx_word' id='word_1_587' title='bbox 1385 5239 1693 5300; x_wconf 84' lang='lat' dir='ltr'><strong>postremus</strong></span> <span class='ocrx_word' id='word_1_588' title='bbox 1724 5245 1935 5285; x_wconf 86' lang='lat' dir='ltr'><strong>necnon</strong></span> <span class='ocrx_word' id='word_1_589' title='bbox 1964 5243 2017 5285; x_wconf 88' lang='lat' dir='ltr'><strong>et</strong></span> <span class='ocrx_word' id='word_1_590' title='bbox 2046 5231 2283 5289; x_wconf 83' lang='lat' dir='ltr'><strong>Joannes</strong></span> <span class='ocrx_word' id='word_1_591' title='bbox 2313 5234 2686 5290; x_wconf 87' lang='lat' dir='ltr'><strong>Damascenus</strong></span> <span class='ocrx_word' id='word_1_592' title='bbox 2719 5235 2785 5291; x_wconf 88' lang='lat' dir='ltr'><strong>de</strong></span> <span class='ocrx_word' id='word_1_593' title='bbox 2806 5233 3147 5301; x_wconf 72' lang='lat' dir='ltr'><strong>liaeresibus,</strong></span> <span class='ocrx_word' id='word_1_594' title='bbox 3190 5252 3242 5306; x_wconf 93' lang='lat' dir='ltr'><strong>p.</strong></span> <span class='ocrx_word' id='word_1_595' title='bbox 3281 5238 3371 5300; x_wconf 74' lang='lat' dir='ltr'><strong>9i,</strong></span> <span class='ocrx_word' id='word_1_596' title='bbox 3411 5241 3748 5312; x_wconf 81' lang='grc' dir='ltr'><strong>διμοιρίτας,</strong></span> <span class='ocrx_word' id='word_1_597' title='bbox 3777 5244 3881 5298; x_wconf 71' lang='lat' dir='ltr'><strong>Di-</strong></span> 
     </span>
    </p>
   </div>
   <div class='ocr_carea' id='block_1_46' title="bbox 636 5343 3877 5426">
    <p class='ocr_par' dir='ltr' id='par_1_46' title="bbox 636 5343 3877 5426">
     <span class='ocr_line' id='line_1_46' title="bbox 636 5343 3877 5426; baseline 0.005 -29"><span class='ocrx_word' id='word_1_598' title='bbox 636 5345 884 5408; x_wconf 73' lang='lat' dir='ltr'><strong>maeritas,</strong></span> <span class='ocrx_word' id='word_1_599' title='bbox 910 5344 1033 5399; x_wconf 88' lang='lat' dir='ltr'><strong>illos</strong></span> <span class='ocrx_word' id='word_1_600' title='bbox 1067 5352 1281 5401; x_wconf 84' lang='lat' dir='ltr'><strong>vocant.</strong></span> <span class='ocrx_word' id='word_1_601' title='bbox 1309 5343 1482 5414; x_wconf 81' lang='lat' dir='ltr'><strong>Hujus</strong></span> <span class='ocrx_word' id='word_1_602' title='bbox 1526 5360 1653 5399; x_wconf 77' lang='lat' dir='ltr'><strong>vero</strong></span> <span class='ocrx_word' id='word_1_603' title='bbox 1703 5346 2072 5413; x_wconf 89' lang='lat' dir='ltr'><strong>appellationis</strong></span> <span class='ocrx_word' id='word_1_604' title='bbox 2113 5361 2332 5402; x_wconf 88' lang='lat' dir='ltr'><strong>causam</strong></span> <span class='ocrx_word' id='word_1_605' title='bbox 2381 5351 2554 5419; x_wconf 91' lang='lat' dir='ltr'><strong>aperit</strong></span> <span class='ocrx_word' id='word_1_606' title='bbox 2588 5348 2882 5420; x_wconf 87' lang='lat' dir='ltr'><strong>Gregorius</strong></span> <span class='ocrx_word' id='word_1_607' title='bbox 2931 5349 3309 5407; x_wconf 82' lang='lat' dir='ltr'><strong>Nazianzenus</strong></span> <span class='ocrx_word' id='word_1_608' title='bbox 3343 5352 3494 5408; x_wconf 90' lang='lat' dir='ltr'><strong>Orat.</strong></span> <span class='ocrx_word' id='word_1_609' title='bbox 3543 5355 3635 5420; x_wconf 74' lang='grc'><strong>46,</strong></span> <span class='ocrx_word' id='word_1_610' title='bbox 3665 5373 3720 5426; x_wconf 92' lang='lat' dir='ltr'><strong>p.</strong></span> <span class='ocrx_word' id='word_1_611' title='bbox 3753 5358 3877 5423; x_wconf 70' lang='lat'><strong>722,</strong></span> 
     </span>
    </p>
   </div>
   <div class='ocr_carea' id='block_1_47' title="bbox 638 5460 3875 5540">
    <p class='ocr_par' dir='ltr' id='par_1_47' title="bbox 638 5460 3875 5540">
     <span class='ocr_line' id='line_1_47' title="bbox 638 5460 3875 5540; baseline 0.004 -28"><span class='ocrx_word' id='word_1_612' title='bbox 638 5473 761 5513; x_wconf 89' lang='lat' dir='ltr'><strong>cum</strong></span> <span class='ocrx_word' id='word_1_613' title='bbox 794 5460 868 5513; x_wconf 90' lang='lat' dir='ltr'><strong>ait</strong></span> <span class='ocrx_word' id='word_1_614' title='bbox 904 5475 1100 5531; x_wconf 90' lang='lat' dir='ltr'><strong>corpus</strong></span> <span class='ocrx_word' id='word_1_615' title='bbox 1133 5470 1187 5516; x_wconf 85' lang='lat' dir='ltr'><strong>st</strong></span> <span class='ocrx_word' id='word_1_616' title='bbox 1213 5463 1447 5515; x_wconf 89' lang='lat' dir='ltr'><strong>animam</strong></span> <span class='ocrx_word' id='word_1_617' title='bbox 1477 5477 1599 5518; x_wconf 89' lang='lat' dir='ltr'><strong>esse</strong></span> <span class='ocrx_word' id='word_1_618' title='bbox 1636 5463 1688 5515; x_wconf 91' lang='lat' dir='ltr'><strong>in</strong></span> <span class='ocrx_word' id='word_1_619' title='bbox 1723 5460 1942 5517; x_wconf 90' lang='lat' dir='ltr'><strong>Christo</strong></span> <span class='ocrx_word' id='word_1_620' title='bbox 1973 5463 2035 5514; x_wconf 83' lang='grc' dir='ltr'>τὸ</span> <span class='ocrx_word' id='word_1_621' title='bbox 2069 5466 2439 5536; x_wconf 79' lang='grc' dir='ltr'><strong>τριτημόριον,</strong></span> <span class='ocrx_word' id='word_1_622' title='bbox 2477 5467 2687 5520; x_wconf 78' lang='lat' dir='ltr'><strong>tertiam</strong></span> <span class='ocrx_word' id='word_1_623' title='bbox 2715 5479 2938 5534; x_wconf 86' lang='lat' dir='ltr'><strong>partem.</strong></span> <span class='ocrx_word' id='word_1_624' title='bbox 2969 5467 3369 5537; x_wconf 72' lang='lat' dir='ltr'><strong>Apollinaristae</strong></span> <span class='ocrx_word' id='word_1_625' title='bbox 3395 5470 3596 5540; x_wconf 82' lang='lat' dir='ltr'><strong>quippe</strong></span> <span class='ocrx_word' id='word_1_626' title='bbox 3633 5473 3875 5535; x_wconf 88' lang='lat' dir='ltr'><strong>aiebant,</strong></span> 
     </span>
    </p>
   </div>
   <div class='ocr_carea' id='block_1_48' title="bbox 639 5579 3873 5658">
    <p class='ocr_par' dir='ltr' id='par_1_48' title="bbox 639 5579 3873 5658">
     <span class='ocr_line' id='line_1_48' title="bbox 639 5579 3873 5658; baseline 0.003 -26"><span class='ocrx_word' id='word_1_627' title='bbox 639 5580 693 5633; x_wconf 91' lang='lat' dir='ltr'><strong>in</strong></span> <span class='ocrx_word' id='word_1_628' title='bbox 724 5579 938 5636; x_wconf 77' lang='lat' dir='ltr'><strong>Christo</strong></span> <span class='ocrx_word' id='word_1_629' title='bbox 970 5591 1171 5652; x_wconf 88' lang='lat' dir='ltr'><strong>partem</strong></span> <span class='ocrx_word' id='word_1_630' title='bbox 1200 5598 1363 5639; x_wconf 90' lang='lat' dir='ltr'><strong>unam</strong></span> <span class='ocrx_word' id='word_1_631' title='bbox 1394 5583 1648 5650; x_wconf 83' lang='lat' dir='ltr'><strong>hominis,</strong></span> <span class='ocrx_word' id='word_1_632' title='bbox 1677 5583 1799 5638; x_wconf 77' lang='grc' dir='ltr'>νοῦν</span> <span class='ocrx_word' id='word_1_633' title='bbox 1835 5583 2061 5647; x_wconf 87' lang='lat' dir='ltr'><strong>scilicet,</strong></span> <span class='ocrx_word' id='word_1_634' title='bbox 2085 5600 2178 5639; x_wconf 87' lang='lat' dir='ltr'><strong>seu</strong></span> <span class='ocrx_word' id='word_1_635' title='bbox 2212 5595 2457 5651; x_wconf 85' lang='lat' dir='ltr'><strong>mentem,</strong></span> <span class='ocrx_word' id='word_1_636' title='bbox 2485 5601 2514 5640; x_wconf 91' lang='lat' dir='ltr'><strong>a</strong></span> <span class='ocrx_word' id='word_1_637' title='bbox 2540 5584 2715 5640; x_wconf 86' lang='lat' dir='ltr'><strong>Verbo</strong></span> <span class='ocrx_word' id='word_1_638' title='bbox 2747 5587 3009 5655; x_wconf 89' lang='lat' dir='ltr'><strong>suppleri,</strong></span> <span class='ocrx_word' id='word_1_639' title='bbox 3047 5585 3333 5658; x_wconf 89' lang='lat' dir='ltr'><strong>solumque</strong></span> <span class='ocrx_word' id='word_1_640' title='bbox 3357 5586 3593 5642; x_wconf 77' lang='lat' dir='ltr'><strong>Verbum</strong></span> <span class='ocrx_word' id='word_1_641' title='bbox 3624 5588 3873 5658; x_wconf 87' lang='lat' dir='ltr'><strong>junctum</strong></span> 
     </span>
    </p>
   </div>
   <div class='ocr_carea' id='block_1_49' title="bbox 646 5695 3872 5770">
    <p class='ocr_par' dir='ltr' id='par_1_49' title="bbox 646 5695 3872 5770">
     <span class='ocr_line' id='line_1_49' title="bbox 646 5695 3872 5770; baseline 0.005 -25"><span class='ocrx_word' id='word_1_642' title='bbox 646 5698 856 5764; x_wconf 83' lang='lat' dir='ltr'><strong>corpori</strong></span> <span class='ocrx_word' id='word_1_643' title='bbox 894 5704 946 5753; x_wconf 86' lang='lat' dir='ltr'><strong>et</strong></span> <span class='ocrx_word' id='word_1_644' title='bbox 972 5696 1164 5753; x_wconf 69' lang='lat' dir='ltr'><strong>anima</strong></span> <span class='ocrx_word' id='word_1_645' title='bbox 1192 5696 1407 5768; x_wconf 85' lang='lat' dir='ltr'><strong>(nempe</strong></span> <span class='ocrx_word' id='word_1_646' title='bbox 1439 5696 1730 5763; x_wconf 63' lang='lat' dir='ltr'><strong>sensitivm,</strong></span> <span class='ocrx_word' id='word_1_647' title='bbox 1757 5705 1818 5752; x_wconf 90' lang='lat' dir='ltr'><strong>ut</strong></span> <span class='ocrx_word' id='word_1_648' title='bbox 1853 5695 2174 5758; x_wconf 78' lang='lat' dir='ltr'><strong>dictitabant</strong></span> <span class='ocrx_word' id='word_1_649' title='bbox 2202 5698 2304 5770; x_wconf 81' lang='lat' dir='ltr'><strong>illi)</strong></span> <span class='ocrx_word' id='word_1_650' title='bbox 2334 5706 2509 5754; x_wconf 84' lang='lat' dir='ltr'><strong>totum</strong></span> <span class='ocrx_word' id='word_1_651' title='bbox 2543 5699 2881 5755; x_wconf 85' lang='lat' dir='ltr'><strong>constituere</strong></span> <span class='ocrx_word' id='word_1_652' title='bbox 2913 5699 3212 5757; x_wconf 82' lang='lat' dir='ltr'><strong>Christum.</strong></span> <span class='ocrx_word' id='word_1_653' title='bbox 3249 5701 3618 5769; x_wconf 87' lang='lat' dir='ltr'><strong>Quamobrem</strong></span> <span class='ocrx_word' id='word_1_654' title='bbox 3648 5720 3772 5761; x_wconf 87' lang='lat' dir='ltr'><strong>cum</strong></span> <span class='ocrx_word' id='word_1_655' title='bbox 3805 5718 3872 5760; x_wconf 69' lang='lat' dir='ltr'><strong>et</strong></span> 
     </span>
    </p>
   </div>
  </div>
