4076 6426
207 366 317 422 75!
1173 359 1507 416 EPISTOLA
1544 357 1641 410 AD
1677 351 2082 411 CASSABIUM.
2121 381 2193 392 —
2240 345 2586 404 HONITUM.
3401 338 3514 396 753

209 500 630 558 Catholicornm
659 499 928 556 sententia
957 498 1130 554 tribus
1158 505 1440 554 constaret
1471 493 1748 556 Christus,
1785 490 1962 547 Verbo
2004 490 2233 556 scilicet,
2255 495 2437 545 mente
2466 485 2732 554 humana,
2760 491 2817 541 et
2851 494 3084 554 corpore
3114 479 3381 546 animato,
3409 483 3509 550 qut

215 629 390 668 unam
430 630 499 669 ex
533 612 644 668 illis
672 611 958 666 demerent
1001 620 1236 679 partem,
1275 615 1511 662 mentem
1545 604 1824 660 seilicet.a
1866 603 2081 659 duabus
2113 601 2236 658 aliis
2293 615 2419 672 quae
2456 606 2802 672 supererant,
2837 597 3137 668 διμοιρῖται
3167 594 3504 652 audiebant:

213 742 232 780 I
259 742 348 782 am
374 727 620 800 δίμοιρον
641 727 844 783 Grtecis
873 734 959 783 est
982 725 1102 780 dure
1132 720 1298 775 totius
1337 733 1537 794 partes,
1569 721 1729 792 cujus
1758 720 2175 789 signiﬁcationis
2203 718 2455 790 exempla
2486 718 2690 789 saepius
2723 715 3008 778 advertere
3035 721 3119 768 est
3146 716 3200 770 in
3232 710 3510 770 Analectis
3571 785 3583 814 ’

214 852 429 908 nostris
465 870 516 921 p.
548 850 655 907 519
678 859 733 906 et
755 865 913 920 seqq.

287 987 430 1042 Cum
467 989 570 1042 hac
605 987 774 1056 igitur
822 983 1052 1054 epistola
1098 990 1407 1038 consonant
1457 995 1544 1045 ea,
1571 994 1696 1048 quae
1749 977 2087 1034 Athanasius
2130 977 2185 1032 in
2235 976 2467 1047 epistola
2513 975 2583 1032 ad
2634 973 2947 1046 Epictetum
2976 973 3045 1029 de
3075 973 3511 1044 Apollinaristis,

217 1099 392 1156 tacito
423 1110 601 1154 tamen
634 1099 879 1158 nomine,
907 1099 1060 1164 dicit,
1095 1111 1260 1167 quam
1291 1094 1583 1164 epistolam
1611 1092 1951 1163 Epiphanius
1978 1093 2182 1148 Haeresi
2220 1093 2307 1154 77.
2337 1091 2431 1147 ubi
2482 1099 2675 1147 contra
2717 1070 3036 1148 Dimmritas
3087 1107 3183 1147 seu
3231 1092 3516 1162 Apollina-

217 1217 390 1272 ristas
427 1214 559 1285 agit,
593 1221 761 1268 totam
798 1211 1008 1267 retulit.
1038 1209 1171 1275 Quis
1202 1207 1441 1277 infernus
1471 1204 1752 1270 eructavit,
1783 1202 1963 1273 inquit
1990 1201 2348 1268 Athanasius,
2385 1217 2576 1272 corpus
2604 1216 2671 1256 ea:
2699 1198 2881 1256 Maria
2909 1202 3150 1272 genitum
3197 1217 3312 1257 esse
3356 1200 3516 1256 Verbi

216 1332 494 1387 divinitati
540 1327 1013 1392 consubstantiale,
1066 1324 1390 1397 ὁμοούσιονϊ
1452 1321 1591 1377 Hinc
1632 1330 1814 1375 autem

1901 1318 2272 1389 lpollinaristae
2330 1319 2739 1385 συνουσιασταί,
2792 1317 3154 1389 Synusiastte,
3188 1319 3511 1382 audiebant,

217 1451 370 1521 quod
399 1450 760 1506 substantiam
803 1447 964 1504 Verbi
995 1463 1119 1502 cum
1153 1461 1319 1502 carne
1342 1445 1709 1500 miscerentet
1736 1451 2034 1512 utrumque
2068 1455 2238 1495 unum
2283 1440 2544 1495 facerent.
2578 1442 2684 1494 Aut
2733 1439 2983 1504 Verbum,
3020 1440 3200 1512 pergit
3250 1440 3502 1495 Athana-

219 1571 362 1634 sius,
398 1570 455 1622 in
483 1585 718 1633 cernens,
750 1584 872 1622 ossa
899 1575 949 1621 et
980 1565 1226 1636 capillos,
1257 1573 1306 1618 et
1351 1563 1406 1617 in
1445 1571 1615 1617 totum
1659 1575 1850 1630 corpus
1893 1568 2160 1613 mutatum
2199 1559 2396 1629 fuisse,
2433 1567 2486 1612 et
2532 1575 2565 1612 a
2610 1566 2806 1612 natura
2856 1555 3007 1630 [759]
3043 1557 3324 1613 descivisse
3373 1555 3516 1611 sua!

219 1679 322 1735 Hic
359 1678 527 1733 habes
560 1677 706 1732 illam
738 1676 1032 1730 θεσπεσὶαν
1060 1674 1234 1745 μίξιν,
1273 1688 1371 1729 seu
1404 1674 1714 1728 mixtionem
1738 1674 1974 1729 divinam
2005 1673 2349 1745 Apollinarii,
2372 1687 2469 1743 per
2495 1688 2658 1743 qutun
2698 1672 2840 1729 Deus
2872 1683 2927 1727 et
2947 1688 3079 1728 caro
3114 1687 3280 1728 unam
3315 1672 3520 1729 efﬁcie-

220 1793 356 1847 bant
380 1800 658 1847 naturam.
695 1789 826 1855 Quis
861 1799 1064 1853 autem,
1097 1789 1175 1843 ait
1201 1786 1559 1852 Athanasius,
1587 1789 1643 1840 in
1673 1785 1916 1843 Ecclesia
1942 1797 2041 1842 aut
2067 1804 2100 1841 a
2133 1785 2460 1842 Christianis
2521 1802 2754 1856 unquam
2789 1786 3015 1850 audivit,
3052 1786 3340 1842 Dominum
3373 1787 3525 1858 posi-

221 1909 386 1970 tione,
419 1923 520 1959 non
556 1914 771 1970 natura,
812 1903 959 1957 θέσει
989 1903 1086 1956 nat
1110 1903 1171 1956 οὐ
1211 1901 1394 1972 φύσει,
1428 1909 1662 1971 gestasse
1691 1903 1918 1971 corpus?
1948 1900 2076 1957 Haec
2097 1900 2441 1970 explicantur
2460 1915 2560 1971 per
2587 1900 2720 1955 illud
2744 1900 2891 1970 quod
2928 1901 2982 1956 in
3013 1899 3256 1972 Epistola
3293 1904 3359 1956 ad
3385 1902 3509 1958 Ca:-

221 2026 434 2080 sarium
475 2025 702 2094 legitur:
744 2023 997 2077 Dicebant
1019 2024 1160 2076 enim
1189 2022 1611 2091 Apollinaristw,
1644 2021 1825 2091 inquit
1857 2021 1948 2076 hic
1976 2021 2235 2091 scriptor,
2261 2018 2600 2073 Dominicnm
2644 2035 2835 2089 corpus
2881 2035 2985 2073 non
3019 2034 3133 2074 esse
3178 2034 3357 2073 verum
3399 2035 3506 2073 cor-

220 2161 342 2215 pus,
368 2145 495 2215 quia
529 2160 836 2198 conversum
859 2145 975 2198 erat
997 2144 1054 2197 in
1076 2143 1350 2197 deitatem.
1381 2141 1566 2212 Pergit
1592 2140 1928 2196 Athanasius
1956 2156 1971 2193 :
2016 2141 2120 2194 Aut
2164 2140 2282 2210 quis
2310 2155 2371 2193 eo
2408 2139 2662 2208 processit
2697 2138 3010 2208 impietatis,
3049 2147 3103 2191 ut
3128 2139 3324 2193 diceret
3349 2138 3519 2192 scuti-

224 2263 403 2324 retque
427 2254 595 2322 ipsam
627 2253 871 2306 deitatem
901 2251 1056 2307 Patri
1084 2251 1627 2318 consubstantialem.
1663 2251 2035 2305 circumcisam
2080 2260 2131 2304 et
2173 2252 2557 2321 imperfectam,
2589 2268 2654 2305 ea:
2703 2251 2936 2321 perfecta
2977 2252 3178 2322 factam
3223 2252 3390 2322 fuisse
3416 2268 3438 2308 :
3468 2263 3520 2309 et

221 2368 365 2436 quod
396 2368 540 2420 cruci
570 2367 783 2436 amxum
813 2375 929 2420 erat
954 2383 1060 2419 non
1090 2365 1255 2434 fuisse
1283 2379 1497 2432 corpus,
1521 2364 1612 2418 sed
1637 2364 1814 2434 ipsam
1853 2362 2144 2433 Sapientia:
2185 2364 2549 2418 substantiam
2599 2381 2775 2418 rerum
2804 2364 3099 2436 Opi/iacnt?
3138 2366 3266 2424 Haec
3313 2368 3517 2426 iterum

223 2483 724 2538 consentiuntcum
750 2482 820 2538 iis
846 2497 971 2552 qua:
996 2482 1158 2552 paulo
1184 2490 1309 2536 ante
1343 2479 1684 2545 dicebamus,
1739 2479 2085 2535 Dominicnm
2127 2493 2330 2549 corpus
2382 2479 2687 2535 secundum
2727 2481 3153 2551 Apollinaristas
3193 2497 3302 2538 non
3343 2483 3520 2540 fuisse

225 2612 417 2651 verum
443 2612 668 2667 corpus.
699 2597 776 2652 Ex
812 2598 898 2653 his
948 2598 1080 2652 item
1121 2596 1287 2652 dictis
1339 2595 1604 2667 probatur
1637 2595 1689 2650 id
1723 2595 1870 2666 quod
1925 2594 1982 2649 in
2042 2595 2273 2665 epistola
2335 2610 2445 2651 non
2500 2595 2669 2652 semel
2716 2595 2943 2664 dicitur,
2977 2612 3175 2669 nempe
3207 2600 3516 2656 secundum

224 2713 646 2782 Apollinaristas
678 2716 852 2784 ipsam
878 2714 1134 2770 deitatem
1164 2729 1286 2770 esse
1320 2714 1665 2784 passibilem,
1697 2713 1846 2784 quod
1876 2713 2131 2783 pluribus
2170 2714 2410 2784 explicat
2431 2713 2732 2786 Gregorius
2754 2713 3135 2771 Nazianzenus
3163 2715 3398 2773 llomilia
3421 2716 3523 2786 46,

225 2827 319 2883 nti
351 2828 427 2882 ait
453 2828 752 2883 secundum
790 2828 1214 2898 Apollinarium,
1252 2827 1593 2898 unigenitum
1627 2827 1797 2882 Deum
1827 2829 1882 2882 in
1918 2830 2135 2899 propria
2166 2845 2266 2885 sua
2300 2829 2588 2886 divinitate
2638 2847 2865 2902 passum
2905 2848 3063 2899 esse,
3097 2843 3263 2905 atque
3310 2834 3364 2891 in
3413 2838 3518 2893 tri-

224 2945 406 2998 dnana
431 2943 521 2999 illa
551 2942 797 3013 corporis
828 2951 1000 2997 morte
1028 2941 1371 2996 divinitatem
1412 2956 1631 3012 quoque
1659 2943 1825 2997 simul
1851 2956 1975 2997 cum
2009 2956 2242 3012 corpore
2290 2952 2565 2999 mortuam
2619 2944 2812 3012 fuisse,
2860 2946 3051 3018 sicque
3095 2964 3292 3005 rursus
3337 2948 3520 3005 Patris

225 3077 390 3129 opera
429 3076 458 3114 a
495 3070 670 3114 morte
700 3060 765 3112 ad
797 3059 963 3113 vitam
998 3066 1308 3113 revocatam
1338 3057 1528 3113 fuisse.
1564 3057 1987 3116 l‘assihilitatem
2028 3074 2251 3131 quoque
2286 3060 2434 3116 illam
2476 3062 2698 3118 deitatis
2725 3065 3031 3121 secundum
3062 3067 3518 3139 Apollinaristas,

227 3181 624 3231 commemorat
666 3181 715 3226 et
753 3170 1002 3227 conlutat
1051 3171 1388 3225 Athanasius
1446 3172 1500 3224 in
1555 3170 1707 3224 libris
1757 3182 1945 3225 contra
2000 3172 2427 3243 Apollinarium,
2471 3175 2596 3231 vide
2626 3192 2680 3246 p.
2713 3176 2840 3244 924,
2866 3186 2922 3234 ct
2949 3180 3116 3250 paulo
3147 3190 3294 3249 ante,
3321 3197 3520 3254 nempe

225 3307 280 3360 p.
317 3286 444 3353 923,
469 3286 541 3339 ait
573 3283 872 3341 secundum
910 3281 1333 3351 Apollinaristas
1365 3280 1605 3336 Verbum
1641 3286 2009 3354 assumpsisse
2034 3301 2234 3355 corpus
2262 3287 2473 3357 absque
2511 3299 2694 3345 mente
2729 3307 2741 3342 :
2777 3292 2872 3362 qui
2900 3301 2984 3349 est
3012 3306 3325 3367 postremus
3360 3315 3521 3356 error

227 3407 284 3463 in
315 3406 542 3476 epistola
575 3404 642 3458 ad
677 3402 972 3457 Caesarium
1007 3411 1490 3466 commemoratus,
1525 3410 1579 3456 et
1610 3401 1725 3457 haec
1757 3411 1877 3458 erat
1907 3404 2064 3474 quasi
2100 3413 2304 3460 tessera
2333 3404 2876 3477 Apollinaristarum.
2905 3411 3128 3469 Certum
3164 3415 3351 3487 itaque
3378 3427 3516 3489 puto

230 3524 289 3579 in
325 3523 557 3593 epistola
591 3522 655 3575 ad
682 3520 981 3576 Caesarium
1018 3530 1207 3575 contra
1240 3519 1437 3574 librum
1476 3520 1799 3590 Apollinarii
1825 3521 1932 3594 agi,
1973 3522 2239 3593 illumque
2271 3522 2453 3592 ipsum
2489 3523 2713 3591 librum,
2753 3536 2814 3581 ut
2863 3527 3102 3598 videtur,
3127 3546 3290 3602 quem
3336 3533 3404 3589 de
3428 3533 3520 3589 ln—

232 3638 553 3694 carnatione
582 3639 900 3708 scripserat,
929 3637 996 3692 ab
1028 3636 1257 3706 Eulogio
1288 3654 1451 3707 supra
1487 3647 2003 3694 commemoratum.
2038 3638 2310 3696 Caeterum
2345 3641 2750 3711 Apollinaristze
2782 3662 2894 3702 non
2927 3646 3068 3704 inter
3097 3664 3157 3706 se
3205 3654 3520 3710 consentie-

227 3755 380 3820 bant,
408 3754 501 3810 sed
535 3753 626 3808 alii
651 3753 790 3807 alios
824 3769 1066 3818 errores,
1097 3769 1161 3808 ex
1197 3768 1306 3807 uno
1331 3752 1482 3807 fonte
1509 3765 1819 3823 manantes,
1843 3758 2286 3829 propugnabant,
2321 3768 2380 3814 ut
2422 3758 2608 3815 videre
2639 3771 2726 3817 est
2770 3762 2824 3816 in
2871 3765 3100 3835 cpistola
3133 3766 3419 3825 Athanasii
3451 3771 3524 3827 ad

228 3866 559 3937 Epictetum,
590 3875 644 3920 et
677 3866 730 3920 in
761 3865 1007 3936 ejusdem
1044 3866 1330 3921 Athanasii
1364 3866 1517 3922 libris
1544 3877 1735 3923 contra
1769 3870 2206 3940 Apollinarium;
2236 3873 2478 3946 itemque
2512 3876 2656 3946 apud
2698 3875 3071 3948 Epiphanium
3117 3879 3325 3938 Hzeresi
3358 3883 3444 3938 77.

300 4002 487 4072 Neque
520 4011 698 4055 tamen
729 4000 914 4071 negari
947 4008 1128 4071 potest
1151 4000 1435 4070 probabile
1465 4001 1694 4055 omnino
1730 4017 1852 4058 esse
1893 4003 2044 4059 hunc
2085 4005 2407 4076 scriptorem
2449 4008 2545 4080 qui
2589 4009 2794 4064 saeculo
2835 4010 3180 4084 Eutychiano
3223 4016 3429 4074 vixisse
3467 4031 3520 4077 et

232 4118 423 4172 haeresi
464 4116 537 4170 illi
575 4114 823 4170 infensus
855 4114 1028 4170 fuisse
1058 4116 1293 4179 videtur,
1330 4125 1389 4170 nt
1425 4118 1564 4172 hanc
1594 4118 1880 4186 epistolam
1928 4121 1998 4174 ab
2040 4136 2098 4174 se
2132 4122 2471 4192 suppositam
2514 4123 2915 4198 Chrysostorno
2963 4131 3283 4189 adscribere
3312 4140 3519 4204 posset,

230 4231 562 4286 conﬁnxisse
597 4245 655 4285 se
681 4237 870 4284 contra
897 4227 1220 4298 Apollinarii
1255 4229 1454 4283 librum
1504 4245 1686 4300 agere,
1715 4231 1808 4301 qui
1860 4233 1914 4286 in
1969 4234 2159 4288 multis
2200 4251 2324 4290 cum
2363 4237 2610 4310 Eutyche
2657 4243 3069 4311 consentiebat,
3112 4252 3377 4319 quoniam
3405 4268 3518 4308 non

231 4347 918 4418 poterattibrysostomum
949 4353 1140 4399 contra
1178 4344 1435 4417 Eutyehis
1468 4349 1700 4405 haeresin
1739 4361 1928 4421 aperte
1977 4353 2292 4424 loquentem
2329 4357 2609 4426 inducere,
2645 4361 2738 4432 qui
2781 4362 2875 4418 diu
2918 4374 3045 4422 ante
3075 4367 3224 4424 illam
3266 4384 3515 4428 exortam

229 4466 470 4519 obiisset.
503 4461 657 4528 Quod
694 4470 874 4515 autem
902 4461 990 4516 hic
1019 4477 1145 4518 cum
1174 4463 1578 4533 Apollinaristis
1625 4466 1998 4540 Eutychianos
2035 4473 2277 4528 maxime
2319 4473 2588 4545 confutet,
2630 4480 2865 4548 probant
2903 4497 3066 4539 voces
3109 4484 3235 4554 illa},
3267 4496 3322 4543 et
3369 4489 3518 4546 modi

232 4584 485 4655 loquendi
521 4583 856 4653 frequentes,
887 4598 1027 4652 quos
1060 4599 1226 4653 supra
1259 4589 1838 4657 commemoravimus,
1866 4591 1961 4663 qni
1994 4603 2236 4665 tempore
2262 4595 2646 4668 Chrysostomi
2670 4600 2759 4656 vix
2801 4603 2920 4658 noti
2950 4615 3129 4671 erant,
3156 4615 3210 4663 et
3251 4617 3434 4666 tamen
3461 4610 3516 4666 in

233 4701 335 4754 hac
364 4699 591 4768 epistola
620 4698 824 4769 passim
851 4709 1186 4768 usurpantur
1207 4701 1399 4755 eodem
1425 4702 1590 4760 modo
1629 4720 1740 4775 quo
1770 4717 1964 4762 contra
1994 4707 2371 4782 Eutychianos
2407 4715 2638 4772 adhibiti
2678 4728 2868 4788 postea
2905 4718 3081 4778 fuere.

303 4835 491 4890 Restat
521 4843 579 4890 ut
609 4837 674 4890 de
702 4833 952 4889 clausula
1000 4834 1090 4888 illa
1140 4851 1369 4906 agamus
1401 4837 1546 4894 circa
1594 4855 1760 4910 quam
1795 4844 1982 4899 multae
2025 4848 2360 4915 quaestiones
2401 4852 2617 4924 agitatae
2666 4865 2824 4924 sunt;
2879 4858 2971 4916 illa
3015 4875 3149 4915 vero
3190 4873 3315 4918 est:
3365 4861 3519 4918 Sicut

229 4953 368 5006 enim
393 4961 674 5021 antequam
703 4950 1065 5019 sattctiﬁcetur
1092 4955 1267 5020 panis,
1301 4969 1489 5022 panem
1517 4959 1852 5014 nominamus
1883 4977 1902 5014 :
1950 4964 2130 5020 divina
2181 4977 2364 5023 autem
2409 4970 2564 5026 illum
2611 4975 2985 5046 sanctiﬁcante
3009 4981 3209 5049 gratia,
3250 4983 3518 5037 mediante

231 5071 516 5136 sacerdote,
555 5073 806 5127 liberatus
837 5073 1148 5142 estquidem
1177 5073 1242 5126 ab
1267 5076 1617 5145 appellatione
1638 5083 1825 5149 panis;
1863 5085 2058 5154 dignus
2089 5099 2265 5144 autem
2303 5091 2516 5150 habitus
2551 5094 2818 5152 Dominici
2857 5101 3095 5168 corporis
3140 5105 3513 5174 appellatione,

232 5185 434 5237 etiamsi
461 5195 652 5237 natura
678 5185 830 5254 panis
866 5185 924 5238 in
953 5185 1065 5253 ipso
1097 5189 1411 5253 permansit,
1435 5197 1484 5243 et
1513 5206 1616 5243 non
1650 5191 1755 5247 duo
1785 5211 2034 5266 corpora,
2066 5199 2159 5254 sed
2194 5219 2354 5256 unum
2386 5222 2577 5276 corpus
2622 5205 2756 5263 Filii
2794 5211 3149 5281 prwdicamus
3171 5228 3191 5268 .°
3225 5217 3303 5271 sic
3345 5227 3396 5272 et
3434 5221 3518 5275 hic

233 5302 408 5354 divina
435 5302 690 5356 insidente
719 5305 928 5371 corpori
957 5314 1176 5370 natura,
1208 5322 1370 5359 unum
1407 5307 1636 5376 Filium,
1682 5331 1842 5368 unam
1896 5334 2178 5386 personam
2215 5334 2500 5398 utrumque
2540 5332 2837 5400 constituit,
2874 5337 3143 5408 cognitum
3177 5344 3290 5397 sine
3333 5348 3521 5422 confu“

232 5418 392 5483 sione,
422 5419 733 5473 indivisibili
760 5423 986 5486 ratione,
1014 5436 1126 5474 non
1153 5421 1205 5473 in
1237 5437 1339 5474 una
1372 5426 1541 5478 solum
1580 5438 1802 5493 natura,
1825 5429 1915 5484 sed
1953 5432 2007 5486 in
2052 5436 2259 5492 duabus
2299 5443 2569 5512 perfectis.
2619 5445 2761 5502 Hinc
2818 5449 3134 5511 heterodoxi
3188 5418 3518 5516 acerrimum

232 5546 418 5593 contra
452 5537 609 5593 tidem
645 5539 970 5596 catholicam
1005 5539 1174 5597 telum
1209 5556 1268 5595 se
1322 5549 1560 5602 mutuari
1599 5566 1758 5618 posse
1809 5559 1934 5625 rati,
1967 5562 2271 5616 secundum
2327 5563 2490 5634 hujus
2543 5568 2830 5639 scriptoris
2872 5585 3111 5632 mentem
3149 5579 3358 5651 absque
3412 5582 3520 5637 una

235 5656 531 5714 mutatione
562 5658 884 5715 substantia:
910 5660 1089 5729 panis,
1125 5653 1532 5720 lt‘ncharistiam
1566 5670 1760 5726 conﬁci
1799 5685 2038 5745 pugnant
2074 5696 2084 5730 :
2138 5677 2229 5733 alii
2284 5679 2512 5738 ulterius
2559 5687 2867 5757 progressi,
2907 5705 3100 5761 panem
3155 5695 3522 5767 appellatione
