4076 6434
555 330 660 390 755
1251 334 1311 393 S.
1344 331 1626 392 JOANNIS
1660 335 2153 396 CHRYSOSTOMI
2188 337 2509 396 ARCHIEP.
2546 337 3095 403 CONSTANTINOP.
3709 341 3820 400 754

549 476 665 542 sola
690 475 961 533 Dominici
988 478 1259 550 Corporis,
1285 495 1394 536 non
1416 483 1706 552 presentis
1725 483 2007 555 dignatam
2031 499 2154 540 esse
2175 484 2534 542 contendunt.
2577 486 2715 545 Illud
2758 502 2940 547 autem
2977 492 3142 564 quasi
3181 499 3392 548 eertum
3437 491 3824 570 exploratum-

548 608 657 665 que
690 592 914 661 habent,
951 593 1094 651 hanc
1113 596 1402 666 epistolam
1426 613 1554 655 vere
1572 598 1804 657 Joannis
1829 601 2209 674 Chrysostomi
2262 620 2408 663 esse.
2463 604 2570 663 Sed
2615 624 2740 664 cum
2791 612 3008 667 abunde
3055 626 3224 681 supra
3277 611 3571 683 probatum
3629 610 3820 675 fuerit,

551 717 693 772 hanc
727 720 1014 790 epistolam
1042 736 1151 776 non
1177 735 1300 776 esse
1319 718 1721 792 Chrysostomi,
1752 723 1969 780 etiamsi
2001 725 2133 794 quid
2158 740 2226 781 ex
2260 725 2433 796 ignoti
2470 729 2759 799 scriptoris
2792 732 2954 787 dictis
2996 732 3050 786 in
3080 745 3272 788 eorum
3306 732 3538 803 gratiam
3569 744 3824 800 emerge-

549 845 654 901 rrt,
685 837 830 909 quod
861 846 1039 894 tamen
1062 837 1223 909 longe
1250 837 1423 904 abest,
1459 838 1664 894 nullam
1690 839 1819 896 hinc
1849 842 2086 896 mutuari
2117 853 2341 912 possent
2385 845 2796 911 auctoritatem,
2831 863 2956 901 cum
2990 862 3090 902 nec
3131 846 3256 917 quis
3289 846 3381 901 ille
3427 845 3668 915 scriptor
3697 842 3819 896 ilic-

551 957 641 1023 rit,
675 973 775 1014 uec
801 973 870 1015 an
904 958 1230 1025 catholicus,
1262 958 1698 1016 heterodoxusve
1721 959 1891 1016 fuerit
1917 959 2250 1031 deprehendi
2283 961 2496 1033 possit;
2532 963 2645 1018 imo
2673 977 2802 1018 vero
2837 979 2902 1019 ex
2939 964 3009 1019 iis
3039 979 3164 1033 quze
3185 962 3254 1019 de
3284 962 3506 1019 deitatis
3538 960 3820 1031 passibili-

551 1080 660 1127 tate
687 1072 845 1138 dixit,
877 1071 1127 1127 nonnihil
1154 1071 1399 1128 adversa}
1420 1080 1682 1130 nascatur
1705 1072 2059 1144 suspicionis.
2101 1072 2305 1130 Verum
2335 1076 2587 1147 quisquis
2616 1076 2706 1133 ille
2734 1077 2827 1141 sit,
2856 1078 2970 1148 jam
3019 1078 3200 1133 locum
3240 1076 3621 1146 dispiciamus,
3648 1090 3822 1131 excu-

551 1191 863 1260 tiamusque
883 1191 1062 1261 primo
1080 1204 1186 1261 qua
1219 1196 1337 1244 arte
1365 1189 1545 1246 locum
1569 1189 1837 1259 ejusmodi
1867 1190 1933 1245 ad
1967 1191 2316 1260 praesentiam
2340 1189 2545 1248 Christi
2590 1192 2646 1246 in
2688 1191 3034 1248 Eucharistia
3080 1193 3385 1264 negantiam
3428 1191 3817 1263 detorqueant.

551 1308 672 1376 Hic,
702 1308 977 1380 inquiunt,
1008 1307 1166 1379 panis
1188 1307 1388 1380 dignus
1408 1307 1630 1364 habitus
1656 1323 1780 1366 esse
1803 1308 2006 1365 dicitur
2035 1306 2306 1364 Dominici
2341 1310 2593 1379 corporis
2616 1307 2980 1379 appellatione
3011 1323 3025 1359 :
3069 1307 3212 1362 unde
3252 1307 3524 1377 sequitur,
3562 1309 3684 1364 solo
3715 1323 3822 1362 uo-

550 1429 696 1484 mine
722 1441 920 1500 panem
952 1426 1007 1482 in
1041 1425 1381 1482 Eucharistia
1401 1423 1744 1481 Dominicum
1769 1423 2028 1497 appellari
2053 1441 2253 1497 corpus
2279 1444 2294 1481 :
2326 1425 2394 1480 ad
2430 1424 2560 1495 quid
2589 1424 2735 1480 enim
2768 1439 2966 1495 panem
3007 1423 3229 1494 dignum
3263 1423 3508 1479 habitum
3543 1423 3819 1481 Dominici

550 1544 797 1615 corporis
826 1542 1189 1614 appellatione
1217 1541 1438 1608 dixerit,
1476 1541 1520 1597 si
1552 1555 1676 1596 vere
1710 1541 1850 1596 adsit
1879 1539 2224 1598 Dominieum
2274 1541 2514 1612 corpus?
2555 1540 2663 1597 Sed
2711 1557 2975 1612 quorsum
3022 1541 3128 1596 ille
3172 1541 3546 1608 circuitiones,
3596 1542 3822 1612 quando

550 1662 698 1717 clare
724 1658 961 1729 scriptor
991 1659 1092 1714 iste
1119 1658 1196 1712 ait
1219 1666 1470 1712 naturam
1501 1656 1662 1727 panis
1694 1666 1748 1713 et
1768 1656 2113 1712 Dominicum
2141 1671 2364 1728 corpus,
2394 1672 2502 1711 non
2533 1655 2645 1710 duo
2674 1669 2929 1726 corpora,
2956 1656 3053 1712 sed
3088 1671 3254 1712 unum
3289 1670 3494 1726 corpus
3527 1653 3650 1709 Filii
3680 1671 3821 1726 pra:-

550 1779 966 1838 dicari?annon
990 1777 1118 1833 hine
1148 1777 1375 1832 omnino
1402 1776 1757 1848 consequitur
1807 1791 2006 1846 corpus
2039 1774 2163 1830 Filii
2196 1788 2325 1832 vere
2354 1775 2409 1829 in
2451 1773 2797 1829 Eucharistia
2842 1773 3076 1828 haberi?
3111 1789 3293 1828 annon
3342 1773 3435 1828 illa
3477 1777 3824 1846 comparatio

537 1893 777 1950 ,unitatis
808 1904 1012 1951 natura:
1037 1894 1184 1970 [740]
1217 1897 1374 1966 panis
1396 1905 1450 1951 et
1477 1895 1724 1966 corporis
1750 1895 2022 1951 Dominici
2058 1910 2184 1951 cum
2234 1905 2429 1950 natura
2476 1892 2657 1948 divina
2703 1901 2759 1947 et
2808 1891 3069 1954 humana.
3114 1908 3279 1947 unum
3326 1893 3535 1962 Filium
3569 1904 3626 1950 et
3655 1912 3822 1952 uuam

551 2026 840 2084 personam
868 2009 1155 2078 efﬁciente,
1187 2013 1413 2068 omnino
1438 2011 1612 2068 futilis
1637 2011 1764 2074 erit,
1793 2010 1842 2066 si
1867 2025 2068 2080 corpus
2093 2007 2300 2066 Christi
2322 2022 2428 2064 non
2461 2007 2532 2064 sit
2567 2022 2698 2064 vere
2737 2007 2794 2062 in
2825 2006 3218 2063 Eucharistia?
3259 2007 3421 2064 Aliud
3471 2011 3640 2066 telum
3687 2026 3826 2068 con-

553 2135 831 2201 torquent,
863 2129 1193 2199 graviusque
1216 2129 1442 2193 instant.
1471 2145 1536 2186 ac
1577 2129 2247 2186 transsubstantiationem
2298 2128 2390 2184 hic
2437 2133 2624 2212 aperte
2668 2127 2856 2198 impeti
2899 2137 3163 2199 pugnant.
3206 2127 3366 2194 Nam,
3409 2131 3689 2203 inquiunt,
3725 2136 3815 2192 hic

555 2249 856 2306 luculenter
878 2249 1078 2304 dicitur
1097 2264 1294 2319 panem
1326 2249 1383 2304 in
1418 2248 1766 2305 Eucharistia
1816 2258 1944 2321 post
1991 2241 2478 2304 sanctiﬁcationem
2527 2262 2849 2313 remanere,
2898 2249 3063 2320 idque
3116 2249 3204 2306 his
3255 2253 3436 2311 verbis
3485 2255 3826 2325 declaratur,

557 2367 788 2424 Etiamsi
813 2377 1008 2423 natura
1027 2367 1180 2438 panis
1203 2365 1257 2419 in
1284 2367 1396 2436 ipso
1416 2368 1725 2435 permansit,
1756 2378 1808 2421 et
1828 2382 1932 2420 non
1964 2365 2068 2419 duo
2092 2381 2335 2434 corpora,
2364 2365 2454 2419 sed
2495 2381 2658 2419 unum
2690 2383 2878 2436 corpus
2911 2365 3042 2422 Filii
3079 2371 3452 2439 prwdicomus.
3481 2373 3706 2457 Verum,
3761 2389 3832 2436 ut

555 2489 743 2546 multis
764 2489 1029 2560 exemplis
1050 2487 1246 2558 probat
1285 2485 1622 2556 Harduinus,
1660 2495 1854 2542 natura
1880 2495 1934 2542 et
1964 2485 2122 2541 οὐσία
2154 2485 2461 2558 cuiuspiam
2491 2490 2569 2544 rei
2594 2505 2738 2560 saepe
2760 2490 2906 2561 apud
2928 2489 3124 2548 Patres
3159 2496 3430 2566 significat
3453 2505 3824 2572 proprietates

555 2607 833 2663 naturales
861 2607 944 2662 rei
963 2606 1205 2677 ejusdem
1234 2624 1248 2673 ;
1273 2614 1329 2660 at
1356 2607 1445 2661 hic
1472 2607 1834 2678 proprietates
1864 2621 2054 2662 omnes
2083 2607 2368 2664 naturales
2397 2608 2558 2680 panis
2586 2621 2929 2678 permanent,
2961 2623 3015 2669 et
3044 2615 3310 2687 quidquid
3337 2617 3392 2673 in
3427 2635 3564 2689 pane
3592 2637 3822 2679 sensum

555 2742 760 2800 movet,
784 2742 1062 2804 aspectum
1092 2731 1323 2797 scilicet,
1351 2738 1551 2786 tactum
1577 2743 1631 2786 et
1660 2739 1916 2802 gustum;
1945 2745 2073 2786 nam
2101 2729 2155 2786 id
2204 2729 2383 2786 solum
2427 2730 2482 2785 in
2518 2740 2714 2787 natura
2761 2734 3028 2806 cujusque
3072 2736 3148 2791 rei
3195 2739 3414 2794 sensilis
3456 2744 3821 2814 percipimUS'

557 2851 631 2905 ita
661 2857 723 2904 ut
747 2857 944 2904 natura
970 2847 1129 2918 panis
1152 2847 1242 2902 hic
1269 2855 1378 2902 tota
1404 2845 1791 2916 perspiciatur,
1818 2847 1947 2902 licet
1974 2845 2095 2916 ejus
2123 2847 2352 2901 materia
2383 2855 2437 2902 et
2467 2847 2776 2905 substantia
2813 2851 2867 2905 in
2895 2867 3092 2922 corpus
3120 2852 3326 2910 Christi
3380 2867 3586 2913 mutata
3639 2862 3825 2917 fuerit.

555 2967 816 3024 Naturam
840 2976 987 3024 certe
1016 2966 1169 3037 panis
1201 2966 1280 3022 sic
1310 2965 1645 3021 intellexisse
1675 2965 1918 3035 oportuit
1948 2964 2096 3021 hunc
2119 2964 2464 3036 scriptorem,
2511 2969 2766 3040 quisquis
2811 2971 3029 3027 tandem
3073 2973 3163 3029 ille
3210 2974 3375 3032 fuerit
3411 2998 3424 3033 :
3463 2996 3588 3035 nam
3631 2997 3830 3052 panem

559 3092 613 3146 in
645 3107 846 3162 corpus
870 3091 1076 3148 Christi
1108 3091 1309 3148 mutari
1341 3101 1470 3146 tunc
1494 3090 1556 3144 in
1581 3088 1824 3146 Ecclesia
1850 3089 2037 3148 Graeca
2068 3093 2235 3164 vulgo
2260 3093 2565 3161 dicebatur,
2594 3112 2702 3167 qua
2737 3102 3041 3156 mutatione
3078 3098 3222 3155 facta
3273 3110 3403 3157 tunc
3449 3118 3555 3158 non
3589 3107 3830 3178 amplius

557 3208 867 3264 substantia
887 3211 1043 3281 panis
1067 3212 1120 3266 in
1151 3209 1496 3266 Eucharistia
1517 3217 1657 3265 erat.
1694 3207 1787 3265 Sic
1833 3220 2015 3265 autem
2060 3211 2445 3282 explicandum
2487 3213 2633 3269 hunc
2667 3216 2988 3286 scriptorem
3028 3233 3152 3274 esse
3197 3219 3461 3291 probatur
3499 3235 3564 3274 ex
3612 3221 3830 3279 Joanne

561 3332 922 3401 Damasceno,
947 3337 1041 3408 qui
1069 3337 1211 3392 hanc
1230 3335 1514 3407 epistolam
1542 3335 1776 3406 legebat,
1822 3350 2053 3405 eamque
2091 3353 2190 3406 pro
2212 3335 2442 3393 Joannis
2464 3337 2843 3409 Chrysostomi
2882 3341 2993 3397 fetu
3023 3342 3275 3408 habebat,
3304 3346 3508 3416 quique
3547 3348 3668 3417 ejus
3703 3365 3831 3419 par-

561 3466 669 3512 tem
702 3471 810 3511 non
839 3455 1120 3510 minimam
1151 3455 1353 3510 retulit.
1381 3455 1500 3526 lpse
1532 3455 1734 3525 quippe
1759 3453 2002 3511 Joannes
2029 3454 2397 3514 Damascenus
2435 3459 2504 3514 de
2544 3458 2864 3517 Orthodoxa
2920 3463 3026 3519 ﬁde
3067 3465 3210 3521 libro
3257 3479 3456 3538 quarto
3507 3485 3562 3539 p.
3601 3470 3709 3524 270
3756 3471 3834 3525 sic

561 3575 721 3630 habet
754 3592 770 3629 :
802 3575 1013 3645 Ὠσπερ
1048 3573 1295 3642 φυσικῶς
1323 3574 1410 3627 διὰ
1440 3576 1539 3645 τῆς
1575 3573 1831 3646 βρώσεως
1860 3576 1889 3628 ὁ
1920 3574 2103 3646 ἄρτος,
2137 3573 2231 3630 καὶ
2261 3577 2290 3628 ὁ
2320 3572 2466 3642 οἶνος
2503 3580 2599 3632 καὶ
2626 3580 2688 3633 τὸ
2718 3580 2862 3652 ὕδωρ
2895 3583 2986 3636 διὰ
3015 3585 3116 3653 τῆς
3161 3586 3375 3652 πόσεως
3411 3589 3492 3652 εἰς
3540 3589 3700 3659 σῶμα
3740 3601 3836 3651 καὶ

557 3685 699 3761 αἷμα
724 3688 817 3743 τοῦ
850 3688 1119 3752 ἐσθίοντος
1155 3689 1248 3742 καὶ
1278 3689 1524 3753 πίνοντος
1542 3688 1992 3759 μεταδάλλονται,
2015 3689 2110 3743 καὶ
2140 3688 2200 3742 οὐ
2225 3689 2469 3754 γίνονται
2491 3692 2679 3763 ἕτερον
2703 3694 2864 3764 σῶμα
2888 3695 3041 3766 παρὰ
3076 3696 3137 3749 τὸ
3157 3697 3422 3770 πρότερον
3449 3700 3614 3754 αὑτοῦ
3647 3702 3830 3770 σῶμα.

557 3801 728 3864 οὕτως
745 3805 774 3857 ὁ
793 3804 894 3874 τῆς
918 3804 1229 3876 προθέσεως
1253 3805 1434 3875 ἄρτος,
1456 3801 1595 3866 οἶνός
1619 3821 1676 3857 τε
1704 3785 1799 3858 ita).
1829 3804 1996 3874 ὕδωρ,
2027 3803 2118 3857 διὰ
2142 3805 2244 3874 τῆς
2273 3805 2609 3877 ἐπικλήσεως
2632 3807 2725 3861 καὶ
2754 3809 3155 3880 ὲπιφοιτήσεως
3189 3809 3282 3864 τοῦ
3308 3812 3466 3881 ἁγίου
3490 3813 3833 3881 Πνεύματος,

561 3913 854 3985 ὑπερφυῶς
889 3917 1310 3987 μεταποιοῦνται
1361 3920 1442 3982 εἰς
1493 3919 1554 3971 τὸ
1597 3919 1759 3991 σῶμα.
1806 3919 1900 3972 τοῦ
1951 3917 2186 3989 Χριστοῦ
2222 3921 2404 3974 καὶτὸ
2450 3916 2614 3993 αἷμα,
2641 3923 2736 3976 καὶ
2781 3924 2882 3978 οὐκ
2920 3924 3026 3978 εἰσὶ
3051 3925 3166 3991 δύο,
3198 3928 3316 3981 ἀλλ’
3345 3928 3403 3980 ἓν
3434 3931 3528 3982 καὶ
3560 3930 3622 3982 τὸ
3651 3932 3787 3984 αὑτό
3820 3951 3832 3986 ;

561 4028 1020 4094 Quemadmodum
1051 4031 1374 4084 naturaliter
1410 4032 1561 4101 panis
1589 4047 1682 4100 per
1712 4034 2105 4098 contestionem,
2136 4036 2414 4107 vinumque
2438 4047 2488 4092 et
2528 4055 2666 4110 aqua
2695 4057 2787 4110 per
2817 4042 3101 4110 potionem,
3130 4045 3185 4097 in
3211 4061 3402 4114 corpus
3431 4055 3480 4100 et
3514 4050 3833 4118 sanguine":

560 4147 873 4202 romedentis
907 4157 957 4202 et
994 4149 1217 4203 bibentis
1253 4157 1704 4215 transmutantur,
1738 4165 1829 4202 nec
1858 4167 2047 4220 corpus
2076 4153 2212 4222 ﬁunt
2248 4153 2396 4207 aliud
2428 4172 2460 4208 a
2501 4172 2717 4226 corpore
2746 4157 2862 4228 ejus
2894 4159 3032 4228 quod
3063 4161 3211 4229 prius
3242 4162 3484 4215 exstabat
3513 4177 3532 4216 :
3561 4162 3638 4215 sic
3662 4163 3819 4231 panis

560 4262 727 4333 quiin
753 4263 988 4334 prothesi
1019 4273 1354 4335 pra’paratus
1391 4264 1517 4335 fuit,
1552 4265 1728 4318 vinum
1755 4267 1880 4320 item
1913 4278 1962 4322 et
1999 4283 2140 4338 aqua
2161 4284 2251 4333 per
2289 4272 2669 4327 invocationem
2701 4283 2750 4327 et
2781 4274 3068 4329 adventum
3099 4273 3333 4344 Spiritus
3365 4277 3540 4330 sancti
3569 4293 3833 4346 superna-

562 4382 809 4436 turaliter
838 4390 1113 4436 mutantur
1137 4385 1193 4436 iu
1226 4399 1413 4453 corpus
1443 4394 1491 4437 et
1517 4385 1827 4454 sanguinem
1855 4383 2086 4448 Christi;
2114 4403 2206 4441 nec
2233 4387 2338 4442 duo
2363 4401 2506 4454 sunt,
2541 4391 2629 4444 sed
2661 4407 2824 4445 unum
2846 4401 2896 4446 et
2926 4394 3086 4448 idem.
3114 4393 3239 4449 Haec
3270 4392 3508 4449 Joannes
3538 4393 3832 4449 Damasce-

564 4509 688 4558 nus,
723 4496 818 4566 qui
847 4499 992 4553 hunc
1013 4513 1122 4568 quo
1150 4498 1217 4553 de
1245 4498 1476 4568 quaestio
1511 4506 1595 4553 est
1634 4499 1813 4554 locum
1845 4501 1899 4552 in
1927 4508 2109 4556 mente
2141 4501 2399 4559 habuisse
2430 4504 2641 4559 videtur
2675 4521 2800 4560 cum
2833 4506 2950 4563 haec
2990 4507 3272 4564 scriberet.
3312 4505 3430 4563 Nisi
3465 4508 3699 4563 dixisset
3735 4522 3839 4561 au-

565 4619 671 4663 tem
709 4623 902 4677 panem
943 4621 998 4665 et
1031 4612 1216 4666 viuum
1247 4613 1735 4682 supernaturaliter
1765 4615 1965 4670 mutari
1999 4617 2054 4669 in
2088 4630 2288 4688 corpus
2313 4626 2368 4673 et
2416 4619 2736 4691 sanguinem
2774 4620 3017 4688 Christi,
3057 4637 3126 4678 ex
3165 4624 3555 4694 sequentibus,
3592 4642 3686 4679 nec
3727 4626 3839 4680 duo

563 4739 713 4796 sunt,
740 4732 831 4784 sed
864 4749 1026 4786 unum
1055 4744 1100 4788 et
1131 4735 1290 4800 idem,
1327 4734 1590 4791 inferrent
1613 4736 1758 4791 haud
1791 4738 1955 4794 dubie
1982 4737 2338 4796 heterodoxi:
2379 4742 2425 4798 si
2449 4743 2606 4814 panis
2644 4752 2697 4799 et
2731 4744 2920 4800 vinum
2957 4747 3123 4802 simul
3170 4761 3294 4802 cum
3333 4763 3562 4818 corpore
3608 4757 3664 4802 et
3700 4765 3835 4802 san-

564 4857 727 4925 guine
750 4855 952 4913 Christi
981 4873 1150 4912 unum
1174 4866 1228 4913 et
1260 4857 1403 4913 idem
1434 4858 1544 4915 sint
1577 4859 1632 4913 in
1662 4858 2027 4927 Eucharistia,
2068 4877 2199 4934 ergo
2220 4871 2344 4934 post
2374 4863 2861 4921 sanetiﬂcalionem
2898 4867 3054 4938 panis
3080 4878 3134 4923 et
3161 4867 3349 4924 vinum
3381 4879 3708 4936 remanent;
3737 4872 3840 4926 sed

565 4988 688 5027 cum
719 4975 871 5043 prius
905 4974 1104 5029 dixerit
1135 4991 1328 5045 panem
1359 4989 1412 5032 et
1434 4976 1622 5032 viuum
1651 4979 1850 5033 mutari
1877 4980 1934 5034 in
1969 4995 2168 5051 corpus
2213 4991 2268 5038 et
2301 4985 2622 5056 sanguinem
2672 4985 2874 5043 Christi
2902 5007 2916 5042 :
2966 4989 3112 5060 quod
3160 4991 3442 5063 subjungit
3481 5000 3669 5063 postea
3690 5035 3703 5057 ,
3739 5010 3836 5048 nec

565 5089 671 5141 duo
701 5096 845 5151 sunt,
875 5089 964 5142 sed
989 5104 1153 5140 unum
1180 5096 1230 5141 et
1260 5088 1419 5154 idem,
1449 5103 1554 5143 non
1611 5089 1682 5144 ita
1740 5090 2152 5163 intelligendum
2203 5103 2310 5160 est,
2345 5105 2404 5150 ut
2449 5097 2566 5167 ipsa
2601 5098 2759 5167 panis
2816 5111 2869 5154 et
2924 5101 3034 5156 vini
3087 5103 3393 5161 substantia
3445 5118 3747 5176 remaneat,
3785 5121 3843 5165 ct

569 5225 738 5263 unum
768 5208 988 5263 sitcum
1013 5222 1240 5278 corpore
1269 5208 1514 5276 Christi;
1552 5210 1792 5279 alioquin
1825 5211 1970 5265 enim
2012 5227 2120 5267 non
2161 5223 2371 5271 mutata
2411 5215 2605 5272 inisset
2649 5218 2702 5271 in
2739 5232 2939 5288 corpus
2987 5228 3044 5274 et
3092 5223 3414 5291 sanguinem
3472 5223 3710 5293 Christi;
3743 5228 3841 5281 sed

565 5333 712 5403 quod
749 5330 1106 5402 proprietates
1135 5330 1240 5385 illa;
1263 5345 1454 5386 omnes
1478 5345 1600 5401 quae
1630 5331 1760 5387 solae
1792 5331 1851 5386 in
1882 5346 2019 5402 pane
2046 5342 2100 5388 et
2129 5334 2257 5388 vino
2285 5349 2448 5390 sensu
2481 5336 2855 5406 percipiuntur
2887 5352 3225 5407 remaneant,
3264 5355 3320 5398 et
3362 5361 3484 5401 cum
3521 5363 3754 5419 corpore
3780 5352 3838 5408 ei

568 5445 834 5515 sanguine
863 5444 1062 5499 Christi
1092 5459 1260 5498 unum
1295 5454 1701 5500 sacramentum
1724 5443 1961 5501 eﬂiciant
1981 5454 2035 5500 et
2057 5450 2134 5502 sic
2163 5449 2518 5518 explicandus
2547 5461 2630 5505 est
2680 5460 2874 5509 auctor
2912 5456 3155 5525 epistola
3197 5458 3263 5512 ad
3303 5459 3625 5531 Caesarium,
3674 5482 3838 5536 quem

576 5573 682 5632 prae
707 5558 880 5614 oculis
912 5566 1042 5614 tunc
1065 5559 1260 5620 habuit
1279 5557 1519 5614 Joannes
1541 5557 1914 5616 Damascenus
1946 5578 1958 5614 :
1990 5562 2132 5633 quod
2158 5564 2302 5620 enim
2334 5565 2486 5633 dicit,
2530 5566 2760 5626 Etiamsi
2784 5582 2978 5627 natura
3005 5575 3157 5644 panis
3208 5579 3479 5641 remansit,
3509 5580 3575 5635 de
3622 5585 3836 5652 specie--

571 5680 674 5734 bus
703 5684 759 5733 et
778 5675 1200 5746 proprietatibus
1221 5685 1435 5735 tantum
1470 5677 1627 5748 panis
1662 5677 2074 5749 intelligendum
2108 5688 2212 5737 est.
2236 5679 2424 5752 Ncquc
2451 5684 2597 5740 enim
2635 5702 2830 5758 negare
2860 5691 3033 5746 voluit
3072 5691 3161 5749 ille
3193 5694 3552 5752 mutationem
3603 5700 3758 5768 panis
3783 5710 3839 5759 et
