4076 6462
553 352 654 414 7.55
1236 353 1292 407 S.
1336 350 1619 408 JOANNIS
1652 349 2146 408 CHRYSOSTOMI
2178 350 2496 408 ARCHIEP.
2539 349 3086 407 CONSTANTINOP.
3670 346 3780 405 755

561 481 2291 508 WHW'
1427 479 1846 495 m
2087 486 2291 496 ----—-—

1789 681 2544 798 PRZEFATIO

1096 904 1206 965 CL.
1265 903 1337 964 V.
1403 905 1713 967 EMEBICI
1764 907 2047 968 BIGOTII
2098 906 2177 969 IN
2236 905 2660 966 EPISTOLAM
2713 903 3237 969 CHRYSOSTOMI

2981 481 3360 494 μ’..

1233 485 1413 506 ~——.-=
1427 479 2098 510 mm-

1715 1085 1800 1127 an
1848 1083 2174 1129 CESARIUM
2232 1085 2584 1130 MONACHUM
2605 1116 2618 1140 ,

550 1253 683 1321 Qua:
719 1254 820 1321 fuit
859 1268 1135 1321 suppressa
1173 1253 1224 1305 in
1263 1251 1487 1306 editione
1529 1250 1762 1304 Palladii
1817 1253 1880 1304 de
1945 1249 2066 1304 Vita
2109 1250 2502 1321 Chrysostomi,
2542 1251 2765 1305 Parisiis
2821 1252 3037 1320 vulgata
3090 1251 3231 1319 apud
3269 1251 3482 1304 viduam
3522 1249 3794 1304 Edmundi

1877 1342 2100 1398 Martini
2130 1361 2268 1397 anno
2301 1344 2457 1399 1680.

591 1520 768 1593 ςιπι]
805 1518 952 1575 Hanc
977 1520 1274 1575 orationem
1303 1520 1547 1590 sequitur
1581 1518 1808 1588 epistola.
1836 1517 1901 1572 ad
1934 1517 2230 1573 Caesarium
2273 1520 2599 1572 monachum
2620 1559 2634 1584 ,
2666 1534 2788 1588 quae
2818 1519 2946 1573 licet
2985 1519 3162 1572 nitore
3207 1533 3308 1573 suo
3337 1517 3522 1573 nativo
3543 1557 3557 1583 ,
3609 1517 3661 1571 id
3710 1525 3796 1572 est

550 1613 736 1667 Graeco
763 1613 1001 1682 eloquio,
1027 1612 1302 1676 destituta,
1339 1611 1693 1666 nihilominus
1723 1605 1824 1665 sub
1853 1610 1974 1664 velo
2006 1611 2205 1666 veteris
2241 1610 2445 1664 Latinae
2475 1610 2940 1680 interpretationis
2972 1611 3236 1665 mirificos
3267 1610 3593 1679 eloquentia
3621 1609 3792 1664 diserv

551 1708 743 1763 tissimi
775 1707 1015 1762 doctoris
1044 1707 1225 1763 radios
1248 1707 1483 1760 exhibet.
1517 1706 1732 1760 Primus
1761 1705 1855 1774 qui
1884 1706 2090 1760 ultimis
2121 1706 2454 1773 temporibus
2485 1705 2649 1774 hujus
2679 1705 2927 1759 meminit
2971 1706 3247 1774 epistolae,
3293 1703 3395 1759 fuit
3431 1703 3624 1758 Petrus
3652 1700 3786 1756 Mar-

551 1817 634 1874 tyr
665 1803 1027 1868 Florentinus,
1059 1804 1150 1872 qui
1180 1819 1245 1857 ex
1276 1819 1339 1856 ea
1374 1803 1551 1856 locum
1579 1802 1867 1870 quemdam
1897 1795 2121 1870 protulil
2149 1803 2202 1856 in
2233 1802 2391 1857 Locis
2430 1803 2834 1857 communibus.
2872 1801 3128 1858 lnsolitus
3170 1802 3426 1872 loquendi
3469 1801 3537 1856 de
3581 1798 3800 1854 Eucha-

550 1895 698 1948 ristia
732 1896 948 1958 modus,
979 1895 1069 1964 qui
1100 1911 1163 1948 ex
1196 1909 1258 1948 ea
1290 1893 1642 1959 referebatur,
1670 1909 1700 1948 a
1725 1893 1955 1948 Joannis
1985 1894 2362 1964 Cbrysostomi
2413 1895 2598 1964 phrasi
2633 1911 2698 1950 ac
2745 1895 2906 1965 genio
2947 1908 3172 1964 prorsus
3215 1893 3446 1957 alienus,
3479 1892 3709 1946 lectores
3740 1889 3796 1943 in

547 1991 788 2042 diversas
822 1989 982 2042 traxit
1014 1988 1342 2053 sententias;
1375 1988 1496 2041 aliis
1527 1987 1924 2056 supposititiam
1975 2002 2096 2042 esse
2141 1988 2555 2051 aﬂirmantibus,
2608 1989 2732 2042 aliis
2778 2002 2877 2058 pro
2932 1988 3070 2042 virili
3117 1985 3573 2042 contendentibus
3612 1996 3796 2037 veram

546 2099 666 2138 esse
696 2098 760 2136 ac
811 2084 1120 2151 genuinam,
1179 2096 1371 2134 omnes
1426 2081 1690 2148 integram
1743 2081 1925 2136 videre
1973 2094 2185 2134 summe
2232 2081 2593 2149 concupivere
2625 2098 2637 2133 :
2669 2080 3068 2150 dolueruntque
3099 2079 3316 2134 Petrum
3363 2077 3673 2147 Martyrem,
3702 2073 3800 2144 qui

548 2178 754 2247 primus
789 2178 856 2234 de
885 2193 947 2232 ea
984 2177 1307 2232 mentionem
1340 2177 1621 2245 injecerat,
1656 2176 1880 2229 minime
1907 2176 2177 2230 indicasse
2205 2192 2313 2244 qua
2364 2176 2416 2228 in
2459 2175 2787 2230 bibliotheca
2836 2183 3074 2229 exstaret
3124 2173 3291 2228 codex
3351 2170 3452 2227 Ms.
3507 2169 3799 2225 Florentia

546 2275 859 2329 delitescere
889 2273 1132 2328 omnium
1160 2281 1277 2326 erat
1312 2271 1571 2342 suspicio,
1601 2272 1728 2340 quia
1762 2271 2111 2324 Florentinus
2144 2270 2247 2323 fuit
2277 2270 2471 2324 Petrus
2503 2270 2725 2341 Martyr,
2762 2269 2857 2326 sed
2897 2269 3010 2334 ubi,
3044 2269 3113 2323 ab
3144 2268 3399 2324 omnibus
3433 2265 3793 2321 nesciebatur.

547 2364 672 2418 Mihi
705 2381 825 2434 quae
851 2357 1065 2419 fortuna
1108 2365 1313 2419 faverat
1343 2365 1397 2417 in
1427 2364 1747 2432 reperienda
1776 2373 2033 2419 contextu
2079 2363 2270 2420 Graeco
2302 2365 2358 2419 S.
2385 2364 2611 2420 Joannis
2653 2363 3062 2435 Cbrysostomi,
3104 2363 3194 2418 hic
3235 2363 3399 2418 etiam
3444 2376 3554 2416 non
3600 2358 3791 2414 defuit.

548 2458 678 2527 Ejus
707 2458 983 2522 exemplar
1015 2458 1190 2526 reperi
1229 2457 1368 2526 apud
1402 2455 1514 2509 RR.
1542 2455 1644 2511 PP.
1680 2455 2086 2523 Dominicanos,
2121 2459 2175 2511 in
2211 2456 2542 2511 Monasterio
2587 2456 2644 2511 S.
2681 2455 2870 2510 Marci.
2920 2455 3092 2525 Cujus
3136 2465 3187 2510 te
3223 2455 3277 2509 in
3322 2463 3525 2524 partem
3567 2451 3797 2524 ἑρμαίου

549 2549 732 2603 venire
763 2547 937 2602 libens
971 2548 1182 2617 patior;
1219 2563 1317 2602 nec
1353 2556 1610 2616 exspecto
1638 2557 1697 2601 ut
1729 2547 1860 2601 mihi
1894 2548 2196 2605 succlames
2243 2551 2297 2603 in
2350 2564 2660 2615 commune,
2714 2548 2891 2611 κοινὸς
2932 2549 3158 2621 Ἑρμῆς,
3201 2547 3244 2602 si
3288 2546 3452 2600 modo
3497 2544 3711 2600 exorari
3748 2553 3802 2598 te

547 2649 713 2711 siuas,
743 2659 800 2701 ut
829 2645 1056 2710 benigna
1092 2645 1534 2714 interpretatione
1563 2644 1827 2706 emollias,
1863 2660 1984 2714 quae
2015 2646 2332 2701 duriuscule
2363 2654 2563 2700 sonant
2591 2646 2657 2701 de
2683 2644 3039 2701 Eucharistia:
3083 2652 3426 2710 sacramento
3450 2684 3466 2709 ,
3500 2651 3553 2697 et
3589 2642 3644 2696 in
3682 2656 3801 2695 me-

550 2739 775 2793 moriam
809 2753 1028 2792 revoces
1060 2745 1138 2790 tot
1160 2746 1213 2791 et
1238 2747 1347 2791 tam
1381 2736 1617 2804 insignes
1652 2737 1823 2797 locos,
1859 2736 1912 2788 in
1944 2737 2144 2805 quibus
2170 2737 2305 2792 adeo
2335 2738 2637 2794 luculenter
2671 2737 2740 2792 de
2783 2738 2888 2792 hoc
2934 2745 3285 2792 sacrosancto
3327 2735 3588 2807 mysterio
3619 2732 3803 2804 loqui-

550 2840 637 2882 tur
677 2825 916 2882 Joannes
951 2837 1168 2891 noster,
1201 2835 1260 2880 ut
1297 2826 1487 2880 doctor
1533 2825 1889 2880 Eucharistia:
1938 2828 2120 2881 vocari
2168 2830 2430 2883 meruerit
2462 2847 2474 2884 :
2512 2829 2651 2884 sicut
2705 2828 2762 2883 S.
2811 2827 3148 2897 Augustinus
3181 2829 3373 2883 doctor
3410 2827 3608 2882 Gratia:
3639 2829 3802 2898 vulgo

551 2923 888 2989 praedicatur.
926 2920 1046 2974 Dixi
1072 2920 1290 2975 Petrum
1319 2921 1611 2990 Martyrem
1641 2920 1934 2989 postremis
1968 2924 2305 2991 temporibus
2351 2923 2515 2991 hujus
2554 2924 2799 2994 epistolae
2846 2923 3183 2987 meminisse,
3230 2937 3354 2993 qua:
3390 2931 3548 2977 antea
3598 2921 3802 2978 Gracia

550 3012 797 3067 Patribus
830 3012 1111 3068 notissima
1147 3010 1346 3075 fuerat,
1377 3020 1562 3080 utpote
1600 3011 1694 3080 qui
1734 3011 1905 3066 multa
1936 3012 2248 3068 testimonia
2293 3029 2360 3069 ex
2406 3031 2468 3069 ea
2516 3015 2779 3071 adversus
2821 3014 3228 3086 Monophysitas
3263 3025 3318 3071 et
3351 3015 3659 3085 Acephalos
3705 3019 3804 3068 ad-

548 3109 836 3170 duxerunt,
868 3115 927 3160 ut
959 3106 1250 3160 observare
1283 3105 1408 3159 licet
1446 3104 1498 3156 in
1529 3104 1676 3158 notis
1703 3120 1840 3174 quas
1871 3104 2104 3176 margini
2137 3107 2388 3175 apposui,
2422 3107 2713 3162 indicando
2746 3108 2977 3164 Codices
3019 3124 3087 3164 ex
3139 3110 3340 3182 quibus
3396 3117 3603 3166 textum
3650 3108 3801 3165 Gra-

547 3211 673 3251 cum
709 3197 852 3266 apud
881 3198 1004 3252 illos
1033 3196 1220 3252 Patres
1253 3211 1284 3250 a
1317 3211 1404 3251 me
1433 3196 1714 3250 inventum
1747 3196 2033 3267 descripsi.
2075 3197 2344 3253 Caeterum
2377 3199 2468 3252 ubi
2505 3200 2829 3255 deficiebant
2863 3201 3027 3256 verba
3053 3201 3260 3266 Graeca,
3305 3215 3476 3256 vacua
3514 3201 3801 3256 columna-

550 3309 670 3346 rum
706 3295 880 3362 spatia
915 3293 1124 3363 reliqui,
1159 3309 1255 3348 nec
1281 3307 1475 3362 passus
1505 3307 1626 3347 sum
1655 3307 1715 3346 ea
1739 3294 1977 3362 punctis,
2001 3301 2098 3348 aut
2127 3294 2363 3359 lineolis,
2395 3295 2539 3350 sicut
2564 3295 2911 3351 librariorum
2954 3311 3074 3352 mos
3114 3305 3216 3362 est,
3244 3296 3463 3366 repleri,
3498 3306 3563 3352 ut
3590 3298 3803 3366 possint

551 3386 682 3442 inibi
710 3388 810 3442 viri
841 3389 1040 3444 eruditi
1083 3389 1245 3442 verba
1269 3387 1452 3443 Graeca
1493 3388 1792 3453 ascribere,
1827 3389 1875 3443 si
1909 3389 2130 3458 quando
2158 3404 2221 3443 ea
2265 3389 2592 3444 invenerint.
2626 3389 2763 3444 Cum
2794 3391 2939 3445 enim
2983 3389 3356 3460 experimento
3387 3391 3658 3456 noverim,
3690 3405 3801 3460 quo

548 3502 702 3552 casu,
733 3498 906 3554 quave
934 3483 1145 3537 fortuna
1178 3480 1230 3535 in
1264 3497 1326 3538 ea
1354 3499 1476 3553 quae
1505 3483 1714 3537 attexui
1748 3482 2062 3538 testimonia
2103 3481 2410 3546 inciderim,
2454 3497 2562 3536 non
2615 3481 2842 3552 despero
2894 3482 2964 3537 ab
3010 3483 3133 3537 aliis
3188 3483 3294 3537 alia
3346 3482 3800 3553 posse'inveniri.

547 3575 789 3646 Quisque
820 3575 1132 3644 experiatur
1164 3575 1257 3629 cui
1285 3573 1503 3629 fortuna
1529 3575 1635 3629 erit
1663 3573 1929 3629 faventior
1956 3591 1971 3640 ;
2012 3585 2064 3629 et
2091 3575 2137 3630 si
2172 3575 2258 3630 cui
2289 3590 2351 3629 ea
2384 3575 2858 3640 obsecundaverit,
2901 3577 2948 3631 is
2975 3591 3043 3631 ne
3088 3554 3308 3645 publico
3332 3576 3593 3639 invideat,
3625 3590 3803 3646 neque

549 3669 687 3737 apud
722 3683 780 3723 se
813 3668 1028 3722 inventa
1061 3667 1310 3737 privatim
1337 3666 1594 3721 detineat.
1622 3665 1729 3733 Qui
1763 3676 1973 3721 veteres
2001 3666 2169 3722 libros
2195 3675 2466 3733 tractant,
2504 3677 2709 3723 norunt
2755 3669 2959 3722 nullam
3004 3667 3205 3724 veteris
3256 3668 3632 3738 cujuscunque
3676 3668 3801 3722 libri

549 3759 864 3825 editionem,
897 3775 1019 3829 quae
1045 3777 1106 3816 ex
1150 3761 1311 3816 unico
1346 3761 1642 3830 exemplari
1694 3759 1860 3819 fuerit
1900 3770 2079 3826 eruta,
2129 3763 2414 3832 hucusque
2465 3762 2736 3833 prodiisse
2771 3761 2921 3817 omni
2969 3776 3036 3815 ex
3079 3771 3232 3831 parte
3268 3761 3588 3833 perfectam.
3642 3762 3803 3816 Manu

549 3853 754 3905 exarati
781 3850 1006 3907 Codices
1034 3861 1251 3908 mutuas
1281 3852 1513 3907 aliorum
1543 3863 1846 3924 exposcunt
1874 3868 2093 3923 operas,
2139 3862 2199 3908 ut
2230 3853 2380 3924 quod
2408 3853 2463 3908 iu
2495 3869 2603 3909 uno
2629 3862 2948 3923 corruptum
2975 3863 3078 3914 est,
3107 3853 3175 3907 ab
3209 3853 3319 3909 alio
3342 3861 3566 3910 sanetur
3591 3872 3605 3920 ;
3650 3854 3798 3924 quod

2518 4238 2634 4247 _._____
2648 4234 2881 4243 ..υ-ρ’..--
2891 4232 3099 4239 ιο--κ-φ
3111 4229 3370 4238 -.ι-...ωο-

1665 4407 2094 4492 INCIPIT
2132 4398 2686 4486 EPISTOLA

516 4782 703 4823 ΒΕΑΤΙ
761 4782 1020 4826 JOANNIS
1094 4782 1370 4826 EPISCOPI
1431 4770 2165 4824 CONSTANTINOPOLITANI
2238 4768 2318 4810 ΔΙ)
2360 4764 2691 4808 (ΖΕΞΔΒΙΟΜ
2765 4758 3122 4804 MONACHUM
3191 4757 3489 4800 TEMPORE
3534 4757 3803 4800 SECUNIII

1991 4867 2220 4912 EXSILII
2261 4866 2380 4908 SUI.

1813 5227 2083 5240 .—

2088 5206 2247 5260 esse)

2258 5227 2540 5238 _—_——

587 5364 916 5434 Inspeximus
971 5363 1149 5418 literas
1205 5371 1308 5416 tua;
1363 5358 1677 5415 reverentiae
1699 5399 1712 5422 ,
1775 5355 2102 5426 inspeximus
2213 5365 2350 5417 tem,
2378 5364 2430 5408 et
2455 5357 2746 5423 ἀκραιφνὼς,
2781 5350 2830 5403 id
2864 5357 2945 5403 est
2977 5356 3365 5406 ronsununate,
3397 5346 3536 5399 circa
3567 5348 3817 5412 pictatmu

515 5466 689 5509 autem
723 5470 828 5508 non
858 5455 1362 5525 praeterlacrymas;
1395 5450 1662 5522 quomodo
1705 5449 1846 5504 enim
1877 5463 1980 5501 non
2025 5447 2099 5499 la-
2210 5463 2268 5501 se
2297 5445 2602 5508 habentem,
2627 5442 2800 5496 subito
2832 5440 3199 5493 haereticorum
3224 5437 3456 5507 jactibus
3488 5437 3690 5508 lapsum
3718 5438 3739 5489 ‘?

516 5548 892 5615 crymabimur,
933 5557 986 5602 et
1028 5547 1256 5600 animam
1309 5546 1474 5615 ipsam
1522 5544 1708 5598 dolore
1753 5540 2099 5604 conficimus,
2210 5572 2389 5631 vim";
2415 5569 2952 5631 imperitusmerpres,
2982 5563 3274 5631 δεηρηιᾳνεηι
3303 5561 3448 5631 vum-,3
3480 5571 3496 5609 ;
3529 5559 3806 5631 ςιηέερδιο.

517 5639 756 5693 videntes
779 5637 992 5692 fratrem
1021 5637 1342 5706 singularem
1368 5636 1530 5690 vitam
1555 5637 1569 5667 ⁸
1598 5650 1628 5689 a
1654 5633 1879 5704 pueritia
1905 5632 2099 5702 eligcn-
2209 5609 2509 5707 {1211;35ve
2513 5645 2655 5707 povin‘
2671 5644 2761 5707 piov,
2784 5609 3093 5707 φξῳέιξσξξῖ]
3100 5621 3504 5707 j‘jigrftal'twfilal;
3525 5624 3595 5669 (δί’
3612 5609 3812 5707 Ᾰγδπυηο

2206 5698 2308 5745 sius
2330 5698 2378 5744 in
2402 5686 2614 5742 I'tis'toria'
2629 5686 2912 5741 Arianorum
2933 5690 2990 5738 ad
3030 5686 3306 5745 monachos,
3347 5704 3420 5741 val;
3463 5699 3520 5734 is.
3567 5700 3699 5744 pm,”
3736 5706 3811 5739 ρ...

583 5771 599 5801 ι
619 5765 668 5816 lu
702 5765 867 5820 Graeco
885 5778 990 5822 erat
1022 5769 1148 5822 haud
1185 5769 1351 5833 dubie,
1392 5781 1451 5821 is.
1490 5781 1622 5834 μνιςῃ
1662 5783 1769 5832 at»,
1791 5769 2100 5819 monasticam
2207 5770 2377 5820 ἀσιοῡσε,
2403 5753 2712 5809 nwnasticam
2735 5753 2881 5806 mam
2902 5748 3150 5816 agentibus
