4076 6432
301 399 414 458 755
1454 393 1546 453 AD
1585 365 1967 452 Cassarum
2006 390 2416 450 MONACHUH.
3475 397 3579 456 756

302 502 361 557 ln
401 498 1192 565 uno-vetustasobliteraverit,
1226 499 1296 554 ab
1334 500 1443 556 alio
1490 500 1667 556 lucem
1699 499 1955 570 accipiat.
2006 498 2124 556 Hoc
2167 515 2357 556 verum
2398 515 2523 557 esse
2577 500 2646 557 de
2684 501 2887 560 Codice
2929 503 3096 576 hujus
3142 506 3388 578 epistola:
3428 501 3588 562 l'atcri

300 608 496 666 cogor;
532 598 625 668 qui
657 592 782 650 licet
803 602 877 650 stt
901 608 1171 649 annorum
1206 593 1331 662 500,
1363 611 1556 664 parum
1594 605 1778 650 tamen
1815 597 2102 652 emendate
2132 597 2371 666 scriptus
2406 606 2513 657 est.
2547 606 2602 653 et
2645 613 2804 669 opem
2855 612 2886 655 a
2934 599 3125 658 Graeco
3177 603 3452 673 praecipue
3485 601 3589 657 Co-

301 691 446 755 dice,
481 698 577 746 ant
599 691 668 747 ab
703 693 810 747 alio
841 694 1032 748 saltem
1065 691 1276 757 Latino,
1307 692 1572 762 postulat.
1606 691 1666 746 In
1713 705 1782 746 eo
1828 705 1993 761 quem
2041 690 2173 757 vidi,
2222 690 2517 760 aliquando
2570 705 2730 745 voces
2774 693 3050 745 continuae
3089 701 3237 753 sunt,
3282 690 3579 762 aliquando

303 785 534 856 simplex
567 787 767 842 vocalis
807 785 846 839 E
878 802 977 856 pro
1009 787 1348 858 diphthongo
1376 783 1444 839 ᾹΞ
1479 783 1684 854 scripta
1717 782 1859 851 fuit;
1888 781 1932 835 T
1960 798 2062 853 pro
2095 781 2158 846 D,
2196 790 2251 837 et
2290 783 2406 837 vice
2433 797 2587 836 vcrsa
2621 781 2662 834 D
2708 798 2807 852 pro
2835 782 2916 848 T;
2955 784 3138 839 verbis
3167 784 3461 855 aliquando
3503 786 3576 842 ita

303 882 603 950 corruptis,
638 891 698 936 ut
734 881 802 935 ad
834 882 1122 937 sanitatem
1160 881 1348 936 reduci
1382 868 1608 934 minime
1638 877 1855 948 possint
1885 877 2095 947 absque
2127 877 2374 932 subsidio
2399 877 2634 932 aliorum
2664 877 2951 932 Codicum.
2989 875 3124 944 Quae
3149 879 3458 932 scribarum
3490 878 3574 933 in-

301 972 459 1026 curia
491 973 774 1034 deterruit,
806 973 1021 1043 Opinor,
1048 973 1264 1028 Petrum
1297 972 1587 1042 Martyrem
1616 971 1686 1026 ab
1712 986 1776 1025 ea
1827 970 2057 1024 edenda.
2092 967 2273 1024 Taceo
2307 970 2832 1041 interpretationem,
2884 986 3007 1040 qua:
3063 972 3248 1027 minus
3300 981 3578 1038 accurata,

303 1067 418 1122 imo
448 1068 606 1137 plane
629 1067 861 1122 barbara
890 1068 1126 1122 videtur.
1157 1067 1268 1138 Ego
1291 1066 1379 1120 his
1406 1066 1664 1121 omnibus
1695 1063 1864 1119 meris
1900 1064 2134 1119 lectores
2157 1064 2451 1120 benevolos
2484 1080 2832 1136 nequaquam
2867 1065 3133 1122 oll‘ensum
3173 1067 3239 1120 iri
3283 1067 3580 1122 arbitratus

302 1175 464 1226 sum;
498 1161 607 1215 imo
633 1176 753 1215 eam
779 1161 1010 1214 libenter
1047 1171 1372 1230 excepturos
1419 1167 1550 1228 puto
1583 1173 1748 1226 quam
1799 1156 1997 1210 damus
2051 1156 2360 1226 epistolam,
2408 1156 2601 1212 Latine
2652 1173 2876 1228 quoquo
2933 1158 3097 1213 modo
3129 1172 3364 1224 versam,
3420 1159 3579 1230 cujus

302 1251 668 1322 fragmentum
701 1268 730 1306 a
761 1250 923 1307 Petro
946 1251 1182 1322 Martyre
1205 1251 1434 1313 editum,
1462 1250 1802 1306 eruditorum
1838 1248 2052 1303 animos
2081 1249 2289 1324 pridem
2321 1249 2651 1305 sollicitavit.
2689 1249 2825 1316 Quis
2853 1251 2997 1306 enim
3030 1251 3163 1306 illud
3207 1267 3333 1307 cum
3364 1252 3576 1324 legerit,

298 1342 531 1399 Joannis
560 1343 935 1415 Chrysostomi
961 1357 1200 1404 mentem,
1226 1345 1504 1414 percipere
1542 1353 1726 1414 queat,
1760 1359 1826 1398 cx
1860 1358 2038 1414 eoque
2092 1344 2549 1408 animadvertere,
2585 1361 2693 1414 qua
2739 1346 3051 1410 occasione,
3095 1362 3207 1416 quo
3241 1348 3427 1402 animo
3460 1349 3578 1419 ejus

296 1438 468 1494 verba
493 1436 694 1505 scripta
726 1437 897 1492 sunt?
928 1436 986 1490 ln
1012 1451 1078 1492 ea
1107 1451 1272 1506 porro
1308 1437 1536 1504 epistola
1568 1437 1755 1490 mirari
1803 1436 1928 1491 licet
1961 1451 2236 1490 summam
2284 1444 2336 1490 et
2366 1436 2645 1491 insolitam
2690 1435 2785 1492 Dei
2828 1439 3205 1509 amantissimi,
3239 1439 3340 1494 viri
3382 1441 3581 1496 carita-

302 1545 436 1598 tem,
467 1531 561 1602 qui
594 1531 720 1586 licet
753 1531 1052 1586 innumeris
1076 1531 1335 1585 aerumnis
1368 1545 1665 1599 oppressus
1698 1539 1867 1596 esset,
1901 1539 2068 1601 atque
2103 1530 2382 1584 continuis
2417 1531 2722 1588 terroribus
2750 1534 2821 1587 ob
2854 1531 3167 1587 Isaurorum
3208 1533 3576 1602 incursiones,

301 1639 366 1684 ut
392 1628 510 1696 ipse
533 1627 724 1682 scribit
750 1627 802 1680 in
835 1626 1082 1696 epistolis
1105 1626 1171 1680 ad
1199 1625 1351 1698 [ΗΞ]
1380 1625 1775 1696 Olympiadem,
1812 1641 1948 1694 pene
1975 1626 2410 1690 exanimaretur,
2449 1625 2806 1681 nihilominus
2839 1641 2964 1681 cum
2993 1627 3236 1682 audisset
3271 1623 3578 1685 Caesarium

301 1720 632 1776 monachum
663 1719 900 1774 amicum
937 1734 1097 1774 suum
1135 1721 1187 1770 in
1225 1717 1562 1787 Apollinaris
1592 1726 1646 1772 et
1671 1716 2080 1770 Συνουσιαστῶν
2109 1717 2364 1771 haeresim
2391 1717 2671 1780 incidisse,
2710 1734 2836 1772 eum
2870 1734 2970 1788 pro
3001 1719 3308 1776 incredibili
3353 1737 3454 1777 sua
3481 1725 3574 1777 bo-

301 1817 470 1870 nitate
503 1815 572 1869 ab
599 1813 792 1868 ha'resi
819 1823 1066 1868 avertere
1095 1823 1258 1882 atque
1291 1813 1343 1866 in
1380 1812 1608 1867 sincera:
1636 1812 1852 1881 pietatis
1890 1809 2034 1865 viam
2068 1826 2328 1866 revocare
2358 1811 2460 1866 hac
2485 1811 2716 1881 epistola
2752 1812 2972 1894 molitus
3003 1822 3109 1868 est.
3139 1811 3417 1879 Quantum
3448 1831 3581 1872 vero

297 1909 631 1978 Apollinaris
665 1908 886 1962 Incresis
917 1918 1030 1962 tum
1059 1917 1421 1977 grassaretur,
1454 1913 1507 1960 et
1531 1922 1696 1976 quam
1726 1906 1928 1960 multos
1957 1906 2272 1972 invasisset,
2304 1922 2367 1960 ex
2401 1921 2466 1961 eo
2505 1907 2764 1977 colligere
2792 1907 2934 1971 licet,
2967 1907 3114 1977 quod
3149 1919 3338 1965 contra
3367 1910 3581 1981 Apolli-

300 2004 536 2057 uaristas
563 2011 617 2056 et
657 2001 1009 2071 Synusiastas
1049 2002 1391 2070 scripserunt
1443 2000 1716 2055 Diodorus
1764 1999 2054 2055 Tarsensis
2103 2000 2416 2070 episcopus,
2475 2015 2637 2070 quem
2683 2016 2851 2069 supra
2901 2001 3219 2065 memoravi,
3276 2000 3574 2073 Gregorius

298 2092 598 2165 Nyssenus,
631 2092 868 2164 Cyrillus
919 2094 1344 2159 Alexandrinus,
1379 2091 1702 2148 Theodorus
1753 2093 2190 2162 Mopsuestenus,
2239 2091 2574 2162 Theophilus
2621 2093 3044 2160 Antiochensis,
3093 2103 3155 2150 ut
3202 2095 3342 2151 alios
3390 2097 3577 2166 plures

296 2189 568 2243 omittam.
602 2186 779 2256 Atque
812 2197 873 2241 ut
905 2187 974 2241 ab
1003 2202 1069 2241 eo
1098 2202 1285 2243 errore
1308 2186 1605 2242 Caesarium
1635 2193 1913 2240 revocaret
1953 2183 2214 2253 Joannes,
2251 2200 2488 2255 eumque
2526 2186 2592 2239 ad
2629 2186 2954 2240 catholicam
2987 2185 3171 2253 fidem,
3203 2202 3327 2256 quae
3356 2187 3493 2243 duas
3525 2187 3581 2242 in

296 2281 519 2335 Christo
547 2289 772 2335 naturas
811 2278 1134 2336 inconfusas
1156 2279 1261 2334 sub
1295 2293 1400 2332 una
1427 2293 1659 2347 persona
1692 2277 2006 2342 conlitetur,
2056 2261 2287 2347 cpistola
2329 2278 2642 2342 reduceret,
2698 2277 3162 2347 comparationem
3203 2278 3274 2333 ab
3314 2277 3581 2334 Euchari-

295 2374 421 2430 stiai
442 2383 789 2429 sacramento
825 2383 1127 2438 mutuatur,
1157 2375 1211 2428 in
1243 2389 1353 2444 quo
1389 2373 1548 2442 panis
1576 2379 1703 2442 post
1735 2373 2235 2437 consecrationem,
2265 2388 2373 2427 non
2399 2372 2514 2444 jam
2544 2373 2725 2443 panis,
2757 2375 2851 2430 sed
2900 2388 3103 2444 corpus
3144 2375 3351 2431 Christi
3394 2375 3579 2447 appel-

296 2466 399 2527 lari
421 2467 618 2537 dignus
647 2467 876 2523 eﬂicitur
900 2465 1175 2534 ;_Etiamsi
1205 2476 1400 2521 natura
1425 2468 1604 2537 panis,
1643 2468 1839 2537 inquit,
1875 2469 1931 2521 in
1960 2470 2074 2536 ipso
2105 2471 2421 2537 permansit,
2451 2479 2501 2523 et
2533 2485 2634 2524 non
2665 2470 2771 2524 duo
2801 2486 3044 2540 corpora,
3078 2471 3169 2526 sed
3199 2489 3364 2526 unum
3394 2487 3583 2543 corpus

300 2550 433 2612 Filii
459 2559 803 2628 prcdicatur.
835 2558 1046 2626 Quibus
1070 2559 1250 2614 verbis
1277 2567 1504 2615 sanctus
1537 2559 1728 2614 doctor
1754 2575 1937 2614 veram
1972 2576 2038 2616 ac
2069 2562 2292 2626 realem,
2326 2571 2387 2616 ut
2422 2570 2640 2628 vocant,
2675 2564 2926 2633 corporis
2965 2565 3166 2621 Christi
3217 2567 3270 2620 in
3316 2566 3584 2622 Euchari-

295 2652 401 2708 stia
433 2655 776 2725 praesentiam
807 2654 1085 2723 supponit,
1114 2665 1166 2709 et
1193 2655 1480 2724 agnoscit;
1522 2655 1658 2709 alias
1682 2665 1829 2710 certe
1857 2657 2003 2711 nulla
2041 2667 2184 2712 esset
2225 2673 2350 2714 cum
2402 2659 2640 2713 humana
2694 2675 2761 2714 ac
2798 2661 2980 2716 divina
3025 2662 3080 2716 in
3121 2662 3341 2719 Christo
3387 2673 3581 2720 natura

301 2747 664 2805 Eucharistiee
688 2751 1046 2820 comparatio.
1068 2747 1190 2819 lpse
1220 2751 1647 2822 Chrysostomus
1676 2748 1835 2804 Hom.
1860 2751 1895 2804 2

1972 2753 2197 2821 lpopul.
2235 2753 2700 2810 Antiochensem:
2742 2755 2801 2808 '0
2833 2756 2932 2827 μὲν
2955 2758 3064 2828 γὰρ
3108 2757 3292 2821 Ἠλίας
3325 2759 3582 2830 μηλωτὴν

297 2839 479 2910 ἀφῆκε
509 2840 585 2912 τῷ
617 2841 852 2912 μαθητῇ,
884 2843 912 2894 ὁ
939 2841 996 2894 δὲ
1025 2841 1155 2903 Υἱὸς
1182 2841 1274 2893 τοῦ
1305 2841 1439 2895 Θεοῦ
1471 2842 1800 2908 ἀναϐαίνων,
1833 2843 1932 2912 τὴν
1963 2843 2143 2915 σάρκα
2173 2846 2304 2914 ἡμῖν
2347 2845 2614 2899 κατέλιπε
2653 2847 2752 2918 τὴν
2801 2847 3016 2900 ἑαυτοῦ·
3064 2848 3178 2903 ἀλλ’
3207 2852 3235 2903 ὁ
3267 2851 3366 2919 μὲν
3396 2852 3585 2916 Ἠλίας

293 2933 727 3004 ἀποδυσάμενος,
759 2936 788 2988 ὁ
816 2935 874 2988 δὲ
906 2933 1139 3005 Χριστὸς
1170 2935 1268 2988 καὶ
1297 2937 1432 3006 ἡμῖν
1462 2937 1741 3000 κατέλιπε,
1773 2939 1867 2990 καὶ
1896 2941 1903 2989 i

1975 2956 2036 2990 υν
2070 2939 2243 3008 αὐτὴν
2268 2939 2468 3008 ἀνῆλθε
2496 2959 2508 2994 :
2545 2939 2733 2994 Helias
2761 2943 2904 2995 enim
2932 2944 3156 3012 pallium
3188 2946 3400 3015 reliquit
3427 2946 3585 3000 disci-

293 3023 422 3092 pulo
451 3041 568 3092 suo,
602 3025 699 3080 Dei
729 3036 904 3081 autem
937 3029 1115 3083 Filius
1145 3028 1430 3082 ascendens
1463 3028 1515 3082 in
1548 3030 1736 3082 ca'lum
1767 3031 1913 3083 nobis
1944 3047 2155 3083 carnem
2187 3048 2340 3084 suam
2379 3032 2592 3102 reliquit
2622 3046 2643 3086 :
2687 3034 2780 3088 sed
2822 3034 3010 3089 Helias
3039 3053 3094 3090 se
3122 3039 3266 3091 exuit
3292 3056 3306 3102 ;
3340 3039 3584 3094 Christus

297 3130 420 3169 vero
445 3125 496 3170 et
527 3133 738 3171 carnem
769 3135 922 3172 suam
955 3122 1103 3174 nobis
1135 3121 1367 3189 reliquit,
1401 3121 1672 3190 ipsumque
1701 3121 1897 3176 habens
1928 3125 2185 3177 ascendit.
2219 3121 2287 3177 Et
2323 3123 2482 3181 Hom.
2515 3125 2584 3180 85
2625 3127 2678 3180 in
2715 3126 3027 3182 Matthazum
3059 3148 3074 3184 :
3134 3129 3290 3184 Οὕτω
3345 3134 3441 3186 καὶ
3493 3133 3588 3186 ἐπὶ

295 3205 407 3258 τῶν
441 3206 754 3278 μυστηρίων
785 3209 1050 3280 ποιῶμεν,
1070 3212 1129 3264 οὐ
1161 3215 1271 3273 τοῖς
1301 3212 1573 3280 κειμένοις
1606 3211 1766 3283 μόνον
1798 3215 2180 3283 ἐμϐλέποντες,
2201 3217 2334 3271 ἀλλὰ
2351 3219 2420 3271 τὰ
2450 3221 2673 3289 ῥήματα
2701 3219 2869 3273 αὐτοῦ
2901 3221 3242 3293 κατέχωμεν.
3272 3223 3330 3278 Ὀ
3350 3226 3448 3294 μὲν
3477 3227 3586 3297 γὰρ

296 3297 458 3367 λόγος
486 3299 651 3352 αὑτοῦ
682 3301 1141 3372 ἀπαραλόγιστος,
1172 3306 1205 3374 ἡ
1238 3303 1295 3355 δὲ
1326 3302 1580 3374 αἴσθησις
1613 3305 1772 3375 ἡμᾶν
1803 3305 2226 3376 εὑεξαπάτητος.
2261 3306 2429 3374 Οὗτος
2457 3313 2713 3365 οὐδέποτε
2742 3313 2980 3374 διέπεσε.
3015 3316 3151 3387 αὕτη
3183 3317 3239 3370 δὲ
3268 3318 3336 3371 τὰ
3367 3319 3587 3373 πλείονα

300 3391 617 3462 σφάλλεται.
661 3391 814 3446 Ἐπεὶ
842 3389 935 3448 οὖν
966 3397 993 3448 ὁ
1023 3395 1194 3464 Λόγος
1219 3397 1374 3467 φησὶ,
1411 3395 1583 3448 Τοῦτό
1617 3398 1734 3451 ἐστι
1763 3396 1825 3451 τδ
1853 3397 2015 3466 σῶμά
2047 3416 2174 3467 μου,
2208 3401 2303 3453 καὶ
2335 3403 2674 3473 πειθώμεθα,
2706 3407 2800 3459 καὶ
2850 3407 3219 3478 πιστεύωμεν,
3253 3411 3346 3463 καὶ
3374 3415 3586 3482 νοητοῖς

300 3483 433 3537 αὐτὸ
457 3483 744 3553 βλέπωμεν
773 3487 1074 3558 ὀφθαλμοῖς
1107 3507 1120 3544 :
1155 3489 1244 3544 Sic
1273 3491 1436 3544 etiam
1470 3491 1522 3543 in
1555 3494 1820 3571 mysteriis
1853 3493 1907 3561 fa

1978 3512 2138 3558 :ntus,
2173 3513 2274 3549 non
2307 3497 2403 3550 illa
2433 3516 2548 3567 quae
2592 3510 2714 3554 ante
2757 3519 2851 3556 nos
2872 3503 3054 3573 jacent
3085 3505 3414 3563 solummodo
3444 3510 3588 3579 aspi-

300 3577 516 3642 cientes,
549 3579 638 3630 sed
677 3578 832 3633 verba
874 3597 1075 3650 quoque
1113 3583 1228 3646 eius
1269 3595 1518 3636 tenentes.
1563 3583 1708 3636 Nam
1747 3595 1797 3638 et
1841 3587 2008 3640 verbis
2043 3589 2156 3657 ejus
2198 3589 2514 3656 defraudari
2547 3607 2650 3645 non
2687 3608 2990 3660 possumus,
3031 3612 3218 3652 sensus
3258 3616 3378 3654 vero
3409 3577 3589 3655 noster

299 3667 517 3734 deceptu
549 3667 840 3734 facillimus
875 3679 953 3724 est
985 3688 1002 3724 :
1034 3673 1130 3725 illa
1161 3674 1302 3740 falsa
1329 3689 1440 3728 esse
1471 3689 1575 3727 non
1603 3687 1843 3743 possunt,
1875 3677 1957 3730 hic
1982 3679 2176 3746 swpius
2202 3691 2358 3749 atque
2390 3683 2581 3750 swpius
2604 3684 2835 3753 fallitur.
2862 3685 3128 3752 Quoniam
3159 3707 3281 3761 ergo
3305 3691 3397 3746 ille
3424 3693 3584 3749 dixit.

304 3760 418 3815 Hoc
449 3771 536 3817 est
569 3778 768 3833 corpus
803 3781 1008 3833 meum,
1038 3768 1343 3822 obediamus
1373 3778 1422 3823 et
1451 3770 1753 3837 credamus,
1786 3782 1833 3824 et
1865 3774 2032 3826 oculis
2063 3775 2362 3829 intellectus
2395 3777 2449 3829 id
2479 3779 2884 3847 perspiciamus.
2912 3782 3189 3853 lntegrum
3225 3760 3424 3841 librum
3454 3803 3587 3842 con-

303 3859 544 3925 licerem,
577 3861 624 3916 si
658 3877 721 3916 ex
758 3860 1155 3933 Chrysostomo
1192 3865 1344 3920 locos
1373 3881 1565 3920 omnes
1589 3881 1961 3935 excerperem,
1993 3868 2272 3939 inquibus
2301 3871 2368 3927 de
2397 3875 2772 3931 sacratissima
2814 3875 3157 3935 Eucharistia
3205 3881 3458 3938 similiter
3501 3883 3588 3937 lo-

300 3952 524 4021 quitur;
559 3953 652 4008 scd
675 3953 854 4010 huius
885 3969 950 4009 ac
976 3956 1253 4012 salubrius
1294 3957 1390 4012 tibi
1418 3958 1526 4012 erit
1553 3973 1647 4014 eos
1678 3959 1732 4014 in
1771 3959 1922 4015 fonte
1955 3962 2172 4032 legisse.

2078 4313 2450 4327 ——___._.._

309 4301 2072 4333 mm

2459 4334 3155 4351 --—-_“
3175 4327 3181 4345 Ι
3200 4327 3211 4334 .
3227 4327 3550 4361 ,ᾗ

289 4477 567 4551 ί⁷³⁶’⁷⁴²]
615 4517 642 4545 ι
672 4487 1176 4576 ΙΩΑΝΝΟΥ
1227 4489 2166 4581 ΑΡΧΙΕΠΙΣΚΟΠΟΥ
2202 4491 3573 4602 ΚΩΝΣΤΑΝΤΙΝΟΥΠΟΛΕΩΣ,

711 4842 778 4897 ἐκ
832 4843 938 4912 τῆς
985 4844 1133 4914 πρὸς
1187 4847 1515 4918 Καισάρων
1582 4851 1858 4920 μοναχὸν
1912 4851 2245 4923 ἐπιστολῆς
2293 4855 2445 4925 μετὰ
2485 4856 2596 4926 τὴν
2653 4858 2940 4930 δευτέραν
2983 4861 3171 4916 αὐτοῦ

830 5005 870 5046 β
1829 4949 2086 5016 ἐξορίαν.

1607 5280 1892 5346 (suam
1936 5283 2260 5355 assum.)

363 5801 393 5832 ⁵
412 5799 628 5869 Titulus
651 5801 822 5869 Grece
849 5817 910 5852 ex
933 5818 1043 5869 _r_ns.
1086 5805 1401 5863 bibliothecae
1435 5810 1652 5866 Colberi.
1682 5829 1742 5868 ex
1794 5827 1898 5869 tra-

299 5870 433 5914 ctatu
456 5861 726 5928 Nicephorl
747 5873 914 5916 contra
933 5865 1197 5920 Mamertus.
