4076 6434
485 384 599 444 ’189

487 500 658 557 uitio
671 497 865 556 dicitur
882 495 1163 569 aliquando
1181 493 1496 566 slbimetipsi
1516 494 1654 550 uniri
1674 508 1795 565 quas
1823 507 1925 549 una
1953 498 2066 556 est;

486 599 580 648 aut
613 588 898 655 confundi,
929 598 1022 644 aut
1059 586 1223 644 dividi
1257 586 1586 655 impossibile
1626 592 1728 640 est.
1760 583 1913 651 Quod
1941 595 2070 653 ergo

489 679 752 736 infernum
780 679 1015 736 evomuit
1039 694 1197 734 unam
1227 678 1280 732 in
1310 676 1521 733 Christo
1549 684 1790 731 naturam
1809 675 1992 731 dicere
2011 673 2070 729 '1

487 779 735 839 putamus
761 769 994 826 divinam
1039 768 1208 825 solam
1238 769 1575 824 nominantes
1616 783 1720 822 non
1758 765 2070 821 omnimodo

485 874 645 916 unum
672 870 900 932 negant,
939 870 1178 916 nostram
1204 860 1325 914 dico
1349 860 1574 915 salutem
1595 900 1608 926 ,
1649 868 1741 914 aut
1783 860 2066 914 humanam

485 950 776 1005 retinentes
801 959 1006 1005 natum
1039 949 1232 1005 divina
1271 949 1674 1019 abnegatinnem
1711 947 1930 1003 faciunt.
1975 947 2067 1002 Di-

483 1047 629 1107 eant,
674 1055 794 1110 quas
841 1039 1070 1110 perdidit
1111 1039 1251 1110 quod
1291 1039 1561 1110 proprium
1611 1037 1768 1095 erat?
1813 1037 1869 1094 Si
1925 1039 2068 1094 enim

485 1146 623 1186 unus
646 1143 748 1199 est,
772 1131 914 1187 salva
942 1132 1094 1188 nobis
1115 1141 1196 1188 est
1227 1132 1394 1187 unitio
1413 1132 1556 1186 omni
1581 1131 1761 1196 modo,
1789 1141 1839 1186 et
1863 1146 1924 1186 ea
1945 1146 2068 1202 qua

485 1222 850 1278 unitionisunt
875 1224 1085 1294 propria
1115 1223 1308 1278 salvari
1335 1237 1555 1279 necesse
1577 1222 1743 1280 εει.δί
1765 1223 1906 1278 enim
1935 1238 2064 1290 non,

484 1327 585 1369 nec
611 1314 812 1381 ttnitio,
855 1313 948 1368 sed
977 1313 1220 1370 confusio
1258 1321 1313 1368 et
1335 1314 1576 1374 abolitio.
1620 1313 1739 1368 Mox
1778 1325 1956 1369 autem
1998 1312 2066 1368 ad

483 1406 909 1478 interrogationis
937 1405 1254 1462 ﬂuctuantes
1294 1408 1693 1477 responsionem
1714 1448 1729 1472 ,
1761 1408 1828 1462 ad
1867 1406 2064 1477 aliquid

479 1496 621 1552 aliud
648 1498 916 1563 exsiliunt,
959 1497 1102 1568 quod
1128 1514 1232 1553 non
1263 1498 1333 1552 sit
1359 1499 1632 1568 proprium
1659 1497 1725 1553 ad
1763 1497 2065 1568 interroga-

483 1586 704 1653 tionem,
735 1596 791 1642 et
818 1587 1181 1644 inconstantes
1206 1588 1455 1644 emittunt
1474 1603 1651 1644 voces.
1677 1588 1900 1644 Pertulit
1926 1589 2066 1645 Deus

475 1685 535 1734 et
582 1693 690 1733 non
737 1679 976 1750 pertulit,
1027 1679 1152 1735 etsi
1197 1688 1445 1751 petantur
1486 1680 1702 1735 modum
1748 1679 1949 1749 dicere,
1997 1681 2064 1736 ad

479 1767 832 1837 ignorantiam
863 1769 1120 1825 recedunt
1149 1771 1496 1841 proferentes,
1528 1771 1798 1840 quomodo
1819 1773 1982 1828 voluit
2003 1775 2060 1828 ’τ

476 1857 675 1913 Christi
712 1859 851 1929 apud
877 1860 1021 1929 ipsos
1049 1862 1307 1916 memoria
1343 1861 1594 1932 fugiente.
1623 1863 1752 1917 Post
1780 1863 1894 1919 haec
1921 1864 2061 1917 vitu-

481 1951 646 2019 perati
677 1950 729 2005 in
763 1952 880 2018 hoc,
914 1966 1041 2007 mox
1069 1953 1269 2016 dicunt,
1298 1954 1362 2008 Et
1388 1952 1632 2010 Christus
1661 1971 1764 2010 non
1788 1965 1871 2011 est
1899 1957 2058 2022 Deus,

485 2039 582 2094 sed
612 2051 665 2095 et
694 2041 874 2096 homo.
901 2041 968 2097 Et
990 2043 1180 2098 iterum
1205 2044 1424 2099 dicunt'
1448 2062 1462 2099 :
1511 2045 1638 2100 Post
1663 2047 1916 2103 unitatem
1958 2064 2061 2104 non

475 2140 689 2199 oportet
731 2131 909 2188 dicere
934 2132 1068 2188 duas
1091 2142 1329 2189 naturas.
1364 2135 1594 2191 Attende
1621 2137 2062 2207 signiﬁcationem

479 2219 626 2274 dicti.
658 2220 958 2278 Unitionem
981 2223 1194 2280 dixisti?
1215 2224 1383 2281 Unius
1413 2228 1701 2283 unitionem
1729 2242 1835 2282 non
1859 2229 2063 2283 invenis

479 2311 614 2379 fieri,
644 2314 911 2384 quomodo
953 2317 1339 2385 praevenientes
1375 2318 1629 2386 diximus,
1689 2318 1905 2375 Verbum
1943 2339 2062 2378 caro

478 2409 669 2476 factum
697 2416 770 2462 est
797 2405 975 2480 (Ioan.
1003 2410 1055 2464 i.
1099 2410 1224 2480 id):
1248 2411 1343 2467 sed
1379 2420 1433 2468 et
1460 2414 1900 2483 speculancorum
1926 2430 2060 2483 que-

475 2505 662 2551 rentur
707 2499 1070 2555 subtilitatem.
1117 2500 1302 2557 Intulit
1340 2503 1518 2571 enim,
1567 2503 1637 2557 Et
1675 2505 1972 2561 inhabitavit
2006 2507 2060 2562 in

475 2588 637 2644 nobis.
673 2590 936 2663 Numquid
981 2608 1087 2648 non
1119 2594 1212 2650 tibi
1251 2595 1461 2651 videtur
1482 2597 1606 2668 quia
1634 2598 1778 2653 aliud
1807 2609 1890 2655 est
1916 2599 2058 2670 quod

476 2682 734 2739 inhabitat
761 2695 954 2755 praeter
984 2685 1401 2744 habitationem?
1432 2689 1494 2745 Si
1513 2693 1875 2762 cognovissent,
1910 2710 2060 2748 num-

473 2793 625 2845 quam
662 2775 934 2832 Dominum
981 2779 1158 2850 gloria!
1198 2781 1566 2850 cruciﬁxissent
1596 2782 1683 2854 (1.
1708 2782 1826 2839 Cor.
1866 2784 1922 2839 2.
1963 2785 2056 2855 8).

477 2867 756 2922 Dominum
783 2868 973 2923 iterum
1009 2871 1222 2940 quando
1249 2871 1468 2938 dixeris,
1499 2890 1605 2928 non
1636 2877 1932 2945 preprium,
1964 2876 2060 2932 sed

475 2970 757 3011 commune
777 2958 1100 3027 significatur
1129 2975 1320 3016 nomen
1352 2963 1614 3032 passionis
1636 2973 1692 3020 et
1715 2966 2059 3036 impassibiii-

477 3047 598 3102 tatis
625 3049 982 3116 suswptibile.
1007 3052 1413 3109 Ccnsueverunt
1431 3053 1454 3086 ⁴
1471 3063 1649 3114 autem
1675 3067 1729 3113 et
1755 3059 1893 3114 istud
1917 3073 2060 3129 pra:-

475 3139 727 3196 tendere:
757 3141 1010 3199 Putamus
1046 3159 1151 3200 non
1182 3161 1377 3217 corpus
1405 3148 1500 3203 Dei
1527 3158 1584 3205 et
1619 3153 1929 3222 sanguinem
1961 3169 2057 3210 ac-

472 3234 709 3303 cepimus
733 3233 958 3305 fideiiter
983 3252 1047 3292 ac
1075 3239 1159 3306 pie
1187 3241 1602 3310 suscipiendum,
1636 3258 1741 3298 non
1782 3244 1905 3314 quia
1931 3259 2055 3302 cor-

537 3353 555 3385 ι
579 3350 872 3416 Athanasius
893 3356 1062 3416 contra
1091 3348 1370 3416 Epictetum
1394 3364 1442 3413 p.
1456 3349 1749 3416 “9022110105
1767 3352 1885 3416 ᾅδης
1903 3352 2045 3416 ἠρεύ-

474 3417 603 3471 ξατο,
626 3411 876 3475 ὁμορύᾳιᾳν
897 3411 1039 3460 εἰπεῖν
1059 3412 1114 3460 τὸ
1132 3411 1192 3460 ἒκ
1210 3411 1558 3475 Μαρίαςήσῶμα
1577 3419 1635 3475 τῇ
1649 3412 1744 3475 frob
1766 3411 1924 3474 Λόγου
1941 3411 2045 3464 θεό-

472 3470 622 3542 tua,
635 3470 751 3542 Quis
773 3471 986 3542 infernus
1008 3470 1240 3542 oraomni}
1259 3470 1434 3542 corylus
1454 3470 1517 3522 ea:
1532 3470 1690 3542 Maria
1711 3470 1924 3536 genitum
1941 3489 2045 3527 esse

477 3531 622 3598 Verbi
643 3531 886 3598 divinitati
905 3531 1469 3598 consubstantialeYQuaa
1478 3531 1750 3597 sequuntn'r
1761 3543 1888 3598 post,
1901 3549 2046 3586 unum

474 3597 526 3649 in
549 3594 741 3648 Christo
763 3602 994 3660 naturam
1011 3595 1333 3660 dicere_(uiav
1360 3594 1664 3660 ἐπὶ-Κρίσῖῷ
1687 3594 1837 3659 liv-etv
1862 3599 2043 3660 φύσιν),

507 3614 526 3649 t
549 3611 741 3648 variato
763 3611 986 3645 naturam
1011 3611 1175 3665 dicere
1203 3611 1333 3704 Ἁξιαν
1360 3611 1435 3644 tm
1472 3611 1664 3660 Aptd‘ttp
1688 3611 1837 3659 Αεγειν
1862 3611 2043 3660 φυσιν),

507 3673 583 3709 ηε
609 3671 705 3707 non
726 3665 863 3706 erant
888 3659 938 3706 in
969 3658 1131 3718 Bigot.
1164 3657 1202 3718 Ε
1224 3664 1315 3718 _tt.,
1342 3668 1402 3704 ex
1437 3657 1578 3706 Joan.
1613 3659 1836 3718 Damasc.
1873 3667 2044 3708 contra

507 3675 583 3709 UB
609 3675 705 3707 non
726 3675 863 3706 erant
888 3675 938 3706 In
969 3675 1131 3718 131801..
1164 3675 1315 3717 ιιωιη
1342 3675 1402 3704 ex
1437 3675 1578 3706 δοδῐι.
1613 3675 1836 3708 υιωεεο.
1873 3675 2044 3708 contra

471 3675 716 3786 ἳλεοβίιεε
734 3720 988 3780 desumpta
1009 3716 1369 3786 sunt._ibidem,
1394 3717 1630 3786 Putemus
1652 3717 2046 3786 divinantme

471 3781 786 3834 nominantes.
807 3779 1197 3842 non‘omnimodo
1215 3792 1362 3830 unam
1384 3784 1576 3842 negant,
1590 3785 1806 3842 nostram
1832 3781 1944 3832 dico
1965 3795 2047 3832 sa-

471 3845 637 3894 lutem.
667 3843 829 3893 Gram
867 3840 938 3890 sic
963 3841 1200 3890 vertenda
1229 3857 1239 3890 :
1268 3846 1361 3891 Aut
1396 3840 1526 3892 enim
1560 3840 1780 3893 divinam
1819 3848 2046 3892 naturam

471 3910 682 3967 tenentes
701 3903 960 3952 humanam
976 3907 1399 3967 ηεθαῃιεηοαιςαηι
1418 3903 1530 3967 dico
1553 3905 1859 3967 salu_tem,aut
1874 3908 2047 3967 [tama-

471 3980 584 4033 uam
592 3963 843 4033 retinentes
853 3962 1055 4033 matura?
1071 3962 1248 4033 diuina
1266 3963 1626 4033 aomgationem
1643 3965 1844 4033 faciunt.
1871 3966 2045 4016 Latine

473 4029 753 4122 legebatur,
775 4024 867 4075 non
890 4024 1074 4094 diuina
1093 4024 1457 4094 abnegationém
1479 4024 1694 4090 faciunt;
1716 4028 1805 4076 sed
1831 4033 1976 4098 male.

585 4089 719 4122 Inim-
741 4089 1102 4122 m-nnnmimnnc
1127 4086 1239 4122 illam
1278 4100 1388 4122 nun
1411 4088 1468 4122 ah
1496 4093 1744 4122 Annnvrnn
1782 4103 1867 4122 mn
1896 4092 1976 4122 ΔΗ-

583 4089 719 4158 lnter
740 4084 1257 4158 propositionesiilas,
1278 4100 1388 4158 quin
1409 4084 1762 4158 ab'Anonymo,
1782 4088 1870 4152 qui
1889 4092 2045 4158 _At_ha-

473 4150 599 4200 nasii
625 4148 819 4198 nomine
839 4148 1201 4204 'circumfertur,
1215 4148 1542 4208 confutantur,
1553 4148 1722 4199 octava
1740 4148 1871 4200 hunc
1893 4152 2042 4204 habet

471 4210 671 4278 titulum
703 4225 715 4259 :
750 4211 876 4273 Πρὸς
914 4208 1530 4278 τοὺς)ᾴγοντςις,-”Επαθεν
1562 4213 1728 4278 ὁβεὸς
1770 4216 1834 4268 ὡς
1872 4215 2041 4278 ἠθέλη-

469 4286 553 4320 σι’
597 4269 838 4322 Adversus
857 4281 938 4320 eos
961 4269 1046 4334 qui
1071 4269 1252 4332 dicunt,
1285 4271 1472 4322 Passus
1503 4277 1572 4321 est
1605 4276 1749 4334 Deus,
1783 4281 1835 4325 ut
1868 4269 2036 4328 uoluit.

466 4334 650 4384 Athan.
671 4334 810 4381 'l‘om.
835 4333 879 4384 2.
906 4345 958 4384 ι).
983 4333 1090 4383 570.

517 4334 650 4382 than.
671 4334 810 4381 'l‘om.
835 4334 879 4388 2,
906 4345 958 4388 ι).
983 4334 1090 4383 570.

523 4388 547 4421 ³
579 4394 635 4438 ετ
866 4388 1612 4463 (βω-,εῖβεφωξάλινριςέλο
1634 4400 1905 4463 MM“
1936 4419 2046 4458 φασιν

465 4453 731 4523 sursusad
755 4449 891 4501 aliud
923 4451 1244 4523 transilientes
1279 4453 1463 4523 dictant.
1488 4449 1581 4504 'ttic
1611 4449 1730 4504 vero
1753 4449 2048 4523 locus'nune

461 4513 617 4574 primo
637 4517 809 4574 Graece,
823 4513 980 4574 prodit
1002 4527 1064 4564 ex
1081 4522 1266 4565 Joanne
1288 4522 1583 4566 Damsceno
1601 4523 1768 4566 contra
1787 4520 2046 4567 Jacobitas.

526 4573 944 4648 'T.‘,,‘i°.i‘9‘P.!9?“5.
956 4587 1086 4625 ειυπιο
1107 4579 1262 4648 Primo
1283 4579 1444 4648 ιπράίι
1467 4584 1740 4648 exc-tense
1753 4586 2048 4648 Damascus

462 4640 628 4681 contra
638 4634 874 4684 Jacobitas
887 4648 898 4684 :
913 4643 1072 4686 Grieca
1081 4634 1151 4687 sic
1159 4634 1486 4689 convertimus
1497 4653 1509 4686 :
1527 4634 1681 4689 solent
1695 4645 1854 4689 autem
1864 4645 1907 4689 et
1917 4637 2047 4691 istud

463 4695 767 4768 iri-tetendere
797 4708 815 4744 :
841 4710 1006 4768 {anon
1030 4711 1203 4763 corpus
1218 4707 1264 4749 et
1272 4701 1560 4768 sanguinem
1575 4699 1666 4751 Dei
1681 4700 1890 4768 ﬁdeliter
1907 4708 2048 4764 atque

463 4753 541 4817 'pie
563 4755 868 4828 accipimus}
890 4759 1045 4808 Etiam
1073 4753 1458 4828 respondendum
1486 4775 1616 4828 :aoa
1638 4753 1766 4828 quod
1789 4771 1916 4814 Deus
1939 4753 2048 4813 car-

463 4829 571 4894 ξιςηει
584 4823 942 4894 wanan
964 4828 1074 4893 απις
1112 4823 1492 4894 ιηεαηςειςίαιεηι
1513 4823 1733 4894 intueri:
1752 4837 1817 4894 es
1839 4832 2047 4894 satura:

463 4879 550 4950 sed
572 4879 687 4950 quia
708 4879 767 4931 ea
799 4893 906 4950 quae
926 4883 1090 4950 carnis
1110 4891 1222 4950 sunt
1237 4884 1556 4950 ﬁasbipmpria
1584 4886 1699 4950 facit
1715 4921 1730 4946 ,
1747 4879 2046 4950 'diciturhal

461 4935 703 5014 ξρετε-ωε,
729 4952 768 4992 0
786 4935 1160 5014 absurditatemt
1182 4960 1217 5014 o_
1445 4935 1823 5014 meamea!
1839 4935 2046 5014 haec-

460 5001 738 5113 tggrienim
785 5007 918 5070 apud
938 5006 1047 5060 illos
1073 5008 1160 5060 Dei
1184 5001 1411 5074 dignitas.
1452 5001 1635 5063 czé'tera
1665 5018 1721 5061 ut
1742 5013 1792 5061 in
1815 5013 2047 5063 versione

1201 385 1261 439 5.
1299 378 1577 438 JOANNIS
1602 371 2084 436 CIIRYSOSTOIII
2120 369 2438 431 ARCHIEP.
2477 369 3013 429 CONSTANTINOP.

3663 369 3767 426 700

2177 501 2276 558 pus
2303 495 2359 542 et
2382 486 2692 559 sanguinem
2718 484 2988 558 possidet,
3016 483 3070 540 id
3109 483 3252 556 quod
3280 482 3519 541 divinum
3548 491 3631 538 est
3659 495 3758 538 na-

2177 587 2334 635 tura:
2379 578 2476 636 sed
2524 579 2646 650 quia
2692 592 2813 650 quae
2855 577 3035 634 carnis
3078 584 3204 633 sunt
3254 575 3467 646 propria
3512 574 3676 630 facit!
3713 572 3760 630 0

2175 670 2625 729 inconsideratic!
2655 669 2700 726 0
2737 669 2896 740 impia
2923 667 3208 740 cogitatio!
3249 665 3584 723 Periclitatur
3611 666 3755 721 enim

2174 762 2315 833 apud
2361 762 2505 832 ipsos
2540 760 2953 831 dispensationis
2982 759 3326 830 mysterium,
3351 763 3407 812 et
3434 755 3625 812 iterum
3659 755 3760 811 do-

2172 853 2423 909 minicum
2449 865 2646 923 corpus
2669 852 2807 906 sicut
2834 865 3017 906 verum
3045 864 3241 920 corpus
3259 847 3504 910 confiteri
3533 862 3638 903 non
3665 861 3766 917 pa.

2174 943 2396 998 tiuntur.
2423 943 2529 1000 Per
2567 943 2947 1013 cogitationem
2986 941 3130 998 enim
3159 939 3264 995 dici
3290 953 3608 995 conversum
3637 952 3760 994 esse

2174 1034 2275 1090 hoc
2301 1034 2352 1089 in
2378 1033 2630 1090 deitatem
2655 1032 3030 1104 imaginantur,
3054 1045 3212 1088 unam
3242 1031 3368 1086 hinc
3387 1037 3758 1087 construentes

2172 1136 2414 1183 naturam
2433 1168 2450 1194 ,
2481 1136 2537 1182 et
2560 1126 2730 1195 ipsam
2755 1125 2908 1196 cujus
2937 1126 3008 1181 sit
3034 1138 3140 1180 non
3180 1123 3513 1179 invenientes
3539 1121 3718 1178 dicere
3741 1160 3759 1187 ,

2172 1229 2230 1274 ut
2261 1219 2560 1289 passionem
2599 1216 2864 1276 divinitati
2888 1215 3122 1287 undique
3155 1214 3449 1270 secundum
3479 1213 3756 1284 Apollina-

2170 1311 2308 1367 rium
2338 1309 2720 1382 excogitantes,
2747 1308 2996 1364 decidant
3017 1322 3047 1362 a
3075 1307 3355 1378 promissis
3387 1307 3561 1360 bonis.
3596 1306 3760 1360 Puta-

2169 1415 2289 1457 mus
2330 1415 2436 1456 non
2478 1400 2892 1456 contremiscent
2932 1399 3032 1454 ista
3071 1397 3250 1452 dicere
3289 1395 3607 1452 audientes?
3648 1409 3759 1452 non

2167 1492 2402 1562 cogitant
2416 1500 2674 1546 aeternum
2691 1490 2971 1562 judicium,
2989 1497 3045 1544 et
3062 1488 3271 1544 Domini
3291 1501 3479 1544 vocem
3496 1487 3754 1544 dicentis:

2170 1582 2284 1655 Ego
2319 1599 2450 1651 sum,
2479 1591 2526 1637 et
2569 1599 2672 1636 non
2707 1590 2873 1636 mutor
2897 1580 3126 1652 (Malae.
3159 1581 3212 1634 '5.
3242 1579 3324 1651 6).
3357 1577 3489 1633 Caro
3513 1579 3720 1648 inﬁrma
3740 1619 3758 1646 ,

2166 1675 2376 1746 spiritus
2406 1686 2578 1731 autem
2617 1683 2900 1746 promptus.
2933 1671 3114 1740 Pater,
3144 1672 3189 1726 si
3213 1671 3449 1742 possibile
3486 1681 3578 1736 est,
3611 1681 3759 1724 trar-

2166 1779 2274 1824 seat
2316 1787 2346 1822 a
2387 1785 2465 1823 me
2504 1769 2642 1823 calix
2666 1769 2776 1822 iste.
2799 1765 2981 1821 Tristis
3019 1774 3092 1818 est
3127 1764 3299 1818 animo
3343 1780 3454 1818 mea
3496 1779 3652 1834 usque
3691 1762 3758 1816 ad

2167 1871 2376 1914 mortem
2405 1857 2616 1930 (Matth.
2643 1858 2733 1913 26.
2755 1857 2844 1912 41.
2874 1857 2964 1912 39.
2992 1855 3108 1926 38).
3134 1852 3354 1925 Palpate
3378 1863 3423 1908 et
3449 1854 3613 1908 videte
3639 1854 3760 1926 quia

2166 1952 2374 2022 spiritus
2401 1967 2603 2005 carnem
2638 1959 2687 2004 et
2714 1965 2829 2004 ossa
2852 1966 2953 2004 non
2982 1948 3149 2014 habet,
3191 1955 3320 2008 sicut
3349 1965 3428 2004 me
3453 1949 3631 2004 uidetis
3658 1948 3756 2002 Ita-

2167 2044 2281 2098 bere
2305 2041 2455 2112 (Luc.
2491 2041 2580 2097 ει.
2619 2041 2734 2112 59).
2777 2042 3032 2098 Putamus
3074 2044 3258 2100 deitati
3295 2045 3398 2099 ista
3434 2050 3559 2112 apta
3590 2038 3757 2096 sunt!

2166 2134 2398 2189 Audiam
2425 2141 2482 2189 et
2518 2133 2732 2189 Petrum
2762 2133 3060 2199 dicentem,
3089 2133 3287 2189 Christo
3315 2150 3408 2206 pro
3433 2132 3578 2188 nobis
3605 2147 3757 2203 passo

2166 2244 2318 2282 carne
2337 2226 2413 2298 (i.
2438 2225 2578 2281 Petr.
2599 2227 2654 2280 4.
2681 2225 2736 2297 1)
2757 2242 2772 2291 ;
2792 2235 2845 2282 et
2870 2242 2974 2280 non
2997 2225 3151 2292 dixit,
3180 2225 3417 2291 Deitate;
3445 2232 3499 2280 et
3524 2225 3716 2279 iterum
3735 2240 3753 2277 ς

2168 2318 2247 2374 Tu
2273 2335 2326 2373 es
2355 2317 2581 2373 Christus
2607 2317 2771 2371 Filius
2796 2316 2892 2371 Dei
2911 2317 3006 2370 vivi
3025 2315 3234 2387 (Matth.
3259 2315 3346 2372 16.
3377 2313 3489 2388 16).
3519 2312 3756 2370 Viventis

2164 2411 2318 2477 dixit,
2351 2426 2456 2467 non
2502 2409 2808 2476 Morientis;
2855 2417 2910 2465 et
2934 2423 3282 2480 qutecumque
3325 2406 3411 2464 his
3436 2407 3630 2463 similia
3665 2405 3752 2462 di-

2165 2506 2284 2559 vina
2312 2517 2410 2558 nos
2435 2503 2625 2558 edocet
2651 2501 2947 2572 Scriptura,
2978 2499 3064 2555 cui
3106 2499 3321 2556 violenti
3349 2513 3471 2556 esse
3513 2496 3754 2554 heretici

2163 2615 2270 2654 non
2295 2596 2577 2653 desistunt.

2234 2687 2436 2744 Horum
2483 2686 2614 2743 istas
2661 2685 2924 2741 novitates
2967 2698 3160 2740 vocum
3191 2683 3542 2751 declinantes,
3580 2682 3754 2740 caris-

2161 2781 2318 2847 sime,
2347 2779 2414 2834 ad
2443 2779 2496 2834 id
2524 2777 2667 2850 quod
2696 2779 2944 2848 prmjacet
2967 2787 3313 2843 revertamur,
3348 2778 3492 2847 pium
3517 2784 3572 2832 et
3596 2776 3754 2832 valde

2165 2873 2307 2944 pium
2335 2870 2603 2927 Christum
2633 2871 2723 2942 qui
2745 2878 2920 2926 morte
2945 2867 3306 2925 circumdatus
3324 2876 3406 2925 est
3430 2868 3675 2925 coniiteri
3697 2865 3752 2923 in

2162 2968 2436 3025 divinitate
2483 2965 2776 3037 perfectum
2828 2973 2883 3021 et
2934 2965 2986 3019 in
3037 2963 3367 3018 humanitate
3421 2961 3750 3034 perfectum,

2162 3075 2326 3116 unum
2348 3059 2539 3114 Filium
2566 3056 2915 3129 unigenitum,
2946 3071 3050 3110 non
3077 3053 3420 3110 dividendum
3447 3053 3501 3108 in
3523 3051 3752 3108 filiorum

2160 3149 2502 3205 duaiitatem:
2548 3156 2848 3218 portantem
2891 3156 3066 3200 tamen
3097 3144 3150 3199 in
3179 3144 3468 3214 semetipso
3496 3142 3753 3198 indivisa-

2163 3256 2276 3297 rum
2290 3240 2512 3296 duarum
2535 3248 2844 3293 naturarum
2869 3234 3339 3292 inconvertibiliter
3367 3235 3718 3306 proprietates
3737 3251 3753 3301 ;

2159 3349 2267 3388 non
2302 3333 2527 3389 alterum
2559 3342 2613 3388 et
2636 3333 2887 3397 alterum,
2909 3330 3066 3395 absit,
3101 3330 3194 3386 sed
3225 3345 3390 3384 unum
3421 3339 3475 3384 et
3500 3328 3749 3384 eumdem

2157 3426 2441 3482 Dominum
2470 3424 2652 3480 Jesum
2683 3423 2853 3478 Deum
2899 3421 3151 3486 Verbum,
3195 3435 3357 3477 carne
3394 3428 3576 3475 nostra
3613 3417 3751 3472 ami-

2158 3529 2300 3576 ctum
2323 3561 2338 3586 ,
2372 3526 2427 3574 et
2465 3517 2576 3587 ipsa
2607 3531 2711 3571 non
2740 3516 3028 3570 inanimata
3066 3525 3156 3569 aut
3187 3512 3535 3568 irrationabiii
3555 3553 3570 3577 ,
3616 3511 3754 3567 sicut

2159 3612 2354 3682 impius
2390 3607 2748 3679 Apollinarius
2775 3606 2919 3662 dicit.
2951 3605 3070 3661 Istis
3107 3614 3342 3660 mentem
3374 3602 3747 3658 intendamus:

2158 3703 2419 3773 fugiamus
2447 3716 2542 3757 eos
2567 3699 2655 3770 qui
2681 3698 2923 3753 dividunt
2950 3709 3213 3751 naturam.
3240 3694 3353 3750 Etsi
3381 3694 3525 3750 enim
3554 3693 3749 3764 duplex

2159 3805 2371 3861 natura,
2402 3801 2767 3847 verumtamen
2798 3787 3134 3844 indivisibilis
3153 3798 3208 3842 et
3229 3785 3606 3856 indissipabilis
3632 3787 3749 3840 uni-

2161 3890 2254 3953 tin,
2288 3887 2340 3940 in
2369 3901 2470 3941 una
2497 3883 2768 3939 tiliationis
2797 3879 3098 3936 confitenda
3133 3893 3381 3949 persona,
3413 3887 3466 3934 et
3494 3892 3598 3932 una
3618 3877 3749 3934 sub-

2158 3979 2416 4036 sistentia.
2438 3977 2724 4048 Fugiamus
2747 3975 2838 4046 qui
2865 3989 3022 4029 unam
3046 3983 3286 4026 naturam
3311 3979 3429 4042 post
3454 3971 3748 4026 unitionem

2160 4070 2522 4142 prodigialiter
2546 4070 2764 4123 dicunt:
2796 4067 2954 4121 unius
2976 4065 3118 4119 enim
3144 4063 3466 4134 cogitatione
3498 4061 3748 4132 impassi-

2156 4164 2248 4220 bili
2295 4164 2406 4218 Deo
2434 4161 2736 4230 passionem
2780 4157 3071 4226 adiungere
3110 4154 3475 4223 impelluntur,
3523 4151 3736 4221 dispen-

2155 4257 2416 4312 sationem
2445 4256 2771 4322 abnegantes
2791 4291 2806 4316 ,
2833 4257 2887 4304 et
2916 4247 3114 4303 diaboli
3143 4248 3441 4317 gehennam
3482 4245 3749 4314 arripien-

2157 4360 2259 4405 tes.
2285 4348 2390 4402 lsta
2413 4355 2627 4417 propter
2650 4358 2951 4399 mensuram
2981 4341 3223 4411 epistolae
3247 4338 3493 4395 sufficere
3515 4338 3746 4393 arbitror

2155 4439 2221 4495 ad
2252 4437 2710 4494 confirmationem
2740 4443 2842 4489 tute
2867 4433 3184 4496 dilectionis,
3212 4446 3246 4486 o
3264 4429 3545 4500 magnifice
3572 4429 3667 4500 (a).

2227 4529 2458 4601 Explicit
2486 4527 2712 4597 epistula
2757 4523 2875 4597 (sic)
2910 4525 3048 4580 beati
3079 4522 3300 4578 Joannis
3334 4522 3569 4593 episcopi
3606 4521 3751 4577 Con-

2156 4619 2612 4691 stantinopolitani
2634 4618 2698 4673 ad
2725 4615 3009 4672 Czesarium
3037 4613 3356 4670 monachum
3387 4621 3629 4683 tempore
3659 4627 3751 4669 se-

2155 4713 2312 4769 cundi
2343 4712 2517 4769 exsilii
2547 4710 2648 4766 sui.
2682 4711 2882 4765 Amen:
2909 4709 2977 4763 ita
3002 4706 3194 4777 legitur
3216 4705 3461 4761 fideliter.

2218 4981 2291 5045 (α)
2324 4987 2435 5030 Haec
2458 4994 2484 5029 a
2508 4979 2723 5039 vocibus,
2746 4986 2926 5028 Horum
2947 4974 3082 5045 istas,
3109 4987 3172 5024 ex
3196 4972 3461 5045 snastalio,
3475 4969 3746 5032 Nicephoro

2157 5052 2208 5096 et
2226 5038 2411 5095 'Jo'anne
2436 5048 2727 5093 baruasceno
2747 5048 2910 5092 Graece
2933 5038 3237 5102 prodierunt.

1878 5389 2363 5416 -ι--οοο--υ
