4076 6434
286 411 388 469 ’181

1428 387 1516 443 ἸΝ
1557 379 1922 442 DlODORUM
1957 373 2393 434 TARSENSEM.

3474 354 3576 413 I62

288 551 505 619 integra
548 543 694 616 apud
728 539 1046 596 Facundum
1090 531 1544 588 llermianensem
1584 524 1908 596 episcOpum
1937 520 2213 578 extitisset
2234 512 2502 570 orationis
2544 509 2710 580 hujus
2748 503 3149 576 interpretatio.
3197 498 3336 556 Cum
3374 499 3562 549 autem

292 693 369 748 ibi
409 687 728 762 imperfecta
758 685 850 748 sit,
872 684 1037 737 verba
1069 692 1190 732 mea
1223 673 1409 731 verbis
1442 668 1650 740 antiqui
1689 666 2006 737 interpretis
2036 664 2270 723 miscere
2291 659 2429 718 mihi
2462 653 2656 728 religio
2682 652 2805 708 fuit.
2831 650 2900 705 At
2922 661 3052 703 vero
3077 658 3147 699 ne
3171 651 3286 698 tam
3322 635 3568 699 ιπειὶοδι

289 842 347 887 ct
389 842 498 887 tam
522 839 758 894 vetusta,
787 832 847 878 ut
873 824 944 878 ita
971 823 1186 891 loquar,
1218 815 1521 886 fragmenta
1555 810 1647 867 hic
1679 808 2143 871 desiderarentur,
2167 817 2232 859 ea
2259 797 2561 869 unicuique
2590 792 2801 865 paginae
2825 783 3101 856 subjicere
3120 790 3302 850 opera!
3330 771 3572 845 ιπθιίυηι

292 969 486 1026 duxi.»

366 1121 588 1166 Annum
636 1121 747 1178 quo
784 1104 927 1158 banc
963 1098 1285 1157 concionem
1319 1093 1513 1150 habuit
1544 1089 1999 1161 (ibrysostomus,
2039 1080 2234 1140 statuit
2273 1074 2660 1134 Tillemontius
2710 1068 2837 1132 592,
2890 1078 3055 1135 quam
3092 1052 3352 1127 temporis
3384 1059 3575 1108 notam

293 1265 399 1304 nec
428 1248 770 1317 impugnare,
801 1254 903 1296 nec
939 1247 1000 1293 ut
1027 1235 1256 1293 omnino
1280 1240 1486 1289 certam
1511 1227 1804 1284 defendere
1834 1225 1980 1282 licet.
2013 1219 2332 1278 Orationem
2356 1216 2470 1286 jam
2506 1211 2779 1268 habuerat
2805 1202 3078 1259 Diodorus
3107 1197 3164 1252 in
3188 1205 3296 1264 qua
3309 1188 3578 1246 Joannem

293 1387 757 1457 Cbrysostomum
797 1378 1053 1436 laudibus
1095 1375 1385 1441 extulerat,
1425 1379 1490 1427 ut
1519 1383 1685 1440 supra
1724 1365 1932 1422 dictum
1976 1369 2079 1418 est.
2125 1358 2554 1428 Chrysostomus
2607 1361 2739 1404 vero
2777 1341 3003 1399 laudum
3056 1333 3133 1390 mi

299 1546 434 1586 suas
479 1529 581 1601 ipsi
622 1527 811 1582 laudes
843 1522 1092 1594 {reddidit
1131 1528 1187 1576 et
1222 1517 1528 1574 orationem
1574 1511 1750 1568 texuit
1789 1505 2195 1568 brevissimam,

299 1667 484 1724 denuo
515 1670 634 1720 erat
679 1661 969 1720 Diodorus,
1001 1665 1062 1712 ut
1090 1655 1238 1711 clare
1261 1654 1378 1722 ipse
1403 1648 1583 1705 innuit
1611 1646 1667 1701 iu
1711 1643 1816 1699 line
1853 1637 2135 1709 ὲγκωμξου
2176 1636 2293 1692 sive
2333 1626 2713 1687 oratiunculae.
2763 1620 2915 1674 More
2945 1611 3467 1686 (ιιιίΡΡθτθεεΙιιυω
3499 1612 3586 1650 V"

303 1798 492 1852 dimus
543 1790 870 1854 Antiochia,
926 1795 988 1843 ut
1030 1785 1221 1842 eadem
1279 1783 1368 1838 die
1412 1781 1467 1836 in
1519 1779 1824 1848 eademque
1853 1771 2088 1830 ecclesia
2118 1770 2229 1826 duo
2259 1765 2744 1824 concionarentur.
2789 1753 3063 1809 Diodorus
3111 1757 3242 1800 vero
3291 1751 3410 1809 epis

3140 1330 3288 1387 nime
3315 1321 3572 1393 cupidus.

2240 1498 2370 1569 quia
2422 1502 2549 1566 post
2593 1491 2746 1546 illum
2797 1483 2989 1541 eadem
3026 1477 3116 1534 die
3142 1470 3576 1529 eoneionaturus

3413 1745 3586 1803 c0pus

301 1933 621 1996 Tarsensis,
650 1930 742 2001 qui
783 1927 914 1983 olim
945 1925 1124 1981 fuerat
1154 1922 1384 1979 Joannis
1419 1916 1801 1990 Cbrysostomi
1845 1914 2131 1986 magister,
2176 1909 2411 1966 libenter
2440 1903 2510 1961 ad
2552 1901 2604 1958 id
2639 1895 2805 1956 cilicii
2841 1886 3255 1949 admittebatur,
3289 1875 3420 1949 quia
3447 1871 3580 1929 οὶὶηι

303 2070 589 2140 presbyter
619 2064 996 2120 Antiochenus
1030 2061 1084 2115 id
1114 2055 1359 2114 muneris
1395 2054 1487 2109 diu
1523 2056 1845 2109 exercuerat
1873 2065 1888 2103 :
1921 2061 2032 2117 quo
2071 2054 2318 2113 tempore
2348 2036 2444 2092 Ari

303 2216 448 2270 rent,
486 2203 640 2278 [τις]
668 2201 980 2258 Catliolicos
1005 2197 1358 2254 infestabant.
1388 2191 1461 2248 lis
1488 2205 1618 2247 eum
1650 2187 1868 2244 fortiter
1905 2183 2204 2240 obsisteret
2229 2177 2522 2241 Diodorus,
2569 2170 2639 2224 ab
2672 2164 2916 2229 Arianis,

2449 2033 2541 2092 ani
2574 2047 2700 2090 eum
2739 2023 3070 2084 auctoritate
3108 2013 3404 2089 plurimum
3433 2002 3587 2061 vale-

2948 2156 3127 2230 inquit
3153 2153 3584 2222 Cbrysostomus

305 2337 474 2402 infra,
500 2350 643 2407 saepe
661 2335 853 2406 pulsus
879 2339 984 2397 est,
1014 2345 1158 2401 saepe
1191 2327 1246 2382 in
1272 2323 1576 2398 periculum
1598 2319 1798 2391 capitis
1829 2317 2003 2384 venit,
2028 2330 2091 2371 ac
2111 2315 2158 2369 si
2191 2328 2298 2369 non
2329 2326 2411 2377 re,
2441 2309 2638 2365 saltem
2662 2300 2949 2375 proposito
2973 2302 3179 2364 martyr
3203 2287 3328 2352 fuit,
3357 2291 3418 2341 ut
3450 2281 3583 2338 dicit

305 2474 426 2543 ipse
450 2470 900 2542 Cbrysostomus,
934 2475 1048 2520 tum
1085 2464 1139 2518 in
1171 2462 1425 2518 oratione
1451 2458 1728 2529 sequenti,
1775 2464 1891 2510 tum
1924 2454 1980 2507 in
2004 2451 2320 2522 fragmento
2353 2446 2498 2516 quod
2526 2444 2602 2498 illi
2647 2437 3021 2511 subjungitur.
3061 2433 3280 2488 Partem
3306 2422 3577 2483 orationis

308 2609 509 2664 Latine
548 2621 874 2664 conversam
901 2605 1088 2662 retulit
1129 2602 1426 2658 Factmdus
1458 2594 1876 2657 llermianensis
1898 2594 2190 2664 episcopus
2220 2588 2317 2643 lib.
2351 2587 2404 2652 4,
2439 2600 2489 2641 c.
2519 2582 2577 2647 2,
2602 2595 2768 2652 quam
2791 2591 2894 2634 nos
2924 2576 2978 2630 in
3010 2575 3118 2628 ima
3148 2568 3347 2641 pagina
3379 2561 3585 2620 consti-

311 2748 542 2812 tuimus,
571 2755 632 2800 ut
653 2746 767 2816 jam
801 2743 1042 2814 Bigotius
1072 2741 1292 2796 fecerat.

383 2883 630 2939 Orationi
663 2880 792 2935 huic
816 2878 1182 2949 fragmentnm
1221 2872 1369 2928 aliud
1398 2869 1806 2943 subiungimus,
1831 2861 2144 2920 aFacuudo
2167 2855 2546 2912 llermiancnsi
2570 2852 2772 2908 ibidem
2807 2850 3058 2905 allatum.
3082 2846 3329 2902 Pertinet
3363 2841 3596 2899 vero'ad

313 3026 606 3085 llomiliam
625 3021 898 3094 quandam
916 3017 1296 3090 Cbrysostomi
1330 3016 1384 3070 in
1414 3011 1759 3071 solemnitate
1784 3008 2082 3078 Martyrum
2122 3023 2137 3060 :
2170 3017 2403 3075 quorum
2436 2998 2728 3057 occasione
2775 2995 3070 3051 Diodorum
3102 2991 3282 3062 ipsum
3306 2995 3600 3059 martyrem

313 3155 568 3227 appellat,
605 3167 668 3208 ac
693 3167 790 3222 pro
823 3164 975 3204 more
999 3149 1204 3204 laudat.

332 3401 3578 3456 _______________________________________._..

1182 3703 1482 3794 LAUS
1579 3695 2100 3790 DIODORI
2191 3691 2737 3786 EPISCOPI

867 3965 975 4018 QUI
1016 3962 1204 4009 PRIOR
1251 3963 1692 4011 CONCIONATUS
1732 3959 2074 4006 LAUDAIIAT
2141 3954 2444 4001 JOANNEM
2484 3926 3060 4006 CHBYSOSTOMUM).

384 4570 437 4624 l.
461 4567 690 4638 Sapiens
721 4566 810 4622 ille
835 4581 898 4622 ac
922 4580 1218 4637 generosus
1241 4564 1448 4628 doctor,
1472 4577 1643 4632 nuper
1670 4558 1913 4630 deposita

311 4663 625 4719 inﬁrmitate
652 4661 915 4731 corporis,
938 4675 1059 4715 cum
1089 4661 1156 4714 ad
1186 4659 1368 4715 sedem
1393 4657 1533 4712 hanc
1561 4654 1913 4718 ascendisset,

312 4771 340 4809 a
370 4771 458 4811 me
489 4756 750 4813 sermonis
777 4754 902 4810 fecit
922 4754 1200 4810 exordium
1223 4795 1237 4818 ,
1281 4752 1542 4807 Joannem
1584 4749 1874 4819 Baptistam
1897 4788 1912 4812 ,

315 4859 370 4902 et
393 4863 576 4902 vocem
610 4847 866 4902 Ecclesiae
887 4890 902 4913 ,
931 4857 984 4902 et
1009 4848 1210 4917 virgam
1238 4845 1400 4900 Mosis
1419 4887 1434 4910 ,
1462 4853 1517 4899 et
1554 4843 1655 4896 alia
1682 4857 1803 4895 cum
1834 4840 1917 4894 bis

313 4941 480 4995 multa
508 4955 594 4996 me
622 4941 914 5009 appellans.
949 4940 1040 4995 llle
1071 4950 1196 4993 tunc
1225 4937 1483 4998 laudavit,
1517 4951 1612 4990 vos
1641 4934 1916 4990 exclama-

315 5036 460 5088 stis:
496 5048 596 5103 ego
646 5035 830 5102 procul
890 5033 1084 5088 sedens
1133 5046 1315 5085 amare
1367 5029 1599 5099 ingemui
1653 5028 1750 5096 (a).
1802 5025 1920 5095 Ipse

313 5141 550 5194 namque
579 5123 850 5193 laudabat,
873 5140 1112 5178 amorem
1133 5138 1260 5194 erga
1284 5123 1481 5178 liberos
1507 5118 1796 5184 exhibens;
1822 5131 1917 5172 vos

376 5297 450 5358 (a)
490 5295 618 5356 Apud
632 5297 903 5345 Facundum
922 5297 1325 5358 itermianensem
1349 5295 1521 5356 episc.,
1543 5291 1924 5354 l.l\',fragmen-

313 5366 360 5406 la
404 5357 627 5419 quaedam
668 5365 783 5406 sunt
824 5359 1011 5407 veteris
1034 5357 1179 5418 bujus
1224 5358 1432 5405 Encomii
1473 5358 1918 5419 interpretationis;

312 5416 720 5482 quze,_(1uoniain_
754 5419 822 5482 ab
867 5416 1276 5482 interpretatione
1316 5431 1462 5481 quam
1499 5419 1698 5477 damus,
1747 5416 1921 5467 saltem

311 5479 668 5549 quoadverba,
693 5480 953 5549 dirfl‘eruul,
971 5479 1047 5530 hic
1065 5479 1364 5549 referimus}

378 5539 576 5604 Sapiens
598 5540 680 5604 ille
704 5548 748 5604 et
773 5542 1060 5604 fortissimus
1097 5543 1284 5601 doctor,
1319 5555 1473 5604 nuper
1496 5539 1779 5604 inﬁrmitate
1813 5554 1921 5591 cor-

378 5555 576 5603 snptens
598 5555 680 5590 rue
704 5555 748 5590 et
773 5555 1060 5604 yorussunus
1097 5555 1284 5601 aocror,
1319 5556 1383 5592 nu
1420 5555 1473 5591 er
1496 5555 1779 5604 mprmuaze
1813 5555 1921 5591 cor-

315 5600 448 5672 poris
472 5601 691 5663 exposita
701 5603 726 5672 ,ί
732 5604 1118 5672 ἱκεηᾴυῃοδίῑίι),
1139 5617 1284 5667 super
1302 5555 1466 5672 seriem
1484 5603 1626 5652 istam
1638 5604 1923 5672 ascendens,

320 5662 382 5738 de
404 5676 481 5714 me
502 5662 1170 5738 aerumnisfecit‘eirordium,
1198 5662 1463 5738 baptisteria
1485 5673 1721 5738 Joannem
1738 5665 1924 5738 dicens,

317 5735 362 5795 ρρ
573 5726 814 5795 Ερειεδὶᾳ»,
837 5732 882 5776 et
902 5727 1090 5795 uirgam
1116 5726 1304 5795 stensi,
1329 5735 1376 5779 et
1396 5727 1494 5778 alia
1517 5726 1691 5778 horum
1713 5727 1928 5795 plurima

317 5789 377 5837 de
405 5800 480 5837 me
504 5785 653 5850 dixit.
680 5794 733 5837 Et
757 5787 860 5850 ipse
889 5785 1079 5850 quidem
1111 5785 1342 5849 laudarit,
1383 5804 1463 5841 vos
1495 5797 1657 5838 autem
1681 5785 1902 5842 declamo

315 5859 415 5899 sm.
448 5849 539 5898 Sed
564 5860 670 5913 ego,
693 5848 861 5910 procul
882 5848 1072 5914 sedens,
1095 5848 1400 5904 mantissam
1422 5850 1675 5914 suspiravi.

1943 4181 2006 4191 ...-

2029 4549 2445 4614 exclamabatis,
2492 4549 2786 4604 fraternum
2833 4562 3072 4604 amorem
3123 4548 3505 4614 ostendentes;
3537 4563 3641 4619 ego

2031 4643 2472 4715 ingemisccbam,
2497 4643 2638 4713 quod
2663 4644 2878 4697 laudum
2914 4644 3055 4698 mole
3086 4643 3366 4698 obruercr.
3395 4641 3636 4698 Laudum

2031 4739 2175 4793 enim
2203 4737 2538 4807 magnitudo,
2573 4753 2678 4791 non
2713 4737 2889 4790 minus
2920 4752 3080 4806 quam
3114 4747 3356 4805 peccata,
3391 4737 3641 4791 mordere

2030 4830 2169 4884 solet
2215 4830 2634 4894 conscientiam;
2685 4839 2736 4883 ct
2784 4845 2904 4884 cum
2953 4829 3071 4898 quis
3121 4829 3220 4882 sibi
3273 4829 3469 4882 nullius
3516 4828 3639 4882 boni

2030 4923 2279 4977 conscius
2305 4924 2439 4976 alios
2467 4924 2614 4977 audit
2645 4924 2808 4976 multa
2841 4937 3139 4991 magnaque
3165 4922 3303 4975 bona
3328 4921 3395 4976 de
3421 4937 3479 4976 se
3503 4937 3644 4991 pra.-

2029 5016 2299 5078 dicantes,
2333 5026 2387 5069 et
2419 5023 2738 5084 prmentcm
2769 5015 3110 5084 opinionem,
3142 5024 3197 5069 et
3227 5014 3466 5070 futurum
3495 5015 3636 5069 diem

2036 5117 2246 5179 reputat
2277 5109 2330 5162 in
2373 5124 2478 5178 quo
2509 5109 2686 5162 omnia
2721 5106 2860 5160 nuda
2891 5115 2945 5161 ct
2975 5117 3158 5176 aperta
3188 5106 3644 5176 eruntzquodque

2036 5201 2080 5255 is
2101 5200 2188 5271 qui
2211 5199 2626 5265 tuncjudicabit,
2649 5214 2750 5252 non
2771 5214 2835 5253 ex
2866 5200 3001 5267 vulgi
3019 5199 3294 5266 opinione,
3315 5198 3407 5253 sed
3436 5213 3502 5253 ex
3524 5199 3638 5265 ipsa

2033 5306 2214 5345 rerum
2244 5291 2470 5344 veritate
2497 5289 2796 5358 judicabit:
2830 5288 2948 5341 Non
2971 5290 3107 5340 enim
3133 5289 3412 5341 secundum
3438 5290 3642 5358 Opinio-

2035 5399 2149 5435 nem
2167 5383 2441 5452 judicabil,
2475 5381 2666 5450 inquit,
2700 5397 2858 5449 neque
2882 5381 3161 5433 secundum
3187 5397 3439 5432 rumorem
3467 5389 3642 5449 argmt

2035 5475 2190 5546 (lsai.
2225 5477 2308 5530 ll.
2343 5476 2565 5542 5):b:ce
2594 5476 2774 5529 omnia
2803 5475 3044 5543 cogitans
3066 5515 3078 5536 .
3124 5475 3338 5528 crucior
3368 5472 3642 5536 laudibus,

2035 5580 2090 5623 et
2132 5569 2271 5623 bena
2319 5570 2571 5638 opinione
2613 5569 2756 5636 vulgi
2792 5587 2804 5622 :
2839 5583 3089 5637 magnum
3136 5567 3467 5636 perspiciens
3499 5566 3640 5618 illam

2037 5662 2176 5717 inter
2229 5673 2282 5718 et
2334 5664 2566 5718 futurum
2619 5663 2878 5732 judicium
2932 5662 3243 5715 discrimen.
3295 5660 3445 5715 Nunc
3499 5661 3642 5713 enim

2039 5755 2439 5809 existimatione
2485 5754 2629 5824 vulgi
2670 5769 2768 5808 ceu
2815 5752 3133 5823 quibusdam
3180 5752 3342 5806 larvis
3384 5751 3642 5821 tegimur:

2043 5847 2094 5901 in
2129 5848 2220 5904 illo
2247 5857 2424 5903 autem
2457 5847 2566 5917 die,
2598 5847 2742 5903 nudo
2769 5849 2940 5918 capite
2963 5889 2978 5915 ,
3009 5846 3303 5917 positisque
3332 5841 3496 5896 larvis
3526 5850 3650 5896 ante
