4076 6426
242 322 346 377 763

1416 334 1482 390 IN
1532 334 1897 393 nmmmUM
1939 331 2381 395 TARSENSE52.

3455 305 3561 365 τοι

240 431 509 501 ἑστῶτες,
571 434 726 488 οὐδὲν
778 434 886 489 ἀπὸ
933 437 1034 509 τῆς
1088 436 1341 492 ἐντεῦθεν
1399 438 1561 511 δόξης
1613 441 1696 503 είς
1739 440 1841 511 τὴν
1944 444 2081 519 εἶχεν
2108 444 2199 500 διὰ
2231 441 2393 497 τοῦτο
2424 442 2519 495 καὶ
2540 438 2640 509 τῆς
2666 439 3043 510 προσηγορίας
3082 430 3233 503 αύτῷ
3272 430 3549 503 μετέδωκε

239 523 361 576 ἐκεῖ
399 524 587 593 ψῆφον
627 526 978 598 ὠφεληθῆναι
1021 527 1391 599 δυνησόμεθα,
1434 530 1573 583 ἀλλά
1594 531 1663 583 δι’
1709 532 1844 584 αὐτὸ
1948 545 2199 616 ταύτης·
2248 538 2439 609 ἐπειδὴ
2492 537 2556 590 τὸ
2611 533 2832 605 πνεῦμα
2878 532 3060 586 Ἡλίου
3116 529 3427 600 ἐκτήσατο,
3461 526 3551 579 διὰ

238 618 405 671 τοῦτο
460 618 909 690 κολασθησόμεθα
974 620 1276 690 μειζόνως,
1335 622 1417 673 ὅτι
1483 622 1580 675 καὶ
1629 623 1843 675 πολλῶν

238 713 487 766 ἐπαίνων
540 712 635 766 καὶ
691 714 894 785 πολλῆς
933 714 1212 786 εὐφημίας
1266 715 1421 788 παρά
1478 714 1588 768 τῶν
1630 715 1841 769 πολλῶν

238 804 678 871 ἀπολαύσαντες,
731 806 854 861 οὑδέ
900 806 1051 879 αὐτῷ
1101 807 1279 879 τούτῳ
1340 808 1685 879 γεγενήμεθα
1724 807 1844 875 βελ-

237 894 413 956 τίους.

312 1114 381 1185 β’.
397 1113 561 1168 Ταῦτ’
582 1109 677 1167 οῦν
694 1110 910 1167 ἅπαντα
932 1110 1148 1174 ἐννοῶν,
1173 1109 1371 1180 πικρὸν
1388 1106 1669 1171 ἐστέναξον
1689 1104 1837 1175 (sic).

236 1212 334 1266 Διὸ
372 1213 467 1265 καὶ
522 1209 757 1280 ἀνέστην
801 1207 1012 1278 ταχέως
1053 1208 1326 1278 σήμερον,
1364 1205 1506 1259 ὥστε
1559 1204 1644 1272 ἐφ’
1686 1201 1842 1272 ὑμῶν

237 1308 353 1360 τῶν
379 1309 563 1360 ἐκεῖνα
603 1304 920 1376 ἀκηκοότων
947 1303 1045 1374 τὴν
1086 1303 1346 1372 τοιαύτην
1391 1298 1843 1374 ἀποκρούσασθαι

238 1403 424 1467 δόξαν.
456 1401 565 1456 Καὶ
595 1401 706 1473 γάρ
730 1401 997 1470 στέφανος
1016 1402 1146 1454 ὅταν
1175 1400 1380 1470 μείζων
1471 1399 1572 1468 1?};
1596 1396 1692 1450 τοῦ
1725 1411 1846 1448 στε-

240 1502 588 1572 φανουμένου
644 1500 912 1570 κεφαλῆς,
941 1500 1003 1552 ού
1053 1498 1409 1570 περισφίγγει
1462 1499 1589 1561 τοὺς
1643 1494 1845 1568 κροτά-

243 1619 400 1671 φους,
430 1594 532 1654 ούκ
575 1596 813 1661 ἐνιζάνει
836 1599 902 1667 τῇ
946 1597 1195 1668 κεφαλῇ·
1223 1594 1360 1649 ἀλλὰ
1411 1594 1743 1666 χαυνότερος
1769 1589 1848 1661 τῷ

246 1697 469 1768 μεγέθει
528 1695 836 1765 γινόμενος,
872 1693 961 1747 διά
1002 1693 1111 1746 τῶν
1153 1691 1450 1761 ὀφθαλμῶν
1498 1689 1848 1743 καταϐαίνων

243 1792 630 1863 περιαυχένιος
658 1792 889 1859 γίνεται,
916 1791 1009 1863 καὶ
1035 1790 1133 1860 τὴν
1166 1788 1410 1858 κεφαλὴν
1433 1786 1658 1857 ἀφίησιν
1687 1788 1849 1841 άστεο

247 1890 517 1957 φάνωτον.
565 1890 630 1940 Ὀ
672 1888 737 1958 δὴ
784 1885 933 1959 [718]
975 1886 1071 1940 καὶ
1117 1887 1278 1957 ἡμεῖς
1322 1884 1707 1955 πεπόνθαμεν,
1753 1879 1848 1935 τοῦ

248 1986 522 2055 στεφάνου
544 1985 652 2038 τῶν
682 1984 976 2056 ἐγκωμίων
1006 1982 1159 2055 [748}
1183 1981 1429 2053 μείζονος
1454 1983 1553 2053 1?};
1574 1980 1851 2053 ἡμετέρας

247 2085 512 2153 φανέντος
540 2082 698 2147 ἀξίας
746 2081 1011 2151 κεφαλῆς.
1050 2080 1190 2135 Ἀλλ’
1212 2082 1364 2151 ὅμως
1401 2080 1497 2133 καὶ⁹
1521 2078 1729 2132 τούτων
1755 2077 1850 2132 οῦ-

244 2201 358 2245 τως
392 2182 649 2252 ἐχόντων,
675 2179 763 2233 διὰ
792 2180 890 2250 τὴν
930 2178 1210 2247 παροῦσαν
1250 2176 1312 2248 (f.
1352 2175 1674 2248 περιοῦσαν)
1702 2175 1853 2247 αὐτῷ

246 2282 662 2353 φιλοστοργίαν,
685 2282 714 2334 ὀ
747 2278 931 2350 πατὴρ
953 2278 1054 2333 οὐκ
1083 2276 1297 2348 ἀπέστη
1327 2276 1457 2349 πρὶν
1490 2276 1654 2331 αὐτὸν
1676 2277 1856 2328 ὀπωσ-

247 2382 451 2452 δήποτε
515 2377 782 2432 ἐπιθεῖναι
840 2379 995 2448 ἡμῖν.
1070 2375 1229 2429 Οῦτω
1301 2392 1404 2427 που
1465 2375 1562 2428 καὶ
1612 2372 1855 2443 βασιλεῖς

250 2477 470 2531 ποιοῦσι
521 2474 803 2540 πολλάκις,
843 2474 936 2527 καὶ
980 2474 1041 2526 τὸ
1085 2473 1271 2536 αὐτοῖς
1321 2471 1563 2543 ἁρμόζον
1618 2470 1857 2542 διάδημα

250 2575 533 2639 λαϐόντες,
573 2575 691 2636 ταῖς
744 2571 854 2625 τῶν
908 2570 1139 2623 παιδίων
1194 2569 1499 2623 ἐπιτιθέασι
1534 2568 1802 2638 κεφαλαῖς
1838 2586 1853 2600 ·

252 2670 373 2725 εἶτα
409 2668 629 2723 ἐπειδάν
686 2668 866 2721 ἴδωσιν
904 2666 1112 2721 ἐλάττω
1143 2666 1239 2738 τὴν
1271 2666 1528 2737 παιδικὴν
1564 2662 1731 2721 οὖσαν
1768 2683 1859 2719 κο-

256 2769 436 2841 ρυφὴν
482 2765 578 2820 τοῦ
632 2766 931 2834 στεφάνου,
990 2764 1141 2835 αύτῷ
1184 2765 1359 2833 τούτῳ
1413 2764 1493 2834 τῷ
1552 2763 1858 2836 περιθεῖναι

254 2865 444 2928 ἁπλῶς
483 2862 580 2915 καὶ
609 2861 683 2925 ώς
709 2860 866 2931 ἔτυχε
899 2860 1432 2934 πληροφορηθέντες,
1464 2860 1721 2923 λαϐόντες
1747 2860 1860 2914 λοι-

258 2962 360 3015 πὸν
396 2962 616 3021 ἑαυτοῖς
646 2958 1040 3026 περιτίθενται.

319 3184 388 3243 γ’.
423 3174 578 3229 Ἐπεὶ
599 3168 691 3226 οὖν
708 3173 848 3225 καιό
879 3173 1059 3244 πατὴρ
1085 3167 1167 3220 τόι
1186 3167 1337 3237 αὐτῷ
1362 3167 1642 3237 πρέποντα
1670 3166 1870 3234 στέφα-

257 3290 349 3326 νον
385 3272 519 3341 ἡμῖν
551 3269 824 3338 ἐπέθηκε,
861 3266 957 3318 καὶ
1006 3265 1206 3335 μείζων
1242 3263 1400 3334 ώφθη
1445 3264 1544 3332 τῆς
1582 3262 1859 3334 ἡμετέρας,

262 3370 531 3443 κορυφῆς,
563 3367 744 3437 ἐαυτῷ
773 3367 874 3419 οὐκ
920 3366 987 3420 ἂν
1034 3365 1208 3418 ἕλοιτο
1262 3364 1569 3434 περιθεῖναι
1593 3381 1605 3394 ’
1632 3364 1765 3434 φέρε
1797 3363 1862 3433 δὴ

262 3470 427 3524 αὑτὸν
458 3466 615 3538 ἡμῶν
644 3463 991 3533 ἀφελόμενοι,
1024 3464 1089 3533 τῇ
1143 3460 1458 3533 ἀρμοζούσῃ
1514 3459 1608 3513 τοῦ
1656 3461 1865 3531 πατρὸς

263 3569 427 3639 ἡμεῖς
460 3564 738 3635 ἐπιθῶμεν
770 3561 977 3633 κεφαλῇ
1008 3562 1193 3615 πάλιν.
1227 3560 1334 3613 Τοῦ
1359 3560 1470 3631 γὰρ
1515 3561 1767 3615 Ἰωάννου
1808 3562 1871 3614 τὸ

264 3666 439 3734 ὄνομα
475 3662 605 3730 παρ’
640 3661 793 3731 ἡμῖν,
838 3658 900 3712 τὺ
945 3658 1003 3711 δὲ
1044 3659 1303 3729 φρόνημα
1336 3658 1489 3729 παρὰ
1534 3659 1709 3728 τούτῳ
1731 3674 1743 3688 ·
1776 3658 1872 3711 καὶ

266 3762 367 3831 τὴν
391 3760 490 3831 μὲν
527 3756 901 3828 προσηγορίαν
928 3757 1091 3826 ἡμεῖς
1124 3755 1428 3825 ἐδεξάμεθα
1449 3796 1463 3813 .
1500 3756 1600 3827 τὴν
1628 3756 1685 3809 δὲ
1718 3756 1870 3825 φιλος-

269 3857 467 3926 σοφίαν
500 3850 656 3917 οὗτος
687 3854 978 3924 ἐκτήσατο.
1012 3853 1111 3906 Διά
1156 3852 1315 3906 τοῦτο
1346 3854 1441 3907 καὶ¹
1467 3855 1566 3924 τῆς
1598 3870 1873 3925 προσηγο-

273 3949 397 4018 ρίας
451 3944 658 4007 δίκαιος
712 3944 778 3997 ἂν
826 3944 911 4013 εἴη
966 3942 1375 4013 κληρονομῆσαι
1415 3944 1616 4013 μᾶλλον
1674 3941 1871 4013 ἡμῶν·

272 4044 594 4112 συνώνυμον
639 4042 749 4112 γάρ
794 4042 896 4112 οὐχ
928 4042 962 4111 ἡ
1010 4041 1115 4093 τῶν
1142 4040 1425 4111 ὀνομάτων
1452 4039 1727 4104 κοινωνία,
1758 4039 1873 4092 ἀλλ’

274 4142 447 4213 ἡτῶν
490 4141 837 4213 πραγμάτων
887 4140 1180 4207 συγγένεια
1214 4141 1389 4191 ποιεῖν
1442 4138 1628 4198 εἴωθε.
1678 4138 1779 4192 κᾶν
1808 4140 1877 4193 τά

274 4240 520 4310 ὀνόματα
547 4239 802 4310 διαφέρῃ.
839 4237 914 4290 Ού
946 4238 1054 4303 γὰρ
1086 4236 1276 4307 ὥσπερ
1295 4238 1342 4289 οί
1375 4238 1475 4306 τῆς
1511 4237 1709 4301 ἔξωθεν
1737 4237 1881 4305 φιλο-

280 4339 481 4408 σοφίας
532 4338 876 4407 μετέχοντες,
911 4335 1054 4389 οὓτω
1088 4337 1183 4389 καὶ
1218 4337 1251 4406 ἡ
1289 4337 1485 4408 Γραφὴ
1512 4337 1641 4407 περὶ
1674 4336 1880 4390 τούτων

278 4436 591 4507 φιλοσοφεῖν
614 4433 827 4488 εἴωθεν.
875 4431 1106 4486 Ἐκεῖνοι
1154 4434 1252 4504 μὲν
1276 4433 1384 4505 γὰρ
1416 4434 1481 4488 ἂν
1514 4433 1590 4504 μὴ
1625 4433 1763 4503 μετά
1783 4431 1882 4504 τῆς

278 4533 466 4596 ούσίας
496 4532 591 4586 καὶ
640 4533 674 4603 ἡ
713 4530 824 4585 τῶν
857 4530 1141 4601 ὀνομάτων
1192 4529 1471 4603 συμϐαίνῃ
1525 4530 1780 4584 κοινωνία
1820 4530 1882 4584 οῦ

282 4649 415 4702 φασι
445 4630 690 4699 γίνεσθαι
729 4628 1102 4700 συνωνύμους.
1145 4629 1208 4681 Ἡ
1239 4629 1430 4700 Γραφὴ
1464 4629 1520 4682 δὲ
1546 4630 1645 4700 ούχ
1671 4627 1843 4693 οῦτως
1866 4645 1879 4658 ·

281 4730 400 4784 ἀλλ’
426 4730 558 4783 ὅταν
591 4728 673 4799 ῖδῃ
700 4727 903 4799 πολλὴν
928 4728 1027 4797 τῆς
1060 4727 1382 4797 φιλοσοφίας
1416 4730 1515 4798 τὴν
1538 4726 1885 4796 συγγένειαν,

284 4827 389 4882 κᾶν
410 4825 575 4896 ἕτερα
594 4825 835 4896 ὀνόματα
961 4825 1192 4896 κείμενα
1229 4827 1344 4888 τοῖς
1374 4826 1516 4879 κατὰ
1563 4826 1655 4879 τὸν
1685 4826 1887 4898 τρόπον

286 4926 638 4981 κοινωνοῦσιν
672 4926 942 4997 ἀλλήλοις,
976 4926 1086 4979 ἀπὸ
1129 4927 1227 4995 1?};
1256 4926 1429 4996 αὐτῆς
1479 4927 1677 4991 αὐτοὺς
1717 4946 1887 4998 προσ-

288 5024 518 5097 ηγορίας
540 5023 714 5078 καλεῖ.
749 5024 862 5077 Καὶ
907 5024 1100 5077 τούτου
1143 5025 1204 5077 ού
1240 5025 1524 5095 πόρρωθέν
1563 5027 1682 5080 ἐστι
1713 5045 1891 5099 παρα-

291 5126 441 5194 σχεῖν
472 5123 574 5193 τὴν
610 5118 887 5186 ἀπόδειξιν
906 5162 922 5187 ,
946 5121 1062 5174 ἀλλ’
1093 5122 1256 5175 αὑτὸν
1282 5121 1470 5176 τοῦτον
1502 5123 1595 5177 τὸν
1636 5125 1892 5198 Ἰωάννην

289 5221 383 5274 τὸν
444 5219 719 5290 Ζαχαρίου
768 5218 1191 5290 παραγαγόντες
1248 5221 1330 5285 εἰς
1383 5222 1569 5292 μέσον.
1615 5223 1738 5278 Τῶν
1784 5226 1894 5295 γὰρ

297 5316 560 5387 μαθητῶν
589 5316 985 5386 ἐρωτησάντων
1008 5355 1024 5381 ,
1057 5316 1108 5368 εἰ
1140 5315 1323 5387 μέλλοι
1349 5320 1752 5389 παραγίνεσθαι
1791 5322 1895 5377 πά.

296 5416 381 5469 λιν
404 5414 615 5477 Ἠλίας,
646 5414 999 5485 ἀπεκρίνατο·
1027 5414 1136 5469 Καὶ
1164 5414 1253 5469 ὅτι
1280 5418 1332 5469 εί
1357 5416 1562 5472 θέλετε
1582 5418 1898 5487 δέξασθαι;

302 5508 496 5578 Οὗτός
529 5511 705 5565 ἐστιν
740 5510 940 5577 Ἠλίας
967 5514 999 5565 ό
1039 5512 1278 5579 μέλλων
1314 5513 1618 5584 ἔρχεσθαι.
1656 5517 1765 5572 Καὶ
1792 5517 1898 5589 μὴν

313 5609 569 5675 Ἰωάννης
613 5608 831 5678 ἐλέγετο
862 5624 875 5638 ’
920 5607 1036 5662 ἀλλ’
1073 5608 1260 5680 ἐπειδὴ
1323 5611 1502 5667 ἸΙλίου
1554 5615 1644 5671 τὸν
1698 5616 1899 5687 τρόπον

636 5710 910 5771 Pyram”
961 5711 1007 5771 G
1022 5729 1080 5771 ιι.
1137 5708 1258 5771 LII.

1945 641 2107 696 τοῦτο
2137 638 2231 693 καὶ
2255 637 2318 690 τὸ
2345 636 2519 706 ὄνομα
2556 632 2761 685 Ἡλίου.
2786 631 2898 684 Καὶ
2938 630 3048 699 γάρ
3086 629 3332 698 ἐρήμους
3365 623 3553 698 χώρας

1949 735 2175 809 ᾤκησαν
2208 733 2513 805 ἀμφότεροι
2548 748 2564 762 ·
2602 730 2699 785 καὶ
2745 730 2775 782 0
2830 729 2928 800 μὲν
2962 724 3242 797 μηλωτὴν,
3267 727 3295 778 ὀ
3326 724 3383 777 δὲ
3436 723 3558 793 τρί-

1949 838 2096 893 χινον
2131 822 2344 893 ίμάτιον
2366 819 2779 889 περιεϐέϐλητο·
2817 816 2911 871 καὶ
2939 814 3190 887 τράπεζα
3219 810 3423 884 ὁμοίως
3454 811 3555 866 αὖ·

1951 914 2067 975 τοῖς
2102 911 2325 983 εὐτελὴς
2345 912 2441 965 καὶ
2469 908 2592 981 λιτὴ
2628 905 2718 980 ἦν.
2751 908 2862 962 Καὶ
2912 909 2941 961 ὀ
2981 906 3082 977 μὲν
3124 906 3226 974 1?};
3276 900 3554 974 προτέρας
3587 931 3591 935 ·

1954 1002 2260 1073 παρουσίας
2289 1003 2537 1066 διάκονος
2576 1002 2823 1070 γέγονεν,
2856 1001 2885 1053 ὀ
2921 998 2979 1052 δὲ
3006 998 3161 1051 ἔσται
3194 996 3296 1066 τῆς
3328 993 3556 1065 μελλού-

1956 1110 2057 1164 σης
2085 1090 2261 1160 αὖθις.
2298 1096 2453 1149 Ἐπεὶ
2484 1090 2579 1149 οῦν
2610 1096 2705 1148 καὶ
2731 1093 2944 1164 διαίτης
2972 1091 3176 1162 τρόπος
3198 1089 3293 1142 καὶ
3322 1086 3558 1159 ἱματίων

1957 1186 2243 1258 περιϐολὴ.
2280 1188 2376 1241 καὶ¹
2425 1187 2606 1240 τόπων
2642 1184 2942 1255 διατριϐαὶ,
2985 1182 3083 1237 καὶ
3129 1179 3379 1236 διακονία
3438 1180 3557 1251 μία,

1957 1279 2056 1333 καὶ
2106 1280 2287 1333 πάντα
2331 1279 2423 1333 ἴσα
2464 1274 2536 1349 ἦν
2574 1279 2756 1342 αὐτοῖς
2786 1296 2801 1310 ·
2836 1277 2924 1330 διὰ
2961 1275 3119 1330 τοῦτο
3164 1273 3263 1329 καὶ
3298 1271 3471 1339 ὄνομα
3504 1270 3563 1322 ἓν

1959 1388 2296 1459 ἀμφοτέροις
2337 1388 2619 1459 ἐπέθηκε,
2667 1387 2883 1448 δεικνὺς
2941 1368 3021 1439 ὅτι
3082 1382 3185 1437 κᾶν
3238 1380 3429 1453 ἕτερόν
3482 1396 3565 1442 τις

1958 1481 2131 1554 ὄνομα
2157 1484 2279 1557 ἔχῃ,
2299 1484 2527 1539 δύναται
2566 1480 2707 1539 εἶναι
2744 1484 2942 1553 ἐκείνῳ
2994 1478 3337 1551 συνώνυμος,
3371 1472 3434 1532 οὗ
3476 1476 3569 1548 τὸν

1959 1582 2165 1653 τρόπον
2191 1583 2488 1653 ἐζήλωσεν.

2037 1692 2188 1766 [749]
2227 1694 2291 1751 δ’.
2329 1694 2484 1748 Ἐπεὶ
2508 1690 2601 1749 οῦν
2627 1691 3114 1764 ἀναμφισϐήτητος
3150 1684 3309 1754 οὗτός
3349 1692 3499 1744 ἐστιν
3537 1704 3567 1743 0

1963 1792 2167 1857 κανὼν,
2193 1792 2289 1846 καὶ
2330 1791 2569 1863 ἀκριϐὴς
2598 1786 2755 1855 οὗτος
2793 1790 3126 1861 συνωνύμων
3160 1790 3287 1861 ὅρος
3321 1787 3475 1859 παρὰ
3499 1788 3566 1857 τῇ

1964 1891 2088 1963 θείᾳ
2135 1890 2350 1960 Γραφῇ,
2396 1890 2553 1959 φέρε,
2585 1890 2853 1961 δείξωμεν
2895 1890 3043 1950 ὅπως
3092 1888 3190 1941 καὶ
3228 1886 3321 1940 τὸν
3367 1886 3572 1956 τρόπον

1964 1989 2206 2059 ἐζήλωσε
2246 1988 2339 2041 τὸν
2401 1988 2650 2041 Ἰωάννου
2679 1989 2707 2040 0
2748 1985 2912 2055 σοφὸς
2954 1980 3108 2048 οὗτος
3142 1983 3300 2055 ἡμῶν
3351 1982 3571 2053 πατὴρ,

1966 2087 2055 2140 ἵνα
2086 2084 2299 2157 μάθητε
2334 2085 2419 2137 ὃτι
2444 2085 2541 2139 καὶ
2574 2084 2674 2154 τῆς
2704 2081 3081 2154 προσηγορίας
3123 2074 3280 2145 οὗτος
3311 2080 3577 2133 δικαιότεο

1969 2200 2063 2253 ρον
2080 2182 2147 2237 ἂν
2170 2182 2604 2254 κληρονομήσειε
2625 2181 2725 2251 τῆς
2748 2180 2983 2235 ἐκείνου.
3011 2181 3125 2234 Οὐκ
3147 2174 3215 2250 ἦν
3234 2178 3428 2247 ἐκείνῳ
3447 2176 3580 2248 τρά-

1968 2280 2143 2347 πεζα,
2182 2280 2305 2334 οὐδὲ
2360 2281 2544 2349 κλίνη,
2591 2279 2713 2334 οὐδὲ
2768 2279 2917 2333 οἰκία
2967 2278 3061 2332 ἐπὶ
3116 2276 3221 2349 γῆς
3256 2293 3270 2307 ο
3305 2276 3421 2331 ἀλλ’
3452 2273 3580 2327 οὐδὲ

1969 2379 2146 2449 τούτῳ
2184 2379 2315 2432 ποτὲ
2368 2376 2611 2445 ἐγένετο.
2648 2376 2758 2431 Καὶ
2806 2375 3002 2429 τούτου
3064 2374 3345 2446 μάρτυρες
3398 2374 3579 2443 ὑμεῖς.

1971 2477 2091 2541 πῶς
2121 2477 2212 2529 τὸν
2246 2475 2466 2530 ἅπαντα
2498 2474 2690 2545 χρόνον
2717 2473 3043 2537 διετέλεσεν,
3072 2471 3433 2526 ἁποστολικόν
3469 2470 3581 2522 ἐπι-

1972 2573 2326 2644 δεικνύμενος
2357 2570 2494 2643 βίον,
2532 2571 2701 2642 μηδὲν
2742 2571 2874 2625 ἴδιον
2918 2570 3240 2643 έχων,ἀλλά
3287 2570 3419 2640 παρ’
3461 2568 3582 2621 ἐτέ-

1977 2691 2088 2745 ρων
2143 2671 2509 2742 τρεφόμενος,
2543 2671 2710 2733 αύτός
2742 2672 2808 2741 τῇ
2842 2672 3121 2740 προσευχῇ
3168 2669 3265 2723 καὶ
3309 2669 3377 2739 τῇ
3434 2666 3584 2720 διδα-

1978 2772 2179 2842 σκαλίᾳ
2211 2768 2306 2823 τοῦ
2339 2768 2501 2837 λόγου
2536 2767 2990 2839 προσκαρτερῶν.
3026 2768 3324 2839 Ἐκήρυξεν
3355 2768 3585 2829 ἐκεῖνος,

1977 2870 2153 2941 πέραν
2183 2866 2280 2919 τοῦ
2322 2862 2575 2936 ποταμοῦ
2614 2864 2911 2937 διατρίϐων
2944 2867 3001 2918 ἐν
3026 2867 3146 2928 ταῖς
3174 2862 3465 2937 ἐρημίαις·
3495 2865 3591 2915 καὶ

1978 2964 2134 3031 οὗτος
2162 2967 2338 3037 πέραν
2370 2963 2465 3017 τοῦ
2496 2964 2747 3034 ποταμοῦ
2798 2980 2931 3017 ποτε
2965 2964 3063 3035 τὴν
3094 2964 3249 3017 πόλιν
3286 2964 3470 3017 πᾶσαν
3498 2962 3593 3015 λοι-⁸

1981 3068 2112 3132 ϐὼν,
2130 3065 2228 3137 τὴν
2256 3066 2384 3135 ὑγιῆ
2418 3064 2773 3116 διδασκαλίαν
2808 3063 3153 3119 ἐπαίδευσεν.
3180 3065 3423 3134 ᾯκησεν
3447 3064 3593 3116 ἐκεί-

1982 3183 2072 3230 νος
2105 3166 2185 3228 είς
2212 3163 2591 3235 δεσμωτήριον
2626 3163 2720 3215 καὶ
2747 3162 2846 3233 τὴν
2891 3163 3136 3234 κεφαλὴν
3167 3161 3472 3233 ἀπετμήθη
3503 3160 3595 3213 διὰ

1982 3261 2081 3334 τὴν
2106 3262 2247 3335 ὑπὲρ
2269 3262 2364 3317 τοῦ
2398 3261 2567 3333 νόμου
2594 3260 2911 3332 παρρησίαν
2933 3277 2947 3291 σ
2971 3258 3107 3314 ἁλλά
3143 3260 3240 3312 καὶ
3279 3250 3438 3320 οὗτος
3463 3259 3598 3311 πολ-

1983 3360 2143 3423 λάκις
2168 3360 2269 3429 τῆς
2286 3360 2548 3433 πατρίδος
2569 3359 2799 3426 ἐξέπεσε
2826 3359 2913 3414 διὰ
2933 3360 3032 3431 τὴν
3066 3358 3207 3428 ὑπὲρ
3230 3357 3332 3429 τῆς
3359 3358 3599 3419 πίστεως

1988 3460 2328 3531 παρρησίαν,
2359 3461 2624 3525 πολλάκις
2655 3462 2712 3516 δὲ
2749 3460 2845 3514 καὶ
2882 3459 2979 3531 τὴν
3023 3458 3267 3529 κεφαλὴν
3301 3457 3600 3528 ἀπετμήθη

1986 3560 2076 3612 διὰ
2108 3545 2216 3630 τὴιῗ
2254 3559 2428 3629 αὐτὴν
2461 3557 2668 3628 ταύτην
2717 3557 2992 3621 αἱτίαν,εί
3037 3555 3133 3609 καὶ
3168 3555 3244 3626 μὴ
3292 3557 3360 3626 τῇ
3410 3543 3599 3627 πεῖρξ,

1988 3655 2127 3709 ἀλλά
2152 3658 2219 3727 τῇ
2256 3655 2537 3727 προθέσει.
2575 3655 2651 3708 Ού
2686 3653 2798 3725 γὰρ
2845 3652 3105 3726 φέροντες
3137 3654 3189 3705 οἱ
3219 3653 3318 3723 τῆς
3341 3650 3604 3722 ἀληθείας

1989 3753 2178 3825 ἐχθροὶ
2205 3752 2305 3824 τὴν
2342 3752 2445 3822 τῆς
2474 3752 2725 3821 γλώττης
2758 3751 2925 3805 αὐτοῦ
2948 3751 3202 3823 δύναμιν,
3237 3750 3439 3823 μυρίας
3468 3752 3606 3805 πάν-

1988 3851 2145 3905 τοθεν
2167 3850 2442 3921 ἔρῤαπτον
2478 3849 2793 3916 ἐπιϐουλὰς,
2818 3850 2914 3903 καὶ⁵
2936 3851 3000 3903 ἐκ
3031 3850 3223 3905 πασῶν
3248 3849 3411 3904 αὑτὸν
3441 3847 3606 3919 ἐρῤύ-

1994 3967 2128 4005 σατο
2156 3948 2385 4019 Κύριος.
2417 3947 2557 4019 Φέρε
2590 3943 2685 4001 οῦν
2726 3946 2976 4018 γλώττης
3006 3948 3334 4018 ἀκούσωμεν
3373 3947 3604 4017 ταύτης,

1991 4048 2059 4100 δι’
2080 4046 2146 4117 ἦν
2172 4046 2268 4099 καὶ
2292 4044 2636 4099 ἐκινδύνευσε
2669 4046 2765 4099 καὶ
2784 4045 2989 4115 ἐσώθη.
3028 4046 3163 4113 Περὶ
3188 4040 3258 4117 ἧς
3292 4044 3394 4098 οὐκ
3423 4047 3489 4101 ἄν
3518 4063 3609 4110 τις

1992 4145 2233 4215 ἁμάρτοι
2258 4142 2419 4197 τοῦτο
2444 4143 2637 4206 εἰπὼν,
2668 4142 2696 4194 ὃ
2730 4144 2860 4213 περὶ
2891 4142 2992 4209 τῆς
3030 4143 3135 4213 γῆς
3172 4142 3320 4215 [τῆς]
3359 4146 3607 4213 ἐπαγγε-

1993 4240 2116 4304 λίας
2147 4240 2339 4310 εἴρηκε
2382 4240 2610 4308 Μωσῆς.
2630 4240 2695 4292 Τί
2724 4239 2781 4292 δὲ
2816 4241 2946 4309 περὶ
2980 4240 3197 4308 ἐκείνης
3242 4235 3437 4304 εἷπεν;
3474 4240 3609 4309 Γῆν

1987 4341 2264 4411 ῥέουσαν
2296 4339 2454 4411 πτίλα
2487 4338 2587 4393 καὶ
2615 4336 2776 4407 μέλι.
2820 4336 2994 4391 Τοῦτο
3021 4338 3115 4391 καὶ
3151 4340 3280 4408 περὶ
3307 4339 3407 4408 1?};
3441 4340 3609 4408 γλώτ-

1995 4459 2097 4512 της
2155 4440 2303 4493 ἒστιν
2353 4439 2563 4491 εἰπεῖν⁸
2616 4434 2839 4505 γλῶττα
2895 4435 3094 4507 ῥέουσα
3142 4436 3286 4504 γάλα
3331 4437 3426 4489 καὶ
3483 4437 3607 4509 μέλι

1998 4540 2215 4593 τούτου.
2246 4538 2344 4591 Ἵν⁹
2364 4532 2458 4590 οὖν
2488 4535 2585 4589 καὶ
2600 4534 2873 4602 γάλακτος
2920 4533 3347 4605 ἀπολαύσωμεν,
3378 4536 3474 4590 καὶ
3510 4538 3606 4591 τοῦ

2003 4637 2218 4708 μέλιτος
2257 4632 2666 4706 ἐμφορηθῶμεν
2713 4630 2951 4686 ἐνταῦθα
2989 4630 3081 4685 τὸν
3146 4632 3411 4703 ἡμέτερον
3443 4646 3610 4683 κατα-

2002 4733 2305 4796 παύσαντες
2404 4731 2584 4801 λόγον,
2635 4728 2964 4800 ἀκούσωμεν
3014 4730 3111 4800 τῆς
3153 4729 3326 4801 λύρας
3376 4733 3471 4786 καὶ
3512 4734 3612 4797 1?};

2004 4833 2327 4901 σάλπιγγος.
2354 4830 2526 4883 Ὅταν
2569 4826 2668 4899 μὲν
2712 4826 2823 4897 γάρ
2852 4826 2952 4898 τὴν
2995 4827 3191 4900 ἡδονὴν
3231 4829 3470 4900 ἐννοήσω
3503 4829 3613 4883 τῶν

2005 4928 2291 5003 ῥημάτων,
2336 4926 2508 4997 λύραν
2537 4924 2689 4979 καλῶ
2715 4922 2814 4995 τὴν
2852 4923 3044 4977 τούτου
3072 4926 3275 4997 φωνήν·
3298 4926 3428 4979 ὅταν
3464 4924 3522 4979 δέ
3554 4927 3617 4979 τὸ

2003 5026 2232 5080 δυνατὸν
2294 5024 2405 5079 τῶν
2455 5023 2769 5095 νοημάτων,
2800 5022 3084 5092 σάλπιγγά
3132 5041 3255 5077 τινα
3286 5024 3614 5098 πολεμικὴν,

2006 5126 2101 5179 καὶ
2129 5123 2424 5194 τοιαύτην,
2466 5123 2584 5175 οἷαν
2621 5118 2768 5191 εἶχον
2801 5121 2852 5174 οἱ
2899 5121 3159 5188 Ἰουδαῖοι,
3193 5122 3357 5193 ἡνίκα
3396 5122 3466 5177 τά
3516 5126 3618 5195 τῆς

2016 5220 2230 5295 Ἱεριχὼ
2279 5219 2436 5291 τείχη
2489 5216 2814 5272 κατέϐαλον.
2852 5218 3125 5291 Καθάπερ
3151 5220 3261 5292 γάρ
3287 5221 3408 5275 τότε
3451 5221 3620 5293 ἡτῶν

2010 5320 2331 5389 σαλπίγγων
2353 5317 2484 5390 ἠχὴ,
2512 5317 2687 5388 πυρὸς
2718 5317 3078 5389 σφοδρότερον
3109 5323 3220 5383 τοῖς
3243 5319 3413 5383 λίθοις
3444 5337 3618 5392 προσ-

2009 5419 2309 5479 πίπτουσα,
2345 5415 2527 5469 πάντα
2575 5414 2836 5487 ἀνήλισκε
2875 5418 2970 5470 καὶ
3018 5416 3294 5473 ἐδαπάνα·
3342 5416 3486 5471 οὕτω
3521 5423 3621 5473 καὶ

2012 5518 2046 5588 ἡ
2084 5514 2276 5569 τούτου
2305 5514 2458 5585 φωνὴ
2490 5511 2611 5580 νῦν,
2632 5513 2731 5584 οὐχ
2758 5506 2923 5587 ἦττον
2947 5513 3045 5584 τῆς
3070 5512 3371 5583 σάλπιγγος
3398 5515 3617 5587 ἐκείνης,

2014 5616 2129 5678 τοῖς
2182 5613 2292 5666 τῶν
2348 5609 2644 5683 αίρετικῶν
2680 5609 3034 5682 ὀχυρώμασιν
3067 5610 3417 5683 ἐμπεσοῦσα,
3472 5611 3609 5679 λογις

3225 5716 3302 5776 ἓΙι
