4076 6438
584 351 686 407 765
1262 352 1318 406 S.
1361 352 1645 409 .IOANNlS
1686 352 2171 410 CIIRYSOSTOMI
2209 350 2529 411 ABCIIIEP.
2571 347 3116 407 CONSTANTINOP.
3706 342 3814 399 166

580 470 748 540 σμοὺς
780 469 1049 542 καθαιρεῖ,
1083 472 1175 525 καὶ
1206 473 1311 526 πᾶν
1361 474 1559 545 ὕψωμα
1606 476 1963 547 ἐπαιρόμενον
2004 477 2143 532 κατὰ
2248 473 2547 543 παύσωμεν
2576 471 2668 525 τὸν
2696 472 2965 543 ἡμέτερον
3004 469 3184 537 λόγον,
3221 466 3375 532 δόξαν
3402 462 3825 534 ἀναπέμῲαντες

574 565 674 633 τῆς
694 560 946 632 γνώσεως
970 561 1065 616 τοῦ
1085 562 1255 617 Θεοῦ,
1274 563 1411 617 Ἀλλ’
1433 565 1519 620 ἴνα
1542 567 1617 637 μὴ
1641 567 1729 622 διὰ
1746 569 1845 639 τῆς
1870 568 2143 641 ἡμετέρας
2243 567 2321 637 τῷ
2348 565 2489 636 Θεῷ,
2517 564 2597 635 τῷ
2633 564 2906 627 τοιούτους
2953 561 3285 631 παρασχόντι
3332 557 3703 620 διδασκάλους.
3731 556 3819 610 ὅτι

574 652 850 727 γλώττης,
900 655 1035 710 ἀλλὰ
1075 656 1162 710 διὰ
1191 658 1292 728 τῆς
1331 655 1520 711 τούτου
1552 660 1722 717 ταῦτα
1751 662 1982 734 μάθητε,
2011 662 2143 716 ἀνα.
2245 657 2395 730 αὑτῷ
2424 660 2459 729 ἡ
2489 656 2614 723 δόξα
2644 656 2723 719 εἰς
2754 654 2879 719 τοὺς
2908 653 3108 714 αἰῶνας
3138 650 3247 705 τῶν
3276 648 3507 705 αἰώνων.
3548 646 3744 721 ’Δμήω

1344 1582 1904 1644 FRAGMENTUM
1950 1582 2012 1642 S.
2058 1577 2393 1640 JOANNIS
2436 1572 3037 1646 CHRYSOSTOMI,

575 1804 674 1862 L’bi
699 1810 762 1862 de
782 1812 957 1866 eodem
988 1811 1221 1867 Diodoro
1244 1826 1309 1866 ea:
1339 1808 1595 1867 Facundo
1632 1808 2021 1872 llermianensi,
2058 1810 2148 1877 qui
2179 1808 2276 1872 ait,
2302 1807 2394 1862 lib.
2426 1807 2481 1870 4,
2517 1823 2564 1860 c.
2589 1807 2626 1861 2
2655 1824 2666 1859 :
2714 1804 2928 1862 Rursus
2960 1808 3016 1862 in
3042 1806 3150 1861 alio
3183 1803 3448 1865 Sermone
3478 1806 3545 1864 de
3576 1808 3693 1881 ipso
3714 1822 3821 1867 suo

1832 1909 2091 1977 magistro
2126 1905 2361 1961 Diodoro
2390 1904 2547 1960 dixit.

636 2140 753 2197 Rion
784 2142 1074 2213 superﬂue,
1108 2144 1251 2201 sicut
1296 2151 1540 2214 apparet,
1571 2157 1851 2197 sermones
1884 2141 2127 2210 prolixos
2249 2140 2568 2212 spiritualis.
2584 2139 2751 2195 Vivus
2779 2150 2863 2194 est
2884 2140 3029 2195 enim
3053 2150 3155 2195 Iste
3175 2150 3400 2211 martyr,
3428 2150 3481 2196 et
3506 2148 3714 2212 martyr
3735 2157 3818 2197 Sl-

568 2234 939 2291 exnendimus.
962 2235 1280 2291 Sedenimin
1296 2234 1591 2305 Martyrum
1611 2235 1972 2288 celebratione
1988 2248 2133 2287 com-
2245 2236 2465 2306 quidem
2494 2242 2746 2289 mortuus
2784 2242 2838 2288 et
2881 2233 3080 2304 saepius
3121 2234 3417 2303 proposito.
3460 2232 3649 2288 Videte
3696 2234 3820 2302 ejus

570 2339 856 2381 mouemur
874 2328 1035 2382 etiam
1051 2326 1422 2396 vivimartyris
1436 2326 1601 2381 vicini
1619 2324 1875 2396 martyrio
1892 2323 2131 2381 ﬂuniinis
2246 2327 2489 2382 membra
2517 2325 2862 2387 mortiﬁcata.
2890 2325 3066 2380 videte
3089 2324 3315 2395 ﬁguram
3340 2324 3815 2380 circumferentem

2005 3035 2367 3109 MONITUM

644 3306 797 3364 llanc
828 3308 1105 3363 bomiliam
1149 3309 1291 3364 inter
1323 3303 1511 3377 spuria
1538 3301 1804 3375 ablegavit
1846 3297 2052 3355 Fronto
2087 3297 2333 3355 Duczeus.
2366 3298 2519 3381 Illam
2559 3306 2747 3353 contra
2792 3293 3024 3351 melioris
3058 3310 3182 3351 esse
3211 3305 3349 3351 nota:
3379 3296 3517 3351 dixit
3570 3296 3811 3356 Savilius

567 3425 623 3481 in
658 3426 819 3482 notis.
860 3424 929 3481 Ut
956 3426 1246 3497 genuinam
1274 3425 1437 3478 etiam
1475 3421 1716 3477 habuere
1748 3419 1840 3474 alii
1873 3417 2021 3474 docti
2050 3418 2175 3482 viri,
2206 3419 2345 3473 inter
2387 3431 2526 3487 quos
2556 3415 2956 3471 Tillemontius.
2988 3414 3153 3469 Notat
3188 3414 3424 3470 Savilius
3454 3416 3506 3469 in
3541 3431 3607 3470 eo
3640 3419 3810 3475 multa

567 3539 748 3596 haberi
774 3541 839 3595 iis
860 3540 1058 3596 similia
1082 3552 1203 3609 quae
1230 3539 1283 3591 in
1318 3536 1551 3591 llomiiia
1579 3542 1767 3591 contra
1789 3531 2035 3588 ebriosos
2063 3538 2117 3586 et
2146 3529 2216 3586 de
2237 3530 2642 3586 resurrectione
2671 3529 2924 3600 leguntur
2954 3544 3118 3599 supra
3144 3526 3319 3582 Tomo
3355 3528 3411 3591 2,
3445 3544 3498 3598 p.
3522 3528 3651 3595 441,
3678 3530 3806 3593 442,

565 3656 689 3721 445,
724 3670 845 3726 quae
882 3656 997 3710 loca
1023 3656 1077 3708 in
1102 3654 1248 3709 notis
1279 3652 1607 3726 indicantur.
1636 3649 1698 3704 ιη
1726 3647 1995 3719 principio
2020 3648 2184 3701 etiam
2220 3645 2462 3700 homilim
2489 3644 2737 3713 qmedam
2769 3643 3034 3698 habentur
3072 3641 3287 3708 eadem,
3328 3642 3632 3713 iisdemque
3658 3658 3801 3712 pene

566 3771 766 3837 verbis,
798 3786 922 3841 qua:
948 3770 1003 3824 in
1034 3767 1268 3824 Humilia
1285 3766 1353 3820 de
1376 3764 1690 3821 cmmeterio
1708 3751 1763 3818 ἐι
1793 3763 1861 3817 de
1885 3776 2049 3817 cruce
2072 3777 2126 3831 p.
2155 3761 2279 3816 598.
2300 3760 2418 3814 Alia
2436 3772 2656 3829 quoque
2677 3757 2882 3812 leviora
2917 3755 3041 3810 b'inc
3070 3764 3125 3810 et
3158 3755 3285 3811 inde
3306 3755 3807 3825 deprehenduntur,

566 3902 685 3957 quae
728 3887 783 3940 iu
827 3886 948 3940 aliis
982 3884 1359 3957 Cbrysostomi
1386 3881 1644 3953 operibus
1683 3880 1976 3934 habentur.
2013 3879 2136 3937 Haec
2169 3880 2402 3935 fortasse
2434 3876 2763 3931 Frontonem
2791 3874 3049 3930 Ducazum
3076 3875 3257 3930 virum
3285 3890 3539 3946 sagacem
3570 3876 3800 3934 induxe-

568 4010 710 4067 runt,
749 4008 810 4054 ut
830 4001 973 4057 hanc
1001 3998 1281 4053 bomiliam
1306 3998 1447 4051 inter
1465 3995 1681 4064 spurias
1711 3992 2006 4060 ablegaret.
2033 3988 2246 4043 Putavit
2275 3988 2418 4042 haud
2453 3986 2617 4043 dubie
2643 4002 2766 4043 esse
2795 3996 3081 4046 centonem
3112 4004 3177 4044 ex
3208 3990 3375 4046 variis
3406 3990 3790 4063 Cbrysostbmi

1260 4593 1412 4666 1⁷⁵0]
1452 4602 1619 4688 ΕΙΣ
1657 4606 1803 4687 ΤΟ
1844 4605 2177 4689 ΑΓΙΟΝ
2236 4598 2615 4690 ΠΑΣΧΑ
2689 4596 3090 4693 ΛΟΓΟΣ.

646 5153 715 5201 α’.
740 5145 1008 5218 Εὖκαιρον
1038 5147 1276 5217 σήμερον
1311 5144 1554 5207 ἅπαντας
1580 5145 1731 5214 ἡμᾶς
1758 5143 2054 5214 ἀναϐοῆσαι
2086 5141 2148 5195 τὸ

576 5230 729 5300 παρὰ
766 5228 859 5281 τοῦ
897 5230 1168 5302 μακαρίου
1198 5228 1361 5280 Δαυῒδ
1389 5228 1678 5298 εἰρημένον
1700 5243 1717 5260 ο
1762 5227 1861 5293 Τίς
1891 5230 2147 5292 λαλήσει

577 5316 681 5379 τὰς
704 5313 1065 5378 δυναστείας
1123 5313 1228 5366 τοῦ
1262 5313 1503 5380 Κυρίου,
1567 5311 1873 5376 ἀκουστὰς
1911 5312 2149 5375 ποιήσει

582 5398 779 5461 πάσας
808 5397 913 5461 τὰς
940 5395 1203 5460 αἱνέσεις
1229 5395 1451 5459 αὐτοῦ;
1488 5396 1621 5447 Ἰδοὺ
1671 5394 1779 5465 γὰρ
1819 5397 1947 5463 ἡμῖν
1972 5411 2149 5464 παρα-

577 5481 848 5549 ⁴γέγονενή
872 5480 1091 5549 ποθεινὴ
1105 5480 1198 5531 καὶ
1226 5479 1491 5548 σωτήριος
1514 5478 1697 5547 ἑορτὴ,
1719 5480 1751 5547 ἡ
1784 5476 2152 5547 ἁναστάσιμος

577 5563 762 5633 ἡμέρα
800 5561 891 5615 τοῦ
917 5563 1119 5632 Κυρίου
1152 5561 1312 5631 ἡμῶν
1352 5560 1525 5632 Ἰησοῦ
1559 5560 1828 5631 Χριστοῦ,
1870 5561 1902 5629 ἡ
1946 5560 2043 5629 τῆς
2076 5562 2150 5611 εὶ-

584 5648 751 5720 ρήνης
780 5646 1054 5710 ὑπόθεσις,
1083 5646 1115 5711 ἡ
1168 5646 1266 5713 τῆς
1306 5643 1650 5713 καταλλαγῆς
1682 5642 1925 5713 ἀφορμὴ,
1981 5643 2014 5711 ἡ
2043 5642 2151 5693 τῶν

588 5730 836 5797 πολέμων
863 5730 1156 5800 ἀναίρεσις.
1194 5731 1228 5798 ἠ
1258 5726 1351 5780 τοῦ
1380 5726 1608 5781 θανάτου
1646 5728 1955 5790 κατάλυσις,
1992 5726 2024 5796 ἡ
2054 5724 2149 5778 τοῦ

2245 5139 2490 5194 διαϐόλου
2521 5132 2677 5209 ἦττα.
2721 5136 2969 5205 Σήμερον
3009 5132 3279 5205 ἄνθρωποι
3318 5132 3430 5195 τοῖς
3454 5129 3707 5199 ἀγγέλοις
3732 5130 3828 5185 ἀν-

2247 5226 2539 5295 εμίγησαν,
2575 5219 2721 5292 [³751]
2752 5222 2845 5272 καὶ
2874 5221 2923 5271 οἱ
2948 5216 3106 5287 σῶμα
3137 5215 3506 5287 περικείμενοι
3550 5214 3687 5285 μετὰ
3716 5213 3829 5266 τῶν

2250 5308 2557 5378 ἀσωμάτων
2573 5305 2853 5373 δυνάμεων
2869 5301 3055 5353 λοιπὸν
3072 5301 3169 5363 τὰς
3184 5299 3457 5371 ὑμνῳδίας
3470 5298 3827 5369 ἀναφέρουσι.

2252 5392 2496 5461 Σήμερον
2525 5388 2847 5441 καταλύεται
2872 5385 2967 5437 τοῦ
2991 5383 3241 5436 διαϐόλου
3276 5385 3305 5453 ἡ
3331 5381 3587 5453 τυραννίς
3607 5398 3621 5412 ·
3653 5380 3831 5450 σήμε-

2258 5492 2346 5546 ρον
2372 5474 2441 5525 τὰ
2468 5471 2641 5541 δεσμὰ
2685 5469 2776 5523 τοῦ
2814 5468 3042 5522 Οανὰτου
3097 5466 3280 5536 ἐλύθη,
3310 5464 3403 5519 τοῦ
3428 5464 3555 5535 ᾅδου
3586 5463 3646 5516 τδ
3680 5465 3832 5524 νῖκος

2254 5558 2547 5627 ἠφάνισται
2568 5571 2579 5585 ³
2620 5556 2856 5624 σήμερον
2880 5552 3134 5622 εὔκαιρον
3165 5550 3326 5603 πάλιν
3360 5549 3533 5601 εἰπεῖν
3563 5547 3663 5617 τὴν
3694 5560 3830 5614 προ.

2256 5639 2490 5710 φητικὴν
2524 5638 2734 5707 ἐκείνην
2757 5638 2968 5706 φωνήνσ
2999 5634 3124 5689 Ποῦ
3162 5648 3298 5697 σου,
3324 5632 3562 5693 θάνατε,
3594 5630 3659 5682 τὸ
3692 5626 3833 5681 κέν-

2255 5709 2432 5792 τρον;
2458 5720 2576 5775 ποῦ
2598 5734 2734 5788 σου,
2752 5719 2887 5787 ᾔδη,
2911 5720 2976 5773 τὸ
2996 5718 3200 5785 rixae;
3228 5718 3475 5789 Σήμερον
3500 5713 3600 5777 τὰς
3621 5709 3835 5783 χαλκᾶς
