  <div class='ocr_page' id='page_1' title='image "/cluster/home/n/w/nwhite01/storage/ocr_20150623/52/ien.35556001660794/384.png"; bbox 0 0 4076 6426; ppageno 0'>
   <div class='ocr_carea' id='block_1_1' title="bbox 235 373 3570 455">
    <p class='ocr_par' dir='ltr' id='par_1_1' title="bbox 235 373 3570 455">
     <span class='ocr_line' id='line_1_1' title="bbox 235 373 3570 455; baseline -0.007 -2"><span class='ocrx_word' id='word_1_1' title='bbox 235 401 348 455; x_wconf 71' lang='lat'><strong>785</strong></span> <span class='ocrx_word' id='word_1_2' title='bbox 1361 387 1593 446; x_wconf 71' lang='lat' dir='ltr'><strong>HOMll..</strong></span> <span class='ocrx_word' id='word_1_3' title='bbox 1639 385 1708 443; x_wconf 76' lang='lat' dir='ltr'><strong>IN</strong></span> <span class='ocrx_word' id='word_1_4' title='bbox 1746 383 2072 444; x_wconf 78' lang='lat' dir='ltr'><strong>SANCTUM</strong></span> <span class='ocrx_word' id='word_1_5' title='bbox 2113 382 2405 441; x_wconf 73' lang='lat' dir='ltr'><strong>PASCHA.</strong></span> <span class='ocrx_word' id='word_1_6' title='bbox 3465 373 3570 431; x_wconf 78' lang='lat'><strong>766</strong></span> 
     </span>
    </p>
   </div>
   <div class='ocr_carea' id='block_1_2' title="bbox 236 493 3571 577">
    <p class='ocr_par' dir='ltr' id='par_1_2' title="bbox 236 493 3571 577">
     <span class='ocr_line' id='line_1_2' title="bbox 236 493 3571 577; baseline -0.004 -17"><span class='ocrx_word' id='word_1_7' title='bbox 236 524 343 576; x_wconf 77' lang='lat' dir='ltr'><strong>que</strong></span> <span class='ocrx_word' id='word_1_8' title='bbox 365 509 433 562; x_wconf 86' lang='lat' dir='ltr'><strong>de</strong></span> <span class='ocrx_word' id='word_1_9' title='bbox 461 507 620 577; x_wconf 68' lang='lat' dir='ltr'><strong>hujus</strong></span> <span class='ocrx_word' id='word_1_10' title='bbox 643 507 819 577; x_wconf 80' lang='lat' dir='ltr'><strong>lingua</strong></span> <span class='ocrx_word' id='word_1_11' title='bbox 860 504 1145 561; x_wconf 87' lang='lat' dir='ltr'><strong>dicendum</strong></span> <span class='ocrx_word' id='word_1_12' title='bbox 1173 525 1185 559; x_wconf 86' lang='grc'>;</span> <span class='ocrx_word' id='word_1_13' title='bbox 1215 504 1392 574; x_wconf 73' lang='lat' dir='ltr'><strong>lingua</strong></span> <span class='ocrx_word' id='word_1_14' title='bbox 1432 501 1602 559; x_wconf 80' lang='lat' dir='ltr'><strong>ﬂuens</strong></span> <span class='ocrx_word' id='word_1_15' title='bbox 1626 501 1768 559; x_wconf 91' lang='lat' dir='ltr'><strong>lacte</strong></span> <span class='ocrx_word' id='word_1_16' title='bbox 1791 512 1847 558; x_wconf 87' lang='lat' dir='ltr'><strong>et</strong></span> <span class='ocrx_word' id='word_1_17' title='bbox 1954 502 2035 556; x_wconf 86' lang='lat' dir='ltr'><strong>sic</strong></span> <span class='ocrx_word' id='word_1_18' title='bbox 2064 509 2119 556; x_wconf 90' lang='lat' dir='ltr'><strong>et</strong></span> <span class='ocrx_word' id='word_1_19' title='bbox 2152 500 2268 570; x_wconf 84' lang='lat' dir='ltr'><strong>ejus</strong></span> <span class='ocrx_word' id='word_1_20' title='bbox 2313 513 2413 554; x_wconf 86' lang='lat' dir='ltr'><strong>vox</strong></span> <span class='ocrx_word' id='word_1_21' title='bbox 2463 511 2625 564; x_wconf 86' lang='lat' dir='ltr'><strong>nunc,</strong></span> <span class='ocrx_word' id='word_1_22' title='bbox 2668 510 2776 551; x_wconf 89' lang='lat' dir='ltr'><strong>non</strong></span> <span class='ocrx_word' id='word_1_23' title='bbox 2824 496 3002 551; x_wconf 91' lang='lat' dir='ltr'><strong>minus</strong></span> <span class='ocrx_word' id='word_1_24' title='bbox 3031 509 3194 566; x_wconf 88' lang='lat' dir='ltr'><strong>quam</strong></span> <span class='ocrx_word' id='word_1_25' title='bbox 3225 493 3351 550; x_wconf 86' lang='lat' dir='ltr'><strong>tuba</strong></span> <span class='ocrx_word' id='word_1_26' title='bbox 3392 493 3486 548; x_wconf 82' lang='lat' dir='ltr'><strong>illa</strong></span> <span class='ocrx_word' id='word_1_27' title='bbox 3517 493 3571 548; x_wconf 84' lang='lat' dir='ltr'><strong>in</strong></span> 
     </span>
    </p>
   </div>
   <div class='ocr_carea' id='block_1_3' title="bbox 237 586 3574 670">
    <p class='ocr_par' dir='ltr' id='par_1_3' title="bbox 237 586 3574 670">
     <span class='ocr_line' id='line_1_3' title="bbox 237 586 3574 670; baseline -0.004 -18"><span class='ocrx_word' id='word_1_28' title='bbox 237 603 421 656; x_wconf 79' lang='lat' dir='ltr'><strong>melle.</strong></span> <span class='ocrx_word' id='word_1_29' title='bbox 455 601 523 656; x_wconf 87' lang='lat' dir='ltr'><strong>Ut</strong></span> <span class='ocrx_word' id='word_1_30' title='bbox 569 601 728 670; x_wconf 81' lang='lat' dir='ltr'><strong>igitur</strong></span> <span class='ocrx_word' id='word_1_31' title='bbox 753 609 806 654; x_wconf 88' lang='lat' dir='ltr'><strong>et</strong></span> <span class='ocrx_word' id='word_1_32' title='bbox 833 600 968 654; x_wconf 89' lang='lat' dir='ltr'><strong>lacte</strong></span> <span class='ocrx_word' id='word_1_33' title='bbox 991 599 1248 664; x_wconf 80' lang='lat' dir='ltr'><strong>fruamur,</strong></span> <span class='ocrx_word' id='word_1_34' title='bbox 1281 606 1338 652; x_wconf 92' lang='lat' dir='ltr'><strong>et</strong></span> <span class='ocrx_word' id='word_1_35' title='bbox 1377 596 1535 652; x_wconf 87' lang='lat' dir='ltr'><strong>melle</strong></span> <span class='ocrx_word' id='word_1_36' title='bbox 1564 598 1844 662; x_wconf 78' lang='lat' dir='ltr'><strong>satientur,</strong></span> <span class='ocrx_word' id='word_1_37' title='bbox 1957 592 2333 649; x_wconf 68' lang='lat' dir='ltr'><strong>haereticorum</strong></span> <span class='ocrx_word' id='word_1_38' title='bbox 2365 591 2696 647; x_wconf 76' lang='lat' dir='ltr'><strong>munitiones</strong></span> <span class='ocrx_word' id='word_1_39' title='bbox 2737 590 3001 655; x_wconf 88' lang='lat' dir='ltr'><strong>incidens,</strong></span> <span class='ocrx_word' id='word_1_40' title='bbox 3028 588 3309 644; x_wconf 86' lang='lat' dir='ltr'><strong>ratiocinia</strong></span> <span class='ocrx_word' id='word_1_41' title='bbox 3337 586 3574 642; x_wconf 86' lang='lat' dir='ltr'><strong>destruit</strong></span> 
     </span>
    </p>
   </div>
   <div class='ocr_carea' id='block_1_4' title="bbox 235 679 3572 762">
    <p class='ocr_par' dir='ltr' id='par_1_4' title="bbox 235 679 3572 762">
     <span class='ocr_line' id='line_1_4' title="bbox 235 679 3572 762; baseline -0.004 -18"><span class='ocrx_word' id='word_1_42' title='bbox 235 693 325 746; x_wconf 76' lang='lat' dir='ltr'><strong>hic</strong></span> <span class='ocrx_word' id='word_1_43' title='bbox 375 692 524 747; x_wconf 74' lang='lat' dir='ltr'><strong>finita</strong></span> <span class='ocrx_word' id='word_1_44' title='bbox 565 694 808 746; x_wconf 88' lang='lat' dir='ltr'><strong>oratione</strong></span> <span class='ocrx_word' id='word_1_45' title='bbox 834 704 1035 756; x_wconf 88' lang='lat' dir='ltr'><strong>nostra,</strong></span> <span class='ocrx_word' id='word_1_46' title='bbox 1061 691 1231 762; x_wconf 83' lang='lat' dir='ltr'><strong>lyram</strong></span> <span class='ocrx_word' id='word_1_47' title='bbox 1260 701 1314 746; x_wconf 88' lang='lat' dir='ltr'><strong>et</strong></span> <span class='ocrx_word' id='word_1_48' title='bbox 1339 691 1522 746; x_wconf 90' lang='lat' dir='ltr'><strong>tubam</strong></span> <span class='ocrx_word' id='word_1_49' title='bbox 1542 690 1842 744; x_wconf 77' lang='lat' dir='ltr'><strong>audiamus.</strong></span> <span class='ocrx_word' id='word_1_50' title='bbox 1955 697 2012 742; x_wconf 87' lang='lat' dir='ltr'><strong>et</strong></span> <span class='ocrx_word' id='word_1_51' title='bbox 2037 701 2253 741; x_wconf 89' lang='lat' dir='ltr'><strong>omnem</strong></span> <span class='ocrx_word' id='word_1_52' title='bbox 2282 684 2616 739; x_wconf 90' lang='lat' dir='ltr'><strong>altitudinem</strong></span> <span class='ocrx_word' id='word_1_53' title='bbox 2643 699 2764 755; x_wconf 64' lang='lat' dir='ltr'><strong>quae</strong></span> <span class='ocrx_word' id='word_1_54' title='bbox 2790 699 2850 738; x_wconf 89' lang='lat' dir='ltr'><strong>se</strong></span> <span class='ocrx_word' id='word_1_55' title='bbox 2880 681 3089 737; x_wconf 80' lang='lat' dir='ltr'><strong>extollit</strong></span> <span class='ocrx_word' id='word_1_56' title='bbox 3109 681 3371 737; x_wconf 88' lang='lat' dir='ltr'><strong>adversus</strong></span> <span class='ocrx_word' id='word_1_57' title='bbox 3395 679 3572 735; x_wconf 84' lang='lat' dir='ltr'><strong>scicn-</strong></span> 
     </span>
    </p>
   </div>
   <div class='ocr_carea' id='block_1_5' title="bbox 233 771 3574 853">
    <p class='ocr_par' dir='ltr' id='par_1_5' title="bbox 233 771 3574 853">
     <span class='ocr_line' id='line_1_5' title="bbox 233 771 3574 853; baseline -0.004 -15"><span class='ocrx_word' id='word_1_58' title='bbox 233 785 371 840; x_wconf 76' lang='lat' dir='ltr'><strong>Cum</strong></span> <span class='ocrx_word' id='word_1_59' title='bbox 414 787 558 841; x_wconf 90' lang='lat' dir='ltr'><strong>enim</strong></span> <span class='ocrx_word' id='word_1_60' title='bbox 602 787 888 841; x_wconf 85' lang='lat' dir='ltr'><strong>verborum</strong></span> <span class='ocrx_word' id='word_1_61' title='bbox 934 786 1248 840; x_wconf 90' lang='lat' dir='ltr'><strong>suavitatem</strong></span> <span class='ocrx_word' id='word_1_62' title='bbox 1303 782 1624 845; x_wconf 87' lang='lat' dir='ltr'><strong>considero,</strong></span> <span class='ocrx_word' id='word_1_63' title='bbox 1679 783 1847 853; x_wconf 65' lang='lat' dir='ltr'><strong>lyram</strong></span> <span class='ocrx_word' id='word_1_64' title='bbox 1958 780 2084 832; x_wconf 90' lang='lat' dir='ltr'><strong>tiam</strong></span> <span class='ocrx_word' id='word_1_65' title='bbox 2132 777 2225 832; x_wconf 87' lang='lat' dir='ltr'><strong>Dei</strong></span> <span class='ocrx_word' id='word_1_66' title='bbox 2254 775 2349 850; x_wconf 79' lang='lat'><strong>(2.</strong></span> <span class='ocrx_word' id='word_1_67' title='bbox 2380 777 2500 831; x_wconf 89' lang='lat' dir='ltr'><strong>Car.</strong></span> <span class='ocrx_word' id='word_1_68' title='bbox 2530 776 2618 831; x_wconf 90' lang='grc'><strong>10.</strong></span> <span class='ocrx_word' id='word_1_69' title='bbox 2648 777 2730 845; x_wconf 86' lang='grc'><strong>5).</strong></span> <span class='ocrx_word' id='word_1_70' title='bbox 2769 776 2964 830; x_wconf 85' lang='lat' dir='ltr'><strong>Verum</strong></span> <span class='ocrx_word' id='word_1_71' title='bbox 2992 783 3051 828; x_wconf 89' lang='lat' dir='ltr'><strong>ut</strong></span> <span class='ocrx_word' id='word_1_72' title='bbox 3076 787 3146 828; x_wconf 89' lang='lat' dir='ltr'><strong>ne</strong></span> <span class='ocrx_word' id='word_1_73' title='bbox 3188 786 3288 845; x_wconf 88' lang='lat' dir='ltr'><strong>per</strong></span> <span class='ocrx_word' id='word_1_74' title='bbox 3329 771 3574 842; x_wconf 71' lang='lat' dir='ltr'><strong>linguam</strong></span> 
     </span>
    </p>
   </div>
   <div class='ocr_carea' id='block_1_6' title="bbox 236 862 3572 947">
    <p class='ocr_par' dir='ltr' id='par_1_6' title="bbox 236 862 3572 947">
     <span class='ocr_line' id='line_1_6' title="bbox 236 862 3572 947; baseline -0.005 -16"><span class='ocrx_word' id='word_1_75' title='bbox 236 877 358 941; x_wconf 77' lang='lat' dir='ltr'><strong>ejus</strong></span> <span class='ocrx_word' id='word_1_76' title='bbox 404 892 588 932; x_wconf 89' lang='lat' dir='ltr'><strong>vocem</strong></span> <span class='ocrx_word' id='word_1_77' title='bbox 639 879 853 946; x_wconf 74' lang='lat' dir='ltr'><strong>appello</strong></span> <span class='ocrx_word' id='word_1_78' title='bbox 888 895 900 932; x_wconf 89' lang='lat'><strong>:</strong></span> <span class='ocrx_word' id='word_1_79' title='bbox 933 878 1019 932; x_wconf 82' lang='lat' dir='ltr'><strong>ubi</strong></span> <span class='ocrx_word' id='word_1_80' title='bbox 1069 886 1248 931; x_wconf 86' lang='lat' dir='ltr'><strong>autem</strong></span> <span class='ocrx_word' id='word_1_81' title='bbox 1292 877 1401 932; x_wconf 82' lang='lat' dir='ltr'><strong>vim</strong></span> <span class='ocrx_word' id='word_1_82' title='bbox 1440 876 1843 947; x_wconf 82' lang='lat' dir='ltr'><strong>cogitationum,</strong></span> <span class='ocrx_word' id='word_1_83' title='bbox 1959 882 2222 938; x_wconf 84' lang='lat' dir='ltr'><strong>nostram,</strong></span> <span class='ocrx_word' id='word_1_84' title='bbox 2268 867 2366 925; x_wconf 89' lang='lat' dir='ltr'><strong>sed</strong></span> <span class='ocrx_word' id='word_1_85' title='bbox 2407 883 2505 937; x_wconf 87' lang='lat' dir='ltr'><strong>per</strong></span> <span class='ocrx_word' id='word_1_86' title='bbox 2555 868 2723 939; x_wconf 83' lang='lat' dir='ltr'><strong>ipsius</strong></span> <span class='ocrx_word' id='word_1_87' title='bbox 2787 866 2908 923; x_wconf 70' lang='lat' dir='ltr'><strong>hmc</strong></span> <span class='ocrx_word' id='word_1_88' title='bbox 2953 864 3230 932; x_wconf 86' lang='lat' dir='ltr'><strong>ediscatis,</strong></span> <span class='ocrx_word' id='word_1_89' title='bbox 3277 862 3368 918; x_wconf 93' lang='lat' dir='ltr'><strong>hic</strong></span> <span class='ocrx_word' id='word_1_90' title='bbox 3407 863 3572 918; x_wconf 81' lang='lat' dir='ltr'><strong>finem</strong></span> 
     </span>
    </p>
   </div>
   <div class='ocr_carea' id='block_1_7' title="bbox 235 953 3575 1040">
    <p class='ocr_par' dir='ltr' id='par_1_7' title="bbox 235 953 3575 1040">
     <span class='ocr_line' id='line_1_7' title="bbox 235 953 3575 1040; baseline -0.005 -16"><span class='ocrx_word' id='word_1_91' title='bbox 235 969 488 1024; x_wconf 78' lang='lat' dir='ltr'><strong>bellicam</strong></span> <span class='ocrx_word' id='word_1_92' title='bbox 512 971 800 1040; x_wconf 87' lang='lat' dir='ltr'><strong>quamdam</strong></span> <span class='ocrx_word' id='word_1_93' title='bbox 824 971 1004 1026; x_wconf 85' lang='lat' dir='ltr'><strong>tubam</strong></span> <span class='ocrx_word' id='word_1_94' title='bbox 1033 984 1185 1035; x_wconf 86' lang='lat' dir='ltr'><strong>voco,</strong></span> <span class='ocrx_word' id='word_1_95' title='bbox 1219 968 1432 1038; x_wconf 91' lang='lat' dir='ltr'><strong>qualem</strong></span> <span class='ocrx_word' id='word_1_96' title='bbox 1463 969 1849 1025; x_wconf 82' lang='lat' dir='ltr'><strong>habebautJu-</strong></span> <span class='ocrx_word' id='word_1_97' title='bbox 1956 963 2146 1019; x_wconf 89' lang='lat' dir='ltr'><strong>orandi</strong></span> <span class='ocrx_word' id='word_1_98' title='bbox 2194 961 2472 1026; x_wconf 79' lang='lat' dir='ltr'><strong>faciamus,</strong></span> <span class='ocrx_word' id='word_1_99' title='bbox 2513 959 2740 1031; x_wconf 76' lang='lat' dir='ltr'><strong>gloriam</strong></span> <span class='ocrx_word' id='word_1_100' title='bbox 2799 957 3098 1013; x_wconf 77' lang='lat' dir='ltr'><strong>referentes</strong></span> <span class='ocrx_word' id='word_1_101' title='bbox 3147 955 3260 1010; x_wconf 79' lang='lat' dir='ltr'><strong>Deo</strong></span> <span class='ocrx_word' id='word_1_102' title='bbox 3302 954 3395 1026; x_wconf 89' lang='lat' dir='ltr'><strong>qui</strong></span> <span class='ocrx_word' id='word_1_103' title='bbox 3436 953 3575 1008; x_wconf 85' lang='lat' dir='ltr'><strong>tales</strong></span> 
     </span>
    </p>
   </div>
   <div class='ocr_carea' id='block_1_8' title="bbox 235 1047 3573 1129">
    <p class='ocr_par' dir='ltr' id='par_1_8' title="bbox 235 1047 3573 1129">
     <span class='ocr_line' id='line_1_8' title="bbox 235 1047 3573 1129; baseline -0.002 -17"><span class='ocrx_word' id='word_1_104' title='bbox 235 1059 367 1127; x_wconf 63' lang='lat' dir='ltr'><strong>dmi,</strong></span> <span class='ocrx_word' id='word_1_105' title='bbox 395 1075 518 1116; x_wconf 87' lang='lat' dir='ltr'><strong>cum</strong></span> <span class='ocrx_word' id='word_1_106' title='bbox 547 1061 877 1116; x_wconf 84' lang='lat' dir='ltr'><strong>Jerichuntis</strong></span> <span class='ocrx_word' id='word_1_107' title='bbox 901 1075 1086 1116; x_wconf 91' lang='lat' dir='ltr'><strong>muros</strong></span> <span class='ocrx_word' id='word_1_108' title='bbox 1124 1060 1457 1129; x_wconf 67' lang='lat' dir='ltr'><strong>dejecerunt.</strong></span> <span class='ocrx_word' id='word_1_109' title='bbox 1484 1061 1850 1128; x_wconf 85' lang='lat' dir='ltr'><strong>Quemadmo-</strong></span> <span class='ocrx_word' id='word_1_110' title='bbox 1956 1059 2209 1114; x_wconf 90' lang='lat' dir='ltr'><strong>doctores</strong></span> <span class='ocrx_word' id='word_1_111' title='bbox 2233 1054 2464 1127; x_wconf 67' lang='lat' dir='ltr'><strong>prtebuit</strong></span> <span class='ocrx_word' id='word_1_112' title='bbox 2490 1071 2504 1108; x_wconf 91' lang='lat'>:</span> <span class='ocrx_word' id='word_1_113' title='bbox 2532 1053 2658 1124; x_wconf 87' lang='lat' dir='ltr'><strong>quia</strong></span> <span class='ocrx_word' id='word_1_114' title='bbox 2698 1049 2798 1122; x_wconf 86' lang='lat' dir='ltr'><strong>ipsi</strong></span> <span class='ocrx_word' id='word_1_115' title='bbox 2836 1050 3008 1123; x_wconf 71' lang='lat' dir='ltr'><strong>gloria</strong></span> <span class='ocrx_word' id='word_1_116' title='bbox 3048 1049 3102 1104; x_wconf 94' lang='lat' dir='ltr'><strong>in</strong></span> <span class='ocrx_word' id='word_1_117' title='bbox 3145 1047 3348 1104; x_wconf 79' lang='lat' dir='ltr'><strong>saecula</strong></span> <span class='ocrx_word' id='word_1_118' title='bbox 3393 1060 3573 1104; x_wconf 69' lang='lat' dir='ltr'><strong>smal-</strong></span> 
     </span>
    </p>
   </div>
   <div class='ocr_carea' id='block_1_9' title="bbox 234 1152 2399 1224">
    <p class='ocr_par' dir='ltr' id='par_1_9' title="bbox 234 1152 2399 1224">
     <span class='ocr_line' id='line_1_9' title="bbox 234 1152 2399 1224; baseline -0 -19"><span class='ocrx_word' id='word_1_119' title='bbox 234 1152 367 1206; x_wconf 92' lang='lat' dir='ltr'><strong>dum</strong></span> <span class='ocrx_word' id='word_1_120' title='bbox 396 1154 540 1207; x_wconf 89' lang='lat' dir='ltr'><strong>enim</strong></span> <span class='ocrx_word' id='word_1_121' title='bbox 568 1162 695 1206; x_wconf 92' lang='lat' dir='ltr'><strong>tunc</strong></span> <span class='ocrx_word' id='word_1_122' title='bbox 735 1154 984 1208; x_wconf 81' lang='lat' dir='ltr'><strong>tubarum</strong></span> <span class='ocrx_word' id='word_1_123' title='bbox 1015 1165 1181 1209; x_wconf 82' lang='lat' dir='ltr'><strong>sonus</strong></span> <span class='ocrx_word' id='word_1_124' title='bbox 1226 1156 1346 1224; x_wconf 81' lang='lat' dir='ltr'><strong>igne</strong></span> <span class='ocrx_word' id='word_1_125' title='bbox 1393 1153 1764 1208; x_wconf 73' lang='lat' dir='ltr'><strong>vehementius</strong></span> <span class='ocrx_word' id='word_1_126' title='bbox 1795 1152 1848 1206; x_wconf 89' lang='lat' dir='ltr'><strong>in</strong></span> <span class='ocrx_word' id='word_1_127' title='bbox 1959 1155 2156 1210; x_wconf 88' lang='lat' dir='ltr'><strong>lorum.</strong></span> <span class='ocrx_word' id='word_1_128' title='bbox 2204 1153 2399 1208; x_wconf 83' lang='lat' dir='ltr'><strong>Amen.</strong></span> 
     </span>
    </p>
   </div>
   <div class='ocr_carea' id='block_1_10' title="bbox 238 1242 1839 1313">
    <p class='ocr_par' dir='ltr' id='par_1_10' title="bbox 238 1242 1839 1313">
     <span class='ocr_line' id='line_1_10' title="bbox 238 1242 1839 1313; baseline 0 -17"><span class='ocrx_word' id='word_1_129' title='bbox 238 1243 446 1313; x_wconf 81' lang='lat' dir='ltr'><strong>lapides</strong></span> <span class='ocrx_word' id='word_1_130' title='bbox 474 1242 735 1309; x_wconf 87' lang='lat' dir='ltr'><strong>incidens,</strong></span> <span class='ocrx_word' id='word_1_131' title='bbox 779 1245 958 1300; x_wconf 91' lang='lat' dir='ltr'><strong>omnia</strong></span> <span class='ocrx_word' id='word_1_132' title='bbox 989 1246 1345 1302; x_wconf 64' lang='lat' dir='ltr'><strong>consumebat</strong></span> <span class='ocrx_word' id='word_1_133' title='bbox 1368 1255 1423 1300; x_wconf 90' lang='lat' dir='ltr'><strong>et</strong></span> <span class='ocrx_word' id='word_1_134' title='bbox 1449 1245 1800 1300; x_wconf 79' lang='lat' dir='ltr'><strong>labefactaliat</strong></span> <span class='ocrx_word' id='word_1_135' title='bbox 1827 1261 1839 1296; x_wconf 91' lang='lat'>:</span> 
     </span>
    </p>
   </div>
   <div class='ocr_carea' id='block_1_11' title="bbox 262 1572 3560 1648">
    <p class='ocr_par' dir='ltr' id='par_1_11' title="bbox 262 1572 3560 1648">
     <span class='ocr_line' id='line_1_11' title="bbox 262 1572 3560 1648; baseline -0 -17"><span class='ocrx_word' id='word_1_136' title='bbox 262 1594 388 1648; x_wconf 70' lang='lat' dir='ltr'><strong>qua:</strong></span> <span class='ocrx_word' id='word_1_137' title='bbox 412 1587 539 1632; x_wconf 85' lang='lat' dir='ltr'><strong>sunt</strong></span> <span class='ocrx_word' id='word_1_138' title='bbox 573 1577 836 1640; x_wconf 85' lang='lat' dir='ltr'><strong>hominis,</strong></span> <span class='ocrx_word' id='word_1_139' title='bbox 866 1587 921 1634; x_wconf 88' lang='lat' dir='ltr'><strong>et</strong></span> <span class='ocrx_word' id='word_1_140' title='bbox 944 1591 1169 1633; x_wconf 81' lang='lat' dir='ltr'><strong>sensum</strong></span> <span class='ocrx_word' id='word_1_141' title='bbox 1197 1576 1482 1632; x_wconf 85' lang='lat' dir='ltr'><strong>habentem</strong></span> <span class='ocrx_word' id='word_1_142' title='bbox 1523 1575 1855 1647; x_wconf 68' lang='lat' dir='ltr'><strong>angelicum.</strong></span> <span class='ocrx_word' id='word_1_143' title='bbox 1961 1574 2347 1646; x_wconf 73' lang='lat' dir='ltr'><strong>gregabantur.</strong></span> <span class='ocrx_word' id='word_1_144' title='bbox 2378 1572 2535 1630; x_wconf 87' lang='lat' dir='ltr'><strong>Tunc</strong></span> <span class='ocrx_word' id='word_1_145' title='bbox 2564 1574 2682 1645; x_wconf 88' lang='lat' dir='ltr'><strong>ipse</strong></span> <span class='ocrx_word' id='word_1_146' title='bbox 2703 1574 2914 1639; x_wconf 88' lang='lat' dir='ltr'><strong>exiens.</strong></span> <span class='ocrx_word' id='word_1_147' title='bbox 2945 1583 3003 1629; x_wconf 89' lang='lat' dir='ltr'><strong>et</strong></span> <span class='ocrx_word' id='word_1_148' title='bbox 3030 1574 3180 1630; x_wconf 86' lang='lat' dir='ltr'><strong>velut</strong></span> <span class='ocrx_word' id='word_1_149' title='bbox 3210 1574 3382 1630; x_wconf 87' lang='lat' dir='ltr'><strong>turris</strong></span> <span class='ocrx_word' id='word_1_150' title='bbox 3406 1583 3560 1632; x_wconf 85' lang='lat' dir='ltr'><strong>ante-</strong></span> 
     </span>
    </p>
   </div>
   <div class='ocr_carea' id='block_1_12' title="bbox 262 1666 3559 1740">
    <p class='ocr_par' dir='ltr' id='par_1_12' title="bbox 262 1666 3559 1740">
     <span class='ocr_line' id='line_1_12' title="bbox 262 1666 3559 1740; baseline -0.001 -16"><span class='ocrx_word' id='word_1_151' title='bbox 262 1669 335 1724; x_wconf 88' lang='lat' dir='ltr'><strong>Et</strong></span> <span class='ocrx_word' id='word_1_152' title='bbox 353 1668 913 1740; x_wconf 64' lang='lat' dir='ltr'><strong>postaliquanta:Sed</strong></span> <span class='ocrx_word' id='word_1_153' title='bbox 931 1676 1272 1723; x_wconf 81' lang='lat' dir='ltr'><strong>revertamur</strong></span> <span class='ocrx_word' id='word_1_154' title='bbox 1289 1668 1354 1721; x_wconf 89' lang='lat' dir='ltr'><strong>ad</strong></span> <span class='ocrx_word' id='word_1_155' title='bbox 1380 1677 1669 1738; x_wconf 88' lang='lat' dir='ltr'><strong>martyrem</strong></span> <span class='ocrx_word' id='word_1_156' title='bbox 1687 1671 1852 1724; x_wconf 91' lang='lat' dir='ltr'><strong>istum</strong></span> <span class='ocrx_word' id='word_1_157' title='bbox 1960 1670 2163 1740; x_wconf 90' lang='lat' dir='ltr'><strong>posita,</strong></span> <span class='ocrx_word' id='word_1_158' title='bbox 2191 1667 2278 1723; x_wconf 83' lang='lat' dir='ltr'><strong>vel</strong></span> <span class='ocrx_word' id='word_1_159' title='bbox 2309 1666 2568 1738; x_wconf 81' lang='lat' dir='ltr'><strong>scopulus</strong></span> <span class='ocrx_word' id='word_1_160' title='bbox 2612 1667 2837 1736; x_wconf 87' lang='lat' dir='ltr'><strong>quidam</strong></span> <span class='ocrx_word' id='word_1_161' title='bbox 2877 1667 3021 1723; x_wconf 90' lang='lat' dir='ltr'><strong>altus</strong></span> <span class='ocrx_word' id='word_1_162' title='bbox 3053 1677 3108 1723; x_wconf 88' lang='lat' dir='ltr'><strong>et</strong></span> <span class='ocrx_word' id='word_1_163' title='bbox 3153 1682 3388 1738; x_wconf 70' lang='lat' dir='ltr'><strong>magnus</strong></span> <span class='ocrx_word' id='word_1_164' title='bbox 3424 1679 3559 1723; x_wconf 81' lang='lat' dir='ltr'><strong>ante</strong></span> 
     </span>
    </p>
   </div>
   <div class='ocr_carea' id='block_1_13' title="bbox 263 1758 3558 1832">
    <p class='ocr_par' dir='ltr' id='par_1_13' title="bbox 263 1758 3558 1832">
     <span class='ocr_line' id='line_1_13' title="bbox 263 1758 3558 1832; baseline 0 -19"><span class='ocrx_word' id='word_1_165' title='bbox 263 1763 501 1827; x_wconf 87' lang='lat' dir='ltr'><strong>iterum,</strong></span> <span class='ocrx_word' id='word_1_166' title='bbox 547 1769 767 1832; x_wconf 88' lang='lat' dir='ltr'><strong>propter</strong></span> <span class='ocrx_word' id='word_1_167' title='bbox 802 1775 964 1829; x_wconf 85' lang='lat' dir='ltr'><strong>quem</strong></span> <span class='ocrx_word' id='word_1_168' title='bbox 1013 1767 1070 1812; x_wconf 92' lang='lat' dir='ltr'><strong>et</strong></span> <span class='ocrx_word' id='word_1_169' title='bbox 1116 1758 1218 1814; x_wconf 88' lang='lat' dir='ltr'><strong>ista</strong></span> <span class='ocrx_word' id='word_1_170' title='bbox 1261 1758 1521 1815; x_wconf 76' lang='lat' dir='ltr'><strong>diximus.</strong></span> <span class='ocrx_word' id='word_1_171' title='bbox 1567 1759 1855 1826; x_wconf 89' lang='lat' dir='ltr'><strong>Quomodo</strong></span> <span class='ocrx_word' id='word_1_172' title='bbox 1961 1759 2099 1813; x_wconf 84' lang='lat' dir='ltr'><strong>alios</strong></span> <span class='ocrx_word' id='word_1_173' title='bbox 2127 1771 2301 1824; x_wconf 88' lang='lat' dir='ltr'><strong>stans,</strong></span> <span class='ocrx_word' id='word_1_174' title='bbox 2330 1766 2386 1813; x_wconf 92' lang='lat' dir='ltr'><strong>et</strong></span> <span class='ocrx_word' id='word_1_175' title='bbox 2411 1760 2816 1814; x_wconf 87' lang='lat' dir='ltr'><strong>contrariorum</strong></span> <span class='ocrx_word' id='word_1_176' title='bbox 2841 1758 3150 1829; x_wconf 90' lang='lat' dir='ltr'><strong>suscipiens</strong></span> <span class='ocrx_word' id='word_1_177' title='bbox 3167 1758 3366 1815; x_wconf 81' lang='lat' dir='ltr'><strong>[luctus</strong></span> <span class='ocrx_word' id='word_1_178' title='bbox 3389 1767 3446 1813; x_wconf 91' lang='lat' dir='ltr'><strong>et</strong></span> <span class='ocrx_word' id='word_1_179' title='bbox 3469 1774 3558 1814; x_wconf 84' lang='lat' dir='ltr'><strong>re-</strong></span> 
     </span>
    </p>
   </div>
   <div class='ocr_carea' id='block_1_14' title="bbox 261 1851 3559 1924">
    <p class='ocr_par' dir='ltr' id='par_1_14' title="bbox 261 1851 3559 1924">
     <span class='ocr_line' id='line_1_14' title="bbox 261 1851 3559 1924; baseline 0 -17"><span class='ocrx_word' id='word_1_180' title='bbox 261 1853 450 1922; x_wconf 83' lang='lat' dir='ltr'><strong>itaque</strong></span> <span class='ocrx_word' id='word_1_181' title='bbox 477 1863 725 1906; x_wconf 89' lang='lat' dir='ltr'><strong>mortuus</strong></span> <span class='ocrx_word' id='word_1_182' title='bbox 754 1861 836 1907; x_wconf 92' lang='lat' dir='ltr'><strong>est</strong></span> <span class='ocrx_word' id='word_1_183' title='bbox 864 1851 1199 1905; x_wconf 90' lang='lat' dir='ltr'><strong>mortilieans</strong></span> <span class='ocrx_word' id='word_1_184' title='bbox 1228 1851 1473 1906; x_wconf 91' lang='lat' dir='ltr'><strong>membra</strong></span> <span class='ocrx_word' id='word_1_185' title='bbox 1495 1867 1620 1916; x_wconf 90' lang='lat' dir='ltr'><strong>sua,</strong></span> <span class='ocrx_word' id='word_1_186' title='bbox 1647 1861 1701 1907; x_wconf 90' lang='lat' dir='ltr'><strong>et</strong></span> <span class='ocrx_word' id='word_1_187' title='bbox 1721 1866 1856 1906; x_wconf 87' lang='lat' dir='ltr'><strong>con-</strong></span> <span class='ocrx_word' id='word_1_188' title='bbox 1961 1853 2200 1917; x_wconf 86' lang='lat' dir='ltr'><strong>solvens,</strong></span> <span class='ocrx_word' id='word_1_189' title='bbox 2229 1852 2285 1908; x_wconf 91' lang='lat' dir='ltr'><strong>in</strong></span> <span class='ocrx_word' id='word_1_190' title='bbox 2328 1851 2723 1923; x_wconf 81' lang='lat' dir='ltr'><strong>tranquillitate</strong></span> <span class='ocrx_word' id='word_1_191' title='bbox 2755 1861 3012 1908; x_wconf 73' lang='lat' dir='ltr'><strong>caeterum</strong></span> <span class='ocrx_word' id='word_1_192' title='bbox 3059 1867 3262 1924; x_wconf 91' lang='lat' dir='ltr'><strong>corpus</strong></span> <span class='ocrx_word' id='word_1_193' title='bbox 3298 1851 3559 1910; x_wconf 68' lang='lat' dir='ltr'><strong>Ecclesiae</strong></span> 
     </span>
    </p>
   </div>
   <div class='ocr_carea' id='block_1_15' title="bbox 261 1944 3559 2018">
    <p class='ocr_par' dir='ltr' id='par_1_15' title="bbox 261 1944 3559 2018">
     <span class='ocr_line' id='line_1_15' title="bbox 261 1944 3559 2018; baseline 0.001 -18"><span class='ocrx_word' id='word_1_194' title='bbox 261 1946 492 2000; x_wconf 84' lang='lat' dir='ltr'><strong>eulcans</strong></span> <span class='ocrx_word' id='word_1_195' title='bbox 520 1957 730 1999; x_wconf 77' lang='lat' dir='ltr'><strong>naturze</strong></span> <span class='ocrx_word' id='word_1_196' title='bbox 755 1944 1079 2014; x_wconf 81' lang='lat' dir='ltr'><strong>cupiditates</strong></span> <span class='ocrx_word' id='word_1_197' title='bbox 1123 1945 1179 1998; x_wconf 91' lang='lat' dir='ltr'><strong>in</strong></span> <span class='ocrx_word' id='word_1_198' title='bbox 1226 1944 1466 1998; x_wconf 88' lang='lat' dir='ltr'><strong>humano</strong></span> <span class='ocrx_word' id='word_1_199' title='bbox 1512 1958 1763 2009; x_wconf 88' lang='lat' dir='ltr'><strong>corpore,</strong></span> <span class='ocrx_word' id='word_1_200' title='bbox 1799 1951 1856 1999; x_wconf 89' lang='lat' dir='ltr'><strong>et</strong></span> <span class='ocrx_word' id='word_1_201' title='bbox 1958 1944 2275 2008; x_wconf 87' lang='lat' dir='ltr'><strong>custodivit,</strong></span> <span class='ocrx_word' id='word_1_202' title='bbox 2330 1944 2706 2014; x_wconf 87' lang='lat' dir='ltr'><strong>repercutiens</strong></span> <span class='ocrx_word' id='word_1_203' title='bbox 2742 1951 3145 2016; x_wconf 84' lang='lat' dir='ltr'><strong>tempestatem,</strong></span> <span class='ocrx_word' id='word_1_204' title='bbox 3189 1957 3246 2003; x_wconf 93' lang='lat' dir='ltr'><strong>et</strong></span> <span class='ocrx_word' id='word_1_205' title='bbox 3288 1955 3559 2018; x_wconf 69' lang='lat' dir='ltr'><strong>praestans</strong></span> 
     </span>
    </p>
   </div>
   <div class='ocr_carea' id='block_1_16' title="bbox 263 2034 2667 2106">
    <p class='ocr_par' dir='ltr' id='par_1_16' title="bbox 263 2034 2667 2106">
     <span class='ocr_line' id='line_1_16' title="bbox 263 2034 2667 2106; baseline -0 -16"><span class='ocrx_word' id='word_1_206' title='bbox 263 2037 565 2106; x_wconf 80' lang='lat' dir='ltr'><strong>angelicam</strong></span> <span class='ocrx_word' id='word_1_207' title='bbox 588 2037 749 2093; x_wconf 90' lang='lat' dir='ltr'><strong>nobis</strong></span> <span class='ocrx_word' id='word_1_208' title='bbox 774 2037 1160 2092; x_wconf 89' lang='lat' dir='ltr'><strong>demonstrans</strong></span> <span class='ocrx_word' id='word_1_209' title='bbox 1180 2037 1384 2090; x_wconf 82' lang='lat' dir='ltr'><strong>vitam?</strong></span> <span class='ocrx_word' id='word_1_210' title='bbox 1407 2035 1463 2090; x_wconf 92' lang='lat' dir='ltr'><strong>Si</strong></span> <span class='ocrx_word' id='word_1_211' title='bbox 1490 2048 1671 2091; x_wconf 91' lang='lat' dir='ltr'><strong>autem</strong></span> <span class='ocrx_word' id='word_1_212' title='bbox 1694 2037 1858 2091; x_wconf 81' lang='lat' dir='ltr'><strong>vultis</strong></span> <span class='ocrx_word' id='word_1_213' title='bbox 1959 2035 2118 2088; x_wconf 88' lang='lat' dir='ltr'><strong>nobis</strong></span> <span class='ocrx_word' id='word_1_214' title='bbox 2150 2034 2396 2104; x_wconf 87' lang='lat' dir='ltr'><strong>quietum</strong></span> <span class='ocrx_word' id='word_1_215' title='bbox 2427 2047 2667 2105; x_wconf 85' lang='lat' dir='ltr'><strong>portum.</strong></span> 
     </span>
    </p>
   </div>
   <div class='ocr_carea' id='block_1_17' title="bbox 264 2127 1856 2197">
    <p class='ocr_par' dir='ltr' id='par_1_17' title="bbox 264 2127 1856 2197">
     <span class='ocr_line' id='line_1_17' title="bbox 264 2127 1856 2197; baseline 0.003 -19"><span class='ocrx_word' id='word_1_216' title='bbox 264 2127 470 2194; x_wconf 77' lang='lat' dir='ltr'><strong>videre,</strong></span> <span class='ocrx_word' id='word_1_217' title='bbox 492 2127 621 2197; x_wconf 87' lang='lat' dir='ltr'><strong>quia</strong></span> <span class='ocrx_word' id='word_1_218' title='bbox 640 2136 695 2182; x_wconf 92' lang='lat' dir='ltr'><strong>et</strong></span> <span class='ocrx_word' id='word_1_219' title='bbox 717 2128 894 2196; x_wconf 87' lang='lat' dir='ltr'><strong>reipsa</strong></span> <span class='ocrx_word' id='word_1_220' title='bbox 917 2137 1167 2182; x_wconf 83' lang='lat' dir='ltr'><strong>mortuus</strong></span> <span class='ocrx_word' id='word_1_221' title='bbox 1190 2137 1295 2187; x_wconf 87' lang='lat' dir='ltr'><strong>est.</strong></span> <span class='ocrx_word' id='word_1_222' title='bbox 1319 2128 1684 2182; x_wconf 86' lang='lat' dir='ltr'><strong>recordamini</strong></span> <span class='ocrx_word' id='word_1_223' title='bbox 1708 2127 1856 2182; x_wconf 90' lang='lat' dir='ltr'><strong>illius</strong></span> 
     </span>
    </p>
   </div>
   <div class='ocr_carea' id='block_1_18' title="bbox 265 2219 3561 2291">
    <p class='ocr_par' dir='ltr' id='par_1_18' title="bbox 265 2219 3561 2291">
     <span class='ocr_line' id='line_1_18' title="bbox 265 2219 3561 2291; baseline 0.003 -17"><span class='ocrx_word' id='word_1_224' title='bbox 265 2220 550 2290; x_wconf 83' lang='lat' dir='ltr'><strong>temporis,</strong></span> <span class='ocrx_word' id='word_1_225' title='bbox 581 2220 807 2290; x_wconf 89' lang='lat' dir='ltr'><strong>quando</strong></span> <span class='ocrx_word' id='word_1_226' title='bbox 834 2219 1036 2275; x_wconf 85' lang='lat' dir='ltr'><strong>bellum</strong></span> <span class='ocrx_word' id='word_1_227' title='bbox 1069 2235 1326 2290; x_wconf 88' lang='lat' dir='ltr'><strong>asperum</strong></span> <span class='ocrx_word' id='word_1_228' title='bbox 1361 2221 1627 2274; x_wconf 76' lang='lat' dir='ltr'><strong>adversus</strong></span> <span class='ocrx_word' id='word_1_229' title='bbox 1664 2221 1854 2275; x_wconf 84' lang='lat' dir='ltr'><strong>Eccle-</strong></span> <span class='ocrx_word' id='word_1_230' title='bbox 2028 2230 2042 2260; x_wconf 87' lang='grc'>¹</span> <span class='ocrx_word' id='word_1_231' title='bbox 2070 2228 2534 2291; x_wconf 77' lang='lat' dir='ltr'><strong>SicetiaOratione</strong></span> <span class='ocrx_word' id='word_1_232' title='bbox 2548 2227 2869 2291; x_wconf 70' lang='lat' dir='ltr'><strong>praecedenti.</strong></span> <span class='ocrx_word' id='word_1_233' title='bbox 2890 2221 2944 2279; x_wconf 87' lang='lat' dir='ltr'><strong>in</strong></span> <span class='ocrx_word' id='word_1_234' title='bbox 2966 2228 3561 2284; x_wconf 84' lang='lat' dir='ltr'><strong>alteravidelicetOron—</strong></span> 
     </span>
    </p>
   </div>
   <div class='ocr_carea' id='block_1_19' title="bbox 264 2289 1847 2377">
    <p class='ocr_par' dir='ltr' id='par_1_19' title="bbox 264 2312 1847 2377">
     <span class='ocr_line' id='line_1_19' title="bbox 264 2312 1847 2377; baseline 0.002 -13"><span class='ocrx_word' id='word_1_235' title='bbox 264 2312 404 2365; x_wconf 84' lang='lat' dir='ltr'><strong>siam</strong></span> <span class='ocrx_word' id='word_1_236' title='bbox 433 2321 837 2375; x_wconf 79' lang='lat' dir='ltr'><strong>exsurrexerat,</strong></span> <span class='ocrx_word' id='word_1_237' title='bbox 852 2320 904 2366; x_wconf 88' lang='lat' dir='ltr'><strong>et</strong></span> <span class='ocrx_word' id='word_1_238' title='bbox 926 2313 1205 2368; x_wconf 77' lang='lat' dir='ltr'><strong>exercitus</strong></span> <span class='ocrx_word' id='word_1_239' title='bbox 1227 2313 1608 2377; x_wconf 83' lang='lat' dir='ltr'><strong>movebantur,</strong></span> <span class='ocrx_word' id='word_1_240' title='bbox 1628 2321 1682 2366; x_wconf 90' lang='lat' dir='ltr'><strong>et</strong></span> <span class='ocrx_word' id='word_1_241' title='bbox 1699 2327 1847 2367; x_wconf 87' lang='lat' dir='ltr'><strong>arma</strong></span> 
     </span>
    </p>
   </div>
   <div class='ocr_carea' id='block_1_20' title="bbox 1960 2289 3560 2377">
    <p class='ocr_par' dir='ltr' id='par_1_20' title="bbox 1961 2289 3560 2377">
     <span class='ocr_line' id='line_1_20' title="bbox 1961 2289 3560 2377; baseline 0 0"><span class='ocrx_word' id='word_1_242' title='bbox 1961 2289 2825 2377; x_wconf 47' lang='lat' dir='ltr'><strong>EEE‘RELRF’FFE3313.3’Eiii’i‘29</strong></span> <span class='ocrx_word' id='word_1_243' title='bbox 2838 2293 3426 2377; x_wconf 53' lang='lat' dir='ltr'><strong>‘lﬂi&quot;_‘_’“:&#39;i&quot;_s°,.&#39;l.f9“§i</strong></span> <span class='ocrx_word' id='word_1_244' title='bbox 3441 2295 3560 2377; x_wconf 57' lang='grc' dir='ltr'><strong>υξὲῖξ</strong></span> 
     </span>
    </p>
   </div>
   <div class='ocr_carea' id='block_1_21' title="bbox 1960 2353 3557 2418">
    <p class='ocr_par' dir='ltr' id='par_1_21' title="bbox 1960 2353 3557 2418">
     <span class='ocr_line' id='line_1_21' title="bbox 1960 2353 3557 2418; baseline 0.001 -15"><span class='ocrx_word' id='word_1_245' title='bbox 1960 2353 2324 2418; x_wconf 69' lang='lat' dir='ltr'><strong>appellabatur,</strong></span> <span class='ocrx_word' id='word_1_246' title='bbox 2353 2353 2437 2418; x_wconf 77' lang='lat' dir='ltr'><strong>ubi</strong></span> <span class='ocrx_word' id='word_1_247' title='bbox 2463 2362 2574 2418; x_wconf 76' lang='lat' dir='ltr'><strong>erat</strong></span> <span class='ocrx_word' id='word_1_248' title='bbox 2602 2355 2815 2418; x_wconf 75' lang='lat' dir='ltr'><strong>ecclesia</strong></span> <span class='ocrx_word' id='word_1_249' title='bbox 2848 2353 3009 2418; x_wconf 54' lang='lat' dir='ltr'><strong>Palma</strong></span> <span class='ocrx_word' id='word_1_250' title='bbox 3041 2355 3162 2405; x_wconf 89' lang='lat' dir='ltr'><strong>item</strong></span> <span class='ocrx_word' id='word_1_251' title='bbox 3197 2353 3430 2418; x_wconf 81' lang='lat' dir='ltr'><strong>dicta._in</strong></span> <span class='ocrx_word' id='word_1_252' title='bbox 3459 2370 3557 2418; x_wconf 82' lang='lat' dir='ltr'><strong>qua</strong></span> 
     </span>
    </p>
   </div>
   <div class='ocr_carea' id='block_1_22' title="bbox 263 2402 3556 2481">
    <p class='ocr_par' dir='ltr' id='par_1_22' title="bbox 263 2402 3556 2481">
     <span class='ocr_line' id='line_1_22' title="bbox 263 2402 3556 2481; baseline 0.002 -22"><span class='ocrx_word' id='word_1_253' title='bbox 263 2404 735 2473; x_wconf 67' lang='lat' dir='ltr'><strong>praeparabantur,</strong></span> <span class='ocrx_word' id='word_1_254' title='bbox 765 2405 988 2475; x_wconf 86' lang='lat' dir='ltr'><strong>quando</strong></span> <span class='ocrx_word' id='word_1_255' title='bbox 1015 2414 1168 2460; x_wconf 87' lang='lat' dir='ltr'><strong>trans</strong></span> <span class='ocrx_word' id='word_1_256' title='bbox 1197 2402 1422 2458; x_wconf 83' lang='lat' dir='ltr'><strong>fluvium</strong></span> <span class='ocrx_word' id='word_1_257' title='bbox 1441 2403 1458 2435; x_wconf 86' lang='grc'>¹</span> <span class='ocrx_word' id='word_1_258' title='bbox 1490 2418 1684 2459; x_wconf 76' lang='lat' dir='ltr'><strong>omnes</strong></span> <span class='ocrx_word' id='word_1_259' title='bbox 1713 2420 1848 2458; x_wconf 84' lang='lat' dir='ltr'><strong>con-</strong></span> <span class='ocrx_word' id='word_1_260' title='bbox 1959 2402 3556 2481; x_wconf 57' lang='lat' dir='ltr'><strong>cuiiveniresol&#39;ebautiiqutMeletiumepiscopumsequebanfur;</strong></span> 
     </span>
    </p>
   </div>
   <div class='ocr_carea' id='block_1_23' title="bbox 725 3113 3078 3188">
    <p class='ocr_par' dir='ltr' id='par_1_23' title="bbox 725 3113 3078 3188">
     <span class='ocr_line' id='line_1_23' title="bbox 725 3113 3078 3188; baseline 0.001 -12"><span class='ocrx_word' id='word_1_261' title='bbox 725 3115 831 3176; x_wconf 81' lang='lat' dir='ltr'><strong>AD</strong></span> <span class='ocrx_word' id='word_1_262' title='bbox 871 3115 1253 3177; x_wconf 82' lang='lat' dir='ltr'><strong>HOMILIAM</strong></span> <span class='ocrx_word' id='word_1_263' title='bbox 1296 3115 1376 3176; x_wconf 87' lang='lat' dir='ltr'><strong>IN</strong></span> <span class='ocrx_word' id='word_1_264' title='bbox 1420 3113 1724 3177; x_wconf 82' lang='lat' dir='ltr'><strong>PASCHA</strong></span> <span class='ocrx_word' id='word_1_265' title='bbox 1815 3113 1985 3188; x_wconf 66' lang='lat' dir='ltr'><strong>QUAE</strong></span> <span class='ocrx_word' id='word_1_266' title='bbox 2028 3113 2376 3175; x_wconf 81' lang='lat' dir='ltr'><strong>GENUINA</strong></span> <span class='ocrx_word' id='word_1_267' title='bbox 2417 3115 2600 3176; x_wconf 87' lang='lat' dir='ltr'><strong>ESSE</strong></span> <span class='ocrx_word' id='word_1_268' title='bbox 2639 3116 3078 3180; x_wconf 80' lang='lat' dir='ltr'><strong>PROBATUR.</strong></span> 
     </span>
    </p>
   </div>
   <div class='ocr_carea' id='block_1_24' title="bbox 279 3367 3548 3448">
    <p class='ocr_par' dir='ltr' id='par_1_24' title="bbox 279 3367 3548 3448">
     <span class='ocr_line' id='line_1_24' title="bbox 279 3367 3548 3448; baseline 0.003 -24"><span class='ocrx_word' id='word_1_269' title='bbox 279 3367 421 3424; x_wconf 86' lang='lat' dir='ltr'><strong>locis</strong></span> <span class='ocrx_word' id='word_1_270' title='bbox 445 3369 890 3424; x_wconf 83' lang='lat' dir='ltr'><strong>consarcinatum</strong></span> <span class='ocrx_word' id='word_1_271' title='bbox 931 3389 943 3424; x_wconf 90' lang='lat'>:</span> <span class='ocrx_word' id='word_1_272' title='bbox 977 3385 1086 3425; x_wconf 92' lang='lat' dir='ltr'><strong>non</strong></span> <span class='ocrx_word' id='word_1_273' title='bbox 1136 3373 1389 3442; x_wconf 84' lang='lat' dir='ltr'><strong>cogitans</strong></span> <span class='ocrx_word' id='word_1_274' title='bbox 1429 3373 1888 3444; x_wconf 85' lang='lat' dir='ltr'><strong>Chrysostomum</strong></span> <span class='ocrx_word' id='word_1_275' title='bbox 1928 3375 2122 3431; x_wconf 89' lang='lat' dir='ltr'><strong>eadem</strong></span> <span class='ocrx_word' id='word_1_276' title='bbox 2175 3375 2291 3445; x_wconf 75' lang='lat' dir='ltr'><strong>ipsa</strong></span> <span class='ocrx_word' id='word_1_277' title='bbox 2337 3390 2462 3445; x_wconf 71' lang='lat' dir='ltr'><strong>qua:</strong></span> <span class='ocrx_word' id='word_1_278' title='bbox 2501 3375 2713 3445; x_wconf 87' lang='lat' dir='ltr'><strong>pridem</strong></span> <span class='ocrx_word' id='word_1_279' title='bbox 2760 3375 2976 3432; x_wconf 83' lang='lat' dir='ltr'><strong>dixerat</strong></span> <span class='ocrx_word' id='word_1_280' title='bbox 3013 3390 3157 3447; x_wconf 68' lang='lat' dir='ltr'><strong>saepe</strong></span> <span class='ocrx_word' id='word_1_281' title='bbox 3199 3385 3467 3448; x_wconf 88' lang='lat' dir='ltr'><strong>repetere,</strong></span> <span class='ocrx_word' id='word_1_282' title='bbox 3492 3385 3548 3433; x_wconf 88' lang='lat' dir='ltr'><strong>et</strong></span> 
     </span>
    </p>
   </div>
   <div class='ocr_carea' id='block_1_25' title="bbox 268 3473 3557 3564">
    <p class='ocr_par' dir='ltr' id='par_1_25' title="bbox 268 3473 3557 3564">
     <span class='ocr_line' id='line_1_25' title="bbox 268 3473 3557 3564; baseline 0.004 -24"><span class='ocrx_word' id='word_1_283' title='bbox 268 3483 566 3554; x_wconf 82' lang='lat' dir='ltr'><strong>aliquando</strong></span> <span class='ocrx_word' id='word_1_284' title='bbox 601 3485 861 3541; x_wconf 90' lang='lat' dir='ltr'><strong>homilias</strong></span> <span class='ocrx_word' id='word_1_285' title='bbox 893 3486 1136 3558; x_wconf 75' lang='lat' dir='ltr'><strong>integras</strong></span> <span class='ocrx_word' id='word_1_286' title='bbox 1172 3492 1497 3548; x_wconf 86' lang='lat' dir='ltr'><strong>retractatas</strong></span> <span class='ocrx_word' id='word_1_287' title='bbox 1540 3494 1879 3564; x_wconf 92' lang='lat' dir='ltr'><strong>mutatisque</strong></span> <span class='ocrx_word' id='word_1_288' title='bbox 1908 3494 2082 3550; x_wconf 88' lang='lat' dir='ltr'><strong>initiis</strong></span> <span class='ocrx_word' id='word_1_289' title='bbox 2123 3495 2188 3550; x_wconf 88' lang='lat' dir='ltr'><strong>ad</strong></span> <span class='ocrx_word' id='word_1_290' title='bbox 2227 3496 2529 3551; x_wconf 88' lang='lat' dir='ltr'><strong>conciones</strong></span> <span class='ocrx_word' id='word_1_291' title='bbox 2561 3495 2825 3550; x_wconf 88' lang='lat' dir='ltr'><strong>adhibere</strong></span> <span class='ocrx_word' id='word_1_292' title='bbox 2853 3499 3004 3551; x_wconf 81' lang='lat' dir='ltr'><strong>Suas.</strong></span> <span class='ocrx_word' id='word_1_293' title='bbox 3041 3493 3158 3550; x_wconf 82' lang='lat' dir='ltr'><strong>Non</strong></span> <span class='ocrx_word' id='word_1_294' title='bbox 3187 3473 3379 3551; x_wconf 84' lang='lat' dir='ltr'><strong>dubito</strong></span> <span class='ocrx_word' id='word_1_295' title='bbox 3404 3507 3557 3553; x_wconf 87' lang='lat' dir='ltr'><strong>certe</strong></span> 
     </span>
    </p>
   </div>
   <div class='ocr_carea' id='block_1_26' title="bbox 272 3604 3556 3684">
    <p class='ocr_par' dir='ltr' id='par_1_26' title="bbox 272 3604 3556 3684">
     <span class='ocr_line' id='line_1_26' title="bbox 272 3604 3556 3684; baseline 0.002 -26"><span class='ocrx_word' id='word_1_296' title='bbox 272 3606 412 3661; x_wconf 88' lang='lat' dir='ltr'><strong>hanc</strong></span> <span class='ocrx_word' id='word_1_297' title='bbox 450 3604 733 3660; x_wconf 88' lang='lat' dir='ltr'><strong>homiliam</strong></span> <span class='ocrx_word' id='word_1_298' title='bbox 767 3622 796 3659; x_wconf 87' lang='lat' dir='ltr'><strong>a</strong></span> <span class='ocrx_word' id='word_1_299' title='bbox 821 3607 1217 3680; x_wconf 84' lang='lat' dir='ltr'><strong>Chrysostomo</strong></span> <span class='ocrx_word' id='word_1_300' title='bbox 1249 3628 1378 3668; x_wconf 89' lang='lat' dir='ltr'><strong>vere</strong></span> <span class='ocrx_word' id='word_1_301' title='bbox 1399 3613 1643 3668; x_wconf 87' lang='lat' dir='ltr'><strong>habitam</strong></span> <span class='ocrx_word' id='word_1_302' title='bbox 1684 3614 1999 3684; x_wconf 87' lang='lat' dir='ltr'><strong>dictamque</strong></span> <span class='ocrx_word' id='word_1_303' title='bbox 2029 3615 2219 3670; x_wconf 88' lang='lat' dir='ltr'><strong>fuisse.</strong></span> <span class='ocrx_word' id='word_1_304' title='bbox 2261 3613 2404 3670; x_wconf 85' lang='lat' dir='ltr'><strong>Cum</strong></span> <span class='ocrx_word' id='word_1_305' title='bbox 2450 3615 2596 3670; x_wconf 89' lang='lat' dir='ltr'><strong>enim</strong></span> <span class='ocrx_word' id='word_1_306' title='bbox 2637 3614 2800 3670; x_wconf 90' lang='lat' dir='ltr'><strong>annis</strong></span> <span class='ocrx_word' id='word_1_307' title='bbox 2841 3612 3145 3669; x_wconf 86' lang='lat' dir='ltr'><strong>octodecim</strong></span> <span class='ocrx_word' id='word_1_308' title='bbox 3190 3614 3556 3668; x_wconf 83' lang='lat' dir='ltr'><strong>eoncionatus</strong></span> 
     </span>
    </p>
   </div>
   <div class='ocr_carea' id='block_1_27' title="bbox 270 3707 3561 3810">
    <p class='ocr_par' dir='ltr' id='par_1_27' title="bbox 270 3717 3561 3810">
     <span class='ocr_line' id='line_1_27' title="bbox 270 3717 3561 3810; baseline 0.002 -31"><span class='ocrx_word' id='word_1_309' title='bbox 270 3728 361 3788; x_wconf 90' lang='lat' dir='ltr'><strong>sit,</strong></span> <span class='ocrx_word' id='word_1_310' title='bbox 399 3738 720 3783; x_wconf 85' lang='lat' dir='ltr'><strong>rccurrentc</strong></span> <span class='ocrx_word' id='word_1_311' title='bbox 742 3725 1028 3810; x_wconf 85' lang='lat' dir='ltr'><strong>Paschatis</strong></span> <span class='ocrx_word' id='word_1_312' title='bbox 1059 3733 1404 3788; x_wconf 84' lang='lat' dir='ltr'><strong>solemnitate</strong></span> <span class='ocrx_word' id='word_1_313' title='bbox 1429 3735 1618 3789; x_wconf 88' lang='lat' dir='ltr'><strong>eadem</strong></span> <span class='ocrx_word' id='word_1_314' title='bbox 1655 3735 1769 3804; x_wconf 83' lang='lat' dir='ltr'><strong>ipsa</strong></span> <span class='ocrx_word' id='word_1_315' title='bbox 1803 3736 2100 3806; x_wconf 90' lang='lat' dir='ltr'><strong>aliquando</strong></span> <span class='ocrx_word' id='word_1_316' title='bbox 2136 3736 2416 3806; x_wconf 80' lang='lat' dir='ltr'><strong>repetierit</strong></span> <span class='ocrx_word' id='word_1_317' title='bbox 2442 3753 2456 3787; x_wconf 90' lang='lat'>:</span> <span class='ocrx_word' id='word_1_318' title='bbox 2484 3751 2664 3805; x_wconf 90' lang='lat' dir='ltr'><strong>neque</strong></span> <span class='ocrx_word' id='word_1_319' title='bbox 2705 3736 2853 3790; x_wconf 91' lang='lat' dir='ltr'><strong>enim</strong></span> <span class='ocrx_word' id='word_1_320' title='bbox 2887 3735 2941 3804; x_wconf 89' lang='lat' dir='ltr'><strong>in</strong></span> <span class='ocrx_word' id='word_1_321' title='bbox 2973 3745 3227 3805; x_wconf 90' lang='lat' dir='ltr'><strong>promptu</strong></span> <span class='ocrx_word' id='word_1_322' title='bbox 3267 3742 3354 3788; x_wconf 90' lang='lat' dir='ltr'><strong>est</strong></span> <span class='ocrx_word' id='word_1_323' title='bbox 3383 3717 3561 3787; x_wconf 75' lang='lat' dir='ltr'><strong>cuivis</strong></span> 
     </span>
    </p>
   </div>
   <div class='ocr_carea' id='block_1_28' title="bbox 271 3846 3564 3923">
    <p class='ocr_par' dir='ltr' id='par_1_28' title="bbox 271 3846 3564 3923">
     <span class='ocr_line' id='line_1_28' title="bbox 271 3846 3564 3923; baseline 0.002 -24"><span class='ocrx_word' id='word_1_324' title='bbox 271 3846 670 3910; x_wconf 84' lang='lat' dir='ltr'><strong>concionatori,</strong></span> <span class='ocrx_word' id='word_1_325' title='bbox 697 3848 790 3916; x_wconf 91' lang='lat' dir='ltr'><strong>qui</strong></span> <span class='ocrx_word' id='word_1_326' title='bbox 819 3856 928 3902; x_wconf 91' lang='lat' dir='ltr'><strong>tam</strong></span> <span class='ocrx_word' id='word_1_327' title='bbox 957 3849 1119 3918; x_wconf 83' lang='lat' dir='ltr'><strong>longo</strong></span> <span class='ocrx_word' id='word_1_328' title='bbox 1149 3851 1412 3920; x_wconf 91' lang='lat' dir='ltr'><strong>temporis</strong></span> <span class='ocrx_word' id='word_1_329' title='bbox 1445 3851 1722 3906; x_wconf 88' lang='lat' dir='ltr'><strong>curriculo</strong></span> <span class='ocrx_word' id='word_1_330' title='bbox 1749 3852 1801 3906; x_wconf 90' lang='lat' dir='ltr'><strong>in</strong></span> <span class='ocrx_word' id='word_1_331' title='bbox 1833 3851 2100 3908; x_wconf 84' lang='lat' dir='ltr'><strong>Paschate</strong></span> <span class='ocrx_word' id='word_1_332' title='bbox 2128 3853 2429 3923; x_wconf 87' lang='lat' dir='ltr'><strong>quotannis</strong></span> <span class='ocrx_word' id='word_1_333' title='bbox 2445 3851 2704 3917; x_wconf 83' lang='lat' dir='ltr'><strong>oraverit,</strong></span> <span class='ocrx_word' id='word_1_334' title='bbox 2747 3862 2887 3904; x_wconf 88' lang='lat' dir='ltr'><strong>nova</strong></span> <span class='ocrx_word' id='word_1_335' title='bbox 2917 3865 3135 3920; x_wconf 84' lang='lat' dir='ltr'><strong>semper</strong></span> <span class='ocrx_word' id='word_1_336' title='bbox 3165 3848 3383 3914; x_wconf 73' lang='lat' dir='ltr'><strong>efferre,</strong></span> <span class='ocrx_word' id='word_1_337' title='bbox 3410 3857 3466 3903; x_wconf 84' lang='lat' dir='ltr'><strong>et</strong></span> <span class='ocrx_word' id='word_1_338' title='bbox 3493 3862 3564 3904; x_wconf 76' lang='lat' dir='ltr'><strong>ex</strong></span> 
     </span>
    </p>
   </div>
   <div class='ocr_carea' id='block_1_29' title="bbox 273 3962 1428 4036">
    <p class='ocr_par' dir='ltr' id='par_1_29' title="bbox 273 3962 1428 4036">
     <span class='ocr_line' id='line_1_29' title="bbox 273 3962 1428 4036; baseline 0.008 -23"><span class='ocrx_word' id='word_1_339' title='bbox 273 3962 427 4033; x_wconf 92' lang='lat' dir='ltr'><strong>prius</strong></span> <span class='ocrx_word' id='word_1_340' title='bbox 465 3963 629 4018; x_wconf 87' lang='lat' dir='ltr'><strong>dictis</strong></span> <span class='ocrx_word' id='word_1_341' title='bbox 658 3963 791 4020; x_wconf 90' lang='lat' dir='ltr'><strong>nihil</strong></span> <span class='ocrx_word' id='word_1_342' title='bbox 833 3980 1073 4036; x_wconf 90' lang='lat' dir='ltr'><strong>unquam</strong></span> <span class='ocrx_word' id='word_1_343' title='bbox 1103 3966 1428 4022; x_wconf 77' lang='lat' dir='ltr'><strong>admiSCere.</strong></span> 
     </span>
    </p>
   </div>
   <div class='ocr_carea' id='block_1_30' title="bbox 342 4073 1815 4144">
    <p class='ocr_par' dir='ltr' id='par_1_30' title="bbox 342 4073 1815 4144">
     <span class='ocr_line' id='line_1_30' title="bbox 342 4073 1815 4144; baseline 0.007 -17"><span class='ocrx_word' id='word_1_344' title='bbox 342 4073 854 4144; x_wconf 89' lang='lat' dir='ltr'><strong>interpretationem</strong></span> <span class='ocrx_word' id='word_1_345' title='bbox 894 4076 1148 4134; x_wconf 83' lang='lat' dir='ltr'><strong>Latinam</strong></span> <span class='ocrx_word' id='word_1_346' title='bbox 1175 4095 1372 4134; x_wconf 79' lang='lat' dir='ltr'><strong>novam</strong></span> <span class='ocrx_word' id='word_1_347' title='bbox 1400 4080 1815 4138; x_wconf 80' lang='lat' dir='ltr'><strong>adornavimus.</strong></span> 
     </span>
    </p>
   </div>
   <div class='ocr_carea' id='block_1_31' title="bbox 977 4659 2859 4759">
    <p class='ocr_par' dir='ltr' id='par_1_31' title="bbox 977 4659 2859 4759">
     <span class='ocr_line' id='line_1_31' title="bbox 977 4659 2859 4759; baseline -0.007 -1"><span class='ocrx_word' id='word_1_348' title='bbox 977 4669 1103 4758; x_wconf 87' lang='lat' dir='ltr'><strong>IN</strong></span> <span class='ocrx_word' id='word_1_349' title='bbox 1178 4667 1729 4759; x_wconf 85' lang='lat' dir='ltr'><strong>SANCTUM</strong></span> <span class='ocrx_word' id='word_1_350' title='bbox 1806 4665 2252 4756; x_wconf 83' lang='lat' dir='ltr'><strong>PASCHA</strong></span> <span class='ocrx_word' id='word_1_351' title='bbox 2372 4659 2859 4754; x_wconf 83' lang='lat' dir='ltr'><strong>CONCIO.</strong></span> 
     </span>
    </p>
   </div>
   <div class='ocr_carea' id='block_1_32' title="bbox 1857 4915 1958 4926">
    <p class='ocr_par' dir='ltr' id='par_1_32' title="bbox 1857 4915 1958 4926">
     <span class='ocr_line' id='line_1_32' title="bbox 1857 4915 1958 4926; baseline -0.01 -1"><span class='ocrx_word' id='word_1_352' title='bbox 1857 4915 1958 4926; x_wconf 64' lang='grc' dir='ltr'><strong>...ι-.-</strong></span> 
     </span>
    </p>
   </div>
   <div class='ocr_carea' id='block_1_33' title="bbox 322 5141 1847 5233">
    <p class='ocr_par' dir='ltr' id='par_1_33' title="bbox 322 5164 1847 5233">
     <span class='ocr_line' id='line_1_33' title="bbox 322 5164 1847 5233; baseline -0.01 -4"><span class='ocrx_word' id='word_1_353' title='bbox 322 5177 374 5230; x_wconf 92' lang='grc'><strong>1.</strong></span> <span class='ocrx_word' id='word_1_354' title='bbox 417 5171 561 5227; x_wconf 78' lang='lat' dir='ltr'><strong>Mors</strong></span> <span class='ocrx_word' id='word_1_355' title='bbox 591 5171 720 5224; x_wconf 84' lang='lat' dir='ltr'><strong>victa</strong></span> <span class='ocrx_word' id='word_1_356' title='bbox 755 5185 786 5222; x_wconf 89' lang='lat' dir='ltr'><strong>a</strong></span> <span class='ocrx_word' id='word_1_357' title='bbox 827 5167 1014 5221; x_wconf 75' lang='lat' dir='ltr'><strong>Christi</strong></span> <span class='ocrx_word' id='word_1_358' title='bbox 1043 5177 1267 5233; x_wconf 84' lang='lat' dir='ltr'><strong>tempore</strong></span> <span class='ocrx_word' id='word_1_359' title='bbox 1292 5181 1392 5216; x_wconf 85' lang='lat' dir='ltr'><strong>non</strong></span> <span class='ocrx_word' id='word_1_360' title='bbox 1415 5164 1553 5216; x_wconf 82' lang='lat' dir='ltr'><strong>ultra</strong></span> <span class='ocrx_word' id='word_1_361' title='bbox 1577 5178 1712 5214; x_wconf 79' lang='lat' dir='ltr'><strong>mors</strong></span> <span class='ocrx_word' id='word_1_362' title='bbox 1733 5203 1749 5226; x_wconf 94' lang='lat'><strong>,</strong></span> <span class='ocrx_word' id='word_1_363' title='bbox 1775 5177 1847 5214; x_wconf 70' lang='lat' dir='ltr'><strong>scr</strong></span> 
     </span>
    </p>
   </div>
   <div class='ocr_carea' id='block_1_34' title="bbox 1960 5141 3597 5233">
    <p class='ocr_par' dir='ltr' id='par_1_34' title="bbox 1976 5141 3597 5213">
     <span class='ocr_line' id='line_1_34' title="bbox 1976 5141 3597 5213; baseline 0.004 -18"><span class='ocrx_word' id='word_1_364' title='bbox 1976 5143 2158 5196; x_wconf 84' lang='lat' dir='ltr'><strong>bolum</strong></span> <span class='ocrx_word' id='word_1_365' title='bbox 2191 5143 2497 5211; x_wconf 75' lang='lat' dir='ltr'><strong>prostravit.</strong></span> <span class='ocrx_word' id='word_1_366' title='bbox 2533 5141 2703 5197; x_wconf 89' lang='lat' dir='ltr'><strong>llodie</strong></span> <span class='ocrx_word' id='word_1_367' title='bbox 2746 5141 2995 5196; x_wconf 89' lang='lat' dir='ltr'><strong>homines</strong></span> <span class='ocrx_word' id='word_1_368' title='bbox 3033 5156 3155 5198; x_wconf 89' lang='lat' dir='ltr'><strong>cum</strong></span> <span class='ocrx_word' id='word_1_369' title='bbox 3201 5144 3410 5213; x_wconf 81' lang='lat' dir='ltr'><strong>angelis</strong></span> <span class='ocrx_word' id='word_1_370' title='bbox 3438 5159 3597 5202; x_wconf 78' lang='lat' dir='ltr'><strong>com-</strong></span> 
     </span>
    </p>
   </div>
   <div class='ocr_carea' id='block_1_35' title="bbox 247 5237 3597 5325">
    <p class='ocr_par' dir='ltr' id='par_1_35' title="bbox 247 5237 3597 5325">
     <span class='ocr_line' id='line_1_35' title="bbox 247 5237 3597 5325; baseline -0.009 -3"><span class='ocrx_word' id='word_1_371' title='bbox 247 5283 457 5323; x_wconf 75' lang='lat' dir='ltr'><strong>somnus</strong></span> <span class='ocrx_word' id='word_1_372' title='bbox 480 5274 527 5318; x_wconf 80' lang='lat' dir='ltr'><strong>et</strong></span> <span class='ocrx_word' id='word_1_373' title='bbox 548 5262 786 5316; x_wconf 74' lang='lat' dir='ltr'><strong>dormitio</strong></span> <span class='ocrx_word' id='word_1_374' title='bbox 808 5271 1036 5314; x_wconf 82' lang='lat' dir='ltr'><strong>vocatur.</strong></span> <span class='ocrx_word' id='word_1_375' title='bbox 1064 5257 1468 5325; x_wconf 85' lang='lat' dir='ltr'><strong>-Opportnnc</strong></span> <span class='ocrx_word' id='word_1_376' title='bbox 1490 5254 1652 5310; x_wconf 87' lang='lat' dir='ltr'><strong>hodie</strong></span> <span class='ocrx_word' id='word_1_377' title='bbox 1676 5267 1864 5308; x_wconf 90' lang='lat' dir='ltr'><strong>omnes</strong></span> <span class='ocrx_word' id='word_1_378' title='bbox 1974 5238 2128 5292; x_wconf 72' lang='lat' dir='ltr'><strong>miXli</strong></span> <span class='ocrx_word' id='word_1_379' title='bbox 2168 5247 2313 5302; x_wconf 64' lang='lat'><strong>51&quot;&quot;.</strong></span> <span class='ocrx_word' id='word_1_380' title='bbox 2346 5244 2402 5291; x_wconf 71' lang='grc' dir='ltr'>εἰ</span> <span class='ocrx_word' id='word_1_381' title='bbox 2429 5237 2519 5308; x_wconf 86' lang='lat' dir='ltr'><strong>qui</strong></span> <span class='ocrx_word' id='word_1_382' title='bbox 2551 5251 2780 5307; x_wconf 71' lang='grc' dir='ltr'><strong>ροτροτρ</strong></span> <span class='ocrx_word' id='word_1_383' title='bbox 2809 5245 2938 5290; x_wconf 81' lang='grc' dir='ltr'><strong>ειηιι</strong></span> <span class='ocrx_word' id='word_1_384' title='bbox 2964 5237 3156 5302; x_wconf 78' lang='lat' dir='ltr'><strong>induti,</strong></span> <span class='ocrx_word' id='word_1_385' title='bbox 3184 5253 3308 5292; x_wconf 88' lang='lat' dir='ltr'><strong>cum</strong></span> <span class='ocrx_word' id='word_1_386' title='bbox 3340 5239 3597 5308; x_wconf 74' lang='lat' dir='ltr'><strong>incorpo-</strong></span> 
     </span>
    </p>
   </div>
   <div class='ocr_carea' id='block_1_36' title="bbox 249 5326 3598 5416">
    <p class='ocr_par' dir='ltr' id='par_1_36' title="bbox 249 5326 3598 5416">
     <span class='ocr_line' id='line_1_36' title="bbox 249 5326 3598 5416; baseline -0.003 -5"><span class='ocrx_word' id='word_1_387' title='bbox 249 5373 374 5411; x_wconf 81' lang='lat' dir='ltr'><strong>Cum</strong></span> <span class='ocrx_word' id='word_1_388' title='bbox 408 5357 567 5411; x_wconf 86' lang='lat' dir='ltr'><strong>beato</strong></span> <span class='ocrx_word' id='word_1_389' title='bbox 588 5353 788 5407; x_wconf 84' lang='lat' dir='ltr'><strong>Davide</strong></span> <span class='ocrx_word' id='word_1_390' title='bbox 815 5354 1111 5406; x_wconf 86' lang='lat' dir='ltr'><strong>clatnemus</strong></span> <span class='ocrx_word' id='word_1_391' title='bbox 1148 5365 1159 5403; x_wconf 94' lang='lat'>:</span> <span class='ocrx_word' id='word_1_392' title='bbox 1193 5349 1320 5414; x_wconf 77' lang='lat' dir='ltr'><strong>Quis</strong></span> <span class='ocrx_word' id='word_1_393' title='bbox 1356 5347 1587 5416; x_wconf 85' lang='lat' dir='ltr'><strong>loquetur</strong></span> <span class='ocrx_word' id='word_1_394' title='bbox 1613 5346 1864 5414; x_wconf 78' lang='lat' dir='ltr'><strong>potentias</strong></span> <span class='ocrx_word' id='word_1_395' title='bbox 1975 5332 2085 5387; x_wconf 65' lang='lat' dir='ltr'><strong>reis</strong></span> <span class='ocrx_word' id='word_1_396' title='bbox 2113 5331 2465 5400; x_wconf 66' lang='grc' dir='ltr'><strong>βθίοδίδιίῧυδ</strong></span> <span class='ocrx_word' id='word_1_397' title='bbox 2496 5330 2728 5402; x_wconf 71' lang='lat' dir='ltr'><strong>hymnos</strong></span> <span class='ocrx_word' id='word_1_398' title='bbox 2757 5331 3094 5402; x_wconf 65' lang='lat' dir='ltr'><strong>Perso&#39;mm-</strong></span> <span class='ocrx_word' id='word_1_399' title='bbox 3138 5331 3307 5387; x_wconf 68' lang='grc' dir='ltr'><strong>Ποάίο</strong></span> <span class='ocrx_word' id='word_1_400' title='bbox 3328 5326 3598 5389; x_wconf 67' lang='grc' dir='ltr'><strong>ενθτίίίητ</strong></span> 
     </span>
    </p>
   </div>
   <div class='ocr_carea' id='block_1_37' title="bbox 258 5425 3592 5516">
    <p class='ocr_par' dir='ltr' id='par_1_37' title="bbox 258 5425 3592 5516">
     <span class='ocr_line' id='line_1_37' title="bbox 258 5425 3592 5516; baseline -0.006 -15"><span class='ocrx_word' id='word_1_401' title='bbox 258 5448 489 5513; x_wconf 79' lang='lat' dir='ltr'><strong>Domini,</strong></span> <span class='ocrx_word' id='word_1_402' title='bbox 519 5445 721 5498; x_wconf 76' lang='lat' dir='ltr'><strong>auditas</strong></span> <span class='ocrx_word' id='word_1_403' title='bbox 749 5445 899 5516; x_wconf 80' lang='lat' dir='ltr'><strong>faciet</strong></span> <span class='ocrx_word' id='word_1_404' title='bbox 941 5459 1115 5496; x_wconf 81' lang='lat' dir='ltr'><strong>omnes</strong></span> <span class='ocrx_word' id='word_1_405' title='bbox 1152 5441 1331 5494; x_wconf 78' lang='lat' dir='ltr'><strong>laudes</strong></span> <span class='ocrx_word' id='word_1_406' title='bbox 1379 5441 1490 5510; x_wconf 69' lang='lat' dir='ltr'><strong>ejus</strong></span> <span class='ocrx_word' id='word_1_407' title='bbox 1530 5436 1862 5508; x_wconf 72' lang='lat' dir='ltr'><strong>(Psal.105.</strong></span> <span class='ocrx_word' id='word_1_408' title='bbox 1976 5425 2172 5482; x_wconf 85' lang='lat' dir='ltr'><strong>diaboli</strong></span> <span class='ocrx_word' id='word_1_409' title='bbox 2219 5427 2495 5496; x_wconf 86' lang='lat' dir='ltr'><strong>tyrannis;</strong></span> <span class='ocrx_word' id='word_1_410' title='bbox 2548 5425 2708 5480; x_wconf 89' lang='lat' dir='ltr'><strong>hodie</strong></span> <span class='ocrx_word' id='word_1_411' title='bbox 2754 5425 2962 5480; x_wconf 89' lang='lat' dir='ltr'><strong>vincula</strong></span> <span class='ocrx_word' id='word_1_412' title='bbox 3006 5425 3198 5490; x_wconf 81' lang='lat' dir='ltr'><strong>mortis</strong></span> <span class='ocrx_word' id='word_1_413' title='bbox 3240 5425 3416 5481; x_wconf 86' lang='lat' dir='ltr'><strong>soluta</strong></span> <span class='ocrx_word' id='word_1_414' title='bbox 3443 5438 3592 5490; x_wconf 85' lang='lat' dir='ltr'><strong>sunt,</strong></span> 
     </span>
    </p>
   </div>
   <div class='ocr_carea' id='block_1_38' title="bbox 255 5516 3594 5610">
    <p class='ocr_par' dir='ltr' id='par_1_38' title="bbox 255 5516 3594 5610">
     <span class='ocr_line' id='line_1_38' title="bbox 255 5516 3594 5610; baseline -0.007 -16"><span class='ocrx_word' id='word_1_415' title='bbox 255 5541 374 5610; x_wconf 67' lang='lat'><strong>£3)?</strong></span> <span class='ocrx_word' id='word_1_416' title='bbox 401 5539 546 5593; x_wconf 85' lang='lat' dir='ltr'><strong>Ecce</strong></span> <span class='ocrx_word' id='word_1_417' title='bbox 568 5537 710 5590; x_wconf 91' lang='lat' dir='ltr'><strong>enim</strong></span> <span class='ocrx_word' id='word_1_418' title='bbox 737 5536 953 5590; x_wconf 83' lang='lat' dir='ltr'><strong>advenit</strong></span> <span class='ocrx_word' id='word_1_419' title='bbox 976 5535 1128 5589; x_wconf 85' lang='lat' dir='ltr'><strong>nobis</strong></span> <span class='ocrx_word' id='word_1_420' title='bbox 1156 5532 1315 5587; x_wconf 91' lang='lat' dir='ltr'><strong>hodie</strong></span> <span class='ocrx_word' id='word_1_421' title='bbox 1336 5530 1695 5585; x_wconf 83' lang='lat' dir='ltr'><strong>desideratum</strong></span> <span class='ocrx_word' id='word_1_422' title='bbox 1726 5530 1866 5583; x_wconf 90' lang='lat' dir='ltr'><strong>salu-</strong></span> <span class='ocrx_word' id='word_1_423' title='bbox 1976 5519 2170 5575; x_wconf 65' lang='lat' dir='ltr'><strong>inferni</strong></span> <span class='ocrx_word' id='word_1_424' title='bbox 2201 5519 2421 5574; x_wconf 73' lang='lat' dir='ltr'><strong>ViClOl&#39;ia</strong></span> <span class='ocrx_word' id='word_1_425' title='bbox 2456 5518 2662 5573; x_wconf 66' lang='lat' dir='ltr'><strong>summa</strong></span> <span class='ocrx_word' id='word_1_426' title='bbox 2685 5531 2798 5584; x_wconf 61' lang='grc' dir='ltr'><strong>οδω</strong></span> <span class='ocrx_word' id='word_1_427' title='bbox 2827 5518 2988 5573; x_wconf 72' lang='grc' dir='ltr'><strong>Ιιοάίε</strong></span> <span class='ocrx_word' id='word_1_428' title='bbox 3015 5528 3316 5588; x_wconf 71' lang='lat' dir='ltr'><strong>Opportune</strong></span> <span class='ocrx_word' id='word_1_429' title='bbox 3343 5516 3594 5587; x_wconf 81' lang='lat' dir='ltr'><strong>profera-</strong></span> 
     </span>
    </p>
   </div>
   <div class='ocr_carea' id='block_1_39' title="bbox 254 5610 3597 5695">
    <p class='ocr_par' dir='ltr' id='par_1_39' title="bbox 254 5610 3597 5695">
     <span class='ocr_line' id='line_1_39' title="bbox 254 5610 3597 5695; baseline -0.004 -16"><span class='ocrx_word' id='word_1_430' title='bbox 254 5635 479 5695; x_wconf 84' lang='lat' dir='ltr'><strong>tarcque</strong></span> <span class='ocrx_word' id='word_1_431' title='bbox 510 5623 746 5686; x_wconf 79' lang='lat' dir='ltr'><strong>festuni’,</strong></span> <span class='ocrx_word' id='word_1_432' title='bbox 785 5621 900 5675; x_wconf 86' lang='lat' dir='ltr'><strong>dies</strong></span> <span class='ocrx_word' id='word_1_433' title='bbox 928 5621 1179 5674; x_wconf 90' lang='lat' dir='ltr'><strong>nimirum</strong></span> <span class='ocrx_word' id='word_1_434' title='bbox 1212 5616 1628 5672; x_wconf 88' lang='lat' dir='ltr'><strong>resurrectionis</strong></span> <span class='ocrx_word' id='word_1_435' title='bbox 1657 5614 1866 5674; x_wconf 90' lang='lat' dir='ltr'><strong>Domini</strong></span> <span class='ocrx_word' id='word_1_436' title='bbox 1977 5623 2065 5668; x_wconf 91' lang='lat' dir='ltr'><strong>tur</strong></span> <span class='ocrx_word' id='word_1_437' title='bbox 2092 5611 2403 5684; x_wconf 88' lang='lat' dir='ltr'><strong>prophetica</strong></span> <span class='ocrx_word' id='word_1_438' title='bbox 2431 5627 2535 5666; x_wconf 82' lang='lat' dir='ltr'><strong>vox</strong></span> <span class='ocrx_word' id='word_1_439' title='bbox 2573 5611 2660 5666; x_wconf 89' lang='lat' dir='ltr'><strong>illa</strong></span> <span class='ocrx_word' id='word_1_440' title='bbox 2691 5629 2703 5664; x_wconf 89' lang='lat'>:</span> <span class='ocrx_word' id='word_1_441' title='bbox 2740 5610 2838 5666; x_wconf 82' lang='lat' dir='ltr'><strong>Ubi</strong></span> <span class='ocrx_word' id='word_1_442' title='bbox 2861 5621 2956 5677; x_wconf 77' lang='lat' dir='ltr'><strong>est,</strong></span> <span class='ocrx_word' id='word_1_443' title='bbox 2986 5628 3146 5675; x_wconf 80' lang='lat' dir='ltr'><strong>mors,</strong></span> <span class='ocrx_word' id='word_1_444' title='bbox 3169 5611 3406 5665; x_wconf 74' lang='lat' dir='ltr'><strong>stimulus</strong></span> <span class='ocrx_word' id='word_1_445' title='bbox 3427 5622 3545 5664; x_wconf 76' lang='lat' dir='ltr'><strong>mus</strong></span> <span class='ocrx_word' id='word_1_446' title='bbox 3570 5613 3597 5664; x_wconf 73' lang='lat'><strong>.’</strong></span> 
     </span>
    </p>
   </div>
   <div class='ocr_carea' id='block_1_40' title="bbox 254 5701 3591 5784">
    <p class='ocr_par' dir='ltr' id='par_1_40' title="bbox 254 5701 3591 5784">
     <span class='ocr_line' id='line_1_40' title="bbox 254 5701 3591 5784; baseline -0.004 -12"><span class='ocrx_word' id='word_1_447' title='bbox 254 5717 425 5772; x_wconf 85' lang='lat' dir='ltr'><strong>nostri</strong></span> <span class='ocrx_word' id='word_1_448' title='bbox 456 5715 588 5772; x_wconf 86' lang='lat' dir='ltr'><strong>Jesu</strong></span> <span class='ocrx_word' id='word_1_449' title='bbox 613 5715 844 5779; x_wconf 87' lang='lat' dir='ltr'><strong>Christi;</strong></span> <span class='ocrx_word' id='word_1_450' title='bbox 876 5715 1022 5784; x_wconf 79' lang='lat' dir='ltr'><strong>pacis</strong></span> <span class='ocrx_word' id='word_1_451' title='bbox 1052 5722 1446 5782; x_wconf 83' lang='lat' dir='ltr'><strong>argumentum,</strong></span> <span class='ocrx_word' id='word_1_452' title='bbox 1473 5709 1866 5765; x_wconf 81' lang='lat' dir='ltr'><strong>reconciliatio-</strong></span> <span class='ocrx_word' id='word_1_453' title='bbox 1977 5705 2063 5761; x_wconf 78' lang='lat' dir='ltr'><strong>ubi</strong></span> <span class='ocrx_word' id='word_1_454' title='bbox 2086 5749 2101 5772; x_wconf 91' lang='lat'><strong>,</strong></span> <span class='ocrx_word' id='word_1_455' title='bbox 2145 5706 2344 5776; x_wconf 68' lang='lat' dir='ltr'><strong>inferne</strong></span> <span class='ocrx_word' id='word_1_456' title='bbox 2366 5746 2381 5772; x_wconf 90' lang='lat'><strong>,</strong></span> <span class='ocrx_word' id='word_1_457' title='bbox 2424 5704 2634 5758; x_wconf 82' lang='lat' dir='ltr'><strong>victoria</strong></span> <span class='ocrx_word' id='word_1_458' title='bbox 2679 5713 2766 5757; x_wconf 82' lang='lat' dir='ltr'><strong>tua</strong></span> <span class='ocrx_word' id='word_1_459' title='bbox 2811 5701 3094 5772; x_wconf 62' lang='lat'><strong>(0391213.</strong></span> <span class='ocrx_word' id='word_1_460' title='bbox 3131 5703 3230 5769; x_wconf 61' lang='lat' dir='ltr'><strong>li;</strong></span> <span class='ocrx_word' id='word_1_461' title='bbox 3264 5705 3314 5758; x_wconf 92' lang='grc'><strong>1.</strong></span> <span class='ocrx_word' id='word_1_462' title='bbox 3346 5702 3467 5758; x_wconf 89' lang='lat' dir='ltr'><strong>Cor.</strong></span> <span class='ocrx_word' id='word_1_463' title='bbox 3499 5703 3591 5758; x_wconf 83' lang='grc'><strong>15.</strong></span> 
     </span>
    </p>
   </div>
   <div class='ocr_carea' id='block_1_41' title="bbox 260 5794 3598 5878">
    <p class='ocr_par' dir='ltr' id='par_1_41' title="bbox 260 5794 3598 5878">
     <span class='ocr_line' id='line_1_41' title="bbox 260 5794 3598 5878; baseline -0.006 -11"><span class='ocrx_word' id='word_1_464' title='bbox 260 5814 343 5867; x_wconf 76' lang='lat' dir='ltr'><strong>nis</strong></span> <span class='ocrx_word' id='word_1_465' title='bbox 367 5825 552 5876; x_wconf 76' lang='lat' dir='ltr'><strong>causa,</strong></span> <span class='ocrx_word' id='word_1_466' title='bbox 584 5823 702 5878; x_wconf 68' lang='lat' dir='ltr'><strong>qum.</strong></span> <span class='ocrx_word' id='word_1_467' title='bbox 733 5808 866 5863; x_wconf 79' lang='lat' dir='ltr'><strong>bella</strong></span> <span class='ocrx_word' id='word_1_468' title='bbox 899 5807 1147 5873; x_wconf 76' lang='lat' dir='ltr'><strong>sustulit,</strong></span> <span class='ocrx_word' id='word_1_469' title='bbox 1179 5814 1406 5862; x_wconf 85' lang='lat' dir='ltr'><strong>mortem</strong></span> <span class='ocrx_word' id='word_1_470' title='bbox 1441 5803 1718 5871; x_wconf 73' lang='lat' dir='ltr'><strong>dissolvit,</strong></span> <span class='ocrx_word' id='word_1_471' title='bbox 1751 5802 1868 5858; x_wconf 85' lang='lat' dir='ltr'><strong>dia—</strong></span> <span class='ocrx_word' id='word_1_472' title='bbox 1979 5801 2125 5872; x_wconf 64' lang='lat' dir='ltr'><strong>iiii)?</strong></span> <span class='ocrx_word' id='word_1_473' title='bbox 2169 5801 2338 5856; x_wconf 85' lang='lat' dir='ltr'><strong>lludie</strong></span> <span class='ocrx_word' id='word_1_474' title='bbox 2379 5806 2564 5869; x_wconf 80' lang='lat' dir='ltr'><strong>portas</strong></span> <span class='ocrx_word' id='word_1_475' title='bbox 2599 5809 2769 5853; x_wconf 70' lang='lat' dir='ltr'><strong>terras</strong></span> <span class='ocrx_word' id='word_1_476' title='bbox 2808 5795 3071 5866; x_wconf 74' lang='lat' dir='ltr'><strong>confregit</strong></span> <span class='ocrx_word' id='word_1_477' title='bbox 3117 5794 3375 5850; x_wconf 81' lang='lat' dir='ltr'><strong>Dominus</strong></span> <span class='ocrx_word' id='word_1_478' title='bbox 3414 5804 3598 5850; x_wconf 78' lang='lat' dir='ltr'><strong>noster</strong></span> 
     </span>
    </p>
   </div>
  </div>
