4076 6434
574 366 677 421 ἸϋἸ

568 481 845 543 Christus,
894 477 1166 548 ipsamque
1210 475 1397 530 mortis
1440 487 1722 543 personam
1759 470 1974 526 delevit.
2016 466 2154 534 Quid

569 573 690 626 dico
716 569 1037 641 personam?
1068 570 1235 641 Ipsius
1254 582 1463 637 quoque
1485 580 1677 620 nomen
1700 565 1921 617 mutavit
1946 580 1958 615 :
1982 554 2156 630 neque

570 663 711 717 enim
730 664 863 717 ultra
886 677 1029 717 mors
1050 671 1289 722 vocatur.
1314 659 1407 714 sed
1432 658 1683 712 dormitio
1707 664 1758 711 et
1783 668 2002 710 somnus
2029 650 2107 723 (a)
2137 668 2151 707 :

570 753 832 825 siquidem
875 761 996 807 ante
1025 751 1220 807 Christi
1250 750 1534 804 adventum
1559 791 1574 815 ,
1622 748 1900 816 crucisque
1934 758 2153 801 oecono-

569 847 752 911 miain,
798 846 969 915 ipsum
1013 858 1223 914 quoque
1266 842 1455 897 mortis
1497 855 1689 896 nomen
1735 838 1975 894 terribile
2014 845 2151 892 erat.

566 930 724 990 Certé
752 936 952 1005 primus
974 933 1137 989 homo
1161 934 1339 1002 magni
1364 930 1605 1002 supplicii
1644 930 1761 985 loco
1788 928 1924 983 hanc
1950 928 2154 983 audivit

566 1025 886 1081 sententiam
931 1043 945 1080 :
998 1025 1321 1094 Quacumque
1360 1025 1441 1078 die
1480 1024 1753 1077 comederis
1776 1065 1790 1089 ,
1838 1032 1998 1076 morte
2042 1037 2152 1076 mo-

565 1118 713 1172 rieris
753 1117 903 1190 (Gen.
939 1118 994 1171 2.
1036 1117 1145 1187 17).
1184 1116 1320 1183 Quin
1346 1126 1397 1170 et
1425 1114 1610 1169 beatus
1635 1113 1737 1169 Job
1766 1112 1901 1167 hanc
1937 1113 2029 1168 illo
2054 1126 2153 1167 no-

566 1210 711 1262 mine
754 1208 1078 1277 appellavit:
1114 1206 1254 1260 Mors
1297 1206 1404 1259 uiro
1442 1205 1635 1276 requies
1675 1202 1800 1274 (Job
1848 1204 1901 1259 3.
1930 1203 2042 1273 25).
2086 1202 2153 1257 Et

568 1299 825 1370 propheta
867 1298 1027 1354 David
1072 1298 1278 1354 dicebat
1324 1316 1336 1351 :
1382 1295 1526 1351 Mors
1574 1307 1890 1365 peccatorum
1936 1296 2151 1367 pessima

570 1388 737 1459 (Psal.
768 1389 990 1457 53.9.2).
1021 1388 1134 1443 Non
1170 1388 1329 1443 modo
1363 1388 1553 1442 anima:
1593 1388 1821 1442 divulsio
1858 1403 1885 1441 a
1925 1402 2151 1457 corpore

569 1492 713 1533 mors
742 1480 1054 1543 vocabatur;
1099 1480 1207 1533 imo
1242 1478 1399 1532 etiam
1428 1476 1683 1531 infernus.
1715 1477 1851 1531 Audi
1881 1479 2021 1531 enim
2051 1492 2148 1547 pa-

570 1573 853 1627 triarcham
909 1572 1074 1628 Jacob
1142 1573 1405 1629 dicentem
1462 1589 1475 1625 :
1534 1570 1797 1625 Drducetis
1850 1579 2149 1624 senectutem

567 1679 730 1717 meam
754 1680 868 1717 cum
894 1664 1068 1718 dolore
1086 1665 1153 1717 ad
1175 1664 1362 1733 inferos
1391 1662 1543 1733 (Gen.
1570 1662 1660 1717 42.
1690 1661 1811 1732 58);
1841 1669 1894 1714 et
1921 1658 2150 1730 prophe-

571 1764 675 1807 tam
718 1769 930 1824 quoque
958 1772 970 1806 :
998 1752 1238 1825 lnfcrnus
1265 1753 1494 1807 dilatavit
1538 1769 1592 1805 os
1634 1768 1778 1806 suum
1808 1750 1905 1821 (Is.
1935 1751 1988 1805 5.
2020 1751 2145 1820 14);

568 1845 702 1899 alius
724 1846 848 1900 item
871 1846 1123 1915 propheta
1148 1862 1161 1899 :
1186 1844 1384 1914 Eripiet
1405 1860 1481 1898 me
1505 1846 1567 1899 de
1588 1845 1700 1898 lacu
1720 1843 1945 1910 infcriori
1971 1842 2142 1911 (Psal.

566 1938 656 1992 85.
684 1933 804 2009 15);
833 1937 884 1991 in
916 1935 1200 2007 multisque
1224 1936 1434 1992 Veteris
1458 1935 1787 1990 Testamenti
1816 1935 1947 1989 locis
1976 1944 2149 1989 trans-

568 2031 697 2084 itum
726 2044 793 2085 ex
820 2029 918 2085 hac
944 2030 1069 2094 vita,
1097 2038 1322 2084 mortem
1367 2038 1420 2084 et
1460 2026 1725 2083 infernum
1748 2027 1924 2081 vocari
1954 2027 2146 2097 depre-

568 2121 787 2176 hendes.
819 2119 1080 2187 Quoniam
1111 2135 1239 2175 vero
1266 2120 1509 2175 Christus
1538 2120 1675 2174 Deus
1697 2126 1878 2174 noster
1900 2120 1950 2174 in
1981 2119 2147 2173 sacri-

567 2213 747 2268 tioium
777 2213 989 2269 oblatus
1025 2222 1106 2269 est
1138 2222 1193 2269 et
1230 2213 1550 2269 resurrectio
1576 2223 1900 2282 consequuta
1924 2221 2026 2275 est,
2058 2212 2145 2266 illa

568 2305 782 2358 nomina
811 2304 1069 2375 benignus
1102 2304 1353 2358 Dominus
1380 2303 1617 2369 sustulit,
1651 2317 1950 2373 novumque
1976 2310 2030 2358 et
2055 2317 2147 2357 ex-

566 2406 807 2452 traneum
834 2398 1042 2451 vivendi
1070 2397 1365 2451 institutum
1396 2397 1448 2451 in
1479 2394 1733 2450 nnmdum
1761 2394 1997 2459 induxit;
2029 2394 2146 2450 exi-

502 2520 511 2531 ι
566 2499 650 2545 tus
671 2502 736 2544 ex
766 2489 863 2542 hac
888 2489 992 2542 vita
1012 2488 1120 2558 jam
1146 2503 1250 2542 non
1277 2501 1442 2552 mors,
1466 2487 1560 2541 sed
1586 2486 1836 2541 dormitio
1856 2495 1910 2542 et
1930 2501 2147 2542 somnus

567 2589 804 2636 vocatur.
852 2580 1124 2637 Undenam
1156 2580 1257 2634 hoc
1287 2579 1487 2649 liquet?
1517 2580 1650 2633 Audi
1675 2576 1939 2633 Christum
1962 2578 2146 2634 dicen-

567 2682 670 2728 tem
695 2674 710 2727 ἐ
734 2672 953 2728 Lazarus
974 2674 1162 2727 amicus
1186 2682 1350 2727 noster
1368 2673 1570 2736 dormit,
1588 2672 1675 2727 sed
1695 2672 1822 2727 vado
1843 2681 1899 2725 ut
1918 2688 1951 2727 o
1968 2688 2145 2728 somno

563 2768 795 2820 suscitem
836 2782 949 2821 eum
994 2765 1184 2834 (Joan.
1214 2766 1299 2819 H.
1332 2766 1458 2836 11).
1497 2748 1953 2831 Quemadmodum
2000 2764 2144 2820 enim

564 2858 718 2912 facile
740 2858 892 2913 nobis
909 2867 991 2913 est
1005 2858 1356 2914 dormientem
1377 2856 1779 2927 expcrgefacere
1798 2866 1852 2911 et
1872 2857 2109 2912 excitare
2129 2872 2142 2908 :

567 2949 646 3005 sic
670 2958 721 3003 et
749 2948 1016 3002 communi
1043 2950 1278 3002 omnium
1308 2947 1530 3000 Domino
1557 2962 1585 3001 a
1614 2946 1840 3003 mortuis
1866 2948 2142 3003 suscitare.

567 3037 699 3103 Quia
723 3054 847 3093 vero
868 3053 1060 3093 novum
1085 3048 1501 3107 extranenmque
1522 3046 1635 3091 erat
1664 3036 1738 3103 id,
1764 3037 1903 3107 quod
1935 3039 2002 3093 ab
2028 3038 2144 3107 ipso

566 3130 763 3184 dictum
789 3130 980 3195 fuerat,
1013 3144 1183 3199 neque
1227 3129 1324 3199 ipsi
1370 3127 1612 3197 discipuli
1641 3127 1837 3182 dictum
1866 3128 2142 3183 intellexe—

562 3231 710 3287 runt,
731 3219 902 3275 donec
938 3219 1005 3274 ad
1044 3220 1251 3274 illorum
1281 3218 1641 3273 infirmitatem
1673 3234 1731 3272 se
1752 3216 2058 3283 demittens,
2091 3216 2141 3271 id

561 3313 759 3366 clarius
791 3311 1013 3367 diceret.
1057 3310 1365 3366 Communis
1400 3324 1528 3363 vero
1552 3309 1698 3365 orbis
1734 3308 1921 3363 doctor
1958 3308 2142 3363 beatus

561 3404 759 3459 Paulus
804 3404 869 3459 ad
917 3402 1418 3459 Thessalonicenses
1460 3402 1700 3458 scribens
1742 3401 1857 3456 ait:
1890 3399 2030 3455 Nolo
2059 3416 2144 3455 ros

560 3497 796 3567 ignorare
818 3495 882 3550 de
903 3495 1282 3558 dormientibus,
1315 3502 1371 3547 ut
1404 3509 1505 3547 non
1537 3492 1916 3556 contristemini,
1941 3492 2069 3545 sicut
2094 3502 2144 3546 et

558 3588 724 3640 caeteri
746 3586 832 3656 qui
852 3602 991 3657 spem
1016 3602 1115 3641 non
1135 3585 1315 3640 habent
1340 3585 1418 3654 (l.
1444 3583 1619 3639 Thess.
1642 3584 1695 3640 4.
1720 3582 1831 3654 12).
1864 3582 1932 3640 Ει
1956 3599 2143 3639 rursus

559 3678 682 3731 alibi
718 3694 730 3729 :
764 3675 902 3747 Ergo
946 3678 1032 3747 qui
1074 3677 1386 3731 dormierunt
1428 3676 1482 3730 in
1523 3675 1756 3742 Christo,
1785 3676 2037 3745 perierunt
2063 3676 2140 3745 (1.

563 3768 682 3822 Cor.
712 3768 941 3839 15.18).
972 3768 1036 3822 Et
1061 3769 1251 3823 iterum
1281 3785 1294 3822 :
1328 3765 1441 3821 Nos
1464 3767 1549 3836 qui
1573 3749 1801 3834 vivimus,
1833 3766 1918 3837 qui
1954 3766 2143 3821 residui

560 3876 754 3922 smnus,
787 3876 887 3913 non
924 3859 1281 3928 prtereniemus
1307 3876 1389 3914 eos
1407 3861 1493 3928 qui
1517 3858 1827 3913 dormierunt
1850 3858 1896 3930 (l
1913 3897 1925 3911 .
1955 3858 2140 3913 Thess.

561 3954 614 4005 4.
644 3954 663 4004 i
687 3953 747 4021 i).
782 3951 846 4005 Et
874 3950 999 4006 alibi
1026 3966 1233 4007 rursum
1264 3969 1277 4005 :
1308 3950 1367 4005 Si
1392 3951 1527 4004 enim
1546 3951 1814 4016 credimus,
1837 3950 1971 4019 quod
1991 3948 2141 4004 Jesus

561 4054 784 4096 mortuus
804 4052 937 4097 estet
960 4044 1247 4104 resurrexit.
1272 4043 1343 4095 ita
1370 4052 1415 4096 et
1440 4041 1577 4097 Deus
1596 4060 1681 4097 eos
1700 4043 1785 4113 qui
1807 4042 2137 4109 dormierunt,

559 4134 773 4186 adducet
803 4150 916 4186 cum
944 4150 1000 4186 eo
1022 4130 1134 4204 (Ib.
1164 4151 1211 4187 υ.
1242 4134 1375 4203 13).

630 4225 683 4278 Ξ.
716 4224 919 4280 Videtis
962 4236 1185 4280 mortem
1227 4226 1421 4295 passim
1452 4225 1624 4280 vocari
1668 4225 2040 4280 domuitionem
2082 4235 2136 4281 et

560 4331 826 4384 somnum,
854 4325 908 4372 et
936 4332 1054 4372 eam
1082 4332 1201 4387 qua:
1228 4326 1381 4373 antea
1414 4317 1664 4373 terribilis
1689 4327 1822 4381 erat,
1853 4333 1993 4371 nunc
2016 4326 2139 4388 post

558 4409 1007 4465 resurrectionem
1056 4408 1208 4463 facile
1247 4409 1552 4463 contemni?
1602 4408 1759 4463 Vides
1801 4408 2138 4478 splendidum

558 4502 966 4557 resurrectionis
1010 4503 1312 4592 trepteum?
1356 4503 1460 4558 Per
1500 4502 1635 4557 hanc
1676 4502 1818 4557 enim
1864 4503 2140 4556 innumera

560 4592 715 4646 nobis
744 4593 880 4647 bona
906 4592 1241 4662 obtigerunt;
1281 4608 1376 4662 per
1413 4592 1551 4648 hanc
1591 4594 1891 4647 damtonum
1934 4594 2137 4648 fallacia

559 4685 731 4738 soluta
765 4692 876 4747 est;
928 4696 1023 4752 per
1067 4681 1204 4738 hanc
1242 4691 1466 4738 mortem
1511 4682 1822 4749 irridemus;
1866 4698 1959 4754 per
2004 4683 2141 4739 hanc

557 4782 877 4844 przesentem
909 4773 1068 4827 vitam
1094 4772 1500 4838 contemnimus,
1531 4788 1625 4842 per
1655 4774 1791 4828 hanc
1814 4775 1879 4828 ad
1932 4773 2138 4830 futuro-

560 4878 676 4918 rum
697 4863 1015 4918 desiderium
1037 4863 1356 4929 excitamur;
1385 4878 1479 4931 per
1504 4863 1640 4917 hanc
1657 4865 1780 4920 licet
1804 4880 2026 4934 corpore
2053 4867 2139 4921 in-

560 4954 808 5017 ditamur,
834 4952 999 5006 nihilo
1028 4952 1277 5007 inferiore
1304 4953 1609 5007 conditione
1636 4970 1838 5022 sumus,
1867 4970 2022 5025 quam
2056 4958 2137 5010 in—

557 5058 837 5115 corporea,
859 5044 904 5099 si
926 5054 1102 5099 tamen
1120 5045 1363 5099 velimus.
1387 5043 1555 5099 Hodie
1578 5047 1882 5113 prteclarum
1906 5047 2139 5102 victoria:

562 5136 885 5204 triumphum
922 5134 1127 5206 agimus
1159 5152 1171 5187 :
1203 5134 1360 5189 hodie
1401 5134 1655 5189 Dominus
1700 5147 1899 5205 noster,
1937 5146 2139 5209 tropmo

557 5237 744 5282 contra
771 5235 996 5282 mortem
1021 5236 1200 5283 erecto
1217 5269 1233 5294 ,
1268 5228 1650 5299 tyrannideque
1675 5228 1869 5283 diaboli
1898 5231 2095 5286 calcata
2120 5272 2136 5298 ,

561 5332 658 5385 per
695 5318 1134 5373 resurrectionem
1163 5319 1301 5373 viam
1338 5318 1490 5374 nobis
1527 5319 1594 5373 ad
1632 5319 1856 5375 salutem
1897 5323 2135 5377 munivit.

562 5409 761 5465 Omnes
804 5410 1027 5480 proinde
1068 5410 1425 5481 gaudeamus,
1454 5410 1780 5475 exsultemus
1799 5420 1855 5465 ot
1881 5412 2136 5468 laetemur.

564 5501 692 5556 Nam
716 5502 815 5557 etsi
838 5501 1089 5557 Dominus
1110 5502 1222 5573 ipse
1242 5502 1313 5556 sit
1332 5502 1421 5571 qui
1442 5502 1567 5557 vicit
1588 5511 1644 5559 et
1669 5512 1926 5573 tropaeum
1946 5506 2137 5566 erexit.

563 5594 859 5649 communis
881 5603 1055 5649 tamen
1083 5594 1281 5661 laetitia,
1302 5607 1585 5650 commune
1604 5595 1852 5665 gaudium
1874 5605 1976 5652 est.
2008 5594 2140 5653 Nam

567 5695 782 5755 propter
818 5695 1052 5741 nostram
1100 5690 1341 5742 salutem,
1367 5687 1542 5741 omnia
1584 5687 1709 5743 fecit
1742 5707 1754 5740 :
1787 5698 1842 5743 et
1888 5704 1983 5759 per
2022 5705 2143 5760 qua:

613 5777 688 5839 (a)
711 5775 818 5825 ltazc
834 5777 1002 5828 iisdem
1027 5790 1153 5840 pene
1174 5778 1337 5829 verbis
1358 5779 1512 5830 habes
1532 5792 1677 5843 supra
1697 5787 1828 5831 Tom.
1846 5779 1897 5842 2,
1916 5779 2010 5832 eoi.
2026 5780 2136 5833 396.

1345 359 1401 417 S.
1444 358 1719 417 JOANNIS
1754 349 2232 414 CHRYSOSTOMI
2278 352 2594 410 ARCHIEP.
2637 351 3176 410 CONSTANTINOP.

3749 353 3860 408 768

2265 463 2505 519 diabolus
2532 481 2630 521 nos
2658 466 2983 536 exnugtiavit
3002 507 3018 533 ,
3054 482 3151 536 per
3179 482 3241 522 ea
3268 480 3378 538 ipsa
3407 465 3654 521 Christus
3682 469 3859 537 ipsum:

2261 557 2548 624 Superavit.
2578 556 2656 611 Ea
2689 559 2797 627 ipsa
2826 574 2973 612 arma
2994 560 3217 629 accepit,
3245 575 3307 615 ac
3337 576 3433 629 per
3457 561 3645 616 eadem
3680 562 3860 631 ipsum

2262 648 2545 715 prostravit
2570 666 2585 703 :
2606 649 2877 718 quomodo
2903 659 3079 704 autem
3104 692 3119 717 ,
3160 651 3304 707 audi.
3345 652 3534 721 Virgo,
3570 652 3770 721 lignum
3800 662 3859 705 et

2262 750 2405 789 mors
2432 746 2628 791 nostra:
2649 737 2822 793 cladis
2849 737 3091 808 symbolo
3120 748 3290 793 erant.
3323 740 3534 794 Etenim
3564 741 3710 808 virgo
3735 751 3856 809 erat

2262 827 2367 882 Eva
2410 847 2422 881 :
2459 830 2689 884 nondum
2733 831 2877 885 enim
2918 830 3089 893 virum
3131 842 3367 897 noverat,
3396 832 3606 901 quando
3627 831 3855 886 seducta

2258 929 2372 982 cst;
2412 920 2607 990 lignum
2635 930 2752 975 erat
2789 922 2985 980 arbor:
3028 937 3175 977 mors
3202 923 3519 993 supplicium
3546 922 3615 976 de
3644 922 3856 977 Adamn

2257 1023 2544 1080 sumptum.
2575 1010 2758 1066 Viden’
2786 1012 3056 1081 quomodo
3077 1013 3245 1083 virgo,
3271 1014 3469 1084 lignum
3490 1022 3545 1068 ct
3570 1028 3715 1068 inors
3741 1014 3854 1068 cla-

2258 1099 2339 1155 dis
2369 1102 2520 1157 nobis
2547 1102 2787 1173 symbola
2815 1102 3041 1158 fuerint?
3073 1102 3191 1159 Jam
3223 1106 3341 1159 vide
3361 1105 3628 1175 quomodo
3654 1105 3851 1160 eadem

2258 1191 2370 1259 ipsa
2405 1192 2559 1247 nobis
2586 1193 2820 1249 victoriae
2846 1209 3007 1250 causa
3038 1196 3162 1250 sint.
3210 1196 3314 1251 Pro
3358 1198 3465 1251 Eva
3508 1196 3705 1263 Maria;
3747 1211 3852 1267 pro

2258 1281 2399 1351 ligno
2426 1284 2660 1339 scientiae
2684 1283 2808 1339 boni
2839 1295 2895 1340 et
2920 1284 3065 1352 mali,
3089 1286 3286 1355 lignmn
3317 1288 3524 1352 crucis;
3554 1303 3651 1357 pro
3672 1301 3852 1343 morte

2256 1374 2464 1435 Adaini,
2499 1388 2644 1428 mors
2683 1374 2911 1429 Domini.
2952 1375 3138 1430 Viden'
3169 1392 3290 1432 eum
3337 1377 3526 1433 iisdem
3569 1379 3732 1433 armis
3765 1379 3852 1433 vi—

2256 1465 2415 1528 cisse,
2447 1474 2500 1518 et
2529 1465 2714 1520 iisdem
2743 1465 3076 1536 proﬂigatum
3106 1468 3283 1523 esse?-
3306 1468 3409 1523 Per
3435 1470 3630 1537 lignum
3654 1470 3849 1526 diabo-

2257 1554 2337 1607 lus
2360 1556 2557 1609 vicerat
2579 1555 2862 1621 Adauunn,
2896 1570 2991 1625 per
3028 1571 3243 1612 crucem
3281 1558 3527 1613 Christus
3571 1559 3846 1614 diabolum

2256 1642 2554 1699 debellavit.
2585 1644 2651 1699 Et
2678 1646 2805 1700 illud
2833 1646 3045 1715 quidem
3062 1646 3129 1701 ad
3148 1646 3411 1702 infernum
3438 1650 3711 1714 mittebat;
3740 1650 3849 1706 hoc

2255 1745 2432 1792 autem
2455 1739 2627 1793 crucis
2658 1738 2857 1809 lignum
2887 1737 3165 1824 defunctos
3183 1756 3250 1796 ex
3283 1741 3491 1797 inferno
3520 1743 3805 1798 reducebat
3829 1762 3844 1797 :

2255 1829 2384 1885 illud
2423 1831 2572 1900 quasi
2607 1833 2873 1901 captivum
2910 1841 2966 1887 et
3004 1833 3204 1888 nudum
3248 1849 3370 1889 eum
3409 1836 3498 1905 qui
3546 1844 3848 1905 prostratus

2256 1922 2425 1978 fuerat
2445 1923 2759 1994 obtegebat;
2803 1924 2906 1980 hoc
2932 1934 3111 1981 autem
3140 1926 3397 1982 victorem
3426 1929 3622 1983 nudum
3649 1931 3700 1984 in
3731 1931 3847 1984 alto

2256 2013 2483 2068 defixum
2524 2016 2770 2070 omnibus
2804 2015 3141 2072 ostendebat.
3188 2017 3259 2073 Et
3300 2034 3446 2074 mors
3490 2021 3574 2075 illa
3620 2023 3842 2092 quidem

2255 2105 2399 2173 prior
2422 2120 2609 2161 omnes
2638 2107 2688 2160 in
2716 2107 3112 2163 damnationem
3140 2109 3413 2175 trahebat;
3442 2109 3556 2166 haec
3584 2128 3712 2168 vero
3741 2129 3845 2181 po-

2253 2197 2448 2251 sterior
2483 2198 2643 2252 etiam
2685 2212 2803 2264 eos,
2847 2198 2937 2269 qui
2979 2208 3104 2255 ante
3145 2215 3204 2256 se
3243 2201 3483 2269 fuerant,
3530 2206 3843 2261 suscitabat.

2258 2287 2384 2355 Quis
2427 2289 2654 2356 loquetur
2688 2293 2936 2359 potentias
2974 2288 3202 2359 Domini,
3230 2294 3435 2349 auditas
3477 2296 3625 2366 faciet
3666 2313 3845 2351 omnes

2253 2381 2427 2436 laudes
2461 2382 2570 2453 ejus
2606 2380 2777 2455 (Psal.
2807 2383 2928 2438 105.
2957 2383 3056 2453 2)?
3098 2384 3202 2439 Per
3239 2398 3468 2440 mortem
3512 2386 3843 2442 immortales

2254 2474 2373 2527 facti
2399 2488 2603 2541 sumus,
2631 2489 2728 2544 per
2755 2475 2960 2545 lapsum
3002 2479 3357 2544 surreximus,
3398 2494 3492 2548 per
3520 2478 3725 2534 cladem
3757 2480 3839 2533 vi—

2252 2576 2425 2622 ctores
2456 2568 2677 2623 fuimus.

2322 2658 2375 2713 5.
2425 2659 2550 2714 Haec
2577 2661 2751 2715 erucis
2780 2660 3031 2731 prmelara
3060 2675 3243 2731 opera,
3286 2663 3401 2718 hare
3430 2664 3716 2720 maximum
3750 2680 3840 2721 re-

2252 2752 2598 2807 surrectionis
2649 2763 3041 2823 argumentum.
3086 2755 3254 2810 Hodie
3293 2758 3463 2826 angeli
3504 2759 3697 2811 choros
3734 2758 3831 2812 du-

2253 2852 2399 2907 cunt,
2420 2856 2606 2897 omnes
2631 2844 2875 2899 cmlestes
2905 2846 3751 2918 virtutesexsulumtkgaudeutes
3771 2850 3841 2904 de

2251 2933 2519 2987 communi
2558 2933 2728 2989 salute
2766 2934 3038 2989 hominum
3076 2938 3309 3006 generis.
3353 2938 3483 2992 Nam
3525 2941 3570 2997 si
3613 2940 3680 2997 de
3727 2956 3839 2995 uno

2254 3031 2529 3091 peccatore
2559 3025 2920 3093 penitentiam
2949 3037 3135 3095 agente
3159 3029 3409 3098 gaudium
3436 3039 3515 3084 est
3540 3030 3592 3084 in
3622 3031 3754 3085 caelo
3781 3043 3839 3085 et

2250 3114 2302 3167 in
2337 3123 2472 3169 terra
2506 3114 2657 3184 (Luc.
2686 3117 2772 3172 15.
2805 3118 2879 3187 7),
2913 3119 3080 3174 multo
3106 3121 3271 3189 magis
3309 3120 3376 3175 de
3418 3120 3588 3175 salute
3630 3123 3835 3175 mundi.

2250 3205 2419 3262 Hodie
2449 3207 2731 3263 humanam
2760 3221 3022 3276 naturam,
3052 3227 3081 3265 a
3109 3212 3301 3267 diaboli
3332 3213 3607 3285 tyrannide
3636 3214 3836 3269 libera-

2250 3309 2383 3365 tam,
2404 3302 2468 3353 ad
2500 3302 2727 3369 priorem
2752 3302 3077 3358 nobilitatem
3102 3303 3331 3359 reduxit.
3360 3305 3490 3359 Cum
3514 3307 3656 3361 enim
3680 3306 3837 3361 video

2251 3389 2506 3457 primitias
2534 3406 2680 3446 meas
2718 3391 2785 3447 de
2826 3401 2997 3447 morte
3029 3394 3303 3449 victoriam
3335 3398 3600 3461 retulisse,
3629 3413 3733 3453 non
3766 3399 3838 3453 ti-

2251 3495 2403 3548 meo,
2436 3498 2541 3537 non
2580 3482 2774 3539 horreo
2806 3485 3038 3551 bellum;
3071 3501 3244 3556 neque
3271 3488 3633 3544 infirmitatem
3661 3506 3835 3547 meam

2249 3572 2552 3639 considero,
2580 3575 2672 3629 sed
2706 3575 3019 3630 immensam
3048 3578 3297 3633 virtutem
3328 3593 3423 3648 pro
3455 3596 3540 3635 me
3570 3593 3833 3651 pugnatu-

2250 3676 2364 3717 ram
2392 3664 2638 3734 respicio.
2667 3664 2797 3720 Nam
2820 3669 2908 3736 qui
2937 3670 3124 3724 mortis
3151 3671 3483 3741 tyrannidem
3504 3660 3725 3741 devicit,
3759 3685 3840 3728 to-

2252 3763 2466 3825 tamque
2493 3755 2634 3811 illius
2662 3757 2767 3812 vim
2796 3759 3030 3822 sustulit,
3059 3760 3184 3829 quid
3213 3762 3265 3815 in
3296 3774 3569 3831 posterum
3614 3781 3719 3820 non
3760 3770 3839 3821 ta-

2250 3859 2431 3904 cturus
2457 3858 2537 3905 est
2561 3866 2657 3919 pro
2681 3866 2875 3920 genere
2900 3868 3016 3918 suo,
3046 3855 3194 3923 cujus
3223 3854 3441 3910 formam
3470 3856 3539 3911 ob
3565 3858 3837 3929 ingentem

2249 3941 2584 3995 clementiam
2623 3958 2773 3997 suam
2818 3945 3063 4015 accipere
3100 3946 3345 4015 dignatus
3371 3958 3480 4015 est,
3510 3960 3563 4004 et
3591 3966 3687 4020 per
3715 3968 3836 4007 eam

2248 4043 2430 4088 contra
2459 4032 2726 4088 diabolum
2754 4036 2806 4089 in
2836 4050 3053 4090 arenam
3084 4036 3393 4093 descendit?
3440 4040 3607 4096 llodie
3643 4042 3837 4112 ubique

2248 4132 2510 4178 terrarum
2536 4126 2786 4194 gaudium
2818 4136 2872 4181 et
2909 4127 3089 4182 lictitia
3118 4139 3197 4184 est
3226 4130 3518 4198 spiritualis
3537 4133 3633 4201 (a).
3666 4132 3835 4189 liudie

2246 4226 2302 4272 et
2318 4219 2626 4289 angelorum
2652 4230 2839 4283 eteius,
2871 4228 2924 4275 et
2943 4222 3178 4276 omnium
3206 4237 3551 4292 supernorum
3580 4227 3832 4280 virtutum

2248 4310 2445 4364 chorus
2487 4323 2701 4381 propter
2743 4310 3018 4365 hominum
3064 4314 3288 4368 salutem
3315 4316 3602 4369 exsultant.
3651 4316 3833 4385 Cogita

2249 4402 2427 4473 igitur,
2475 4403 2699 4468 dilecte,
2741 4404 2915 4471 gaudii
2958 4406 3405 4475 magnitudinem,
3450 4406 3697 4477 quoniam
3744 4424 3836 4462 su-

2252 4511 2430 4564 perna:
2478 4511 2686 4566 quoque
2736 4506 3024 4567 p0testates
3073 4498 3265 4553 festum
3310 4500 3584 4555 nobiscum
3628 4513 3829 4572 agunt:

2250 4586 2584 4656 congaudent
2607 4588 3022 4658 quippcuostris
3045 4589 3220 4645 bouis.
3250 4590 3469 4646 Etiamsi
3496 4592 3636 4647 enim
3666 4598 3833 4663 gratia

2250 4678 2339 4732 iila
2385 4679 2591 4735 Domini
2640 4695 2736 4735 nos
2786 4684 2999 4750 proprie
3044 4683 3313 4751 respiciat,
3344 4684 3397 4738 in
3421 4693 3622 4755 partem
3654 4695 3833 4743 tamen

2249 4771 2423 4840 gaudii
2465 4771 2540 4826 illi
2576 4772 2817 4827 veniunt.
2862 4772 3218 4841 Quamobrem
3250 4790 3355 4829 non
3387 4776 3710 4832 erubescunt
3739 4795 3837 4833 no-

2254 4866 2454 4921 hiscum
2483 4866 2674 4921 festum
2697 4865 2989 4922 celebrare.
3024 4865 3089 4920 Et
3114 4866 3239 4936 quid
3260 4866 3401 4935 dico,
3425 4883 3714 4925 conservos
3741 4886 3838 4925 no-

2249 4967 2388 5013 stros
2417 4973 2521 5013 non
2557 4958 2872 5013 erubescere
2900 4958 3173 5013 nobiscum
3201 4958 3391 5014 festum
3422 4961 3734 5017 celebrare?
3758 4962 3839 5019 Ne

2251 5049 2505 5104 Dominus
2528 5049 2741 5119 quidem
2770 5058 2953 5104 noster
2976 5058 3031 5103 et
3056 5064 3241 5104 eorum
3275 5051 3501 5120 idipsum
3524 5067 3682 5123 agere
3710 5069 3838 5107 eru-

2251 5140 2438 5197 bescit.
2480 5141 2614 5208 Quid
2640 5141 2790 5208 dico,
2823 5157 2927 5195 non
2958 5140 3254 5197 erubescit?
3299 5143 3469 5197 Etiam
3508 5145 3842 5214 concupiscit

2252 5232 2528 5287 nobiscum
2554 5234 2743 5287 festum
2770 5232 3060 5287 celebrare.
3092 5232 3368 5288 Undenam
3395 5234 3444 5288 id
3473 5234 3673 5305 liquet?
3699 5236 3839 5292 Audi

2252 5324 2421 5393 ipsum
2449 5324 2713 5379 dicentem
2741 5342 2752 5376 :
2780 5324 3045 5379 Desiderio
3066 5324 3345 5379 desideraui
3363 5326 3454 5379 hoc
3479 5327 3665 5396 pascha
3694 5345 3842 5382 man-

2251 5417 2437 5470 ducare
2462 5417 2711 5470 vobiscum
2742 5416 2890 5488 (Luc.
2919 5417 3013 5472 22.
3043 5418 3132 5487 15)
3166 5435 3177 5471 :
3209 5420 3253 5473 si
3286 5418 3480 5487 pascha
3513 5419 3839 5476 manducare

2232 5506 2606 5575 desideravit,
2661 5510 2844 5578 utique
2873 5520 2928 5564 et
2970 5508 3163 5565 festum
3218 5509 3494 5566 nobiscum
3540 5512 3837 5568 celebrare.

2250 5601 2383 5656 Cum
2410 5616 2535 5672 ergo
2558 5601 2737 5658 videas
2765 5618 2869 5659 non
2906 5602 3126 5673 angelos
3157 5610 3361 5658 tantum
3387 5611 3440 5657 et
3468 5605 3705 5659 omnium
3732 5619 3838 5660 ca:-

2313 5714 2385 5777 (a)
2421 5721 2532 5780 Haec
2554 5714 2697 5779 longa
2718 5716 2849 5768 serie
2871 5716 3114 5768 habentur
3134 5727 3280 5780 supra
3301 5723 3448 5767 Tomo
3470 5716 3519 5778 Ξ,
3543 5716 3637 5768 col.
3663 5719 3758 5770 $56
3784 5726 3837 5772 et

2251 5778 2593 5835 sequentibus.
