4098 6440
244 380 348 436 769

251 489 463 544 testium
499 496 822 558 potestatum
848 495 1045 544 emtum
1069 529 1084 553 ,
1111 485 1206 543 sed
1236 486 1396 543 etiam
1427 485 1603 555 ipsum
1635 484 1854 554 angelo-

249 600 370 638 runt
399 584 686 639 Dominum
722 582 1002 638 nobiscum
1037 580 1234 637 festum
1263 594 1446 651 agere,
1476 577 1601 649 quid
1629 577 1725 633 tibi
1747 576 1859 649 jam

248 677 406 731 deest
447 675 513 730 ad
549 675 826 730 laetitiam?
849 673 1020 730 Nemo
1046 673 1117 728 ob
1137 681 1510 745 paupertatem
1540 668 1702 726 hodie
1727 683 1861 724 mte-

249 780 368 822 stns
393 777 512 824 esto
545 786 560 822 :
592 769 883 838 spiritualis
903 769 1102 838 quippe
1129 776 1214 823 est
1241 767 1546 822 celebritas.

326 859 514 914 Mensa
534 859 742 914 Domini
781 860 990 929 perinde
1015 874 1262 928 pauperes
1291 868 1441 928 atque
1465 857 1643 912 diuites
1667 856 1857 910 admit-

249 953 328 1003 tit.
356 981 427 990 -—
452 949 623 1005 Nemo
660 949 810 1004 dives
848 950 918 1004 ob
956 949 1262 1004 divitiarum
1291 947 1500 1018 copiam
1527 947 1814 1003 extollatur
1843 965 1858 1001 :

249 1046 384 1100 nihil
411 1045 554 1101 enim
593 1043 936 1113 pecuniarum
975 1044 1043 1098 ad
1088 1043 1191 1098 hoc
1237 1042 1433 1097 festum
1475 1041 1670 1097 afferre
1697 1040 1858 1095 valet.

251 1140 309 1194 In
339 1138 580 1193 externis
608 1138 805 1208 quippe
829 1136 1277 1200 solemnitatibus,
1320 1137 1408 1191 ubi
1453 1135 1620 1190 multa
1666 1149 1860 1203 pompa

249 1245 306 1287 et
354 1238 676 1300 apparatus,
729 1231 917 1300 ingens
960 1245 1165 1285 mensae
1207 1228 1408 1294 laatitia,
1433 1226 1555 1297 jure
1583 1239 1785 1296 pauper
1807 1224 1861 1278 in

251 1336 490 1376 maerore
524 1331 582 1375 et
621 1321 912 1386 anxietate,
946 1321 1097 1375 dives
1144 1320 1197 1373 in
1240 1319 1512 1388 voluptate
1556 1327 1612 1372 et
1657 1315 1859 1371 laetitia.

253 1412 472 1476 Quare?
514 1412 649 1482 Quia
685 1413 776 1468 ille
807 1412 1086 1482 splendida
1114 1419 1266 1467 veste
1293 1409 1558 1475 amicitur,
1586 1417 1642 1464 et
1667 1406 1862 1462 lautio-

251 1521 369 1561 rem
401 1519 642 1559 mensem
671 1506 926 1575 apponit;
959 1518 1163 1574 pauper
1184 1517 1314 1557 vero
1345 1502 1522 1571 inopia
1550 1499 1858 1569 impeditur,

250 1598 546 1666 quominus
569 1597 820 1652 eumdem
850 1597 1031 1650 luxum
1063 1604 1316 1651 ostentet.
1349 1594 1448 1650 llic
1478 1608 1610 1648 vero
1632 1592 1763 1646 nihil
1790 1591 1863 1646 si—

251 1688 419 1751 mile;
467 1686 563 1742 sed
609 1688 697 1742 illa
737 1688 915 1741 omnis
954 1687 1290 1756 inaequalitas
1323 1686 1513 1751 abest;
1541 1699 1648 1738 una
1677 1695 1864 1738 mensa

249 1777 404 1833 diviti
437 1788 494 1833 et
522 1777 765 1847 pauperi,
795 1792 954 1833 servo
978 1789 1033 1832 et
1061 1777 1251 1832 libero.
1290 1775 1349 1832 Si
1397 1775 1548 1832 dives
1585 1776 1681 1839 sis,
1728 1772 1865 1828 nihil

251 1870 380 1941 plus
418 1869 640 1925 habebis
678 1885 837 1940 quam
879 1884 1111 1939 pauper;
1163 1869 1208 1922 si
1253 1881 1473 1937 pauper,
1519 1866 1648 1921 nihil
1688 1867 1866 1923 minus

253 1979 417 2034 quam
438 1963 590 2019 dives
622 1979 640 2018 :
667 1973 1088 2033 nequepropter
1114 1962 1395 2032 penuriam
1414 1961 1709 2033 spiritualis
1737 1977 1868 2019 con-

253 2059 382 2114 vivii
412 2058 616 2113 lautitia
644 2057 902 2112 minuitur
927 2074 940 2110 :
971 2057 1149 2111 divina
1175 2057 1374 2128 quippe
1398 2057 1568 2129 gratia
1598 2065 1718 2125 est,
1745 2072 1867 2127 quae

255 2164 612 2220 personarum
662 2148 950 2203 discrimen
992 2164 1101 2202 non
1149 2149 1389 2218 respicit.
1439 2148 1509 2203 Et
1549 2149 1677 2220 quid
1717 2149 1863 2215 dico,

253 2242 504 2297 eamdem
545 2241 762 2312 pauperi
806 2248 863 2296 et
897 2239 1048 2295 diviti
1084 2241 1279 2312 apponi
1304 2242 1588 2296 mensam?
1613 2240 1680 2296 Ei
1704 2241 1867 2296 etiam

254 2335 345 2402 qui
378 2332 684 2387 diademate
708 2332 990 2388 redimitur
1008 2341 1062 2388 et
1084 2347 1315 2403 purpura
1335 2333 1582 2398 vestitur,
1607 2343 1768 2404 atque
1789 2342 1870 2387 to-

256 2426 365 2480 tius
389 2425 538 2480 orbis
566 2425 851 2496 imperium
880 2423 1165 2490 obtinenti,
1190 2433 1246 2479 et
1273 2424 1498 2496 pauperi
1525 2423 1593 2480 ad
1619 2423 1860 2480 eleemo-

257 2531 449 2587 synam
487 2516 734 2582 sedenti,
778 2531 881 2570 una
925 2515 1215 2586 apponitur
1241 2532 1452 2573 mensa.
1497 2515 1645 2572 Talia
1671 2517 1870 2587 quippe

258 2617 388 2664 sunt
417 2608 561 2663 dona
591 2609 918 2680 spiritualia;
967 2624 1081 2664 non
1121 2609 1472 2680 dignitatibus
1497 2625 1686 2665 eorum
1715 2625 1871 2665 com-

259 2703 558 2757 municatio
578 2742 594 2767 ,
626 2702 720 2757 sed
750 2703 1009 2757 voluntati
1040 2711 1094 2758 et
1127 2703 1401 2774 proposito
1435 2701 1709 2758 tribuitur.
1757 2703 1867 2758 Ea-

262 2795 389 2849 dem
423 2793 649 2859 fiducia,
686 2794 875 2849 eodem
923 2794 1130 2851 honore
1165 2793 1465 2865 imperator
1490 2804 1545 2850 et
1576 2810 1778 2865 pauper
1803 2793 1871 2848 ad

264 2901 421 2940 usum
451 2894 504 2939 et
538 2885 995 2954 participationem
1035 2884 1339 2941 divinorum
1372 2887 1753 2956 mysteriorum
1782 2901 1874 2940 ac-

263 2978 484 3034 cedunt.
531 2975 600 3030 Et
638 2976 763 3046 quid
791 2977 934 3043 dico,
971 2977 1163 3033 eodem
1194 2977 1436 3033 honore?
1477 2977 1635 3049 Saepe
1671 2993 1877 3051 pauper

263 3085 391 3127 cum
428 3069 619 3142 majori
649 3069 861 3125 fiducia.
910 3070 1122 3138 Quare?
1161 3069 1422 3138 Quoniam
1451 3068 1746 3140 Imperator
1775 3087 1873 3127 ne-

263 3163 534 3234 gotiorum
577 3163 721 3217 curis
755 3161 1040 3228 distentus,
1069 3170 1127 3217 et
1169 3176 1391 3217 casuum
1428 3160 1730 3233 frequentia
1768 3164 1875 3218 cir-

265 3254 574 3319 cumdatus,
600 3253 752 3324 quasi
781 3255 832 3308 in
855 3253 988 3308 mari
1011 3268 1257 3321 versans,
1279 3254 1358 3308 sic
1379 3253 1613 3324 undique
1629 3255 1876 3324 ingruen-

267 3346 415 3402 tibus
461 3344 712 3401 lluctibus
751 3346 1000 3414 agitatur,
1032 3352 1088 3401 et
1117 3347 1352 3415 peccatis
1381 3345 1564 3400 multis
1603 3344 1873 3408 foedatur;

269 3453 478 3509 pauper
516 3447 695 3493 autem
740 3438 806 3492 iis
851 3436 1156 3508 expeditus,
1199 3438 1375 3507 deque
1416 3437 1533 3492 solo
1569 3440 1878 3493 necessario

270 3530 530 3585 alimento
555 3530 837 3597 sollicitus,
870 3528 1100 3600 negotiis
1125 3544 1349 3584 vacuam
1377 3538 1431 3584 et
1450 3530 1686 3599 quietam
1714 3531 1876 3584 vitam

271 3623 502 3689 ducens,
529 3623 680 3693 quasi
719 3622 771 3678 in
812 3632 968 3692 portu
1004 3631 1062 3676 et
1099 3623 1152 3677 itt
1196 3621 1482 3691 tranquillo
1509 3623 1629 3678 loco
1657 3622 1878 3691 sedens,

273 3733 395 3773 cum
423 3718 586 3772 multa
611 3717 808 3787 pietate
831 3717 900 3773 ad
917 3733 1161 3773 mensam
1192 3718 1390 3774 adstat.

344 3812 400 3867 ι.
428 3810 618 3882 Neque
647 3825 776 3867 vero
804 3811 929 3868 inde
956 3813 1155 3880 solum,
1187 3814 1281 3868 sed
1310 3814 1472 3870 etiam
1499 3812 1717 3870 aliunde
1741 3828 1881 3870 mm-

275 3904 415 3961 roris
438 3889 750 3960 5ccasiones
779 3903 1074 3960 oﬂ'eruntur
1095 3906 1160 3960 iis
1182 3907 1272 3975 qui
1298 3908 1576 3962 saecularia
1613 3907 1745 3962 festa
1771 3907 1880 3963 fre-

275 4006 557 4067 quentant.
585 3995 697 4052 Illic
721 3998 865 4057 enim
893 4012 1102 4052 rursum
1139 4013 1342 4068 pauper
1371 3997 1422 4052 in
1454 3999 1687 4064 tristitia,
1731 3999 1882 4054 dives

278 4090 330 4144 in
356 4090 554 4161 gaudio
580 4090 710 4160 agit,
743 4105 848 4144 non
882 4098 1087 4144 tantum
1113 4091 1184 4144 ob
1225 4106 1462 4145 mensam
1510 4091 1882 4162 ejusquelau-

278 4183 470 4248 titiam,
499 4182 595 4238 sed
617 4184 776 4237 etiam
802 4184 873 4238 ob
902 4184 1220 4238 vestimenta
1247 4184 1546 4254 Splendida,
1574 4193 1627 4238 ct
1656 4188 1885 4240 amictus

279 4277 662 4346 praestantiam.
690 4276 842 4345 Quod
868 4286 1090 4348 propter
1117 4293 1378 4341 mensam,
1401 4278 1630 4347 idipsum
1664 4290 1886 4348 propter

280 4368 606 4423 vestimenta
663 4369 954 4438 patiuntur.
1010 4368 1146 4423 Cum
1193 4384 1397 4440 pauper
1441 4369 1659 4424 divitem
1690 4372 1887 4426 vestitu

279 4461 573 4532 fulgentem
598 4460 762 4528 videt,
786 4461 976 4518 dolore
1024 4464 1315 4528 cruciatur,
1357 4478 1417 4518 se
1464 4463 1720 4518 miserum
1769 4465 1886 4519 exi-

277 4555 484 4618 stimat,
502 4562 560 4609 et
579 4554 631 4608 in
661 4553 939 4608 maledicta
962 4554 1214 4622 erumpit.
1235 4554 1368 4609 Hinc
1382 4563 1559 4610 autem
1580 4553 1886 4625 hujusmodi

281 4660 485 4701 mazror
539 4645 847 4701 eliminatur
879 4664 891 4700 :
927 4662 1032 4702 una
1077 4647 1276 4719 quippe
1311 4647 1562 4702 omnibus
1611 4648 1778 4702 vestis
1807 4655 1891 4702 est

279 4739 516 4794 salutare
546 4736 916 4792 indumentum
943 4756 956 4792 :
985 4738 1181 4793 clamat
1209 4739 1407 4808 quippe
1428 4739 1625 4793 Paulus
1657 4738 1740 4793 his
1767 4755 1891 4795 ver-

279 4829 362 4883 bis
393 4847 407 4883 :
441 4827 759 4899 Quicumque
798 4828 852 4882 in
879 4827 1136 4883 Christum
1157 4829 1400 4900 baptizatt‘
1438 4830 1577 4896 estis,
1631 4828 1891 4884 Christum

281 4921 521 4975 induisti:
564 4918 708 4990 (Gal.
738 4921 794 4976 5.
823 4920 893 4974 27
928 4919 970 4991 ).
999 4919 1078 4975 Ne
1108 4921 1288 4992 igitur,
1321 4936 1528 4992 quzeso,
1585 4922 1893 4991 hujusmodi

283 5013 480 5070 festum
517 5011 959 5089 dehonestemus,
1004 5012 1099 5068 sed
1135 5013 1298 5084 digno
1347 5014 1512 5069 animi
1562 5028 1722 5069 sensu
1771 5030 1892 5080 qute

284 5107 442 5160 nobis
467 5106 608 5160 dona
639 5117 668 5159 a
694 5105 873 5160 divina
919 5105 1089 5176 gratia
1125 5105 1316 5161 collata
1347 5113 1501 5171 sunt,
1544 5107 1893 5175 accipiamus.

287 5198 365 5255 Ne
386 5199 635 5255 ebrietati
665 5208 720 5254 et
747 5200 885 5270 gula:
914 5214 1014 5255 nos
1043 5199 1325 5265 dedamus;
1355 5199 1448 5255 sed
1480 5201 1691 5255 Domini
1722 5201 1893 5256 nostri

287 5290 708 5346 munificentiam
738 5290 1017 5345 nobiscum
1071 5299 1404 5361 reputantes,
1461 5292 1603 5361 quod
1647 5293 1898 5348 videlicet

289 5384 401 5452 pari
456 5389 664 5440 honore
707 5384 903 5439 divites
947 5394 1001 5440 et
1045 5399 1329 5455 pauperes.
1375 5399 1561 5441 servos
1596 5395 1649 5440 et
1699 5387 1896 5442 liberos

289 5475 556 5540 habuerit,
580 5485 634 5530 et
659 5491 947 5531 commune
976 5477 1226 5532 omnibus
1268 5477 1467 5533 donum
1499 5477 1766 5545 effuderit,
1800 5481 1895 5534 be-

291 5569 521 5623 neficum
555 5569 702 5623 illum
730 5569 948 5640 paribus
970 5585 1378 5625 remuneremur
1392 5569 1606 5637 officiis,
1636 5573 1704 5628 ob
1729 5573 1897 5628 benc-

291 5661 581 5716 voientiam
623 5677 782 5733 quam
823 5662 1068 5717 exhibuit
1128 5663 1283 5720 nobis
1317 5679 1332 5728 ;
1375 5679 1677 5735 congruens
1719 5676 1896 5721 autem

296 5766 490 5808 munus
513 5753 672 5811 fuerit
694 5755 816 5810 vita:
840 5755 1140 5811 institutum
1168 5757 1266 5826 ipsi
1287 5758 1562 5829 placitum,
1582 5761 1902 5832 animusque

298 5846 521 5918 vigilans
542 5858 596 5906 ct
621 5847 925 5926 expeditus.
949 5848 1061 5908 lloc
1100 5847 1320 5920 festum,
1340 5850 1454 5910 haec
1481 5850 1766 5911 celebritas
1795 5870 1896 5909 non

1492 367 1722 426 HOMIL
1766 366 1831 424 1N
1870 365 2192 424 SANCTUM
2233 365 2522 423 PASCHA.

3479 369 3594 425 770

1976 485 2235 553 pecuniis,
2281 498 2388 538 non
2419 482 2723 552 sumptibus
2753 491 2892 553 eget,
2945 483 3043 540 sed
3075 483 3351 554 pt-Oposite
3380 491 3583 539 tantum

1971 584 2024 630 et
2070 590 2201 645 pura
2230 582 2432 630 mente.
2461 573 2602 629 Nihil
2631 573 2719 628 hic
2747 589 3069 644 corporeum
3114 577 3222 631 emi
3252 584 3448 645 potest,
3487 581 3583 633 sed

1970 667 2151 722 omnia
2199 667 2542 738 spiritualiaJ:
2569 669 2904 738 eloquiorum
2945 670 3216 735 doctrina,
3263 685 3456 740 preces
3488 688 3586 741 pa-

1972 768 2137 826 trum,
2161 759 2462 815 benedictio
2483 760 2846 827 sacerdotum,
2866 761 3175 817 divinorum
3195 772 3586 819 etarcanorum

1969 853 2354 924 mysteriorum
2392 853 2725 918 communio,
2754 868 2858 923 pax
2885 865 2942 909 et
2979 854 3294 922 concordia,
3321 863 3378 909 et
3425 854 3588 924 spiri-

1973 943 2137 999 tualia
2165 943 2327 1010 dona,
2359 944 2520 1015 digna
2572 943 2843 1016 largitoris
2885 945 3274 1000 munificentia.
3330 946 3590 1002 Celebre-

1971 1049 2092 1091 mus
2120 1035 2281 1106 igitur
2303 1035 2404 1091 hoc
2434 1037 2649 1100 festum,
2682 1036 2735 1091 in
2762 1051 2870 1106 quo
2885 1037 3119 1091 surrexit
3141 1037 3424 1092 Dominus.
3453 1036 3583 1093 Sur.

1970 1127 2292 1195 rexitenim,
2315 1136 2369 1182 et
2395 1127 2585 1182 orbem
2604 1141 2789 1182 secum
2814 1126 3115 1182 suscitavit.
3154 1127 3221 1183 Et
3246 1127 3338 1183 ille
3365 1127 3598 1200 quidem,

1972 1221 2226 1286 surrexit,
2278 1221 2470 1275 mortis
2491 1221 2720 1276 vinculis
2746 1221 3007 1291 disruptis
3037 1240 3050 1276 :
3079 1236 3178 1277 nos
3205 1230 3386 1277 autem
3417 1223 3589 1278 susci-

1975 1314 2123 1376 tavit,
2155 1322 2503 1384 peccatorum
2530 1323 2840 1368 nostrorum
2863 1313 3072 1368 catenis
3103 1312 3314 1368 solutis.
3338 1313 3608 1370 Peccavit.

1971 1408 2166 1474 Adam,
2189 1417 2240 1463 et
2272 1419 2516 1462 mortuus
2531 1415 2646 1474 est;
2668 1405 2916 1462 Christus
2947 1421 3054 1462 non
3083 1408 3346 1478 peccavit,
3366 1416 3422 1463 et
3444 1423 3590 1464 mors

1974 1509 2097 1555 tuus
2119 1509 2220 1554 est.
2245 1498 2353 1554 Res
2379 1514 2516 1553 nova
2546 1507 2602 1554 et
2627 1498 2914 1570 singularis
2940 1517 2952 1553 :
2978 1498 3067 1554 ille
3093 1500 3356 1569 peccavit,
3374 1508 3590 1555 etmor-

1973 1599 2099 1645 tuus
2121 1599 2207 1645 est
2231 1608 2244 1654 ;
2278 1589 2366 1645 hic
2389 1606 2493 1645 non
2520 1590 2784 1661 peccavit,
2812 1600 2867 1644 et
2888 1598 3132 1644 mortuus
3148 1600 3251 1646 est.
3275 1589 3387 1647 Cur
3410 1599 3466 1647 et
3485 1607 3592 1661 qua

1973 1681 2042 1737 de
2064 1682 2272 1736 causa?
2303 1680 2372 1737 Ut
2400 1683 2490 1751 qui
2520 1681 2763 1751 peccavit
2810 1691 2866 1738 et
2923 1691 3173 1737 mortuus
3203 1690 3309 1750 est,
3338 1698 3436 1752 per
3463 1698 3590 1739 eum

1973 1775 2066 1846 qui
2097 1791 2202 1830 non
2239 1776 2558 1848 peccavitet
2583 1784 2829 1830 mortuus
2853 1785 2952 1841 est,
2990 1785 3172 1845 posset
3193 1790 3222 1829 a
3254 1777 3447 1831 mortis
3465 1757 3589 1831 iiu-

1973 1868 2110 1923 culis
2142 1867 2380 1922 liberari.
2410 1867 2485 1920 ita
2515 1881 2730 1938 quoque
2757 1883 2902 1938 stepe
2941 1867 2994 1922 in
3021 1867 3352 1939 pecuniariis
3386 1868 3600 1924 debitis.

1977 1957 2094 2014 fieri
2124 1959 2262 2014 solet
2297 1978 2310 2014 :
2367 1958 2529 2014 debet
2558 1960 2824 2030 quiSpiam
2855 1960 3017 2015 alicui
3046 1969 3349 2030 argentum,
3384 1970 3440 2016 et
3475 1961 3590 2015 sol-

1974 2066 2104 2106 vere
2135 2051 2339 2121 nequit,
2372 2051 2602 2121 ideoque
2633 2050 3059 2122 apprehenditur
3093 2071 3104 2105 :
3138 2052 3276 2107 alius
3304 2067 3435 2108 vero
3456 2053 3593 2109 nihil

1974 2141 2200 2210 debetis,
2228 2142 2320 2213 qui
2345 2142 2606 2197 solvendo
2624 2157 2723 2212 par
2767 2149 2906 2209 erat,
2934 2153 3216 2199 numerata
3240 2145 3470 2214 pecunia
3498 2145 3594 2201 de-

1976 2234 2206 2289 bitorem
2249 2248 2278 2286 a
2331 2233 2565 2300 vinculis
2616 2232 2885 2288 liberavit.
2940 2231 3073 2288 Tale
3119 2233 3392 2304 quidpiam
3457 2237 3599 2291 inter

1976 2324 2244 2380 Adamum
2266 2333 2322 2380 et
2339 2324 2616 2380 Christum
2645 2325 2972 2380 intercessit.
2997 2323 3238 2380 ﬁdamus
3257 2325 3600 2382 eratdebitor

1979 2424 2037 2472 et
2053 2417 2209 2471 morti
2237 2417 2520 2482 obnoxius,
2556 2425 2614 2472 et
2649 2417 2978 2472 detinebant.
3011 2433 3040 2471 a
3063 2417 3316 2478 dialmlo:
3351 2417 3600 2474 Christus

1979 2531 2079 2572 nec
2100 2515 2351 2581 debebat,
2378 2530 2477 2571 nec
2498 2514 2841 2570 detinebatur
2868 2532 2882 2568 :
2914 2515 3061 2569 venit
3080 2524 3260 2570 tamen
3282 2522 3338 2569 et
3357 2513 3598 2569 debitum

1981 2609 2174 2663 mortis
2215 2608 2452 2678 explevit
2503 2622 2603 2678 pro
2648 2623 2712 2662 eo
2739 2608 2832 2679 qui
2869 2607 3213 2662 detinebatur
3258 2616 3317 2662 ut
3364 2607 3515 2662 illum
3566 2624 3598 2663 ει

1979 2700 2170 2755 mortis
2207 2699 2438 2755 vinculis
2488 2700 2766 2755 liberaret.
2813 2697 3065 2754 Vidistin‘
3119 2699 3381 2768 praeclara
3419 2713 3604 2754 resur-

1981 2791 2238 2847 rectionis
2284 2790 2488 2861 opera?
2521 2790 2760 2846 vidistin‘
2799 2790 3014 2845 Domini
3057 2788 3489 2861 benignitatem?
3517 2792 3600 2846 vi-

1981 2883 2161 2940 distin’
2189 2885 2613 2954 magnitudinem
2639 2884 3036 2956 providentia}?

2057 2973 2209 3030 Cibus
2227 2976 2598 3030 immoderatus
2620 2975 2876 3030 vitandus.
2895 3005 2965 3016 —-
2985 2975 3066 3032 Ne
3089 2976 3269 3048 itaque
3285 2978 3456 3034 simus
3475 2993 3604 3050 erga

1985 3075 2092 3121 tam
2128 3067 2429 3124 beneficum
2470 3069 2686 3139 ingrati,
2720 3083 2893 3140 neque
2923 3065 3048 3141 quia
3078 3070 3341 3141 jejunium
3384 3081 3606 3142 praeter-

1985 3158 2101 3227 ivit,
2148 3160 2426 3230 segniores
2451 3161 2782 3227 evadamus;
2813 3161 2907 3217 sed
2936 3178 3080 3218 nunc
3128 3164 3390 3234 majorem
3438 3180 3602 3235 quam

1985 3251 2214 3306 antehac
2269 3253 2464 3307 anima:
2519 3261 2720 3308 nostra:
2765 3252 3188 3310 sollicitudinem
3235 3271 3509 3326 geramus,
3538 3273 3606 3313 ne

1984 3343 2225 3414 saginata
2254 3359 2420 3401 carne
2467 3345 2648 3400 anima
2679 3344 2944 3402 infirmior
2969 3348 3061 3416 sit,
3108 3363 3178 3403 ne
3219 3349 3473 3404 ancillam
3502 3364 3603 3405 cu-

1984 3447 2190 3504 rantes,
2235 3436 2508 3493 dominam
2563 3439 2918 3510 negligamus.
2948 3439 3080 3508 Quae
3124 3442 3353 3508 utilitas,
3387 3458 3595 3511 quaeso,

1986 3529 2031 3583 si
2062 3529 2216 3584 obesi
2268 3528 2648 3601 dirumpamur
2700 3541 2756 3586 et
2799 3532 3019 3590 modum
3052 3532 3427 3590 excedamus?
3467 3536 3604 3590 llinc

1987 3621 2133 3677 enim
2164 3631 2219 3678 et
2256 3637 2451 3693 corpus
2483 3621 2864 3692 labefactatur,
2910 3635 2967 3682 et
3010 3627 3190 3682 anima
3224 3627 3459 3685 laeditur.
3495 3629 3603 3685 Sed

1988 3724 2198 3771 tantum
2241 3731 2521 3773 sumamus
2554 3728 2811 3789 quantum
2845 3720 3147 3776 necessitas
3173 3723 3427 3791 postulat,
3472 3732 3532 3778 ut
3553 3733 3618 3781 et.

1988 3807 2184 3863 anima:
2200 3817 2255 3863 et
2282 3809 2497 3880 corpori
2524 3819 2782 3879 quantum
2806 3813 3061 3866 convenit
3103 3812 3424 3882 tribuamus,
3449 3830 3516 3869 ne
3544 3829 3617 3870 ea

1990 3913 2110 3968 qure
2156 3914 2224 3954 ex
2248 3899 2454 3970 jejunio
2473 3899 2890 3970 eollegeramus,
2917 3900 3199 3957 confestim
3243 3903 3610 3960 eii‘undamus.

1994 3993 2147 4046 Anne
2175 3990 2438 4061 prohibeo
2479 3992 2585 4048 cibi
2623 4003 2678 4049 et
2727 3994 3077 4049 recreationis
3105 3996 3306 4051 usum?
3345 3995 3462 4051 Non
3487 4013 3611 4067 pro-

1993 4083 2173 4150 hibeo,
2205 4084 2458 4155 inquam;
2507 4085 2603 4141 sed
2647 4086 2837 4141 hortor
2862 4096 2921 4142 ut
2949 4089 3327 4145 necessitatem
3357 4106 3426 4146 ne
3450 4106 3612 4147 exceo

1994 4177 2206 4245 damus,
2231 4179 2559 4249 nimiamque
2583 4180 2914 4251 voluptatem
2939 4197 3268 4250 resecemus,
3295 4201 3362 4240 ne
3387 4185 3609 4241 modum

1994 4269 2354 4335 excedentes,
2403 4272 2597 4325 animae
2636 4273 2926 4328 sanitatem
2971 4273 3374 4330 labefactemus.
3425 4277 3613 4348 Neque

1995 4361 2142 4416 enim
2182 4361 2460 4432 voluptate
2510 4363 2718 4418 fruetur
2772 4365 2863 4419 ille
2889 4366 2978 4435 qui
3016 4368 3358 4423 necessitatis
3415 4369 3615 4426 limites

1996 4455 2326 4524 praeteribit;
2357 4455 2518 4526 idque
2539 4456 2740 4525 optime
2770 4458 2948 4512 sciunt
2978 4458 3055 4512 illi
3086 4460 3177 4529 qui
3201 4460 3278 4515 rei
3311 4461 3611 4530 periculum

1997 4546 2244 4602 fecerunt
2276 4567 2289 4602 :
2313 4548 2626 4604 innumeras
2652 4549 2794 4604 enim
2817 4550 2919 4605 sibi
2947 4552 3260 4608 morborum
3286 4556 3495 4625 species
3524 4573 3631 4626 pe~

1999 4650 2275 4710 pererunt,
2309 4642 2609 4712 ingensque
2640 4652 2768 4698 sunt
2815 4643 3088 4700 fastidium
3111 4649 3376 4716 perpessi.
3411 4648 3613 4705 Verum

2000 4749 2106 4789 non
2141 4734 2352 4803 dubito,
2381 4737 2508 4805 quin
2549 4735 2945 4794 hortationibus
2972 4741 3108 4794 meis
3138 4755 3343 4796 morem
3372 4745 3574 4814 geratis
3599 4764 3613 4801 :

1999 4827 2126 4881 novi
2154 4828 2297 4882 enim
2328 4843 2490 4898 quam
2521 4829 2880 4899 obsequentes
2908 4831 3045 4885 sitis.

2073 4921 2130 4976 5.
2153 4920 2515 4988 Quamobrem
2529 4921 2617 4978 hic
2633 4922 2792 4979 finem
2809 4923 3059 4979 hortandi
3085 4923 3616 4986 facienssermonem

2003 5024 2322 5068 convertere
2375 5013 2505 5069 libet
2557 5013 2626 5070 ad
2677 5030 2794 5079 eos,
2848 5017 2940 5087 qui
2972 5017 3028 5071 in
3077 5017 3178 5074 hac
3207 5019 3430 5078 lucifera
3457 5033 3622 5079 nocte

2003 5109 2148 5161 dono
2192 5105 2365 5161 tdivini
2405 5105 2742 5176 baptismatis
2771 5107 3166 5178 dignatisunt;
3195 5110 3260 5165 ad
3293 5112 3389 5167 has
3420 5130 3620 5186 nempe

2005 5199 2256 5268 pulchras
2295 5198 2555 5255 Ecclesiae
2609 5200 2866 5270 plant:ts,,
2895 5201 3155 5257 adllores
3183 5204 3514 5272 Spirituales,
3546 5210 3616 5264 ad

2006 5309 2176 5348 novos
2195 5292 2393 5349 Christi
2423 5293 2640 5348 milites.
2689 5293 3087 5353 Nudiustertius
3138 5297 3382 5353 Christus
3419 5301 3625 5370 pende-

2007 5371 2179 5441 bat'in
2227 5387 2421 5452 Cruce,
2465 5385 2564 5440 sed
2607 5402 2750 5441 nunc
2798 5389 3132 5454 resurrexit;
3165 5390 3358 5444 eodem
3406 5408 3624 5463 quoque

2009 5477 2171 5532 modo
2228 5477 2281 5532 hi
2341 5477 2730 5534 nudiustertius
2792 5492 2822 5531 a
2902 5489 3124 5548 peccato
3195 5481 3631 5554 detinebantur,

2009 5571 2104 5626 sed
2161 5586 2304 5629 nunc
2352 5586 2474 5625 cum
2521 5570 2738 5626 Christo
2779 5583 3230 5639 resurrexerunt;
3265 5576 3354 5631 ille
3389 5591 3624 5648 corpore

2009 5676 2254 5720 mortuus
2294 5673 2377 5720 est
2429 5675 2483 5719 et
2542 5665 2856 5732 resurrexit,
2901 5665 2953 5719 hi
3001 5681 3098 5735 per
3147 5678 3428 5737 peccatum
3474 5687 3619 5726 mor-

2014 5760 2088 5814 ttti
2134 5766 2371 5814 erantet
2418 5771 2448 5812 a
2492 5767 2717 5830 peccato
2764 5769 3196 5816 resurrexerunt.
3231 5761 3398 5818 Terra
3448 5767 3626 5834 itaque

2017 5851 2118 5910 hoc
2170 5861 2412 5920 tempore
2464 5851 2606 5910 veris
2645 5865 2840 5922 rosas,
2892 5852 3000 5910 lilia
3028 5864 3082 5911 et
3127 5854 3264 5914 alios
3319 5857 3474 5916 nobis
3526 5858 3624 5918 lic-
