4098 6432
501 386 598 442 ττι

500 516 585 555 res
641 494 841 568 profert
883 510 896 548 :
938 505 1088 561 aqua:
1139 495 1316 542 autem
1371 483 1532 539 hodie
1571 483 1686 552 ipsa
1733 492 1873 536 terra
1931 479 2088 547 longe

499 589 761 645 ammaius
822 585 972 639 nobis
1033 587 1241 651 pratum
1296 578 1605 633 ostendunt.
1661 574 1772 629 Nec
1829 571 2039 627 mireris
2069 611 2085 635 ,

498 685 712 747 dilecte,
764 678 808 734 si
859 694 923 732 ex
973 675 1125 745 aquis
1149 683 1299 744 prata
1338 670 1559 725 ﬂoribus
1601 667 1851 724 distincta
1881 663 2092 734 prodie-

496 777 603 832 rint
621 771 698 848 (a)
723 791 736 827 :
757 783 927 842 neque
941 768 1084 825 enim
1107 775 1251 822 terra
1261 764 1328 820 ab
1345 763 1498 818 initio
1517 761 1809 817 secundum
1825 756 2090 828 propriam

497 886 524 901 -·
574 847 744 924 'uram
799 863 1083 920 herbarum
1132 857 1368 929 germina
1410 853 1686 919 fundebat,
1730 851 1826 907 sed
1876 847 2090 904 Domini

565 961 660 1016 ssit
709 958 955 1028 imperio.
988 953 1122 1025 Ipsa!
1174 966 1328 1020 aqua:
1356 959 1482 1004 tunc
1522 955 1670 1002 motu
1724 943 1945 1015 praedita
1971 941 2090 996 ani-

495 1051 655 1110 malia
679 1050 980 1122 produxere
999 1060 1119 1101 cum
1141 1042 1415 1097 audissent
1437 1057 1451 1094 :
1471 1037 1771 1092 Producant
1797 1050 1945 1104 aquae
1963 1050 2086 1101 rep-

499 1146 610 1200 tilia
635 1143 922 1198 animarum
949 1137 1216 1193 viventium
1248 1132 1399 1204 (Gen.
1422 1131 1477 1186 1.
1503 1129 1597 1202 20)
1630 1148 1644 1184 :
1674 1142 1738 1183 ac
1767 1137 2092 1197 praeceptum

497 1236 553 1292 in
578 1246 714 1304 opus
737 1231 865 1288 exiit
897 1248 911 1283 :
936 1229 1223 1284 inanimata
1247 1222 1541 1279 substantia
1555 1221 1676 1274 viva
1691 1217 1936 1274 animalia
1966 1229 2094 1286 pro-

495 1327 638 1380 tulit.
665 1325 742 1378 ita
772 1337 915 1378 nunc
949 1333 1162 1389 quoque
1205 1314 1335 1370 illud
1362 1314 1536 1384 ipsum
1563 1319 1886 1382 praeceptum
1913 1305 2093 1362 omnia

495 1422 772 1484 operatum
795 1420 897 1467 est.
920 1409 1069 1464 Tunc
1087 1405 1240 1469 dixit,
1276 1403 1571 1458 Producant
1596 1416 1740 1470 aqua:
1751 1399 1954 1468 reptilia
1977 1398 2092 1448 ani-

500 1519 699 1558 marum
727 1499 1038 1558 viventium:
1065 1509 1207 1552 nunc
1237 1503 1416 1548 autem
1462 1507 1568 1547 non
1607 1489 1838 1560 reptilia,
1872 1487 1967 1542 sed
1983 1486 2094 1556 Spi-

502 1595 715 1651 ritualia
747 1594 889 1647 dona
922 1588 1166 1644 fundunt.
1200 1587 1352 1643 Tunc
1376 1599 1526 1655 aqua:
1552 1584 1726 1654 pisces
1746 1581 1970 1635 rationis
1996 1593 2092 1632 ex-

499 1695 678 1758 pertes
738 1682 1133 1753 profuderunt;
1194 1690 1338 1731 nunc
1386 1685 1563 1730 autem
1634 1672 1980 1729 rationabiles
2039 1677 2095 1722 et

499 1775 802 1847 splrituales
854 1773 1028 1844 pisces
1075 1769 1232 1825 nobis
1279 1774 1626 1838 pepererunt,
1679 1778 1814 1832 quos
1867 1758 2092 1830 apostoli

504 1861 694 1936 piscati
716 1867 858 1913 sunt.
886 1857 1082 1920 Venite,
1106 1857 1299 1926 inquit,
1325 1866 1435 1926 post
1465 1871 1564 1920 me,
1592 1862 1640 1907 et
1661 1854 1848 1922 faciam
1873 1871 1960 1909 vos
1982 1855 2088 1924 pis-

505 1960 704 2008 catores
723 1949 986 2002 hominum
1010 1947 1225 2019 (Matth.
1253 1947 1306 2000 4.
1341 1945 1457 2015 t9).
1486 1945 1665 1998 Novus
1695 1959 1824 2000 sane
1847 1945 2088 2013 piscandi

509 2041 720 2098 modus.
768 2040 900 2093 Nam
949 2039 1245 2107 piscatores
1285 2037 1517 2092 educunt
1561 2037 1734 2105 pisces
1763 2051 1826 2091 ex
1859 2037 2008 2106 aquis
2033 2047 2090 2092 et

507 2143 693 2202 captos
717 2140 944 2187 enecant
969 2149 981 2185 :
1005 2145 1102 2184 nos
1127 2138 1302 2185 autem
1336 2130 1388 2182 in
1409 2143 1575 2198 aquas
1603 2128 1892 2196 injicimus,
1914 2137 1969 2184 et
1995 2129 2086 2198 qui

507 2221 791 2293 capiuntur
834 2221 942 2275 vita
972 2221 1257 2275 donantur.
1302 2219 1428 2273 Erat
1468 2220 1681 2287 quidem
1712 2220 1839 2273 olim
1868 2229 1922 2274 et
1949 2219 2090 2290 apud

500 2313 717 2372 Iudaeos
744 2312 946 2384 piscina
971 2325 1157 2380 aqum;
1188 2323 1374 2365 verum
1398 2307 1544 2370 disce
1571 2307 1700 2377 quid
1731 2307 1816 2362 illa
1844 2308 2094 2375 potuerit,

499 2414 562 2460 ut
584 2405 742 2475 plane
757 2399 1362 2475 perspiciasiudmorum
1382 2399 1636 2467 inopiam,
1655 2408 1707 2451 et
1729 2397 1886 2452 simul
1910 2396 2094 2453 videas

500 2468 804 2550 ubertatem
855 2468 1114 2547 iit—ostram.
1140 2489 1508 2555 Descendebat,
1532 2489 1722 2557 inquit,
1765 2488 1995 2558 angelus,
2049 2497 2098 2542 et

501 2587 732 2642 turbabat
756 2601 962 2656 aquam,
979 2593 1025 2639 et
1047 2583 1133 2654 qui
1161 2583 1301 2653 prior
1315 2582 1642 2636 descendebat
1663 2591 1775 2652 post
1791 2597 1935 2651 aqum
1954 2597 2096 2636 com-

498 2679 818 2744 motionem,
865 2676 1131 2730 sanitatem
1172 2674 1565 2743 consequebatur
1605 2671 1840 2745 (Joann.
1891 2675 1944 2730 5.
1989 2673 2024 2728 4
2050 2672 2094 2745 ).

499 2770 786 2828 Descendit
811 2770 1123 2842 angelorum
1148 2767 1405 2823 Dominus
1435 2767 1488 2822 in
1518 2767 1765 2824 Jordanis
1787 2766 2006 2832 ﬂuenta,
2043 2775 2098 2822 et

500 2877 654 2934 aqum
695 2871 941 2917 naturam
979 2859 1341 2924 sanctiﬂcans,
1369 2859 1678 2913 universum
1707 2858 1892 2912 orbem
1936 2872 2096 2914 sana-

499 2953 599 3008 vit.
625 2951 752 3008 Ideo
773 2952 881 3007 illic
907 2951 1119 3021 quidem
1153 2949 1199 3004 is
1235 2949 1324 3020 qui
1372 2957 1496 3019 post
1531 2948 1763 3018 priorem
1801 2948 2098 3004 descende-

498 3045 628 3112 bat,
653 3060 759 3100 non
791 3043 1114 3106 sanabatur;
1139 3040 1342 3096 Iudaeis
1380 3041 1578 3111 quippe
1619 3040 1846 3096 infirmis
1872 3050 1926 3096 et
1953 3040 2098 3095 humi

502 3136 816 3206 repentibus
841 3132 1147 3203 hujusmodi
1179 3132 1405 3188 dabatur
1440 3132 1611 3203 gratia
1639 3149 1654 3199 ;
1704 3133 1791 3187 hic
1821 3146 1954 3188 vero
1978 3140 2100 3202 post

501 3229 738 3301 primum
777 3224 1046 3281 secundus
1070 3222 1381 3290 descendit,
1408 3232 1531 3294 post
1571 3222 1865 3278 secundum
1910 3223 2099 3278 tertius

505 3328 563 3376 et
583 3327 808 3390 quartus
835 3334 852 3384 ;
877 3316 1092 3372 etiamsi
1116 3325 1401 3372 sexcentos
1429 3315 1654 3384 dixeris,
1680 3316 1890 3371 etiamsi
1931 3325 2098 3371 totum

504 3411 694 3466 orbem
737 3419 1001 3465 terrarum
1054 3407 1108 3463 in
1137 3408 1251 3463 haec
1270 3407 1470 3463 ﬂuenta
1505 3407 1799 3478 spiritualia
1826 3407 2096 3478 injeceris,

504 3516 616 3558 non
641 3500 932 3555 insumitur
957 3499 1150 3570 gratia,
1174 3498 1374 3556 donum
1401 3513 1506 3554 non
1534 3497 1864 3565 exhauritur,
1897 3500 2100 3555 ﬂuenta

504 3607 614 3649 non
642 3591 933 3659 foedantur,
954 3591 1244 3647 liberalitas
1269 3606 1376 3648 non
1405 3591 1683 3647 minuitur.
1716 3591 1961 3648 Vidistin‘
1987 3608 2100 3648 ma-

505 3683 838 3756 gnitudinem
860 3683 986 3739 doni
1011 3682 1035 3735 τ
1056 3682 1250 3740 Audite
1283 3684 1374 3754 qui
1408 3683 1569 3740 hodie
1611 3681 1711 3740 hac
1749 3685 1985 3740 noctein
2013 3699 2102 3740 su-

505 3792 676 3848 perna
724 3775 1022 3833 Jerusalem
1064 3776 1212 3832 cives
1258 3777 1512 3847 adscripti
1563 3777 1728 3846 estis,
1777 3785 1834 3833 et
1882 3776 2099 3848 dignam

508 3866 876 3941 magnitudine
921 3867 1186 3924 donorum
1229 3867 1526 3924 custodiam
1575 3867 1860 3937 exhibete,
1887 3877 1947 3923 ut
1973 3870 2102 3924 ube-

505 3962 706 4017 riorem
731 3960 956 4031 gratiam
973 3960 1255 4016 attrahatis
1272 3979 1284 4014 :
1303 3974 1428 4017 nam
1445 3969 1629 4031 gratus
1649 3960 1718 4017 de
1732 3961 1843 4031 jam
1871 3960 2101 4030 receptis

508 4052 722 4108 animus
767 4050 977 4108 Domini
1022 4052 1439 4106 munificentiam
1483 4061 1759 4123 provocat.
1809 4051 1926 4107 Non
1979 4052 2103 4107 licet

569 4147 644 4210 (a)
662 4153 731 4197 De
753 4158 932 4197 recens
953 4145 1208 4210 baptizatis
1226 4146 1405 4208 agitur.

1275 374 1332 430 S.
1372 369 1650 428 JOANNIS
1676 363 2152 425 CHRYSOSTOMI
2193 361 2512 421 ARClllEP.
2553 361 3087 426 CONSTA‘STINOP.

3689 356 3800 412 772

2205 475 2320 542 tibi,
2351 475 2565 543 dileCIc,
2595 491 2804 530 rursum
2844 474 3186 546 quoquolibct
3230 473 3389 530 modo
3425 469 3604 527 vivere
3641 489 3653 525 :
3697 469 3796 525 sed

2199 567 2349 638 leges
2381 568 2475 622 tibi
2509 576 2563 623 et
2608 568 2816 637 regulas
2855 568 3172 637 praescribas
3199 607 3217 634 ,
3246 578 3306 622 ut
3334 576 3584 622 accurate
3612 567 3802 622 otitnia

2200 661 2470 730 perficies,
2504 669 2557 714 et
2579 676 2823 730 magnam
2846 661 3142 716 cuStodiam
3179 658 3435 714 adhibeas
3459 658 3621 713 etiam
3653 657 3804 713 circa

2202 768 2264 806 ea
2292 767 2412 822 qua:
2439 751 2575 806 levia
2615 761 2871 821 putantur
2908 766 3048 807 esse.
3085 752 3365 806 Certamen
3392 751 3589 820 quippe
3617 748 3801 803 lucta-

2198 858 2304 912 que
2330 852 2415 899 est
2433 843 2610 898 omnis
2635 843 2743 897 vita
2783 858 3039 913 praesens,
3070 852 3126 898 et
3162 857 3258 897 eos
3296 841 3388 911 qui
3414 841 3580 895 semel
3605 840 3656 893 in
3686 839 3797 893 hoc

2202 935 2417 989 virtutis
2461 934 2635 989 stadio
2671 945 2795 989 sunt
2827 935 3056 1004 ingressi
3101 949 3223 990 sese
3264 933 3483 989 omnino
3513 933 3803 986 continere

2199 1042 2298 1099 par
2323 1036 2408 1084 est
2434 1041 2452 1081 :
2484 1026 2662 1081 Omnis
2691 1027 2824 1080 enim
2847 1025 2936 1096 qui
2961 1028 3013 1079 in
3041 1041 3202 1096 agone
3231 1024 3510 1088 contendit,
3553 1023 3615 1076 ab
3637 1024 3802 1075 omni-

2199 1125 2290 1176 bus
2310 1139 2364 1176 se
2387 1121 2601 1176 abstinet
2634 1121 2654 1191 (
2690 1121 2743 1176 l.
2772 1120 2888 1174 Cor.
2922 1119 2979 1175 9.
3005 1118 3076 1174 25
3104 1121 3143 1189 ).
3176 1103 3303 1172 Non
3351 1117 3501 1171 vides
3545 1125 3805 1185 quantam

2202 1230 2258 1269 tn
2295 1217 2556 1286 gymnicis
2611 1213 2994 1268 certaminibus
3040 1213 3121 1266 sui
3162 1227 3346 1264 curam
3394 1209 3666 1283 habeant,
3711 1207 3806 1276 qui

2200 1321 2323 1360 cum
2376 1305 2684 1360 hominibus
2733 1314 3005 1358 certamen
3067 1311 3440 1370 suseeperunt,
3500 1308 3810 1369 quantaque

2200 1398 2522 1453 abstinentia
2551 1413 2746 1468 corpus
2773 1397 3097 1451 exerceant?
3120 1395 3195 1450 ita
3223 1405 3277 1450 et
3308 1395 3393 1448 hic
3421 1409 3480 1448 se
3507 1409 3593 1448 res
3617 1391 3805 1446 habet.

2199 1491 2330 1554 Quia
2391 1506 2496 1544 non
2550 1499 2632 1544 est
2698 1490 2852 1544 nobis
2902 1489 3212 1544 colluctatio
3257 1503 3380 1542 cum
3451 1485 3805 1553 hominibus,

2201 1582 2294 1636 sed
2379 1598 2499 1636 eum
2562 1581 2925 1650 spiritualibus
2994 1580 3287 1649 nequitiae,
3343 1589 3528 1632 nostra
3591 1577 3805 1631 exerci-

2201 1675 2331 1728 tatio
2376 1685 2432 1730 et
2489 1675 2808 1729 abstinentia
2859 1673 3154 1745 spiritualis
3187 1672 3256 1725 sit
3301 1688 3314 1724 :
3361 1686 3482 1724 nam
3523 1679 3577 1724 et
3625 1683 3802 1733 arma,

2198 1769 2391 1841 quibus
2441 1784 2538 1824 nos
2595 1769 2764 1824 induit
2810 1768 3099 1832 Dominus,
3158 1765 3451 1836 spiritualia
3513 1773 3655 1816 sunt.
3699 1763 3802 1816 lla-

2200 1863 2322 1915 beat
2371 1859 2528 1930 igitur
2556 1860 2742 1914 oculus
2790 1872 2918 1913 suos
2966 1858 3224 1913 terminos
3255 1865 3309 1911 et
3360 1855 3594 1924 regulas,
3624 1869 3691 1908 ne
3717 1863 3802 1908 te-

2205 1970 2351 2008 mere
2400 1954 2580 2007 statim
2633 1954 2687 2007 in
2727 1954 2940 2023 quaevis
2984 1951 3141 2007 obvia
3183 1949 3386 2005 feratur
3426 1965 3440 2002 :
3489 1948 3693 2002 habeat
3746 1956 3805 2001 et

2201 2047 2374 2115 lingua
2404 2060 2560 2099 suum
2589 2052 2798 2113 septum
2821 2086 2836 2111 ,
2866 2053 2923 2098 ut
2953 2058 3020 2098 ne
3063 2050 3297 2098 mentem
3348 2047 3672 2095 antevertat.
3719 2037 3803 2092 ld-

2195 2136 2340 2190 circo
2369 2135 2514 2190 enim
2546 2143 2600 2186 et
2627 2132 2814 2185 dentes
2860 2141 2915 2184 et
2960 2128 3096 2182 labia
3137 2129 3203 2182 ad
3249 2131 3442 2198 lingua}
3487 2129 3784 2182 cnswdianl

2196 2234 2373 2282 creata
2395 2235 2538 2288 sunt,
2563 2238 2629 2278 ne
2655 2237 2907 2292 umquam
2939 2221 3238 2276 inconsulto
3264 2235 3357 2288 per
3381 2221 3574 2274 ostium
3605 2233 3788 2271 erum-

2200 2326 2320 2386 pat;
2352 2317 2444 2370 sed
2479 2325 2762 2384 postquam
2805 2315 2981 2369 omnia
3031 2328 3147 2382 qttze
3189 2311 3254 2364 ad
3297 2327 3355 2364 se
3393 2311 3658 2380 pertinent
3686 2311 3790 2362 rite

2197 2406 2546 2477 disposuerit,
2581 2417 2708 2462 tunc
2738 2423 2859 2462 cum
2890 2405 3036 2460 omni
3081 2415 3270 2459 ornatu
3301 2412 3357 2456 et
3381 2401 3577 2456 decoro
3601 2414 3787 2469 proce-

2201 2501 2316 2567 dat,
2339 2510 2392 2554 ct
2421 2499 2726 2568 huiusmodi
2755 2501 2991 2569 proferat
3023 2499 3206 2561 verba,
3238 2505 3298 2550 ut
3317 2496 3409 2550 det
3436 2495 3659 2564 gratiam
3691 2508 3784 2546 au-

2205 2586 2474 2642 dientibus
2496 2626 2514 2654 ,
2536 2603 2705 2657 eaque
2745 2589 3029 2658 profundat
3054 2586 3196 2641 dicta
3227 2602 3348 2655 qua:
3380 2586 3445 2639 ad
3477 2585 3686 2639 illorum
3719 2583 3802 2638 in-

2203 2680 2540 2736 Stitutionem
2577 2679 2877 2735 conferant.
2901 2678 3144 2733 Solutum
3166 2692 3295 2732 vero
3323 2677 3487 2730 risum
3523 2675 3801 2731 declinare

2202 2785 2424 2842 prorsus
2472 2779 2722 2841 oportet,
2755 2773 3074 2841 incessuque
3120 2769 3364 2824 modesto
3394 2781 3490 2823 nec
3535 2767 3803 2821 concitato

2205 2871 2362 2918 veste
2403 2863 2694 2917 constricta
2724 2862 2936 2932 prodire
2968 2877 3064 2934 par
3106 2869 3223 2927 est;
3253 2867 3305 2914 et
3335 2860 3413 2913 sic
3458 2859 3606 2912 omni
3638 2858 3799 2912 modo

2203 2963 2326 3007 sese
2371 2952 2663 3009 concinnet
2707 2961 2918 3022 oportet
2962 2953 3008 3008 is
3053 2951 3143 3021 qui
3196 2950 3324 3005 huic
3359 2949 3570 3005 virtutis
3624 2949 3804 3002 stadio

2205 3058 2402 3098 nomen
2454 3043 2600 3099 dedit
2643 3062 2656 3098 :
2700 3053 2955 3099 externus
2996 3044 3142 3098 enim
3195 3041 3559 3097 membrorum
3609 3041 3803 3096 medus

2205 3134 2539 3203 compositus
2568 3145 2650 3190 est
2677 3135 2827 3205 quasi
2861 3135 3035 3206 imago
3060 3134 3333 3189 interioris
3365 3133 3559 3187 animae
3583 3142 3779 3186 status.

2277 3225 2331 3280 6.
2357 3227 2412 3282 Si
2456 3226 2525 3284 ad
2559 3227 2864 3297 hujusmcdi
2905 3225 3346 3282 consuetudinem
3389 3239 3489 3280 nos
3533 3224 3600 3279 ab
3645 3223 3804 3278 initio

2202 3322 2663 3391 composuerimus
2687 3363 2703 3388 ,
2754 3321 2892 3376 facili
2929 3321 3186 3390 deinceps
3228 3317 3634 3391 progredientes
3675 3317 3760 3370 via
3783 3357 3799 3382 ,

2202 3413 2456 3468 virtutem
2486 3428 2700 3469 omnem
2742 3428 3146 3484 perenrremus,
3188 3427 3287 3468 nec
3310 3410 3484 3466 multo
3521 3411 3802 3481 egebimus

2204 3502 2410 3572 labore,
2432 3505 2764 3575 multumque
2786 3502 2940 3560 nobis
2961 3502 3028 3559 de
3052 3505 3186 3559 caelo
3208 3501 3503 3558 subsidium
3532 3502 3802 3558 adscisce-

2205 3612 2347 3652 mus.
2399 3597 2490 3653 Sic
2536 3599 2679 3653 enim
2723 3597 3006 3668 praesentis
3061 3597 3186 3651 vita:
3229 3595 3424 3650 ﬂuctus
3475 3603 3591 3650 tuto
3621 3594 3804 3653 licebit

2206 3689 2608 3752 transmittere,
2666 3688 2980 3759 laqueisque
3035 3687 3233 3743 diaboli
3281 3687 3548 3758 superatis
3597 3695 3802 3744 wtcrna

2205 3781 2344 3836 bona
2382 3780 2637 3850 consequi
2660 3823 2674 3847 ,
2708 3780 2877 3850 gratia
2912 3790 2967 3837 et
3005 3779 3334 3850 benignitate
3377 3777 3587 3834 Domini
3626 3779 3799 3835 nostri

2206 3871 2332 3928 Jcsu
2359 3873 2592 3937 Christi,
2621 3888 2744 3927 eum
2775 3887 2880 3942 quo
2907 3872 3051 3926 Patri
3082 3871 3240 3926 simul
3270 3880 3324 3926 et
3355 3869 3573 3940 Spiritui
3613 3879 3800 3924 sancto

2206 3963 2404 4034 gloria,
2439 3964 2755 4033 imperium,
2787 3965 2957 4018 honor
2997 3977 3136 4020 nunc
3167 3971 3221 4018 et
3246 3977 3490 4033 semper,
3527 3973 3584 4018 et
3612 3961 3665 4017 in
3693 3974 3797 4016 ste-

2207 4055 2324 4109 cula
2355 4057 2699 4112 smculorum.
2733 4056 2925 4110 Amen.
