4098 6428
300 384 395 439 771

290 493 387 552 οὖν
414 497 486 568 γῆ
515 497 657 551 κατὰ
687 496 778 549 τὸν
809 497 999 566 καιρὸν
1025 497 1212 548 τοῦτον
1245 495 1341 548 τοῦ
1374 496 1534 568 ἔαρος
1556 496 1685 568 ῥόδα
1711 496 1805 548 καὶ
1838 496 1893 549 ῐα

295 583 392 635 καὶ
412 582 548 636 ἄλλα
578 583 714 652 ἡμῖν
749 580 1027 633 ἐκδίδωσιν
1061 578 1226 648 ἄνθη·
1259 579 1330 632 τά
1361 579 1545 642 μέντοι
1591 580 1761 633 ὕδατα
1794 581 1893 649 σή-

294 681 465 736 μερον
495 665 595 734 τῆς
639 665 744 732 γῆς
772 664 1132 735 τερπνότερον
1167 665 1298 734 ἡμῖν
1342 663 1586 734 λειμῶνα
1630 664 1888 727 ἀνέδειξε.

289 749 404 802 Καὶ
437 749 513 820 μὴ
545 749 858 818 θαυμάσῃς,
889 747 1163 818 ἀγαπητέ,
1197 749 1246 800 εί
1275 748 1383 801 ἀπὸ
1405 747 1514 801 τῶν
1541 748 1753 801 ὑδάτων
1782 747 1892 799 λει-

290 832 476 904 μῶνες
507 831 687 887 ἀνθῶν
717 831 1106 902 ἀνεδείχθησαν
1127 849 1139 862 ο
1171 832 1294 884 ούδέ
1325 831 1436 903 γὰρ
1467 831 1526 897 ἐξ
1545 833 1723 903 ἀρχῆς
1754 833 1786 902 ἡ
1817 831 1890 902 γῆ

292 915 438 968 κατά
462 913 561 986 τὴν
588 915 798 968 οἰκείαν
821 916 985 983 φύσιν
1010 915 1111 987 τὴν
1137 915 1376 985 βλάστην
1406 914 1640 979 ἐξέδωκε
1668 913 1780 967 τῶν
1801 913 1889 983 βο-

291 1001 495 1063 τανῶν,
527 999 664 1053 ἀλλά
721 1000 802 1070 τῷ
835 1002 1168 1070 ἐπιτάγματι
1208 1002 1435 1054 είκουσα
1460 999 1556 1052 τοῦ
1591 1000 1888 1053 Δεσπότου.

289 1084 403 1136 Καὶ
426 1083 495 1136 τὰ
522 1081 688 1134 ὕδατα
714 1082 772 1136 δὲ
805 1082 922 1134 τότε
947 1082 1059 1144 ζῶα
1082 1082 1324 1147 ἐξέδωκε
1361 1081 1676 1152 κινούμενα,
1699 1082 1888 1154 ἐπειδὴ

287 1165 542 1236 ἦκουσεν·
587 1164 959 1234 Ἐξαγαγέτω
979 1168 1052 1219 τὰ
1078 1167 1266 1219 ὕδατα
1292 1167 1510 1234 ἑρπετὰ
1541 1167 1761 1236 ψυχῶν
1789 1166 1891 1228 ζω-

284 1247 446 1302 σῶν’
483 1251 579 1302 καὶ
613 1249 672 1302 τὸ
705 1250 987 1318 ἐπίταγμα
1021 1249 1183 1320 ἔργον
1210 1253 1448 1320 ἐγένετο’
1478 1254 1509 1322 ἠ
1556 1251 1760 1320 ἄψυχος
1797 1251 1892 1304 ού-

287 1332 382 1384 σία
407 1331 632 1400 ἔμψυχα
662 1331 778 1396 ζῶα
804 1333 1075 1397 ἐξέϐαλεν.
1101 1333 1258 1388 Οὕτω
1307 1333 1400 1386 καὶ
1420 1335 1513 1388 νῦν
1535 1334 1591 1387 τὸ
1613 1333 1742 1387 αὐτὸ
1763 1334 1887 1387 ἐπί-

285 1429 474 1484 ταγμα
515 1421 690 1471 πάντα
723 1418 1036 1487 εἰργάσατο.
1061 1417 1195 1469 Τότε
1226 1414 1401 1470 εἷπενε
1429 1417 1791 1485 Ὲξαγαγέτω
1819 1436 1890 1472 τα

281 1497 480 1550 ὕδατα
512 1499 732 1566 ἑρπετὰ
754 1499 972 1567 ψυχῶν
1009 1497 1211 1558 ζωσῶν
1235 1516 1248 1528 ο
1277 1499 1369 1550 νῦν
1416 1498 1472 1551 δέ
1504 1501 1623 1570 οὐχὶ
1656 1502 1885 1572 ἐρπετά,

281 1583 420 1636 ἀλλά
457 1583 806 1652 πνευματικά
845 1583 1157 1653 χαρίσματα
1207 1583 1463 1636 ἀνέδωκε.
1516 1584 1648 1636 Τότε
1696 1583 1887 1654 ἰχθύας

283 1667 514 1734 ἀλόγους
547 1666 781 1736 ἐξήγαγε
817 1668 885 1721 τὰ
933 1667 1102 1720 ὕδατα
1124 1684 1136 1696 °
1171 1665 1265 1720 νῦν
1317 1665 1371 1717 δέ
1406 1665 1592 1736 ἰχθύας
1634 1666 1885 1735 λογικοὺς

281 1752 377 1804 καὶ
409 1753 814 1821 πνευματικοὺς
846 1754 977 1822 ἡμῖν
1007 1752 1274 1804 ἀπέτεκεν
1295 1751 1400 1804 ὑπὸ
1433 1751 1541 1803 τῶν
1567 1752 1883 1807 ἀποστόλων

281 1834 655 1896 ἀλιευθέντας.
692 1834 874 1888 Δεῦτε
921 1834 1052 1904 γὰρ,
1086 1835 1250 1902 φησὶν
1273 1876 1287 1898 ,
1352 1835 1546 1887 ὀπίσω
1575 1853 1695 1903 μου
1717 1876 1731 1900 ,
1779 1838 1880 1890 καί

276 1916 518 1981 ποιήσω
550 1915 707 1987 ὑμᾶς
733 1916 922 1984 ἁλιεῖς
957 1917 1303 1986 ἀνθρώπων.
1357 1918 1557 1980 Καινὺς
1581 1919 1750 1982 ὄντως
1784 1921 1884 1991 τῆς

279 2001 469 2063 ἀλείας
497 2000 702 2072 ταύτης
730 2003 758 2054 6
788 2001 1010 2072 τρόπος.
1061 2003 1123 2053 Ui
1181 2000 1291 2071 γὰρ
1323 2001 1630 2065 ἁλιεύοντες
1675 2003 1738 2056 ἐκ
1772 2004 1882 2057 τῶν

277 2084 492 2138 ὑδάτων
527 2084 849 2138 ἐκϐάλλουσι
911 2085 1039 2148 τοὺς
1077 2084 1299 2155 ἰχθύας,
1349 2085 1443 2138 καὶ
1498 2086 1754 2157 νεκροῦσι
1811 2090 1879 2142 τὰ

274 2167 604 2237 ἀλιευόμενα
631 2184 645 2196 ·
675 2171 840 2238 ἡμεῖς
868 2168 925 2221 δὲ
975 2169 1056 2230 εἰς
1085 2169 1153 2222 τά
1183 2167 1353 2221 ὕδατα
1387 2168 1752 2241 ἐμϐάλλομεν,
1784 2172 1880 2224 καὶ

277 2247 673 2318 ζωογονοῦνται
707 2253 756 2305 οἰ
792 2251 1151 2321 ἀλιευόμενοι.
1194 2247 1303 2305 Ἦν
1353 2253 1452 2321 μέν
1479 2270 1610 2307 ποτε
1659 2257 1754 2308 καὶ
1785 2258 1879 2309 ἐπὶ

273 2334 388 2389 τῶν
419 2333 689 2388 Ἰουδαίων
729 2335 1086 2406 κολυμϐήθρα
1120 2334 1270 2408 [756]
1303 2335 1522 2399 ὓδατος·
1563 2338 1703 2393 ἀλλά
1738 2341 1877 2410 μάθε

273 2418 328 2470 τί
365 2418 608 2487 ἴσχυσεν,
637 2419 724 2472 ἵνα
743 2419 886 2490 γνῷς
911 2419 1159 2491 ἀκριϐῶς
1191 2420 1289 2490 τὴν
1325 2421 1598 2492 πτωχείαν
1634 2423 1878 2493 τὴνίου-

275 2501 494 2570 δαῐκὴν,
524 2501 617 2553 καὶ
653 2501 850 2555 εἰδέναι
885 2502 1016 2573 ἔχῃς
1044 2503 1134 2556 τὸν
1185 2503 1415 2557 πλοῦτον
1446 2505 1536 2557 τὸν
1583 2505 1872 2576 ἡμέτερον.

276 2582 624 2650 Κατήρχετο
643 2584 787 2651 ἐκεῖ,
828 2587 1014 2657 φησὶν,
1049 2585 1326 2656 ἄγγελος,
1350 2587 1449 2641 καί
1477 2587 1779 2654 ἐτάρασσε
1807 2591 1875 2643 τό

276 2665 455 2732 ὕδωρ,
481 2667 577 2720 καὶ
605 2671 637 2720 ό
661 2667 890 2736 πρῶτος
907 2671 1158 2722 καταϐαί
1165 2687 1281 2722 νων
1297 2671 1449 2738 μετὰ
1471 2670 1586 2736 τὴν·
1603 2671 1876 2740 ταραχὴν

276 2751 559 2819 ἀπήλαυε
582 2751 692 2820 τῆς
723 2754 1060 2821 θεραπείας.
1092 2754 1377 2822 Κατῆλθεν
1421 2756 1448 2806 6
1486 2755 1596 2807 τῶν
1625 2755 1875 2824 ἀγγέλων

275 2833 560 2904 Δεσπότης
585 2835 752 2897 είςτά
788 2837 1082 2906 Ἰορδάνεια
1124 2836 1336 2906 ῥεῖθρα,
1372 2838 1467 2890 καὶ
1505 2838 1738 2905 ἁγιάσας
1765 2840 1873 2892 τῶν

276 2918 488 2976 ὑδάτων
517 2918 618 2989 τὴν
643 2919 806 2988 φύσιν
831 2923 1011 2974 πᾶσαν
1041 2921 1140 2992 τὴν
1167 2922 1492 2992 οἰκουμένην
1514 2922 1869 2991 ἐθεράπευσε.

274 3001 375 3054 Διά
408 3001 570 3055 τοῦτο
601 3004 720 3056 ἐκεῖ
755 3004 853 3073 μέν
896 3005 1035 3075 μετά
1056 3005 1146 3058 τὸν
1173 3006 1390 3077 πρῶτον
1425 3007 1454 3058 6
1480 3007 1722 3070 καταϐὰς
1771 3009 1873 3061 οὐκ

273 3084 357 3136 ἔτι
377 3083 746 3155 ἐθεραπεύετο
765 3104 778 3117 ·
826 3087 1102 3152 Ἰουδαίοις
1131 3089 1240 3160 γὰρ
1269 3089 1470 3142 ἐδίδοτο
1503 3090 1536 3158 ὴ
1574 3089 1732 3163 χάρις
1760 3093 1873 3154 τοῖς

273 3167 585 3235 ἀσθενοῦσι,
621 3173 736 3234 τοῖς
760 3173 938 3241 χαμαὶ
965 3173 1318 3243 συρομένοιςο
1357 3172 1590 3227 ἐνταῦθα
1635 3174 1693 3227 δὲ
1734 3174 1873 3244 μετὰ

272 3250 367 3303 τὸν
393 3252 612 3322 πρῶτον
646 3255 674 3306 6
707 3253 962 3326 δεύτερος
999 3256 1235 3322 κάτεισι,
1264 3256 1404 3326 μετὰ
1437 3255 1528 3311 τὸν
1561 3256 1813 3327 δεύτερον
1844 3260 1874 3312 6

270 3333 456 3405 τρίτος
488 3336 584 3389 καὶ
612 3336 901 3408 τέταρτος*
929 3337 1034 3392 κᾶν
1073 3339 1303 3410 μυρίους
1326 3337 1506 3412 εἴπῃς,
1540 3339 1644 3393 κάν
1674 3341 1773 3411 τὴν
1802 3343 1874 3394 οἰ-

272 3417 551 3488 κουμένην
571 3419 789 3473 ἅπασαν
820 3421 1066 3494 ἐμϐάλῃς
1093 3423 1174 3485 εἰς
1216 3422 1283 3476 τὰ
1332 3423 1550 3493 νάματα
1598 3423 1773 3477 ταῦτα
1800 3423 1872 3479 τά

273 3501 646 3571 πνευματικὰ,
672 3504 773 3556 οὐκ
806 3503 1160 3557 ἀναλίσκεται
1187 3507 1219 3574 ἡ
1253 3505 1432 3576 χάρις,
1468 3506 1528 3558 σὺ
1563 3505 1872 3562 δαπανᾶται

271 3582 306 3652 ή
334 3582 538 3653 δωρεὰ,
578 3584 641 3637 οὐ
679 3587 948 3656 ρυποῦται
975 3588 1045 3641 τὰ
1072 3588 1312 3659 νάματα,
1348 3590 1449 3644 οὑκ
1481 3591 1800 3644 ἐλαττοῦται
1833 3593 1868 3662 ὴ

274 3663 578 3736 φιλοτιμία.
607 3662 759 3732 Εἶδες
801 3669 1032 3740 μέγεθος
1056 3671 1302 3742 δωρεάς;
1333 3672 1586 3727 Ἀκούετε
1615 3675 1666 3726 οἰ
1699 3675 1872 3744 σήμε-

275 3763 372 3816 ρον
399 3749 494 3800 καὶ⁵
519 3749 658 3801 κατά
689 3751 790 3820 τὴν
819 3751 991 3807 νύκτα
1017 3753 1223 3825 ταύτην
1278 3756 1357 3819 εἰς
1386 3755 1484 3826 τὴν
1528 3755 1641 3810 ἀνω
1681 3757 1875 3828 Ίερουο

274 3829 462 3902 σαλὴμ
496 3831 1084 3906 πολιτογραφηθέντες,
1136 3838 1230 3892 καὶ
1267 3837 1426 3904 ἀξίαν
1455 3839 1550 3892 τοῦ
1601 3839 1868 3910 μεγέθους

271 3913 380 3967 τῶν
402 3914 625 3987 δωρεῶν
653 3917 752 3990 τὴν
779 3919 1027 3990 φυλακὴν
1060 3921 1426 3986 ἐπιδείξασθε,
1461 3923 1548 3976 ῐνα
1579 3924 1673 3976 καὶ¹
1711 3923 1869 3993 δαψι-

271 3995 537 4069 λεστέραν
557 3997 656 4071 τὴν
683 4001 842 4072 χάριν
861 4003 1242 4076 ἐπισπάσησθε
1261 4021 1277 4038 ο
1296 4008 1330 4078 η
1363 4006 1472 4076 γάρ
1504 4007 1596 4060 ἐπὶ
1629 4009 1741 4070 τοῖς
1762 4007 1864 4079 ἤδη

273 4081 654 4154 ὑπηργμένας
672 4085 1065 4160 εὐγνωμοσύνη
1092 4090 1193 4162 τὴν
1217 4090 1530 4163 φιλοτιμίαν
1552 4092 1865 4148 ἐκκαλεῖται

1471 377 1704 436 IIOMIL.
1742 377 1808 434 IN
1849 379 2178 437 SAMJTUM
2216 379 2499 439 PASCIIA.

3482 385 3587 439 772

1992 497 2088 550 τοῦ
2118 499 2413 556 Δεσπότου;
2437 499 2550 556 Οὐκ
2583 500 2760 568 ἔξεστί
2796 519 2902 565 σοι,
2925 499 3198 569 άγαπητέ,
3223 497 3409 553 λοιπὸν
3438 500 3586 553 ἀδια-

1992 579 2176 650 φόρως
2206 580 2338 651 ζῇν·
2376 583 2514 637 ἀλλά
2548 585 2641 649 θὲς
2691 584 2878 654 σαυτῷ
2935 584 3136 653 νόμους
3188 585 3283 635 καὶ
3330 583 3585 645 κανόνας,

1993 659 2135 714 ὥστε
2196 663 2334 732 μετά
2385 666 2672 736 ἀκριϐείας
2710 667 2926 722 ᾶπαντα
2990 666 3441 736 διαπράττεσθαι,
3495 668 3588 719 καὶ

1995 745 2197 818 πολλὴν
2223 743 2331 816 τὴν
2353 749 2601 820 φυλακὴν
2643 750 2739 802 καὶ
2779 750 2909 818 περὶ
2939 737 3008 801 τὰ
3064 748 3334 820 ἀδιάφορα
3369 749 3585 818 νομιζό·

1995 843 2133 896 μενα
2161 822 2305 882 εἶναι
2328 831 2755 887 ἐπιδείκνυσθαι.
2819 832 2996 901 Ἀγὼν
3025 832 3136 902 γάρ
3163 834 3280 884 ἐστι
3313 833 3408 885 καὶ
3441 833 3588 902 πάλη

1992 912 2101 970 πᾶς
2132 913 2160 964 ό
2189 912 2380 983 παρὼν
2408 915 2541 984 βίος,
2575 918 2668 970 καὶ
2695 918 2824 980 τοὺς
2851 918 2910 969 ἐν
2941 917 3020 987 τῷ
3051 915 3251 986 σταδίῳ
3290 915 3468 986 τούτῳ
3492 917 3591 984 τῆς

1990 995 2194 1065 ἀρετῆς
2216 995 2363 1063 ἆπαξ
2390 998 2731 1063 εἰσελθόντας
2760 1001 3030 1071 προσήκει
3059 1001 3236 1054 πάντα
3265 1001 3588 1070 ἐγκρατεύεο

1991 1079 2118 1131 σθαι
2137 1096 2152 1110 ο
2184 1079 2312 1144 Πᾶς
2341 1080 2453 1150 γὰρ
2480 1085 2514 1136 ὀ
2545 1081 2977 1152 ἀγωνιζὸμενος
3009 1083 3209 1136 πάντα
3239 1083 3592 1152 ἐγκρατεύε-

1989 1179 2105 1216 ται.
2130 1162 2242 1232 Οὐχ
2270 1163 2403 1234 ὁρᾷς
2431 1167 2490 1218 ἐν
2519 1168 2631 1229 τοῖς
2659 1169 2950 1236 γυμνικοῖς
2972 1166 3180 1234 ἀγῶσιν
3205 1167 3357 1230 ὅπως
3388 1167 3592 1237 πολλὴν

1990 1245 2271 1299 ποιοῦνται
2299 1248 2397 1318 τὴν
2427 1249 2639 1301 ἐαυτῶν
2667 1251 2989 1319 ἐπιμέλειαν
3021 1251 3069 1302 οί
3097 1250 3236 1320 πρὸς
3266 1250 3591 1321 ἀνθρώπους

1989 1328 2088 1397 τὴν
2122 1328 2302 1398 πάλην
2328 1329 2735 1401 ἀναδεχόμενοι,
2765 1334 2860 1386 καὶ
2896 1333 3036 1401 μετά
3063 1335 3238 1403 πόσης
3260 1335 3591 1402 ἐγκρατείας

1989 1412 2088 1482 τὴν
2113 1412 2208 1464 τοῦ
2237 1415 2490 1481 σώματος
2532 1415 2771 1485 ἄσκησιν
2832 1417 3273 1482 ἐπιδείκνυνται;
3333 1416 3492 1472 Οὕτω
3525 1419 3590 1491 δὴ

1989 1494 2244 1547 ἐνταῦθα.
2291 1495 2508 1566 Ἐπειδὴ
2544 1499 2606 1550 ού
2646 1499 2786 1570 πρὸς
2822 1499 3148 1570 ἀνθρώπους
3197 1503 3332 1571 ἡμῖν
3370 1502 3520 1554 ἐστιν
3555 1504 3591 1555 ἡ

1990 1577 2159 1648 πάλη,
2191 1577 2325 1631 ἀλλά
2355 1580 2492 1650 πρὸς
2512 1580 2582 1633 τά
2613 1582 2965 1652 πνευματικὰ
2993 1584 3094 1652 τῆς
3113 1584 3400 1654 πονηρίας,
3436 1586 3589 1655 καὶὴ

1989 1662 2222 1730 ἄσκησις
2275 1662 2433 1732 ήμῶν
2477 1665 2572 1718 καὶ
2612 1667 2643 1735 ἡ
2677 1666 2976 1737 ἐγκράτεια
3007 1669 3360 1738 πνευματικὴ
3414 1668 3586 1721 Eatur

1987 1746 2178 1818 ἐπειδὴ
2217 1747 2312 1799 καὶ
2339 1747 2409 1798 τά
2455 1748 2596 1800 ὅπλα
2636 1749 2814 1819 ἡμῶν,
2873 1751 3020 1822 ἀπερ
3059 1751 3207 1820 ἡμᾶς
3262 1750 3514 1803 ἐνέδυσεν
3561 1753 3591 1804 6

1985 1831 2287 1900 Δεσπότης,
2317 1832 2668 1900 πνευματικά
2696 1833 2984 1903 τυγχάνει.
3051 1833 3254 1903 Ἐχέτω
3287 1834 3468 1887 τοίνυν
3497 1835 3590 1888 καὶ

1983 1913 2262 1983 ὀφθαλμὸς
2287 1914 2448 1984 ὄρους
2475 1915 2570 1968 καὶ
2601 1917 2858 1980 κανόνας,
2883 1917 3024 1970 ὥστε
3051 1916 3127 1987 μὴ
3157 1916 3346 1980 ἁπλῶς
3381 1919 3587 1987 ἐπιπη-

1981 1996 2079 2066 δᾷν
2107 1999 2243 2050 πᾶσι
2278 1999 2392 2060 τοῖς
2440 2000 2883 2069 προσπίπτουσι·
2926 2001 3022 2053 καὶ
3058 2002 3090 2071 ή
3127 1999 3352 2068 γλῶσσα
3382 2002 3588 2070 τειχίον

1982 2080 2176 2150 ἐχέτω,
2220 2081 2364 2134 ὥστε
2421 2087 2495 2156 μὴ
2530 2085 2854 2155 προτρέχειν
2895 2086 2995 2154 τῆς
3025 2084 3285 2147 διανοίας.
3327 2084 3428 2137 Διά
3474 2085 3585 2156 γὰρ

1980 2163 2143 2216 τοῦτο
2169 2167 2263 2218 καὶ
2287 2169 2334 2220 οί
2361 2169 2576 2230 ὀδόντες
2607 2169 2702 2220 καὶ
2725 2169 2794 2221 τὰ
2821 2169 2977 2239 χείλη
3007 2181 3145 2238 προς
3165 2168 3266 2238 τὴν
3293 2168 3393 2237 τῆς
3420 2167 3588 2237 γλώτ-

1979 2265 2080 2318 της
2109 2251 2414 2319 ἀσφάλειαν
2445 2250 2936 2322 δεδημιούργηται,
2971 2253 3059 2304 ἵνα
3100 2250 3374 2322 μηδέποτε
3396 2252 3585 2317 ἁπλῶς

1979 2333 2373 2388 ἀναπετάσασα
2407 2336 2506 2399 τὰς
2537 2335 2707 2405 θύρας
2743 2337 2775 2404 ἡ
2808 2333 3035 2402 γλῶσσα
3059 2335 3202 2405 ἐξίῃ,
3225 2334 3339 2386 ἀλλ’
3362 2335 3586 2390 ἐπειδὰν

1981 2414 2163 2479 καλῶς
2195 2417 2264 2470 τὰ
2294 2418 2415 2470 καθ’
2437 2417 2635 2488 ἑαυτὴν
2665 2418 2848 2487 διαθῇ,
2878 2417 3001 2469 τότε
3037 2418 3178 2487 μετά
3208 2417 3393 2489 πάσης
3426 2418 3586 2471 εὐκο-

1982 2499 2149 2567 σμίας
2183 2502 2370 2573 προΐῃ,
2407 2501 2501 2554 καὶ
2531 2500 2760 2554 τοιαῦτα
2788 2501 3044 2572 προφέρῃ
3095 2501 3337 2571 ῥήματα,
3389 2501 3475 2554 ῐνα
3507 2501 3585 2572 δῷ

1979 2581 2140 2650 χάριν
2195 2586 2308 2646 τοῖς
2370 2583 2654 2646 ἀκούουσι,
2722 2586 2954 2637 κάκεῖνα
3007 2583 3335 2653 φθέγγηται,
3378 2584 3414 2638 ἃ
3448 2585 3584 2658 πρὸς

1977 2665 2268 2738 οίυκοδομὴν
2297 2669 2562 2720 συντείνει
2594 2667 2703 2720 τῶν
2730 2667 3064 2722 ἀκουόντων.
3089 2668 3200 2720 Καὶ
3224 2667 3316 2720 τὸν
3345 2668 3584 2722 ἀτακτον

1976 2750 2034 2803 δέ
2075 2752 2290 2819 γέλωτα
2321 2754 2498 2824 πάντη
2541 2753 2814 2805 ἐκκλίνειν
2843 2752 2942 2815 δεῖ,
2976 2752 3151 2805 καὶτὸ
3182 2751 3423 2822 βάδισμα
3453 2751 3582 2823 ἡρε-

1981 2851 2080 2905 μον
2104 2836 2250 2904 ἔχειν
2281 2840 2376 2890 καὶ
2409 2837 2656 2908 ἡσύχιον,
2690 2837 2784 2890 καὶ
2820 2837 2920 2906 τὴν
2973 2834 3166 2905 στολὴν
3212 2834 3584 2905 κατεσταλμέ-

1979 2937 2097 2989 νην,
2131 2921 2224 2972 καὶ
2259 2921 2346 2974 διὰ
2388 2922 2608 2975 πάντων
2636 2921 2975 2985 ἁπαξαπλῶς
3016 2917 3376 2990 ῥυθμίζεσθαι
3417 2935 3582 2990 προσ-

1977 3003 2100 3073 ήκει
2132 3003 2222 3055 τὸν
2253 3005 2715 3077 ἀπογραψάμενον
2759 3008 2838 3068 εἰς
2869 3006 2930 3058 τὸ
2960 3006 3058 3075 τῆς
3089 3003 3294 3073 ἀρετῆς
3328 3002 3542 3056 στάδιον
3562 3019 3576 3034 ·

1977 3089 2010 3157 ή
2036 3088 2145 3157 γάρ
2176 3088 2285 3141 τῶν
2319 3089 2500 3160 μελῶν
2527 3091 2637 3142 τῶν
2666 3089 2866 3152 ἔξωθεν
2892 3088 3117 3153 εὐταξία
3151 3085 3316 3140 εἰκών
3352 3087 3436 3150 τίς
3460 3087 3580 3140 ἐστι

1974 3170 2076 3241 τῆς
2105 3174 2164 3225 ἐν
2189 3176 2256 3243 τῇ
2292 3173 2440 3244 ψυχῇ
2472 3174 2884 3232 καταστάσεως.

2062 3255 2268 3318 ς’.Ὲάν
2283 3259 2360 3324 εἰς
2374 3261 2625 3331 τοιαύτην
2640 3254 2925 3324 συνήθειαν
2938 3258 3001 3314 ἐκ
3018 3254 3310 3331 προοιμίων
3351 3252 3580 3317 ἑαυτοὺς

1976 3341 2436 3411 καταστήσωμεν,
2470 3339 2576 3410 όδῷ
2601 3339 2911 3409 βαδίζοντες
2931 3336 3119 3390 λοιπὸν
3153 3336 3272 3405 μετ’
3300 3334 3576 3400 εὐκολίας,

1977 3423 2132 3497 [75⁵1]
2166 3425 2266 3495 τὴν
2297 3424 2504 3496 ἀρετὴν
2533 3425 2753 3478 ἃπασαν
2786 3420 3137 3490 διανύσομεν,
3167 3419 3262 3472 καὶ
3293 3418 3414 3472 οὐδὲ
3445 3419 3576 3472 πολ-

1975 3505 2070 3558 λοῦ
2107 3507 2270 3560 πόνου
2307 3506 2638 3578 δεησόμεθα,
2671 3507 2766 3558 καὶ
2793 3503 2992 3574 πολλὴν
3024 3501 3448 3571 ἐπισπασόμεθα
3476 3503 3578 3575 τὴν

1975 3589 2184 3643 ἀνωθεν
2216 3592 2410 3661 ῥοπήν.
2444 3589 2602 3643 Οὕτω
2631 3589 2742 3660 γὰρ
2768 3585 3112 3656 δυνησόμεθα
3142 3587 3237 3639 καὶ
3261 3585 3330 3639 τά
3354 3585 3578 3656 κύματα

1973 3672 2070 3726 τοῦ
2103 3675 2370 3744 παρόντος
2407 3674 2525 3744 βίου
2558 3674 2698 3745 μετά
2750 3673 3054 3742 ἀσφαλείας
3103 3669 3445 3741 διαδραμεῖν,
3480 3671 3576 3724 καὶ

1973 3756 2088 3810 τῶν
2112 3757 2208 3810 τοῦ
2264 3757 2512 3811 διαϐόλου
2565 3757 2808 3826 παγίδων
2859 3754 3122 3826 ἀνώτεροι
3177 3755 3573 3817 καταστάντες,

1976 3841 2085 3895 τῶν
2112 3841 2348 3896 αἰωνίων
2386 3840 2611 3912 ἀγαθῶν
2644 3842 2946 3910 ἐπιτυχεῖν,
2996 3839 3182 3908 χάριτι
3232 3837 3327 3891 καὶ
3379 3837 3574 3907 φιλαν-

1977 3925 2196 3997 θρωπία
2218 3926 2312 3979 τοῦ
2342 3927 2550 3998 Κυρίου
2575 3924 2734 3996 ἡμῶν
2773 3921 2947 3994 Ἰησοῦ
2972 3920 3231 3992 Χριστοῦ,
3264 3914 3466 3992 μεθόὗ
3495 3919 3575 3992 τῷ

1977 4011 2154 4081 Πατρὶ
2186 4009 2306 4081 ἅμα
2333 4009 2413 4080 τῷ
2447 4009 2590 4080 ἀγίῳ
2623 4006 2905 4076 Πνεύματι
2938 4004 3086 4072 δόξα,
3139 4007 3361 4077 κράτος,
3411 4004 3572 4077 τιμὴ,

1975 4091 2072 4149 νῦν
2096 4094 2191 4149 καὶ
2215 4094 2325 4162 ἀεὶ,
2352 4093 2447 4149 καὶ
2474 4097 2556 4157 εἰς
2592 4093 2718 4157 τοὺς
2748 4090 2950 4154 αίῶνας
2972 4088 3082 4144 τῶν
3109 4088 3348 4145 αἰώνων.
3373 4089 3569 4160 ’Δμήν.
