4098 6458
293 378 399 433 ’173
995 373 1062 430 IN
1101 371 1587 432 ASCENSIONEM
1625 344 1690 428 .D.
1730 370 1797 426 N.
1837 369 1886 427 J.
1931 370 1996 428 C.
2039 369 2130 426 ET
2164 365 2230 422 IN
2268 365 2569 424 PRINCIP.
2610 364 2770 425 ACT.
2811 364 2878 423 ll.

321 379 399 484 :73
995 373 1062 430 IN
1101 371 1587 432 ASCENSIONEM
1629 372 1690 428 D.
1730 370 1797 426 N.
1837 369 1885 427 J.

1992 412 1996 426 .
2039 369 2130 426 ET
2164 365 2230 422 IN
2268 365 2569 424 PRINCIP.
2610 364 2770 425 ACT.
2811 364 2878 423 ll.
3471 360 3579 426 ΤΜ

297 520 3550 560 W—-—_'
2268 526 2428 534 ""
2437 526 2484 533 "
2491 525 2720 534 “¹“¹-’³

605 775 777 851 QUIE
818 773 917 834 DE
956 773 1484 837 ASSUMPTIONE
1525 772 1674 834 VEL
1728 771 1830 832 DE
1871 768 2339 832 ASCENSIONE
2381 765 2690 830 CHRISTI
2729 767 3238 830 INSCRIBITUB.

289 985 492 1043 deinde
546 984 798 1056 pluribus
826 983 1154 1054 disquiritur
1187 985 1314 1056 quis
1347 986 1420 1043 sit
1454 986 1618 1042 istius
1652 984 1776 1041 libri
1813 993 2026 1050 auctor,
2066 983 2439 1055 probaturque
2471 995 2597 1037 esse
2618 981 2823 1037 Lucam
2861 999 2878 1036 :
2907 988 3101 1052 estque
3127 978 3443 1036 dissertatio
3481 977 3574 1034 illa

290 1093 422 1133 vere
458 1077 850 1148 Cbrysostomo
889 1078 1092 1150 digna;
1133 1092 1312 1149 neque
1341 1077 1596 1134 dubitare
1631 1076 1780 1142 licet,
1809 1077 1866 1131 ni
1922 1075 2104 1140 fallor,
2131 1090 2254 1130 eam
2288 1075 2356 1130 ad
2389 1073 2672 1129 homiliam
2711 1073 2827 1143 jam
2864 1081 3225 1129 memoratam
3257 1071 3556 1141 pertinere.

291 1171 576 1226 Articulus
596 1185 818 1241 quoque
845 1188 1082 1242 sequens
1116 1185 1349 1227 numero
1386 1170 1453 1226 to
1482 1171 1804 1240 inscriptus,
1832 1169 1926 1224 ubi
1961 1169 2228 1240 quaeritur
2248 1166 2469 1240 quoties
2489 1165 2746 1223 Christus
2795 1175 2921 1236 post
2961 1164 3424 1222 resurrectionem
3473 1177 3561 1233 ap-

293 1261 558 1331 paruerit,
592 1261 841 1332 ejusdem
873 1263 1115 1319 homiliaa
1153 1263 1357 1320 lacinia
1395 1277 1516 1319 esse
1548 1261 1780 1318 omnino
1799 1259 2034 1326 videtur,
2070 1261 2175 1315 etsi
2205 1258 2347 1315 forte
2377 1273 2490 1313 non
2515 1259 2780 1315 continue
2807 1256 2987 1327 posita
3012 1255 3197 1312 fuerit.

366 1353 575 1409 Caetera
612 1356 800 1410 omnia
829 1371 897 1410 ex
924 1356 1094 1418 variis
1121 1354 1507 1425 scriptoribus,
1531 1365 1586 1411 et
1617 1354 1761 1408 forte
1794 1351 2060 1406 nonnulla
2087 1362 2154 1405 ex
2178 1338 2560 1420 Cbrysostomi
2593 1347 2836 1404 homiliis
2863 1345 3121 1416 decerpta
3155 1353 3304 1400 sunt.
3357 1343 3576 1400 Titulus

296 1443 352 1504 in
396 1445 782 1512 Ascensipnem
801 1445 1034 1508 Domini,
1068 1461 1176 1502 non
1199 1445 1268 1500 ad
1296 1455 1463 1501 totam
1488 1443 1795 1499 orationem
1821 1441 2096 1512 quadrare
2123 1447 2322 1510 potest,
2355 1441 2454 1494 sed
2483 1440 2552 1495 ad
2581 1438 2850 1509 quasdam
2884 1448 3094 1493 tantum
3130 1437 3279 1492 illius
3332 1436 3578 1506 particu-

293 1544 395 1590 las.
451 1534 784 1591 Prommium
818 1552 926 1592 non
957 1537 1203 1606 ineptum
1235 1545 1336 1591 est.
1375 1536 1433 1590 ln
1474 1551 1628 1591 num.
1663 1534 1701 1588 2
1746 1543 1873 1589 cum
1899 1532 2033 1588 dicit
2060 1532 2418 1587 concionator
2453 1541 2510 1586 et
2553 1545 2614 1586 se
2645 1541 2702 1586 et
2727 1529 3010 1586 auditores
3063 1530 3208 1585 aeris
3247 1527 3572 1600 intemperie

294 1629 591 1698 impeditos
632 1628 805 1684 fuisse
824 1630 1122 1700 quominus
1161 1630 1521 1686 ascenderent
1563 1629 1618 1683 in
1663 1626 1905 1682 Montem
1957 1626 2248 1691 olivarum,
2301 1623 2509 1681 indicat
2552 1623 2866 1690 homiliam,
2907 1630 3006 1678 aut
3041 1622 3147 1677 hoc
3182 1621 3377 1678 saltem
3415 1637 3583 1677 assu-

292 1730 564 1787 mentum,
586 1720 939 1793 Jerosolymae
960 1723 1165 1779 dictum
1188 1723 1381 1780 fuisse.
1400 1724 1458 1778 In
1481 1736 1710 1778 numero
1738 1721 1772 1776 5
1801 1720 2026 1784 dicitur,
2063 1719 2262 1775 lectum
2294 1716 2467 1773 fuisse
2489 1717 2581 1774 illo
2603 1716 2695 1771 die
2737 1715 2868 1772 illud
2894 1731 2964 1771 ex
2995 1715 3283 1786 evangelio
3303 1712 3534 1769 Joannis
3561 1732 3574 1767 :

292 1811 433 1868 Cum
464 1827 583 1867 sero
614 1822 751 1867 esset
780 1813 867 1866 die
895 1813 1005 1867 illa
1039 1830 1148 1868 una
1180 1813 1530 1868 sabbatorum
1569 1822 1701 1878 etc.,
1733 1819 1856 1880 quae
1889 1818 2040 1866 certe
2069 1809 2136 1864 ad
2169 1810 2527 1866 Ascensionis
2561 1810 2704 1865 diem
2732 1824 2846 1865 non
2880 1807 3199 1880 pertinent;
3255 1806 3311 1860 in
3348 1819 3588 1875 sequen-
3614 1853 3625 1868 _,

290 1907 444 1967 tibus
475 1906 724 1962 numeris
755 1921 929 1977 usque
942 1908 1008 1962 ad
1031 1909 1325 1978 septimum
1352 1907 1422 1962 de
1447 1906 1552 1961 hoc
1577 1905 1855 1975 Evangelii
1877 1906 2000 1962 loco
2021 1904 2232 1974 agitur,
2248 1913 2302 1959 et
2325 1912 2512 1974 postea
2533 1903 2786 1974 pluribus
2816 1902 2887 1958 de
2925 1900 3309 1958 incredulitate
3334 1899 3585 1955 Thema}.

293 2001 538 2057 Numero
566 2002 599 2056 7
623 2003 812 2071 paucis
839 2003 909 2058 de
934 2003 1256 2060 ascensione
1280 2003 1495 2058 Domini
1516 2003 1718 2072 agitur.
1753 1999 2015 2064 Octavus,
2038 2014 2218 2056 nonus
2236 2007 2292 2054 et
2306 1999 2556 2069 decimus
2585 2013 2854 2055 numerus
2877 1998 2946 2053 ad
2971 1996 3257 2052 bomiliam
3277 1995 3581 2052 secundam

295 2095 354 2150 in
402 2094 816 2165 inscriptionem
853 2098 1087 2152 Actuum
1136 2097 1524 2169 Apostolorum
1556 2098 1812 2168 pertinet,
1845 2104 1904 2152 ut
1936 2096 2201 2152 diximus.
2228 2093 2538 2154 Undecimo
2575 2109 2810 2150 numero
2832 2096 2901 2150 de
2926 2093 3114 2150 divina
3149 2106 3336 2148 mensa
3379 2091 3584 2164 agitur.

313 2186 653 2243 Duodecimo
702 2187 769 2243 de
815 2186 1052 2258 Spiritus
1081 2190 1259 2246 sancti
1293 2191 1558 2246 descensu
1600 2191 1656 2246 in
1687 2190 1987 2260 apostolos.
2044 2189 2270 2244 Decimo
2317 2188 2481 2244 tertio
2528 2187 2798 2258 quaeritur
2853 2200 2966 2257 quo
3009 2185 3284 2257 baptismo
3329 2183 3592 2254 baptizati
3652 2196 3654 2199 ·

295 2278 506 2333 fuerint
554 2280 790 2349 apostoli
828 2291 955 2337 ante
1008 2281 1335 2338 descensum
1378 2281 1622 2352 Spiritus
1656 2282 1854 2348 sancti,
1903 2289 1960 2337 et
2002 2279 2355 2337 concluditur
2388 2279 2698 2351 baptizatos
2749 2279 2925 2336 fuisse
2957 2277 3288 2350 baptismate
3318 2273 3587 2330 Joannis.

299 2374 528 2430 Decimo
558 2385 757 2445 quarto
785 2377 929 2431 idem
965 2388 1348 2447 argumentum
1383 2387 1669 2442 tractatur,
1693 2387 1749 2433 et
1777 2378 1958 2446 agitur
2000 2376 2236 2447 carptim
2282 2385 2474 2432 contra
2511 2375 2834 2432 Anommos.
2857 2375 2915 2431 In
2947 2374 3160 2430 caeteris
3193 2384 3412 2442 quoque
3450 2367 3589 2423 arti-

307 2464 452 2520 culis
480 2463 552 2520 de
582 2465 753 2522 variis
781 2466 968 2537 agitur
995 2468 1177 2534 rebus,
1200 2479 1252 2522 et
1271 2471 1351 2524 sic
1386 2468 1662 2524 clauditur
1692 2469 1782 2524 hic
1815 2478 1998 2535 cento,
2029 2484 2061 2523 a
2099 2451 2352 2524 Graeculo
2385 2468 2647 2538 quopiam
2677 2467 2847 2523 variis
2895 2481 2961 2523 ex
2994 2465 3132 2521 locis
3153 2461 3591 2520 consarcinatus.

295 2560 571 2616 Cancrum
609 2559 740 2615 Mss.
771 2561 915 2616 inter
943 2577 1004 2617 se
1025 2564 1278 2629 variant;
1312 2564 1366 2617 in
1397 2563 1566 2634 Regio
1585 2563 1732 2619 enim
1778 2562 1885 2618 abl

1992 2561 2187 2627 verbis,
2222 2561 2319 2616 καὶ
2347 2561 2672 2631 ἀναλήψεως
2696 2558 3084 2631 καὶδευτέρας
3116 2555 3445 2626 παρουσίας,
3468 2569 3596 2624 qua

296 2666 592 2706 numerum
629 2650 666 2704 2
693 2653 977 2720 claudunt,
1031 2669 1206 2726 usque
1238 2655 1306 2710 ad
1344 2657 1458 2710 haec
1481 2657 1643 2710 verba
1670 2673 1728 2710 tt.
1761 2654 1816 2724 7,
1855 2657 1885 2710 δ

1992 2673 2015 2709 ε
2041 2651 2337 2726 ἀναδῶμεν
2366 2655 2446 2717 εις
2475 2651 2540 2708 τὸ
2570 2652 2700 2724 ὅρος
2725 2650 2822 2706 τοῦ
2855 2651 3088 2723 Κυρίου,
3113 2649 3301 2714 omnia
3335 2647 3538 2704 absunt
3572 2656 3588 2695 :

298 2762 367 2802 ac
394 2747 637 2803 vicissim
676 2748 819 2803 idem
849 2747 1050 2819 Regius
1071 2759 1194 2821 post
1235 2754 1351 2806 haec
1399 2751 1566 2806 verba
1602 2767 1832 2808 numero
1867 2752 1885 2806 l

2004 2751 2120 2805 ἀλλ’
2169 2749 2362 2822 ὥσπερ
2385 2749 2486 2820 τῆς
2513 2750 2872 2813 ἀναστάσεως
2916 2748 3074 2820 ἔσχεν
3125 2747 3414 2820 μάρτυρας
3459 2746 3589 2810 τοὺς

297 2837 617 2910 ὀφθαλμοὺς
658 2841 768 2893 τῶν
833 2843 1115 2913 μαθητῶν,
1161 2844 1336 2912 οὕτως
1392 2846 1589 2911 αὐτοὺς
1642 2848 1885 2901 αὑτόπτα

1992 2849 2108 2902 ιοιεϊ
2152 2849 2254 2920 τῆς
2301 2846 2647 2924 ἀναλήψεως,
2697 2859 2911 2921 septem
2941 2857 3133 2907 octove
3166 2849 3390 2923 paginas
3431 2847 3590 2920 quis-

298 2929 492 3005 quiliis
539 2931 726 3001 plenas
773 2936 981 3005 adjicit,
1024 2951 1148 3007 qua:
1172 2953 1280 2994 non
1314 2950 1443 2995 sunt
1466 2940 1520 2993 in
1555 2939 1943 2995 Ottoboniano.
3347 2957 3349 2960 ‘

1185 3593 1307 3676 IN
1360 3583 2178 3676 ASCENSIONEM
2229 3584 2666 3671 DOMINI

907 3769 1133 3813 nosrnt
1176 3768 1326 3812 sese
1358 3769 1635 3824 CHRISTI,
1683 3768 1763 3810 ET
1809 3767 1873 3809 IN
1917 3763 2293 3808 PRINCIPIUM
2339 3761 2640 3807 scronuu
2674 3721 2771 3804 tt/|
2817 3745 2919 3818 (α).

1760 3889 2129 3946 0W0

369 4025 414 4075 l.
442 4021 649 4074 llivitia‘.
662 4018 840 4081 nobis,
856 4030 920 4071 ac
937 4019 1591 4088 tlmsaurus,zetcrnzeque
1607 4011 1731 4064 vita-
1764 4011 1886 4065 fon-

294 4120 376 4166 tes
404 4120 525 4164 sunt
559 4110 857 4162 Servatoris
883 4106 1197 4161 oeconomiae
1225 4147 1237 4171 ,
1266 4121 1397 4175 quas
1424 4115 1478 4158 et
1503 4119 1755 4159 enarrare
1785 4119 1847 4157 cu
1866 4132 1881 4143 -

1995 4007 2177 4064 deticit
2212 4010 2269 4074 ³,
2321 4009 2447 4064 dum
2497 4009 2792 4079 potentiam
2840 4011 2956 4080 ejus
3007 4013 3254 4080 resgiicit;
3299 4014 3345 4068 si
3394 4015 3594 4072 Paulus

1989 4100 2271 4169 theologus
2294 4103 2632 4171 cmlestisque
2657 4103 2744 4157 illa
2775 4103 2897 4157 tuba
2930 4103 3158 4170 clamat,
3189 4103 3234 4157 0
3262 4106 3478 4160 altitudo
3499 4110 3584 4161 di-

295 4201 470 4271 pimus
517 4215 566 4251 vt
612 4198 903 4267 prmdicare
943 4197 1094 4252 [estin
1121 4210 1287 4256 unus;
1333 4211 1430 4264 pro
1471 4198 1663 4249 merito
1705 4203 1882 4247 autent

291 4292 565 4343 celebrare
605 4306 706 4341 non
735 4288 992 4341 valemus.
1026 4287 1221 4339 thi'llm
1246 4285 1512 4338 desiderio
1541 4285 1700 4352 capti,
1723 4294 1776 4338 et
1805 4285 1886 4337 in-

292 4380 602 4434 ﬁrmitatem
626 4380 942 4432 conﬁtcntes
970 4390 1225 4438 nostram,
1249 4377 1314 4428 ad
1345 4374 1709 4444 propheticatn
1738 4375 1882 4428 illam

291 4485 502 4533 vocem,
527 4485 622 4522 ceu
647 4469 710 4522 ad
736 4468 1076 4536 tranquillum
1108 4477 1316 4535 portum
1343 4466 1678 4535 conlitgimus
1710 4483 1729 4520 :.
1757 4466 1883 4530 Quis

291 4562 524 4629 loquetur
555 4559 801 4626 polentia;
825 4559 1062 4623 Domini,
1103 4560 1304 4610 auditas
1335 4559 1484 4625 faciet
1514 4572 1686 4609 omnes
1709 4557 1885 4608 laudes

289 4663 400 4716 eius
436 4648 608 4715 (Paul.
635 4650 755 4703 105.
784 4649 870 4718 2)?
896 4648 1028 4702 Nam
1056 4651 1099 4702 si
1126 4629 1349 4716 magnus
1376 4648 1462 4700 ille
1492 4647 1771 4715 preplteta,
1799 4647 1884 4700 cui

291 4742 605 4795 absconaita
645 4749 699 4793 et
724 4740 933 4794 occulta
965 4741 1243 4809 sapientia:
1270 4754 1380 4792 sua:
1411 4739 1670 4794 revelavit
1700 4739 1838 4793 Deus
1865 4780 1879 4804 ,

292 4831 384 4899 qui
428 4829 676 4899 dignatus
701 4838 784 4883 est
807 4827 1003 4882 Christi
1045 4840 1198 4896 pater
1226 4829 1448 4892 vocari,
1493 4829 1656 4881 David
1699 4828 1886 4882 beatus

292 4919 382 4974 ille
407 4927 463 4975 et
490 4933 715 4988 magnus
747 4919 798 4972 in
828 4918 1122 4988 prophetis,
1151 4917 1415 4986 gloriosus
1446 4919 1498 4972 in
1526 4920 1762 4987 regibus,
1789 4919 1885 4974 Dei

293 5013 519 5074 anticus,
546 5010 701 5079 cujus
724 5025 820 5065 cor
847 5009 984 5080 apud
1019 5011 1190 5079 ipsum
1224 5013 1512 5079 pretiosum
1539 5022 1654 5066 erat
1682 5054 1697 5077 ,
1729 5013 1800 5066 ita
1829 5023 1888 5066 nt

295 5103 410 5172 ipse
438 5102 578 5155 Deus
603 5102 807 5156 diceret
837 5117 849 5152 :
882 5099 1062 5154 Inveni
1094 5099 1260 5154 David
1301 5100 1467 5168 ﬁlium
1503 5101 1694 5168 Jcssw,
1725 5106 1886 5156 virum

297 5194 572 5249 secundum
599 5210 686 5247 cor
710 5209 875 5247 meum
906 5193 1045 5260 (Act.
1085 5194 1172 5248 15.
1199 5193 1322 5262 2Ξ);
1357 5194 1400 5248 si
1435 5195 1525 5248 ille
1553 5196 1672 5247 talis
1697 5209 1757 5248 ac
1781 5205 1888 5248 tan-

298 5294 416 5348 tus,
452 5282 869 5351 magnitudinem
908 5281 1103 5337 divina:
1129 5285 1450 5352 cognitionis
1481 5285 1772 5353 respiciens
1808 5286 1889 5340 di-

296 5375 451 5428 cebat
479 5390 492 5423 :
528 5373 779 5426 .llirabt'lis
804 5375 943 5443 facta
970 5384 1040 5426 est
1063 5375 1271 5426 scicntia
1293 5386 1379 5425 tua
1402 5392 1462 5428 ex
1482 5391 1577 5435 me,
1602 5379 1888 5444 conformat

302 5474 378 5518 est
404 5505 419 5527 ,
454 5480 554 5516 non
593 5474 765 5532 potero
797 5464 865 5516 ad
904 5481 1014 5516 eam
1060 5463 1231 5534 (I’sal.
1265 5467 1386 5520 158.
1416 5467 1470 5535 6)
1499 5484 1513 5531 ;
1554 5467 1598 5519 si
1631 5469 1887 5536 propheta

367 5559 377 5584 ι
397 5553 510 5602 md.
530 5561 644 5615 Reg.
666 5554 786 5602 “86
801 5556 868 5602 sic
886 5552 1031 5615 effert
1047 5554 1262 5603 titulum:
1285 5553 1491 5605 Hontt'lia
1508 5555 1557 5605 in
1579 5555 1891 5607 incredulita-

298 5623 392 5686 tvnt
421 5614 627 5675 Thamar,
647 5622 691 5665 et
712 5614 1038 5667 .-l$CBiloi0ﬂ€Ul
1063 5616 1250 5668 nonani
1288 5617 1436 5666 nostri
1459 5625 1574 5668 Jesu
1596 5618 1775 5670 Christ!
1791 5618 1891 5670 veri

297 5683 435 5795 “(lio
460 5741 697 5799 Exscripta
725 5752 784 5786 cx
823 5739 929 5787 cmi.
976 5740 1293 5789 Ottnbnaiano
1329 5751 1374 5791 et
1409 5740 1580 5790 allata
1615 5756 1723 5792 cum
1747 5743 1886 5795 codd.

305 5808 398 5872 fies;
444 5800 563 5849 22030
600 5802 616 5860 (
644 5815 759 5850 tum;
797 5802 906 5850 ΗΠ
934 5803 970 5863 ),
1001 5810 1048 5850 et
1068 5801 1182 5850 20.27
1213 5804 1379 5864 (nunc
1406 5803 1520 5853 uso
1545 5806 1584 5865 ).

1988 4195 2224 4246 vitiarunt
2258 4206 2304 4248 et
2331 4197 2596 4264 sapientia:
2621 4206 2670 4249 et
2703 4198 2924 4249 scientia?
2966 4195 3094 4262 Dei,
3123 4213 3276 4266 quant
3306 4198 3589 4270 incompre-

1990 4286 2256 4339 hensibilia
2293 4297 2411 4340 sunt
2429 4287 2630 4355 judicia
2663 4288 2774 4357 ejus
2798 4327 2813 4350 ,
2855 4297 2900 4340 et
2926 4287 3298 4355 investigubiles
3337 4290 3431 4342 via:
3475 4293 3591 4361 ejus

1990 4375 2168 4446 (Rom.
2199 4378 2287 4430 Η.
2329 4377 2452 4445 35)!
2486 4380 2528 4431 si
2558 4379 2939 4447 prophetarum
2974 4387 3029 4432 et
3068 4381 3432 4447 apostolorum
3475 4382 3580 4437 lin-
3610 4401 3624 4414 ·

1989 4483 2104 4536 gms
2124 4508 2138 4530 ,
2174 4476 2252 4521 tot
2279 4467 2478 4522 ﬂuenta
2510 4469 2819 4522 cmittentcs
2839 4508 2854 4532 ,
2883 4470 3078 4537 quibus
3109 4471 3313 4540 repleta
3351 4481 3435 4526 est
3464 4475 3586 4527 titti-

1991 4573 2147 4612 versa
2179 4567 2321 4612 terra
2349 4548 2654 4628 cognitione
2686 4559 2916 4623 Domini,
2945 4561 3014 4614 ita
3039 4570 3096 4614 ut
3117 4577 3254 4632 aqua
3282 4564 3445 4618 multa
3470 4580 3586 4620 ma-

1990 4652 2069 4703 ria
2099 4659 2333 4719 tegeret;
2367 4651 2411 4705 si
2441 4659 2585 4705 tanta
2617 4651 2848 4720 taliaque
2876 4651 3096 4706 ﬂumina
3123 4654 3394 4708 inﬂuentia
3417 4697 3431 4721 ,
3467 4671 3588 4726 qua!

1992 4741 2207 4810 pietatis
2252 4757 2401 4797 mare
2444 4742 2796 4806 constituunt,
2838 4754 2897 4797 se
2937 4745 3178 4812 superari
3212 4748 3444 4801 fatentur
3470 4788 3485 4811 ,
3531 4757 3586 4805 ut

1992 4831 2277 4886 ostendant
2313 4831 2430 4901 ejus
2459 4831 2548 4901 qui
2595 4831 2915 4901 prmdicatnr
2954 4835 3246 4903 potentiam
3280 4853 3294 4889 :
3326 4845 3473 4892 tanto
3499 4853 3588 4892 sa-

1993 4922 2208 4992 pientia:
2237 4925 2427 4994 pelago
2466 4925 2745 4994 proposito
2768 4964 2783 4988 ,
2829 4924 2958 4994 quid
3005 4940 3128 4980 esse
3167 4927 3436 4984 videbitur
3462 4945 3587 5000 per-

1993 5029 2151 5083 qnam
2183 5015 2373 5085 exigua
2396 5015 2544 5070 verbi
2571 5015 2752 5070 stilla?
2785 5015 2980 5071 Verum
3004 5028 3221 5088 torpere
3245 5036 3353 5075 non
3390 5020 3545 5077 decet
3569 5065 3586 5086 ,

1994 5104 2203 5159 etiamsi
2229 5105 2295 5160 ad
2317 5106 2740 5176 magnitudinem
2773 5106 3058 5176 theologia:
3081 5109 3464 5178 respiciamus;
3493 5115 3586 5168 sed

1996 5194 2092 5248 Dei
2123 5196 2460 5264 propositum
2494 5196 2860 5266 spectantibus
2886 5197 3067 5252 divina
3092 5198 3336 5254 doctrina
3363 5201 3587 5260 ﬁdenter

1994 5295 2078 5339 est
2105 5285 2370 5340 adeunda.
2399 5286 2627 5342 Praemia
2655 5287 2854 5358 quippe
2875 5301 2972 5344 sua
2997 5289 3137 5344 Deus
3162 5289 3453 5358 distribuit,
3483 5310 3587 5351 non

1995 5391 2093 5444 pro
2138 5377 2397 5448 dignitate
2445 5393 2634 5433 eorum
2679 5394 2799 5450 qua:
2844 5379 3126 5445 dicuntur,
3164 5381 3258 5436 sed
3293 5385 3585 5441 secundum

1997 5468 2399 5535 praedicantium
2423 5466 2698 5534 allectum,
2726 5476 2780 5523 et
2808 5468 3103 5524 secundum
3130 5471 3431 5528 auditorum
3453 5477 3585 5529 cari-

1996 5568 2181 5613 tatem.
2210 5559 2289 5614 Ac
2308 5559 2758 5629 quemadmodum
2785 5569 2963 5630 patres
2987 5561 3155 5632 prolis
3174 5573 3438 5629 amantes,
3463 5580 3583 5621 cum

1996 5651 2133 5708 ﬁlios
2157 5666 2284 5706 suos
2313 5651 2496 5708 vident
2514 5651 2896 5720 balbutientes,
2924 5662 2980 5708 et
3003 5654 3182 5711 verbis
3205 5655 3591 5730 claudicantes,

2064 5809 2079 5839 ι
2109 5815 2448 5870 negtusnnus,
2474 5808 2612 5872 liii,
2641 5808 2802 5875 deﬁcit
2825 5819 2870 5862 et
2897 5816 3070 5872 torpet.
