4098 6474
485 414 599 471 775

486 546 594 601 non
623 529 781 585 verba
804 526 979 583 minus
998 524 1274 580 articulate
1293 523 1500 593 prolata
1526 519 1841 590 respiciunt,
1864 517 1957 573 sed
1982 517 2058 573 al“—

483 619 682 677 fectnm
711 628 936 685 natnrm,
964 618 1196 689 ipsisque
1223 617 1369 672 omni
1394 614 1664 669 rhetorico
1689 620 1944 683 apparatu
1962 652 1978 677 ,
2006 620 2062 665 et

486 712 853 784 philosophica
893 710 1219 764 sublimitate
1241 705 1521 778 jucundior
1541 715 1625 760 est
1654 704 1743 759 illa
1772 716 2059 774 puerorum

490 803 753 858 balbuties
784 816 803 857 ;
828 800 907 855 sic
927 810 1089 856 etiam
1116 800 1259 854 Deus
1282 812 1387 852 non
1427 796 1635 867 linguas
1673 803 1881 849 nostras
1918 792 2059 848 circa

486 894 808 965 theologiam
845 893 1241 958 balbutientes,
1288 889 1383 945 sed
1425 903 1664 944 amorem
1710 885 2062 955 ati‘ectumque

483 995 727 1039 nostrum
754 984 990 1053 respicit,
1020 982 1271 1053 quoniam
1304 980 1407 1035 (ide
1428 977 1776 1049 praedicamus
1801 983 1858 1031 et
1877 988 2061 1029 amore

482 1075 844 1132 celebramus.
900 1072 1014 1128 Non
1043 1079 1219 1142 potest
1251 1070 1394 1126 enim
1441 1069 1673 1123 humana
1710 1066 1887 1138 l’avgua
1918 1066 2063 1120 clare

481 1165 626 1237 loqui
650 1206 667 1229 .
713 1163 808 1219 sed
848 1160 1109 1234 quidquid
1152 1161 1221 1217 de
1262 1161 1370 1215 Deo
1405 1158 1636 1214 dicimus
1718 1154 2063 1212 balbutiendo

482 1255 821 1326 proferimus.
866 1252 1079 1322 Quare?
1120 1252 1381 1320 Quoniam
1430 1250 1627 1306 Paulus
1669 1248 1785 1319 ipse
1819 1248 2059 1302 clamat:

485 1350 569 1405 Es
591 1358 734 1421 parte
754 1347 1096 1419 cognoscimus
1124 1354 1172 1400 et
1199 1360 1262 1400 ex
1289 1352 1431 1415 parte
1455 1341 1811 1414 prophetamus
1839 1340 1916 1411 (1.
1938 1346 2060 1397 (ιον.

484 1444 570 1499 15.
601 1442 681 1513 9).
710 1442 959 1496 Attamen
979 1438 1189 1495 etiamsi
1218 1436 1594 1502 balbutiamus,
1625 1432 2062 1506 praedicationem

484 1535 633 1607 pacis
662 1534 817 1589 nobis
851 1532 992 1588 Deus
1023 1530 1312 1586 commisit.
1343 1528 1700 1597 Quamobrem
1731 1527 1925 1581 clamat
1955 1524 2065 1579 He-

481 1626 621 1680 saias
646 1642 661 1678 :
685 1624 753 1677 Et
774 1624 961 1695 lingua:
976 1621 1234 1676 bulborum
1255 1619 1443 1676 discent
1464 1618 1601 1688 loqui
1620 1634 1795 1689 pacem
1816 1614 1866 1686 (1
1870 1616 1943 1670 sai
1952 1614 2062 1671 .32.

480 1718 562 1788 ι).
594 1715 834 1787 Agedum
875 1727 1218 1769 communem
1269 1710 1483 1765 Patrem
1530 1708 1918 1777 Dominumque
1964 1720 2065 1760 nu-

480 1819 649 1862 atrum
681 1805 1037 1861 balbutientes
1066 1802 1248 1874 paucis
1278 1801 1617 1871 alloquamur
1640 1840 1654 1866 ,
1681 1798 1772 1868 qui
1810 1796 2062 1865 dignatus

480 1906 564 1954 est
587 1896 859 1967 discipulis
882 1895 1086 1961 dicere,
1121 1892 1338 1949 Pueruli
1368 1891 1544 1965 (Joan.
1574 1890 1663 1946 15.
1695 1888 1786 1960 35)
1828 1905 1844 1942 :
1874 1902 1996 1941 nam
2019 1885 2066 1941 si

481 2003 676 2061 pueros
712 1997 910 2053 vocat,
959 1984 1320 2042 balbutientes
1365 1996 1557 2052 pueros
1602 1980 1759 2036 feret.
1801 1979 2065 2047 Quoniam

480 2094 608 2135 vero
632 2079 767 2134 dixit
793 2092 915 2133 eum
945 2084 1275 2144 assumptum
1301 2087 1423 2129 esse
1449 2074 1501 2127 in
1539 2071 1722 2138 caelos,
1746 2078 1802 2125 et
1836 2070 1922 2125 illa
1951 2068 2069 2139 ejus

478 2172 797 2229 celebranda
818 2170 1078 2226 Ascensio
1098 2167 1387 2239 praedicata
1410 2175 1513 2233 est,
1537 2181 1643 2220 non
1674 2174 1916 2233 tempore
1938 2178 2069 2219 con-

479 2263 715 2319 cluditur
739 2262 931 2335 gratia,
965 2275 1142 2332 neque
1163 2259 1353 2316 diebus
1380 2258 1834 2314 circumscribitur
1857 2255 2067 2313 theolo-

478 2358 587 2429 gia.

551 2450 604 2503 2.
636 2444 1074 2518 Quandoquidem
1117 2451 1295 2499 autem
1321 2457 1443 2499 cum
1477 2440 1769 2497 ascendere
1801 2438 2069 2495 vellemus

483 2540 536 2595 in
565 2539 794 2593 Montem
836 2538 1097 2592 olivarum
1120 2576 1137 2601 ,
1167 2532 1442 2605 praepediti
1469 2547 1653 2588 sumus
1676 2572 1691 2597 ,
1723 2540 1783 2587 ut
1825 2530 2071 2587 Christus

482 2631 650 2695 novit,
680 2640 734 2684 et
756 2626 1086 2698 propositum
1112 2633 1353 2680 nostrum
1379 2623 1620 2679 mhibuit
1638 2622 1778 2678 aeris
1804 2620 2069 2690 intempe.

480 2722 588 2777 ries
624 2729 677 2775 et
707 2718 888 2789 pupuli
928 2716 1225 2787 frequentia
1256 2714 1410 2786 (haec
1436 2728 1596 2785 porro
1614 2712 1735 2768 dico
1761 2722 1819 2767 ut
1845 2726 2027 2767 eorum
2051 2750 2072 2778 ,

482 2814 571 2885 qui
610 2812 661 2869 id
692 2812 821 2867 mihi
849 2811 977 2867 vitio
1000 2818 1210 2865 vertere
1239 2808 1469 2873 vellent,
1502 2805 1862 2876 suspicionem
1888 2804 2077 2875 praci-

483 2903 652 2977 dam),
672 2903 923 2977 [cumque
943 2903 1205 2957 dictorum
1227 2899 1620 2956 multitudinem
1645 2897 2072 2962 considerantes,

483 2995 695 3051 dicendi
721 2994 827 3049 cito
852 2992 1009 3047 liuent
1030 2991 1333 3056 fecerimus,
1356 3005 1424 3045 ne
1451 2988 1713 3044 dictorum
1739 2987 2075 3043 multitudine

483 3085 794 3141 memoriam
813 3092 1044 3138 vestram
1061 3082 1432 3145 obrueremus,
1453 3079 1611 3135 hodie
1631 3078 1867 3134 debitum
1896 3076 2076 3133 reddi-

484 3190 623 3232 mus.
641 3176 852 3231 Etenim
874 3174 1129 3243 lexjussit
1145 3173 1162 3205 ¹
1180 3170 1202 3245 ]
1231 3187 1352 3226 eum
1368 3171 1459 3242 qui
1481 3172 1653 3241 primo
1672 3185 1856 3226 mense
1870 3169 2075 3225 Pascha

486 3284 597 3323 non
644 3267 1017 3332 celebrasset,
1047 3264 1282 3319 secundo
1329 3278 1515 3319 mense
1564 3263 1799 3318 debitum
1844 3263 2073 3318 solvere.

484 3358 629 3428 Opus
652 3366 827 3411 autem
854 3362 938 3410 est
962 3364 1019 3409 ut
1038 3354 1237 3421 sciatis,
1259 3354 1479 3408 verbum
1493 3353 1584 3408 Dei
1601 3368 1707 3408 non
1724 3352 2072 3422 temporibus,

487 3464 593 3504 non
618 3446 805 3502 diebus
831 3444 1233 3510 circumscribi;
1266 3444 1357 3499 sed
1386 3443 1619 3514 quotidie
1647 3443 2075 3513 praedicationem

489 3539 772 3595 admittere
795 3538 864 3594 de
890 3551 1069 3604 cruce,
1090 3534 1159 3591 de
1186 3536 1455 3606 passione,
1476 3535 1546 3592 de
1569 3536 1985 3599 resurrectione,
2008 3532 2077 3590 de

487 3630 821 3693 ascensione,
850 3626 920 3682 de
946 3626 1181 3683 secundo
1217 3626 1466 3682 adventu.

559 3721 613 3775 5.
654 3720 891 3789 Cumque
916 3719 939 3751 '
970 3732 1135 3788 pauca
1178 3732 1245 3773 ex
1290 3717 1484 3773 divinis
1538 3716 1717 3773 verbis
1750 3732 1871 3788 qum
1917 3715 2077 3773 hodie

486 3810 622 3867 lecta
672 3818 795 3864 sunt
834 3816 959 3863 ante
1007 3807 1463 3878 praelibaverimus
1487 3848 1502 3873 ,
1531 3821 1705 3877 exque
1757 3807 2078 3876 evangelicis

488 3900 721 3955 fontibus
744 3900 1097 3964 ltauserimus,
1121 3897 1201 3953 sic
1219 3898 1285 3953 ad
1303 3898 1711 3969 promissionem
1734 3899 2072 3954 accedamus.

446 4008 450 4013 '
493 3992 619 4047 Cum
638 4008 748 4046 sero
773 4001 919 4059 esset,
942 3991 1023 4045 die
1047 3990 1167 4057 illa,
1192 4007 1294 4045 una
1323 3990 1669 4055 sabbatorum,
1700 4006 1813 4043 cum
1838 3990 1972 4058 {ores
1995 4007 2075 4043 es-

488 4091 597 4138 sent
632 4082 819 4135 clause
857 4082 941 4136 ubi
971 4091 1113 4135 erant
1138 4082 1378 4150 discipuli
1421 4080 1745 4151 congregati,
1769 4082 1900 4135 venit
1925 4080 2078 4136 Iesus

487 4174 665 4243 (Joun.
685 4172 777 4228 20.
805 4171 914 4242 19).
936 4172 1012 4226 Ex
1038 4187 1146 4243 quo
1173 4172 1425 4227 Servatur
1448 4172 1896 4227 resurrectionem
1923 4172 2078 4226 nobis

487 4263 720 4334 paravit,
753 4277 875 4318 raro
908 4263 1425 4333 apparet:aliisque
1475 4276 1506 4317 a
1558 4262 1832 4318 Dominica
1888 4264 2077 4317 diebus

485 4354 762 4424 discipulis
789 4368 908 4410 sese
936 4354 1177 4410 exhibet.
1208 4353 1664 4421 Quemadmodum
1687 4355 1828 4409 enim
1854 4354 2078 4425 singulis

486 4445 721 4499 sabbatis
767 4458 1089 4515 synagogam
1116 4442 1333 4509 adibat,
1360 4454 1418 4499 ut
1462 4444 1707 4514 impleret
1751 4444 1920 4513 legem
1956 4445 2078 4500 :sic

489 4552 553 4589 ex
582 4549 689 4604 quo
713 4534 1153 4589 resurrectionem
1184 4534 1409 4603 paravit,
1430 4543 1481 4589 ct
1506 4536 1694 4604 pignus
1720 4533 1918 4588 mundo
1940 4542 2079 4587 attu-

488 4624 567 4689 lit,
592 4624 679 4678 die
700 4624 970 4678 Dominica
994 4639 1254 4694 apparere
1275 4626 1499 4690 curavit,
1516 4640 1622 4679 una
1637 4622 2001 4688 sabbatorum,
2022 4638 2080 4679 ut

490 4723 690 4768 sancta:
710 4713 1001 4769 Dominica:
1030 4714 1434 4769 fundamentum
1454 4724 1692 4783 poneret.
1716 4714 1849 4769 Nam
1876 4730 1994 4785 qum
2010 4714 2075 4769 ad

485 4806 702 4860 sabbata
736 4805 1063 4873 Spectabunt,
1087 4805 1245 4860 linem
1268 4804 1553 4869 habebant,
1572 4805 1907 4860 elDominica
1938 4805 2075 4871 dies,

486 4896 688 4950 scilicet
711 4895 1148 4961 resurrectionis,
1182 4894 1387 4949 initium
1416 4895 1685 4973 (ducebat,
1716 4906 1776 4951 ut
1816 4895 1884 4952 de
1912 4912 2079 4966 nuper

483 4989 639 5043 dictis
654 4989 705 5041 in
724 4987 979 5042 memoria
1000 4988 1191 5043 tenetis
1208 4986 1360 5043 ’.ϐιη-
1377 4972 1559 5043 beatus
1571 4988 1847 5043 Matthmus
1860 4990 2077 5044 sabbata

489 5080 809 5147 inscribens,
830 5087 885 5134 et
907 5079 1076 5134 sacris
1105 5078 1394 5134 Dominicis
1422 5079 1556 5133 dans
1583 5079 1812 5144 initium,
1842 5079 2073 5147 dicebat,

501 5170 709 5240 Vespere
724 5168 1069 5227 sabbatorum?
1087 5170 1220 5236 Quia
1238 5169 1360 5223 finis
1377 5178 1510 5235 erat,
1528 5180 1581 5224 et
1597 5186 1816 5241 vespera
1839 5171 2072 5240 priorum

487 5263 848 5329 sabbatorum,
878 5262 1006 5328 ρυω
1038 5262 1241 5315 lucescit
1282 5263 1335 5316 in
1372 5278 1474 5315 una
1513 5263 1831 5317 sabbatorum
1858 5264 2072 5332 (Matth.

486 5354 576 5410 28.
610 5355 688 5423 1).
716 5353 976 5423 Apparuit
995 5352 1153 5423 igitur
1178 5368 1300 5407 cum
1330 5354 1732 5421 resurrexisset,
1754 5370 1858 5410 una
1885 5356 2075 5411 sabba-

552 5466 589 5529 '_
606 5464 829 5513 Ottobon.
857 5470 911 5513 et
931 5470 1047 5529 Reg.
1075 5463 1213 5529 ly‘l,
1238 5464 1345 5514 loco
1375 5463 1566 5529 illorum
1601 5480 1713 5529 quae
1750 5469 1938 5518 uncinis
1958 5483 2074 5520 con-

485 5525 763 5596 cluduntur,
779 5528 1034 5596 sequentia
1059 5525 1271 5596 efferunt
1285 5540 1301 5596 _:
1328 5525 1674 5596 Multitzutinem
1705 5530 1935 5596 tuentes,
1960 5545 2073 5593 per-

488 5587 709 5655 solvendo
732 5585 908 5656 debito,
951 5594 1003 5637 ut
1046 5587 1127 5651 qui
1166 5588 1378 5639 homines
1416 5589 1566 5644 simus
1587 5629 1601 5651 ,
1643 5590 1821 5652 fuimus
1844 5585 2071 5656 impares.

486 5654 667 5697 Eteinm
687 5648 768 5697 lea:
790 5647 935 5697 rubet.

516 5657 667 5698 xenun
687 5657 768 5697 lea:
780 5657 935 5709 μυεῖ.

556 5713 576 5740 ί
601 5709 1247 5781 ttae_on\nia_desiderantur
1280 5711 1456 5781 mood.
1482 5714 1626 5778 Regio
1666 5714 1806 5773 2030,
1832 5729 1988 5781 usque
2011 5719 2069 5770 ad

494 5772 596 5821 hrc
616 5770 781 5829 verba,
802 5783 851 5819 n.
886 5770 933 5828 7,
965 5773 1143 5831 Venite,
1169 5776 1501 5825 ascendimus.

564 5836 583 5865 ⁵
605 5834 685 5883 Sic
706 5847 733 5882 ρ
755 5839 865 5894 ht‘g.
897 5832 1031 5882 1030.
1059 5841 1106 5882 In
1142 5841 1209 5885 Ιῖι..
1237 5841 1462 5886 teneatur.

1276 410 1334 469 Β.
1371 406 1649 467 JOANNIS
1684 401 2163 463 εηηιδῡετωίι
2201 400 2517 459 ARClllEP.
2546 394 3083 456 CONSTANTINOP.

3660 391 3782 449 776

2170 526 2347 573 turum
2378 515 2494 587 ipso
2518 515 2607 571 die
2633 525 2831 572 sancta:
2851 513 3152 569 festivitatis
3184 512 3637 581 Resurrcctionis.
3666 513 3774 567 Ju-

2167 611 2285 663 nuis
2301 609 2507 674 clausis,
2525 607 2611 661 ubi
2628 618 2771 662 erant
2786 606 3024 673 discipuli
3043 608 3329 677 congregati
3350 617 3556 678 propter
3576 618 3777 660 metum

2167 699 2487 773 Iudaeorum,
2509 700 2640 753 venit
2656 697 2829 761 Iesus,
2851 708 2899 753 et
2919 698 3055 752 stetit
3074 697 3129 751 in
3148 697 3313 752 medio
3331 696 3510 770 (Joan.
3529 697 3617 754 20.
3646 696 3775 765 19).

2162 784 2375 865 Quippe
2401 796 2492 851 ubi
2519 802 2693 850 metus
2713 794 2887 861 adest,
2907 793 3123 849 advenit
3145 794 3213 860 is,
3235 792 3326 862 qui
3350 800 3549 847 metum
3578 790 3773 855 solvit;

2169 886 2259 942 ubi
2288 895 2576 957 tempestas
2598 885 2827 957 ingruit,
2854 884 3064 956 fulgent
3088 897 3155 940 ea
3177 899 3297 954 quae
3325 881 3776 953 tranquillitatem

2166 988 2390 1052 parant;
2418 978 2507 1034 ubi
2530 977 2679 1033 videt
2706 977 2955 1046 scapham
2985 974 3234 1031 ﬂuctibus
3260 976 3537 1044 agitatam,
3570 970 3776 1041 guber-

2170 1070 2418 1126 naculum
2461 1069 2698 1124 scientia:
2744 1066 2939 1123 aﬂ'ert:
2973 1065 3261 1137 procellam
3293 1064 3447 1135 sedat
3468 1104 3483 1130 ,
3512 1062 3774 1134 scapham

2172 1178 2229 1219 tn
2258 1160 2603 1231 tranquillum
2635 1160 2811 1216 locum
2841 1160 2990 1216 ducit
3009 1200 3026 1224 ,
3057 1156 3325 1228 ingruenti
3350 1156 3558 1212 timoris
3577 1154 3775 1210 morbo

2171 1252 2465 1308 remedium
2493 1250 2732 1305 adhibet.
2757 1249 2909 1305 Stetit
2935 1248 2990 1302 in
3015 1248 3203 1313 medio;
3217 1256 3272 1303 et
3297 1246 3424 1317 quid
3455 1246 3616 1301 dicit?
3650 1244 3779 1299 Pax

2168 1341 2326 1397 ~obis.
2358 1340 2436 1396 Ne
2459 1339 2677 1395 ﬂuctuet
2719 1353 2872 1395 mens
2898 1347 3077 1395 vestra
3096 1380 3113 1406 ,
3151 1353 3220 1394 ne
3252 1338 3532 1393 turbentur
3565 1336 3777 1406 cogita-

2175 1433 2350 1487 tiones
2376 1470 2393 1498 ,
2437 1445 2508 1487 ne
2555 1430 2915 1486 formidulosis
2959 1429 3371 1500 cogitationibus
3423 1429 3575 1501 quasi
3623 1429 3786 1484 bello

2171 1524 2493 1581 moveamini
2523 1540 2537 1578 :
2568 1522 2685 1578 Pas:
2725 1523 2882 1579 vobis.
2910 1522 3021 1577 Pax
3051 1517 3246 1578 bellum
3277 1521 3345 1577 de
3376 1521 3556 1576 medio
3599 1521 3735 1575 tollit
3754 1561 3771 1583 ,

2171 1629 2373 1675 metum
2415 1616 2611 1682 solvit,
2638 1615 2969 1684 inimicitiam
3010 1612 3294 1670 eliminat“:
3323 1611 3443 1667 Pax
3473 1613 3625 1667 vobis.
3659 1612 3776 1666 Pax

2172 1725 2203 1764 a
2229 1710 2339 1765 Deo
2367 1724 2512 1779 saepe
2556 1708 2682 1764 data
2728 1707 3035 1763 hominibus
3059 1715 3142 1763 est
3164 1747 3183 1774 ,
3208 1717 3263 1761 at
3307 1722 3413 1761 non
3454 1705 3776 1760 auctoritate

2173 1804 2473 1874 praesentiat
2498 1809 2553 1858 et
2574 1815 2821 1873 personae
2843 1816 2975 1869 suae,
3004 1800 3099 1857 sed
3129 1814 3225 1870 per
3246 1798 3489 1870 angelos,
3522 1814 3616 1869 per
3642 1811 3773 1867 pro-

2174 1894 2380 1967 phetas,
2410 1909 2505 1965 per
2527 1892 2703 1963 justus
2726 1910 2743 1947 :
2765 1892 2912 1949 solus
2935 1892 3206 1959 Servatur,
3236 1891 3350 1961 ipse
3371 1896 3609 1961 praesens
3631 1928 3648 1956 ,
3675 1903 3778 1957 pa-

2173 2000 2291 2040 cem
2317 1984 2484 2041 dedit.
2516 1983 2721 2040 Danieli
2759 1998 2865 2054 pax
2907 1983 3032 2039 data
3071 1993 3193 2049 est,
3224 1982 3320 2039 sed
3361 1998 3456 2053 per
3498 1981 3772 2051 angelum.

2176 2076 2333 2131 Visus
2361 2085 2445 2131 est
2476 2074 2683 2130 Danieli
2721 2075 2942 2145 angelus
2970 2083 3025 2129 et
3047 2074 3181 2129 dixit
3207 2092 3221 2129 :
3253 2072 3371 2129 Pax
3393 2073 3501 2137 tibi,
3530 2074 3605 2127 vir
3633 2073 3777 2125 desi-

2175 2171 2432 2226 deriorum
2456 2210 2473 2238 ,
2520 2170 2715 2240 fortiter
2763 2169 3073 2238 uiriliterque
3118 2183 3215 2239 age
3238 2208 3255 2235 ,
3305 2167 3557 2221 Dominus
3610 2176 3779 2219 tecum

2179 2263 2340 2335 (Dan.
2372 2261 2459 2317 10.
2492 2260 2605 2332 19).
2639 2259 2798 2315 Visus
2826 2269 2910 2316 est
2932 2274 3145 2330 quoque
3176 2258 3414 2315 Gedeoni
3440 2258 3663 2327 angelus
3682 2297 3697 2323 ,
3721 2266 3782 2311 et

2177 2354 2313 2411 dixit
2342 2371 2356 2408 :
2391 2351 2509 2407 Pax
2532 2352 2619 2407 tibi
2650 2349 2804 2423 (Jud.
2831 2350 2884 2405 6.
2914 2349 3032 2421 25).
3054 2350 3240 2420 Angeli
3270 2350 3448 2419 itaque
3473 2362 3659 2417 pacem
3679 2346 3777 2401 de-

2176 2448 2392 2515 derunt,
2414 2447 2509 2502 sed
2531 2447 2767 2502 nondum
2795 2444 3055 2500 Dominus
3073 2444 3406 2514 angelorum;
3438 2458 3537 2513 per
3562 2441 3781 2495 nuntios

2178 2540 2344 2607 misit,
2369 2538 2510 2610 quod
2541 2537 2904 2609 evangelicam
2934 2552 3120 2608 pacem
3165 2536 3266 2591 sibi
3298 2545 3617 2592 reservaret.
3644 2533 3781 2589 Pro-

2178 2631 2355 2701 pltetze
2375 2644 2505 2685 vero
2534 2645 2655 2684 cum
2685 2643 2829 2698 saepe
2850 2628 2919 2683 ab
2942 2628 3148 2697 angelis
3176 2641 3361 2697 pacem
3400 2624 3775 2695 accepissent,

2180 2735 2363 2791 pacem
2404 2721 2657 2776 sitiebant
2684 2720 2851 2790 ipsius
2880 2734 3105 2789 persona
3138 2728 3195 2774 et
3227 2719 3546 2773 auctoritate
3569 2717 3775 2772 datam.

2181 2813 2306 2871 Ideo
2326 2813 2592 2871 clamabat
2620 2813 2861 2880 Hesaias,
2882 2811 3102 2866 Domine
3128 2811 3264 2866 Deus
3292 2820 3483 2878 noster,
3516 2826 3688 2881 pacem
3709 2812 3781 2863 da

2182 2906 2326 2962 nobis
2357 2904 2507 2978 (lsai.
2539 2904 2630 2961 26.
2664 2904 2757 2976 12)
2788 2925 2802 2961 :
2828 2920 2935 2959 nun
2967 2919 3063 2973 per
3089 2904 3252 2968 alios,
3284 2902 3379 2957 sed
3412 2917 3510 2972 per
3540 2902 3770 2972 teipsum

2181 3011 2366 3067 pacem
2414 2997 2480 3052 da
2519 2996 2696 3051 nobis.
2730 2994 2929 3051 Deinde
2958 2994 3250 3050 secundum
3282 2994 3647 3063 precationem
3688 3009 3775 3047 re-

2180 3088 2402 3158 sponsio
2428 3084 2735 3157 profertur:
2762 3084 2952 3140 Pacem
2975 3102 3137 3139 meam
3158 3085 3224 3138 do
3247 3086 3406 3139 vobis.
3438 3083 3646 3138 Etcum
3673 3084 3779 3137 hcce

2182 3178 2429 3243 dixisset,
2459 3178 2676 3231 ostendit
2702 3177 2774 3230 eis
2800 3192 2984 3229 manus
3026 3186 3075 3230 et
3106 3176 3238 3230 tatus
3268 3174 3461 3245 (Joan.
3493 3175 3583 3229 14.
3612 3173 3704 3227 27.
3733 3185 3785 3227 et

2180 3268 2272 3322 20.
2298 3267 2411 3338 20).
2438 3265 2897 3334 Quemadmodum
2939 3267 3082 3321 enim
3125 3266 3230 3320 dux
3260 3280 3292 3320 e
3316 3265 3456 3343 bello
3483 3279 3735 3321 reversus
3759 3308 3775 3327 .

2183 3360 2493 3416 victricibus
2515 3359 2684 3429 plagis
2704 3367 2948 3425 ornatus,
2972 3359 3193 3412 vulnera
3220 3373 3327 3411 non
3356 3357 3785 3417 erubescit;sunt

2183 3453 2326 3507 enim
2373 3450 2459 3505 illa
2488 3450 2703 3505 coronis
2748 3450 2876 3520 ipsis
2901 3448 3262 3519 splendidiora
3291 3464 3305 3501 :
3337 3450 3417 3504 sic
3453 3460 3503 3503 et
3534 3448 3785 3505 Servatur

2184 3544 2405 3598 vulnera
2457 3556 2553 3611 pro
2591 3540 2847 3607 veritate,
2880 3550 2934 3595 et
2958 3556 3055 3611 pro
3082 3541 3351 3596 contemni
3378 3557 3573 3611 genere
3600 3554 3786 3595 nostro

2184 3641 2404 3702 accepta
2442 3646 2550 3686 non
2579 3630 2711 3701 tegit
2732 3672 2748 3697 ,
2774 3631 2869 3686 sed
2914 3631 3155 3697 revelat,
3185 3640 3241 3686 ut
3267 3646 3417 3686 suam
3454 3630 3793 3687 demonstret

2186 3724 2573 3780 fortitudinem.
2624 3723 2869 3779 Ostendit
2905 3739 3095 3780 manus
3140 3726 3192 3779 in
3233 3724 3425 3793 quibus
3462 3736 3579 3780 erat
3617 3729 3786 3781 tixura

2183 3818 2489 3882 clavorum;
2518 3816 2753 3871 ostendit
2776 3825 2831 3871 et
2870 3816 3009 3871 latus
3033 3857 3046 3879 ,
3074 3817 3217 3871 unde
3243 3816 3398 3872 nobis
3427 3815 3548 3871 fons
3575 3824 3777 3887 myste-

2186 3907 2386 3962 riorum
2429 3906 2729 3961 scaturivit.
2766 3906 3011 3961 Ostendit
3047 3922 3271 3975 manus,
3301 3917 3358 3962 ut
3405 3910 3785 3963 resurrectiuni

2185 3998 2344 4053 tidem
2377 3998 2595 4064 faceret,
2613 4008 2671 4054 ut
2698 4001 2955 4053 certiores
2978 3997 3176 4053 faceret
3200 4014 3317 4065 eos,
3343 3998 3434 4069 qui
3455 3999 3779 4063 dubitarent,

2184 4105 2307 4144 cum
2334 4090 2422 4159 qui
2461 4105 2650 4159 passus
2680 4089 2852 4144 fuerat
2891 4090 3253 4145 resurrexisse
3276 4129 3291 4155 ,
3320 4105 3623 4162 corpusque
3653 4108 3783 4146 vere

2185 4193 2455 4237 mortuum
2476 4193 2530 4237 et
2549 4182 2816 4252 sepultum
2838 4182 3117 4237 revixisse.

2257 4277 2311 4329 4.
2341 4273 2513 4329 Gauisi
2537 4284 2653 4329 sunt
2680 4275 2919 4345 discipuli
2942 4276 3048 4329 viso
3076 4274 3295 4330 Domino
3320 4274 3504 4344 (Jaan.
3537 4277 3628 4333 20.
3662 4278 3779 4349 20).

2187 4362 2297 4418 Pax
2326 4363 2448 4418 data
2477 4375 2561 4419 est
2580 4406 2597 4430 ,
2625 4374 2802 4420 metus
2824 4363 3028 4420 solutus
3057 4377 3141 4421 est
3163 4408 3178 4434 ,
3204 4368 3374 4438 gratia
3406 4367 3604 4425 ﬂoruit.
3640 4368 3785 4425 Dixit

2189 4471 2307 4525 ergo
2346 4455 2449 4509 illis
2482 4456 2699 4520 iterum,
2735 4455 2849 4511 l’aa:
2888 4459 3024 4512 vobis
3046 4458 3162 4531 (Ib.
3194 4477 3242 4514 v.
3273 4460 3387 4531 21).
3420 4461 3530 4516 Cur
3565 4463 3786 4518 iterum?

2192 4544 2290 4601 Ubi
2340 4546 2454 4600 vult
2499 4544 2637 4600 dona
2676 4548 2861 4617 gratia:
2888 4547 3145 4613 fundare,
3175 4550 3338 4605 etiam
3382 4552 3788 4608 benedictiones

2188 4637 2346 4692 iterat
2367 4654 2381 4691 :
2404 4638 2847 4708 quemadmodum
2875 4632 2999 4696 fe'cit
3020 4652 3074 4697 et
3098 4642 3406 4699 Abrahamo
3433 4662 3447 4699 :
3473 4644 3786 4702 Benedicens

2189 4728 2475 4782 benedicam
2497 4729 2604 4793 tibi,
2628 4740 2674 4783 et
2695 4732 3037 4802 multiplicans
3064 4733 3411 4803 multiplicabo
3441 4745 3489 4789 te
3510 4735 3667 4806 (Gen.
3691 4736 3783 4791 22.

2188 4818 2277 4889 17)
2306 4837 2319 4872 :
2346 4820 2425 4875 sic
2453 4830 2562 4873 tum
2594 4821 2868 4890 proximis,
2893 4833 3003 4877 tum
3030 4825 3214 4894 procul
3238 4826 3422 4896 positis
3452 4829 3568 4897 paci
3600 4844 3783 4898 pacem

2187 4910 2391 4979 adjicit.
2423 4911 2569 4995 Sicut
2604 4912 2736 4966 misit
2774 4930 2855 4968 me
2892 4912 3085 4982 Pater,
3112 4926 3160 4971 et
3186 4933 3277 4988 ego
3316 4920 3456 4973 mitto
3487 4936 3573 4974 vos
3600 4921 3782 4991 (Joan.

2183 5000 2408 5072 20.21).
2437 5004 2685 5071 Attende,
2706 5021 2921 5075 quaaso;
2947 5007 3069 5063 vide
3097 5011 3369 5079 quomodo
3396 5012 3463 5066 ad
3493 5014 3779 5070 humanam

2186 5094 2409 5149 fortnam
2454 5098 2808 5154 mcunumiam
2852 5102 3045 5171 rapiat.
3070 5101 3185 5157 Non
3225 5103 3359 5159 dixit
3381 5146 3396 5170 ,
3428 5106 3577 5161 Sicut
3599 5113 3782 5179 genuit

2184 5201 2270 5243 me
2299 5187 2459 5242 Pater
2488 5207 2500 5243 :
2528 5190 2713 5245 missio
2740 5193 2884 5247 enim
2926 5193 3209 5250 humanam
3258 5196 3483 5254 formam
3523 5204 3778 5261 ostendit.

2183 5278 2239 5333 ld
2278 5293 2405 5334 vero
2447 5279 2753 5350 frequenter
2793 5283 3123 5351 indicamus,
3156 5288 3280 5357 quia
3326 5288 3379 5343 id
3421 5294 3776 5349 oeconomiam

2181 5368 2436 5426 declarat.
2465 5370 2580 5438 Ubi,
2608 5373 2797 5444 inquit,
2830 5376 3024 5430 nudam
3050 5387 3296 5433 naturam
3318 5380 3539 5451 profert,
3564 5382 3775 5439 Patrem

2180 5474 2339 5534 atque
2356 5465 2547 5522 Filium
2576 5469 2849 5539 praedicat.
2874 5469 3020 5527 Sicut
3045 5474 3178 5527 misit
3205 5491 3301 5530 me.
3328 5476 3607 5543 Quomodo
3633 5480 3778 5534 misit

2182 5564 2233 5611 te
2252 5558 2276 5607 ?
2303 5559 2556 5627 Attende,
2587 5577 2785 5629 qumso.
2814 5563 3004 5619 Missus
3034 5579 3094 5619 es
3117 5565 3368 5621 Dominus
3392 5567 3460 5623 de
3487 5569 3641 5635 ett-lo;
3669 5586 3777 5639 quo

2182 5660 2336 5721 pacto
2365 5654 2378 5684 ¹
2410 5654 2483 5707 ita
2523 5655 2734 5711 mittere
2765 5666 2916 5726 putes
2945 5668 3003 5713 ut
3030 5658 3186 5713 Pater
3223 5667 3275 5715 te
3304 5660 3485 5715 misit?
3507 5662 3620 5717 Non
3653 5678 3772 5718 mo-

2250 5786 2263 5815 ι
2299 5784 2417 5856 Cod.
2438 5792 2557 5856 tteg.
2586 5787 2710 5856 11.86
2733 5790 2803 5856 sic
2826 5789 2979 5839 habet
3004 5803 3014 5835 :
3042 5790 3211 5841 Missus
3233 5800 3303 5841 est
3343 5792 3567 5846 Dominus
3593 5796 3651 5846 dt‘
3674 5810 3769 5854 cst"-

2185 5846 2227 5895 lC
2252 5859 2262 5889 ἰ
2288 5848 2484 5907 ἐνοδιοιὲ
2504 5846 2596 5899 fit":
2616 5852 2674 5901 de
2699 5850 2817 5902 cwlo
2851 5858 2961 5902 sunt
2986 5865 3002 5908 ,'
3034 5866 3126 5906 quo
3148 5861 3305 5917 partu.
