4098 6430
288 365 401 422 775

280 477 437 552 [7'59]
458 478 552 533 τοῦ
578 479 762 547 λύγου,
780 477 913 532 ἀλλά
930 479 1069 550 πρὸς
1091 479 1183 533 τὸν
1207 479 1369 532 πόθον
1394 481 1495 550 τῆς
1521 479 1758 549 φύσεως,
1776 479 1873 532 καὶ

279 568 466 637 πάσης
488 566 673 628 αὐτοῖς
698 566 992 637 ῥητορικῆς
1020 566 1433 636 μεγαλοφωνίας
1464 567 1557 619 καὶ
1579 566 1872 636 φιλοσόφου

282 654 719 725 μετεωρολογίας
751 653 989 723 ήδύτερά
1029 654 1147 706 ἐστι
1199 654 1270 707 τά
1313 654 1424 707 τῶν
1456 655 1663 708 παίδων
1690 654 1874 724 ψελλί-

281 757 496 809 σματα·
530 739 674 794 οὕτω
705 741 798 794 καὶ
824 741 853 793 ό
878 739 1010 803 Θεὸς
1036 740 1137 794 οὐκ
1169 743 1249 803 εἰς
1290 741 1387 803 τὰς
1427 741 1680 810 γλώσσας
1712 742 1871 813 ήμῶν

276 826 637 896 ψελλιζούσας
672 828 801 899 περὶ
834 827 1135 895 θεολογίας,
1177 826 1293 880 ἀλλ’
1328 830 1409 893 εἰς
1440 829 1533 884 τὸν
1566 829 1734 884 πόθον
1776 832 1871 884 καὶ

275 916 359 977 εἰς
390 914 491 985 τὴν
533 913 772 968 διάθεσιν
808 913 1015 983 βλέπει,
1043 915 1125 968 ὅτι
1168 916 1350 968 πίστει
1392 917 1736 987 κηρύττομεν
1775 918 1870 971 καὶ

273 1005 468 1076 ἀγάπῃ
521 1003 888 1073 ἀνυμνοῦμεν.
918 1005 992 1057 Ού
1040 1004 1151 1072 γὰρ
1198 1004 1420 1058 δύναται
1467 1006 1500 1077 ή
1551 1006 1866 1079 ἀνθρωπίνη

271 1091 496 1158 γλῶσσα
519 1091 730 1160 τρανῶς
753 1090 1003 1161 λαλῆσαι,
1032 1090 1146 1144 ἀλλ’
1167 1092 1268 1144 ὅσα
1296 1092 1362 1145 ἂν
1388 1093 1713 1163 λαλήσωμεν
1736 1094 1867 1165 περὶ

270 1178 433 1242 Θεοῦ,
471 1178 813 1247 ψελλίζοντες
867 1177 1158 1249 λαλοῦμεν.
1210 1180 1401 1243 Arati;
1444 1180 1661 1251 Ἐπειδὴ
1712 1184 1807 1234 καὶ
1837 1182 1867 1234 6

270 1265 487 1328 Παῦλος
522 1264 651 1335 βοᾷ’
703 1265 798 1317 Ἐκ
826 1266 1050 1333 μέρους
1082 1264 1479 1336 γινώσκομεν,
1510 1267 1613 1320 καί
1657 1268 1726 1322 ἐκ
1757 1266 1865 1338 μέ·

258 1371 417 1421 ρους
465 1353 1138 1422 προφητεύομεν.”ομως
1171 1352 1227 1406 δὲ
1275 1355 1325 1405 εἰ
1372 1354 1469 1407 καὶ
1516 1353 1862 1426 ψελλίζομεν,

266 1439 601 1510 ἐνεχείρισεν
650 1441 782 1510 ἡμῖν
828 1442 856 1493 6
904 1440 1035 1504 Θεὸς
1076 1440 1137 1492 τὸ
1180 1441 1440 1511 κήρυγμα
1470 1442 1573 1512 τῆς
1613 1444 1859 1514 εἰρήνης.

266 1526 370 1579 Διά
404 1526 563 1579 τοῦτο
594 1525 692 1596 βοᾷ
728 1527 988 1589 Ἡσαΐας’
1029 1526 1139 1580 Καὶ
1169 1530 1226 1580 αἰ
1258 1527 1535 1597 γλῶσσαι
1562 1532 1621 1582 αἰ
1648 1530 1863 1597 ψελλί-

266 1614 475 1674 ζυυσαι
514 1613 891 1683 μαθήσονται
941 1614 1158 1668 λαλεῖν
1204 1614 1470 1683 εἰρήνην.
1504 1617 1642 1687 Φέρε
1681 1616 1863 1670 τοίνυν

269 1700 445 1771 μικρά
471 1698 812 1771 ψελλίσωμεν
842 1701 977 1772 πρὸς
999 1702 1089 1754 τὸν
1121 1703 1298 1755 κοινὸν
1328 1704 1360 1773 ή
1370 1702 1486 1771 μῶν
1511 1704 1734 1774 Πατέρα
1768 1705 1862 1758 καὶ

266 1790 564 1859 Δεσπότην,
594 1788 684 1841 τὸν
716 1788 1131 1855 κατ-ἀξιώσαντα
1178 1792 1352 1844 εἰπεῖν
1383 1792 1494 1854 τοῖς
1528 1790 1723 1846 ἐαυτοῦ
1756 1810 1862 1863 μα-

265 1877 479 1945 θηταῖς·
518 1875 748 1929 Τεκνία’
796 1878 844 1929 εἰ
890 1876 1000 1947 γὰρ
1043 1877 1210 1931 τέκνα
1260 1878 1435 1941 καλεῖ,
1483 1878 1594 1931 τῶν
1649 1880 1862 1933 τέκνων

264 1961 629 2029 ψελλιζόντων
661 1962 934 2032 ἀνέχεται.
964 1959 1075 2017 Καὶ
1098 1963 1287 2035 ἐπειδὴ
1320 1964 1425 2034 ἔφη
1453 1964 1701 2019 ἀνελθεῖν
1726 1968 1808 2030 εἰς
1832 1979 1859 2008 ιι

265 2051 552 2121 οὐρανοὺς,
578 2050 673 2103 καὶ
700 2052 733 2120 ή
764 2050 1030 2120 ἀνάληψις
1060 2049 1226 2104 αὐτοῦ
1254 2053 1289 2121 ή
1322 2050 1700 2123 πολυύμνητος
1726 2054 1857 2124 ἐκηο

268 2136 461 2207 ρύχθη,
493 2136 593 2189 ούκ
635 2136 984 2189 ἀποκλείεται
1029 2137 1209 2208 χρόνῳ
1243 2138 1277 2207 ὴ
1311 2138 1496 2209 χάρις,
1523 2138 1646 2192 οὐδὲ
1700 2157 1861 2211 περι-

263 2226 540 2294 γράφεται
566 2224 803 2294 ἡμέραις
833 2225 866 2293 ὴ
902 2222 1172 2291 θεολογία.

341 2310 407 2380 β’.
428 2311 645 2382 Ἐπειδὴ
671 2310 728 2362 δὲ
762 2309 1083 2379 θελήσαντες
1112 2308 1353 2363 ἀνελθεῖν
1379 2308 1462 2375 εἰς
1497 2311 1556 2364 τὸ
1599 2311 1722 2383 ὅρος
1752 2314 1861 2367 τῶν

279 2395 534 2458 Ἐλαιῶν,
568 2393 1014 2463 ἐνεποδίσθημεν,
1052 2393 1128 2455 ὡς
1153 2388 1294 2446 οἶδεν
1318 2396 1347 2447 6
1375 2396 1631 2466 Χριστὸς,
1662 2396 1862 2468 προθέ-

268 2497 424 2551 μενοι
444 2479 580 2550 “μὲν,
613 2478 950 2543 κωλυθέντες
973 2478 1030 2531 δὲ
1056 2478 1143 2532 διά
1188 2478 1288 2549 τὴν
1331 2479 1741 2534 ἀκαταστασίαν
1764 2480 1860 2534 τοῦ

263 2568 425 2637 ἀέρος
455 2567 549 2618 καὶ
576 2565 638 2617 τὸ
667 2562 891 2635 συνεχὲς
920 2563 1016 2617 τοῦ
1055 2562 1294 2633 πλήθους
1343 2564 1521 2633 (λέγω
1562 2564 1621 2617 δέ
1662 2564 1860 2631 ταῦτα,

263 2651 354 2703 ῖνα
381 2651 561 2702 πᾶσαν
592 2648 861 2717 ὑπόληψιν
908 2646 1055 2700 λύσω
1094 2647 1201 2700 τῶν
1248 2648 1424 2720 μάτην
1459 2649 1706 2717 ἐγκαλεῖν
1737 2648 1863 2719 βου-

262 2736 510 2806 λομένων
532 2736 572 2805 ),
606 2736 908 2807 ἐπειδήπερ
934 2736 1071 2806 πρὸς
1092 2735 1152 2786 τὸ
1190 2735 1395 2806 πλῆθος
1425 2735 1623 2799 ἰδόντες
1648 2735 1757 2789 τῶν
1784 2738 1863 2789 εἰ-

266 2820 543 2889 ρημένων,
572 2818 780 2888 ταχέως
827 2818 1252 2888 συνεστείλαμεν
1299 2819 1391 2874 τὸν
1437 2819 1613 2888 λόγον,
1646 2820 1735 2874 ἴνα
1785 2820 1861 2892 μὴ

259 2903 339 2972 τῷ
369 2901 566 2971 πλήθει
618 2901 729 2953 τῶν
777 2901 1087 2972 λεγομένων
1129 2901 1541 2973 καταχώσωμεν
1570 2904 1724 2975 ὑμῶν
1763 2905 1872 2976 τὴν.

264 2988 509 3056 μνήμην,
536 2985 775 3057 σήμερον
807 2986 1133 3055 ἀποδίδομεν
1158 2986 1254 3057 τὴν
1282 2986 1525 3057 ὀφειλήν.
1561 2988 1671 3041 Καὶ
1699 2989 1807 3059 γάρ
1832 2992 1862 3043 6

259 3070 428 3138 νόμος
462 3069 766 3140 ἐπέτρεπεν
786 3069 814 3109 ιι
838 3068 929 3123 τὸν
959 3070 1032 3140 μὴ
1066 3070 1369 3138 ποιήσαντα
1387 3069 1464 3140 τῷ
1492 3070 1694 3141 πρώτῳ
1731 3072 1861 3142 μηνὶ

259 3153 321 3204 τὸ
358 3154 571 3222 Πάσχα,
605 3152 683 3222 τῷ
711 3152 946 3224 δευτέρῳ
988 3156 1116 3223 μηνὶ
1146 3154 1247 3224 τὴν
1277 3153 1499 3222 ὀφειλὴν
1528 3156 1855 3209 ἀποδιδόναι.

262 3241 353 3290 Δεῖ
398 3238 453 3291 δέ
498 3239 641 3307 ὑμᾶς
682 3238 881 3290 εἰδέναι
921 3239 1002 3291 ὅτι
1045 3237 1179 3290 Θεοῦ
1219 3238 1376 3305 λόγος
1404 3240 1463 3291 οὐ
1498 3240 1731 3308 χρόνοις,
1761 3242 1861 3311 οὐχ

262 3322 502 3392 ἡμέραις
556 3324 981 3393 περιγράφεται,
1031 3322 1168 3375 ἀλλά
1216 3324 1357 3376 κατά
1414 3325 1597 3376 πᾶσαν
1643 3326 1859 3394 ἡμέραν

259 3409 475 3477 δέχεται
515 3408 777 3477 κήρυγμα
805 3408 899 3459 καὶ
928 3408 1184 3479 σταυροῦ,
1214 3408 1308 3462 καὶ
1339 3407 1563 3471 πάθους,
1605 3409 1700 3461 καὶ
1730 3412 1861 3461 ἀνα-

263 3492 529 3553 στάσεως,
565 3490 659 3543 καί
686 3490 1026 3561 ἀναλήψεως,
1060 3493 1154 3543 καὶ
1186 3492 1451 3563 δευτέρας
1483 3494 1810 3563 παρουσίας.

334 3580 406 3642 γ’.
426 3573 638 3644 Ἡρέμα
661 3573 717 3627 δὲ
748 3574 1202 3644 προδιαλαϐόντες
1237 3576 1410 3646 μικρά
1426 3593 1545 3629 τινα
1562 3574 1669 3628 τῶν
1701 3577 1861 3630 θείων

264 3658 526 3729 ῥημάτων
573 3660 630 3710 ἐν
675 3659 788 3721 τοῖς
836 3658 1309 3725 ύπαναγνωσθεῖσι
1344 3661 1606 3729 σήμερον,
1636 3660 1860 3724 καὶτὰς

261 3741 630 3810 εύαγγελικάς
670 3742 853 3813 πηγὰς
883 3742 1267 3812 ἀντλήσαντες,
1299 3742 1470 3805 οὕτως
1497 3743 1742 3812 ἔλθωμεν
1767 3744 1859 3795 ἐπὶ⁹

259 3826 361 3896 τὴν
386 3826 742 3895 ἐπαγγελίαν.
772 3827 975 3894 Οῢσης
1001 3826 1202 3895 ὀψίας,
1230 3825 1305 3893 τῇ
1334 3826 1523 3894 ήμέρςι
1553 3828 1754 3895 ἐκείνῃ
1782 3826 1860 3896 τῇ

258 3908 367 3980 μιᾷ
411 3908 531 3961 τῶν
575 3907 910 3973 σαϐϐάτων,
944 3908 1041 3962 καὶ
1090 3909 1211 3962 τῶν
1260 3910 1458 3978 θηρῶν
1501 3910 1859 3979 κεκλεισμέ-

263 4010 407 4055 νων,
441 3993 595 4047 ὅπου
626 3988 791 4064 ἦσαν
822 3996 875 4047 οἰ
900 3994 1157 4062 μαθηταὶ
1185 3994 1575 4062 συνηγμένοι,
1604 3990 1795 4063 ἦλθεν
1827 3996 1860 4047 ό

276 4077 527 4143 Ἰησοῦς.
546 4076 664 4144 Ἀφ’
700 4070 760 4129 οὗ
804 4076 831 4127 6
863 4076 1053 4146 Σωτὴρ
1097 4078 1194 4146 τὴν
1241 4077 1538 4130 ἀνάστασιν
1564 4078 1860 4146 ἐπραγμα-

262 4158 497 4212 τεύσατο
541 4162 696 4229 ἡμῖν,
730 4158 971 4221 σπανίως
1011 4159 1285 4228 φαίνεται,
1314 4161 1372 4213 ὲν
1406 4159 1595 4223 ἀλλαις
1624 4160 1861 4230 ἡμέραις

264 4243 549 4311 ἐπιφανεὶς
578 4244 690 4305 τοῖς
729 4243 1000 4313 μαθηταῖς
1024 4242 1056 4312 ἢ
1087 4242 1227 4296 κατά
1250 4242 1349 4313 τὴν
1376 4244 1591 4315 ἡμέραν
1622 4245 1721 4313 τῆς
1754 4244 1863 4295 Κυ-

267 4327 704 4398 ριακῆς.Ὥσπερ
736 4325 845 4398 γὰρ
888 4328 946 4380 ἐν
978 4326 1195 4397 ἑκάστῳ
1244 4328 1502 4397 σαϐϐάτῳ
1551 4326 1861 4396 παρέϐαλλε

266 4412 333 4482 τῇ
366 4412 678 4480 συναγωγῇ,
713 4409 799 4463 ἵνα
823 4408 1087 4481 πληρώσῃ
1117 4410 1209 4463 τὸν
1239 4410 1402 4481 νόμον
1422 4427 1435 4441 ·
1465 4409 1638 4473 οὕτως
1682 4412 1774 4479 ἀφ’
1796 4404 1858 4462 οὗ

265 4494 366 4563 τὴν
409 4493 704 4546 ἀνάστασιν
749 4492 1264 4564 ἐπραγματεύσατο,
1306 4494 1400 4546 καὶ
1442 4492 1533 4546 τὸν
1561 4492 1860 4564 ἀρραϐῶνα

266 4578 345 4646 τῷ
378 4576 570 4648 κόσμῳ
597 4576 850 4647 ἤνεγκεν,
881 4576 1184 4629 ἐσπούδασε
1211 4578 1277 4646 τῇ
1308 4576 1493 4647 ήμέρᾳ
1521 4577 1620 4647 τῆς
1650 4578 1861 4648 Κυρια-

269 4660 392 4730 κῆς,
423 4660 481 4712 ἐν
516 4660 615 4730 μιᾷ
665 4660 773 4713 τῶν
817 4659 1125 4726 σαϐϐάτων,
1160 4660 1563 4728 ἐπιφαίνεσθαι,
1598 4659 1686 4712 Eva
1713 4658 1859 4731 πήξῃ

270 4742 358 4794 τὸν
383 4741 631 4813 θεμέλιον
652 4743 752 4813 τῆς
783 4742 944 4810 ἀγίας
974 4742 1282 4814 Κυριακῆς.
1314 4740 1477 4803 Τέλος
1516 4742 1624 4814 γὰρ
1651 4738 1759 4812 εἶχε
1790 4745 1861 4795 τά

269 4825 378 4879 τῶν
401 4824 709 4889 σαϐϐάτων,
727 4827 902 4898 ἀρχὴν
931 4826 988 4879 δὲ
1012 4825 1287 4895 ἐλάμϐανε
1309 4826 1379 4878 τὰ
1399 4826 1499 4894 τῆς
1522 4826 1860 4896 Δεσποτικῆς

268 4909 502 4982 ἡμέρας,
538 4910 707 4981 ήγουν
732 4911 831 4979 τῆς
862 4909 1233 4971 ἀναστάσεως,
1260 4908 1335 4972 ὼς
1391 4908 1671 4979 μέμνησθε
1691 4919 1713 4947 ο
1752 4911 1861 4962 τῶν

268 4994 464 5066 πρώην
505 4994 830 5065 εἰρημένων.
868 4994 993 5058 Πῶς
1044 4995 1073 5046 6
1122 4994 1390 5065 μακάριος
1430 4993 1709 5056 Ματθαῖος
1741 4992 1861 5046 ἐπι-

267 5079 497 5148 γράφων
540 5079 609 5132 τά
660 5077 928 5139 σάϐϐατα,
964 5078 1139 5149 ἀρχὴν
1178 5077 1235 5131 δέ
1270 5078 1509 5147 εἰσάγων
1545 5076 1656 5129 τῶν
1686 5076 1861 5145 ἁγίων

268 5162 587 5233 Κυριακῶν,
618 5162 823 5231 ἐλεγενο
856 5161 1006 5235 [760]
1040 5163 1178 5229 Ὀψὲ
1196 5162 1546 5223 σαϐϐάτων;
1569 5160 1735 5224 Τέλος
1753 5164 1863 5231 γὰρ

267 5242 358 5316 ἦν,
388 5247 482 5299 καὶ
501 5247 598 5315 ὀψὲ
618 5246 726 5299 τῶν
756 5246 987 5319 πρώτων
1016 5245 1321 5308 σαϐϐάτων,
1362 5245 1863 5312 Ἐπιςρωσκούσης

269 5332 357 5395 εἰς
402 5330 551 5398 μίαν
586 5331 919 5383 σαϐϐάτων.
941 5330 1143 5399 Ἑφάνη
1176 5329 1355 5381 τοίνυν
1391 5328 1630 5390 ἀναστὰς
1658 5331 1723 5398 τῇ
1763 5330 1864 5398 μιᾷ

270 5412 378 5465 τῶν
406 5411 709 5477 σαϐϐάτων,
738 5414 873 5483 αὐτῇ
903 5415 967 5484 τῇ
1006 5414 1188 5483 ἡμέρᾳ
1216 5414 1315 5482 τῆς
1342 5411 1502 5479 ἁγίας
1543 5413 1739 5482 ἑορτῆς
1762 5413 1862 5481 τῆς

336 5551 362 5579 ⁸
388 5548 621 5599 Ottobon.
646 5549 725 5596 καί
750 5549 909 5604 ἐπειδὴ
938 5549 1076 5604 ἔφθην
1099 5548 1243 5595 εἰπὼν
1274 5546 1506 5604 ἀνελήφθη
1532 5546 1613 5599 εἰς.

338 5572 362 5579 ··
388 5572 621 5599 υιιυυυιι.
646 5572 725 5596 και
750 5572 909 5604 suum]
938 5572 975 5596 ε’
995 5572 1076 5603 νην
1099 5572 1243 5595 unum
1274 5572 1414 5602 οινελη
1432 5572 1437 5576 ·
1453 5572 1506 5603 un
1532 5572 1613 5599 εις.

338 5612 365 5651 δ
390 5611 621 5681 Ottobon:
650 5618 705 5659 et
727 5610 851 5671 Reg.
1019 5614 1180 5681 πᾶσαν
1201 5608 1409 5681 {meam
1426 5572 1579 5681 K900):
1610 5605 1831 5681 ἐπειδῄπε

338 5622 365 5651 υ
390 5622 621 5661 υιῑοῐιοῐι.
650 5622 705 5659 ει
727 5622 851 5671 ueg.
882 5622 995 5657 HN
1019 5626 1180 5657 πασαν
1201 5622 1409 5670 υποψιαν
1430 5622 1579 5654 λυσω·
1610 5622 1831 5662 επειοηπε

272 5675 330 5723 τὸ
351 5676 525 5731 πλῆθος
544 5671 737 5729 ἰδόντες,
773 5675 837 5726 ὡς
869 5674 1103 5731 ἀνθρωττοι
1144 5670 1429 5730 ὼκλάσαμεν
1456 5622 1864 5730 ἀποδοῦναι

509 5720 760 5800 ἰξαίγάςίῖὸ
784 5720 926 5800 νόμος
949 5720 1203 5800 ἐπιτρέπει.

338 5800 359 5827 α
390 5790 660 5856 Mimanti
689 5790 773 5845 Sic
816 5790 852 5844 θ’
888 5796 1013 5859 Reg.
1050 5790 1171 5845 1186
1215 5797 1511 5843 correctum.
1562 5790 1732 5841 Monll'.
1776 5806 1863 5853 με-

276 5860 476 5919 μνῆσθαι
485 5895 496 5909 .

982 363 1049 419 IN
1087 363 1566 422 ASCENSIONEM
1613 365 1673 420 D.
1710 365 1769 419 Ν.
1809 365 1860 420 J.
1901 364 1964 419 C.
2008 363 2097 419 ET
2140 362 2207 417 IN
2242 361 2537 420 PRINCH‘.
2582 362 2741 419 ACT.
2788 364 2853 419 Ιί.

3469 365 3577 421 776

1984 478 2391 550 ἀναστασίμου’
2442 479 2567 533 Τῶν
2623 480 2824 549 θυρῶν
2882 479 3349 547 κεκλεισμένων,
3423 481 3580 539 ὅπου

1981 558 2150 630 ἦσαν
2180 565 2234 614 οἰ
2266 563 2530 631 μαθηταί
2562 564 2932 632 συνηγμένοι
2972 562 3071 615 διὰ
3098 563 3207 615 τὸν
3238 564 3429 632 φόϐον
3460 564 3583 620 τῶν

1994 642 2325 709 Ἰουδαίων,
2356 640 2547 714 ἦλθεν
2579 649 2612 698 ό
2650 645 2916 712 Ἰησοῦς.
2946 645 3044 698 καὶ
3072 644 3222 710 ἔστη
3255 648 3343 712 εἰς
3375 646 3442 699 τὸ
3470 647 3581 716 μέ-

1979 728 2303 781 σον.”οπου
2324 728 2507 781 τοίνυν
2530 729 2772 798 ἀκμάζει
2795 730 2981 799 φόϐος,
3003 730 3367 798 παραγίνεται
3386 732 3414 782 6
3435 730 3581 786 λύων

1978 809 2074 860 τὸν
2111 809 2303 878 φόϐον’
2348 812 2483 863 ὅπου
2517 812 2760 881 ἀκμάζει
2801 812 2869 865 τά
2916 812 3015 881 τῆς
3054 811 3245 882 ζάλης,
3274 812 3578 881 ἐπιλάμπει

1976 891 2048 945 τά
2073 894 2171 962 τῆς
2194 892 2435 965 γαλήνης
2453 910 2466 921 ·
2492 895 2630 947 ὅπου
2654 894 2839 963 βλέπει
2865 895 2926 947 τὸ
2951 896 3154 963 σκάφος
3178 894 3579 965 χειμαζόμενον

1975 974 2079 1045 τῆς
2106 976 2406 1042 εὐσεϐείας,
2442 979 2748 1048 προσφέρει
2782 976 2882 1048 τὴν
2920 978 3322 1050 κυϐερνητικὴν
3350 980 3577 1049 ἐπιστή-

1979 1075 2121 1126 μην’
2156 1058 2248 1111 τὸν
2276 1059 2376 1129 μὲν
2408 1062 2651 1129 χειμῶνα
2685 1060 2849 1126 λύων,
2879 1061 2940 1113 τὸ
2968 1060 3026 1113 δέ
3052 1062 3260 1129 σκάφος
3297 1062 3378 1125 εἰς
3409 1060 3578 1133 γαλή-

1973 1157 2075 1210 νην
2108 1142 2368 1208 εἰσάγων,
2411 1142 2550 1213 πρὸς
2598 1143 2660 1196 τὸ
2703 1143 2954 1214 ἀκμάζον
2984 1143 3155 1206 πάθος
3182 1142 3277 1197 τοῦ
3305 1144 3471 1213 φόϐου
3516 1144 3579 1197 τὸ

1973 1224 2267 1294 φάρμακον
2297 1228 2472 1296 φέρει.
2506 1226 2691 1295 "Eam
2723 1232 2810 1290 sic
2830 1229 2897 1280 τὸ
2926 1228 3145 1296 μέσον
3167 1228 3261 1279 καὶ
3291 1227 3345 1281 τί
3378 1244 3575 1299 φησιν;

1972 1306 2201 1372 Εἰρήνη
2235 1308 2397 1377 ὑμῖν.
2431 1309 2523 1380 Μὴ
2576 1310 2917 1374 στασιαζέτω
2967 1313 3000 1381 ή
3050 1310 3258 1364 διάνοια
3284 1310 3463 1380 ὑμῶν,
3502 1311 3578 1382 μὴ

1971 1388 2311 1461 θορυϐείσθω
2342 1392 2372 1444 6
2400 1390 2682 1463 λογισμὸς,
2716 1393 2790 1463 μὴ
2824 1392 3151 1464 πολεμεῖσθε
3180 1386 3315 1457 ταῖς
3343 1394 3579 1456 ἐννοίαις

1969 1471 2066 1525 τοῦ
2102 1473 2268 1541 φόϐου
2291 1490 2304 1502 ·
2339 1475 2568 1542 Εἰρήνη
2598 1474 2762 1544 ὑμῖν.
2795 1475 3003 1546 Εἰρήνη
3036 1476 3268 1552 πόλεμον
3300 1477 3573 1545 ἀφανίζει,

1971 1555 2136 1622 φόϐον
2168 1556 2449 1620 καταλύει,
2482 1557 2685 1627 ἔχθραν
2721 1558 2973 1628 ἐξορίζει·
3000 1559 3228 1627 Εἰρήνη
3252 1559 3410 1629 ὑμῖν.
3433 1561 3579 1614 Ἐδό-

1970 1638 2038 1709 θη
2071 1638 2333 1702 πολλάκις
2364 1642 2558 1711 εἰρήνη
2595 1641 2749 1711 παρά
2779 1640 2915 1693 Θεοῦ
2951 1644 3063 1704 τοῖς
3094 1643 3424 1713 ἀνθρώποις,
3456 1644 3575 1697 ἀλλ’

1969 1722 2034 1775 ού
2076 1720 2164 1775 διά
2202 1722 2498 1793 προσώπου
2547 1725 2647 1794 τῆς
2692 1724 3002 1787 αύθεντίας,
3032 1724 3171 1777 ἀλλά
3211 1724 3278 1778 δι’
3301 1725 3574 1793 ἀγγέλων,

1970 1803 2060 1858 διά
2104 1806 2423 1876 προφητῶν,
2455 1806 2543 1860 διὰ
2573 1808 2799 1861 δικαίων
2818 1822 2832 1837 ⁸
2868 1808 3027 1877 μόνος
3055 1810 3083 1861 6
3114 1808 3305 1881 Σωτὴρ
3350 1809 3418 1862 δι’
3447 1810 3579 1863 ἐαυ-

1971 1887 2065 1939 τοῦ
2099 1890 2292 1957 φανεὶς
2319 1888 2521 1942 ἔδωκεν
2550 1892 2794 1961 εἰρήνην.
2814 1890 3001 1960 Ἐδόθη
3030 1890 3108 1961 τῷ
3130 1893 3327 1959 Δανιὴλ
3357 1894 3574 1964 εἰρήνη,

1972 1969 2109 2025 ἀλλά
2132 1971 2201 2024 δι’
2218 1972 2665 2043 ἀγγέλου.Ὣφθη
2695 1972 2773 2045 τῷ
2798 1973 2999 2043 Δανιὴλ
3022 1974 3255 2042 ἅγγελος
3280 1977 3375 2029 καὶ
3396 1966 3571 2030 εἶπεν·

1972 2053 2199 2122 Εἰρήνη
2228 2072 2349 2121 σοι,
2381 2054 2906 2125 ἀνερέπιθυμιῶν,
2935 2057 3117 2123 τσχυε
3149 2058 3249 2112 καὶ
3272 2057 3571 2128 ἁνδρίζου,

1970 2139 2004 2188 ό
2045 2138 2265 2204 Κύριος
2305 2141 2458 2206 μετὰ
2487 2138 2815 2210 σοῦ.Ὧφθη
2848 2140 2944 2193 καὶ
2984 2140 3061 2210 τῷ
3095 2140 3302 2194 Γεδεὼν
3344 2143 3575 2211 ἄγγελος

1970 2222 2066 2272 καὶ
2098 2215 2274 2273 εἰπενο
2295 2221 2521 2290 Εἰρήνη
2546 2223 2934 2291 σοι.“Ἀγγελοι
2965 2224 3145 2277 τοίνυν
3179 2225 3387 2279 ἔδωκαν
3421 2228 3576 2298 εἰρή-

1972 2317 2090 2372 νην,
2119 2302 2333 2356 οὐδέπω
2366 2303 2423 2357 δέ
2465 2306 2493 2356 6
2541 2306 2820 2377 Δεσπότης
2866 2306 2976 2359 τῶν
3015 2307 3297 2376 ἀγγέλων
3334 2308 3473 2365 ἀλλά
3504 2310 3573 2364 δι’

1969 2384 2195 2437 ἐκείνων
2237 2387 2335 2455 μὲν
2364 2386 2634 2457 ἔπεμπεν,
2684 2389 3007 2459 ἐταμιεύετο
3050 2390 3107 2443 δὲ
3157 2391 3217 2444 ἐν
3266 2390 3446 2466 ἑαυτῷ
3472 2392 3575 2462 τὴν

1969 2468 2195 2537 εἰρήνην
2222 2468 2322 2540 τὴν
2352 2470 2739 2541 εύαγγελικήν.
2777 2472 2841 2525 Ol
2874 2472 2929 2525 δὲ
2961 2474 3242 2544 προφῆται
3284 2474 3575 2545 δεξάμενοι

1970 2548 2234 2613 πολλάκις
2264 2552 2416 2622 παρά
2448 2553 2557 2605 τῶν
2598 2553 2849 2621 ἀγγέλων
2881 2555 2983 2625 τὴν
3014 2557 3258 2626 εἰρήνην,
3294 2556 3491 2626 ἐδίψων
3515 2558 3575 2625 ἐξ

1968 2626 2137 2679 αὑτοῦ
2165 2628 2260 2681 τοῦ
2291 2630 2587 2700 προσώπου
2619 2633 2721 2702 τῆς
2748 2634 2976 2704 εἰρήνης
3015 2633 3116 2704 τῆς
3156 2634 3442 2698 αύθεντίας
3486 2635 3577 2688 δέ·

1970 2708 2166 2773 ξασθαι
2195 2711 2296 2782 τὴν
2326 2714 2571 2783 εἰρήνην.
2609 2714 2701 2767 Διὸ
2736 2718 2830 2769 καὶ
2862 2716 2991 2769 ἐϐόα
3028 2718 3260 2781 Ἡσαΐας
3280 2734 3293 2745 ·
3332 2716 3514 2787 Κύριε
3539 2720 3573 2773 ό

1971 2794 2117 2860 Θεὸς
2141 2793 2334 2864 ήμῶν,
2356 2796 2613 2863 εἰρήνην
2641 2796 2747 2863 δὸς
2771 2798 2918 2867 ἡμῖν
2937 2814 2952 2827 ·
2985 2800 3059 2871 μὴ
3087 2800 3153 2853 δι’
3186 2799 3411 2873 ἐτέρων,
3438 2802 3575 2855 ἀλλά

1967 2875 2057 2929 διὰ
2088 2877 2286 2930 σαυτοῦ
2316 2879 2542 2951 εἰρήνην
2581 2879 2669 2941 δὸς
2699 2881 2851 2950 ἡμῖν.
2881 2875 3016 2935 Εἶτα
3058 2882 3195 2952 πρὸς
3238 2885 3340 2955 τήν
3387 2884 3576 2953 δέησιν

1966 2960 1999 3030 ή
2035 2958 2403 3032 ἀντιφώνησις
2426 2978 2438 2991 ·
2470 2957 2742 3029 Εἰρήνην
2780 2962 2897 3031 τὴν
2943 2963 3100 3033 ἐμὴν
3143 2965 3353 3035 δίδωμι
3409 2966 3573 3035 ὑμῖν.

1970 3044 2079 3094 Καὶ
2125 3041 2301 3096 τοῦτο
2345 3045 2532 3096 εἰπὼν
2568 3044 2804 3108 ἔδειξεν
2843 3048 3051 3112 αὐτοῖς
3086 3050 3191 3113 τὰς
3237 3048 3441 3117 χεῖρας
3478 3050 3578 3103 καὶ

1967 3125 2085 3193 τὴν
2114 3126 2631 3198 π.1ευριίν.’”Ωσπερ
2664 3130 2773 3200 γὰρ
2798 3130 3106 3201 στρατηγὸς
3128 3133 3445 3186 ἐπανελθὼν
3468 3134 3577 3187 ἀπὸ

1970 3209 2233 3279 πολέμου,
2268 3210 2362 3262 καὶ
2388 3211 2672 3281 τραύμασι
2716 3214 3035 3285 νικηφόροις
3067 3214 3321 3285 λάμπων,
3353 3218 3454 3270 οὐκ
3492 3218 3579 3271 αἰ·

1972 3294 2229 3361 σχύνεται
2256 3294 2369 3355 τοῖς
2389 3294 2703 3363 τραύμασι’
2730 3297 3014 3365 στεφάνων
3040 3299 3147 3369 γάρ
3175 3299 3292 3353 ἐστι
3326 3300 3579 3372 λαμπρό-

1968 3391 2105 3445 τερα
2128 3392 2139 3405 ·
2170 3373 2315 3427 οὕτω
2349 3377 2442 3429 καὶ
2470 3378 2499 3429 6
2530 3377 2743 3449 Σωτὴρ,
2775 3378 3066 3451 τραύματα
3099 3382 3241 3452 ὑπὲρ
3286 3382 3388 3453 τῆς
3440 3383 3578 3453 άλη-

1970 3456 2121 3520 θείας
2149 3458 2571 3529 ἀναδεξάμενος,
2608 3463 2702 3514 καὶ
2731 3462 2871 3533 ὑπὲρ
2905 3464 2999 3517 τοῦ
3026 3464 3218 3532 γένους
3243 3466 3337 3519 τοῦ
3370 3467 3576 3535 κοινοῦ,

1967 3542 2029 3594 ού
2071 3542 2306 3613 κρύπτει
2335 3546 2404 3598 τα
2438 3546 2611 3617 πάθη,
2637 3546 2753 3599 ἀλλ’
2781 3548 3138 3615 ἐκκαλύπτει,
3173 3551 3259 3603 ἵνα
3297 3551 3446 3623 δείξῃ
3478 3552 3579 3624 τὴν

1969 3627 2165 3681 ἐαυτοῦ
2196 3629 2691 3699 ἀνδρείαν.Ἔδειξε
2714 3632 3036 3705 τάςιχεῖρας
3063 3636 3121 3688 ἐν
3151 3631 3239 3698 αἶς
3260 3631 3327 3707 ἦν
3350 3638 3379 3689 6
3406 3636 3580 3702 τύπος

1966 3712 2077 3764 τῶν
2109 3712 2278 3783 ήλων,
2316 3713 2485 3778 ἔδειξε
2523 3716 2618 3768 καὶ
2663 3716 2763 3787 τὴν
2799 3717 3042 3788 πλευρὰν
3075 3718 3133 3785 ἐξ
3179 3714 3248 3790 ἦς
3280 3719 3578 3773 ἀνέϐλυσεν

1968 3795 2100 3865 ἡμῖν
2133 3795 2240 3848 τῶν
2274 3798 2593 3868 μυστηρίων
2634 3797 2732 3869 τὴν
2768 3800 3195 3871 πηγήν.Ἐδειξε
3231 3801 3331 3865 τὰς
3362 3806 3573 3873 χεῖρας,

1970 3879 2057 3930 ἵνα
2108 3880 2511 3960 πληροοφορήσῃ
2554 3882 2655 3951 τὴν
2682 3883 2999 3943 ἀνάστασιν,
3043 3884 3131 3936 ἵνα
3175 3883 3575 3959 πληροφορήσῃ

1967 3962 2095 4024 τοὺς
2148 3962 2595 4031 ἀμφιϐολοῦντας
2640 3965 2721 4018 ὅτι
2753 3966 2922 4029 ὅντως
2949 3968 2977 4019 6
3004 3966 3195 4019 παθὼν
3229 3967 3455 4038 ἀνέστη,
3492 3970 3576 4023 ὅτι

1967 4044 2138 4107 ὅντως
2163 4046 2224 4097 τὸ
2250 4045 2523 4099 ἀποθανὸν
2558 4048 2656 4101 καὶ
2687 4049 2858 4116 ταφέν
2890 4049 3050 4120 σῶμα
3081 4051 3400 4121 ἐγήγερται.

2039 4126 2103 4179 δ’.
2124 4126 2467 4207 Ἐχάρησαν
2482 4124 2667 4203 αὗνοί
2678 4132 2937 4199 μαθηταί
2964 4132 3191 4198 ἰδόντες
3218 4134 3321 4186 τὸν
3336 4134 3575 4202 Κύριον.

1984 4212 2172 4282 Ἐδόθη
2204 4214 2421 4284 εἰρήνη,
2458 4214 2623 4285 ἐλύθη
2659 4216 2688 4266 6
2718 4216 2904 4283 φόϐος,
2938 4217 3230 4287 ήνθησενή
3265 4218 3447 4288 χάρις.
3478 4213 3579 4271 Εἷ-

1968 4312 2086 4349 πεν
2119 4293 2233 4351 οὖν
2274 4298 2481 4363 αὺτοῖς
2509 4297 2736 4352 πάλιν·
2773 4300 3002 4367 Εἰρήνη
3050 4302 3214 4371 ὑμῖν.
3267 4302 3420 4354 Διατί
3470 4302 3578 4356 πά-

1966 4382 2104 4441 λιν;
2141 4379 2316 4432 Ὅπου
2350 4380 2601 4451 βούλεται
2627 4381 2795 4452 πῆξαι
2836 4382 2905 4435 τά
2925 4382 3198 4454 δῶραιτῆς
3218 4384 3460 4454 χάριτος,
3491 4385 3570 4437 δι-

1968 4463 2261 4528 πλασιάζει
2291 4465 2385 4516 καὶ
2408 4465 2506 4528 τὰς
2532 4466 2785 4534 εὐλογίας
2803 4483 2816 4495 ·
2842 4467 3032 4539 ῶσπερ
3058 4470 3153 4521 ἐπὶ
3185 4470 3276 4522 τοῦ
3294 4470 3564 4541 Ἀϐραάμ·

1969 4546 2261 4616 Εὺλογῶν
2287 4549 2609 4619 εὐλογήσω
2646 4566 2742 4614 σε,
2773 4551 2873 4605 καὶ
2908 4554 3238 4619 πληθύνων
3282 4554 3575 4621 πληθυνῶ

1968 4646 2075 4685 σε·
2111 4631 2255 4684 οὕτω
2283 4631 2497 4686 δίδωσιν
2552 4634 2778 4705 εἰρήνην
2823 4635 2917 4687 ἐπὶ
2961 4638 3183 4707 εἰρήνην
3214 4640 3353 4703 ¹τοῖς
3408 4639 3577 4707 ἐγγὺς

1968 4717 2204 4779 καὶτοῖς
2241 4717 2478 4786 μακράν.
2520 4717 2728 4781 Καθὼς
2761 4718 3109 4773 ἀπέσταλκέ
3146 4737 3223 4789 με
3268 4723 3300 4773 ό
3343 4718 3571 4789 Πατὴρ,

1968 4798 2131 4866 κάγὼ
2176 4800 2387 4869 πέμπω
2430 4798 2607 4868 ὑμᾶς.
2643 4801 2909 4871 Πρόσεχε,
2948 4802 3284 4874 παρακαλῶο
3320 4803 3423 4875 ὅρα
3452 4805 3570 4868 πῶς

1968 4886 2049 4946 εἰς
2082 4884 2141 4936 τὸ
2182 4883 2526 4955 ἀνθρώπινον
2577 4886 2763 4955 σχῆμα
2798 4885 3035 4957 ἁρπάζει
3083 4887 3183 4957 τὴν
3232 4888 3567 4959 οἰκονομίαν.

1970 4967 2083 5019 υύκ
2130 4962 2306 5020 ἑίπενο
2340 4966 2542 5031 Καθὼς
2580 4969 2840 5040 ἐγέννησέ
2873 4987 2939 5039 με
2967 4972 2995 5022 6
3030 4971 3221 5042 Πατήρ
3246 4988 3260 5002 ·
3290 4972 3425 5025 ὅπου
3461 4971 3572 5045 γάρ
3632 5024 3635 5027 .

1968 5052 2266 5123 ἀποστολὴ,
2302 5051 2363 5106 τὺ
2416 5052 2760 5123 ἀνθρώπινον
2797 5055 2984 5125 σχῆμα
3030 5054 3390 5109 ἐνδείκνυται.
3432 5056 3570 5108 Euv-

1971 5137 2113 5207 εχῶς
2139 5137 2194 5188 δέ
2223 5135 2382 5188 τοῦτο
2411 5135 2562 5207 [761]
2590 5136 3091 5208 ἐπισημαινόμεθα,
3123 5138 3315 5210 ἐπειδὴ
3353 5139 3454 5209 τὴν
3485 5138 3567 5191 οἰ-

1970 5220 2233 5289 κονομίαν
2276 5219 2845 5290 ἐρμηνεύειά.”οπου,
2876 5222 3062 5290 φησὶν,
3091 5223 3277 5293 γυμνὴ
3319 5224 3354 5293 ἡ
3389 5222 3573 5291 φύσις,

1972 5305 2194 5375 Πατέρα
2243 5303 2337 5356 καὶ
2378 5304 2507 5356 Υἰὸν
2543 5304 2826 5375 κηρύττει.
2862 5305 3068 5372 Καθὼς
3101 5304 3453 5359 ἀπέσταλκέ
3474 5322 3573 5375 με.

1974 5387 2099 5451 Πῶς
2124 5388 2179 5439 δὲ
2209 5387 2521 5441 ἀπέσταλκέ
2547 5405 2640 5453 σε;
2666 5389 2931 5460 Πρόσεχε,
2959 5389 3288 5460 παρακαλῶ.
3309 5390 3577 5446 ’Δπεστά-

1970 5471 2070 5541 λης
2101 5470 2379 5539 Δεσπότης
2406 5469 2465 5533 ἐξ
2486 5472 2718 5542 ούρανοῦ
2741 5482 2763 5510 ε
2784 5488 2795 5501 ·
2830 5471 2969 5537 πῶς,
2999 5471 3179 5536 καθὼς
3201 5472 3490 5526 ἀπέστειλέ
3515 5488 3575 5527 σε

1969 5557 1997 5608 6
2030 5554 2242 5623 Πατὴρ,
2279 5554 2663 5619 ἀποστέλλεις;
2703 5555 2778 5609 Ού
2812 5554 2903 5607 τὸν
2956 5555 3180 5624 τρόπον,
3214 5554 3383 5625 φησί,
3430 5554 3576 5623 λέγω

2031 5668 2057 5707 d
2092 5669 2389 5732 Ἒρμηνεύει.
2418 5668 2525 5718 Hoc
2569 5670 2793 5730 verbum,
2816 5684 2842 5719 ε
2870 5670 3040 5719 Montf.
3086 5672 3365 5729 conjectum
3388 5683 3478 5732 pro
3503 5672 3575 5718 ιι-

2033 5730 2172 5796 νεύει,
2200 5730 2408 5781 exhibet
2449 5732 2559 5796 cod.
2614 5732 2747 5791 H86,
2794 5737 2927 5796 unde
2952 5734 3003 5779 in
3039 5740 3230 5796 [gruum
3258 5730 3572 5796 recepimus;

2033 5748 2172 5786 νευει,
2200 5747 2408 5781 οχιιιοει
2449 5747 2559 5780 coo.
2614 5747 2747 5791 um,
2794 5747 2927 5780 unae
2952 5747 3003 5779 ιιι
3039 5747 3198 5780 textu:

1972 5747 2330 5853 mdidemposl
2359 5794 2509 5853 γυμνή
2538 5796 2748 5842 accessit
2780 5792 3036 5842 articulus.
3067 5794 3198 5841 Eorr.

2040 5857 2064 5884 ⁸
2083 5852 2236 5903 Addit
2256 5852 2387 5903 idem
2409 5852 2518 5904 ('Od.
2556 5857 2599 5903 οἰ
2625 5855 2890 5903 ἀπόστολοι
2915 5855 3005 5903 οὐκ
3028 5855 3075 5908 ἐξ
3099 5852 3321 5921 ούρανοῦ.
