4098 6432
230 399 327 453 T'i'l

226 519 376 581 dum,
406 512 598 582 inquit,
621 503 888 562 missionis
913 489 1173 570 signiﬁco.
1199 509 1320 549 cum
1347 492 1487 555 dico,
1512 487 1657 543 Sicut
1683 482 1816 537 misit

225 623 306 661 me
336 577 516 670 Pater,
533 610 580 654 et
605 615 696 670 ego
721 597 860 652 mitto
887 609 973 646 vos
1000 592 1041 655 ί,
1060 587 1155 643 sed
1187 587 1433 640 virtutem
1461 580 1598 649 ejus.
1628 577 1820 630 Missus

227 711 348 750 sum
374 710 476 766 ego
501 667 564 747 ut
593 667 761 761 patiar
787 700 884 755 pro
915 681 1148 743 mundo;
1177 679 1329 731 mitto
1354 688 1451 728 vos
1479 680 1537 726 ut
1561 667 1822 740 passioni-

223 798 331 844 bus
357 762 551 841 vestris
577 780 764 836 orbem
791 789 1064 832 coronem.
1093 770 1158 825 Et
1183 768 1306 838 quia
1336 781 1443 820 non
1472 762 1643 834 potuit
1673 774 1820 813 mor-

230 880 356 934 talis
383 884 573 932 natura
600 869 921 926 dominicam
950 861 1350 920 similitudinem
1374 853 1608 923 assequi,
1633 850 1817 906 addit:

231 969 301 1022 Et
325 982 442 1020 cum
466 965 575 1018 hac
600 961 806 1016 dixisset
829 1000 846 1023 ,
876 953 1158 1024 insufﬂauit
1182 991 1198 1016 ,
1227 949 1395 1019 aitque
1421 945 1526 1000 illis
1552 984 1568 1009 ,
1597 941 1822 1011 Accipite

233 1059 486 1126 Spiritum
509 1062 738 1108 sanctum
764 1049 940 1121 (Joan.
964 1044 1056 1100 20.
1087 1042 1203 1111 22).
1234 1037 1482 1094 Attende.
1514 1033 1623 1091 Cur
1651 1030 1822 1087 insuf-

232 1120 380 1204 ﬁavit
410 1145 664 1202 Servator
692 1142 747 1195 in
777 1120 1059 1208 apostolos
1088 1135 1204 1203 ipso
1244 1125 1655 1185 resurrectionis
1689 1120 1821 1177 die?

230 1242 314 1294 An
334 1236 542 1292 nonnisi
557 1231 878 1288 insufllando
899 1235 1106 1299 poterat
1123 1223 1378 1294 Spiritum
1396 1228 1640 1274 sanctum
1659 1213 1824 1268 dare?

233 1329 432 1385 Verum
461 1326 584 1396 quia
613 1338 734 1378 cum
765 1322 993 1390 primum
1026 1316 1295 1371 hominem
1324 1311 1577 1366 formaret
1596 1346 1610 1370 ,
1643 1303 1826 1372 Insuf-

230 1422 374 1494 ﬂavit
398 1421 451 1474 in
479 1394 662 1490 faciem
689 1417 798 1484 ejus
819 1453 833 1478 ,
853 1423 901 1466 et
926 1415 1094 1481 factus
1117 1415 1187 1460 est
1217 1407 1365 1458 homo
1399 1403 1453 1454 in
1491 1399 1714 1451 animant
1744 1394 1822 1448 si-

229 1487 421 1567 rentcm
452 1487 607 1581 (Cen.
651 1507 707 1560 2.
740 1504 832 1574 7),
863 1502 957 1557 sed
1000 1496 1371 1553 ittsufﬁationis
1412 1493 1554 1546 illius
1597 1487 1822 1557 gratiam

230 1621 328 1676 per
352 1578 846 1674 prmvaricationem
877 1593 1140 1665 perdidit;
1170 1598 1224 1645 et
1255 1596 1532 1658 postquam
1559 1578 1822 1635 viviﬁcam

231 1698 377 1751 illam
398 1695 504 1748 vim
537 1689 864 1763 perdiderat,
887 1688 941 1740 in
971 1685 1243 1754 pulverem
1268 1677 1536 1732 resolutus
1555 1682 1656 1734 est,
1689 1679 1743 1726 et
1770 1671 1822 1723 in

229 1786 477 1854 sepulcro
505 1785 622 1851 ejus
651 1779 918 1848 opiﬁcium
948 1773 1208 1834 dissolvit;
1243 1778 1300 1822 ut
1327 1768 1634 1837 ﬁgmentum
1666 1775 1821 1816 suum

230 1886 536 1936 renovaret,
571 1883 625 1928 et
648 1874 879 1942 priscum
909 1866 1036 1922 illud
1066 1866 1264 1920 donum
1297 1861 1622 1918 restitueret,
1652 1852 1823 1908 insuf-

229 1969 377 2022 ilavit
404 1969 456 2020 in
480 1966 668 2020 faciem
690 1960 1084 2032 apostolorum,
1109 1962 1452 2020 veteremque
1487 1949 1630 2002 illam
1657 1953 1711 2000 et
1738 1945 1824 1998 vi-

227 2059 439 2114 viﬁcam
480 2059 586 2111 vim
620 2055 870 2124 ﬁgmento
914 2065 1009 2104 suo
1049 2047 1314 2102 restituit:
1341 2058 1404 2097 ac
1443 2039 1600 2095 simul
1629 2037 1823 2106 imple-

231 2150 426 2204 bantur
458 2146 836 2217 prophetarum
865 2139 1135 2210 praedicta.
1166 2136 1359 2190 Beatus
1387 2131 1585 2201 quippe
1612 2127 1823 2182 Nahum

229 2241 512 2314 propheta,
537 2254 657 2295 cum
686 2234 1002 2306 praevideret
1032 2231 1263 2285 futurum
1294 2241 1435 2292 esse,
1469 2235 1528 2278 ut
1569 2221 1825 2277 Servator

229 2354 259 2391 a
287 2335 512 2391 mortuis
541 2344 824 2397 resurgens
855 2323 1150 2381 insufflaret
1176 2321 1229 2374 in
1265 2325 1479 2373 sanctos
1509 2313 1780 2384 apostolos
1803 2349 1819 2376 ,

228 2438 287 2491 et
312 2427 561 2496 impleret
598 2437 691 2478 eos
716 2420 897 2475 divino
934 2428 1154 2470 munere
1174 2452 1190 2478 ,
1217 2409 1414 2480 populo
1443 2404 1825 2461 testiﬁcabatur

231 2520 314 2574 his
338 2518 517 2572 verbis
545 2533 558 2569 :
589 2512 799 2567 (.‘elebra
818 2551 832 2574 ,
863 2507 1004 2562 Juda
1024 2548 1039 2572 ,
1073 2509 1202 2576 festa
1235 2513 1322 2555 tua
1340 2542 1357 2567 ,
1386 2498 1541 2552 redde
1576 2496 1685 2549 Deo
1709 2504 1826 2547 eota

231 2623 318 2663 tua
347 2626 364 2661 :
391 2625 494 2661 non
519 2605 758 2677 adjicient
791 2602 928 2655 ultra
959 2598 1125 2652 venire
1153 2596 1205 2648 in
1234 2590 1655 2662 antiquationem.
1684 2584 1822 2640 Con-

229 2712 537 2758 summatum
574 2707 680 2760 est,
713 2696 984 2750 exscissum
1018 2701 1112 2744 est.
1156 2685 1394 2742 Ascendit
1440 2683 1573 2737 enint
1602 2695 1664 2733 ex
1690 2689 1825 2732 terra

228 2799 316 2866 qui
367 2794 582 2863 insumat
627 2793 678 2844 in
711 2790 890 2861 faciem
927 2797 1101 2847 luant,
1133 2791 1180 2836 ct
1205 2781 1290 2850 qui
1329 2777 1499 2832 liberet
1531 2786 1577 2829 te
1620 2775 1683 2828 de
1732 2773 1825 2826 tri-

230 2862 506 2942 bulatione?
533 2882 790 2954 (.Valtum.
828 2880 879 2932 1.
905 2877 992 2932 15.
1021 2885 1064 2928 et
1088 2873 1143 2926 2.
1170 2873 1246 2942 1).
1283 2869 1424 2922 Tunc
1462 2867 1588 2920 dixit
1614 2867 1635 2897 ¹
1663 2907 1678 2931 ,
1709 2862 1826 2917 Pax

231 2982 370 3035 vobis
392 2993 414 3043 ;
436 2989 483 3032 et
511 2992 626 3029 cum
653 2976 748 3028 hoc
773 2973 1012 3035 dixisset,
1037 2965 1325 3036 insufflauit,
1355 2973 1400 3015 et
1430 2961 1560 3014 dixit
1585 2959 1654 3012 eis
1677 2972 1695 3010 :
1718 2957 1821 3009 Ac-

228 3073 378 3142 cipite
419 3069 672 3138 Spiritum
719 3071 948 3119 sanctum
976 3058 1158 3127 (Joan.
1186 3054 1276 3110 20.
1302 3053 1420 3119 22).
1448 3051 1581 3119 Quia
1613 3046 1826 3102 videbat

231 3168 517 3219 humanam
551 3167 794 3214 naturam
824 3156 876 3209 in
917 3150 1187 3206 laboribus
1213 3146 1476 3214 dejectam
1498 3184 1511 3207 ,
1542 3152 1596 3198 et
1626 3140 1695 3196 ob
1736 3141 1821 3193 in-

232 3256 536 3310 firmitatem
563 3249 851 3305 certamina
883 3250 1240 3301 recusantem,
1272 3237 1324 3291 id
1347 3234 1487 3305 quod
1517 3230 1820 3298 deﬁciebat,

231 3347 418 3417 implet
443 3345 639 3398 virtute
656 3339 906 3410 Spiritus,
928 3343 984 3388 ut
1002 3334 1143 3387 illam
1172 3327 1528 3385 imbecillitate
1555 3323 1822 3378 labantem

230 3438 636 3495 consolaretur:
660 3447 725 3487 ac
761 3446 858 3486 ceu
899 3429 1095 3483 ferrum
1124 3421 1411 3494 quodpiam
1444 3417 1622 3472 divina
1651 3414 1823 3484 gratia

230 3533 373 3587 acuit
401 3531 546 3583 illam
574 3568 587 3590 ,
614 3535 671 3580 ut
719 3521 859 3594 quod
902 3536 965 3576 ex
1022 3527 1210 3572 natura
1253 3529 1348 3568 sua
1392 3527 1497 3567 non
1547 3507 1819 3574 habebat,

230 3640 295 3678 es
321 3620 496 3691 gratia
523 3617 810 3686 acciperet,
836 3621 891 3668 et
918 3611 1114 3664 virtute
1143 3607 1371 3678 Spiritus
1398 3603 1625 3665 ﬁrmata,
1654 3608 1826 3686 certa-

232 3717 374 3769 mina
403 3713 594 3766 adirct.
626 3707 850 3776 Accipite
876 3703 1125 3774 Spiritum
1152 3708 1382 3754 sanctum
1401 3715 1417 3748 :
1436 3696 1566 3748 sicut
1593 3674 1724 3745 misit
1747 3705 1824 3743 me

232 3807 388 3863 Pater
409 3847 424 3871 ,
449 3812 496 3857 et
538 3818 627 3872 ego
675 3799 820 3851 mitto
845 3811 951 3849 vos.
979 3794 1047 3847 At
1076 3801 1128 3846 tu
1151 3834 1166 3855 ,
1202 3789 1425 3843 Domine
1448 3827 1462 3850 ,
1493 3794 1551 3838 ut
1571 3783 1826 3838 Servator

230 3912 519 3971 egressus,
549 3892 728 3947 vidisti
773 3895 1108 3959 peccatores,
1141 3892 1194 3936 et
1236 3871 1519 3936 miserafus
1566 3891 1624 3931 cs
1674 3875 1821 3939 illos;

231 3968 573 4063 peccatorum
597 3986 752 4039 nobis
772 3981 982 4036 veniam
1003 3975 1215 4032 dedisti.
1235 3973 1489 4042 Superior
1509 3977 1590 4024 est
1614 3968 1781 4037 gratia
1807 3983 1821 4021 :

231 4081 518 4138 incidimus
563 4091 662 4130 nos
701 4075 753 4128 in
799 4072 1049 4142 abyssum
1098 4074 1474 4137 peccatorum;
1505 4059 1658 4114 multi
1701 4065 1826 4112 sunt

232 4179 547 4242 peccatores
569 4208 583 4232 ,
616 4154 784 4220 multa
809 4176 944 4230 opus
972 4168 1054 4214 est
1080 4159 1268 4229 gratia.
1301 4154 1685 4209 Auctoritatem
1718 4163 1825 4203 non

232 4265 491 4320 habemus
519 4277 534 4314 :
565 4255 833 4328 quomodo
858 4265 1141 4323 possumus
1171 4248 1307 4302 mitti
1339 4255 1397 4300 ut
1427 4254 1481 4299 tu
1511 4244 1702 4298 missus
1723 4241 1826 4295 es?

230 4353 587 4426 Quamobrem
613 4358 671 4404 ut
698 4348 1010 4417 impleretur
1037 4342 1167 4398 illud
1194 4359 1205 4393 ε
1235 4340 1378 4395 Sicut
1423 4338 1557 4392 misit
1603 4352 1681 4388 me
1715 4333 1826 4388 Pa-

233 4465 326 4514 ter,
353 4457 398 4503 et
429 4463 522 4518 ego
551 4445 748 4497 mittam
773 4457 888 4504 vos,
917 4437 1047 4493 dicit
1076 4455 1087 4489 :
1125 4436 1354 4502 Quorum
1384 4431 1675 4485 retniseritis
1706 4444 1825 4497 pec-

231 4553 348 4597 cata
377 4582 391 4607 ,
418 4538 741 4592 remittuntur
779 4532 887 4594 eis;
923 4539 969 4583 et
1008 4543 1221 4598 quorum
1258 4523 1566 4578 retinueritis
1592 4563 1606 4586 ,
1634 4528 1827 4573 retenta

232 4643 348 4687 sunt
382 4631 560 4700 (Joan.
583 4626 672 4680 20.
700 4622 814 4696 25).
840 4622 1007 4688 Quam
1036 4619 1192 4672 habet
1216 4623 1535 4686 potestatem
1553 4612 1825 4674 Servator,

233 4729 326 4779 dat
372 4719 649 4792 apostolis.
689 4712 1148 4784 Quemadmodum
1193 4710 1336 4764 enim
1385 4706 1498 4761 ﬁeri
1542 4704 1728 4774 nequit
1773 4711 1830 4757 ut

233 4831 367 4888 gens
397 4811 622 4882 principi
669 4806 1036 4861 committatur
1061 4844 1075 4866 ,
1107 4802 1151 4855 si
1197 4814 1302 4853 non
1345 4797 1539 4852 habeat
1577 4794 1747 4849 venite
1776 4801 1830 4846 et

235 4909 426 4966 mortis
469 4919 531 4957 ac
573 4899 818 4971 supplicii
859 4904 1173 4967 petestatem
1218 4892 1284 4944 ab
1316 4905 1439 4959 rege
1477 4901 1827 4942 concessam:

234 5005 314 5056 sic
332 5000 676 5057 etServator,
699 4993 818 5046 illos
845 4988 1230 5043 constituturus
1249 4982 1515 5052 principes
1538 4979 1705 5041 orbis,
1738 4976 1828 5030 dat

237 5093 346 5144 illis
393 5097 445 5143 ct
499 5083 742 5153 supplicii
791 5089 844 5134 et
894 5078 1061 5132 venite
1100 5082 1452 5145 potestatem,
1489 5071 1570 5124 his
1612 5070 1829 5123 verbis:

241 5186 470 5250 Quorum
492 5176 781 5230 remiseritis
813 5181 1036 5242 peccata,
1065 5169 1389 5222 remittuntur
1415 5165 1577 5228 eis;et
1605 5163 1833 5227 Quorum

238 5272 569 5332 retinueritis,
597 5277 789 5321 retenta
814 5274 949 5318 sunt.
984 5261 1139 5315 Nullo
1163 5259 1306 5314 enim
1332 5264 1487 5325 pacto
1516 5263 1689 5324 potest
1713 5253 1834 5321 quis

239 5378 331 5421 aut
375 5361 691 5432 martyrium
723 5357 931 5410 fortiter
960 5353 1141 5407 subire
1183 5358 1273 5403 aut
1300 5348 1589 5417 diligenter
1636 5342 1832 5414 prmdi-

308 5534 324 5566 ι
344 5539 518 5582 mentm
537 5529 782 5587 integrum
805 5525 1007 5587 citamus
1029 5531 1059 5568 e
1079 5518 1189 5566 Cod.
1213 5523 1330 5587 ueg.
1356 5514 1496 5565 1186.

311 5574 756 5652 :Eﬂ‘j‘iééL‘iiss
795 5587 865 5633 sic
895 5584 1061 5652 habet,
1087 5588 1194 5640 post
1220 5574 1390 5652 locum
1415 5574 1714 5652 e’protgheta
1756 5580 1839 5642 Na-

241 5635 613 5720 ιειμηῑςίωιίιίιῖ
638 5635 774 5698 mas
805 5635 1694 5720 τεοιςηηι,εξτέιριιδέίτέτίξῐξι-.ξῖὶείίἰιίὲτζὶ
1713 5635 1839 5720 me

240 5697 748 5764 Eii'r'isiiié'éi'mium
769 5707 923 5764 solvit,
958 5713 1002 5754 et
1037 5701 1300 5760 insufﬂauit
1335 5699 1565 5760 Spiritum
1600 5700 1738 5764 dans,
1765 5697 1840 5764 die

241 5762 1414 5888 xit‘spmpheta),«quiinsumetinfaciemtuant,
1459 5768 1523 5821 et,
1578 5762 1838 5823 quitiberet

251 5846 297 5888 te
350 5852 376 5888 e
399 5833 763 5888 tribulatione:
797 5831 980 5882 Deinde
998 5829 1143 5880 dixit.

251 5846 297 5891 te
309 5829 376 5890 de
399 5829 723 5888 tribulatitnte.
741 5850 763 5878 ν
797 5831 980 5882 Deinde
998 5829 1143 5880 dixit.

911 385 974 440 ΙΝ
1014 373 1487 438 ASCENSIONEM
1530 370 1593 426 D.
1634 367 1698 424 Ν.
1739 364 1788 423 Ι.

1936 359 2025 419 ΕΤ
2065 364 2131 419 IN
2170 363 2460 420 PRINCIP.
2503 363 2661 421 ΛΒΤ.
2701 365 2760 420 ll.
3425 371 3517 430 778

1929 495 2051 535 care
2079 523 2094 546 ,
2125 492 2216 535 aut
2261 481 2388 547 quid
2430 497 2680 551 magnum
2727 480 3054 553 difﬁcileque
3091 493 3350 554 praestare
3373 529 3388 552 ,
3418 490 3520 543 nisi

1929 572 2181 642 martyris
2207 572 2445 626 animum
2485 573 2703 627 roboret
2729 571 2965 642 Spiritus
2989 576 3159 630 sancti
3187 577 3356 631 virtus
3380 596 3392 631 :
3416 578 3524 633 alio

1927 663 2122 732 quippe
2153 663 2311 716 modo
2353 677 2461 718 non
2502 671 2726 733 possunt
2754 674 3019 736 martyres
3061 680 3201 721 esse.
3234 664 3524 738 Martyrem

1927 769 2057 808 vero
2104 770 2246 808 nunc
2272 754 2396 809 dico
2417 793 2435 819 ,
2463 770 2570 810 non
2603 755 2766 810 modo
2791 755 2884 826 qui
2912 756 3241 812 cruciatibus
3264 773 3525 814 consumo

1928 852 2104 897 matus
2127 843 2227 907 sit,
2251 844 2345 899 sed
2374 844 2536 900 etiam
2566 846 2655 914 qui
2684 846 2848 901 verbo
2874 847 3062 916 gratim
3090 847 3160 902 sit
3185 847 3521 905 testiﬁcatus.

1927 936 2112 1002 Quiris
2137 936 2280 990 enim
2307 937 2547 991 veritatis
2568 952 2766 1006 prteco,
2793 947 2999 1008 martyr
3021 949 3104 995 est
3127 940 3244 994 Dei.
3273 939 3526 1010 Quapro-

1927 1036 2049 1096 pter
2075 1026 2143 1081 de
2180 1025 2389 1082 Joanne
2415 1025 2650 1096 Baptista
2684 1027 2817 1082 dicit
2832 1026 3192 1101 Evangelium
3216 1029 3314 1084 :Et
3339 1029 3524 1101 testiﬁ-

1923 1124 2068 1170 catus
2112 1124 2188 1170 est
2235 1115 2463 1171 Joannes
2511 1117 2711 1171 veritati
2732 1159 2747 1184 ,
2779 1117 2952 1172 dicens
2976 1132 2997 1172 :
3026 1117 3128 1172 Hic
3170 1129 3244 1173 est
3291 1118 3525 1175 Christus

1928 1207 2108 1270 (Joan.
2137 1209 2188 1262 1.
2234 1207 2348 1279 52).
2381 1209 2582 1280 Martyr
2620 1224 2726 1264 non
2779 1210 3030 1280 patiendo
3057 1253 3073 1279 ,
3098 1211 3193 1267 sed
3239 1212 3527 1268 clamando

1928 1299 2180 1355 efﬁcitur.
2230 1300 2346 1354 Non
2391 1309 2615 1370 possunt
2667 1301 2828 1371 igitur
2877 1313 3140 1373 martyres
3187 1317 3308 1357 esse
3355 1303 3524 1358 divini

1928 1393 2097 1456 verbi,
2128 1393 2230 1447 nisi
2279 1402 2466 1448 sancto
2495 1392 2696 1462 Spiritu
2722 1393 3065 1448 roborentur.
3094 1394 3219 1450 Ideo
3240 1409 3525 1449 resumens

1928 1486 2184 1542 Servator
2206 1487 2336 1541 dicit
2367 1488 2624 1558 apostolis
2649 1506 2662 1542 :
2698 1487 2798 1542 Vos
2819 1499 2988 1542 autem
3011 1502 3209 1544 manete
3234 1492 3288 1544 in
3327 1491 3529 1546 civitate

1925 1579 2230 1642 Jerusalem,
2253 1579 2413 1633 donec
2434 1580 2720 1634 induamini
2734 1582 2917 1635 virtute
2935 1598 2996 1635 ex
3014 1582 3118 1635 alto
3144 1580 3386 1652 (ικαὲι.
3407 1582 3524 1644 49).

1928 1682 1983 1727 et
2014 1671 2290 1742 accipietis
2317 1672 2571 1725 virtutem
2601 1672 3032 1740 supervenientis
3059 1672 3289 1741 Spiritus
3316 1674 3524 1736 sancti;

1929 1764 2201 1828 virtutem,
2225 1777 2384 1831 quam
2411 1765 2501 1832 qui
2528 1775 2635 1818 non
2661 1761 2996 1832 acceperint,
3021 1777 3128 1816 non
3157 1770 3382 1832 possunt
3405 1777 3528 1820 esse

1929 1861 2191 1924 martyres
2215 1868 2309 1908 seu
2334 1861 2499 1908 testes
2521 1853 2562 1906 ‘.

1999 1946 2052 2000 5.
2093 1943 2318 1999 Thomas
2347 1956 2512 1999 autem
2540 1961 2672 1999 unus
2694 1961 2758 2000 ex
2781 1945 3068 2010 duodecim,
3094 1947 3184 2017 qui
3215 1947 3401 2002 dicitur
3424 1945 3522 2001 Di-

1929 2037 2110 2108 dymus
2132 2078 2145 2098 ,
2173 2054 2274 2091 non
2307 2046 2414 2090 erat
2452 2053 2566 2090 cum
2592 2036 2664 2091 eis
2693 2036 2874 2108 (Joau.
2899 2036 2992 2092 20.
3033 2037 3148 2107 24).
3193 2037 3321 2092 Erat
3347 2047 3526 2094 autem

1929 2144 2118 2199 magna
2151 2129 2237 2182 illa
2281 2128 2478 2183 Christi
2504 2129 2824 2193 teconomia,
2856 2128 2999 2197 quod
3029 2128 3266 2184 Thomas
3289 2145 3397 2186 non
3425 2130 3526 2185 ad-

1927 2227 2103 2284 esset,
2137 2228 2196 2273 ut
2222 2219 2339 2289 ejus
2383 2219 2644 2273 dubitatio
2673 2218 2955 2275 clariorem
2984 2221 3379 2291 certioremque
3405 2221 3528 2277 efﬁ-

1927 2320 2074 2367 ceret
2102 2312 2570 2366 resurrectionem.
2602 2311 2715 2367 Nisi
2745 2313 2890 2368 enim
2916 2313 3151 2368 Thomas
3171 2313 3450 2381 defuisset,
3473 2323 3532 2371 et

1927 2404 1995 2458 de
2015 2402 2411 2457 resurrectione
2428 2401 2743 2467 dubitasset,
2772 2417 2836 2458 ac
2859 2401 3178 2458 dubitationi
3205 2413 3411 2460 eertum
3440 2421 3531 2460 ar-

1927 2503 2237 2564 gumentum
2275 2492 2530 2547 Servator
2553 2493 2911 2563 opposuisset,
2945 2491 3181 2548 futurum
3206 2504 3322 2550 erat
3351 2503 3409 2550 ut
3435 2511 3528 2551 re-

1928 2585 2273 2640 surrectionis
2319 2583 2636 2639 miraculum
2688 2584 2934 2652 plurimis
2978 2585 3155 2641 adhue
3203 2585 3529 2642 ofl‘endiculo

1928 2683 2072 2730 esset
2104 2692 2117 2728 :
2148 2691 2332 2730 verum
2376 2673 2492 2745 ejus
2533 2673 2794 2729 dubitatio
2833 2675 3079 2730 ﬁdelibus
3113 2676 3320 2732 cunctis
3344 2691 3526 2733 reme-

1928 2766 2074 2820 dium
2104 2767 2300 2820 attulit.
2332 2765 2467 2820 Cum
2497 2765 2674 2835 itaque
2708 2765 2856 2820 venit
2885 2765 3120 2822 Thomas
3139 2809 3156 2834 ,
3198 2767 3452 2824 dixerunt
3474 2770 3529 2825 ei

1927 2856 2014 2910 alii
2038 2856 2280 2926 discipuli
2313 2873 2326 2909 :
2369 2854 2597 2910 Vidimus
2632 2855 2930 2910 Dominum.
2959 2856 3036 2913 Illi
3064 2859 3432 2929 gloriabantur
3459 2861 3527 2916 de

1931 2949 1994 3003 iis
2021 2964 2139 3019 qua!
2164 2948 2443 3014 viderant;
2475 2947 2564 3003 hic
2583 2964 2712 3004 vero
2730 2948 3128 3005 contradicendi
3149 2951 3382 3021 quodam
3409 2962 3528 3008 stu-

1929 3039 2019 3094 dio
2050 3050 2236 3108 captus
2266 3048 2369 3101 est.
2400 3055 2505 3094 non
2544 3039 2915 3095 incredulitate
2946 3042 3114 3113 (tanta
3142 3057 3228 3098 res
3261 3051 3346 3099 est
3367 3043 3528 3100 dubi-

1930 3131 2105 3201 tatio),
2135 3145 2257 3186 cum
2279 3132 2478 3186 certior
2503 3130 2618 3185 ﬁeri
2651 3140 2978 3201 percptaret,
3012 3149 3119 3188 non
3144 3133 3297 3201 dixit,
3327 3134 3385 3190 ιιι
3409 3135 3528 3192 ﬁeri

1934 3223 2138 3291 nequit.
2172 3221 2402 3276 Attende
2439 3221 2742 3291 diligenter.
2773 3222 2891 3277 Non
2933 3225 3145 3295 negavit
3170 3227 3526 3283 resurrectio-

1927 3334 2050 3374 nem
2081 3336 2094 3373 :
2123 3334 2230 3374 non
2259 3317 2413 3385 dixit,
2443 3318 2799 3389 lmpossibilia
2825 3318 3022 3385 dicitis,
3052 3334 3140 3374 res
3167 3319 3527 3390 impossibiles

1929 3414 2288 3478 annuntiatis;
2311 3412 2406 3468 sed
2431 3413 2633 3468 certior
2658 3411 2774 3467 ﬁeri
2801 3411 2969 3467 voluit
2994 3413 3216 3468 dicens:
3247 3412 3366 3469 Nisi
3389 3415 3530 3469 vide-

1927 3524 1986 3561 ro
2014 3509 2067 3561 in
2096 3508 2326 3562 manibus
2345 3507 2455 3578 ejus
2474 3507 2696 3575 ﬁxuram
2711 3507 2988 3570 clavorum,
3011 3503 3080 3578 [et
3096 3508 3291 3560 mittam
3310 3507 3528 3579 digitum

1927 3619 2091 3656 meum
2105 3602 2156 3654 in
2174 3600 2339 3656 locum
2353 3600 2606 3654 clavorum
2619 3596 2720 3671 (a)]
2733 3609 2780 3652 et
2792 3601 2986 3652 mittant
2998 3615 3204 3652 manum
3216 3615 3380 3653 meam
3393 3601 3446 3654 in
3458 3600 3531 3654 la-

1929 3705 2008 3748 tus
2033 3696 2160 3764 ejus,
2191 3710 2292 3748 non
2309 3693 2512 3748 credam
2529 3694 2549 3724 ³
2570 3692 2749 3762 (Joan.
2781 3692 2870 3746 20.
2898 3692 3014 3762 25).
3037 3691 3106 3746 Et
3126 3702 3237 3762 post
3258 3693 3365 3748 dies
3389 3704 3524 3749 octo.

1930 3786 2063 3840 Vide
2093 3784 2364 3854 quomodo
2403 3783 2558 3838 alteri
2603 3784 2893 3838 Dominicae
2934 3785 3126 3839 insistit
3152 3801 3168 3844 :
3197 3800 3320 3839 nam
3359 3801 3388 3839 a
3423 3786 3530 3841 Do-

1930 3877 2123 3931 minica
2146 3878 2201 3930 in
2232 3875 2559 3930 Dominicam
2589 3883 2712 3929 sunt
2732 3883 2854 3929 octo
2879 3874 3014 3930 dies.
3055 3874 3181 3929 Post
3205 3875 3311 3928 dies
3358 3885 3471 3929 octo
3495 3891 3528 3931 a

1931 3967 2326 4023 resurrectione
2353 3967 2483 4018 venit
2509 3966 2689 4020 iterum
2715 3964 2888 4031 Jesus,
2912 3966 3092 4035 januis
3117 3966 3324 4032 clausis,
3351 3975 3398 4020 et
3425 3976 3529 4021 διες

1931 4062 1989 4113 tit
2019 4061 2072 4113 in
2093 4058 2257 4112 medio
2283 4069 2331 4112 et
2360 4058 2489 4112 dixit
2524 4073 2543 4111 ε
2571 4055 2690 4110 Pax
2722 4057 2858 4110 vobis
2893 4055 3000 4126 (Ib.
3032 4072 3082 4110 υ.
3111 4055 3227 4127 26).
3257 4056 3392 4124 Quia
3418 4056 3529 4127 pri-

1930 4152 2051 4207 dem
2087 4151 2278 4206 eodem
2306 4150 2358 4205 in
2391 4150 2510 4204 loco
2537 4149 2620 4204 bis
2644 4147 2870 4210 dixerat,
2895 4147 3015 4202 Pax
3050 4149 3213 4214 vobis,
3245 4149 3331 4204 hic
3360 4149 3529 4205 semel

1930 4244 2088 4310 dicit,
2131 4253 2277 4297 utex
2316 4251 2498 4296 sancta
2525 4239 2785 4295 Trinitate
2827 4238 3122 4309 perfectum
3167 4249 3220 4294 et
3261 4241 3529 4311 integrum

1932 4333 2132 4387 donum
2166 4332 2311 4402 pacis
2330 4331 2531 4386 faceret
2562 4348 2576 4384 :
2611 4329 2729 4383 Pax
2751 4329 2907 4383 vobis.
2936 4329 3131 4385 Deinde
3153 4331 3273 4384 dicit
3294 4329 3528 4398 Themis,

1933 4423 2081 4492 lnfer
2107 4424 2323 4494 digitum
2360 4433 2501 4476 tuum
2526 4421 2625 4475 huc
2673 4419 2780 4493 (Ib.
2821 4436 2871 4474 υ.
2901 4420 3019 4492 27).
3047 4424 3296 4489 Attende,
3321 4439 3528 4494 quaeso.

1932 4517 2047 4571 Non
2093 4524 2368 4586 exSpectat
2406 4513 2660 4570 Servator
2703 4512 2877 4569 donec
2928 4529 2958 4568 a
3001 4514 3277 4584 discipulis
3306 4516 3531 4572 Thomas

1933 4608 2321 4664 dubitationem
2347 4606 2528 4660 audiat
2552 4623 2566 4658 :
2592 4620 2699 4660 non
2720 4604 2945 4660 docetur
2967 4607 3112 4675 prius
3135 4622 3292 4676 quam
3313 4607 3528 4664 doceat:

1935 4699 2030 4753 sed
2059 4709 2116 4752 ut
2143 4696 2459 4768 persuadeat
2487 4695 2585 4764 ipsi
2616 4710 2676 4750 se
2697 4704 3015 4765 praesentem
3045 4696 3230 4764 fuisse,
3262 4697 3384 4753 licet
3421 4713 3531 4753 non

1936 4801 2218 4860 appareret
2238 4805 2253 4854 ;
2273 4799 2325 4844 et
2342 4798 2399 4844 ut
2414 4787 2761 4842 dubitationis
2776 4787 3057 4857 inquisitor
3072 4791 3161 4854 sit,
3181 4791 3255 4844 ait
3273 4789 3493 4846 Thema:
3514 4810 3528 4847 :

1936 4882 2083 4953 Infer
2104 4882 2317 4952 digitum
2341 4891 2482 4933 tuum
2509 4881 2628 4943 huc,
2646 4879 2918 4945 utdixisti,
2944 4890 2988 4932 et
3011 4881 3123 4934 vide
3143 4897 3323 4936 manus
3350 4898 3485 4936 meas
3512 4897 3533 4936 :

1937 4988 1983 5032 et
2008 4977 2140 5045 infer
2165 4990 2370 5027 manum
2395 4981 2569 5035 tuam,
2602 4980 2649 5024 et
2689 4972 2830 5024 mitte
2857 4972 2908 5023 in
2939 4972 3074 5025 latus
3101 4988 3268 5025 meum
3310 4989 3329 5026 :
3351 4982 3399 5027 et
3428 4973 3533 5027 noli

1937 5087 2042 5125 esse
2085 5067 2395 5131 incredulus,
2427 5063 2515 5118 sed
2541 5063 2706 5132 ﬁdelis
2734 5061 2945 5135 (Ibid).
2973 5061 3222 5118 Ostendit
3258 5080 3403 5128 eum,
3442 5067 3534 5134 qui

1938 5162 2160 5218 evidens
2184 5159 2438 5214 indicium
2473 5155 2684 5226 quaerit,
2718 5171 2823 5209 non
2862 5170 2984 5210 esse
3015 5155 3260 5222 fidelem;
3289 5156 3383 5211 sed
3409 5172 3534 5212 eum

2005 5299 2021 5329 ¹
2048 5298 2122 5346 sic
2144 5294 2289 5344 effert
2310 5293 2439 5342 hunc
2461 5289 2617 5352 locum
2638 5288 2750 5338 Cod.
2771 5289 3067 5352 Reg._il88:
3091 5294 3145 5338 Et
3168 5289 3414 5352 accipietis
3435 5303 3535 5352 virs

1940 5367 2088 5410 tatem
2111 5351 2517 5427 Spiritttsosancti
2553 5350 2925 5427 supervenientis
3043 5363 3160 5408 tos;
3191 5359 3237 5400 et
3254 5351 3394 5421 eritis
3417 5351 3537 5403 mihi

1941 5428 2081 5472 testes
2111 5433 2128 5468 :
2142 5411 2242 5468 ἰιἱεὶ
2262 5415 2391 5465 enim
2407 5411 2691 5475 accepta’sit
2713 5411 2862 5477 virtus
2885 5412 3089 5476 Spiritus
3109 5412 3282 5473 sancti,
3316 5427 3410 5463 non
3426 5429 3538 5477 pos-

1941 5482 2080 5533 st'bile
2113 5489 2181 5530 est
2213 5477 2422 5540 aliquem
2442 5471 2708 5540 martyrem
2730 5471 2857 5540 ﬁeri.

2005 5549 2025 5577 ³
2051 5543 2180 5592 idem
2203 5534 2363 5588 Codex
2387 5545 2514 5600 post,
2537 5534 2755 5600 credam,
2779 5536 2852 5600 sic
2874 5535 3023 5600 liabet
3048 5548 3062 5585 :
3089 5543 3196 5600 Non
3220 5534 3366 5594 dixit,
3399 5553 3422 5584 ι
3443 5549 3538 5586 non

1944 5608 2142 5657 credam
2153 5602 2360 5658 omnino,
2371 5595 2403 5644 ι’
2424 5598 2530 5658 sed,
2550 5615 2573 5644 ι
2590 5597 2684 5648 nisi
2704 5595 3028 5660 probationem
3041 5596 3295 5657 accipiam,
3320 5609 3413 5647 non
3428 5611 3537 5648 cre-

1944 5671 2077 5719 dam.
2101 5684 2124 5712 ι
2154 5672 2209 5716 ει
2226 5670 2346 5728 post,
2368 5667 2461 5712 etc.

2010 5754 2085 5817 (a)
2107 5751 2298 5817 uncinis
2334 5747 2500 5817 clausa
2540 5757 2636 5793 non
2674 5743 2836 5817 habet
2861 5743 3053 5795 Montef.
3076 5757 3092 5806 ;
3117 5744 3208 5795 sed
3252 5743 3313 5794 ad
3365 5749 3538 5796 textus

1946 5805 2216 5880 Evangelia
2241 5812 2574 5873 integritatem
2596 5805 2862 5868 pertinent.
