4098 6438
605 352 708 410 779

605 470 697 538 qui
722 464 842 520 ﬁdei
876 479 936 521 se
960 462 1192 532 subiicit,
1223 460 1431 515 ﬁdelem
1457 472 1599 515 esse.
1631 453 1835 512 Similis
1874 461 1957 508 est
1984 451 2052 517 is,
2079 450 2169 521 qui

600 555 884 625 investigat
905 553 1039 609 latus
1062 550 1257 608 Christi
1281 558 1333 604 et
1359 548 1556 602 ﬁxuras
1578 546 1872 611 clavorum,
1904 541 1952 597 ei
1976 542 2065 611 qui
2090 540 2172 595 di-

608 648 701 710 cit,
731 642 1005 711 Quomodo
1031 641 1241 713 genitus
1266 639 1387 695 est?
1413 639 1523 694 lmo
1544 653 1649 691 non
1676 635 1879 690 similis.
1909 632 2001 688 Ille
2020 632 2176 701 quip-

612 717 677 805 pe
702 734 973 806 quaerebat
1004 734 1059 788 in
1083 746 1244 788 carne
1270 730 1454 785 videre
1499 728 1693 783 ﬁxuras
1727 726 2025 788 clavorum,
2051 737 2172 791 quae

606 827 705 881 sub
732 834 1001 895 aspectum
1028 833 1081 879 et
1109 837 1321 879 sensum
1351 819 1610 876 cadebant
1649 835 1664 872 :
1707 815 1954 885 cupiebat
1989 814 2170 868 videre

606 933 718 970 rem
742 928 1029 987 peractam,
1056 922 1212 984 quam
1230 922 1353 966 ante
1370 909 1591 965 sciebat.
1613 907 1693 962 Tu
1708 920 1836 961 vero
1856 905 1942 975 qui
1963 904 2171 959 curiose

608 1005 866 1074 perquiris
906 1011 1144 1058 naturam
1183 998 1536 1060 invisibilem,
1576 995 1924 1050 substantiam
1972 993 2173 1047 incom-

606 1094 1011 1162 prehensibilem
1031 1133 1045 1157 ,
1073 1082 1465 1161 generationem
1505 1087 1845 1149 ineliabilem,
1875 1084 2168 1156 genitorem

604 1184 1006 1240 incnarrabilem
1028 1223 1043 1250 ,
1072 1182 1308 1253 genitum
1353 1177 1960 1248 incomprehensibilem,
1992 1190 2166 1228 annon

601 1275 814 1342 gravius
842 1272 1239 1342 prmvaricaris?
1276 1286 1453 1325 annon
1492 1284 1552 1325 es
1579 1268 1779 1324 inﬁdeli
1819 1266 2085 1322 deterior?
2112 1264 2167 1321 Si

601 1360 741 1428 quod
791 1361 925 1414 latus
967 1360 1358 1430 investigaverit
1405 1358 1590 1413 beatus
1635 1357 1903 1423 Thomas,
1934 1356 2165 1421 audivit,

603 1448 730 1504 Noli
753 1466 857 1504 esse
882 1450 1187 1515 incredulus,
1230 1449 1318 1503 sed
1354 1449 1517 1517 ﬁdelis
1546 1465 1565 1502 :
1598 1458 1651 1503 tu
1679 1448 1767 1518 qui
1799 1448 2166 1516 incorpoream

601 1551 655 1596 et
680 1542 1265 1610 incomprehensibilem
1294 1543 1537 1597 virtutem
1564 1540 1817 1596 scrutaris
1840 1540 1880 1607 ι,
1914 1541 2021 1595 noli
2050 1554 2169 1595 esse

602 1631 925 1696 incredulus,
948 1632 1039 1687 sed
1064 1632 1249 1687 ﬁdelis.
1276 1634 1523 1686 Attamen
1552 1632 1645 1687 Dei
1670 1631 2009 1701 indulgentia:
2038 1646 2162 1700 gra-

603 1726 704 1779 tias
726 1727 960 1793 agimus,
1007 1724 1148 1794 quod
1193 1725 1411 1779 Thema:
1451 1724 1643 1793 digitus
1682 1724 1891 1793 pietatis
1932 1723 2169 1779 calamus

604 1814 779 1878 fuerit,
804 1815 894 1882 qui
927 1814 1171 1870 haeretica
1204 1816 1337 1869 retia
1381 1803 1745 1879 subverteret,
1776 1823 1832 1870 et
1859 1829 2045 1870 eorum
2074 1830 2167 1869 ora

601 1905 901 1970 obturaret,
930 1906 1020 1975 qui
1050 1906 1228 1960 dicere
1254 1906 1547 1971 auderent,
1575 1907 1856 1962 Dominum
1880 1909 2058 1977 specie
2084 1908 2168 1961 in-

601 1994 778 2049 duisse
805 2009 994 2064 corpus
1017 2035 1032 2059 ,
1078 1996 1362 2065 specieque
1387 2004 1588 2050 tantum
1615 2005 1881 2051 mortuum
1911 2010 2049 2052 esse.
2081 1996 2169 2050 Di-

600 2086 737 2155 gitus
762 2099 887 2139 vero
914 2084 1132 2140 Thomas
1170 2085 1537 2141 hrereticorum
1564 2083 1947 2141 dubitationem
1969 2087 2039 2141 ita
2061 2088 2168 2142 sol-

600 2176 693 2239 vit,
723 2184 783 2229 ιιι
806 2176 893 2231 ille
920 2175 1135 2246 digitus,
1166 2186 1347 2231 contra
1369 2192 1525 2247 quem
1562 2178 1694 2232 nihil
1724 2187 2006 2247 potuerunt
2027 2178 2163 2248 magi

600 2263 966 2335 Egyptiorutn
1005 2265 1243 2320 dicentes
1281 2283 1293 2319 :
1333 2264 1534 2336 Digitus
1569 2265 1659 2320 Dei
1678 2276 1747 2320 est
1781 2267 1859 2321 hic
1888 2266 2078 2337 (Exod.
2107 2269 2162 2322 8.

602 2351 712 2425 19).
745 2354 846 2408 Par
876 2362 990 2408 erat
1014 2353 1270 2408 Thomam
1291 2393 1307 2421 ,
1337 2365 1455 2423 post
1490 2367 1692 2410 certum
1736 2357 1862 2411 illud
1891 2368 2163 2425 acceptum

602 2444 874 2509 indicium,
907 2445 1035 2499 illud
1070 2445 1279 2501 Davidis
1303 2445 1500 2500 dictum
1528 2447 1763 2516 proferre
1789 2465 1801 2501 :
1831 2448 1897 2502 In
1917 2449 1997 2502 die
2018 2450 2165 2503 tribu-

599 2535 797 2590 lationis
823 2552 944 2590 meas
961 2536 1124 2590 Deum
1147 2537 1387 2605 exquisivi
1414 2537 1585 2607 (Psal.
1612 2539 1698 2593 76.
1726 2540 1801 2610 5);
1826 2550 1879 2595 et
1906 2542 2026 2610 quia
2048 2557 2162 2595 ma-

600 2627 752 2681 nibus
790 2628 1143 2692 scrutabatur,
1184 2624 1457 2698 sequentia
1494 2630 1709 2695 addere,
1759 2632 1991 2686 Manibus
2041 2635 2164 2688 meis

600 2729 741 2770 nocte
764 2728 933 2770 contra
958 2734 1090 2781 eum,
1118 2727 1163 2771 et
1192 2735 1293 2771 non
1320 2735 1429 2773 sum
1447 2721 1694 2788 deceptus.
1720 2721 1842 2775 Noli
1869 2739 1974 2777 esse
1998 2724 2164 2778 incre-

598 2806 767 2871 dulus,
790 2806 877 2861 sed
898 2790 1079 2874 ﬁdelis.
1111 2807 1205 2861 Ille
1226 2823 1354 2861 vero
1373 2816 1426 2863 et
1446 2824 1475 2862 a
1501 2808 1665 2863 ﬁxura
1687 2825 1805 2864 eum
1827 2851 1841 2874 ,
1868 2813 1957 2880 qui
1980 2828 2165 2879 passus

598 2908 730 2960 erat,
762 2900 1068 2968 conspexit,
1099 2907 1152 2953 et
1188 2914 1215 2951 a
1250 2900 1439 2967 prscvia
1468 2901 1768 2970 cognitione
1795 2903 1960 2957 Deum
1990 2903 2115 2959 dicit
2146 2922 2160 2959 :

598 2984 844 3040 Dominus
870 3004 1004 3041 meus
1032 2997 1076 3041 et
1107 2987 1240 3043 Deus
1268 3005 1423 3042 meus.

674 3079 728 3131 ὅ.
772 3078 999 3131 Audiaut
1027 3078 1279 3133 hmrctici.
1311 3078 1364 3133 Si
1390 3095 1513 3133 vere
1538 3079 1589 3134 id
1617 3093 1825 3136 recusat
1849 3082 2035 3147 Filius,
2064 3100 2163 3141 nec

601 3178 681 3219 est
710 3168 925 3237 :cqualis
954 3168 1116 3235 Patri,
1148 3184 1243 3223 cur
1266 3184 1324 3224 se
1352 3181 1753 3237 exsuperantem
1780 3172 2034 3230 honorem
2057 3192 2162 3230 non

598 3258 804 3322 reiicit?
836 3259 1047 3312 Andivit
1070 3274 1100 3311 a
1140 3260 1366 3326 quodam
1392 3300 1406 3323 ,
1450 3260 1690 3331 Magister
1716 3263 1871 3330 bone,
1914 3274 1966 3319 et
1991 3265 2156 3330 dixit,

596 3345 699 3401 Cur
739 3348 976 3402 medicis
1025 3348 1252 3403 bonum?
1316 3348 1478 3404 Nemo
1524 3352 1679 3405 bonus
1724 3355 1820 3406 nisi
1862 3340 1989 3409 unus
2024 3353 2163 3410 Deus

597 3440 616 3508 (
652 3438 833 3492 Matth.
864 3440 950 3494 l9.
984 3439 1069 3494 i6.
1118 3441 1182 3494 17
1214 3441 1252 3511 ).
1283 3440 1428 3497 Licet
1454 3442 1579 3497 illud
1624 3445 1800 3509 bonus,
1825 3446 1983 3499 etiam
2024 3447 2163 3514 apud

599 3543 696 3583 nos
725 3528 775 3582 in
804 3544 900 3583 usu
922 3529 1009 3584 sit.
1039 3530 1166 3586 lllnd
1194 3531 1317 3585 bone
1335 3533 1538 3598 audire,
1568 3544 1624 3587 ut
1660 3544 1716 3589 tu
1741 3536 2045 3606 suspicaris,
2069 3539 2165 3594 ali-

596 3621 804 3687 quando
824 3622 1117 3686 recusavit;
1147 3638 1322 3677 annon
1347 3624 1471 3679 illud
1495 3625 1630 3680 Deus
1656 3637 1709 3681 et
1734 3627 1977 3683 Dominus
1999 3631 2164 3685 multo

596 3712 763 3779 magis
801 3727 1047 3767 recusare
1071 3712 1295 3767 debuit?
1324 3714 1567 3785 Magister
1607 3717 1750 3783 bone,
1782 3734 1843 3774 ac
1886 3721 2029 3781 dicit,
2062 3721 2165 3776 Cur

597 3818 672 3853 me
697 3802 820 3855 dicis
861 3803 1084 3856 bonum?
1110 3804 1203 3858 llic
1230 3815 1438 3869 autem,
1471 3805 1716 3861 Dominus
1750 3827 1888 3862 meus
1910 3851 1923 3873 ,
1950 3822 1997 3864 et
2031 3811 2164 3866 Deus

598 3908 752 3951 meus,
780 3903 834 3947 et
858 3910 960 3947 non
1002 3894 1147 3958 dicit,
1172 3895 1278 3948 Cur
1305 3912 1387 3950 me
1417 3896 1549 3951 dicis
1575 3898 1852 3953 Dominum
1887 3911 1939 3954 et
1965 3901 2163 3956 Deum?

599 3981 691 4033 sed
724 3982 812 4045 ibi,
841 3983 962 4051 quia
985 3998 1043 4037 se
1084 3984 1293 4053 indigna
1328 4001 1428 4038 vox
1476 3995 1591 4039 erat
1623 3987 1771 4057 (non
1816 3991 1954 4043 enim
1996 3990 2158 4057 dixit,

604 4071 821 4125 nomine
872 4073 1045 4137 bone,
1102 4075 1234 4139 sed,
1288 4075 1532 4146 Magister
1565 4078 1749 4143 bone),
1798 4082 2047 4135 vilitatem
2076 4098 2164 4137 re-

596 4162 768 4230 spuit,
809 4177 869 4215 ac
902 4178 1008 4217 rem
1052 4165 1335 4233 gloriosam
1381 4166 1478 4220 sibi
1530 4165 1762 4221 admisit.
1812 4170 1905 4223 llic
1952 4187 2162 4241 quoque

600 4249 965 4323 reprehendit,
1020 4252 1112 4304 Sed
1162 4254 1423 4307 contraria
1470 4253 1537 4308 de
1582 4270 1739 4309 causa
1787 4258 2159 4326 reprehendit,

600 4341 845 4407 quoniam
886 4341 936 4394 id
980 4343 1175 4395 tardius
1213 4344 1439 4397 dixerat.
1480 4345 2027 4415 chrehenditillum,
2058 4368 2162 4408 non

598 4430 739 4498 quod
768 4432 1007 4495 dixisset,
1036 4431 1281 4487 Dominus
1305 4451 1460 4502 meus,
1492 4436 1584 4489 sed
1613 4438 1751 4504 quod
1778 4439 1978 4493 tardius
1994 4439 2164 4496 dixis-

602 4530 703 4574 set.
746 4519 878 4586 Quia
913 4521 1068 4590 igitur
1100 4523 1264 4576 vidisti
1304 4540 1411 4587 me,
1456 4525 1708 4579 credidisti
1740 4544 1755 4579 :
1787 4528 1915 4582 beati
1951 4532 2037 4597 qui
2064 4549 2165 4586 non

599 4610 828 4664 viderunt
847 4651 861 4676 ,
893 4623 939 4664 et
963 4613 1276 4666 crediderunt
1303 4612 1490 4683 (Joan.
1522 4615 1611 4670 20.
1639 4617 1707 4671 29
1733 4620 1770 4685 ).
1806 4619 1950 4674 Unus
1978 4637 2163 4691 repre-

598 4702 794 4756 hensus
821 4710 936 4767 est,
967 4711 1019 4757 et
1064 4719 1159 4757 nos
1201 4720 1388 4759 omnes
1416 4706 1552 4761 beati
1602 4711 1775 4763 vocati
1820 4726 2001 4769 sumus
2030 4732 2042 4765 :
2077 4716 2160 4769 illa

598 4794 792 4862 quippe
823 4792 1090 4847 beatitudo
1114 4794 1179 4849 ad
1209 4810 1304 4849 nos
1330 4812 1516 4851 omnes
1538 4802 1853 4866 pertransit,
1896 4812 1950 4858 et
1977 4804 2042 4859 ad
2070 4820 2162 4860 eos

595 4884 683 4951 qui
706 4892 826 4951 post
846 4898 942 4937 nos
968 4883 1128 4938 futuri
1167 4896 1323 4949 sunt;
1360 4888 1479 4955 quia
1508 4902 1627 4941 cum
1658 4890 1910 4947 miracula
1937 4893 2025 4947 illa
2054 4912 2162 4951 non

597 4973 709 5027 visu
740 4976 1128 5043 perceperimus
1153 5018 1168 5041 ,
1219 4978 1311 5029 scd
1343 4978 1444 5034 lide
1470 4982 1848 5051 acceperimus,
1880 4988 2161 5057 participes

598 5075 770 5118 tamen
810 5080 993 5120 sumus
1028 5084 1232 5138 magnre
1260 5070 1398 5125 illius
1425 5072 1775 5143 gloriosmque
1801 5076 2157 5137 beatitudinis.

668 5156 719 5208 7.
759 5155 864 5210 Sed
889 5156 955 5210 ab
995 5159 1230 5224 historia,
1264 5176 1419 5229 quam
1449 5165 1765 5233 compendio
1796 5170 2157 5238 tractavimus,

600 5252 1041 5309 pertranseamus,
1087 5250 1130 5302 si
1160 5258 1333 5305 tamen
1360 5252 1621 5307 dictorum
1652 5256 1800 5323 copia
1840 5272 1945 5311 non
1971 5259 2159 5315 defati-

593 5326 701 5395 gati
724 5329 876 5388 estis.
896 5330 961 5385 ad
983 5332 1141 5386 aliam
1163 5338 1531 5405 propheticam
1549 5350 1756 5398 vecem.
1770 5343 1992 5410 Qualem
2010 5348 2160 5403 vero?

600 5414 798 5482 Venite,
816 5424 1159 5479 ostendamus
1176 5427 1243 5479 ad
1262 5440 1483 5485 montem
1502 5432 1715 5488 Domini
1732 5434 1916 5505 (Mich.
1937 5437 1987 5490 4.
2006 5438 2081 5507 2).
2099 5439 2181 5497 Et-

588 5508 730 5563 enim
744 5520 961 5567 amonte
973 5512 1657 5591 Olivarumassumptusest
1672 5528 2158 5599 ServatorJ’enite,

662 5647 674 5713 τ
716 5643 842 5721 (ξω.
863 5654 995 5707 post,
1020 5648 1482 5721 scrutaris._omissis.
1508 5653 1803 5721 κωβιῷ...
1838 5657 2021 5721 ﬁdelis,
2058 5665 2159 5717 haec

594 5704 743 5755 habet
769 5720 779 5752 :
809 5704 963 5757 Minue
986 5709 1130 5758 nuilto
1147 5712 1298 5772 magis
1320 5715 1485 5762 eadem
1506 5716 1679 5767 audire
1701 5704 1988 5781 uigiliis}?

1307 346 1362 402 S.
1400 339 1676 401 JOANNlS
1709 332 2179 397 CIIRYSOSTOMI
2216 332 2534 391 ARCIIIEP.
2571 333 3099 392 CONSTANTINOP.

3751 337 3860 391 780

2282 451 2611 504 ascendamus
2637 451 2706 504 ad
2734 461 2950 506 montem
2988 450 3215 517 Domini,
3243 462 3291 508 et
3316 455 3385 508 ad
3406 454 3607 509 domum
3629 452 3727 508 Dei
3754 450 3864 507 Ja-

2278 544 2388 596 τοῦ.
2420 544 2566 597 Diem
2592 552 2767 605 autem
2798 544 2940 599 illam
2968 545 3105 600 Dens
3135 545 3372 615 ejusdem
3400 549 3628 604 nominis
3649 550 3861 605 honore

2277 631 2521 702 dignatus
2544 642 2645 697 est,
2672 649 2778 703 quo
2798 649 2952 690 mons
2972 637 3335 705 appellabatur
3353 641 3391 692 ¹.
3420 640 3623 695 Etenim
3652 642 3761 696 illic
3784 658 3857 698 ex

2278 730 2459 778 monte
2489 725 2576 792 qui
2604 725 2891 780 vocabatur
2914 726 3114 792 oliveti,
3136 739 3439 798 assumptus
3465 741 3549 786 est
3574 732 3854 797 Servatur,

2277 822 2334 868 et
2360 813 2444 869 hic
2476 815 2633 868 etiam
2663 814 2929 883 plantatur
2955 817 3116 881 oliva,
3145 832 3264 888 qua:
3292 828 3347 873 et
3375 822 3767 891 propinquitate
3797 832 3860 877 et

2274 901 2509 959 nominis
2540 903 2793 959 societate
2834 906 2997 960 veteri
3040 905 3278 964 historia:
3320 908 3478 965 ﬁdem
3528 910 3670 965 facit.
3714 912 3856 966 Nam

2273 990 2425 1045 duxit
2462 991 2712 1047 Servator
2740 993 3028 1064 discipulos
3058 995 3109 1050 in
3141 996 3372 1052 Montem
3408 1000 3665 1056 olivarum
3695 1018 3727 1058 θ
3756 1017 3854 1058 re-

2276 1080 2433 1148 gione
2466 1082 2780 1138 Jerusalem.
2810 1084 2876 1138 Et
2916 1085 2987 1139 illi
3017 1094 3068 1140 et
3100 1085 3224 1141 huic
3253 1089 3411 1158 igitur
3434 1092 3669 1145 animum
3695 1092 3857 1147 adhi-

2276 1171 2445 1228 beas:
2489 1172 2677 1240 Venite,
2723 1176 3054 1231 ascendamus
3097 1180 3165 1232 ad
3208 1191 3423 1235 montem
3460 1181 3687 1238 Domini.
3730 1185 3853 1241 Una

2271 1261 2618 1319 as’cendamus
2643 1264 2904 1321 desiderio
2933 1276 2986 1321 et
3014 1268 3195 1333 verbo,
3222 1284 3388 1339 eaque
3406 1272 3699 1341 videamus,
3727 1290 3854 1345 qum

2270 1352 2518 1410 salutaris
2546 1354 2631 1409 illa
2660 1357 2948 1427 assumptio
2972 1358 3123 1414 nobis
3151 1371 3364 1428 Operata
3388 1371 3472 1417 est
3498 1362 3592 1433 (a).

2342 1444 2394 1496 8.
2438 1442 2516 1497 De
2537 1444 2862 1514 inscriptione
2887 1446 3000 1500 libri
3022 1446 3302 1513 Actorum;
3330 1453 3440 1521 quis
3481 1454 3545 1506 sit
3579 1464 3755 1508 auctor
3783 1457 3853 1510 ιε-

2271 1533 2349 1586 bri
2388 1534 2742 1589 Actorum.—-
2775 1537 2904 1592 Volo
2946 1539 3121 1609 itaque
3151 1543 3321 1609 ipsum
3360 1544 3610 1600 Actorum
3650 1547 3850 1603 librant

2271 1637 2503 1687 sumere,
2534 1638 2597 1678 ac
2622 1625 2921 1681 minutatim
2969 1643 3001 1682 a
3032 1630 3292 1699 principio
3317 1633 3641 1700 examinare,
3678 1645 3734 1690 ut
3757 1636 3848 1692 di-

2269 1712 2392 1766 vina
2434 1712 2629 1769 ﬂuenta
2674 1716 2948 1771 vobiscum
2999 1717 3237 1773 hauriam
3268 1737 3282 1774 :
3310 1732 3468 1791 atque
3508 1736 3569 1779 ut
3607 1728 3851 1784 veritatis

2271 1802 2541 1858 institores
2566 1804 2841 1860 thesauros
2885 1820 3051 1863 sacra:
3078 1808 3365 1879 Scriptura:
3392 1829 3496 1867 una
3524 1824 3846 1884 scrutemur;

2270 1902 2454 1960 utpote
2487 1894 2574 1963 qui
2614 1895 2919 1951 studeamus
2948 1898 2999 1952 in
3031 1899 3225 1969 pietate
3263 1901 3544 1960 ditescere.
3583 1907 3734 1975 Arta,
3764 1910 3850 1962 in-

2268 1986 2401 2053 quit,
2428 1985 2803 2055 Apostolorum.
2833 1988 2927 2043 Vel
2967 1990 3080 2059 ipse
3105 1993 3286 2047 titulus
3310 2011 3489 2051 rerum
3530 1998 3633 2051 vim
3678 2010 3847 2055 totam

2269 2076 2530 2141 enuntiat,
2551 2068 2750 2146 estque’
2769 2082 3084 2148 protemium
3112 2082 3273 2138 totius
3302 2086 3478 2155 operis
3504 2088 3841 2157 pollicitatio.

2265 2164 2450 2236 Neque
2490 2178 2662 2223 tamen
2688 2171 2925 2226 omnium
2948 2175 3307 2242 apostolorum
3350 2168 3465 2231 acta
3504 2178 3604 2233 hoc
3631 2181 3681 2236 in
3708 2182 3849 2237 libro

2268 2256 2510 2314 feruntur
2539 2277 2553 2313 :
2585 2260 2680 2314 sed
2705 2260 2757 2314 si
2789 2263 2908 2331 quis
2943 2277 3057 2317 rem
3104 2274 3350 2321 accurate
3388 2279 3673 2336 scrutetur,
3722 2288 3849 2342 quae

2268 2347 2437 2415 prima
2465 2347 2705 2403 feruntur
2731 2352 2787 2404 in
2825 2351 2981 2419 libro,
3012 2353 3154 2409 Petri
3193 2356 3444 2413 miracula
3470 2368 3525 2415 et
3543 2359 3846 2416 doctrinam

2266 2436 2545 2502 exhibent,
2574 2453 2738 2507 pauca
2767 2440 2835 2496 de
2855 2442 3068 2512 reliqui.
3100 2446 3394 2514 apostolis;
3424 2460 3543 2518 post
3568 2450 3682 2507 lure
3714 2468 3847 2507 vero

2265 2526 2333 2581 de
2358 2527 2523 2581 Paulo
2552 2536 2692 2583 totus
2718 2528 2851 2586 liber
2873 2531 3186 2587 absolvitur.
3214 2534 3403 2591 Petrus
3423 2553 3551 2608 ergo
3578 2555 3849 2595 memora-

2266 2626 2353 2673 tur
2378 2629 2433 2673 et
2459 2618 2677 2687 Paulus,
2709 2631 2764 2676 et
2788 2624 3055 2692 quomodo
3091 2627 3327 2681 omnium
3367 2631 3724 2699 apostolorum
3754 2635 3843 2687 tli-

2266 2717 2458 2762 cuntur
2499 2712 2654 2764 acta?
2692 2710 2887 2766 Verum
2921 2714 3061 2782 quia,
3112 2718 3675 2787 secundumPaulum,
3718 2739 3843 2779 cum

2266 2802 2433 2869 gloria
2460 2801 2687 2856 afﬁcitur
2716 2819 2877 2858 unum
2911 2808 3231 2874 membrum,
3254 2810 3419 2880 gloria
3446 2813 3571 2868 item
3602 2814 3849 2870 allicimu-

2269 2899 2354 2942 tur
2381 2892 2556 2944 omnia
2587 2894 2845 2956 membra,
2880 2893 3000 2949 ideo
3043 2911 3149 2951 non
3193 2898 3460 2968 inscripsit
3501 2901 3849 2974 historiogra-

2267 2981 2404 3049 pbus
2440 2982 2567 3036 Acta
2614 2982 2757 3038 Petri
2799 2994 2853 3039 et
2902 2985 3072 3053 Pauli,
3121 2988 3213 3042 sed
3258 2992 3385 3044 Acta
3426 2993 3843 3061 Apostolorum;

2264 3072 2560 3127 communis
2586 3083 2667 3128 est
2697 3075 3025 3143 pollicitatio.
3067 3078 3362 3145 Quarrimus
3388 3096 3515 3152 ergo
3552 3084 3669 3152 quis
3702 3085 3847 3140 hunc

2265 3163 2516 3215 Actorum
2545 3162 2737 3217 librum
2767 3164 3106 3222 adornaverit
3134 3184 3147 3221 :
3176 3170 3307 3224 varii
3331 3172 3494 3239 enim,
3526 3174 3844 3243 scriptorem

2266 3252 2384 3307 libri
2416 3253 2712 3309 nescientes
2755 3254 2806 3309 in
2838 3257 3009 3311 varias
3041 3257 3192 3312 divisi
3229 3268 3353 3314 sunt
3381 3264 3705 3328 sententias;
3751 3254 3845 3319 alii

2267 3344 2450 3397 dicunt
2478 3344 2593 3413 ejus
2612 3354 2883 3401 auctorem
2904 3362 3022 3402 esse
3044 3349 3377 3404 Clementem
3408 3352 3726 3419 Romanum,
3750 3357 3845 3411 alii

2265 3432 2583 3500 Barnabam,
2624 3434 2712 3489 alii
2742 3434 2939 3490 Lucam
2964 3439 3362 3508 evangelistam.
3394 3442 3652 3509 Quoniam
3682 3445 3846 3515 igitur

2266 3524 2342 3578 illi
2375 3526 2426 3578 in
2455 3526 2628 3580 varias
2646 3527 2845 3581 abeunt
2870 3530 3181 3596 sententias,
3207 3533 3378 3602 ipsum
3405 3535 3719 3604 scriptorem
3742 3554 3846 3608 pro

2265 3614 2551 3684 interprete
2574 3617 2913 3685 accipiamus,
2945 3619 3184 3689 quisnam
3213 3623 3301 3677 ille
3334 3624 3422 3691 sit,
3446 3626 3571 3695 quid
3598 3637 3716 3697 agat
3741 3646 3756 3693 ;
3786 3640 3848 3685 et

2266 3720 2391 3758 num
2435 3706 2502 3759 de
2543 3707 2719 3777 seipse
2748 3709 3016 3779 quidpiam
3062 3713 3337 3781 signiticet.
3386 3716 3616 3771 Primum
3639 3722 3845 3786 quidem

2266 3811 2540 3848 sermonem
2584 3797 2679 3866 feci
2723 3799 2785 3852 dc
2826 3802 3075 3867 omnibus,
3119 3820 3149 3854 ο
3195 3802 3470 3875 TheOpltile
3517 3807 3650 3877 (Act.
3682 3812 3732 3863 1.
3762 3811 3842 3880 1).

2266 3886 2397 3940 Cum
2438 3888 2589 3951 dixit,
2631 3888 2882 3958 Primum,
2911 3902 3145 3948 mentem
3186 3906 3424 3951 nostram
3464 3900 3567 3953 alio
3597 3903 3841 3968 remittit,

2266 3982 2324 4029 ut
2347 3992 2645 4045 quaeramus
2672 3994 2829 4047 quem
2853 3982 3079 4050 primum
3105 3984 3245 4039 dicat
3265 4001 3591 4043 sermonem.
3620 3991 3749 4045 Nam
3794 3994 3843 4047 si

2267 4064 2405 4121 hunc
2430 4068 2599 4122 solum
2620 4069 2892 4138 edidisset,
2920 4087 3027 4127 non
3051 4074 3271 4143 diceret,
3304 4077 3539 4131 Primum
3563 4098 3845 4137 sermonem

2266 4160 2383 4229 feci.
2426 4159 2523 4214 Hie
2558 4161 2715 4229 igitur
2754 4162 2888 4217 liber
2932 4167 3197 4223 secundus
3237 4176 3357 4224 esse
3385 4171 3839 4240 deprehenditur:

2266 4248 2496 4317 primum
2525 4251 2666 4305 enim
2688 4252 2797 4321 jam
2823 4252 3025 4309 fecerat
3056 4274 3069 4310 :
3099 4272 3254 4326 quem
3283 4274 3411 4314 vero
3436 4264 3667 4331 primum
3699 4264 3845 4320 fece‘

2265 4338 2355 4401 rit,
2415 4341 2529 4408 ipse
2583 4340 2825 4396 indicat:
2869 4343 3100 4400 Primum
3157 4348 3359 4417 quidem
3412 4368 3688 4408 sermonem
3743 4357 3847 4427 feci

2266 4430 2331 4483 de
2382 4431 2625 4497 omnibus,
2671 4450 2702 4487 o
2735 4432 3026 4504 Theopliile,
3064 4454 3177 4507 quae
3211 4441 3360 4505 cmi-it
3394 4442 3546 4497 Jesus
3590 4449 3755 4514 facere
3794 4458 3844 4501 et

2269 4520 2468 4574 docere.
2516 4522 2605 4577 Sic
2645 4532 2787 4592 patet
2815 4539 2936 4578 eum
2985 4528 3037 4579 in
3078 4529 3249 4596 primo
3275 4543 3524 4587 sermone
3562 4550 3666 4588 non
3708 4538 3840 4593 Acta

2265 4613 2649 4679 composuisse,
2718 4614 2811 4669 sed
2849 4615 3233 4687 Evangelium;
3294 4624 3509 4690 primum
3562 4642 3844 4683 sermonem

2266 4716 2372 4755 non
2402 4704 2595 4757 versari
2622 4706 2762 4760 circa
2802 4721 2863 4760 ea
2893 4723 3011 4776 qua:
3039 4710 3225 4765 Petrus
3253 4722 3308 4766 et
3346 4714 3538 4769 Paulus
3576 4717 3839 4787 fecerunt,

2265 4791 2357 4845 sed
2384 4794 2523 4847 circa
2549 4810 2662 4863 qua:
2688 4797 2836 4865 capit
2865 4796 3015 4851 Jesus
3032 4801 3197 4870 facere
3224 4812 3269 4855 et
3303 4805 3498 4858 docere.
3533 4806 3711 4862 Palam
3743 4810 3835 4880 igi-

2265 4890 2351 4935 tur
2374 4893 2455 4937 est
2496 4884 2715 4951 Lucam,
2744 4889 2834 4957 qui
2874 4890 3215 4961 Evangelimn
3252 4898 3483 4966 scripsit,
3516 4901 3675 4955 etiam
3707 4905 3836 4961 Acta

2263 4972 2513 5029 edidisse.
2567 4975 2758 5031 Verum
2800 4980 3036 5046 attende,
3091 4982 3363 5040 videamus
3407 5004 3536 5043 num
3585 4993 3701 5060 ipse
3747 4996 3837 5051 sit.

2266 5063 2498 5119 Primum
2540 5069 2740 5135 quidem
2775 5086 3051 5125 sermonem
3077 5075 3175 5143 feci
3212 5076 3275 5129 de
3299 5080 3548 5147 omnibus,
3601 5099 3631 5135 ο
3671 5082 3841 5140 Theo.

2268 5157 2425 5223 phile,
2453 5174 2567 5227 qua
2592 5162 2737 5227 carpit
2757 5160 2908 5217 Jesus
2932 5168 3099 5233 facere
3124 5176 3170 5221 at
3204 5168 3400 5232 docere,
3428 5188 3580 5241 usque
3606 5175 3659 5228 in
3681 5176 3835 5241 diem,

2262 5262 2364 5314 qua
2381 5249 2675 5317 pra'cipiens
2694 5252 2935 5318 apostolis
2955 5271 3043 5323 per
3062 5255 3309 5324 Spiritum
3329 5271 3574 5327 sanctum,
3592 5280 3716 5334 quos
3738 5268 3837 5321 ele-

2264 5339 2356 5407 git,
2383 5350 2670 5410 assumptus
2697 5352 2804 5408 est;
2833 5358 2895 5399 ac
2918 5346 2965 5400 si
3004 5346 3225 5415 diceret,
3255 5349 3473 5406 Narravi
3515 5367 3631 5418 acta
3664 5367 3715 5411 ct
3736 5359 3838 5411 dn-

2319 5491 2608 5568 εἶιθῖέοόιδδ·
2632 5496 2762 5568 ῃέἷῖίί
2790 5509 2802 5568 ἓ
2827 5497 3069 5568 “limem
3106 5508 3263 5551 dum"
3285 5510 3495 5555 "051mm
3518 5508 3740 5568 ejusdem
3755 5525 3839 5562 no-

2261 5552 2402 5617 minis
2422 5552 2597 5603 honore
2637 5552 2857 5617 dignatus
2888 5566 2973 5607 est.

2325 5615 2396 5689 (ιι)
2433 5622 2539 5662 ttzuc
2561 5628 2670 5673 qua:
2690 5615 2935 5689 numero?
2950 5621 3186 5679 teruntur,
3206 5638 3298 5675 nec
3319 5639 3426 5675 cum
3451 5629 3843 5689 prtcccdentibns

2263 5680 2819 5754 geclcut-n‘sttutuetttiltus
2835 5681 3097 5754 cauterem.
3141 5692 3251 5742 Quze
3276 5680 3491 5754 numeris
3513 5680 3839 5754 sequentibus

2263 5732 2308 5779 8.
2335 5736 2381 5782 υ.
2404 5743 2456 5783 et
2485 5736 2559 5785 10.
2579 5732 2833 5803 "feruntur,
2862 5755 2980 5794 vere
3003 5732 3469 5808 Chnsostonuﬁsﬁuiit‘.
