4098 6442
305 377 401 436 νει

303 491 530 546 cuinam
556 489 859 555 Servatdrls
888 517 1057 576 usque
1082 509 1147 563 ad
1171 516 1615 585 assumptionem.
1646 523 1897 582 Animum

307 580 585 649 adhibete,
612 586 855 647 obsecro.
900 594 1128 663 Primus,
1181 580 1371 672 inquit,
1404 607 1540 664 liber
1565 627 1717 669 meus
1752 580 1898 670 com?

303 669 551 739 plectitur
588 692 750 749 opera
781 682 988 742 Domini
1023 699 1077 744 et
1116 669 1412 752 doctrinam
1444 701 1580 769 ejus,
1615 707 1899 778 pertingit-

301 775 407 829 que
439 779 641 832 primus
662 769 753 826 ille
777 771 912 829 liber
940 792 1106 847 usque
1143 783 1209 837 ad
1255 769 1699 859 assumptionem.
1731 769 1897 851 Cdm-

302 854 480 922 peries
531 867 708 914 autem
761 879 860 919 nec
889 865 1195 927 Mattltacum
1240 891 1305 931 ex
1339 887 1472 946 ιοιο,
1516 897 1616 938 nec
1661 883 1896 943 Marcum

301 942 402 998 nisi
433 961 498 1000 ex
527 961 676 1017 parte
707 962 931 1024 tantum,
975 977 1074 1018 nec
1113 964 1371 1027 Joannem
1406 975 1769 1044 complevisse
1809 988 1898 1035 to-

301 1043 413 1090 tum
442 1037 786 1112 Evangelium
813 1063 983 1122 usque
1019 1054 1086 1109 ad
1124 1037 1569 1133 assumptionem,
1601 1069 1696 1124 sed
1728 1086 1893 1126 unum

299 1121 517 1181 Lucam.
542 1129 674 1186 Nam
703 1121 983 1196 Mattbmus
1020 1142 1161 1200 hunc
1192 1121 1351 1205 habet
1380 1121 1890 1225 Evangeliiwﬂnemm:

301 1211 550 1272 Undecim
579 1231 748 1278 autem
775 1227 1016 1301 discipuli
1053 1235 1283 1293 abierunt
1311 1242 1363 1295 in
1393 1211 1610 1302 mont‘em
1638 1211 1888 1317 Galil—tete,

295 1307 384 1360 ubi
419 1312 746 1370 constituerat
783 1319 890 1375 illis
926 1321 1100 1379 Iesus.
1143 1327 1292 1384 Visus
1344 1344 1416 1388 est
1453 1345 1623 1392 autem
1672 1341 1797 1406 illis,
1844 1307 1892 1396 el

294 1397 630 1456 adoraverunt
651 1422 765 1460 eum
778 1425 798 1474 ;
817 1422 862 1463 et
890 1411 1017 1467 dixit
1040 1432 1059 1469 :
1080 1415 1278 1474 Euntes
1305 1422 1477 1479 docete
1506 1444 1678 1484 omnes
1697 1444 1885 1501 gentes.

294 1481 365 1540 Et
406 1505 520 1544 ecce
563 1509 654 1565 ego
689 1499 940 1556 vobiscum
987 1521 1100 1560 sunt
1145 1512 1376 1568 omnibus
1402 1481 1575 1573 diebus

292 1584 777 1640 consummationem
824 1594 999 1647 saculi
1025 1595 1238 1668 (Matth.
1279 1599 1372 1658 28.
1411 1604 1647 1680 ίϐρὲο).
1691 1584 1762 1665 Et
1801 1612 1890 1668 hic

291 1663 416 1723 llnis
447 1668 742 1745 Evangelii.
772 1663 1054 1749 Quomodo
1099 1698 1281 1746 autem
1325 1663 1631 1768 assumptus
1660 1701 1748 1768 sit,
1781 1717 1888 1761 non

289 1753 444 1813 dixit.
467 1760 677 1820 Marcus
705 1769 951 1827 similiter
973 1775 1103 1833 dicit
1133 1797 1146 1833 :
1178 1779 1246 1833 Et
1283 1799 1496 1854 egressae
1508 1753 1632 1843 .sunt
1654 1753 1888 1848 mulieres

285 1848 352 1901 de
378 1867 723 1928 monumento,
753 1871 802 1915 et
830 1867 1017 1921 nemini
1043 1848 1328 1941 quidquam
1347 1876 1614 1947 dixerunt;
1645 1885 1886 1940 timebant

284 1941 418 1996 enim
450 1944 639 2015 (Marc.
675 1951 761 2008 l6.
791 1953 870 2025 8).
901 1958 968 2013 Et
997 1963 1180 2029 paucis
1206 1967 1535 2038 interpositis
1565 1941 1633 2030 de
1663 1991 1879 2032 assum-

283 2033 590 2115 ptionegsic
639 2042 876 2101 breviter
921 2049 1189 2121 loquitur:
1225 2055 1292 2110 Et
1349 2033 1602 2119 Dominus
1657 2070 1878 2139 quidem,

991 2113 1008 2121 _
1407 2113 1421 2116 τ
1437 2113 1598 2119 ν-ν--νπν
1692 2113 1878 2139 ’π’-νυνι

281 2113 550 2191 postquam
578 2130 820 2203 loquutus
858 2148 933 2194 est
979 2142 1069 2207 eis,
1102 2159 1394 2218 assumptus
1422 2164 1494 2208 est
1523 2155 1576 2208 in
1605 2113 1807 2227 cte'lum,
1834 2170 1882 2214 et

278 2215 417 2270 sedet
441 2234 473 2271 a
512 2221 703 2279 dextris
729 2225 848 2283 Dei.
890 2229 982 2286 Illi
1019 2243 1186 2289 autem
1227 2215 1440 2310 profecti
1481 2215 1881 2314 prccdicaverunt

277 2305 477 2377 ubique,
525 2310 745 2370 Domino
782 2334 1105 2391 coeperante,
1147 2339 1194 2381 et
1224 2346 1506 2396 sermonem
1547 2342 1880 2407 conﬁrmante

275 2399 598 2462 sequentibus
623 2405 805 2474 signis.
832 2411 995 2468 Amen
1022 2414 1185 2484 (Ibid.
1228 2437 1276 2474 υ.
1324 2422 1413 2479 l9.
1455 2426 1571 2498 20).
1618 2399 1717 2485 llic
1755 2433 1878 2491 linis

272 2481 570 2556 Evangelii.
601 2491 657 2547 ln
680 2494 858 2554 Marco
875 2481 1257 2575 assumptionis
1288 2515 1490 2571 mentio
1516 2481 1621 2574 non
1652 2531 1736 2576 est
1761 2523 1877 2581 fuse

272 2572 561 2648 descripta.
594 2583 829 2644 Joannes
859 2607 991 2649 vero
1012 2572 1344 2658 salvatorem
1383 2608 1451 2661 ad
1490 2596 1737 2682 stagnum
1779 2616 1874 2671 Ti—

270 2662 505 2723 beriadis
524 2678 836 2744 apparuisse
862 2697 1065 2753 narrat,
1086 2691 1266 2762 aitque
1288 2711 1300 2746 :
1319 2693 1457 2750 Dicit
1487 2662 1664 2771 Peli-0,
1701 2703 1870 2775 Petra,

269 2756 439 2828 diligis
461 2779 541 2817 me
570 2763 751 2833 (Joan.
773 2771 861 2828 21.
885 2776 1018 2847 l5)?
1044 2789 1097 2835 et
1126 2756 1396 2856 dialogum
1425 2756 1684 2862 implevii.

265 2846 502 2907 Joannes
542 2855 630 2912 hic
676 2864 846 2931 stetit,
900 2881 1002 2924 nec
1047 2880 1365 2933 memoravit
1406 2888 1866 2957 assumptionem;

265 2941 358 2994 sed
390 2943 519 2999 dicit
545 2964 557 2998 :
583 2949 754 3006 Multa
777 2958 980 3024 quidem
1019 2965 1126 3018 alia
1167 2969 1315 3039 signa
1343 2974 1464 3044 fecit
1487 2941 1660 3046 Jesus,

1212 3032 1233 3039 -
1343 3032 1356 3044 .
1603 3032 1659 3046 -νι
1688 3032 1788 3052 1""
1823 3032 1864 3040 "

259 3032 545 3090 scribantur
569 3057 659 3110 per
679 3045 902 3116 singula,
936 3068 1027 3106 nec
1050 3055 1217 3123 ipsum
1245 3062 1464 3118 arbitror
1502 3071 1749 3126 mundum
1773 3091 1864 3129 ca-

260 3140 378 3192 pere
405 3145 552 3196 posse
570 3149 674 3202 eos,
694 3141 783 3207 qui
800 3143 1053 3198 scribendi
1079 3160 1215 3216 sunt,
1243 3153 1397 3209 libros
1419 3157 1601 3224 (Joan.
1628 3162 1718 3217 21.
1742 3166 1858 3237 25).

260 3211 367 3237 ιι--
424 3217 442 3237 1
459 3233 504 3237 --
700 3228 711 3237 -

1203 3211 1212 3216 -
1424 3211 1435 3224 .
1632 3211 1717 3217 —--
1746 3211 1858 3237 -v,-

257 3211 369 3270 Nec
415 3217 652 3278 Joannes
698 3228 898 3299 itaque,
933 3249 1033 3290 nec
1071 3238 1352 3299 Mattheus
1393 3251 1614 3306 omnino
1648 3268 1860 3312 assum-

255 3305 495 3374 ptionem
540 3317 937 3389 'memorarunt,
984 3341 1083 3382 nec.
1132 3329 1342 3389 Marcus
1391 3337 1508 3393 fuse
1547 3341 1856 3414 descripsit.

257 3395 457 3454 Verum
487 3401 660 3462 Lucas
689 3424 857 3480 usque
884 3415 951 3469 ad
981 3424 1403 3490 assumptionem
1434 3433 1699 3500 explicate
1729 3395 1858 3491 bar-

252 3488 516 3546 ralioncm
549 3510 907 3569 prosequutus
933 3515 1031 3560 cst.
1058 3488 1182 3565 Ideo
1210 3513 1369 3569 dicit:
1395 3488 1630 3576 Primum
1654 3527 1856 3594 quidem

249 3592 527 3636 sermonem
548 3586 646 3654 feci
677 3590 740 3644 de
764 3596 1016 3663 omnibus,
1048 3616 1076 3652 ο
1109 3600 1410 3674 Theophila,
1447 3626 1559 3676 quae
1582 3586 1733 3685 cmpit
1760 3617 1855 3672 Je-

246 3685 334 3724 sus
361 3675 530 3741 facere
558 3687 604 3730 et
629 3679 827 3748 docere,
863 3701 1018 3758 usque
1042 3694 1094 3742 in
1131 3695 1262 3748 diem
1283 3714 1383 3766 qua
1403 3705 1702 3773 pt'tvcipiens
1726 3726 1854 3779 apt:-

245 3777 411 3826 stotts,
435 3783 560 3832 quos
580 3771 748 3841 elegit,
778 3789 1068 3848 assumptus
1093 3787 1322 3853 est(Act.
1355 3793 1404 3845 l.
1441 3794 1490 3847 l.
1525 3771 1602 3866 2).

317 3854 368 3908 9.
415 3857 514 3922 Qui
541 3863 606 3914 sit
637 3863 968 3937 Theophilus,
998 3874 1140 3928 initio
1172 3877 1287 3932 libri
1317 3854 1841 3947 Actorumlmemora-

242 3952 343 3998 tus.
370 3974 443 3987 —--
479 3949 610 4017 Quis
637 3965 721 4010 est
764 3959 848 4013 hic
877 3961 1242 4034 Theophilus?
1287 3971 1378 4027 Illo
1422 3987 1662 4048 tempore
1702 4001 1842 4054 pra:-

242 4033 416 4092 feetus
442 4051 590 4110 erat,
625 4054 681 4100 et
720 4048 770 4102 in
801 4053 1115 4120 praefectura
1147 4076 1241 4115 sua
1273 4068 1708 4130 praedicationem
1748 4097 1840 4133 su-

235 4129 455 4197 scepit;
521 4147 585 4189 ac
638 4142 1086 4207 quemadmodum
1144 4161 1430 4221 proconsul
1479 4129 1840 4234 CypriPa-uli

237 4220 674 4285 prtedicationem
703 4231 754 4286 in
784 4243 1159 4304 proconsulatu
1187 4253 1421 4321 suscepit
1445 4271 1458 4305 :
1486 4258 1562 4310 sic
1589 4270 1645 4314 et
1666 4261 1841 4319 Theo-

233 4310 412 4379 philus
441 4317 568 4373 dum
618 4325 904 4391 prtel'ectus
947 4348 1091 4390 esset
1140 4343 1572 4407 prmdicstionem
1620 4356 1837 4415 admisit

231 4401 393 4460 Luca:
440 4409 757 4473 ministerio.
810 4421 1034 4494 Rogavit
1081 4442 1258 4488 autem
1287 4447 1341 4491 et
1371 4440 1580 4500 beatum
1611 4448 1831 4523 Lucam,

231 4503 286 4523 ns
345 4497 618 4523 A---n-l_,,
775 4512 787 4523 ι
970 4518 999 4523 --
1027 4521 1036 4523 -

892 4483 921 4494 ν
1289 4483 1341 4491 ν-
1371 4483 1580 4500 ..νην-ιιι
1611 4483 1828 4523 υιιυαιιι,

135 4483 148 4502 ⁵
231 4503 290 4549 ut
333 4497 714 4566 Apostolorum
759 4512 888 4568 Acta
937 4518 1037 4574 sibi
1083 4529 1469 4586 conscriberet.
1507 4537 1828 4608 Servatoris.

227 4587 422 4658 inquit,
450 4605 596 4664 gesta
624 4614 708 4656 me
738 4603 964 4663 docuisti
993 4626 1007 4674 ;
1037 4611 1172 4670 doce
1199 4633 1285 4674 mc
1314 4623 1472 4678 etiam
1494 4641 1642 4697 gesta
1671 4635 1830 4692 disci-

227 4680 473 4746 pu'torum
502 4686 669 4757 ipsius
697 4709 711 4747 :
742 4695 861 4752 ideo
888 4700 964 4754 illi
991 4708 1285 4764 secundum
1312 4712 1504 4771 librum
1534 4737 1824 4798 nuncupat.

228 4769 438 4798 πιΑηε-..
471 4778 593 4798 πυ-.
686 4785 718 4798 μ
1025 4795 1037 4798 -

225 4769 441 4828 Etenim
469 4778 812 4852 Evangelium
841 4795 1132 4851 secundum
1160 4801 1354 4859 Lucam

221 4865 477 4934 scriptum
505 4883 607 4928 est.
644 4877 919 4937 Undenam
952 4888 1002 4942 id
1050 4894 1335 4965 probetur,
1387 4901 1500 4971 ipse
1528 4865 1700 4965 Ladas
1739 4915 1820 4968 in-

219 4954 366 5012 dicat
408 4978 420 5013 :
468 4964 718 5028 Quoniam
764 4976 965 5042 quidem
1013 4983 1162 5036 multi
1211 4995 1380 5045 conati
1422 5009 1537 5050 sunt
1586 5004 1823 5061 ordinare

217 5051 562 5108 narrationem
608 5075 813 5128 rerum,
862 5071 926 5120 dc
953 5071 1131 5137 quibus
1172 5083 1406 5136 certiores
1453 5087 1578 5154 facti
1621 5109 1814 5162 sumus,

1453 5140 1463 5154 .
1564 5140 1571 5142 ~
1623 5140 1814 5162 --υ--πνρ

218 5140 350 5195 sicut
387 5146 704 5205 tradiderunt
735 5156 874 5211 nobis
895 5201 908 5225 ,
956 5166 1042 5229 qui
1074 5168 1135 5218 ab
1177 5170 1321 5225 initio
1352 5176 1450 5244 ipsi
1476 5181 1738 5253 viderunt,
1771 5198 1817 5241 et

1372 5232 1380 5244 .
1531 5232 1738 5253 μνη-σν
1773 5232 1813 5241 "'

214 5232 436 5286 ministri
464 5240 671 5304 fuerunt
698 5253 942 5304 sermonis
967 5269 985 5305 :
1011 5257 1168 5311 visum
1197 5272 1271 5313 est
1301 5277 1345 5317 et
1375 5269 1517 5334 mihi,
1548 5289 1813 5344 assequuto

1505 5325 1516 5334 1
1588 5325 1597 5327 -
1616 5325 1624 5326 ί
1639 5325 1651 5328 -
1665 5325 1684 5344 Ἰ
1697 5325 1806 5333 """

216 5325 383 5375 omnia
426 5343 459 5379 a
506 5331 755 5402 principio
779 5379 791 5400 ,
826 5342 1091 5412 diligenter
1135 5367 1195 5404 ex
1225 5355 1402 5410 ordine
1447 5361 1535 5414 tibi
1574 5368 1806 5436 scribere,

216 5414 396 5436 -_..:..__
431 5416 494 5436 ’τοι
614 5424 626 5436 ι
646 5425 677 5436 ι.

1578 5414 1592 5417 '
1605 5414 1617 5417 '
1629 5414 1639 5418 ‘
1657 5414 1692 5419 "
1706 5414 1744 5421 ν’
1762 5414 1806 5436 ν,

209 5414 397 5480 optime
431 5416 706 5492 Theophile
727 5470 739 5490 ,
784 5445 833 5481 ut
884 5450 1156 5502 cognoscas
1200 5460 1374 5498 eorum
1416 5452 1677 5507 verborum
1698 5500 1712 5521 ,
1747 5459 1810 5513 de

208 5506 388 5572 quibus
417 5514 645 5571 eruditus
674 5535 746 5583 es,
773 5525 1025 5580 veritatem
1054 5530 1208 5602 (Luc.
1240 5537 1289 5588 l.
1320 5540 1460 5609 1-4).
1495 5506 1626 5600 Illud
1653 5506 1800 5614 vero,

211 5595 444 5668 Optime,
490 5615 570 5660 est
605 5612 755 5678 quasi
784 5615 1215 5684 splendidissime
1248 5647 1259 5678 :
1294 5642 1418 5688 tunc
1445 5639 1585 5693 cnim
1617 5643 1802 5711 splen-

212 5688 255 5711 ,ιε
281 5690 388 5711 .,__.
455 5696 465 5706 .
556 5699 567 5711 .
733 5706 767 5711 --

206 5688 497 5751 didissimis
553 5699 667 5758 haec
714 5706 945 5777 dignitas
1011 5717 1358 5778 tribuebatur.
1413 5688 1690 5787 Undenain
1745 5736 1797 5792 id

207 5783 543 5856 perspicuum
568 5795 695 5849 est?
735 5796 922 5857 Festus
949 5821 1148 5875 prtescs
1179 5811 1307 5870 dicit
1337 5815 1529 5891 Paulo,
1561 5821 1788 5900 Insanis,

993 393 1058 450 IN
1099 394 1569 462 ASCENSIONEM
1609 407 1670 463 lt.
1712 410 1776 466 Ν.
1821 412 1868 468 l.
1912 413 1973 472 c.
2020 417 2108 474 ET
2149 421 2215 478 lN
2254 424 2543 484 PRINCIP.
2586 415 2845 490 scrgn.

3503 447 3610 505 78‘!

2010 529 2176 590 Paule
2200 551 2218 589 :
2247 539 2332 593 cui
2359 540 2446 597 ille
2476 561 2488 595 :
2521 543 2643 601 Non
2673 549 2892 617 insanio,
2924 553 3110 623 optime
3139 555 3294 614 Feste
3337 562 3356 632 (
3373 561 3487 619 Act.

2004 623 2136 696 24),
2168 633 2450 698 prazsidem
2479 641 2807 705 compellans
2837 661 2851 696 :
2882 646 2961 702 sic
2988 658 3042 703 et
3070 648 3176 717 hic,
3209 623 3412 723 Optime
3436 656 3607 714 Theo-

2006 717 2161 785 phile.
2191 718 2323 777 Cum
2350 726 2527 798 itaque
2557 729 2624 786 de
2645 731 2937 804 Evangelio
2964 738 3192 807 primum
3215 717 3385 801 Lucas
3413 746 3607 818 loquu-

2005 813 2090 863 tus
2116 820 2278 878 esset,
2315 816 2457 884 quod
2487 834 2889 891 nuncupaverat
2917 825 3217 900 Theophila
3237 873 3252 899 ,
3301 813 3499 894 rursus-
3518 854 3607 894 se-

2003 900 2238 958 cundum
2283 905 2475 962 librum
2526 912 2700 967 eidem
2753 911 3050 988 Theophila
3095 937 3384 995 nuncupat.
3432 928 3606 997 Quem

2001 990 2241 1049 librum?
2282 997 2512 1054 Primum
2555 1005 2756 1075 quidem
2793 1025 3075 1067 sermonem
3117 1015 3215 1086 feci
3349 990 3601 1085 omnibus,

2003 1099 2032 1136 ο
2063 1084 2357 1158 Tlteophile,
2388 1109 2503 1162 qua:
2527 1098 2676 1166 cmpit
2700 1097 2851 1156 Iesus
2881 1106 3050 1173 facere
3074 1084 3126 1161 et
3148 1108 3346 1163 docere.
3381 1111 3450 1166 Et
3472 1127 3606 1181 quo-

2001 1191 2170 1247 usque
2206 1195 2511 1242 sermoncm
2551 1188 2770 1247 feciSti‘l
2799 1194 2971 1267 Usque
3005 1198 3255 1271 inidiem,
3284 1219 3386 1272 qua
3415 1207 3602 1272 praxi-

1999 1266 2142 1332 piens
2187 1277 2432 1341 apostolis
2457 1319 2472 1343 ,
2522 1297 2648 1343 quos
2691 1284 2841 1356 elegit
2886 1266 2984 1357 per
3029 1266 3307 1360 Spiritum
3343 1266 3599 1363 sanctum,

1997 1372 2285 1430 assumptus
2310 1378 2402 1419 est.
2455 1369 2552 1425 Est
2579 1384 2756 1430 autem
2806 1377 2936 1433 illud
2983 1395 3080 1450 per
3120 1383 3456 1456 hyperbaton
3503 1406 3600 1446 seu

1999 1456 2465 1522 transpositionem
2525 1464 2747 1521 dictum.
2816 1471 3161 1543 Evangelium
3223 1481 3502 1550 composui
3565 1498 3597 1538 a

1995 1543 2285 1614 principio,
2318 1550 2508 1622 inquit,
2540 1571 2708 1626 usque
2739 1562 2790 1616 in
2818 1562 2997 1630 diem,
3027 1582 3129 1636 qua
3152 1543 3459 1642 assumptus
3485 1586 3594 1639 est,

1995 1645 2274 1706 postquam
2318 1646 2580 1712 apostolis
2605 1691 2619 1716 ,
2650 1665 2786 1721 quos
2826 1654 3098 1726 elegerat,
3132 1673 3396 1733 praecepta
3426 1664 3597 1722 dedit.

1993 1724 2247 1784 Animum
2285 1733 2516 1803 adhibe,
2549 1755 2752 1809 quaeso.
2791 1724 2986 1812 Quibus
3030 1724 3337 1820 etprwbui-t
3374 1757 3598 1827 seipsum

1990 1908 2128 1963 ciam
2159 1928 2172 1965 :
2203 1927 2273 1968 ne
2297 1916 2349 1969 in
2376 1918 2600 1978 Actibus
2624 1925 3007 1994 Apostolorum
3030 1908 3245 2003 quidem
3269 1922 3594 2011 theologiam

1990 1999 2266 2074 relinquit.
2295 2007 2411 2064 Non
2439 2011 2608 2083 dixit,
2639 2016 2847 2086 Quibus
2884 1999 3182 2094 apparens;
3225 2031 3353 2099 sed,
3398 1999 3595 2098 Quibus

1989 2093 2208 2160 prtebuit
2231 2099 2456 2170 seipsum
2480 2105 2668 2163 vivum.
2697 2107 2832 2165 Nam
2860 2113 3056 2170 Solvite
3073 2160 3088 2184 ,
3120 2118 3319 2191 inquit,
3339 2093 3595 2196 templum

1989 2185 2086 2238 hoc
2107 2227 2121 2252 ,
2151 2199 2198 2241 et
2227 2190 2282 2244 in
2309 2193 2468 2249 tribus
2505 2196 2680 2255 diebus
2718 2205 2943 2261 excitabo
2972 2207 3119 2264 illud.
3159 2185 3353 2280 Quibus
3379 2185 3594 2286 ρνίιτὺκίι

1987 2275 2212 2346 seipsum
2254 2282 2421 2336 vivum
2449 2298 2565 2354 post
2604 2293 2893 2361 passionem
2935 2314 3082 2353 suant
3124 2302 3179 2356 in
3220 2306 3390 2359 multis
3428 2323 3590 2378 argu«

1983 2369 2165 2422 mentis
2195 2387 2285 2440 per
2310 2375 2416 2430 dies
2442 2381 2787 2453 quadraginta
2812 2404 3068 2459 apparens
3099 2393 3193 2461 eis,
3221 2403 3268 2448 et
3295 2369 3512 2464 laqueti;
3528 2404 3590 2454 ds

1983 2474 2138 2530 regno
2164 2462 2263 2517 Dei
2291 2463 2471 2535 (Joan.
2498 2472 2684 2545 2.19)
2713 2479 2751 2530 ³.

2055 2551 2143 2607 10.
2187 2557 2438 2626 Attende,
2468 2579 2671 2632 quae.
2701 2567 2770 2622 In
2806 2573 2979 2627 multis
3017 2579 3331 2647 argumentis
3359 2596 3450 2650 per
3478 2582 3588 2638 dies

1979 2645 2319 2720 quadraginta
2348 2669 2605 2725 apparens
2649 2661 2722 2714 eis
2745 2704 2760 2727 ,
2811 2673 2860 2717 et
2904 2645 3112 2736 loquens
3159 2670 3223 2725 de
3271 2645 3428 2743 regno
3463 2672 3584 2732 Dei.

1979 2733 2083 2790 Per
2110 2738 2228 2794 illos
2256 2743 2606 2816 quadraginta
2633 2751 2749 2807 dies
2775 2770 2882 2810 non
2905 2733 3147 2828 quotidie
3171 2733 3463 2834 apparebat
3479 2769 3584 2826 eis.

1977 2825 2189 2883 Etenim
2222 2843 2344 2901 post
2381 2843 2834 2899 resurrectionem
2874 2863 3121 2919 magnam
3147 2855 3294 2909 carni
3329 2869 3442 2911 suae
3475 2859 3582 2915 vim

1977 2919 2166 2976 indidit
2191 2924 2260 2979 ad
2287 2925 2445 2981 ﬁdem
2475 2934 2889 3004 conciliandam,
2920 2955 3008 3008 ne,
3037 2943 3081 2996 si
3125 2943 3454 3017 frequentids
3479 2965 3582 3020 ap-

1975 3023 2164 3079 paret.
2218 3020 2641 3088 magnitudinem
2705 3028 2920 3085 virtutis
2977 3034 3232 3092 solveret.
3285 3037 3578 3109 Oportebat

1972 3107 2114 3160 enim
2163 3110 2309 3164 illum
2357 3124 2478 3181 post
2518 3122 2966 3178 resurrectionem
3014 3142 3139 3183 eum
3179 3130 3374 3187 divinis
3411 3134 3580 3204 signis

1970 3212 2260 3266 apparere,
2310 3219 2408 3259 nec
2452 3224 2513 3264 se
2545 3211 2879 3281 frequentius
2920 3217 2970 3271 in
3013 3234 3360 3291 conspectum
3402 3225 3572 3282 dare:

1970 3290 2088 3345 ideo
2123 3294 2269 3358 dicit,
2314 3295 2380 3350 In
2420 3302 2591 3355 multis
2615 3310 2929 3374 argumentis
2957 3329 3046 3380 per
3074 3290 3181 3369 dies
3209 3317 3571 3390 quadraginta.

1967 3381 2081 3437 Non
2113 3388 2254 3440 enim
2303 3405 2363 3443 se
2405 3392 2456 3444 in
2507 3407 2856 3466 conspectum
2887 3402 3082 3469 dabat;
3115 3407 3208 3462 sed
3253 3419 3408 3465 erant
3455 3412 3572 3468 lucc

1965 3488 2279 3541 argumenta
2327 3481 2500 3548 ipsum
2549 3501 2670 3541 esse
2720 3491 3024 3558 probantia.
3069 3499 3377 3568 Apparebat
3423 3506 3569 3559 enim

1963 3567 2067 3620 illis
2103 3571 2208 3624 alia
2237 3571 2428 3638 forma,
2458 3578 2560 3632 alia
2592 3595 2747 3646 voce,
2786 3584 2892 3637 alio
2920 3586 3121 3642 habitu.
3154 3567 3411 3649 Adstabat
3438 3611 3568 3666 apo-

1961 3659 2114 3714 stolis
2159 3659 2501 3733 frequeutcr,
2552 3684 2653 3726 nec
2694 3674 2761 3728 ab
2801 3676 2882 3730 eis
2929 3683 3372 3749 cognoscebatur.
3422 3688 3567 3745 Adiit

1961 3749 2256 3817 piscatores
2284 3754 2503 3814 Petrum
2530 3769 2587 3815 et
2611 3765 2809 3826 socios,
2839 3767 3016 3838 aitque
3044 3771 3109 3826 iis
3141 3791 3153 3827 :
3187 3773 3385 3843 Filioli,
3414 3794 3564 3831 num-

1954 3845 2080 3913 quid
2105 3847 2296 3904 habetis
2321 3852 2390 3904 ad
2415 3854 2829 3912 manducandum
2867 3860 3059 3932 (Joan.
3087 3865 3176 3920 2|.
3209 3869 3278 3939 5)
3304 3870 3327 3922 ?
3364 3882 3418 3926 et
3454 3889 3561 3930 non

1953 3949 2322 4003 Cognoverunt
2345 3957 2490 4009 eum,
2520 3961 2625 4000 non
2652 3948 2902 4018 formam,
2930 3970 3034 4009 non
3065 3973 3271 4017 vocem.
3297 3960 3558 4032 dicitque,

1955 4024 2144 4080 Mittite
2172 4030 2238 4082 ad
2267 4031 2527 4088 dexteram
2555 4039 2743 4109 navigii
2769 4051 2889 4105 rete,
2917 4056 2962 4096 et
2991 4046 3250 4102 invenietis
3280 4048 3384 4121 (Ib.
3404 4068 3452 4106 υ.
3473 4055 3556 4126 6);

1949 4133 2012 4172 ac
2051 4136 2171 4175 cum
2220 4125 2512 4195 misissent,
2558 4131 2724 4186 multa
2773 4135 2960 4203 piscati
3002 4149 3146 4193 sunt.
3194 4140 3327 4196 Cum
3373 4145 3557 4216 itaque

1947 4226 2069 4264 cum
2116 4229 2220 4269 non
2255 4231 2318 4271 ex
2366 4233 2661 4291 conspectu
2708 4227 3064 4297 perciperent,
3111 4248 3175 4287 ex
3219 4243 3553 4305 argumentis

1946 4303 2160 4358 virtutis
2187 4309 2575 4378 percipiebant.
2604 4314 2942 4388 Quapropter
2962 4303 3551 4393 evangelista—Joannes

1943 4392 2072 4448 dicit
2102 4395 2283 4464 Petro,
2307 4399 2561 4459 Dominus
2589 4416 2664 4462 est
2694 4407 2799 4478 (Ib.
2824 4426 2871 4464 υ.
2897 4413 2974 4483 7),
2995 4392 3234 4472 ηοιιίνίειι
3252 4422 3539 4488 suadente.

1940 4486 2034 4540 sed
2067 4503 2380 4558 argumento
2411 4496 2642 4554 virtutis.
2674 4501 2798 4558 Ideo
2823 4504 3019 4559 clamat
3046 4507 3237 4576 Lucas,
3269 4511 3338 4567 In
3368 4518 3546 4573 multis

1937 4583 2247 4646 argumentis
2265 4601 2352 4652 per
2369 4586 2476 4641 dies
2490 4591 2830 4664 quadraginta
2847 4613 3101 4666 apparens
3117 4605 3206 4669 eis,
3236 4617 3284 4661 et
3305 4605 3537 4677 loquens.

2009 4671 2216 4735 Quoties
2246 4674 2477 4733 Christus
2516 4692 2626 4749 post
2668 4692 3084 4747 resurrectionem
3111 4703 3426 4768 apparuerit.
3457 4733 3530 4746 —-

1935 4760 2116 4831 Neque
2161 4766 2332 4821 solum
2377 4773 2687 4843 apparebat,
2725 4778 2818 4832 sed
2846 4781 3007 4837 etiam
3034 4760 3356 4861 quandoque
3382 4793 3535 4848 vide-

1933 4855 2107 4910 batur.
2138 4858 2216 4913 lle
2237 4859 2523 4931 diligenter
2546 4866 2824 4924 observata
2854 4878 3236 4946 comperimus.
3265 4882 3532 4942 Servato-

1931 4963 2042 5002 retn
2077 4961 2196 5018 post
2223 4959 2669 5014 resurrectionem
2699 4963 2953 5022 undecies
2978 4970 3151 5026 visum
3205 4973 3372 5032 fuisse
3404 4994 3532 5037 sam

1927 5044 2028 5095 etis
2056 5046 2334 5112 apostolis,
2368 5057 2423 5102 et
2464 5059 2588 5106 tunc
2617 5067 2950 5126 assumptum
2979 5061 3145 5119 fuisse
3186 5066 3252 5122 ad
3286 5069 3525 5128 Patrem.

1925 5132 2143 5199 Quare?
2172 5136 2304 5203 Quia
2335 5141 2477 5194 enim
2507 5143 2754 5201 undecim
2787 5149 3020 5207 habebat
3042 5155 3352 5227 discipulos,
3380 5175 3528 5231 post-

1923 5239 2081 5292 quam
2113 5227 2278 5282 Judas
2312 5232 2569 5300 expulsus
2604 5237 2797 5301 fuerat,
2829 5255 2892 5296 ac
2919 5259 3015 5313 per
3047 5246 3306 5304 nefariam
3346 5255 3525 5322 prodi-

1923 5318 2409 5382 tionem,etlocum
2440 5340 2594 5380 suum
2623 5338 2676 5384 et
2699 5329 3011 5400 dignitatem
3053 5318 3380 5407 perdiderat,
3419 5362 3523 5400 nn-

1917 5406 2098 5464 decies
2126 5415 2386 5480 apostolis
2424 5429 2666 5486 apparet,
2708 5437 2773 5484 ac
2801 5439 2906 5478 non
2933 5428 3186 5483 omnibus
3211 5431 3394 5495 simul.
3424 5438 3519 5492 sed

1917 5499 2079 5552 variis
2121 5503 2313 5568 modis,
2354 5505 2642 5576 aliquando
2682 5511 2786 5580 his,
2817 5517 3104 5587 aliquando
3150 5521 3276 5588 illis,
3307 5536 3364 5579 ut
3392 5542 3515 5582 cum

1977 5658 1992 5688 ι
2029 5663 2077 5706 In
2120 5660 2232 5708 Cod.
2257 5661 2629 5737 1886ρι1όξιιμιυε
2658 5671 2842 5737 Etenim
2883 5674 3062 5729 nudius
3110 5679 3278 5731 tertius
3299 5687 3517 5737 ascensio

2659 5717 2842 5722 ,7.-.V----
2884 5717 3062 5729 .-ηπ-ην
3110 5717 3167 5729 ’νε
3184 5717 3278 5731 "uo
3299 5717 3512 5737 uwtrlnlu

1907 5717 2098 5779 aderat,
2124 5734 2235 5770 cum
2268 5725 2594 5790 quadraginta
2627 5733 2957 5798 compleantur
2981 5739 3086 5791 dies
3107 5755 3138 5792 a
3161 5746 3512 5818 resurrectione

1907 5791 2055 5818 Imm;
2092 5782 2157 5818 nd
2200 5785 2526 5818 narmsu’mam
2610 5800 2657 5818 ι..
2713 5803 2979 5818 π.,....----ι-
3022 5803 3115 5818 -..εν
3168 5817 3187 5818 η

1906 5791 2055 5862 usque
2091 5782 2157 5862 ad
2200 5782 2544 5862 ascensionem.
2584 5800 2658 5862 nm
2704 5782 3146 5862 itepéibi'teﬁiﬁi
3159 5782 3272 5856 ibi."
3286 5782 3510 5862 dsdensiu

1905 5841 2013 5910 fuit,
2039 5847 2122 5896 ωΛ
2153 5847 2312 5899 stutcti
2333 5849 2537 5915 Spiritus
2561 5841 2824 5929 descensio:
