4098 6446
546 383 651 437 785

543 500 732 571 decem
759 492 862 548 illis
893 491 1159 562 apparuit,
1181 490 1403 546 absente
1440 489 1681 556 Thema;
1714 490 1923 545 rursum
1961 503 2127 559 appa-

544 586 698 653 ruit,
739 595 1002 656 prasente
1040 583 1264 639 Thoma.
1313 581 1603 639 Numerum
1650 598 1778 639 vero
1818 581 2124 652 quaerimus,

546 674 816 744 quantulo
860 682 1070 731 constet
1102 689 1224 730 cum
1273 673 1527 730 undecies
1573 673 1883 744 apparuisse
1912 683 2129 744 propter

546 766 787 822 undecim
818 765 1105 837 apostolos.
1135 765 1369 821 Primum
1387 766 1631 836 apparuit
1658 764 1835 820 Mariae
1860 765 1911 820 in
1930 779 2123 819 monu-

543 866 727 912 mento
777 856 1114 921 discedenti,
1171 871 1272 911 nec
1316 871 1422 911 non
1452 856 1572 911 aliis
1613 856 1941 911 mulieribus.
1990 853 2123 909 Nam

544 949 796 1005 mulieres
817 948 963 1003 illum
994 948 1162 1019 prius,
1184 963 1340 1018 quam
1363 948 1451 1001 alii
1481 962 1687 1012 omnes,
1711 954 2121 1017 conspexerunt.

549 1054 683 1110 quas
733 1049 789 1095 ct
824 1040 1011 1095 beatus
1048 1038 1263 1099 llesaias
1300 1038 1623 1108 compellat:
1654 1036 1895 1091 Mulieres
1934 1054 1966 1089 a
2002 1053 2121 1105 spe-

540 1132 737 1187 ctaculo
772 1132 1023 1186 venientes
1045 1174 1059 1197 ,
1093 1133 1251 1185 venite
1266 1139 1314 1184 et
1337 1131 1636 1185 annuntiate
1668 1130 1810 1184 nobis
1845 1128 1998 1202 (Isai.
2028 1129 2119 1183 27.

542 1223 653 1291 ll).
689 1221 946 1291 Apparuit
974 1222 1131 1292 igitur
1160 1220 1490 1275 mulieribus.
1524 1220 1579 1275 Si
1608 1220 1728 1291 quis
1752 1218 1980 1274 voluerit
2009 1219 2118 1272 cal-

538 1312 716 1365 culum
742 1311 960 1377 ducere,
993 1311 1169 1365 videat
1208 1324 1334 1365 num
1360 1310 1499 1365 circa
1536 1325 1815 1366 numerum
1852 1322 2113 1365 erremus.

541 1400 720 1457 Primo
763 1402 1092 1464 mulieribus,
1124 1400 1299 1455 Maria:
1328 1409 1382 1456 et
1406 1400 1628 1471 reliquis
1653 1419 1667 1455 :
1697 1399 1890 1456 deinde
1920 1400 2076 1455 Petro
2101 1417 2116 1464 ;

542 1501 727 1561 postea
764 1491 979 1562 Cleopa:
1024 1501 1079 1547 et
1119 1496 1265 1545 socio
1301 1492 1352 1546 in
1385 1491 1489 1554 via,
1525 1506 1645 1546 cum
1682 1491 1933 1546 Emmaus
1962 1492 2117 1553 irent,

537 1598 768 1653 rumque
804 1582 855 1636 in
907 1581 1164 1637 fractione
1194 1583 1346 1651 panis
1370 1581 1613 1651 cognitus
1632 1590 1732 1636 cst.
1764 1580 2038 1636 Undeuam
2067 1579 2119 1635 id

543 1672 753 1743 liquet?
777 1671 928 1739 Quod
948 1671 1105 1727 Petro
1128 1672 1431 1740 apparuerit
1458 1681 1603 1737 ante,
1617 1686 1773 1741 quam
1791 1670 1875 1725 his
1889 1669 2119 1724 duobus.

549 1763 777 1833 Ingressi
797 1772 922 1819 sunt
966 1761 1038 1815 illi
1076 1762 1181 1815 duo
1210 1761 1433 1830 Cleopas
1456 1770 1511 1817 et
1537 1762 1715 1816 socius
1741 1774 1771 1813 a
1798 1774 2039 1830 vespera,
2064 1768 2122 1814 ut

537 1854 911 1908 annuntiarent
934 1851 1208 1921 discipulis
1228 1866 1286 1906 se
1310 1850 1505 1907 vidisse
1530 1850 1813 1904 Dominum
1844 1866 1856 1903 :
1879 1858 1934 1903 et
1968 1849 2120 1903 inve-

539 1956 734 2001 nerunt
769 1944 1038 2014 apostolos
1079 1942 1338 2010 dicentes,
1379 1941 1505 1998 Vere
1536 1941 1753 1998 surrexit
1776 1939 2044 2007 Dominus,
2071 1948 2119 1993 ct

536 2038 775 2109 apparuit
803 2037 1001 2091 Simoni
1034 2035 1185 2108 (Luc.
1212 2035 1302 2090 24.
1340 2032 1454 2101 5-5).
1482 2034 1616 2089 Dum
1648 2033 1844 2089 illiduo
1871 2031 2011 2103 quod
2040 2031 2119 2084 vi-

538 2129 729 2184 derant
757 2128 1153 2191 annuntiarent,
1195 2126 1329 2181 fama
1361 2133 1729 2194 praeessent,
1761 2123 1904 2193 quod
1932 2123 2118 2178 Petrus

538 2219 759 2274 vidisset
777 2219 1078 2273 Dominum.
1096 2217 1207 2272 Hoc
1226 2226 1278 2272 et
1304 2216 1497 2271 Paulus
1519 2215 1773 2285 signiﬁcat
1799 2214 1881 2270 his
1898 2214 2074 2270 verbis
2098 2232 2113 2270 :

537 2308 753 2364 Tradidi
805 2310 935 2362 enim
990 2308 1127 2362 vobis
1176 2307 1229 2361 in
1278 2306 1453 2377 primis
1499 2306 1637 2376 quod
1675 2315 1722 2360 et
1758 2306 1951 2376 accepi,
1982 2304 2119 2376 quod

540 2400 769 2455 Christus
811 2409 1039 2454 mortuus
1087 2408 1159 2453 est
1202 2415 1295 2467 pro
1343 2399 1559 2467 peccatis
1601 2397 1805 2464 nostris,
1848 2397 2118 2451 secundum

540 2491 860 2561 Scripturas,
907 2498 955 2544 et
1011 2489 1144 2559 quod
1182 2488 1458 2543 resurrexit
1515 2497 1561 2542 et
1605 2488 1741 2543 uisus
1787 2496 1859 2541 est
1909 2485 2114 2556 Captus,

541 2581 725 2637 deinde
746 2580 976 2635 undecim
1000 2580 1264 2648 discipulis
1319 2580 1397 2647 (Ι.
1428 2577 1546 2633 Cor.
1581 2577 1666 2634 l5.
1694 2577 1838 2645 3-5).
1882 2576 2115 2632 Primum

538 2674 716 2741 Petro,
748 2672 939 2729 deinde
963 2672 1089 2726 illis.
1121 2673 1377 2741 Apparuit
1396 2670 1557 2741 igitur
1584 2670 1901 2726 mulieribus
1923 2670 2114 2740 primo,

542 2762 737 2820 deinde
771 2763 949 2827 Petro,
971 2771 1151 2833 postea
1184 2761 1387 2817 foribus
1410 2761 1606 2816 clausis
1633 2761 1847 2830 Cleopa
1874 2768 1929 2815 ct
1970 2760 2117 2814 socio

541 2856 755 2909 tertium
788 2895 802 2920 ,
864 2852 1057 2908 deinde
1099 2852 1283 2907 decem
1334 2851 1644 2921 discipulis,
1705 2865 1811 2906 non
1854 2859 2118 2920 praesente

543 2945 786 3011 Thema;
818 2942 1009 2998 deinde
1035 2942 1278 2997 undecim
1305 2940 1580 3010 discipulis
1608 2948 1867 3010 prmsente
1891 2939 2114 2995 Thoma.

544 3035 683 3092 Ecce
702 3036 810 3105 jam
838 3034 1117 3103 quinquies
1135 3041 1372 3103 apparet.
1404 3031 1593 3085 Postea
1619 3032 1918 3101 quingentis
1938 3031 2117 3084 fratri-

541 3127 674 3189 bus;
706 3123 832 3180 illud
863 3125 1004 3179 enim
1023 3123 1217 3178 Paulus
1244 3121 1440 3177 indicat
1465 3121 1548 3175 his
1571 3120 1748 3175 verbis
1782 3137 1795 3173 :
1822 3117 2018 3173 Deinde
2040 3120 2117 3173 vi-

543 3234 629 3271 sus
655 3226 726 3271 est
766 3217 881 3285 plus
901 3231 1051 3284 quam
1069 3212 1351 3283 quingentis
1371 3211 1610 3283 fratribus
1631 3224 1735 3263 una
1758 3210 1885 3271 vice,
1913 3225 1976 3263 ea:
2002 3208 2116 3278 qui-

544 3310 634 3363 bus
682 3307 906 3378 plerique
944 3314 1146 3359 ntanent
1186 3320 1342 3373 usque
1375 3305 1442 3356 ad
1477 3304 1570 3355 Itoc
1596 3312 1789 3371 tempus
1819 3317 1835 3364 ,'
1862 3315 1988 3354 ecce
2006 3300 2115 3368 jam

543 3409 718 3454 sexto.
769 3398 954 3452 Postea
1008 3395 1250 3466 apparuit
1304 3403 1505 3463 septem
1552 3394 1654 3447 illis
1682 3392 1747 3446 ad
1791 3406 1936 3445 mare
1954 3390 2118 3444 Tibe-

546 3490 710 3546 riadis
734 3490 1053 3560 piscantibus
1081 3506 1095 3543 :
1116 3487 1306 3541 deinde
1325 3486 1523 3541 Jacobo
1548 3484 1837 3540 secundum
1863 3483 2115 3537 Paulum:

547 3584 646 3637 sub
667 3583 782 3638 bzec
806 3580 1060 3651 apostolis
1086 3580 1332 3636 omnibus
1354 3580 1393 3632 ί.
1418 3580 1663 3633 Animum
1683 3576 1898 3643 adhibe,
1915 3591 2117 3653 qumso.

545 3673 721 3729 llalies
747 3674 905 3744 igitur
936 3673 1107 3741 primo
1132 3672 1403 3734 mulieres,
1428 3670 1662 3736 Petrum,
1682 3668 1935 3737 Cleopam
1964 3677 2124 3722 etso—

545 3767 709 3829 cium,
736 3764 994 3819 visionem
1022 3762 1241 3818 fratrum
1265 3762 1449 3817 decem
1471 3760 1675 3816 'l‘lioma
1702 3760 1939 3841 absente,
1973 3760 2124 3811 visio-

548 3872 669 3911 nem
700 3855 943 3909 undecim
981 3855 1341 3924 apostolorum
1376 3894 1391 3919 ,
1423 3852 1680 3907 visionem
1714 3851 2120 3919 quingentorum

546 3948 768 4002 fratrum
794 3964 807 3999 :
848 3961 972 4001 ecce
1002 3947 1110 4014 jam
1142 3956 1329 4010 sexto;
1353 3945 1599 4014 septimo,
1629 3944 1734 3997 illis
1769 3950 2007 4013 septem;
2032 3955 2124 3995 oc-

546 4048 668 4093 tavo
688 4038 885 4093 Jacobo
911 4054 924 4101 ;
957 4052 1098 4092 nono
1123 4038 1452 4106 septuaginta
1481 4035 1791 4105 discipulis;
1823 4034 2035 4090 decimo
2070 4035 2122 4086 in

550 4139 731 4183 monte
761 4128 1026 4192 Galilarxe;
1059 4128 1339 4182 undecimo
1369 4129 1419 4181 in
1468 4127 1646 4181 Monte
1688 4128 1964 4181 olivarum.
1990 4124 2122 4181 Cum

552 4222 605 4274 in
631 4220 1021 4275 resurrectione
1048 4220 1301 4274 Dominus
1327 4234 1469 4289 smpe
1496 4234 1677 4290 pacem
1699 4220 1993 4289 repetierit,
2020 4218 2119 4272 ab-

552 4311 767 4364 surdum
798 4319 937 4363 esset
956 4325 1052 4361 nos
1080 4309 1215 4363 hunc
1229 4310 1490 4364 calculum
1520 4325 1623 4363 non
1642 4319 1885 4378 repetere
1912 4308 1975 4362 ad
1991 4324 2123 4362 con-

554 4401 925 4455 firmationem.
959 4400 1131 4454 Habes
1162 4402 1315 4470 igitur
1344 4401 1511 4468 primo
1551 4400 1843 4465 mulieres;
1890 4400 2125 4456 secundo

553 4492 809 4555 Petrum;
858 4493 1013 4545 tertio
1052 4490 1303 4560 Cleopam
1337 4504 1390 4546 et
1432 4494 1673 4557 socium;
1707 4502 1896 4563 quarto
1941 4492 2125 4548 decem

553 4583 857 4652 apostolos;
890 4584 1075 4651 quinto
1114 4583 1361 4637 undecim
1404 4585 1709 4652 apostolos;
1765 4596 1917 4638 sexto
1968 4587 2126 4655 quin-

554 4682 739 4743 gentos
764 4689 779 4736 ;
810 4674 1036 4741 septimo
1065 4682 1269 4742 septem
1300 4674 1449 4737 illos;
1470 4686 1657 4728 octavo
1682 4674 1934 4729 Jacolmm
1954 4691 1966 4738 ;
1988 4692 2129 4733 nono

554 4765 883 4834 septuaginta
922 4764 1245 4833 discipulos;
1302 4766 1510 4821 decimo
1541 4766 1592 4821 in
1644 4777 1823 4821 monte
1860 4767 2124 4835 Galilmm;

555 4855 901 4909 undecimoin
928 4854 1099 4909 Monte
1124 4856 1405 4911 olivarum.

627 4949 711 4999 ll.
742 4954 998 5015 Apparens
1036 4950 1105 5000 eis
1127 4964 1215 5017 per
1252 4947 1358 5001 dies
1394 4948 1747 5017 quadraginta,
1772 4959 1818 5003 et
1841 4951 2043 5019 loquens
2070 4951 2131 5004 de

554 5054 707 5106 regno
738 5036 853 5091 Dei.
886 5037 952 5090 Et
989 5054 1281 5091 conrescens
1311 5040 1543 5107 pra'cepit
1585 5039 1655 5093 eis
1701 5042 1763 5092 ab
1801 5040 2131 5111 Jerosolymis

559 5145 621 5179 ne
660 5127 1008 5189 discederent;
1044 5131 1128 5179 sed
1155 5139 1495 5197 exspectarent
1523 5131 1899 5197 promissionem
1940 5132 2128 5198 Patris,

557 5236 706 5289 quam
730 5218 938 5271 audistis
963 5236 995 5272 a
1017 5236 1092 5271 me
1119 5220 1253 5289 (Act.
1278 5221 1327 5272 l.
1351 5220 1402 5273 ὅ.
1436 5220 1511 5288 4).
1540 5220 1584 5275 Ο
1611 5236 1853 5289 magnam
1882 5222 2131 5277 Servato-

562 5311 634 5363 ris
667 5310 997 5363 tolerantiam
1024 5313 1037 5363 l
1081 5326 1113 5360 ο
1134 5311 1350 5364 multam
1390 5312 1679 5366 bonitatem
1704 5314 1717 5365 ι
1746 5328 1778 5367 0
1816 5314 2131 5369 ineffabilem

562 5401 984 5455 humanitatem!
1033 5401 1178 5466 Esto,
1221 5403 1475 5466 Domine,
1509 5414 1631 5457 ante
1678 5404 1978 5472 passionem
2030 5421 2133 5459 una

624 5560 717 5622 {tu
754 5552 942 5622 duobus
978 5554 1121 5622 Codd.
1147 5556 1351 5614 additur,
1396 5568 1491 5622 non
1533 5557 1593 5606 de
1639 5556 1863 5607 undecim
1886 5558 2094 5622 loquitur
2116 5576 2139 5613 .'

562 5615 687 5684 dixit
710 5615 836 5683 enim
854 5615 1075 5684 superius
1107 5630 1276 5666 eum.a
1312 5620 1527 5679 paruisse
1557 5622 1748 5679 (ep/ae,
1773 5628 1817 5669 et
1843 5615 2020 5669 deinde
2049 5636 2136 5670 un-

563 5678 718 5725 denm
738 5676 1003 5727 dtscmnlts.
1024 5680 1184 5727 Pergit
1212 5680 1225 5727 l
1246 5631 1345 5727 Ιέῧ.
1372 5680 1545 5727 deinde
1568 5682 1901 5727 sentuaainla:
1925 5685 2011 5727 sub
2033 5684 2136 5727 lure

563 5676 1003 5751 decint'discipulis.
1024 5680 1184 5751 Pergit
1241 5676 1345 5751 ῃόῥ,
1372 5680 1551 5751 deinde
1568 5676 1901 5751 septuaginta;
1925 5685 2011 5731 sub
2033 5684 2139 5733 lure

558 5737 779 5849 ῧξῒῗέιοιέε
817 5737 1029 5789 munibus
1050 5753 1071 5803 ,'
1111 5737 1159 5790 ut
1202 5737 1339 5799 Hi7,
1376 5737 1758 5804 apostolos'dicﬁ
1781 5737 1906 5795 nunc
1952 5753 2139 5807 θερινα-

565 5812 715 5859 ginta.

1244 380 1298 439 ε.
1335 381 1611 438 JOANNIS
1646 379 2123 438 CllllYSOS’l'Oﬂl
2162 379 2479 439 ARCIIIEP.
2519 378 3049 439 CONSTANTINOP.

3712 384 3814 441 7M

2237 489 2455 556 vixeris,
2504 504 2607 546 una
2643 489 2952 547 recubueris
2978 505 3101 546 cum
3130 490 3402 562 discipulis
3425 534 3440 559 ,
3483 507 3647 563 quare
3696 505 3817 565 post

2233 583 2681 638 resurrectionem
2723 581 3103 639 convesceris?
3127 581 3197 639 Ut
3215 598 3278 637 ex
3310 582 3414 650 his,
3447 582 3637 654 inquit,
3666 584 3812 641 'l‘hoo

2233 686 2375 727 mam
2404 672 2475 729 de
2503 672 2894 731 resurrectione
2919 673 3203 728 certiorem
3237 672 3445 729 faciam.
3473 672 3529 729 Si
3557 689 3813 746 namque,

2231 772 2509 834 postquam
2542 764 2592 819 id
2625 764 2694 817 ita
2718 774 2925 835 gestum
2963 771 3079 829 est,
3108 765 3268 819 etiam
3299 779 3441 819 nunc
3461 766 3695 834 suntqui
3720 781 3813 822 re-

2229 856 2620 911 surrectionem
2642 870 2749 910 non
2779 855 3035 921 credant;
3063 856 3107 910 si
3130 854 3182 910 id
3222 870 3328 911 non
3355 857 3548 910 tactum
3574 867 3737 920 (sset,
3766 854 3814 911 si

2230 962 2334 1001 non
2372 945 2694 1002 comedisset
2726 955 2780 999 et
2818 944 3041 1000 bibisset
3087 959 3207 999 eum
3238 945 3378 1000 illis:
3410 945 3530 1016 quis
3552 944 3812 1001 ell'rcnatl

2227 1052 2413 1093 eorum
2438 1053 2532 1092 ora
2556 1036 2995 1106 compescuisset,
3025 1036 3114 1105 qui
3159 1034 3228 1091 de
3269 1035 3563 1095 Salvatoris
3594 1049 3811 1092 (nconc—

2228 1128 2332 1183 mia
2358 1127 2606 1200 qumlibet
2632 1138 2834 1182 temere
2861 1128 3097 1196 proferre
3118 1126 3364 1184 audent?
3398 1125 3535 1182 llinc
3555 1126 3813 1181 discimus

2226 1220 2458 1275 divinam
2487 1227 2541 1275 et
2564 1218 2840 1290 mysticam
2864 1232 3104 1273 mensam
3138 1216 3425 1289 honorare.
3456 1217 3610 1287 Saepe
3633 1217 3811 1273 conti-

2224 1312 2301 1382 git
2328 1322 2491 1377 utea,
2520 1327 2640 1381 quae
2669 1324 2947 1366 sermones
2988 1324 3093 1365 non
3148 1309 3584 1374 emendaverant,
3624 1323 3809 1365 mensa

2226 1405 2555 1461 emendaret.
2578 1403 2732 1474 Saepe
2754 1403 2992 1459 sescenti
3014 1401 3389 1469 conciliatores
3411 1416 3482 1457 ne
3506 1416 3666 1457 unam
3682 1400 3807 1472 qui-

2225 1494 2347 1550 dem
2395 1494 2723 1550 inimicitiam
2765 1494 2976 1548 solvere
3029 1500 3333 1562 potuerunt,
3381 1500 3437 1549 et
3478 1506 3583 1548 una
3622 1506 3807 1547 mensa

2225 1584 2360 1640 bella
2400 1582 2627 1640 sedavit.
2674 1582 2759 1637 Ab
2788 1582 2875 1649 iis,
2921 1597 3043 1652 quae
3084 1592 3493 1652 princesserunt,
3525 1580 3687 1651 hujus
3726 1581 3807 1636 rei

2223 1683 2596 1746 argumentum
2639 1673 2844 1744 accipe.
2896 1672 3011 1727 Non
3061 1672 3407 1727 cessahamus
3456 1671 3652 1726 inimici
3684 1685 3809 1727 esse

2224 1766 2342 1833 Dei,
2386 1765 2642 1822 adversus
2685 1765 2925 1820 divinum
2957 1765 3176 1819 verbum
3205 1764 3400 1818 bellum
3428 1771 3681 1832 gerentes
3702 1800 3717 1825 .
3748 1770 3812 1818 ut

2222 1858 2353 1913 dicit
2377 1857 2575 1914 Paulus
2603 1874 2617 1912 :
2651 1855 2856 1910 Inimici
2896 1871 3008 1909 cum
3029 1846 3279 1917 eisemus,
3304 1853 3615 1913 reconciliati
3634 1868 3810 1909 sumus

2223 1948 2332 2004 Deo
2358 1965 2448 2021 per
2483 1957 2695 2003 mortem
2725 1946 2851 2002 Filii
2876 1947 2987 2018 ejus
3021 1944 3195 2018 (Rom.
3238 1945 3293 2002 5.
3322 1943 3435 2018 10).
3462 1944 3665 1999 Inimici
3688 1958 3811 1999 era-

2222 2056 2363 2097 mus.
2387 2040 2547 2096 Mlssa
2587 2039 2685 2096 l'uit
2703 2041 2809 2107 lex,
2832 2053 2933 2094 nec
2959 2039 3323 2094 reconciliavit
3349 2056 3362 2091 :
3393 2044 3656 2093 venerunt
3683 2050 3811 2108 pro-

2224 2132 2400 2203 pheta!
2424 2172 2442 2200 ,
2472 2140 2527 2188 et
2554 2145 2661 2187 non
2692 2137 3069 2202 persuaserunt
3095 2145 3109 2195 ;
3149 2128 3237 2198 qui
3265 2126 3465 2182 inimici
3502 2125 3595 2182 Dei
3629 2134 3805 2190 erant,

2223 2222 2422 2277 inimici
2468 2230 2780 2277 manserunt
2828 2232 2880 2276 et
2931 2219 3133 2274 hostes.
3185 2218 3331 2273 Multi
3364 2217 3576 2289 tyranni
3620 2230 3809 2273 contra

2226 2314 2527 2377 veritatem,
2556 2313 2708 2367 multi
2742 2312 2832 2367 Dei
2864 2312 3046 2367 hostes
3077 2317 3234 2365 erant
3275 2319 3459 2363 contra
3489 2308 3631 2378 piam
3674 2308 3809 2363 reli-

2220 2406 2455 2474 gionem,
2509 2404 2674 2462 multa
2720 2403 2913 2468 verba,-
2939 2403 3119 2458 multae
3147 2400 3402 2456 doctrina:
3430 2400 3603 2464 fuere,
3634 2413 3811 2469 neque

2222 2495 2419 2551 bellum
2466 2493 2740 2549 sedarunt.
2792 2492 2952 2547 Venit
2994 2490 3257 2556 Christus,
3301 2502 3539 2545 mensam
3567 2487 3811 2543 fundavit

2223 2600 2394 2651 suam,
2423 2585 2655 2655 seipsum
2676 2583 2954 2653 proposuit
2977 2582 3032 2637 in
3062 2581 3259 2646 cibum,
3283 2589 3337 2635 et
3356 2581 3492 2635 dixit
3520 2597 3533 2633 :
3560 2580 3805 2650 Accipite,

2223 2678 2525 2732 ntanducate
2553 2676 2763 2749 (Matth.
2792 2674 2886 2731 26.
2912 2673 3029 2745 26),
3075 2682 3131 2729 et
3170 2672 3348 2726 statim
3378 2670 3577 2725 bellum
3623 2668 3805 2735 solvit,

2222 2770 2446 2839 pacique
2470 2766 2796 2837 triumphum
2820 2765 3018 2821 attulit.
3045 2765 3099 2819 ln
3121 2762 3351 2835 Egypto
3375 2762 3468 2818 Dei
3494 2763 3672 2816 hostes
3689 2761 3808 2830 pla-

2223 2862 2305 2932 gis
2330 2860 2513 2925 allicit,
2545 2868 2599 2914 et
2628 2872 2788 2913 nemo
2812 2856 3123 2927 obsequitur
3150 2873 3164 2908 :
3192 2864 3449 2925 tyrannos
3480 2852 3726 2923 perculit,
3753 2860 3810 2907 et

2225 2968 2386 3009 nemo
2406 2954 2756 3022 obtemperat.
2786 2950 2883 3004 Hic
2908 2950 3141 3018 seipsum
3175 2947 3425 3017 pr0ponit
3451 2947 3502 3000 in
3533 2946 3808 3008 cibum,ct

2223 3061 2412 3102 omnes
2432 3046 2753 3102 erubescunt
2777 3051 2831 3097 et
2859 3042 3249 3110 obtemperant.
3282 3038 3530 3109 Flagellis
3558 3052 3661 3091 non
3683 3051 3808 3107 per-
3868 3064 3877 3069 ι

2224 3136 2502 3204 suadebat,
2544 3144 2598 3190 et
2637 3149 2759 3189 cum
2788 3131 3089 3189 comeditur
3117 3129 3400 3201 persuadet
3430 3146 3442 3182 :
3471 3143 3592 3183 cum
3622 3142 3803 3182 come-

2223 3229 2385 3295 ditur,
2418 3229 2653 3297 inquam,
2704 3226 2757 3280 in
2789 3224 3011 3296 mystica
3052 3238 3254 3277 mensa.
3284 3220 3417 3275 Nam
3450 3218 3580 3291 Ego,
3612 3219 3811 3288 inquit,

2223 3339 2333 3375 sum
2366 3320 2511 3389 panis
2548 3319 2634 3388 qui
2668 3318 2731 3370 de
2752 3316 2877 3371 (telo
2913 3314 3190 3380 descendit,
3236 3323 3283 3368 et
3322 3315 3408 3366 dat
3438 3312 3590 3365 vitam
3618 3311 3812 3364 mundo

2226 3413 2402 3482 (Joan.
2424 3412 2481 3465 6.
2510 3413 2623 3481 ll).
2663 3412 2731 3464 Et
2756 3422 3087 3465 convesceus
3116 3407 3245 3475 ipsis
3274 3400 3593 3475 loquebatur
3634 3402 3701 3458 de
3724 3415 3813 3456 ren-

2224 3519 2329 3575 guo
2359 3504 2448 3557 Dei
2484 3523 2496 3555 :
2525 3514 2579 3556 et
2608 3499 2858 3571 Prwccpit
2905 3500 2977 3553 eis
3024 3498 3087 3550 ab
3122 3496 3453 3566 Jerosolymis
3480 3510 3543 3548 ne
3580 3493 3811 3547 discede-

2225 3605 2355 3659 rent,
2384 3594 2473 3648 scd
2502 3600 2840 3664 exspectarent
2882 3590 3265 3660 promissionem
3300 3588 3393 3642 Dei
3426 3584 3597 3639 Patris
3616 3627 3631 3651 ,
3658 3602 3811 3656 quam

2198 3674 2201 3675 ⁷
2227 3688 2439 3741 audistis
2472 3704 2502 3740 a
2529 3703 2623 3739 me.
2655 3684 2805 3749 Esto,
2826 3683 3154 3739 audierimus
3178 3696 3207 3734 a
3232 3689 3301 3745 te,
3336 3678 3556 3732 Domine
3586 3695 3597 3731 :
3630 3677 3813 3731 dixisti

2229 3780 2393 3842 enim,
2423 3778 2649 3831 Ascendo
2675 3777 2742 3828 ad
2769 3774 2978 3828 Patrem
3006 3769 3363 3842 nteum(Joan.
3390 3768 3478 3821 ‘20.
3504 3768 3614 3835 ΓΙ),
3640 3775 3691 3821 el
3718 3767 3814 3820 ad-

2232 3870 2437 3925 vocabo
2464 3884 2584 3922 cum
2604 3909 2617 3931 ,
2650 3877 2703 3921 et
2730 3867 2932 3919 mittam
2972 3863 3122 3918 vobis
3151 3861 3402 3930 Spiritum
3430 3857 3684 3919 veritatis,
3711 3855 3817 3911 Pa-

2230 3963 2506 4018 racletum.
2560 3961 2636 4014 Tu
2680 3964 2794 4013 hare
2838 3957 3015 4011 dixisti
3044 3999 3059 4026 ι
3105 3957 3259 4009 Pater
3297 3969 3425 4007 vero
3475 3951 3815 4022 quaudonam

2230 4053 2474 4125 promisit
2498 4054 2521 4107 ‘i
2548 4051 2663 4106 Non
2696 4050 2848 4114 dixit,
2890 4048 2958 4104 Ut
2999 4056 3369 4116 exspectarent
3403 4044 3816 4113 promissionem

2230 4152 2427 4207 meam.
2456 4144 2548 4199 sed
2580 4143 2983 4213 promissionem
3004 4138 3197 4203 Patris,
3226 4152 3381 4205 quam
3414 4134 3680 4187 :mdistisa
3702 4147 3811 4185 me.

2229 4237 2497 4301 Profecto,
2528 4236 2693 4304 inquit
2717 4274 2730 4298 ,
2766 4232 2920 4286 Pater
2947 4230 3208 4300 promisit,
3237 4243 3335 4297 ego
3362 4228 3561 4281 monui.
3597 4224 3659 4278 Et
3698 4223 3821 4278 ubi-

2233 4348 2354 4385 nam
2386 4329 2625 4399 promisn
2658 4326 2857 4381 Pater?
2893 4326 2946 4379 Si
2974 4324 3236 4379 evolveris
3255 4333 3427 4377 totum
3451 4319 3811 4389 Evangelium.

2236 4440 2339 4475 non
2372 4420 2608 4475 invenies
2634 4418 2805 4472 Patris
2839 4431 3027 4470 vocem
3058 4413 3415 4484 promittentis
3455 4427 3511 4465 se.
3542 4408 3821 4477 discipulis

2234 4515 2476 4569 daturum
2508 4526 2629 4565 esse
2649 4510 2902 4577 Spiritum
2927 4516 3187 4559 sanctum.
3216 4503 3438 4559 Ubinam
3468 4515 3596 4570 ergo
3626 4498 3824 4568 promi-

2237 4608 2345 4661 sit?
2394 4606 2445 4660 ln
2488 4604 2797 4675 praphetis,
2848 4606 2906 4656 ut
2949 4601 3079 4655 dicit
3108 4597 3301 4653 Paulus
3354 4617 3365 4651 :
3412 4594 3607 4648 Paulus
3645 4608 3820 4647 servus

2235 4699 2361 4753 Jesu
2403 4699 2605 4759 Christi,
2636 4708 2839 4748 uocatus
2882 4692 3172 4763 Apostolus,
3219 4683 3826 4759 scgregatusinEvange-

2237 4794 2360 4846 lium
2387 4790 2502 4853 Dei,
2533 4790 2667 4859 quod
2696 4796 2811 4839 ante
2852 4786 3149 4854 promiserat
3181 4798 3269 4851 per
3311 4779 3581 4849 prapiietas
3619 4790 3740 4829 suos
3766 4774 3824 4827 in

2238 4883 2521 4951 Scripturis
2541 4881 2724 4934 sanctis
2750 4877 2811 4930 de
2840 4875 2978 4929 Filio
2996 4890 3087 4927 suo
3109 4872 3285 4934 (Rem.
3320 4872 3372 4923 1.
3405 4869 3547 4935 1-5).

2310 4975 2397 5030 12.
2428 4974 2556 5027 Cum
2603 4972 2745 5038 prius
2792 4984 2919 5038 ergo
2945 4964 3246 5037 promiserit
3279 4960 3645 5029 Evangelium,
3674 4954 3826 5025 prius

2236 5065 2485 5135 promisit
2540 5064 2693 5116 etiam
2724 5076 2781 5114 se
2828 5061 3073 5113 daturum
3110 5066 3229 5109 esse
3266 5052 3518 5121 Spiritum
3555 5054 3824 5102 sanctum.

2246 5159 2470 5214 Ubinam
2518 5155 2603 5208 illa
2657 5153 2939 5223 promissio
2987 5146 3251 5219 Spiritus?
3308 5144 3590 5198 Vobiscum
3638 5154 3827 5207 quaero

2238 5252 2389 5322 quasi
2418 5266 2551 5304 unus
2592 5264 2655 5303 ex
2687 5248 2869 5309 vobis;
2912 5261 3030 5299 cum
3075 5258 3198 5297 vere
3226 5255 3361 5294 unus
3407 5253 3470 5290 ex
3524 5234 3675 5287 vobis
3721 5231 3831 5284 sint

2242 5345 2344 5397 lide
2373 5353 2426 5397 et
2468 5342 2684 5395 caritate
2712 5354 2835 5409 erga
2864 5338 3149 5392 (lin-istum.
3181 5333 3335 5400 Saepe
3379 5342 3607 5395 namque
3636 5333 3835 5377 vestras

2242 5434 2444 5489 caritati
2470 5433 2597 5495 dixi,
2628 5448 2755 5485 oves
2783 5442 2829 5485 et
2859 5438 3098 5497 pastores
3125 5441 3188 5480 ex
3221 5424 3448 5478 humana
3471 5418 3728 5473 divisione
3748 5414 3830 5469 sic

2242 5526 2420 5579 vocari
2454 5543 2465 5576 :
2499 5540 2617 5577 nam
2646 5542 2767 5593 erga
2794 5523 3061 5577 Christum
3094 5534 3279 5573 omnes
3325 5528 3507 5570 sumus
3550 5526 3693 5563 oves.
3731 5506 3825 5561 Et-

2242 5618 2382 5673 enim
2432 5626 2535 5668 tam
2568 5625 2825 5684 pastores,
2867 5629 3023 5683 quam
3063 5613 3096 5666 ii
3137 5612 3224 5681 qui
3270 5617 3587 5679 pascuntur,
3630 5601 3699 5654 ab
3722 5613 3827 5653 uno

2246 5722 2479 5779 superno
2506 5716 2715 5776 pastore
2751 5716 3056 5775 pascuntur.
3095 5704 3319 5759 Ubinam
3366 5716 3492 5769 ergo
3542 5691 3825 5767 promisit!

2248 5800 2386 5857 Dicit
2406 5801 2543 5856 Deus
2572 5814 2665 5869 per
2695 5800 3004 5870 prophetam
3032 5797 3150 5853 Jocl
3181 5815 3192 5852 :
3226 5796 3289 5850 In
3316 5794 3597 5849 novissimis
3626 5792 3832 5857 diebus,
