4098 6438
316 495 439 548 dicit
483 481 738 546 Dominus
787 490 1125 557 omnipotens,
1169 483 1431 552 effundam
1471 480 1535 534 de
1569 474 1770 548 Spiritu
1807 481 1918 522 meo

316 599 470 654 super
511 598 712 637 omnem
737 596 964 646 carnem,
997 590 1042 632 et
1067 572 1439 647 prophetabunt
1470 569 1567 640 filii
1619 564 1770 621 vestri
1789 573 1837 616 et
1864 562 1924 630 fi.

315 677 401 730 lite
443 683 624 729 vestra
672 671 812 746 (Joel
847 670 904 725 2.
956 669 1092 740 9.8).
1151 668 1230 723 En
1277 666 1437 746 igitur
1487 657 1920 732 promissionem.

317 767 554 822 Eventus
579 765 919 836 quandonam
936 763 961 817 ἲ
979 762 1114 816 Cum
1145 757 1425 815 descendit
1449 753 1682 824 Spiritus
1702 757 1924 814 sanctus

314 859 368 914 in
399 859 695 929 apostolos,
742 865 800 913 et
839 855 1114 912 distribuit
1137 855 1216 910 eis
1245 853 1543 921 linguarum
1579 845 1920 906 divisionem,

313 961 371 1006 et
399 951 752 1022 loquebantur
781 951 996 1021 linguis.
1038 947 1096 1003 ιη
1123 947 1398 1003 ebrietatis
1425 941 1786 1012 suspicionem
1821 949 1922 990 vo-

312 1041 598 1108 cabantur,
628 1041 862 1111 dicitque
891 1041 1121 1097 Petrus:
1159 1037 1270 1093 Viri
1298 1035 1572 1097 Israelita,
1603 1030 1728 1102 quid
1756 1037 1926 1083 atten-

315 1135 546 1190 ditisltis
569 1135 856 1190 hminibus
883 1135 1032 1205 quasi
1069 1133 1242 1199 ebriis,
1271 1147 1389 1186 cum
1433 1129 1500 1184 sit
1536 1127 1664 1181 Itora
1688 1123 1788 1178 diei
1815 1133 1922 1176 ter-

317 1229 390 1280 tia
406 1228 433 1281 γ
461 1226 570 1282 Sed
599 1227 697 1282 Itoc
721 1228 952 1297 estquod
977 1225 1168 1280 dictum
1201 1232 1272 1279 est
1314 1238 1405 1292 per
1431 1217 1732 1291 prepltetam
1757 1211 1876 1268 Jo'el
1903 1225 1923 1266 :

317 1319 383 1377 In
405 1322 688 1376 novissimis
712 1320 906 1386 diebus,
938 1320 1064 1374 dicit
1097 1317 1372 1380 Dominus,
1424 1311 1686 1380 elfundant
1707 1307 1772 1362 de
1795 1304 1922 1374 Spi-

316 1416 551 1470 ritumeo
596 1430 754 1484 super
787 1430 989 1469 omnem
1034 1427 1238 1467 carnem
1268 1409 1422 1482 (Act.
1473 1405 1533 1461 2.
1579 1424 1631 1463 v.
1685 1398 1918 1470 14-17).

315 1504 445 1562 Ιιωο
472 1515 558 1562 est
586 1506 762 1562 Patris
789 1505 1095 1577 promissio.
1121 1503 1474 1561 Atundenam
1503 1499 1671 1569 liquet
1692 1494 1924 1568 promis-

313 1597 524 1652 sionem
552 1611 619 1652 ex
652 1612 879 1666 persona
923 1595 1096 1650 Patris
1122 1593 1280 1650 esse?
1334 1587 1767 1662 quandoquidem
1797 1584 1924 1640 novi

313 1687 478 1741 etiam
509 1684 705 1740 Filium
729 1687 780 1740 in
808 1686 1083 1756 prophetis
1108 1685 1408 1755 loquutum,
1440 1679 1710 1735 undenam
1754 1677 1925 1748 liquet

313 1775 530 1832 Patrem
571 1778 674 1832 hoc
716 1777 954 1832 dixisse?
985 1775 1266 1844 Eﬂ'undam
1301 1778 1364 1830 de
1387 1773 1591 1846 Spiritu
1615 1786 1726 1824 meo
1770 1783 1926 1839 super

312 1885 515 1922 omnem
536 1883 776 1933 carnem,
801 1877 851 1923 et
879 1868 1252 1939 prophetabunt
1299 1867 1399 1937 ﬁlii
1425 1865 1644 1921 vestriet
1689 1863 1814 1931 ﬁliae
1841 1875 1923 1915 ve-

312 1970 453 2016 strar.
483 1959 653 2022 Dabo,
705 1961 898 2030 inquit,
929 1962 1075 2032 signa
1100 1962 1153 2015 in
1179 1962 1306 2017 cwlo
1329 1975 1533 2015 sursum
1556 1999 1573 2025 ,
1606 1968 1654 2014 et
1698 1957 1754 2011 in
1787 1965 1927 2010 terra

313 2052 552 2108 deorsum
575 2071 593 2119 ;
616 2056 934 2125 sanguinem.
963 2065 1010 2110 et
1022 2056 1213 2126 ignem,
1245 2065 1292 2110 et
1316 2070 1556 2124 vaporem
1583 2049 1940 2126 funti(10el.2.

312 2150 386 2208 50
406 2145 452 2214 ).
481 2146 604 2201 Dixi
630 2162 795 2218 serpe,
841 2148 1155 2219 sanguinem
1187 2149 1354 2206 latere
1382 2146 1636 2204 ﬂuentem
1667 2163 1681 2198 :
1711 2146 1925 2217 signum

312 2241 458 2296 enim
485 2250 604 2296 erat
646 2243 944 2297 maximum
989 2257 1019 2296 a
1053 2251 1269 2298 mortuo
1317 2257 1548 2313 corpore
1605 2239 1924 2312 sanguinem

312 2335 626 2392 emuentem
672 2338 886 2402 videre;
920 2340 1234 2409 sanguinem
1287 2354 1320 2395 e
1369 2339 1538 2394 latere
1589 2344 1921 2403 manantem,

314 2427 494 2497 ignem
542 2428 594 2482 in
649 2431 924 2500 apostolos
983 2431 1421 2487 descendentem.
1472 2430 1826 2502 Sanguinem,
1878 2437 1926 2482 et

313 2521 503 2592 ignem,
535 2531 580 2576 et
625 2539 864 2592 vaporem
910 2527 1058 2596 fumi.
1091 2525 1190 2581 Sol
1226 2534 1540 2580 convertatur
1588 2525 1643 2579 itt
1673 2523 1923 2588 tenebras,

313 2625 360 2669 et
394 2615 520 2669 luna
572 2617 624 2670 in
657 2619 978 2689 sanguinem,
1029 2628 1298 2690 antequam
1349 2618 1516 2674 veniat
1567 2617 1674 2672 dies
1716 2615 1926 2670 Domini

312 2723 528 2778 magnus
547 2718 593 2762 et
624 2708 839 2764 illustris
864 2709 963 2782 (a).
999 2709 1382 2766 Animadverte
1409 2711 1716 2781 loquentem
1755 2709 1924 2763 Deum

315 2796 554 2866 Patrem,
595 2801 868 2870 quomodo
900 2800 1094 2856 Filium
1135 2801 1354 2869 indicet,
1380 2803 1597 2873 quando
1627 2803 1789 2870 dicit,
1817 2801 1926 2856 An-

311 2900 514 2962 tequam
540 2893 704 2946 veniat
717 2893 824 2948 dies
840 2892 1052 2950 Domini
1071 2913 1092 2964 ;
1120 2911 1228 2952 non
1255 2897 1405 2965 dicit,
1434 2897 1560 2953 Dies
1579 2912 1754 2954 meus.
1782 2895 1924 2963 Quid

312 2983 517 3053 igitur?
543 2985 598 3042 Si
624 2994 683 3041 tu
717 2987 816 3044 das
843 2990 1018 3060 signa,
1042 3005 1139 3045 cur
1185 2992 1240 3046 in
1294 2992 1459 3047 alium
1510 2993 1923 3065 intelligentiam

312 3075 594 3143 transfers,
622 3079 829 3142 dicens,
851 3081 1136 3155 Antequam
1155 3087 1317 3140 veniat
1337 3085 1446 3142 dies
1471 3085 1682 3142 Domini
1707 3104 1925 3160 magnus

311 3177 358 3221 et
387 3167 646 3224 illustris?
693 3173 946 3228 Animum
993 3175 1211 3232 adhibe.
1259 3177 1422 3234 Forte
1465 3181 1610 3236 dicat
1656 3181 1922 3253 quiSpiam

310 3259 629 3329 prophetam
669 3261 811 3333 loqui
857 3280 921 3320 ex
971 3281 1067 3322 sua
1123 3269 1337 3339 prOpria
1402 3285 1632 3341 persona
1683 3291 1696 3327 ε
1761 3273 1921 3328 Ante-

308 3367 462 3420 quam
501 3354 669 3407 veniat
713 3357 841 3410 dies.
881 3358 952 3414 At
996 3375 1101 3414 non
1150 3371 1360 3431 poterat
1397 3363 1580 3421 dicere
1609 3366 1873 3437 propheta
1903 3409 1919 3423 .

308 3443 407 3513 Eﬂ‘
408 3446 599 3501 undam
623 3449 687 3504 de
711 3449 914 3521 Spiritu
954 3471 1065 3508 meo
1101 3473 1256 3526 super
1281 3474 1482 3512 omnem
1508 3475 1732 3522 carnem,
1778 3471 1919 3516 ante-

262 3571 273 3587 .
305 3555 462 3606 quant
483 3543 650 3596 veniat
675 3542 783 3598 dies
800 3543 1004 3600 Domini
1020 3564 1236 3619 magnus
1253 3559 1302 3604 et
1329 3550 1562 3606 illustris.
1589 3551 1659 3607 Et
1679 3553 1793 3622 erit,
1809 3571 1922 3611 ont-

307 3630 388 3684 uis
411 3631 716 3704 quicumque
761 3637 1064 3693 invocaverit
1098 3657 1281 3695 nomen
1323 3643 1552 3712 Domini,
1581 3646 1752 3702 salvus
1800 3648 1914 3704 erit.

308 3720 423 3776 lloc
454 3724 635 3794 itaque
660 3727 802 3783 Deus
831 3729 884 3784 itt
926 3731 1204 3803 prophetis
1232 3735 1382 3801 dicit,
1415 3737 1614 3796 Paulus
1643 3755 1773 3797 vero
1799 3741 1918 3798 haec

306 3813 494 3884 adjicit
523 3833 536 3869 :
566 3815 689 3886 Ipse
715 3829 886 3875 autem
909 3820 1164 3880 Dominus
1193 3828 1442 3896 omnium,
1474 3830 1613 3886 dives
1639 3835 1693 3888 in
1715 3850 1913 3904 omnes,

304 3909 393 3976 qui
421 3909 658 3964 invocant
699 3912 865 3968 illum.
902 3913 1083 3970 Omnis
1109 3920 1242 3972 enim
1283 3921 1583 3991 quicumque
1607 3927 1915 3983 invocaverit

306 4016 493 4084 nomen
546 4001 774 4071 Domini,
822 4007 994 4063 salvus
1047 4010 1140 4063 erit
1172 4010 1350 4080 (Rom.
1404 4015 1492 4071 10.
1538 4017 1625 4073 12.
1671 4049 1745 4060 —-
1798 4021 1911 4094 15).

305 4095 511 4153 Deinde
539 4099 831 4157 ostendens
857 4101 961 4159 hoc
981 4103 1048 4160 de
1093 4103 1306 4164 Christo
1351 4109 1554 4166 dictum
1599 4128 1745 4180 esse,
1792 4118 1915 4171 ait:

308 4187 577 4252 Quomodo
605 4207 726 4261 ergo
764 4193 1087 4263 invocabant,
1133 4197 1186 4252 in
1223 4216 1371 4270 quem
1402 4219 1502 4256 non
1545 4206 1917 4262 crediderunt?

303 4282 558 4344 quomodo
600 4283 806 4338 credent
848 4286 913 4352 ei,
963 4304 1113 4356 quem
1167 4308 1268 4345 non
1307 4294 1622 4352 audierunt?
1659 4302 1915 4369 quomodo

301 4384 420 4424 vero
462 4373 670 4428 audient
704 4376 816 4430 sine
840 4378 1149 4448 prtedicante
1169 4382 1195 4433 ."
1233 4387 1485 4450 quomodo
1526 4399 1697 4443 autem
1725 4393 1915 4461 prtedi-

301 4459 506 4530 rabunt,
539 4465 638 4518 nisi
660 4468 967 4538 mittantur?
993 4471 1142 4526 Sicut
1178 4476 1426 4546 scriptunt
1454 4492 1570 4534 est:
1608 4459 1911 4555 Quantspe-

299 4553 427 4609 ciosi
472 4556 626 4625 pedes
678 4552 1133 4632 euangelizandum
1183 4585 1362 4636 pacem
1390 4613 1404 4636 ,
1454 4552 1912 4644 euangelizandum

300 4647 432 4702 bona
462 4647 566 4720 (Ib.
610 4666 658 4703 v.
692 4652 782 4708 M.
814 4655 952 4726 15)!
996 4657 1248 4712 Animum
1288 4662 1505 4730 adhibe,
1532 4647 1736 4736 quwso.
1767 4667 1913 4726 Prte-

300 4747 453 4817 cepit,
496 4747 688 4818 inquit,
720 4750 791 4804 eis
825 4751 888 4805 ab
930 4751 1265 4826 Jerosolymis
1319 4775 1380 4812 ne
1418 4761 1766 4830 discederent,
1821 4767 1912 4820 sed

297 4847 652 4906 exspectarent
673 4843 1060 4910 promissionem
1082 4846 1277 4914 Patris,
1299 4868 1452 4922 quam
1481 4855 1697 4911 audistis
1723 4873 1754 4911 a
1779 4875 1859 4913 nte
1887 4874 1908 4925 ;

294 4929 416 4998 quia
430 4930 660 4986 Joannes
683 4935 886 5003 quidem
901 4937 1173 5007 baptizavit
1198 4959 1350 5014 aqua,
1375 4961 1462 5001 vos
1489 4958 1655 5003 autem
1681 4950 1913 5021 baptiza-

295 5023 476 5078 bimini
507 5025 707 5094 Spiritu
728 5041 921 5086 sancto.
953 5047 1054 5087 non
1077 5044 1190 5103 post
1217 5039 1402 5093 multos
1427 5042 1519 5096 ltos
1543 5043 1650 5097 dies
1681 5045 1820 5113 (Act.
1855 5048 1907 5101 1.

295 5116 348 5169 4.
382 5115 462 5187 5).
511 5115 645 5171 Nam
687 5135 808 5189 post
858 5124 1209 5196 quadraginta
1250 5131 1364 5186 dies
1392 5133 1577 5188 decem
1611 5147 1764 5190 erant
1792 5138 1910 5195 dies

296 5225 466 5281 usque
540 5215 606 5268 ad
660 5215 1054 5287 Pentecnstcn,
1121 5225 1170 5277 in
1242 5242 1345 5294 qua
1413 5231 1661 5299 apparuit
1731 5233 1906 5302 Spiri-

295 5315 382 5359 tus
425 5316 666 5377 sanctus,
711 5320 766 5366 et
816 5311 1104 5383 baptizavit
1131 5320 1439 5389 apostolos,
1487 5339 1594 5379 non
1625 5340 1784 5396 aqua,
1811 5330 1906 5384 sed

292 5398 437 5470 igne.

371 5495 460 5549 i5.
504 5495 600 5552 llic
648 5499 826 5568 itaque
856 5503 1082 5559 solvitur
1108 5508 1339 5576 quzestio
1383 5527 1413 5566 a
1460 5513 1704 5582 plurimis
1737 5529 1902 5575 mota.

299 5584 443 5639 Multi
492 5590 866 5660 quazsicrunt,
916 5611 1044 5652 lllltll
1094 5609 1217 5656 ante
1263 5603 1554 5662 Salt'ateris
1600 5611 1904 5680 passionem

465 5744 755 5828 :ttieunn‘tltir
780 5761 852 5828 ex_
893 5755 1039 5816 Regio
1084 5753 1211 5807 2030
1255 5761 1614 5822 excerrsimus,
1658 5778 1769 5828 qm:
1810 5780 1902 5820 neu

309 5815 440 5858 sunt
465 5812 511 5856 in
536 5812 870 5861 UttnlunUqu.

987 375 1048 429 IN
1091 363 1566 428 .-\$tlliNSIONEM
1607 362 1667 415 υ.
1714 355 1774 410 Ν.
1819 351 1866 405 J.
1907 351 1971 404 Cn.
2016 341 2099 403 ET
2143 345 2208 402 IN
2254 341 2541 400 ι’νιιιδυιιι.
2589 339 2742 395 Alii.
2788 336 2845 391 ll.

3536 326 3639 374 7::5

2035 440 2287 530 baptizati
2326 457 2528 513 fuerint
2574 451 2805 525 apostoli
2857 446 3124 517 baptismo
3155 441 3482 544 evangeliea.
3515 439 3642 542 .N'os
3703 484 3708 489 .

2030 567 2162 607 vero
2224 567 2398 621 neque
2449 547 2771 605 sententiam
2824 541 3058 598 dicimus
3090 578 3107 604 ,
3139 549 3313 606 neque
3342 541 3642 588 ratioetuus

2031 644 2283 699 humanis
2308 651 2511 697 tantam
2540 636 2964 696 controversiam
2989 627 3350 703 aggredimur,
3375 623 3472 680 sed
3496 623 3642 679 Seri-

2029 737 2202 807 pturis
2232 734 2523 790 haeremus.
2567 727 2950 800 Comperimus
3006 719 3285 792 apostolos
3339 726 3465 772 ante
3516 729 3642 807 pas-

2031 806 2238 883 sionem
2274 825 2476 881 Christi
2505 823 2775 896 baptisma
2799 810 3024 874 Joannis
3062 811 3318 883 Baptistae
3343 806 3640 876 accepisse.

2031 916 2289 974 Servator
2316 923 2498 971 autem
2527 921 2654 968 ante
2682 910 2989 982 passionem
3035 903 3180 959 aliud
3228 899 3495 971 baptisma
3534 909 3642 950 null

2031 1007 2199 1073 dedit,
2223 1020 2292 1062 ne
2316 1004 2542 1062 Joannis
2574 998 3014 1072 praedicationem
3037 994 3354 1064 abrogaret,
3387 1000 3646 1044 ansamve

2031 1097 2439 1158 contradicendi
2487 1095 2692 1153 Judaeis
2740 1091 3049 1165 praeberet,
3100 1085 3244 1158 quod
3298 1081 3366 1138 ad
3416 1080 3650 1138 Joannis

2031 1191 2288 1263 Baptism
2316 1188 2702 1246 contumeliam
2743 1183 2886 1242 aliud
2929 1182 3032 1238 sibi
3071 1179 3348 1252 proprium
3377 1173 3645 1244 baptisma

2029 1286 2370 1353 induxisset,
2428 1283 2524 1341 sed
2579 1282 2704 1337 illos
2745 1280 2959 1336 sinebat
2986 1277 3180 1348 pignus
3205 1286 3360 1343 aqum
3401 1267 3604 1324 habere
3629 1305 3646 1329 ,

2029 1394 2316 1438 reservans
2343 1379 2450 1435 illis
2488 1376 2718 1449 gratiam
2769 1371 3022 1442 Spiritus.
3071 1365 3438 1436 Quamobrem
3489 1361 3643 1431 quasi

2030 1471 2272 1527 nondum
2297 1468 2634 1539 accepissent
2663 1464 2923 1536 Spiritum
2941 1504 2958 1528 ,
2989 1461 3099 1528 ait,
3128 1456 3358 1528 Accipite
3383 1453 3643 1525 Spiritum

2029 1575 2260 1619 sanctum
2277 1580 2297 1629 ;
2330 1561 2587 1632 additque
2618 1577 2632 1615 :
2665 1558 2810 1612 Abite
2843 1551 3225 1625 Jerosolymam
3250 1591 3264 1617 ,
3295 1557 3342 1604 et
3371 1546 3439 1601 ibi
3466 1560 3647 1615 exspe-

2030 1666 2163 1712 ctate
2209 1655 2599 1729 promissionem
2631 1651 2827 1718 Patris,
2862 1657 3017 1722 quam
3057 1645 3278 1702 audistis
3315 1660 3350 1699 a
3372 1657 3491 1708 me;
3526 1641 3648 1712 quia

2030 1748 2263 1803 Joannes
2289 1747 2494 1819 quidem
2537 1745 2814 1816 baptizavit
2862 1758 3019 1814 aqua,
3043 1756 3133 1796 vos
3159 1746 3330 1794 autem
3358 1733 3647 1808 baptizabi-

2032 1839 2160 1894 mini
2185 1837 2391 1910 Spiritu
2430 1846 2608 1893 sancto
2656 1852 2761 1891 non
2808 1845 2923 1906 post
2970 1833 3160 1887 multos
3211 1831 3305 1885 hos
3347 1829 3496 1892 dies;
3536 1840 3646 1882 non

2032 1929 2260 1986 ulterius
2310 1942 2493 2000 aqua:
2523 1927 2635 1998 jam
2686 1929 2831 1982 enim
2878 1930 3240 1994 acceperant;
3299 1919 3395 1975 sed
3442 1915 3648 1991 Spiritu

2033 2029 2222 2076 sancto
2251 2037 2264 2078 :
2290 2035 2402 2076 non
2422 2019 2575 2075 addit
2602 2033 2798 2089 aquam
2828 2031 3006 2087 aqum,
3033 2015 3129 2070 sed
3160 2012 3395 2083 complet
3419 2010 3473 2066 id
3502 2009 3648 2080 quod

2031 2111 2340 2170 deﬁciebat.
2377 2111 2482 2167 Vos
2501 2121 2674 2166 autem
2702 2107 3089 2182 baptizabimini
3139 2107 3194 2160 in
3233 2105 3437 2176 Spiritu
3470 2109 3649 2157 sancto

2031 2221 2135 2260 non
2166 2213 2282 2276 post
2307 2205 2498 2259 multos
2540 2203 2635 2257 Itos
2663 2203 2812 2267 dies;
2842 2200 3050 2257 scilicet
3090 2206 3215 2269 post
3257 2196 3448 2253 decem
3502 2192 3648 2251 dies.

2030 2297 2170 2368 Quid
2201 2311 2338 2368 opus
2363 2307 2449 2352 est
2477 2295 2801 2352 intervallo?
2825 2293 2982 2362 Quod
3014 2287 3398 2348 intervallum?
3448 2287 3646 2341 Decem

2030 2392 2148 2448 dies
2177 2406 2296 2462 quae
2327 2391 2787 2453 intercesserunt;
2836 2386 3034 2458 quibus
3066 2383 3436 2455 apostolorum
3485 2378 3647 2434 tidem
3724 2407 3726 2410 ν

2033 2481 2367 2540 exercitavit.
2397 2481 2532 2537 Nam
2559 2482 2876 2553 quiescente
2899 2475 3094 2550 gratia,
3119 2484 3176 2531 et
3217 2473 3436 2530 nemine
3474 2485 3643 2541 appa-
3727 2500 3739 2520 .

2033 2583 2209 2640 rente,
2240 2589 2430 2630 eorum
2462 2573 2595 2629 lldes
2623 2574 2998 2635 exercebatur,
3043 2583 3175 2624 num
3217 2567 3368 2638 quasi
3399 2578 3650 2621 verticem

2033 2677 2353 2740 exspectent
2400 2684 2546 2732 eum,
2598 2668 2688 2738 qui
2743 2666 3016 2738 pollicitus
3044 2672 3148 2718 est.
3199 2660 3453 2716 Promisit
3499 2658 3646 2712 enim

2035 2761 2289 2829 dicendo,
2317 2760 2442 2816 Non
2469 2768 2581 2832 post
2601 2760 2790 2814 multos
2814 2759 2905 2814 ltos
2932 2759 3060 2812 dies.
3092 2755 3210 2812 Non
3238 2753 3482 2812 deﬁnivit
3508 2749 3648 2811 dies,

2032 2853 2130 2912 sed
2156 2853 2308 2920 dicit,
2337 2851 2464 2909 Non
2491 2863 2606 2924 post
2633 2852 2820 2907 multos
2845 2851 2954 2906 dies
2983 2866 3001 2904 :
3032 2864 3142 2904 non
3166 2846 3348 2903 omnia
3377 2860 3478 2901 nos
3505 2844 3651 2899 scire

2032 2946 2283 3004 concedit
2320 2945 2597 3014 Servator,
2631 2945 2726 3001 scd
2757 2942 2998 3000 ostendit
3035 2956 3096 2998 se
3127 2954 3436 2996 mensuram
3465 2946 3653 2993 tenere

2031 3037 2318 3094 dominicae
2346 3037 2704 3094 auctoritatis.
2743 3035 2878 3105 Qua:
2927 3033 3082 3090 audis
3109 3075 3125 3102 ,
3156 3032 3341 3099 disce;
3371 3045 3494 3102 quae
3539 3045 3648 3084 non

2030 3131 2306 3198 didiceris,
2329 3146 2397 3188 ne
2418 3131 2634 3188 curiose
2664 3130 2896 3201 inquire.
2924 3127 3027 3184 Vos
3053 3137 3225 3183 autent
3267 3123 3650 3198 baptizabimini

2027 3225 2082 3279 in
2115 3223 2317 3297 Spiritu
2342 3233 2542 3279 sancto.
2587 3222 2724 3278 Cum
2754 3222 2916 3293 igitur
2945 3221 3180 3292 Spiritus
3208 3229 3429 3275 sanctus
3454 3231 3650 3286 super

2027 3316 2178 3372 venit
2223 3316 2304 3372 eis
2336 3315 2391 3371 in
2431 3315 2521 3371 die
2552 3315 2924 3390 Pentecostes,
2971 3311 3201 3384 replevit
3229 3321 3393 3367 tutam
3423 3309 3649 3365 domum

2027 3408 2120 3464 ubi
2147 3417 2302 3465 erant
2340 3391 2632 3472 sedentes,
2685 3416 2745 3464 ut
2790 3406 3049 3479 baptizati
3100 3413 3302 3468 essent:
3334 3405 3385 3458 in
3444 3402 3650 3474 Spiritu

2027 3513 2238 3571 sancto,
2285 3505 2438 3560 velut
2478 3505 2530 3558 in
2579 3518 2738 3574 aqua.
2791 3502 2866 3557 Ea
2914 3517 3045 3558 vero
3073 3517 3194 3572 qua:
3223 3501 3276 3556 in
3309 3500 3411 3555 hac
3440 3499 3649 3554 visione

2029 3598 2132 3654 sub
2157 3606 2438 3669 aspectum
2470 3612 2579 3653 non
2609 3596 2908 3661 cadebant,
2943 3595 3262 3651 commiscet
3287 3608 3413 3649 cum
3440 3593 3649 3664 iisqua:

2027 3690 2128 3746 sub
2178 3704 2399 3746 sensum
2453 3689 2763 3754 cadebant,
2821 3703 3018 3759 nempe
3057 3688 3261 3744 donum
3313 3687 3643 3757 linguarum.

2025 3782 2290 3852 Baptizati
2322 3792 2450 3839 sunt
2470 3799 2600 3854 ergo
2630 3783 2685 3838 in
2706 3783 2932 3854 Spiritu.
2986 3781 3144 3850 Quod
3171 3791 3354 3837 autem
3381 3780 3644 3850 Spiritum

2025 3878 2275 3948 accipere
2325 3876 2560 3947 idipsum
2614 3884 2763 3932 esset
2809 3875 2955 3946 quod
2995 3874 3257 3946 baptizari
3300 3872 3353 3929 in
3393 3871 3597 3944 Spiritu
3625 3913 3645 3942 ,

2025 3967 2343 4024 testificatur
2371 3970 2474 4025 alia
2505 3968 2752 4024 historia.
2793 3965 2928 4023 Cum
2955 3969 3101 4024 enim
3124 3967 3318 4024 Petrus
3347 3965 3646 4037 reprehen-

2021 4060 2243 4117 deretur
2264 4061 2334 4117 ab
2361 4061 2482 4117 aliis
2511 4061 2792 4132 discipulis
2825 4080 2839 4118 :
2870 4058 2980 4116 Cur
3009 4061 3289 4131 ingressus
3316 4074 3376 4115 es
3401 4059 3467 4114 ad
3499 4057 3645 4112 viros

2021 4155 2272 4226 gentiles,
2318 4163 2374 4210 et
2404 4155 2680 4210 instituisti
2713 4170 2829 4220 eos,
2884 4168 2948 4209 ac
2976 4153 3231 4225 baptismi
3262 4163 3316 4208 et
3347 4151 3640 4225 mysterio-

2022 4261 2141 4300 rum
2193 4247 2483 4318 participes
2533 4247 2868 4303 reddidisti?
2914 4245 3236 4317 respondit:
3270 4244 3384 4315 Ego
3403 4259 3554 4300 erant
3589 4248 3640 4300 tu

2021 4339 2195 4412 Joppe
2237 4341 2371 4398 urbe
2399 4385 2416 4410 ,
2449 4342 2734 4397 Cornelius
2765 4351 2944 4398 autem
2975 4341 3194 4412 quidam
3222 4340 3467 4396 centurio
3498 4339 3636 4395 misit

2020 4431 2088 4486 ad
2138 4440 2247 4501 me,
2289 4442 2344 4488 et
2386 4432 2577 4489 abiens
2607 4433 2872 4490 docebam
2902 4447 3070 4491 eum?
3103 4433 3304 4488 factum
3334 4442 3417 4488 est
3461 4440 3640 4486 autem

2019 4540 2145 4581 eum
2167 4525 2441 4596 loquerer,
2473 4527 2676 4600 decidit
2705 4529 2760 4582 in
2791 4543 2888 4585 eos
2941 4528 3177 4599 Spiritus
3219 4539 3462 4595 sanctus,
3501 4529 3640 4584 sicut

2021 4625 2076 4672 et
2108 4617 2161 4673 in
2211 4632 2309 4673 nos
2354 4619 2412 4673 in
2441 4620 2614 4674 initio.
2669 4620 2736 4674 Et
2780 4629 2838 4675 ut
2863 4620 3176 4676 ostenderet
3218 4620 3447 4687 Petrus,
3495 4622 3641 4690 quod

2019 4711 2333 4781 accipiendo
2349 4711 2608 4782 Spiritum
2630 4724 2876 4769 sanetum
2908 4713 3196 4769 Cornelius
3222 4722 3278 4769 et
3297 4715 3429 4769 socii
3462 4714 3638 4785 bapti~

2017 4803 2124 4858 zati
2177 4802 2443 4871 fuissent,
2497 4807 2677 4860 Statim
2725 4805 2863 4860 dixit
2911 4822 2929 4861 :
2977 4806 3296 4862 Recordatus
3324 4823 3438 4861 sunt
3469 4818 3638 4862 autem

2018 4896 2286 4950 verborum
2318 4897 2549 4963 Domini,
2573 4900 2703 4954 sicut
2730 4899 2926 4955 dicebat
2950 4915 2969 4953 :
2993 4900 3221 4955 Joannes
3243 4901 3448 4971 quidem
3469 4900 3637 4969 bapti-

2015 4991 2151 5044 zavit
2188 5007 2345 5061 aqua,
2377 5009 2466 5048 vos
2495 5003 2664 5049 autent
2692 4994 3079 5067 baptizabimini
3123 4995 3176 5050 in
3219 4994 3420 5065 Spiritu
3461 5007 3639 5051 sancto

2018 5083 2157 5153 (Act.
2189 5085 2277 5140 Η.
2305 5084 2425 5157 16).
2775 5081 2785 5092 ’

2093 5177 2180 5231 li.
2227 5177 2397 5232 Erant
2427 5179 2586 5250 igitur
2627 5191 2754 5235 ante
2797 5182 3103 5251 passionem
3151 5181 3362 5237 Domini
3407 5183 3642 5252 apostoli

2017 5283 2154 5336 aqua
2180 5268 2276 5324 loti
2303 5285 2316 5322 :
2349 5270 2622 5326 lavacrum
2647 5284 2827 5328 autem
2860 5274 2990 5328 illud
3023 5285 3141 5329 erat
3171 5274 3224 5328 in
3257 5275 3640 5330 remissionem

2015 5369 2388 5428 peccatorum,
2412 5363 2506 5418 sed
2543 5381 2652 5419 non
2675 5374 2792 5420 erat
2821 5368 3159 5437 participatio
3183 5366 3414 5437 Spiritus
3441 5378 3637 5423 sancte.

2017 5453 2149 5509 Nam
2180 5458 2336 5522 venit,
2370 5457 2574 5529 inquit,
2606 5459 2838 5514 Joannes
2885 5463 3174 5532 prtedicans
3223 5463 3275 5517 in
3316 5464 3515 5519 deserto
3548 5465 3623 5519 lu:-

2018 5551 2260 5617 ptismunt
2285 5553 2592 5620 patuitentite
2622 5555 2675 5608 in
2707 5557 3054 5611 remissionem
3083 5568 3409 5628 peccatorum
3437 5557 3634 5630 (Marc.

2018 5644 2070 5700 l.
2092 5641 2167 5715 4).
2201 5645 2272 5698 At
2293 5645 2562 5700 undenam
2586 5647 2820 5703 sciemus
2843 5647 2985 5705 hunc
3013 5649 3337 5720 baptismum
3357 5654 3631 5720 accepissw

2016 5735 2332 5803 apostolos?
2383 5737 2494 5794 lloc
2523 5739 2979 5795 demonstremus.
3021 5741 3136 5796 Non
3167 5742 3338 5808 dixit,
3386 5743 3625 5798 Joannes

2020 5825 2306 5896 baptiravit
2335 5843 2429 5885 vos
2459 5844 2630 5900 aqua;
2664 5831 2756 5888 sed
2791 5831 3076 5901 baptizavit
3112 5845 3340 5890 tantum.
3384 5835 3632 5890 i‘Jtundmt.
