4098 6436
527 337 626 394 787

527 462 704 506 autem
732 449 902 518 palam
931 457 1015 504 est
1037 462 1158 504 cum
1174 448 1442 513 apostolos
1466 445 1783 516 baptizasse.
1821 442 2102 500 Undenam

535 557 662 611 ergo
687 541 737 595 id
759 539 1050 608 liquidum?
1086 538 1223 594 Audi
1255 537 1560 608 prudenter.
1586 535 1721 592 Cum
1742 535 1882 590 enim
1909 534 2098 589 Petrus

533 631 876 703 repugnando
911 630 1132 696 diceret,
1178 628 1414 694 Domine,
1443 644 1545 682 non
1573 628 1700 682 mihi
1734 625 1920 680 locabis
1950 626 2102 695 pedes

527 721 582 774 in
606 730 851 774 armum
880 720 1192 788 :respondit
1219 718 1474 774 Servator
1499 733 1514 769 :
1549 716 1668 772 Μεὶ
1690 716 1857 770 lavero
1897 726 1964 781 te,
1996 731 2100 769 non

530 811 730 866 habebis
765 820 959 882 partem
997 827 1212 866 mecum.
1258 808 1536 880 Respondit
1574 808 1758 862 Petrus
1799 823 1819 862 :
1850 806 2064 861 Domine
2081 846 2098 872 ,

532 917 634 956 non
659 910 852 959 tantum
899 900 1082 970 pedes,
1124 900 1214 956 sed
1240 909 1287 955 et
1314 915 1491 954 manus
1528 908 1576 952 et
1617 907 1800 968 caput;
1824 896 2103 967 respondit

527 990 784 1047 Servator
835 1008 849 1044 :
898 990 1002 1058 Qui
1029 991 1162 1045 lotus
1207 999 1298 1055 est,
1347 1004 1448 1043 non
1484 988 1674 1057 indiget
1713 986 1811 1040 nisi
1846 995 1900 1040 ut
1949 987 2101 1056 pedes

527 1079 655 1134 lavet
701 1079 894 1152 (Joan.
926 1081 1016 1135 15.
1042 1077 1255 1148 8.-10).
1287 1077 1448 1134 Vides
1489 1091 1594 1147 quo
1633 1085 1788 1145 pacto
1830 1075 2099 1130 lavacrum

526 1169 965 1228 conﬁrmaverit?
993 1169 1094 1226 Ubi
1120 1183 1349 1239 namque
1373 1182 1480 1222 non
1503 1168 1806 1222 nominatur
1847 1165 2003 1221 Pater
2046 1174 2100 1221 et

531 1259 700 1318 Filius
727 1269 783 1316 et
804 1259 1028 1331 Spiritus
1053 1269 1285 1326 sanctus,
1318 1260 1609 1329 baptismus
1630 1257 1956 1329 paenitentiae
1982 1263 2097 1322 est;

530 1352 620 1407 ubi
643 1366 769 1408 vero
806 1351 1128 1418 nominatur,
1176 1350 1472 1420 baptismus
1494 1347 1818 1418 adoptionis.
1847 1347 2100 1403 Servator

530 1455 636 1495 non
663 1440 935 1511 abrogavit
959 1440 1279 1510 baptismum
1298 1439 1644 1510 pcenitentite,
1669 1437 1764 1494 sed
1788 1438 2096 1508 complevit,

526 1537 584 1584 et
605 1528 800 1600 adjecit
819 1530 1080 1599 baptismo
1109 1530 1159 1585 in
1181 1529 1438 1585 Trinitate
1459 1529 1778 1599 baptismum
1797 1527 1963 1583 sancti
1981 1527 2103 1597 Spi-

529 1621 679 1674 ritus.
707 1619 950 1675 Hzeretici
969 1635 1099 1676 vero
1119 1629 1375 1690 quantum
1405 1621 1458 1674 lu
1481 1620 1609 1689 ipsis
1632 1619 1748 1686 l'uit,
1781 1619 2100 1688 baptismum

529 1712 581 1765 iu
599 1710 853 1766 Trinitate
871 1711 1215 1767 constitutum
1236 1710 1574 1781 abrogaruut.
1593 1709 1708 1764 Non
1726 1710 1938 1766 reveriti
1957 1712 2099 1766 enim

527 1810 653 1858 sunt
677 1804 800 1857 mali
828 1803 911 1858 isti
941 1802 1260 1858 dominicam
1307 1818 1488 1858 vocem
1520 1820 1534 1855 :
1571 1801 1669 1867 Qui
1695 1803 1826 1856 lotus
1859 1810 1948 1865 est,
1998 1817 2101 1855 non

526 1893 716 1963 indiget
736 1894 837 1948 nisi
866 1903 917 1948 ut
942 1893 1091 1965 pedes
1120 1893 1268 1948 lavet.
1322 1891 1422 1947 Vos
1459 1903 1628 1948 autem
1651 1893 2024 1962 baptizabimini
2048 1893 2100 1946 in

530 1982 729 2053 Spiritu
757 1992 930 2038 sancto
951 1999 1052 2038 non
1080 1994 1192 2054 post
1212 1983 1395 2037 multos
1417 1983 1508 2036 hos
1534 1981 1662 2035 dies.
1692 1981 1893 2036 Dehinc
1916 1989 2100 2036 osten-

531 2072 673 2127 ditur
700 2073 922 2128 aviditas
967 2073 1214 2128 humana:
1260 2083 1461 2128 natura:
1503 2074 1724 2142 ejusque
1769 2071 2046 2126 curiositas
2081 2088 2094 2124 :

529 2163 774 2232 quoniam
795 2166 1061 2235 proprium
1088 2174 1170 2219 est
1185 2164 1485 2220 hominibus
1514 2165 1843 2232 interrogare
1865 2177 2097 2232 semper,

528 2254 872 2321 Quandonam
899 2254 1332 2310 consummatio?
1371 2253 1584 2324 quando
1610 2255 1784 2308 veniet
1820 2249 2101 2306 Christus?

531 2355 653 2417 post
693 2353 820 2415 quot
861 2359 1027 2399 annos
1072 2346 1189 2399 linis
1231 2345 1454 2400 aderit?
1497 2343 1830 2414 quandonam
1877 2357 2098 2412 regnum

531 2438 784 2493 caelorum
826 2435 1136 2506 apparebit?
1168 2438 1393 2507 apostoli
1433 2435 1677 2490 humanis
1700 2435 1976 2490 exercitati
2013 2433 2101 2487 ἰη-

530 2528 826 2583 commodis
853 2542 920 2582 ex
946 2526 1230 2584 Servatore
1270 2530 1628 2584 sciscitantur.
1660 2526 1830 2598 Igitur
1862 2527 1947 2596 qui
1976 2542 2100 2581 con-

531 2626 768 2674 uenerant
804 2617 1178 2688 interrogabant
1218 2635 1332 2673 eum
1372 2617 1592 2672 dicentes
1639 2633 1659 2671 :
1704 2617 1923 2672 Domine
1941 2656 1956 2682 ,
1984 2617 2028 2670 si
2048 2616 2104 2671 in

531 2723 753 2779 tempore
779 2707 872 2763 hoc
896 2711 1123 2763 restitues
1143 2721 1351 2778 regnum
1379 2709 1544 2762 Israel
1577 2707 1712 2778 (Act.
1748 2709 1800 2762 1.
1831 2707 1913 2778 6)?
1963 2708 2106 2776 Quo-

535 2798 678 2855 niam
720 2797 928 2854 dixerat
965 2798 1092 2866 ipsis
1123 2837 1139 2864 ,
1182 2795 1310 2852 Cum
1355 2799 1539 2851 uenerit
1578 2796 1745 2852 Filius
1788 2799 2007 2852 hominis
2051 2799 2106 2853 in

533 2888 701 2959 gloria
725 2904 843 2950 sua,
873 2887 1055 2943 dicunt
1081 2887 1162 2952 ei,
1191 2889 1236 2940 si
1277 2888 1329 2941 in
1361 2899 1582 2958 tempore
1605 2889 1698 2943 hoc
1719 2890 1744 2942 ?
1782 2889 1990 2944 discere
2013 2903 2108 2946 cu-

535 2978 750 3049 piebant
789 2993 858 3034 an
889 2993 922 3035 e
949 2979 1247 3050 propinquo
1275 2989 1419 3035 esset
1447 2980 1794 3050 exspectatio,
1827 2996 1894 3035 an
1925 2982 2106 3049 procul

533 3069 696 3123 salus.
743 3067 946 3136 Quibus
973 3069 1246 3136 Servatur,
1279 3069 1404 3124 Non
1427 3080 1497 3125 est
1533 3079 1750 3125 vestrum
1790 3088 1934 3126 nosse
1975 3081 2103 3126 tem-

537 3178 664 3229 pora
695 3172 770 3215 eet
804 3173 1090 3229 momenta,
1145 3177 1257 3232 qua:
1303 3161 1461 3216 Pater
1503 3165 1671 3233 posuit
1723 3165 1776 3217 in
1827 3180 1921 3217 sua
1967 3174 2106 3232 pote-

535 3255 708 3322 state(
738 3253 878 3311 Ibid.
910 3269 958 3310 υ.
992 3253 1024 3308 7
1059 3253 1099 3323 ).
1127 3253 1397 3324 Apostolis
1417 3268 1486 3308 ne
1509 3263 1744 3322 tempora
1775 3254 1986 3323 quidem
2013 3270 2106 3309 ex-

534 3343 748 3413 plorare
762 3341 842 3400 fas
865 3352 1013 3410 erat;
1036 3353 1091 3399 et
1105 3344 1376 3399 haereticis
1394 3345 1594 3399 licitum
1625 3345 1728 3400 erit
1753 3345 2105 3400 substantiam

539 3445 778 3501 tempora
799 3431 1166 3501 excedentem,
1199 3444 1252 3487 et
1277 3443 1518 3489 naturam
1555 3443 1808 3490 teternam
1843 3435 2108 3490 scrutari?

535 3524 669 3578 Cum
700 3523 981 3579 baireticus
1022 3525 1283 3594 quispiam
1328 3525 1398 3578 ita
1428 3526 1734 3595 quaesierit,
1788 3525 1906 3593 Quo
1950 3537 2107 3594 pacto

534 3611 714 3680 genuit
728 3611 923 3666 Pater?
942 3612 1062 3681 quis
1087 3611 1278 3667 divina:
1303 3614 1660 3684 generationis
1692 3613 1922 3669 modus?
1949 3623 2002 3668 tu
2031 3613 2106 3668 illi

537 3703 856 3760 dominicam
901 3718 1087 3759 vocem
1131 3719 1396 3774 reponas,
1449 3704 1572 3759 Non
1609 3714 1682 3759 est
1705 3716 1922 3760 vestrum
1963 3722 2108 3760 nosse

537 3806 764 3864 tempora
800 3796 878 3851 vel
911 3805 1198 3862 momenta;
1242 3811 1348 3851 non
1392 3806 1476 3852 est
1513 3807 1748 3852 vestrum
1801 3814 1962 3854 nosse
2013 3799 2106 3854 Dei

535 3887 929 3956 generationem
977 3897 1032 3943 et
1073 3888 1452 3953 substantiam;
1503 3904 1602 3945 nec
1632 3900 1832 3944 tantum
1874 3905 1978 3944 non
2027 3901 2110 3945 est

538 3987 792 4043 vestrum.
809 3979 900 4034 sed
923 3995 1093 4048 neque
1113 3981 1442 4048 angelorum,
1463 3997 1633 4049 neque
1650 3982 2106 4052 archangelorum,

539 4084 710 4140 neque
748 4065 980 4140 cujusvis
1002 4082 1193 4125 crealze
1220 4073 1515 4140 potestatis.
1557 4073 1662 4127 Sed
1707 4073 1984 4142 cujusnam
2027 4082 2110 4128 est

543 4159 740 4218 nosse?
783 4160 952 4218 Nemo
973 4164 1107 4217 nouit
1131 4162 1337 4217 Patrem
1368 4165 1466 4216 nisi
1492 4163 1661 4218 Filius
1685 4205 1700 4227 ,
1731 4181 1890 4234 neque
1914 4163 2108 4218 Filium

535 4251 645 4317 quis
673 4251 808 4305 novit
847 4252 942 4305 nisi
975 4252 1110 4306 solus
1153 4252 1309 4308 Pater
1349 4253 1572 4323 (Matth.
1610 4255 1697 4308 H.
1728 4255 1830 4324 27)
1863 4272 1877 4320 ;
1934 4269 2108 4323 neque

538 4340 796 4409 profunda
829 4342 945 4408 Dei,
973 4343 1073 4397 nisi
1101 4345 1316 4413 spiritus
1341 4344 1464 4399 Dei:
1491 4344 1610 4398 Non
1631 4355 1703 4398 est
1729 4357 1941 4400 vestrum
1967 4361 2109 4401 nosse

539 4442 767 4501 tempora
788 4433 864 4486 vel
890 4443 1159 4488 momenta.
1181 4433 1294 4488 Non
1321 4435 1578 4490 revereris
1607 4438 1967 4504 apostolorum
1995 4453 2110 4492 mo-

535 4522 705 4576 dum?
731 4522 820 4592 qui
849 4537 966 4577 cum
995 4523 1274 4578 Servatore
1304 4527 1564 4589 vixerant,
1587 4527 1778 4595 quibus
1809 4527 1919 4595 ipse
1943 4542 2108 4596 appa-

541 4612 674 4680 ruit,
698 4613 788 4684 qui
823 4613 890 4667 ab
929 4611 1024 4667 illo
1064 4613 1373 4681 illuminati,
1419 4615 1548 4669 illud
1589 4623 1764 4670 tamen
1807 4632 1965 4671 nosse
2004 4632 2106 4671 non

538 4707 946 4776 permittuntur,
987 4705 1080 4761 sed
1114 4706 1374 4761 docentur
1398 4707 1610 4762 modum
1644 4722 1796 4762 suum
1826 4723 1929 4762 non
1963 4719 2107 4763 tran-

541 4798 820 4862 scandere,
845 4797 1079 4866 illudque
1104 4797 1385 4852 audierunt
1411 4839 1424 4862 ,
1471 4797 1590 4851 Non
1617 4809 1686 4852 est
1712 4809 1926 4852 vestrum
1966 4816 2110 4852 nosse

537 4899 763 4957 tempora
789 4889 865 4942 uel
893 4899 1140 4942 momenta
1163 4904 1181 4942 :
1209 4897 1262 4942 et
1291 4897 1344 4942 tu
1367 4889 1658 4943 scrutaris?
1687 4891 1870 4945 Daniel
1892 4892 2107 4960 quidem

536 4979 722 5034 didicit
755 4989 990 5048 tempora
1017 4989 1071 5034 et
1098 4989 1363 5034 momenta
1391 4983 1640 5037 novisse:
1683 4998 1806 5037 nam
1851 4984 1957 5048 ait,
2008 4984 2106 5038 Se-

542 5072 808 5142 ptuaginta
846 5072 1174 5129 ltebdomades
1207 5075 1503 5128 abbreviata:
1527 5083 1640 5128 sunt
1667 5093 1818 5144 super
1866 5079 2108 5147 populum

541 5173 702 5215 tuum.
740 5160 784 5214 Α
805 5159 949 5217 verbo
973 5162 1163 5214 dierum
1188 5166 1348 5216 exitus
1371 5206 1384 5230 ,
1423 5173 1477 5216 ut
1510 5165 1786 5232 aedi/iretur
1824 5167 2063 5235 templum
2087 5184 2107 5231 ,°

538 5253 873 5308 hebdomadas
896 5263 1104 5320 septem,
1133 5265 1177 5306 et
1209 5253 1540 5309 Itebdontades
1568 5258 1826 5325 sexaginta
1855 5268 1900 5310 et
1926 5261 2040 5312 dum
2060 5273 2108 5312 et

535 5364 638 5402 una
656 5347 870 5416 (Dan.9.
887 5348 1004 5418 ει).
1023 5347 1097 5400 Eu
1115 5347 1198 5403 hic
1219 5359 1454 5418 tempora
1469 5349 1704 5404 ediscere
1720 5352 1904 5419 potuit;
1920 5367 2104 5406 verum

529 5453 596 5492 ex
621 5438 708 5491 illa
733 5446 1027 5508 temporum
1051 5441 1256 5494 ratione
1273 5440 1540 5494 hominum
1558 5441 1829 5495 audaciam
1851 5443 2103 5509 refrenat,

532 5537 592 5582 ut
616 5528 823 5582 discant
843 5543 921 5595 se,
945 5530 987 5583 si
1017 5529 1129 5584 haec
1156 5538 1392 5599 tempora
1408 5532 1643 5586 ediscere
1667 5549 1769 5586 non
1791 5537 2103 5603 permittan-

531 5629 636 5683 tur,
665 5621 832 5675 multo
859 5621 1033 5676 minus
1061 5622 1254 5677 debere
1281 5622 1510 5678 divinam
1529 5630 1926 5695 generationem
1953 5645 2104 5685 scru-

539 5709 661 5765 tari.
703 5709 819 5766 Non
841 5723 910 5767 es!
940 5723 1541 5775 restrutttnoseelcttmora
1576 5719 1653 5772 vel
1683 5733 1952 5787 momenta,
1993 5741 2105 5792 qum

1219 332 1276 389 S.
1311 330 1586 392 JOANNIS
1621 327 2094 387 CllRYSOSTOMl
2129 326 2441 387 ARCIIIEP.
2481 331 3012 391 CONSTANTINOP.

3683 331 3787 389 788

2210 441 2368 498 Pater
2395 447 2562 514 posuit
2589 445 2643 499 in
2664 461 2758 499 sua
2784 455 3042 515 potestate.
3062 444 3277 515 Ergone
3297 444 3464 500 Filius
3483 457 3588 501 non
3608 447 3785 516 posuit

2207 536 2260 591 in
2290 551 2384 592 sua
2409 545 2699 606 potestate;
2738 537 2832 592 sed
2870 537 2923 592 in
2951 545 3210 606 potestate
3238 537 3408 592 Patris
3436 547 3560 592 sunt
3586 538 3780 593 sarcula

2206 635 2258 681 et
2287 635 2545 696 tempora,
2576 627 2843 698 Filiusque
2867 627 2996 682 nihil
3017 626 3176 682 habet
3199 642 3319 681 cum
3348 628 3440 681 illo
3464 626 3783 681 commune?

2205 715 2260 770 Si
2282 717 2411 770 nihil
2433 717 2590 772 habet
2610 731 2890 772 commune
2911 717 3079 772 Filius
3098 716 3240 772 circa
3262 727 3523 785 tempora,
3543 731 3787 771 momen-

2207 816 2257 859 ta
2281 816 2334 861 et
2358 807 2570 872 saecula,
2599 807 2854 862 mentitur
2875 807 3070 861 Paulus
3089 819 3208 862 cum
3233 806 3362 861 dicit
3385 825 3400 861 :
3421 804 3488 860 In
3516 807 3786 860 novissimo

2206 900 2400 953 dierum
2431 901 2608 954 horum
2635 901 2871 969 loquutus
2897 909 2968 954 est
2994 900 3134 954 nobis
3162 901 3215 952 in
3247 898 3405 964 Filio,
3435 915 3520 966 per
3543 915 3686 968 quem
3712 899 3788 966 fee

2205 990 2345 1043 citet
2373 991 2557 1044 stet-uta
2585 989 2760 1060 (lleb.
2803 991 2856 1045 1.
2897 992 2949 1044 1.
2983 988 3019 1044 2
3043 991 3083 1060 ).
3115 990 3170 1045 Si
3195 990 3511 1045 saeculorum
3539 987 3785 1043 conditor

2205 1081 2372 1136 Filius
2393 1122 2409 1148 ,
2440 1095 2566 1152 ergo
2596 1082 2685 1136 illa
2723 1082 2776 1136 in
2819 1081 2933 1152 ejus
2971 1091 3232 1151 potestate
3261 1091 3385 1135 sunt
3413 1099 3426 1134 :
3455 1090 3510 1136 et
3549 1080 3678 1135 illud
3704 1089 3787 1134 est

2204 1173 2343 1241 quod
2384 1174 2458 1226 ait
2496 1172 2692 1227 Paulus
2713 1213 2729 1237 ,
2763 1173 2901 1238 Quos
2927 1173 3082 1228 Pater
3107 1173 3270 1242 posuit
3308 1173 3362 1226 in
3387 1187 3481 1225 sua
3521 1179 3783 1238 potestate.

2205 1261 2527 1317 Potestatem
2555 1277 2682 1332 ergo
2709 1263 2880 1318 Patris
2903 1275 3062 1319 vocat
3085 1263 3274 1318 Filium
3291 1303 3308 1329 ,
3337 1261 3786 1332 quemadmodum

2203 1364 2257 1408 et
2281 1354 2530 1408 virtutem
2560 1363 2615 1408 et
2641 1355 2979 1422 sapientiam.
3006 1353 3235 1409 Christus
3263 1351 3523 1410 enirn'Dei
3553 1355 3708 1408 virtus
3737 1360 3786 1407 et

2203 1442 2300 1497 Dei
2325 1444 2570 1514 sapientia
2597 1444 2676 1516 (1.
2704 1444 2820 1497 (.‘or.
2849 1447 2898 1499 1.
2929 1444 3044 1514 24).

2275 1536 2364 1590 15.
2407 1533 2530 1589 Non
2571 1545 2644 1590 est
2683 1546 2899 1589 vestrum
2933 1551 3076 1590 nosse
3120 1545 3346 1604 tempora
3391 1537 3466 1589 rel
3504 1544 3778 1602 momenta,

2203 1627 2292 1681 sed
2323 1627 2582 1696 accipietis
2613 1615 2846 1680 uirtutem
2878 1628 3268 1695 superoenientis
3301 1628 3462 1681 sancti
3486 1627 3710 1697 Spiritus
3729 1628 3784 1682 in

2204 1733 2290 1773 vos
2320 1717 2454 1788 (Act.
2486 1719 2538 1771 1.
2566 1717 2618 1771 7.
2642 1716 2721 1785 8).
2768 1717 3050 1785 Accipietis
3089 1718 3336 1771 virtutem
3357 1758 3372 1783 ,
3417 1733 3523 1771 non
3552 1727 3611 1771 ut
3634 1732 3788 1772 seruo

2205 1808 2389 1862 temini
2413 1817 2648 1876 tempora
2669 1807 2751 1861 vel
2781 1815 3068 1868 momenta,
3091 1807 3185 1862 sed
3215 1817 3271 1862 ut
3290 1807 3514 1862 credatt;
3541 1807 3786 1861 Domino:

2207 1897 2274 1953 Et
2302 1899 2442 1952 eritis
2480 1898 2605 1952 mihi
2642 1909 2788 1952 testes
2813 1899 2864 1952 in
2892 1898 3173 1951 Jerusalem
3207 1908 3253 1952 et
3281 1901 3331 1951 in
3368 1899 3504 1952 ontni
3535 1898 3718 1952 ludam
3742 1907 3789 1952 et

2208 1993 2467 2058 Samaria,
2505 2002 2551 2046 et
2579 2008 2736 2061 usque
2761 1993 2828 2045 ad
2848 1994 3113 2045 terminum
3146 2001 3307 2046 terror.
3335 1990 3414 2045 Nc
3442 1992 3674 2045 metiaris
3701 2007 3788 2045 or-

2206 2083 2384 2136 dinem
2436 2082 2754 2147 verborum,
2809 2081 2903 2136 sed
2957 2081 3283 2136 auctoritatis
3328 2083 3633 2151 potentiam.
3691 2081 3790 2136 Hie

2207 2174 2375 2237 dixit,
2414 2172 2702 2227 Prtedicate
2730 2173 2922 2242 ubique
2955 2189 2968 2226 :
3011 2172 3133 2226 illud
3164 2181 3477 2241 potestatem
3502 2173 3615 2240 ejus
3646 2171 3788 2225 iudi-

2207 2273 2311 2328 cat,
2341 2263 2384 2318 si
2416 2263 2576 2319 verba
2608 2265 2682 2318 rei
2717 2266 2889 2318 exitus
2922 2274 3192 2333 sequatur.
3243 2264 3464 2318 Possum
3487 2273 3539 2318 et
3564 2279 3662 2332 ego
3686 2278 3788 2317 au-

2207 2354 2451 2408 ctoritate
2487 2365 2544 2409 et
2576 2354 2873 2424 arrogantia
2913 2369 3073 2418 usus,
3117 2353 3448 2407 adstantibus
3493 2353 3573 2406 vel
3603 2354 3788 2406 dome-

2207 2445 2356 2499 sticis
2384 2446 2564 2514 paucis
2605 2447 2683 2500 vel
2721 2445 2974 2499 fratribus
2997 2446 3012 2475 ί
3038 2444 3217 2498 dicere
3247 2461 3259 2499 :
3294 2443 3690 2498 Proliciscimiui
3720 2444 3786 2499 ad

2207 2547 2412 2608 gentes,
2437 2548 2493 2594 et
2515 2554 2701 2593 omnes
2721 2538 2929 2604 docete,
2953 2553 3136 2592 omnes
3166 2538 3476 2601 convertite,
3514 2537 3782 2592 barbaros

2209 2627 2469 2692 occidite,
2519 2639 2739 2684 cunctos
2788 2628 3011 2698 imperio
3054 2628 3396 2682 adversantes
3426 2627 3688 2680 concidite
3715 2628 3736 2658 '
3771 2643 3786 2678 :

2210 2721 2371 2777 verba
2395 2721 2648 2790 prodeunt
2675 2737 2690 2787 ;
2721 2721 2811 2776 sed
2837 2723 2879 2775 si
2910 2729 3055 2790 gesta
3085 2721 3195 2788 ipsa
3216 2735 3318 2773 non
3345 2729 3650 2789 sequantur,
3681 2733 3787 2772 non

2212 2812 2373 2868 modo
2400 2811 2628 2867 mendax
2652 2812 3040 2881 deprehendor,
3069 2811 3163 2867 sed
3191 2812 3350 2867 etiam
3373 2821 3427 2865 ut
3455 2826 3707 2880 arrogans
3734 2821 3787 2865 et

2214 2904 2528 2958 temerarius
2565 2905 2774 2972 punior.
2830 2903 3213 2958 Examinentur
3241 2917 3367 2973 ergo
3393 2903 3548 2957 verba
3592 2904 3787 2958 Serva-

2213 2995 2362 3059 toris,
2395 3010 2498 3049 non
2529 3011 2592 3050 ex
2616 2997 2679 3050 iis
2703 3012 2820 3064 quae
2844 2996 2997 3063 dixit,
3030 2995 3121 3051 sed
3149 2997 3306 3052 etiam
3337 3011 3400 3050 ex
3435 2997 3499 3050 iis
3518 3011 3640 3066 qua:
3672 3011 3788 3064 per-

2211 3085 2356 3140 fecit.
2404 3085 2571 3149 Dixit,
2609 3085 2795 3140 Docete
2823 3103 2992 3140 omnes
3017 3096 3186 3156 gentes
3215 3085 3428 3154 (Matth.
3459 3085 3549 3141 ‘28.
3585 3086 3676 3152 19)
3703 3103 3716 3152 ;
3744 3086 3790 3140 si

2211 3175 2408 3230 dictum
2430 3175 2561 3230 illud
2584 3190 2686 3229 non
2717 3177 2766 3230 in
2796 3192 2929 3245 opus
2949 3177 3158 3242 exierit,
3190 3175 3312 3230 illud
3335 3177 3630 3246 arrogantia
3652 3186 3787 3242 erat,

2212 3275 2268 3321 at
2290 3281 2395 3321 non
2426 3267 2713 3321 auctoritas
2739 3267 2937 3321 divina.
2990 3267 3162 3334 Dixit,
3205 3267 3498 3322 Praedicate
3527 3284 3691 3337 usque
3722 3269 3789 3322 ad

2213 3358 2497 3412 terminum
2538 3369 2734 3412 terrm:
2768 3359 2809 3412 si
2852 3360 2968 3427 quis
3006 3359 3074 3412 sit
3117 3359 3372 3413 terminus
3400 3359 3480 3413 vel
3522 3369 3790 3412 extremus

2215 3457 2391 3510 terrae,
2419 3449 2507 3518 qui
2536 3449 2924 3516 przedicatiouis
2947 3464 3133 3517 expers
3161 3447 3336 3510 fuerit,
3368 3449 3638 3518 praedictio
3661 3449 3790 3504 lal=a

2215 3552 2298 3598 est
2326 3563 2339 3597 :
2368 3545 2411 3598 si
2451 3553 2626 3598 autem
2656 3558 2745 3597 res
2786 3544 2911 3612 ipsae
2938 3544 3054 3612 plus
3079 3557 3234 3612 quam
3265 3542 3426 3596 verba
3453 3542 3789 3611 splendeant,
3824 3547 3831 3560 ‘

2215 3647 2432 3688 veraces
2449 3643 2574 3688 sunt
2603 3643 2784 3698 testes,
2817 3649 2973 3687 verax
3001 3633 3087 3688 ille
3111 3633 3194 3690 cui
3223 3633 3580 3687 testimoniqu
3611 3633 3792 3701 perhi-

2213 3723 2358 3778 bent.
2392 3723 2458 3776 Et
2485 3741 2600 3777 cum
2633 3725 2738 3777 hwc
2771 3725 3004 3785 dixisset,
3038 3723 3316 3776 videntibus
3341 3722 3444 3776 illis
3477 3724 3692 3776 elevatus
3721 3733 3793 3776 est

2217 3813 2350 3884 (Act.
2385 3815 2434 3869 1.
2464 3819 2543 3883 9).
2595 3813 2808 3867 Poterat
2845 3828 2948 3867 non
2978 3813 3146 3881 palam
3175 3813 3502 3878 ascendere;
3535 3813 3626 3868 sed
3657 3813 3794 3867 sicut

2218 3913 2378 3958 testes
2403 3904 2808 3959 resurrectionis
2836 3903 3018 3956 habuit
3046 3903 3229 3958 oculos
3257 3894 3633 3972 discipulorum
3655 3945 3670 3969 ,
3716 3903 3794 3958 sic

2215 4005 2267 4049 et
2307 3995 2450 4064 ipsos
2477 3995 2714 4048 oculatos
2747 3994 3120 4061 assumptionis
3151 4003 3312 4047 testes
3350 3994 3643 4047 constituit.
3707 3991 3795 4045 Vi-

2214 4086 2444 4141 dentibus
2474 4085 2577 4139 illis
2612 4086 2830 4138 elevatus
2862 4093 2930 4137 est
2957 4085 3068 4154 (a);
3119 4083 3180 4136 ab
3220 4085 3281 4137 iis
3325 4085 3550 4138 sublatus
3595 4092 3701 4148 est,
3749 4091 3795 4137 ct

2216 4177 2464 4247 ferebatur
2489 4179 2540 4229 in
2565 4175 2742 4230 caelum
2766 4216 2779 4238 ,
2813 4188 2856 4229 et
2881 4175 3032 4228 nubes
3054 4175 3269 4244 suscepit
3297 4191 3408 4228 eum
3437 4190 3456 4228 :
3479 4192 3688 4244 cumque
3710 4175 3794 4228 in-

2218 4279 2472 4323 tuerentur
2505 4269 2559 4321 in
2605 4268 2782 4320 caelum
2820 4277 3017 4320 euntem
3063 4267 3206 4320 illum
3249 4267 3266 4334 (
3288 4267 3424 4320 Ibid.
3459 4276 3502 4320 et
3543 4267 3665 4320 Luc.
3699 4267 3790 4322 ξι.

2216 4361 2305 4422 5i;
2338 4361 2444 4413 Act.
2476 4361 2526 4413 1.
2572 4358 2682 4427 10),
2710 4367 3025 4426 assuuwtus,
3061 4358 3298 4412 elevatus
3326 4367 3442 4422 est,
3475 4373 3684 4412 sursum
3719 4357 3796 4413 le-

2214 4449 2467 4515 rebatur,
2519 4459 2574 4502 et
2612 4449 2880 4517 ingressus
2923 4457 3005 4502 est
3035 4467 3047 4501 :
3081 4446 3200 4500 Non
3246 4453 3378 4501 enim
3404 4449 3458 4501 in
3502 4449 3795 4517 manufacta

2214 4551 2389 4596 sancta
2428 4543 2682 4609 ingressus
2712 4549 2782 4592 est
2819 4538 2969 4593 Iesus
2993 4581 3008 4605 ,
3053 4539 3142 4593 sed
3178 4538 3233 4591 in
3271 4538 3439 4605 ipsum
3482 4538 3695 4602 (telum,
3737 4548 3794 4593 ut

2213 4641 2476 4702 appareret
2501 4647 2669 4684 coram
2698 4616 2806 4683 Deo
2832 4628 3014 4700 (Hebr.
3045 4628 3099 4683 9.
3266 4627 3374 4681 Nec
3394 4627 3563 4681 solum
3593 4629 3796 4697 ingrcs-

2214 4740 2306 4779 sus
2336 4734 2435 4789 est,
2465 4723 2556 4777 sed
2591 4723 2747 4777 etiam
2782 4721 3080 4791 penetravit
3111 4739 3123 4773 :
3158 4735 3283 4773 nam
3310 4720 3381 4772 ait
3411 4719 3604 4773 Paulus
3631 4738 3642 4772 :
3683 4720 3794 4772 lla-

2214 4816 2380 4868 bentes
2406 4814 2688 4882 pontiﬁcem
2718 4828 2973 4882 magnum,
3001 4813 3086 4880 qui
3118 4811 3388 4879 penetravit
3416 4811 3586 4875 ca'los,
3618 4809 3793 4863 Jesum

2216 4905 2369 4975 (lleb.
2398 4905 2451 4959 4.
2497 4905 2604 4974 14).
2655 4903 2937 4968 Ascendit,
2978 4902 3138 4966 adiit,
3172 4912 3474 4970 assumptus
3515 4911 3630 4966 est,
3677 4903 3790 4966 ivit,

2217 4995 2529 5065 penetravit.
2579 4993 2973 5048 Animadverte.
3001 4991 3256 5046 Ascendit
3292 4993 3442 5060 quasi
3477 5003 3792 5059 potestatem

2215 5086 2418 5141 habens
2443 5127 2456 5150 ,
2485 5095 2542 5138 ut
2579 5085 2887 5154 impleretur
2911 5083 3183 5152 prOphctae
3207 5081 3477 5136 oraculum
3511 5098 3525 5134 :
3559 5081 3794 5134 Ascendit

2218 5181 2352 5235 Deus
2373 5182 2424 5234 in
2447 5181 2769 5249 jubilatione.
2799 5179 2895 5233 llic
2927 5179 3183 5248 propheta
3211 5186 3446 5246 apertam
3475 5177 3626 5231 affert
3654 5177 3790 5230 lidu-

2213 5276 2368 5328 ciam.
2420 5273 2654 5326 Ascendit
2695 5271 2828 5324 Deus
2863 5272 2913 5324 in
2935 5272 3238 5341 jubilatione
3265 5270 3438 5341 (Psal.
3464 5271 3550 5324 46.
3581 5271 3658 5336 6).
3703 5271 3794 5321 At-

2278 5367 2307 5432 ‘_
2332 5372 2378 5411 tn
2405 5363 2512 5432 god.
2541 5363 2653 5411 ΗΠ
2675 5364 2743 5411 sic
2767 5363 2990 5420 habetur,
3016 5361 3182 5423 paucis
3203 5360 3498 5409 adstantibus
3522 5357 3793 5409 dmuesliris

2210 5425 2307 5518 et!
2547 5487 2591 5532 iu
2615 5485 2726 5533 Cod.
2755 5484 2894 5544 1186,
2933 5482 2975 5533 si
3012 5482 3093 5547 qui
3117 5484 3449 5540 adversentur,
3471 5495 3548 5530 cos
3581 5495 3610 5527 α
3651 5492 3797 5538 νίψω

2209 5562 2314 5598 meo
2334 5548 2590 5596 meluditc.

2273 5612 2344 5671 (ο)
2371 5617 2450 5656 llic
2475 5612 2516 5655 iu
2545 5611 2699 5669 Regiis
2721 5607 2840 5657 εὶοὣ
2866 5614 2915 5655 et
2945 5607 3068 5655 2050
3093 5615 3167 5655 est
3207 5612 3536 5671 assttmcnlnm
3579 5603 3796 5671 Iungim-

2210 5664 2338 5720 muni
2363 5680 2550 5733 septem
2573 5664 2744 5722 octove
2769 5673 3064 5733 paginarum,
3091 5670 3220 5732 quod
3258 5680 3494 5730 nugacem
3534 5664 3799 5713 Surculum

2210 5745 2345 5796 δηριι.
