4098 6430
252 363 360 426 187

250 481 514 539 διάπτισε
552 477 732 550 μόνον.
765 475 934 534 Οῦπω
964 477 1023 532 δέ
1057 477 1218 548 δῆλον
1259 479 1309 531 εἰ
1338 479 1435 531 καὶ
1460 477 1588 540 τοὺς
1615 474 1854 530 ἀποστό-

250 571 375 634 λους
423 568 739 622 ἐϐάπτισεν.
785 567 961 623 Πόθεν
993 563 1088 622 οῦν
1135 565 1295 620 τοῦτο
1343 565 1539 636 δῆλον;
1591 566 1861 618 Ἄκουσον

253 661 512 724 συνετῶς.
538 661 671 714 Ὅτε
705 658 837 727 γοῦν
877 659 1132 727 ἀντέλεγε
1181 659 1389 727 Πέτρος
1426 658 1622 727 λέγων,
1653 658 1857 726 Κύριε,

253 755 328 810 οὐ
366 753 452 824 μή
496 769 617 822 μου
657 753 848 821 νίψῃς
895 751 1040 816 τοὺς
1072 750 1267 817 πόδας
1309 752 1399 816 εις
1446 750 1557 804 τὸν
1587 747 1796 814 αιῶνα,
1830 749 1862 802 6

253 844 452 916 Σωτὴρ
481 843 688 911 ἔλεγεν,
723 842 860 896 Ἐὰν
879 841 968 911 μὴ
1011 843 1174 909 νίψω
1215 856 1313 906 σε,
1345 843 1458 896 οὐκ
1488 842 1653 910 ἔχεις
1677 840 1863 912 μέρος

247 933 572 1006 μετ’ὲμοῦ.
611 931 911 1003 Ἀπεκρίθη
939 933 968 986 6
1012 931 1253 1003 Πέτρος,
1299 933 1501 1002 Κύριε,
1535 933 1625 1002 μὴ
1665 933 1864 1002 μόνον

254 1025 400 1092 τοὺς
435 1023 648 1090 πόδας,
689 1023 850 1078 ἀλλὰ
876 1023 975 1077 καί
1004 1023 1111 1090 τὰς
1153 1023 1361 1093 χεῖρας
1392 1025 1493 1078 καί
1528 1025 1646 1094 τὴν
1675 1039 1863 1094 κεφα-

254 1114 397 1182 λήν.
447 1114 747 1185 Ἀπεκρίθη
770 1117 798 1168 6
827 1115 1041 1188 Σωτήρ·
1077 1115 1130 1168 Ὀ
1155 1116 1531 1186 λελουμένος
1550 1118 1624 1170 οὑ
1649 1117 1864 1186 χρείαν

253 1205 381 1274 ἔχει
415 1204 711 1273 νίψασθαι
757 1204 797 1272 ἢ
843 1204 990 1272 τοὺς
1037 1203 1233 1271 πόδας
1269 1207 1485 1275 μόνον.
1524 1207 1691 1278 Ὁρᾷς
1743 1205 1864 1269 πῶς

255 1297 539 1368 ἐκύρωσεν
573 1295 636 1347 τὸ
662 1294 921 1365 λουτρόν;
949 1296 1124 1349 Ὅπου
1157 1295 1267 1366 γάρ
1293 1296 1397 1348 οὐκ
1424 1295 1717 1368 ὠνομάσθη
1749 1298 1860 1351 Πα-

255 1386 362 1458 σὴρ
385 1386 480 1439 καὶ
505 1384 634 1448 Υἱὸς
661 1385 754 1438 καί
787 1384 944 1452 ἅγιον
978 1385 1228 1455 Πνεῦμα,
1259 1385 1545 1456 βάπτισμα
1573 1385 1865 1456 μετανοίας

262 1475 424 1546 μόνον
461 1475 642 1527 ἐστίν⁸
691 1475 827 1528 ὅπου
873 1475 933 1528 δὲ
980 1475 1300 1546 ὠνομάσθη,
1353 1476 1640 1546 βάπτισμα
1683 1475 1864 1530 υἱοθε-

259 1563 401 1626 σίας.
438 1565 499 1617 '0
531 1563 725 1635 Σωτὴρ
751 1564 849 1616 οὐκ
877 1565 1145 1635 ήθέτησεν
1170 1564 1232 1617 τὸ
1263 1565 1364 1634 τῆς
1402 1566 1717 1636 μετανοίας,
1745 1565 1864 1620 ἀλλ’

258 1653 573 1723 ἐπλήρωσε,
619 1654 713 1706 καὶ
752 1653 1066 1724 προσέθηκε
1110 1653 1171 1708 τὸ
1215 1654 1310 1708 τοῦ
1353 1657 1510 1724 ἁγίου
1547 1657 1866 1727 Πνεύματος

256 1741 335 1812 τῷ
380 1742 477 1796 τοῦ
509 1745 568 1796 ἐν
607 1742 817 1814 Τριάδι.
848 1745 914 1796 Ol
953 1743 1012 1798 δὲ
1062 1745 1333 1816 αἰρετικοὶ
1377 1746 1668 1817 βάπτισμα
1699 1747 1761 1800 τὸ
1805 1749 1864 1800 ἐν

257 1833 453 1903 Τριάδι
491 1833 737 1904 κυρωθὲν
769 1835 1066 1905 ήθέτησαν,
1096 1837 1222 1890 ὅσον
1249 1836 1312 1890 τὸ
1354 1839 1486 1910 παρ’
1517 1839 1721 1901 αὐτοῖς.
1749 1840 1866 1893 Οὐκ

255 1924 562 1996 ᾐδέσθησαν
598 1925 709 1998 γάρ
747 1929 796 1980 οί
832 1926 1054 1981 δείλαιοι
1105 1928 1205 1998 τὴν
1259 1930 1602 2001 Δεσποτικὴν
1635 1931 1821 2001 φωνήν
1846 1946 1862 1962 ⁶

268 2016 324 2070 ’0
351 2019 727 2088 λελουμένος
753 2021 827 2073 οὐ
859 2020 1075 2090 χρείαν
1118 2021 1246 2090 ἔχει
1294 2021 1591 2090 νίψασθαι
1640 2024 1679 2094 ἢ
1721 2022 1866 2089 τοὺς

255 2107 451 2173 πόδας
477 2110 694 2177 μόνον.
727 2109 916 2178 Ὑμεῖς
947 2110 1016 2163 δὲ
1043 2111 1547 2180 ,βαπτισθήσεσθε
1571 2115 1642 2168 ἐν
1678 2115 1866 2187 ῌνεύ-

249 2215 393 2268 ματι
426 2199 576 2268 ἁγίῳ
603 2201 676 2253 οὐ
699 2202 852 2268 μετὰ
892 2204 1128 2268 πολλὰς
1171 2203 1397 2270 ταύτας
1451 2205 1699 2274 ἡμέρας.
1731 2201 1866 2259 Εἶτα

256 2291 444 2344 λοιππ
467 2291 530 2344 τὸ
560 2291 738 2362 λίχνον
777 2292 878 2363 τῆς
908 2293 1259 2365 ἀνθρωπίνης
1307 2296 1528 2366 φύσεως
1569 2297 1668 2350 καὶ
1698 2298 1864 2350 πολυο

255 2381 680 2453 πραγμόσυνον·
719 2383 908 2454 ἐπειδὴ
962 2385 1092 2438 ῐδιον
1138 2388 1248 2442 τῶν
1299 2388 1608 2460 ἀνθρώπων
1653 2391 1867 2462 ἐρωτᾷν

255 2476 515 2530 πάντοτε.
539 2476 676 2531 Πότε
705 2479 1089 2548 ή’συντέλεια;
1124 2483 1256 2535 πότε
1286 2483 1508 2555 ἔρχεται
1537 2486 1564 2537 6
1593 2485 1864 2556 Χριστόςς

260 2567 404 2637 μετὰ
451 2569 592 2622 πόσα
626 2568 720 2641 ἔτη
755 2571 816 2623 τὸ
847 2570 999 2634 τέλος
1033 2573 1184 2642 ἐστί;
1232 2573 1364 2628 πότε
1392 2577 1425 2647 ή
1474 2576 1726 2646 βασιλεία
1772 2580 1869 2632 αύ-

257 2657 354 2711 τοῦ
411 2659 696 2728 φαίνεται;
755 2662 804 2714 οί
857 2663 1149 2718 ἀπόστολοι
1193 2666 1257 2718 τὸ
1309 2667 1654 2739 ἀνθρώπινον
1695 2669 1867 2734 πάθος

260 2750 636 2821 γυμνάζοντες
688 2754 950 2825 ἄρχονται
997 2754 1183 2827 ζητεῖν
1235 2758 1391 2829 παρά
1445 2759 1540 2814 τοῦ
1589 2762 1866 2833 Σωτῆρος.

264 2845 330 2896 Ol
367 2841 486 2911 μὲν
520 2839 635 2899 οὖν
672 2847 1082 2913 συνελθόντες
1136 2849 1461 2918 ἐπηρώτων
1503 2853 1713 2917 αὑτὸν,
1761 2853 1867 2906 λέ-

261 2949 502 3002 γοντες·
553 2933 751 3004 Κύριε,
800 2940 850 2991 εἰ
893 2939 962 2993 ἐν
995 2937 1077 3004 τῷ
1119 2941 1316 3009 χρόνῳ
1365 2944 1558 3011 τούτῳ
1602 2945 1870 3002 ἀποκαθ-

263 3025 533 3092 ιστάνεις
559 3027 675 3095 τὴν
701 3029 1035 3093 ,ϐασιλείαν
1063 3031 1142 3098 τῷ
1181 3034 1456 3104 Ἰσραήλς
1499 3037 1716 3108 Ἐπειδὴ
1751 3039 1868 3091 ἕλει

261 3133 358 3185 γεν
411 3118 614 3182 αὐτοῖς,
642 3119 824 3173 Ὅταν
861 3122 1011 3192 ἔλθῃ
1052 3127 1086 3177 ό
1127 3125 1262 3191 Υἱὸς
1293 3127 1401 3182 τοῦ
1446 3129 1766 3198 ανθρώπου
1798 3132 1869 3184 ἐν

261 3206 339 3277 τῇ
367 3207 521 3277 δόξῃ
551 3211 762 3277 αὐτοῦ,
797 3212 1069 3281 λέγουσιν,
1096 3218 1168 3269 El
1202 3216 1274 3270 ἐν
1300 3217 1380 3282 τῷ
1409 3222 1609 3289 χρόνῳ
1640 3222 1866 3289 τούτῳ;

263 3297 550 3354 ἐϐούλοντο
593 3302 786 3373 μαθεῖν
827 3305 878 3356 εί
911 3304 1034 3358 τότε
1075 3307 1246 3376 ἐγγύς
1278 3310 1427 3363 ἐστιν
1463 3313 1496 3382 ή
1544 3313 1866 3384 προσδοκία,

259 3391 308 3444 εἰ
353 3389 670 3464 βραδύνειή
719 3393 985 3465 σωτηρία.
1035 3391 1168 3450 Εἶτα
1202 3399 1231 3451 6
1268 3399 1488 3470 Σωτήρο
1527 3403 1651 3469 Οὐχ
1700 3399 1869 3470 ὑμῶν

255 3480 391 3562 ἐστι
438 3482 661 3553 γνῶναι
712 3487 973 3555 χρόνους
1009 3487 1048 3555 ἢ
1089 3489 1373 3559 καιροὺς,
1428 3491 1538 3557 οὓς
1583 3494 1614 3544 ό
1662 3492 1867 3560 Πατὴρ

259 3572 429 3628 ἔθετο
473 3575 543 3628 ἐν
579 3575 656 3645 τῇ
700 3577 820 3645 ἰδίᾳ
877 3578 1150 3648 ἐξουσίᾳ.
1206 3581 1335 3645 Τοῖς
1384 3582 1706 3647 ἀποστόλοις
1745 3585 1867 3637 οὐδὲ

260 3664 446 3735 χρόνοι
481 3666 878 3738 ἐπετράπησαν
905 3671 985 3734 εἰς
1017 3669 1243 3742 ἔρευναν
1263 3687 1276 3700 ·
1309 3673 1406 3725 καὶ
1435 3674 1732 3740 αἱρετικοῖς
1767 3675 1867 3726 ἐπ-

259 3758 478 3828 ετράπη
507 3758 606 3829 τὴν
647 3760 836 3814 οὐσίαν
870 3761 974 3834 τὴν
1014 3764 1373 3836 ὑπερχρόνιον
1408 3766 1499 3819 καὶ
1550 3768 1651 3838 τὴν
1701 3767 1867 3836 φύσιν

260 3848 361 3920 τὴν
390 3849 716 3922 προαιὼνιον
743 3853 1001 3925 ἐρευνᾷν;
1034 3857 1203 3909 Ὅταν
1238 3854 1332 3910 οῦν
1358 3875 1441 3922 τις
1464 3859 1742 3929 αἱρετικὸς
1771 3877 1867 3913 συ-

261 3937 400 4012 ζητῇ
430 3941 499 3995 τά
520 3941 770 4006 τοιαῦτα,
799 3945 894 3998 καὶ
924 3945 1079 4019 λέγῃ,
1110 3946 1237 4009 Πῶς
1265 3948 1556 4019 ἐγέννησεν
1586 3949 1614 4001 ὁ
1638 3950 1862 4021 Πατήρ;

260 4033 358 4086 καὶ
382 4032 469 4096 τίς
496 4032 525 4084 6
557 4032 658 4102 τῆς
681 4035 833 4099 θείας
858 4038 1166 4107 γεννήσεως
1195 4039 1429 4110 τρόπος;
1479 4041 1542 4093 σὺ
1578 4041 1866 4113 ἀντίστρε-

257 4123 360 4193 ψον
389 4122 540 4195 αὐτῷ
564 4125 666 4196 τὴν
701 4126 1045 4199 Δεσποτικήν
1102 4130 1288 4200 φωνήν
1315 4147 1328 4159 ·
1378 4133 1501 4200 Οὐχ
1537 4133 1707 4202 ὑμῶν
1731 4135 1866 4189 ἐστι

257 4213 484 4284 γνῶναι
516 4217 779 4286 χρόνους
811 4218 850 4287 ἣ
885 4223 1132 4290 καιρούς
1157 4238 1170 4251 ·
1199 4225 1298 4294 οὑχ
1319 4224 1475 4294 ὑμῶν
1504 4228 1620 4280 ἐστι
1650 4228 1862 4296 γνῶναι

257 4307 396 4362 Θεοῦ
427 4308 684 4379 γέννησιν
711 4312 809 4366 καὶ
839 4313 1064 4379 οὐσίαν,
1115 4317 1211 4369 καὶ
1255 4316 1317 4368 ού
1352 4317 1516 4388 μόνον
1551 4321 1648 4389 οὐχ
1685 4322 1861 4392 ὑμῶν,

257 4400 375 4454 ἀλλ’
401 4401 525 4455 οὐδὲ
556 4403 827 4472 ἀγγέλων,
862 4405 985 4458 οὐδὲ
1028 4407 1412 4477 άρχαγγέλων,
1454 4410 1516 4462 οὐ
1554 4413 1737 4482 πάσης
1762 4414 1864 4484 τῆς

258 4495 486 4564 κτιστῆς
516 4494 820 4564 δυνάμεως.
864 4496 1028 4549 Ἀλλὰ
1056 4499 1203 4561 τίνος
1231 4500 1350 4553 ἐστὶ
1371 4501 1615 4570 γνῶναι;
1650 4505 1864 4572 Οὐδεὶς

255 4579 384 4640 οἶδε
411 4585 521 4639 τὸν
547 4585 781 4654 Πατέρα
811 4588 971 4657 εἰμὴ
1003 4593 1037 4644 ό
1068 4591 1219 4658 Υἱὸς,
1257 4592 1403 4646 οὐδὲ
1435 4595 1546 4649 τὸν
1601 4597 1741 4650 Υἱόν
1773 4614 1865 4664 τις

253 4674 642 4745 ἀπιτινώσκει
673 4679 728 4730 εἰ
768 4676 855 4747 μὴ
896 4681 930 4732 ό
963 4679 1170 4748 Πατὴρ
1208 4683 1422 4749 μόνος,
1460 4685 1583 4738 οὐδέ
1625 4687 1692 4740 τὰ
1721 4686 1861 4759 βάθη

254 4769 354 4822 τοῦ
387 4768 548 4831 Θεοῦ,
597 4770 646 4823 εἰ
703 4769 778 4840 μὴ
819 4770 883 4823 τὸ
917 4770 1145 4843 Πνεῦμα
1176 4771 1271 4826 τοῦ
1313 4773 1486 4828 Θεοῦ’
1532 4779 1657 4847 Οὐχ
1693 4778 1864 4848 ὑμῶν

255 4863 392 4915 ἐστι
421 4858 647 4929 γνῶναι
676 4862 937 4929 χρόνους
966 4863 1004 4930 ἢ
1044 4867 1311 4933 καιρούς.
1367 4869 1484 4922 Ούκ
1512 4869 1634 4941 αἰδῇ
1668 4870 1730 4924 τὸ
1767 4872 1861 4941 μέο

256 4973 388 5027 τρον
415 4953 523 5007 τῶν
559 4953 916 5022 ἀποστόλων;
954 4956 1003 5008 οί
1041 4957 1458 5025 συναλισθέντες
1500 4960 1579 5031 τῷ
1606 4963 1857 5034 Σωτῆρι,

253 5043 339 5111 οἷς
364 5047 563 5119 ἐφάνη,
596 5049 644 5100 οἰ
676 5047 1038 5116 φωτισθέντες
1066 5053 1194 5123 παρ’
1213 5053 1401 5119 αὑτοῦ,
1420 5056 1522 5108 οὐκ
1544 5057 1862 5127 ἐπιτρέπον⁹

254 5156 348 5194 ται
378 5138 598 5202 εἰδέναι,
631 5139 769 5194 ἀλλά
796 5139 1145 5195 διδάσκονται
1179 5143 1253 5214 μὴ
1278 5145 1634 5216 ὑπερϐαίνειν
1660 5148 1856 5220 μέτρα,

257 5232 355 5285 καὶ
384 5233 645 5302 ἥκουσανο
673 5233 798 5299 Οὐχ
832 5231 1003 5301 ὑμῶν
1045 5234 1180 5287 ἐστι
1229 5236 1457 5305 γνῶναι
1503 5243 1767 5309 χρόνους
1815 5242 1854 5311 ἢ

255 5325 526 5393 καιρούς·
555 5322 651 5377 καὶ
685 5324 749 5377 σὺ
781 5326 1044 5397 ἐρευνᾷς;
1086 5329 1224 5383 Ἀλλ’
1253 5331 1282 5382 6
1326 5333 1528 5404 Δανιὴλ
1557 5333 1726 5406 ἔμαθε
1761 5338 1858 5390 καὶ

255 5416 485 5487 χρόνους
515 5415 608 5468 καὶ
640 5414 792 5487 [779.]
824 5420 1050 5489 καιροὺς
1068 5422 1164 5472 καὶ
1199 5424 1377 5493 μέτρα
1403 5425 1628 5492 γνῶναι,
1657 5431 1859 5486 Ἑϐδο.

250 5506 534 5578 μήκοντα
586 5507 694 5578 γὰρ
751 5508 1104 5577 ἐϐδομάδες,
1150 5516 1324 5584 φησι,
1379 5521 1858 5591 συνετμήθησαν

254 5603 356 5657 ἐπὶ
393 5603 505 5656 τὸν
547 5606 703 5658 λαόν
749 5622 889 5658 σου.
953 5608 1087 5661 Ἀπὸ
1140 5609 1330 5678 λόγου
1372 5613 1609 5680 ήμερων
1641 5614 1857 5678 ἐξόδου

255 5689 367 5744 τοῦ
418 5689 884 5758 οἰκοδομηθῆναι
929 5691 1036 5743 τὸν
1088 5695 1278 5746 ναόνο
1332 5695 1659 5764 ἐόδομάδες
1707 5699 1857 5755 ἑπτὰ

258 5779 362 5836 καὶ
398 5780 720 5850 ἐϐδομάδες
761 5781 1078 5847 ἐξήκοντα,
1127 5782 1226 5835 καὶ
1271 5781 1382 5837 δύο
1414 5785 1511 5837 καί
1540 5787 1669 5853 μία.
1718 5788 1851 5842 Ἰδοὺ

258 5865 536 5936 ἐνεδέχετο
589 5867 780 5938 μαθεῖν
826 5867 1092 5937 χρόνους·

264 5955 598 6026 ἐπιστομίζει
638 5958 728 6027 τὴν
763 5958 982 6027 τόλμαν.
1032 5959 1118 6014 ἵνα

1146 5867 1260 5920 ἀλλ’
1316 5869 1424 5921 ἀπὸ
1482 5871 1589 5922 τῶν
1639 5874 1852 5943 χρόνων

1195 5959 1437 6030 μάθωσιν
1483 5964 1526 6016 ei
1577 5963 1845 6034 ὅνθμυπο·

941 363 1010 415 m
1043 327 1534 416 Ascsuswnw
1575 357 1638 412 ι).
1674 355 1742 413 N.
1784 355 1839 415 J.
1879 353 1944 413 c.
1987 353 2079 411 ET
2117 353 2185 408 IN
2225 352 2713 412 mmmam.
2752 352 2814 411 ιι.

3455 349 3565 406 788

1971 474 2124 527 ὅτιεί
2161 474 2291 544 περὶ
2319 473 2530 547 χρόνων
2553 473 2657 527 οὐκ
2688 468 3078 541 ἐπιτρέπονται
3108 467 3337 539 μαθεῖν,
3380 465 3567 538 πολλῷ

1967 565 2170 636 μᾶλλον
2219 569 2347 639 περί
2397 568 2496 637 τῆς
2543 565 2696 628 θείας
2745 565 3057 635 γεννήσεως
3106 561 3207 614 οὐκ
3254 557 3568 628 ὀφείλουσιν

1962 661 2211 731 ἐρευνᾷν.
2234 662 2359 727 Οὐχ
2379 657 2550 728 ὑμῶν
2567 657 2702 712 ἐστι
2722 656 2949 726 γνῶναι
2972 653 3235 724 χρόνους
3254 653 3294 720 ἢ
3317 644 3568 720 καιροὺς

1964 755 2073 818 οὓς
2099 755 2132 806 ό
2151 752 2356 820 Πατὴρ
2376 751 2545 806 ἔθετο
2567 750 2639 804 ἐν
2663 749 2740 818 τῇ
2768 748 2893 816 ἰδίᾳ
2918 747 3194 820 ἐξουσίᾳ.
3229 744 3291 798 '0
3315 743 3448 807 Υἱὸς
3470 739 3569 798 οῦν

1962 845 2066 898 οὐκ
2090 844 2266 910 ἔθετο,
2309 844 2426 898 ἀλλ’
2469 846 2528 896 ἐν
2576 841 2800 912 ἐξουσία
2840 838 2936 905 τοῦ
2985 838 3202 909 Πατρός
3232 835 3432 900 αἰῶνες
3471 835 3569 890 καὶ

1965 935 2170 1008 χρόνοι,
2209 935 2305 990 καὶ
2335 937 2366 989 6
2403 935 2535 999 Υἱὸς
2573 934 2728 989 οὐδὲν
2759 933 2875 1005 ἔχει
2906 931 3123 996 κοινόν;
3155 930 3219 983 El
3265 924 3363 984 οὖν
3409 929 3567 982 οὐδὲν

1963 1026 2079 1096 ἔχει
2117 1026 2298 1080 κοινὸν
2320 1027 2350 1080 6
2379 1025 2512 1091 Υἰδς
2533 1027 2613 1090 εἰς
2641 1026 2769 1090 τοὺς
2797 1024 3028 1097 χρόνους
3049 1021 3145 1077 καὶ
3180 1023 3309 1086 τοὺς
3339 1021 3572 1093 καιροὺς

1964 1121 2061 1174 καὶ
2111 1119 2242 1183 τοὺς
2296 1119 2524 1184 αἰῶνας,
2575 1118 2838 1188 ψεύδεται
2889 1114 3106 1178 Παῦλος
3158 1115 3334 1185 λέγων
3359 1132 3373 1146 ·
3441 1112 3572 1170 Ἐπ’

1964 1211 2235 1281 ἐσχάτου
2269 1210 2391 1266 τῶν
2429 1210 2671 1281 ἡμερῶν
2711 1210 2946 1266 τούτω
2975 1207 3288 1276 ἐλάλησεν
3324 1205 3474 1276 ημῖν
3502 1205 3575 1259 ἐν

1974 1301 2107 1368 Υιῷ,
2139 1300 2214 1354 δι’
2268 1296 2342 1356 οὗ
2395 1303 2496 1355 καί
2541 1301 2687 1368 τοὺς
2738 1297 2966 1365 αἰῶνας
3003 1298 3317 1364 ἐποίησεν.
3351 1296 3417 1351 Εἰ
3459 1293 3575 1348 τῶν
3621 1327 3624 1330 ~

1967 1392 2184 1448 αἰώνων
2212 1392 2443 1462 ποιητὴς
2475 1393 2505 1445 6
2544 1391 2697 1456 Υἰδς,
2729 1393 2826 1446 καὶ
2849 1393 2910 1444 ἐν
2947 1393 3026 1463 τῇ
3053 1387 3278 1460 ἐξουσία
3307 1386 3408 1442 τοῦ
3439 1385 3576 1440 Υίοῦ

1965 1487 2202 1540 κεῖνταιο
2237 1485 2335 1538 καὶ
2365 1483 2525 1537 τοῦτό
2554 1485 2704 1537 ἐστιν
2731 1483 2760 1536 6
2783 1483 2934 1551 λέγει
2974 1480 3212 1543 Παῦλοςο
3242 1480 3362 1545 Οὓς
3391 1482 3425 1534 ό
3453 1481 3574 1532 Πα-

1965 1577 2080 1646 τὴρ
2111 1576 2282 1633 ἔθετο
2313 1577 2386 1629 ἐν
2425 1571 2501 1643 τῇ
2538 1573 2659 1641 ίδίᾳ
2690 1573 2969 1641 ἐξουσίᾳ.
3008 1572 3297 1638 Ἐιξουσίαν
3326 1572 3439 1642 ἄρα
3469 1587 3577 1626 κα·

1965 1671 2050 1724 λεῖ
2095 1668 2192 1723 τοῦ
2247 1667 2467 1738 Πατρὸς
2514 1664 2610 1721 τὸν
2654 1664 2807 1732 Υἰδν,
2839 1664 3035 1736 ὥσπερ
3064 1665 3159 1722 καὶ
3191 1663 3428 1736 δύναμιν
3479 1664 3579 1719 καὶ

1969 1763 2183 1832 σοφίαν.
2199 1759 2460 1831 Χριστὸς
2484 1757 2592 1832 ¹μὰρ
2616 1757 2767 1813 Θεοῦ
2790 1757 3049 1827 δύναμις
3071 1756 3173 1811 καί
3191 1757 3344 1811 Θεοῦ
3360 1758 3572 1826 σοφία.

2042 1860 2123 1908 ιε’.
2156 1855 2280 1922 οὐχ
2308 1849 2480 1921 ὑμῶν
2501 1851 2639 1905 ἐστι
2673 1847 2899 1921 γνῶναι
2925 1850 3190 1918 χρόνους
3215 1847 3255 1917 ἢ
3286 1847 3535 1916 καιροὺς
3558 1887 3574 1913 ,

1966 1943 2130 1999 ἀλλὰ
2177 1941 2460 2010 λήψεσθε
2511 1939 2774 2010 δύναμιν
2831 1939 3203 2004 ἐπελθόντος
3245 1936 3358 1990 τοῦ
3400 1937 3578 2005 ἁγίου

1966 2037 2323 2106 Πνεύματος
2355 2034 2448 2104 ἐφ’
2481 2031 2661 2104 ὑμᾶς.
2688 2031 2944 2104 Λήψεσθε
2974 2032 3230 2102 δύναμιν,
3262 2032 3367 2085 οὐκ
3402 2033 3483 2095 εἰς
3517 2017 3581 2084 τὸ

1979 2128 2449 2198 πολυπραγμονεῖν
2501 2126 2732 2198 χρόνους
2789 2125 2822 2196 ἢ
2884 2125 3156 2197 καιροὺς,
3212 2124 3328 2178 ἀλλ’
3382 2127 3465 2187 εἰς
3517 2124 3582 2178 τὸ

1969 2223 2253 2275 πιστεύειν
2281 2220 2362 2292 τῷ
2391 2219 2664 2292 Δεσπότῃα
2711 2219 2825 2274 Kal
2878 2218 3104 2274 ἔσεσθέ
3125 2235 3230 2287 μοι
3275 2218 3584 2287 μάρτυρες

1966 2317 2040 2370 ἐν
2060 2331 2125 2369 τε
2167 2314 2566 2383 Ἰερουσαλὴμ
2603 2312 2704 2368 καί
2745 2313 2817 2366 ὲν
2846 2311 3022 2381 πάσῃ
3064 2311 3141 2381 τῇ
3182 2311 3452 2379 Ἰουδαίᾳ.
3480 2309 3582 2364 καί

1967 2403 2291 2474 Σαμαρείᾳ,
2316 2402 2417 2458 καί
2441 2402 2556 2469 ἕως
2576 2401 2847 2472 ἐσχάτου
2879 2399 2994 2469 τῆς
3017 2399 3152 2472 γῆς.
3174 2401 3267 2472 Μή
3296 2399 3583 2474 μετρήσῃς

1966 2498 2076 2553 τῶν
2107 2497 2285 2567 λόγων
2317 2497 2420 2568 τὴν
2443 2495 2621 2559 τάξιν,
2654 2493 2794 2548 άλλά
2826 2494 2927 2565 τῆς
2952 2492 3246 2557 αὑθεντίας
3280 2493 3381 2564 τὴν
3413 2491 3584 2545 δύνα-

1971 2607 2085 2663 μιν.
2110 2584 2283 2654 Οὗτος
2309 2585 2456 2643 εἰπε’
2479 2590 2566 2659 Κη
2578 2586 2773 2659 ρύξατε
2807 2585 3115 2657 πανταχοῦ
3146 2585 3310 2639 τοῦτο
3337 2585 3583 2638 δείκνυσι

1967 2685 2067 2756 τὴν
2099 2683 2334 2754 δύναμιν
2370 2681 2559 2744 αὐτοῦ,
2608 2681 2658 2734 εἰ
2702 2679 2866 2752 ἐξέδη
2917 2682 2997 2743 εἰς
3043 2681 3279 2752 πρᾶγμα
3311 2679 3374 2733 τὸ
3403 2681 3581 2751 ῥῆμα.

1969 2777 2220 2846 Δύναμαι
2265 2773 2377 2844 ἐγὼ
2433 2771 2696 2844 αὑθεντίᾳ
2747 2773 3104 2844 χρησάμενος
3144 2774 3240 2828 καὶ
3287 2770 3584 2841 ἀλαζονείᾳ

1969 2870 2145 2921 εἰπεῖν
2185 2869 2300 2930 τοῖς
2333 2863 2686 2937 παρεστῶσιν
2735 2863 2768 2935 ἢ
2818 2863 3024 2931 ὀλίγοις
3077 2862 3326 2925 οἰκέταις
3357 2861 3392 2932 ἢ
3423 2858 3586 2914 ἀδελ-

1971 2959 2094 3027 φοῖς
2123 2969 2173 2998 ι’
2223 2955 2500 3021 Ἐξὲλθετε
2535 2955 2616 3018 εἰς
2649 2955 2719 3008 τά
2760 2953 2888 3025 ἐθνη
2908 2994 2922 3017 ,
2949 2954 3045 3006 καὶ
3077 2953 3256 3006 πάντα
3295 2951 3582 3018 διδάξατε,

1971 3049 2183 3113 πάντας
2217 3046 2610 3119 ἐπιστρέψατε,
2643 3045 2960 3118 βαρϐάρους
3000 3045 3244 3108 ἀνέλετε,
3265 3044 3397 3107 τοὺς
3428 3043 3588 3098 ἐναν-

1969 3143 2298 3212 τιουμένους
2320 3143 2388 3211 τῇ
2425 3138 2677 3210 βασιλείᾳ
2710 3139 2985 3208 ἐκκόψατε
3011 3138 3064 3178 δ’
3093 3136 3162 3191 τά
3196 3139 3423 3209 ῥήματα
3447 3154 3586 3209 προ-

1971 3233 2170 3296 ϐαίνει,
2222 3232 2338 3286 ἀλλ’
2382 3232 2478 3286 ὲάν
2524 3232 2593 3286 τά
2624 3231 2930 3304 πράγματα
2971 3230 3045 3302 μὴ
3081 3231 3468 3304 ἀκολουθήσῃ,
3519 3231 3584 3285 οῦ

1973 3323 2134 3393 μόνον
2178 3321 2255 3385 ὡς
2300 3320 2544 3392 ψεύστης
2593 3319 3084 3390 καταγινώσκομαι
3110 3362 3124 3385 ,
3171 3321 3310 3374 ἀλλὰ
3362 3323 3459 3374 καὶ
3507 3321 3586 3386 ὡς

1970 3415 2188 3481 ἀλαζὼν
2224 3415 2321 3468 καί
2364 3415 2647 3487 προπετὴς
2674 3414 3001 3485 κολάζομαι.
3059 3414 3342 3483 Ζητείσθω
3389 3410 3483 3466 οῦν
3516 3414 3584 3468 τά

1972 3509 2196 3580 ῥήματα
2227 3507 2322 3562 τοῦ
2356 3508 2630 3579 Σωτῆρος,
2675 3507 2752 3579 μὴ
2803 3506 2862 3574 ἐξ
2910 3500 2988 3560 ὧν
3033 3507 3321 3578 ἐλάλησεν,
3370 3506 3488 3560 ἀλλ’
3524 3507 3584 3573 ἐξ

1893 3650 1895 3652 ,
1970 3594 2046 3655 ὧν
2081 3601 2347 3654 ἐτέλεσεν.
2388 3597 2548 3653 Εἰπε·
2575 3600 3017 3667 Μαθητεύσατε
3047 3599 3250 3652 πάντα
3283 3600 3356 3652 τὰ
3390 3597 3540 3668 ἔθνη
3565 3615 3577 3628 ·

1969 3694 2020 3745 εἰ
2063 3692 2140 3762 μὴ
2177 3690 2451 3761 προῆλθεν
2508 3693 2538 3744 6
2587 3691 2748 3760 λόγος
2800 3693 2879 3755 εἰς
2913 3691 3111 3761 ἔργον,
3152 3691 3444 3756 ἀλαζονεία
3477 3687 3582 3762 ἦν,

1970 3784 2065 3838 καὶ
2085 3783 2186 3836 οὐκ
2214 3781 2474 3837 αὑθεντία
2497 3781 2677 3853 θεῖκή.
2703 3777 2861 3836 Εἴπω
2895 3781 3192 3856 Κηρύξατε
3218 3783 3324 3846 ἐως
3349 3782 3584 3853 ἐσχάτου

1969 3874 2070 3945 τῆς
2096 3874 2218 3946 γῆς·
2250 3878 2297 3927 εἰ
2333 3874 2480 3927 ἔστιν
2517 3873 2755 3944 ἐσχατιά
2787 3891 2873 3937 τις
2910 3873 3225 3946 ἀμοιροῦσα
3270 3872 3367 3926 τοῦ
3405 3873 3586 3946 κηρύ-

1970 3986 2203 4039 γματος,
2230 3968 2500 4038 ἐψεύσατο
2525 3971 2559 4039 ἠ
2595 3969 2926 4039 πρόρρησις·
2956 3969 3004 4020 εί
3034 3967 3092 4021 δὲ
3115 3968 3224 4039 πρὸ
3255 3966 3367 4020 τῶν
3403 3961 3586 4038 ῥημά-

1969 4081 2078 4116 των
2111 4061 2416 4133 λάμπειτά
2451 4063 2780 4132 πράγματα,
2817 4059 3039 4132 ἀληθεῖς
3076 4062 3128 4114 οί
3169 4062 3450 4132 μάρτυρες
3488 4061 3584 4114 καὶ

1971 4156 2177 4228 ἀληθὴς
2201 4159 2228 4210 6
2255 4155 2730 4229 μαρτυρούμενος.
2751 4156 2862 4210 Καὶ
2877 4154 3070 4210 ταῦτα
3088 4156 3296 4220 εἰπὼν,
3309 4155 3584 4220 βλεπόν-

1969 4270 2088 4306 των
2116 4249 2316 4306 αὐτῶν
2339 4250 2596 4320 ἐπήρθη.
2642 4251 2908 4306 Ἠδύνατο
2945 4252 3046 4323 μὲν
3073 4250 3185 4321 γὰρ
3218 4251 3294 4321 μὴ
3327 4248 3584 4320 φανερῶς

1967 4345 2236 4410 ἀνελθεῖν,
2261 4344 2377 4398 ἀλλ’
2395 4344 2587 4415 ὥσπερ
2613 4344 2714 4416 τῆς
2745 4344 3104 4407 ἀναστάσεως
3127 4343 3255 4414 ἔσχε
3291 4344 3583 4414 μάρτυρας
3675 4360 3681 4367 ·

1963 4439 2095 4502 τοὺς
2133 4437 2452 4508 ὀφθαλμοὺς
2500 4437 2610 4491 τῶν
2661 4437 2945 4509 μαθητῶν,
2980 4436 3128 4490 οῦτω
3167 4437 3334 4490 πάλιν
3378 4436 3582 4500 αὐτοὺς

1932 4583 1934 4588 ,
1967 4532 2248 4596 αὐτόπτας
2271 4534 2418 4584 ποιεῖ
2451 4531 2546 4585 καὶ
2574 4531 2675 4600 τῆς
2705 4530 3056 4601 ἀναλήψεως.
3077 4529 3446 4583 Βλεπόντων
3471 4529 3582 4582 αὐ-

1965 4623 2087 4677 τῶν
2125 4623 2377 4692 ἐπήρθη·
2407 4622 2619 4691 διέστη
2652 4624 2755 4676 ἀπ’
2786 4622 2989 4676 αὐτῶν
3018 4622 3119 4675 καί
3137 4621 3464 4690 ἀνεφέρετο
3491 4621 3582 4688 είς

1966 4720 2075 4773 τὸν
2100 4717 2386 4787 οὐρανὸν,
2420 4717 2520 4771 καί
2548 4717 2776 4785 νεφέλη
2802 4716 3112 4770 ὑπέλαϐεν
3132 4717 3339 4770 αὐτόν·
3378 4715 3474 4768 καί
3499 4715 3582 4780 ὡς

1966 4810 2338 4876 ἀτενίζοντες
2372 4807 2539 4880 ἦσαν
2584 4812 2674 4875 εἰς
2702 4809 2811 4863 τὸν
2852 4808 3119 4877 οὐρανὸν
3163 4806 3580 4877 πορευομένου

1965 4903 2175 4967 αὑτοῦ,
2202 4902 2507 4974 ἀνελήφθη,
2547 4901 2786 4974 ἐπήρθη,
2814 4901 3135 4972 ἀνεφέρετο,
3180 4899 3454 4969 εἰσῆλθεν·
3493 4900 3579 4954 Οὑ

1963 4995 2078 5067 γὰρ
2111 4998 2200 5062 είς
2254 4998 2645 5064 χειροποίητα
2699 4995 2838 5065 ἅγια
2877 4993 3173 5063 εἰσῆλθεν
3211 4997 3244 5046 ό
3294 4993 3576 5060 Ἰησοῦς,

1966 5090 2107 5144 ἀλλ’
2155 5091 2242 5156 εἰς
2274 5089 2464 5142 αὑτὸν
2505 5088 2614 5142 τὸν
2670 5089 2938 5156 οὐρανὸν
2992 5085 3446 5157 ἐμφανισθῆναι
3498 5084 3580 5152 τῷ

1970 5179 2113 5248 Θεῷ.
2162 5183 2272 5235 Καὶ
2324 5182 2385 5234 ού
2443 5181 2604 5253 μόνον
2649 5181 2941 5252 εἰσῆλθεν,
2998 5181 3136 5235 ἀλλὰ
3189 5182 3283 5235 καὶ
3332 5180 3575 5250 διῆλθεν.

1969 5275 2262 5343 Ἔχοντες
2307 5274 2435 5343 γάρ,
2481 5274 2647 5345 φησιν
2703 5277 2730 5326 ὁ
2791 5273 3040 5338 Παῦλος,
3080 5272 3235 5346 [775]
3296 5271 3579 5342 ἀρχιερέα

1959 5367 2154 5438 μέγαν
2176 5365 2580 5434 διεληλυθότα
2600 5365 2743 5431 τοὺς
2769 5366 3070 5434 οὐρανοὺς
3099 5366 3366 5433 Ἰησοῦν.
3389 5364 3577 5434 Ἀνῆλ-

1965 5459 2078 5524 θεν,
2117 5460 2307 5530 ἀνέϐη,
2331 5459 2636 5530 ἀνελήφθη,
2669 5459 2988 5529 ἐπορεύετο,
3017 5458 3256 5528 διῆλθεν.
3299 5457 3574 5528 Πρόσεχε.

1977 5552 2171 5623 ’Λνέϐη
2191 5553 2267 5616 ὡς
2297 5552 2549 5619 ἐξουσίαν
2581 5552 2740 5622 ἔχων,
2778 5552 2864 5605 ἵνα
2907 5551 3174 5623 πληρωθῇ
3211 5551 3272 5605 τὸ
3299 5550 3395 5604 τοῦ
3431 5568 3574 5622 προ-

1966 5645 2140 5716 φήτου
2164 5644 2368 5714 λόγιον’
2388 5644 2597 5714 Ἀνέϐη
2615 5649 2647 5700 ό
2674 5646 2819 5712 Θεὸς
2841 5647 2911 5699 ἐν
2929 5644 3283 5714 ἀλαλαγμῷ.
3303 5643 3576 5698 Ἐνταῦθα

1963 5741 1989 5793 ὁ
2020 5739 2310 5810 προφήτης
2341 5740 2560 5810 γυμνὴν
2579 5739 2736 5809 φέρει
2768 5738 3110 5811 παρρησίαν.
3141 5737 3346 5806 Ἀνέϐη
3374 5738 3407 5792 ό
3426 5739 3574 5804 Θεὸς

2030 5853 2055 5916 ἷλ
2081 5851 2200 5916 Cod.
2361 5852 2460 5907 τοῖς
2481 5856 2787 5916 παρεστῶσιν
2807 5854 2983 5914 ὀλίγοις
2992 5854 3084 5901 οἰκ.
3100 5852 3181 5900 καὶ
3192 5850 3424 5916 ἀδελφαῖς
3437 5851 3568 5916 (εἴτε).

1967 5981 1996 6038 β
2023 5914 2050 5952 1»
2071 5915 2189 6024 (ἐοςὶ.
2225 5913 2343 5987 ιιδιῑ
2366 5922 2450 5989 τῇς,
2482 5913 2732 5985 ,βασιλείας
2765 5934 2855 5970 ιιι-ι
2883 5913 3119 5978 ἐκκόψατε
3149 5913 3338 5971 αὐτούς.
3369 5913 3487 5965 1447
3506 5920 3568 5987 τῇ

1983 5993 2082 6026 ,σοι
2122 5994 2188 6038 ῖνγ
2221 5994 2297 6025 ﬂ"!
2350 5994 2534 6034 suum;

1983 5993 2106 6026 5101/
2122 5994 2188 6024 ῗ¹Ὑ
2221 5994 2297 6025 ξγν
2350 5994 2404 6026 ιιι.
2421 5996 2534 6027 ιιι-ξ.
