4098 6436
564 336 666 394 789

560 448 633 504 ἐν
660 447 1009 518 ἀλαλαγμῷ.
1036 449 1238 515 Ἄρατε
1272 449 1490 513 πύλας,
1521 451 1575 502 οἱ
1599 447 1905 516 ἄρχοντες,
1940 442 2126 514 ὑμῶν,

563 539 663 593 καὶ
694 539 1011 606 ἐπάρθητε,
1063 541 1249 594 πύλαι
1294 539 1538 599 αἰώνιοι,
1576 539 1671 591 καὶ
1721 538 2131 591 εἰσελεύσεται

538 616 541 619 ’
569 630 604 681 ό
626 630 928 694 Βασιλεὺς
959 629 1070 698 τῆς
1098 630 1300 697 δόξης.
1336 631 1735 684 Εἰσελεύσεται·
1782 633 1864 684 Οὐ
1898 630 2008 699 τὰρ
2045 630 2133 693 είς

559 721 942 789 χειροποίητα
980 722 1116 790 ἅγια
1157 720 1445 790 εἰσῆλθεν
1485 727 1518 776 ό
1558 724 1829 790 Ἰησοῦς,
1882 722 2019 778 ἀλλ’
2046 722 2133 786 εις

558 806 750 861 αὑτὸν
774 810 882 861 τὸν
903 811 1163 877 οὐρανὸν
1191 812 1558 866 εἰσελεύσεται
1587 816 1615 867 6
1634 812 1893 876 Βασιλεὺς
1921 812 2019 881 τῆς
2048 812 2135 864 δό-

559 899 679 969 ξης.
710 901 815 955 Δύο
844 902 1028 957 λοιπὸν
1076 906 1311 972 ἐγένετο·
1356 906 1544 977 ὥσπερ
1575 906 1685 977 γάρ
1726 904 1971 975 ἐξενίσθη
1996 906 2028 975 ή
2060 903 2132 973 γῆ

562 987 873 1063 θεασαμένη
907 995 1369 1067 περιϐεϐλημένον
1414 998 1573 1066 σῶμα
1609 996 1699 1051 τὸν
1754 984 2011 1066 Σωτῆραξ
2038 995 2133 1047 καὶ

560 1078 749 1151 ὥσπερ
775 1082 893 1146 ἔθος
914 1086 1063 1155 ἡμῖν,
1082 1087 1210 1139 ὅταν
1237 1086 1438 1156 ἴδωμεν
1464 1086 1610 1152 ξένον
1642 1088 1951 1158 πρόσωπον,
1974 1087 2131 1155 λέγο-

563 1182 685 1238 μεν·
709 1171 801 1235 Τίς
819 1173 967 1226 ἐστιν
981 1168 1160 1239 οὗτοςς
1178 1172 1350 1241 οὒδεὶς
1366 1178 1473 1250 γὰρ
1492 1179 1619 1249 περὶ
1632 1179 1910 1248 γνωρίμου
1930 1178 2129 1248 έρωτῷ

561 1258 707 1314 οὕτω
727 1262 821 1316 καὶ
841 1265 873 1333 ή
895 1265 962 1335 γῆ
988 1265 1296 1339 θεασαμένη
1321 1270 1413 1322 τὸν
1440 1269 1670 1346 Σωτῆρα
1689 1270 1921 1340 δύναμιν
1947 1269 2133 1339 θεῖκὴν

562 1348 773 1422 ιχοντα,
793 1355 885 1407 καὶ
906 1356 1267 1412 ἐπιτάσσοντα
1280 1361 1395 1423 τοῖς
1417 1359 1639 1430 ἀνέμοις
1661 1360 1757 1414 καὶ
1771 1362 1836 1430 τῇ
1866 1359 2131 1431 θαλάσσῃ,

562 1437 731 1509 λέγει·
775 1443 868 1510 Τίς
914 1444 1088 1499 ἐστιν
1136 1444 1346 1514 οὗτος,
1386 1450 1474 1504 ὅτι
1523 1450 1563 1516 η
1612 1450 1896 1504 θάλασσα
1940 1448 2038 1503 καὶ
2080 1451 2135 1503 οί

562 1530 770 1596 ἄνεμοι
800 1538 1224 1595 ὑπακούουσιν
1248 1541 1440 1607 αὐτῷ;
1472 1542 1682 1612 Ὠσπερ
1715 1538 1808 1596 οὖν
1843 1544 1877 1613 ή
1905 1542 1975 1612 γῆ
2000 1542 2138 1608 ξενι-

564 1619 765 1695 ζαμένη
798 1624 958 1691 ἐϐόα,
990 1630 1085 1693 Τίς
1110 1629 1283 1683 ἐστιν
1304 1626 1516 1697 οὗτοςε
1544 1629 1686 1684 οὕτω
1722 1631 1815 1684 καὶ
1840 1618 1880 1682 Δὁ
1909 1629 2136 1699 οὐρανὸς

565 1712 904 1785 ξενιζόμενος
935 1717 992 1769 ἐν
1014 1721 1178 1789 σαρκὶ
1211 1719 1423 1790 βλέπων
1451 1721 1550 1791 τὴν
1581 1721 1810 1791 θεότητα
1834 1720 2006 1789 λέγει·
2039 1721 2136 1786 Τίς

564 1801 740 1858 ἐστιν
775 1800 952 1873 οὗτος
970 1811 1002 1861 ό
1025 1810 1326 1877 Βασιλεὺς
1352 1811 1463 1879 τῆς
1488 1811 1714 1880 δόξης;

626 1894 838 1959 ιςνοῐίαὶ
854 1896 956 1966 ὅρα
971 1898 1031 1951 τὸ
1049 1898 1379 1972 θαυμαστόν.
1407 1902 1464 1954 ὐ
1480 1903 1671 1974 Σωτὴρ
1692 1899 1845 1974 ἦλθε,
1860 1903 1953 1956 καὶ
1967 1901 2137 1957 ἐλθὼν

564 1981 762 2053 ἧνεγκε
795 1986 856 2039 τὸ
884 1987 1039 2056 ἅγιον
1068 1991 1311 2062 Πνεῦμα,
1330 1992 1571 2045 ἀνελθὼν
1599 1993 1656 2046 δέ
1684 1994 1953 2065 ἀνήνεγκε
1981 1993 2139 2063 σῶμα

567 2072 741 2143 ἅγιον,
771 2076 858 2149 ἵνα
889 2077 966 2149 δῷ
994 2078 1076 2148 τῷ
1104 2082 1293 2152 κόσμῳ
1333 2082 1590 2155 ἐνέχυρον
1620 2085 1897 2156 σωτηρίας
1916 2124 1930 2147 ,
1977 2084 2142 2138 Πνεύ-

571 2181 737 2235 ματος
768 2169 923 2237 ἀγίου
958 2170 1205 2243 δύναμιν.
1243 2175 1413 2227 Πάλιν
1445 2175 1523 2247 τῷ
1560 2175 1710 2246 αὐτῷ
1745 2176 1936 2247 κόσμῳ
1967 2178 2140 2247 ἀρρα-

568 2256 717 2311 ϐῶνα
750 2264 1023 2332 σωτηρίας
1050 2264 1109 2317 τὸ
1127 2266 1289 2335 σῶμα
1322 2267 1384 2320 τὸ
1414 2267 1569 2337 ἅγιον
1594 2269 1801 2337 λεγέτω
1824 2271 1852 2322 6
1876 2270 2139 2341 Χριστια-

567 2350 677 2411 νός.
708 2351 876 2406 Ὅταν
896 2354 953 2407 δὲ
980 2355 1120 2409 ετπω
1152 2357 1332 2421 τοῦτο,
1375 2360 1471 2412 καὶ
1507 2361 1566 2413 σὲ
1603 2359 1747 2428 λέγω
1780 2361 1875 2413 καὶ
1912 2362 2140 2416 ἕκαστον

568 2442 859 2513 πρόσωπον
890 2448 934 2499 Χ
945 2452 1241 2519 ριστιανοῦ.
1280 2453 1419 2522 Ἐγὼ
1446 2455 1772 2525 Χριστιανός
1794 2456 1906 2527 είμι
1936 2456 2150 2510 καὶτοῦ

567 2531 703 2586 Θεοῦ
738 2538 873 2606 εἰμι·
904 2538 1068 2592 πόθεν
1106 2542 1294 2611 τοῦτο;
1354 2544 1426 2597 Τὸ
1473 2544 1699 2617 Πνεῦμα
1743 2547 1804 2599 τὸ
1847 2548 2002 2613 ἆγιον
2032 2545 2140 2616 ἔχω

566 2620 629 2672 τὸ
664 2622 723 2688 ἐξ
751 2625 980 2695 οὐρανοῦ
1024 2630 1231 2684 κατιόν.
1275 2632 1461 2698 Θέλεις
1492 2636 1585 2687 καὶ
1614 2635 1781 2706 ἄλλην
1819 2633 2095 2699 ἀπόδειξιν
2124 2652 2138 2701 ;

570 2712 802 2768 Ἔλαϐον
831 2718 1056 2790 Πνεῦμα
1086 2722 1144 2787 ἐξ
1176 2723 1404 2793 οὐρανοῦ
1443 2725 1505 2779 τὸ
1554 2726 1648 2779 τοῦ
1687 2727 1856 2791 Θεοῦ,
1898 2727 2006 2797 ἔχω
2039 2746 2140 2798 μου

566 2803 660 2857 τὸν
700 2807 994 2879 ἀρραϐῶνα
1031 2812 1266 2881 βέϐαιον.
1316 2816 1473 2870 Ποῖον
1515 2818 1852 2890 ἀρραϐῶνα;
1904 2821 2051 2873 "Avo;
2074 2820 2145 2872 ’τὸ

570 2895 731 2967 σῶμα
764 2900 951 2966 αὐτοῦ,
996 2905 1144 2959 κάτω
1189 2902 1249 2961 τὸ
1307 2907 1532 2980 Πνεῦμα
1566 2910 1732 2963 αὐτοῦ
1780 2912 1916 2982 πρὸς
1973 2912 2140 2981 ἡμᾶς.

582 2988 988 3059 ’Λμφιϐἀλλεις,
1012 2998 1277 3067 αίρετικὲ,
1315 3000 1397 3053 ὅτι
1424 2999 1518 3053 τοῦ
1558 3000 1692 3054 Θεοῦ
1726 3003 1934 3072 ἐσμεν;
1982 3003 2143 3067 Γένος

568 3081 785 3148 ἐγένετο
815 3084 894 3149 ἓν,
926 3086 1062 3141 Θεοῦ
1097 3090 1192 3143 καὶ
1232 3090 1555 3161 ἀνθρώπων.
1588 3092 1798 3167 Ὥσπερ
1830 3096 1937 3165 γὰρ
1964 3095 2032 3148 τά
2059 3095 2141 3148 δι-

566 3173 779 3227 εστῶτα
814 3176 953 3248 μέρη
983 3181 1240 3234 συνάπτει
1267 3181 1610 3255 ἐπιγαμϐρία
1632 3224 1647 3248 ,
1683 3184 1775 3236 καὶ
1807 3187 1836 3238 6
1877 3185 1951 3257 μὴ
1987 3186 2142 3250 εἰδὼς

567 3278 689 3315 τινα
722 3265 885 3318 πόθεν
935 3269 1070 3331 ἐστὶ,
1122 3272 1250 3340 μιᾶς
1286 3276 1695 3344 συναπτομένης
1748 3276 1845 3329 καὶ
1876 3277 2015 3341 ἐνὸς,
2049 3277 2143 3331 δύο

568 3352 699 3423 γένη
720 3353 815 3407 ὅλα
852 3358 1131 3425 συνάπτει,
1169 3361 1265 3415 καὶ
1297 3364 1325 3414 ὀ
1354 3362 1453 3432 μὲν
1484 3364 1560 3428 ὡς
1594 3365 1811 3435 ἀνεψιὸς
1850 3369 2141 3433 τάττεται,

566 3442 597 3495 6
629 3443 685 3497 δὲ
713 3444 788 3508 ὡς
816 3446 977 3511 θεῖος·
1019 3449 1192 3515 οὕτως
1224 3453 1581 3519 ἀναλαϐόντος
1632 3457 1809 3527 σάρκα
1862 3460 2100 3530 Χριστοῦ
2127 3500 2143 3526 ,

567 3532 655 3587 διά
678 3536 774 3606 τῆς
803 3540 1004 3609 σαρκὸς
1036 3543 1254 3610 ἐγένετο
1283 3548 1429 3599 πᾶσα
1457 3548 1489 3618 ή
1534 3546 1831 3619 Ἐκκλησία
1877 3554 2145 3622 συγγενὴς

572 3628 829 3700 Χριστοῦ,
887 3634 1097 3699 Παῦλος
1139 3637 1374 3707 Χριστοῦ
1406 3642 1675 3712 συγγενὴς
1700 3683 1715 3706 ,
1770 3643 1995 3718 Πέτρος,
2035 3647 2144 3709 πᾶς

570 3720 780 3786 πιστὸς,
814 3723 1016 3789 πάντες
1045 3728 1229 3797 ἡμεῖς,
1262 3732 1369 3793 πᾶς
1403 3731 1652 3803 εὐσεϐής.
1682 3734 1780 3788 Διὰ
1812 3734 1972 3789 τοῦτο
1996 3736 2145 3805 λέγει

571 3810 782 3877 Παῦλος
805 3831 818 3846 ·
867 3816 1057 3883 Γένος
1091 3815 1205 3875 οὖν
1234 3822 1382 3876 Θεοῦ
1414 3824 1810 3894 ὑπάρχοντες.
1860 3826 1999 3879 Ἀλλ’
2030 3823 2146 3880 οἶδα

571 3902 670 3971 τήν
703 3902 910 3958 Εννοιαν
959 3908 1079 3961 καθ’
1111 3912 1177 3981 ἠν
1212 3911 1444 3983 εἴρηται·
1491 3914 1552 3968 οὐ
1595 3916 1798 3979 σκοπός
1857 3917 1946 3987 μοί
1998 3920 2146 3972 ἐστιν

570 3993 699 4064 ὃλην
729 3996 1010 4069 ἱστορῆσαι
1041 4000 1141 4071 τὴν
1186 4002 1435 4073 θεωρίαν,
1472 4006 1587 4059 ἀλλ’
1617 4007 1699 4060 ὃτι
1745 4007 1904 4077 μόνον
1938 4008 2148 4079 βεϐαιοῖ

571 4086 783 4152 Παῦλος
803 4090 862 4141 τὸ
886 4092 1060 4158 γένος.
1088 4093 1198 4145 Καὶ
1226 4093 1460 4165 ἀλλαχοῦ
1498 4096 1680 4150 πάλιν·
1725 4098 1925 4167 Ἡμεῖς
1958 4101 2146 4170 ἐσμεν

569 4176 742 4247 σῶμα
765 4178 1023 4247 Χριστοῦ
1049 4182 1150 4235 καί
1166 4182 1323 4252 μέλη
1348 4186 1417 4237 ἐκ
1441 4185 1662 4331 Ὕους
1687 4187 1755 4241 ἐκ
1785 4188 1896 4256 τῆς
1919 4193 2145 4259 σαρκὸς

570 4268 776 4323 αὐτοῦ.
823 4270 967 4323 ’Δντὶ
1018 4272 1133 4331 τοῦ.
1182 4274 1283 4327 Διά
1328 4277 1427 4331 τὴν
1460 4294 1492 4330 σ
1535 4296 1637 4331 οκα
1664 4280 1731 4331 ἢν
1755 4281 1983 4331 ἀνέλαϐε
2014 4300 2145 4331 συγ-

570 4268 776 4323 αὺτοῦ.
823 4270 967 4323 ’Δντὶ
1018 4272 1133 4339 τοῦ,
1182 4274 1283 4327 Διά
1328 4277 1427 4349 τὴν
1460 4268 1637 4349 σάρκα
1664 4280 1731 4351 ἢν
1755 4281 1983 4335 ἀνέλαϐε
2014 4300 2145 4352 συγ-

572 4362 747 4427 γενεῖς
780 4362 944 4416 αὑτοῦ
980 4366 1163 4434 ἐσμεν.
1207 4367 1446 4438 Ἐχομεν
1476 4365 1570 4423 οὖν
1597 4371 1658 4424 τὸ
1690 4371 1942 4443 ἐνέχυρον
1978 4376 2143 4430 αὐτοῦ

572 4451 705 4517 ἀνω,
734 4454 900 4523 ήγουν
924 4456 986 4508 τὸ
1026 4458 1206 4526 σῶμα,
1254 4459 1283 4511 ὃ
1329 4460 1387 4524 ἐξ
1435 4463 1593 4531 ήμῶν
1631 4466 2019 4536 προσελάϐετο,
2050 4470 2145 4523 καὶ

571 4542 724 4597 κάτω
756 4545 816 4598 τὸ
850 4546 1002 4615 ἅγιον
1032 4549 1257 4621 Πνεῦμα
1293 4552 1410 4622 μεθ’
1441 4556 1471 4624 ἡ
1483 4553 1617 4623 μῶν.
1667 4557 1779 4609 Καὶ
1802 4557 1901 4627 ὅρα
1927 4560 1985 4611 τὸ
2011 4559 2143 4614 θαυ-

575 4637 800 4705 μαστόν·
834 4639 895 4692 οὐ
927 4639 1071 4709 λέγω
1090 4644 1176 4719 δτι
1199 4645 1261 4697 τὸ
1296 4645 1516 4715 Πνεῦμα
1548 4648 1756 4718 κατέϐη
1797 4649 1854 4716 ἐξ
1890 4652 2141 4723 οὐρανοῦ,

571 4729 666 4781 καὶ
694 4729 794 4782 οὐκ
823 4729 901 4783 ἔτι
924 4734 1070 4785 ἐστὶν
1098 4735 1155 4786 ἐν
1184 4734 1261 4804 τῷ
1297 4736 1531 4807 οὐρανῷ,
1572 4738 1665 4791 καὶ
1694 4741 2064 4813 ἀντηλλάξατο
2084 4746 2144 4798 τὸ

574 4820 673 4891 μὲν
714 4821 873 4891 σῶμα
899 4824 989 4876 τὸν
1018 4825 1268 4896 οὐρανὸν,
1310 4828 1369 4881 τὸ
1396 4828 1449 4882 δὲ
1479 4830 1703 4903 Πνεῦμα
1729 4834 1829 4903 τὴν
1858 4836 1980 4905 γῆν,
2007 4837 2142 4891 ἀλλά

569 4911 666 4965 καὶ
694 4913 813 4982 μεθ’
842 4914 999 4985 ήμῶν
1036 4916 1096 4969 τὸ
1118 4917 1365 4987 Πνεῦμα,
1393 4922 1486 4973 καὶ
1518 4924 1814 4992 πανταχοῦ,
1853 4927 1946 4978 καὶ
1989 4927 2101 4980 ἄνω
2124 4945 2137 4959 ·

573 5005 697 5059 Ποῦ
723 5006 851 5076 γάρ,
872 5008 1023 5078 φησὶ,
1044 5010 1312 5077 πορευθῶ
1340 5012 1459 5065 ἀπὸ
1490 5014 1595 5067 τοῦ
1623 5018 1964 5085 Πνεύματός
1992 5036 2142 5085 σου;

573 5095 684 5147 Καὶ
712 5095 762 5147 τί
802 5096 1120 5166 θαυμάζεις,
1161 5103 1209 5152 εἰ
1241 5100 1300 5152 τὸ
1331 5102 1557 5172 Πνεῦμα
1605 5106 1697 5158 καὶ
1724 5108 1840 5175 μεθ’
1874 5109 2028 5178 ἡμῶν
2048 5114 2143 5165 καὶ

573 5185 705 5250 ἄνω,
732 5192 823 5239 καί¹
848 5187 907 5240 τὸ
936 5189 1092 5258 σῶμα
1125 5192 1362 5261 Χριστοῦ
1388 5194 1482 5247 καὶ
1515 5195 1627 5248 ἀνω
1664 5198 1756 5251 καὶ
1794 5199 1913 5269 μεθ’
1943 5203 2097 5271 ήμῶν
2124 5224 2137 5271 ;

578 5277 773 5347 Ἔσχεν
801 5281 828 5331 ὁ
854 5280 1079 5351 οὐρανὸς
1105 5284 1165 5337 τὸ
1188 5284 1339 5353 ἅγιον
1382 5288 1564 5359 σῶμα,
1600 5290 1819 5355 ἐδέξατο
1862 5293 1955 5345 καὶ
1993 5296 2025 5364 ή
2068 5296 2139 5366 γῆ

573 5368 633 5420 τὸ
655 5367 805 5441 [774]
834 5371 983 5437 ἆγιον
1010 5372 1253 5443 Πνεῦμα·
1290 5373 1452 5447 ἦλθεν
1488 5383 1516 5433 6
1548 5381 1783 5451 Χριστὸς
1822 5384 1917 5436 καὶ
1943 5385 2140 5454 ήνεγκε

572 5458 635 5510 τὸ
663 5460 813 5527 ἆγιον
847 5463 1089 5534 Πνεῦμα,
1132 5466 1329 5535 ἀνῆλθε
1364 5470 1457 5521 καὶ
1488 5472 1755 5541 ἀνήνεγκε
1782 5474 1843 5527 τὸ
1874 5476 2141 5549 ἡμέτερον

576 5552 753 5622 σῶμα.
792 5556 898 5608 Καὶ
947 5554 1015 5628 ἦν
1067 5560 1192 5612 ἰδεῖν
1215 5562 1311 5630 τὴν
1347 5563 1547 5615 ebcde
1566 5564 1657 5616 τοῦ
1716 5562 1887 5637 Ἀδάμ
1932 5569 2032 5639 τὴν
2084 5574 2141 5626 ἐν

572 5644 729 5715 τάφῳ
774 5653 1159 5723 κεχωσμένην,
1206 5656 1303 5707 οὐκ
1351 5655 1431 5708 ἔτι
1476 5658 1613 5725 μετά
1656 5658 1904 5727 ἀγγέλων
1956 5679 2142 5731 φαινοο

578 5738 764 5806 μένην.
818 5740 928 5793 ἀλλ’
966 5744 1216 5811 ὑπεράνω
1263 5746 1366 5798 τῶν
1413 5748 1656 5813 ἀγγέλου·
1710 5754 2133 5825 συγκαθημένην

575 5843 654 5899 τῳ
698 5830 834 5899 θεῷ,
898 5834 975 5887 ἵνα
1018 5837 1101 5889 κεῆ
1147 5840 1287 5906 ημᾶς
1347 5838 1646 5910 τικέιοθίεη
1702 5848 1811 5908 με’
1866 5848 2023 5901 ρίτης
2086 5854 2143 5897 ‘0

1254 336 1317 393 ὃ.
1354 334 1640 392 JOANNIS
1674 329 2166 390 CIlRYSOSTOMl
2207 329 2520 387 ARCHIEP.
2564 332 3113 391 CONSTANTINOP.

3714 331 3819 389 700

2240 443 2340 512 τῆς
2369 445 2605 517 φοϐερᾶς
2636 449 2731 501 καὶ
2767 447 2926 519 ξένης
2955 447 3297 519 οίκονομίαςί
3342 444 3388 497 ὣ
3429 439 3523 498 τοῦ
3576 444 3817 515 μεγάλου

2243 534 2505 605 βασιλέως
2529 538 2623 591 τοῦ
2654 538 2720 592 τά
2744 540 2921 595 πάντα
2949 540 3208 610 μεγάλου,
3241 537 3335 592 τοῦ
3366 536 3541 601 οὕτως
3575 537 3815 607 μεγάλου

2241 628 2332 680 καὶ
2354 627 2701 700 θαυμαστοῦί
2738 634 2849 685 Καὶ
2886 633 2961 696 ὼς
2988 629 3139 686 εἶπεν
3172 634 3201 685 6
3229 634 3533 703 προφήτης·
3572 633 3749 699 Κύριε
3780 632 3819 684 ὁ

2241 720 2456 786 Κύριος
2483 722 2650 790 ἡμῶν
2672 765 2687 787 ,
2736 725 2816 790 ὡς
2852 725 3201 793 θαυμαστὸν
3240 725 3304 777 τὸ
3360 722 3549 791 ὄνομά
3597 738 3714 775 σου
3748 721 3820 775 ἐν

2242 810 2411 879 πάσῃ
2443 812 2517 881 τῇ
2544 813 2641 882 γῇ,
2692 814 2780 867 ὅτι
2832 814 3061 884 ἐπήρθη
3103 817 3141 883 η
3182 812 3668 884 μεγαλοπρέπεια
3699 828 3820 865 σου

2240 902 2521 970 ὑπεράνω
2553 903 2672 957 τῶν
2699 905 3010 975 οὐρανῶν]
3057 906 3301 977 Ἐπήρθη
3342 908 3374 977 ή
3403 905 3593 976 θεότης
3612 922 3625 936 ·
3656 905 3821 958 αὺτο-

2244 992 2387 1061 λεξεὶ
2407 998 2601 1049 κεῖται·
2620 997 2977 1051 Βλεπόντων
2998 997 3195 1053 αὐτῶν
3215 997 3468 1066 ἐπήρθη,
3499 998 3527 1049 6
3546 997 3615 1048 τά
3640 994 3821 1047 πάντα

2248 1085 2441 1154 μέγας,
2476 1085 2649 1153 μέγας
2682 1088 2711 1139 6
2736 1086 2888 1151 Θεὸς,
2935 1088 3109 1157 μέγας
3141 1090 3168 1141 ὁ
3196 1086 3401 1157 Κύριος
3429 1104 3442 1116 ·
3474 1085 3674 1154 Μέγας
3707 1084 3823 1137 Κύ-

2239 1194 2373 1245 ριος
2401 1177 2501 1230 καὶ
2533 1178 2770 1244 αὶνετὸς
2816 1179 3074 1248 σφόδρα.
3122 1180 3185 1232 Εἰ
3233 1178 3290 1231 δέ
3336 1178 3510 1245 μέγας
3550 1174 3682 1237 Θεὸς
3724 1174 3823 1226 καὶ

2246 1268 2421 1333 μέγας
2441 1265 2667 1337 Κύριος,
2699 1267 2873 1337 μέγας
2899 1269 2994 1321 καὶ
3017 1267 3285 1339 βασιλεύς·
3310 1265 3611 1329 Βασιλεὺς
3629 1264 3822 1333 μέγας

2238 1358 2339 1411 ἐπὶ
2368 1359 2577 1414 πᾶσαν
2602 1360 2720 1428 τὴν
2740 1358 2877 1428 γῆν.
2922 1362 3061 1429 Ὅρη
3093 1359 3265 1423 Σιὼν,
3317 1359 3392 1412 τὰ
3447 1355 3679 1425 πλευρὰ
3712 1356 3820 1409 τοῦ

2235 1450 2452 1519 βορῤᾶ,
2500 1452 2538 1519 ἡ
2573 1452 2750 1519 πόλις
2780 1452 2888 1505 τοῦ
2915 1451 3225 1516 βασιλέως
3261 1450 3368 1503 τοῦ
3392 1448 3682 1518 μεγάλου.
3710 1446 3821 1501 Mi-

2243 1556 2347 1608 γας
2376 1542 2684 1613 προφήτης,
2718 1541 2891 1613 μέγας
2936 1543 3133 1614 ίερεὺς,
3191 1542 3334 1613 μέγα
3360 1542 3497 1607 φῶς,
3534 1539 3603 1592 τά
3644 1540 3825 1593 πάντα

2248 1628 2443 1698 μέγας.
2492 1629 2603 1683 Καὶ
2651 1630 2740 1684 ἀεὶ
2788 1633 2823 1702 ή
2860 1631 3049 1701 Γραφὴ
3101 1631 3238 1700 μετά
3288 1629 3607 1700 προσθήκης
3658 1627 3825 1680 αὐτὸν

2244 1718 2393 1787 λέγει
2425 1721 2737 1791 μέγαν,.ὠς
2775 1722 2902 1775 ὅταν
2954 1721 3089 1794 λέγῃ
3137 1720 3367 1784 Παῦλος·
3408 1718 3519 1773 Τοῦ
3552 1717 3825 1787 μεγάλου

2246 1808 2395 1861 Θεοῦ
2427 1809 2525 1862 καί
2560 1808 2835 1878 Σωτῆρος
2867 1808 3038 1878 ήμῶν
3079 1808 3283 1877 Ἰησοῦ
3323 1807 3601 1874 Χριστοῦ·
3633 1806 3707 1869 ὡς
3727 1806 3829 1858 καὶ

2244 1899 2408 1954 Δαυτδ
2444 1890 2613 1970 λέγει·
2646 1903 2846 1971 Μέγας
2884 1904 3097 1969 Κύριος
3142 1901 3241 1954 καὶ
3280 1898 3516 1963 αινετὸς
3563 1896 3825 1966 σφόδρα.

2247 1992 2437 2061 Μέγας
2486 1992 2773 2061 βασιλεὺς,
2810 1992 2983 2063 μέγας
3018 1993 3325 2063 προφήτης·
3361 1991 3449 2043 ὅτε
3494 1989 3602 2058 γὰρ
3648 1988 3827 2041 ἐποίει

2246 2084 2313 2138 τὰ
2345 2085 2600 2156 θαύματα
2628 2086 2658 2139 6
2695 2084 2932 2155 Ἰησοῦς,
2983 2084 3167 2151 ἔλεγον
3193 2084 3241 2135 οί
3269 2081 3438 2151 ὄχλοι,
3464 2081 3594 2133 Ὅτι
3635 2080 3830 2149 μέγας

2211 2183 2219 2190 ’
2245 2179 2557 2248 προφήτης
2580 2178 2891 2248 ἐγήγερται
2916 2178 2987 2230 ἐν
3010 2176 3175 2246 ἡμῖν,
3206 2175 3305 2229 καὶ
3332 2175 3421 2228 ὅτι
3442 2174 3831 2240 ἐπεσκέψατο

2244 2272 2277 2323 ό
2305 2271 2448 2334 Θεὸς
2495 2269 2602 2324 τὸν
2644 2270 2802 2324 λαὸν
2829 2268 3035 2324 αὐτοῦ.
3068 2269 3145 2320 Οὐ
3195 2266 3353 2338 μόνον
3395 2265 3505 2335 γὰρ
3552 2264 3693 2317 κατὰ
3726 2264 3829 2332 τὴν

2247 2360 2477 2432 θεότητα
2530 2363 2723 2433 μέγας,
2759 2361 2895 2416 άλλά
2929 2362 3023 2415 καὶ
3060 2360 3203 2413 κατὰ
3234 2358 3333 2429 τὴν
3385 2358 3564 2428 σάρκα
3594 2375 3604 2385 ·
3638 2355 3831 2426 ὥσπερ

2248 2453 2355 2525 γὰρ
2387 2452 2519 2518 Θεὸς
2556 2453 2729 2523 μέγας
2753 2494 2767 2518 ,
2800 2452 2894 2505 καὶ
2932 2450 3135 2521 Κύριος
3192 2448 3386 2519 μέγας,
3428 2446 3522 2501 καὶ
3573 2446 3831 2517 βασιλεὺς

2254 2543 2425 2609 μέγας
2455 2542 2595 2595 κατά
2629 2541 2729 2611 τὴν
2784 2540 3047 2610 θεότητα·
3102 2538 3246 2591 οὕτω
3296 2536 3459 2590 πάλιν
3511 2537 3607 2588 καὶ
3648 2536 3832 2604 ἱερεὺς

2250 2632 2445 2703 μέγας,
2499 2636 2595 2685 καὶ
2628 2633 2914 2703 προφήτης
2960 2630 3151 2700 μέγας.
3199 2627 3370 2682 Πόθεν
3420 2626 3612 2691 τοῦτο;
3664 2627 3831 2693 Λέγει

2246 2722 2479 2786 Παῦλος·
2506 2724 2789 2792 Ἔχοντες
2808 2718 2923 2777 οὖν
2937 2722 3212 2791 ἀρχιερέα
3223 2721 3413 2790 μέγαν
3428 2720 3833 2786 διεληλυθότα

2246 2813 2390 2880 τοὺς
2419 2814 2715 2882 οὐρανοὺς
2750 2814 2985 2882 Ἰησοῦν
3020 2814 3125 2867 τὸν
3162 2813 3297 2867 Υἱὸν
3337 2812 3443 2865 τοῦ
3467 2811 3616 2865 Θεοῦ
3640 2851 3656 2875 ,
3687 2828 3833 2877 κριιο

2248 2904 2470 2973 τοῦμεν
2488 2902 2599 2973 τῆς
2621 2905 2946 2974 ὁμολογίας
2972 2901 3159 2972 ἡμῶν.
3180 2900 3318 2955 Εἰδέ
3339 2899 3634 2969 ἀρχιερεὺς
3654 2898 3831 2966 μέγας

2247 2999 2341 3053 καὶ
2374 3002 2661 3069 προφήτης
2691 2998 2885 3067 μέγας,
2918 2996 3089 3059 ὅντως
3124 2992 3469 3062 ἐπεσκέψατο
3506 2992 3534 3044 6
3562 2990 3697 3052 Θεὸς
3736 2989 3831 3043 τὸν

2244 3089 2372 3143 λαὸν
2404 3089 2592 3151 αὑτοῦ,
2649 3090 2743 3141 καὶ
2786 3088 3051 3157 ἀνέστησε
3100 3086 3389 3156 προφήτην
3434 3082 3607 3153 μέγαν
3641 3083 3699 3133 ἐν
3749 3079 3833 3150 τῷ

2260 3180 2491 3253 Ἰσραήλ.
2523 3180 2586 3232 El
2615 3178 2673 3232 δὲ
2700 3178 2872 3249 μέγας
2899 3176 3204 3247 προφήτης,
3237 3175 3410 3245 μέγας
3432 3171 3631 3242 ἱερεὺς,
3653 3170 3831 3240 μέγας

2251 3272 2524 3343 βασιλεὺς,
2562 3273 2655 3324 καὶ
2686 3270 2802 3340 φῶς
2848 3270 3009 3339 μέγα·
3046 3267 3345 3321 Γαλιλαία
3386 3264 3506 3317 τῶν
3547 3260 3760 3326 ἐθνῶν,
3795 3263 3831 3315 ὀ

2247 3366 2399 3431 λαὸς
2422 3369 2453 3419 ὀ
2477 3365 2812 3435 καθήμενος
2840 3365 2910 3417 ἐν
2946 3366 3153 3417 σκότει
3178 3357 3301 3415 εἶδε
3336 3358 3460 3429 φῶς
3489 3359 3666 3429 μέγα·
3692 3357 3833 3411 ἀλλὰ

2250 3458 2344 3512 καὶ
2376 3461 2409 3527 ἠ
2443 3458 2627 3529 ήμέρα
2656 3456 2821 3511 αὐτοῦ
2850 3458 2883 3525 ή
2916 3455 3149 3527 μεγάλη,
3180 3454 3256 3517 ὡς
3288 3452 3435 3521 λέγει
3460 3453 3487 3505 6
3508 3452 3826 3520 προφήτης·

2249 3548 2398 3619 Πρὶν
2429 3547 2627 3603 ἐλθεῖν
2656 3548 2770 3615 τὴν
2790 3546 3019 3616 ἡμέραν
3047 3547 3270 3615 Κυρίου
3297 3545 3413 3614 τὴν
3435 3543 3709 3614 μεγάλην
3731 3540 3832 3595 καὶ

2250 3639 2534 3711 ἐπιφανῆ.
2581 3638 2867 3709 Πανταχοῦ
2906 3639 3080 3710 μέγαν
3109 3640 3344 3702 ἀκούων,
3381 3636 3474 3691 καὶ
3519 3635 3730 3707 μεγάλα
3762 3633 3835 3695 τὰ

2252 3733 2390 3805 ἔργα
2420 3732 2624 3804 Κυρίου
2646 3770 2660 3793 ,
2716 3730 2879 3784 πόθεν
2923 3730 3125 3801 ἐπῆλθέ
3156 3747 3239 3782 σοι
3276 3727 3515 3799 σχίζειν,
3549 3725 3793 3797 αἱρετικέ
3815 3765 3830 3783 .

2252 3826 2347 3879 καὶ
2376 3824 2696 3895 σμικρύνειν
2734 3823 2823 3877 τὸν
2866 3822 3076 3893 μέγαν;
3112 3822 3367 3893 Ἐχωμεν
3405 3818 3497 3875 οὖν
3534 3820 3833 3893 ἀρραϐῶνα

2250 3917 2356 3988 τῆς
2376 3916 2519 3986 ζωῆς
2546 3915 2704 3985 ἡμῶν
2729 3914 2798 3969 ἐν’
2818 3913 3054 3985 οὐρανῷ,
3084 3913 3569 3985 συνανελήφθημεν
3589 3912 3667 3981 τῷ
3694 3910 3737 3963 Χ
3748 3929 3832 3983 ριο

2252 4009 2383 4079 στῷ.
2425 4008 2594 4061 Πάλιν
2635 4001 2729 4060 οὖν
2762 4005 3125 4077 ἀρπαζόμεθα
3157 4007 3216 4057 ἐν
3249 4004 3523 4072 νεφέλαις,
3551 4002 3646 4057 ἐάν
3677 3997 3832 4073 ὦμεν

2250 4102 2391 4167 ἄξιοι
2421 4102 2515 4154 ἐπὶ
2537 4100 2778 4169 νεφελῶν
2804 4098 3141 4167 ἀπαντῆσαι.
3175 4097 3465 4161 ’Υπόδικος
3490 4096 3589 4149 οὐκ
3615 4096 3835 4164 ἀπαντᾷ

2247 4196 2501 4265 δικαστῇ,
2529 4191 2665 4246 ἀλλά
2694 4192 2943 4261 φαίνεται
2976 4192 3073 4261 μὲν
3100 4189 3248 4260 αὐτῷ
3274 4189 3701 4260 παριστάμενος,
3733 4186 3835 4240 οὐκ

2250 4285 2472 4354 ἀπαντᾷ
2496 4283 2574 4348 δὲ,
2591 4282 2665 4345 ὡς
2695 4280 3145 4352 ἀπαρρησίαστος
3166 4279 3260 4334 ὧν.
3289 4278 3591 4349 Εὑξώμεθα
3620 4273 3714 4331 οὖν
3739 4278 3837 4331 καὶ

2251 4379 2413 4449 ἡμεῖς
2445 4376 2704 4440 ἅπαντες,
2735 4372 3036 4444 ἀγαπητοὶ,
3069 4374 3156 4426 ἵνα
3193 4372 3301 4425 τῶν
3332 4369 3697 4425 ἀπαντώντων
3727 4366 3837 4422 κᾶν

2250 4471 2307 4522 ἐν
2336 4468 2507 4539 μικρᾷ
2534 4464 2687 4531 τάξει
2713 4463 2985 4535 τύχωμεν.
3014 4464 3225 4536 Ὠσπερ
3260 4461 3370 4534 γὰρ
3395 4464 3443 4516 οἱ
3480 4459 3835 4524 ἀπαντῶντες

2256 4559 2487 4630 βασιλεῖ,
2528 4556 2631 4611 κᾶν
2663 4556 2737 4627 μή
2772 4556 2969 4618 πάντες
3019 4549 3155 4609 ὦσιν
3207 4554 3491 4625 ὁμότιμοι,
3531 4552 3644 4605 ἀλλ’
3679 4553 3836 4621 ὅμως

2251 4650 2574 4721 τετίμηνται
2602 4648 2733 4719 παρ’
2772 4646 2956 4700 αὐτοῦ·
2992 4645 3165 4709 οὕτως
3195 4644 3349 4697 ἐσται
3392 4642 3489 4695 καὶ
3521 4640 3667 4694 τότε.
3694 4639 3837 4693 Οὐδὲ

2249 4744 2359 4816 γάρ
2377 4743 2579 4804 πάντες
2596 4739 2799 4811 ὁμοίως
2821 4736 3573 4798 ἐπολιτεύσαντο.”Εκαστος
3596 4731 3705 4802 γὰρ
3723 4730 3836 4784 τὸν

2253 4837 2409 4891 ἴδιον
2428 4833 2654 4905 μισθὸν
2688 4831 2951 4901 λήψεται
2984 4831 3136 4884 κατὰ
3159 4828 3267 4882 τὸν
3297 4826 3453 4881 τδιον
3475 4827 3685 4880 κόπον.
3705 4825 3836 4895 Μη-

2251 4930 2448 4985 δέποτε
2480 4926 2661 4979 τοίνυν
2685 4923 2981 4979 κωλυέσθω
2999 4922 3159 4990 λόγος
3188 4920 3345 4985 Θεοῦ,
3370 4918 3509 4971 ἀλλὰ
3535 4918 3674 4989 μετά
3694 4918 3833 4987 ἀλη-

2251 5020 2402 5081 θείας
2446 5014 2959 5087 παρρησιαζώμεθα
2994 5014 3235 5075 ἀπαντες
3280 5013 3337 5064 ἐν
3376 5009 3566 5081 ἀγάπῃ
3596 5009 3834 5080 Χριστοῦ

2249 5111 2375 5163 λαὸν
2391 5108 2544 5182 [775]
2566 5107 2875 5179 τρέφοντες,
2898 5104 3078 5175 ψυχὰς
3099 5102 3437 5174 ἀρδεύοντες,
3462 5102 3662 5172 ψυχαῖς
3681 5119 3836 5172 μερι-

2251 5202 2490 5271 ζόμενοι,
2516 5199 2637 5260 ταῖς
2662 5198 2717 5250 δὲ
2742 5196 3021 5256 ὑπονοίαις
3045 5193 3118 5264 μὴ
3148 5192 3479 5263 σχιζόμενοι.
3523 5192 3581 5246 '0
3602 5193 3834 5263 εἰρήνης

2251 5292 2442 5362 ἐχθρὸς
2464 5291 2577 5359 ἔχει
2605 5289 2696 5342 τὸν
2730 5286 3038 5353 δικάζοντα.
3075 5288 3184 5339 Καὶ
3218 5284 3427 5354 ἐπειδὴ,
3461 5283 3701 5351 ἀδελφοὶ,
3731 5286 3833 5337 άν-

2250 5384 2502 5456 θρώπους
2532 5384 2633 5453 μὲν
2662 5382 2944 5453 πείθομεν,
2993 5379 3113 5449 Θεῷ
3150 5379 3205 5432 δὲ
3258 5377 3696 5447 πεφανερώμεθα
3726 5373 3835 5429 οἷοί

2248 5481 2435 5547 ἐσμεν,
2472 5477 2683 5546 μάρτυς
2716 5475 2744 5525 6
2771 5474 2880 5526 τῶν
2915 5472 3131 5525 ἐννοιῶν
3157 5472 3421 5539 ἐπόπτης,
3457 5468 3516 5529 ὃς
3537 5470 3835 5537 ἀπαιτήσει

2247 5573 2408 5639 λόγον
2448 5570 2625 5623 πάντα
2663 5568 2753 5621 τὸν
2782 5567 3049 5622 λαλοῦντα
3083 5566 3143 5619 τὸ
3179 5564 3409 5634 ψεῦδος,
3455 5564 3531 5628 ὡς
3574 5564 3831 5615 οὐδέποτε

2252 5666 2435 5736 ἐχθροὶ
2463 5664 2685 5733 εἰρήνης
2718 5660 2841 5715 οὔτε
2875 5660 3237 5731 ἠθελήσαμεν,
3263 5658 3385 5711 οὔτε
3420 5658 3649 5726 θέλομεν
3674 5658 3831 5723 γενέ-

2253 5758 2391 5810 σθαι.
2462 5756 2586 5808 Ἐὰν
2634 5755 2742 5821 γὰρ
2786 5754 2884 5821 τὴν
2942 5753 3163 5821 εἰρήνην
3216 5751 3605 5820 ἀπολέσωμεν,
3642 5749 3831 5819 ἐχθροί

2260 5858 2417 5915 imm
2488 5852 2710 5905 txzivmv
2760 5850 2864 5903 ταῖςν
2928 5851 3274 5903 ὁντρ·)σάνῖειιι
3336 5847 3475 5915 παρὰ
3544 5847 3817 5913 Χριστοῦ·
