  <div class='ocr_page' id='page_1' title='image "/cluster/home/n/w/nwhite01/storage/ocr_20150623/52/ien.35556001660794/408.png"; bbox 0 0 4098 6442; ppageno 0'>
   <div class='ocr_carea' id='block_1_1' title="bbox 275 335 389 395">
    <p class='ocr_par' dir='ltr' id='par_1_1' title="bbox 275 335 389 395">
     <span class='ocr_line' id='line_1_1' title="bbox 275 335 389 395; baseline -0.009 0"><span class='ocrx_word' id='word_1_1' title='bbox 275 335 389 395; x_wconf 79' lang='lat'><strong>789</strong></span> 
     </span>
    </p>
   </div>
   <div class='ocr_carea' id='block_1_2' title="bbox 275 452 1869 532">
    <p class='ocr_par' dir='ltr' id='par_1_2' title="bbox 275 452 1869 532">
     <span class='ocr_line' id='line_1_2' title="bbox 275 452 1869 532; baseline -0.003 -14"><span class='ocrx_word' id='word_1_2' title='bbox 275 464 436 518; x_wconf 67' lang='lat' dir='ltr'><strong>tollite</strong></span> <span class='ocrx_word' id='word_1_3' title='bbox 457 474 632 532; x_wconf 76' lang='lat' dir='ltr'><strong>portas</strong></span> <span class='ocrx_word' id='word_1_4' title='bbox 654 505 670 528; x_wconf 90' lang='lat'><strong>,</strong></span> <span class='ocrx_word' id='word_1_5' title='bbox 714 466 964 532; x_wconf 74' lang='lat' dir='ltr'><strong>principes</strong></span> <span class='ocrx_word' id='word_1_6' title='bbox 985 507 999 528; x_wconf 92' lang='lat'><strong>,</strong></span> <span class='ocrx_word' id='word_1_7' title='bbox 1029 452 1216 517; x_wconf 64' lang='lat' dir='ltr'><strong>vestt&#39;as</strong></span> <span class='ocrx_word' id='word_1_8' title='bbox 1236 506 1250 529; x_wconf 97' lang='lat'><strong>,</strong></span> <span class='ocrx_word' id='word_1_9' title='bbox 1295 473 1338 516; x_wconf 87' lang='lat' dir='ltr'><strong>et</strong></span> <span class='ocrx_word' id='word_1_10' title='bbox 1363 463 1625 516; x_wconf 80' lang='lat' dir='ltr'><strong>elcvamini</strong></span> <span class='ocrx_word' id='word_1_11' title='bbox 1650 503 1667 529; x_wconf 87' lang='lat'><strong>,</strong></span> <span class='ocrx_word' id='word_1_12' title='bbox 1709 470 1869 529; x_wconf 63' lang='lat' dir='ltr'><strong>parte</strong></span> 
     </span>
    </p>
   </div>
   <div class='ocr_carea' id='block_1_3' title="bbox 276 552 1868 627">
    <p class='ocr_par' dir='ltr' id='par_1_3' title="bbox 276 552 1868 627">
     <span class='ocr_line' id='line_1_3' title="bbox 276 552 1868 627; baseline -0.001 -18"><span class='ocrx_word' id='word_1_13' title='bbox 276 557 543 611; x_wconf 78' lang='lat' dir='ltr'><strong>a&#39;ternales</strong></span> <span class='ocrx_word' id='word_1_14' title='bbox 562 598 578 620; x_wconf 95' lang='lat'><strong>,</strong></span> <span class='ocrx_word' id='word_1_15' title='bbox 610 568 660 624; x_wconf 71' lang='lat' dir='ltr'><strong>et</strong></span> <span class='ocrx_word' id='word_1_16' title='bbox 680 558 900 611; x_wconf 74' lang='lat' dir='ltr'><strong>introibit</strong></span> <span class='ocrx_word' id='word_1_17' title='bbox 927 557 1034 610; x_wconf 75' lang='lat' dir='ltr'><strong>Rea:</strong></span> <span class='ocrx_word' id='word_1_18' title='bbox 1066 557 1242 626; x_wconf 59' lang='lat' dir='ltr'><strong>glorise</strong></span> <span class='ocrx_word' id='word_1_19' title='bbox 1274 554 1444 627; x_wconf 86' lang='lat' dir='ltr'><strong>(Psal.</strong></span> <span class='ocrx_word' id='word_1_20' title='bbox 1469 557 1557 610; x_wconf 74' lang='lat'><strong>‘25.</strong></span> <span class='ocrx_word' id='word_1_21' title='bbox 1587 557 1636 608; x_wconf 88' lang='lat'><strong>7.</strong></span> <span class='ocrx_word' id='word_1_22' title='bbox 1666 557 1742 625; x_wconf 84' lang='lat'><strong>8).</strong></span> <span class='ocrx_word' id='word_1_23' title='bbox 1773 552 1868 608; x_wconf 86' lang='lat' dir='ltr'><strong>In-</strong></span> 
     </span>
    </p>
   </div>
   <div class='ocr_carea' id='block_1_4' title="bbox 278 647 1870 717">
    <p class='ocr_par' dir='ltr' id='par_1_4' title="bbox 278 647 1870 717">
     <span class='ocr_line' id='line_1_4' title="bbox 278 647 1870 717; baseline -0.001 -18"><span class='ocrx_word' id='word_1_24' title='bbox 278 649 448 700; x_wconf 81' lang='lat' dir='ltr'><strong>troibit</strong></span> <span class='ocrx_word' id='word_1_25' title='bbox 476 663 496 701; x_wconf 92' lang='lat'><strong><em>:</em></strong></span> <span class='ocrx_word' id='word_1_26' title='bbox 539 647 660 700; x_wconf 85' lang='lat' dir='ltr'><strong>Non</strong></span> <span class='ocrx_word' id='word_1_27' title='bbox 704 650 838 701; x_wconf 84' lang='lat' dir='ltr'><strong>enim</strong></span> <span class='ocrx_word' id='word_1_28' title='bbox 880 651 932 701; x_wconf 86' lang='lat' dir='ltr'><strong>in</strong></span> <span class='ocrx_word' id='word_1_29' title='bbox 967 651 1259 717; x_wconf 81' lang='lat' dir='ltr'><strong>manufucta</strong></span> <span class='ocrx_word' id='word_1_30' title='bbox 1297 657 1474 700; x_wconf 77' lang='lat' dir='ltr'><strong>sancta</strong></span> <span class='ocrx_word' id='word_1_31' title='bbox 1519 650 1772 716; x_wconf 82' lang='lat' dir='ltr'><strong>ingressus</strong></span> <span class='ocrx_word' id='word_1_32' title='bbox 1800 655 1870 700; x_wconf 85' lang='lat' dir='ltr'><strong>est</strong></span> 
     </span>
    </p>
   </div>
   <div class='ocr_carea' id='block_1_5' title="bbox 275 740 1872 812">
    <p class='ocr_par' dir='ltr' id='par_1_5' title="bbox 275 740 1872 812">
     <span class='ocr_line' id='line_1_5' title="bbox 275 740 1872 812; baseline 0.003 -20"><span class='ocrx_word' id='word_1_33' title='bbox 275 740 466 802; x_wconf 76' lang='lat' dir='ltr'><strong>Iesu;</strong></span> <span class='ocrx_word' id='word_1_34' title='bbox 494 743 582 795; x_wconf 88' lang='lat' dir='ltr'><strong>sed</strong></span> <span class='ocrx_word' id='word_1_35' title='bbox 610 742 664 794; x_wconf 87' lang='lat' dir='ltr'><strong>in</strong></span> <span class='ocrx_word' id='word_1_36' title='bbox 698 744 865 810; x_wconf 88' lang='lat' dir='ltr'><strong>ipsum</strong></span> <span class='ocrx_word' id='word_1_37' title='bbox 892 741 1072 796; x_wconf 70' lang='lat' dir='ltr'><strong>uelum</strong></span> <span class='ocrx_word' id='word_1_38' title='bbox 1121 741 1305 812; x_wconf 85' lang='lat' dir='ltr'><strong>(Hebr.</strong></span> <span class='ocrx_word' id='word_1_39' title='bbox 1336 743 1388 797; x_wconf 89' lang='lat'><strong>9.</strong></span> <span class='ocrx_word' id='word_1_40' title='bbox 1415 743 1508 808; x_wconf 68' lang='grc'><strong>24)</strong></span> <span class='ocrx_word' id='word_1_41' title='bbox 1548 743 1872 810; x_wconf 73' lang='lat' dir='ltr'><strong>ingredietur</strong></span> 
     </span>
    </p>
   </div>
   <div class='ocr_carea' id='block_1_6' title="bbox 275 832 1868 902">
    <p class='ocr_par' dir='ltr' id='par_1_6' title="bbox 275 832 1868 902">
     <span class='ocr_line' id='line_1_6' title="bbox 275 832 1868 902; baseline 0 -16"><span class='ocrx_word' id='word_1_42' title='bbox 275 832 388 886; x_wconf 80' lang='lat' dir='ltr'><strong>Rex</strong></span> <span class='ocrx_word' id='word_1_43' title='bbox 414 832 620 902; x_wconf 68' lang='lat' dir='ltr'><strong>glorias.</strong></span> <span class='ocrx_word' id='word_1_44' title='bbox 670 833 788 888; x_wconf 86' lang='lat' dir='ltr'><strong>Duo</strong></span> <span class='ocrx_word' id='word_1_45' title='bbox 812 833 1026 888; x_wconf 86' lang='lat' dir='ltr'><strong>demum</strong></span> <span class='ocrx_word' id='word_1_46' title='bbox 1064 832 1199 886; x_wconf 85' lang='lat' dir='ltr'><strong>facta</strong></span> <span class='ocrx_word' id='word_1_47' title='bbox 1225 843 1349 886; x_wconf 91' lang='lat' dir='ltr'><strong>sunt</strong></span> <span class='ocrx_word' id='word_1_48' title='bbox 1381 852 1392 886; x_wconf 76' lang='grc' dir='ltr'><strong>ε</strong></span> <span class='ocrx_word' id='word_1_49' title='bbox 1423 833 1868 901; x_wconf 87' lang='lat' dir='ltr'><strong>quemadmodum</strong></span> 
     </span>
    </p>
   </div>
   <div class='ocr_carea' id='block_1_7' title="bbox 273 923 1872 995">
    <p class='ocr_par' dir='ltr' id='par_1_7' title="bbox 273 923 1872 995">
     <span class='ocr_line' id='line_1_7' title="bbox 273 923 1872 995; baseline 0.001 -17"><span class='ocrx_word' id='word_1_50' title='bbox 273 926 418 978; x_wconf 84' lang='lat' dir='ltr'><strong>enim</strong></span> <span class='ocrx_word' id='word_1_51' title='bbox 470 925 742 995; x_wconf 86' lang='lat' dir='ltr'><strong>obstupuit</strong></span> <span class='ocrx_word' id='word_1_52' title='bbox 773 934 911 980; x_wconf 88' lang='lat' dir='ltr'><strong>terra</strong></span> <span class='ocrx_word' id='word_1_53' title='bbox 948 940 1068 979; x_wconf 92' lang='lat' dir='ltr'><strong>eum</strong></span> <span class='ocrx_word' id='word_1_54' title='bbox 1112 924 1243 979; x_wconf 87' lang='lat' dir='ltr'><strong>vidit</strong></span> <span class='ocrx_word' id='word_1_55' title='bbox 1268 923 1606 979; x_wconf 86' lang='lat' dir='ltr'><strong>Servatorem</strong></span> <span class='ocrx_word' id='word_1_56' title='bbox 1645 939 1872 992; x_wconf 86' lang='lat' dir='ltr'><strong>corpore</strong></span> 
     </span>
    </p>
   </div>
   <div class='ocr_carea' id='block_1_8' title="bbox 276 1014 1873 1085">
    <p class='ocr_par' dir='ltr' id='par_1_8' title="bbox 276 1014 1873 1085">
     <span class='ocr_line' id='line_1_8' title="bbox 276 1014 1873 1085; baseline 0.001 -17"><span class='ocrx_word' id='word_1_57' title='bbox 276 1014 520 1070; x_wconf 88' lang='lat' dir='ltr'><strong>indutum</strong></span> <span class='ocrx_word' id='word_1_58' title='bbox 546 1033 560 1080; x_wconf 91' lang='lat'><strong>;</strong></span> <span class='ocrx_word' id='word_1_59' title='bbox 589 1025 644 1072; x_wconf 90' lang='lat' dir='ltr'><strong>et</strong></span> <span class='ocrx_word' id='word_1_60' title='bbox 680 1017 818 1071; x_wconf 91' lang='lat' dir='ltr'><strong>sicut</strong></span> <span class='ocrx_word' id='word_1_61' title='bbox 851 1033 971 1071; x_wconf 90' lang='lat' dir='ltr'><strong>cum</strong></span> <span class='ocrx_word' id='word_1_62' title='bbox 1004 1027 1319 1072; x_wconf 83' lang='lat' dir='ltr'><strong>extraneum</strong></span> <span class='ocrx_word' id='word_1_63' title='bbox 1347 1025 1400 1070; x_wconf 91' lang='lat' dir='ltr'><strong>et</strong></span> <span class='ocrx_word' id='word_1_64' title='bbox 1421 1017 1656 1084; x_wconf 86' lang='lat' dir='ltr'><strong>ignotum</strong></span> <span class='ocrx_word' id='word_1_65' title='bbox 1687 1031 1873 1085; x_wconf 88' lang='lat' dir='ltr'><strong>quem-</strong></span> 
     </span>
    </p>
   </div>
   <div class='ocr_carea' id='block_1_9' title="bbox 276 1104 1873 1174">
    <p class='ocr_par' dir='ltr' id='par_1_9' title="bbox 276 1104 1873 1174">
     <span class='ocr_line' id='line_1_9' title="bbox 276 1104 1873 1174; baseline 0.002 -17"><span class='ocrx_word' id='word_1_66' title='bbox 276 1104 418 1174; x_wconf 83' lang='lat' dir='ltr'><strong>piam</strong></span> <span class='ocrx_word' id='word_1_67' title='bbox 445 1105 688 1159; x_wconf 79' lang='lat' dir='ltr'><strong>videmus</strong></span> <span class='ocrx_word' id='word_1_68' title='bbox 707 1145 724 1172; x_wconf 95' lang='lat'><strong>,</strong></span> <span class='ocrx_word' id='word_1_69' title='bbox 761 1106 993 1160; x_wconf 84' lang='lat' dir='ltr'><strong>solemus</strong></span> <span class='ocrx_word' id='word_1_70' title='bbox 1017 1107 1213 1173; x_wconf 84' lang='lat' dir='ltr'><strong>dicere,</strong></span> <span class='ocrx_word' id='word_1_71' title='bbox 1245 1107 1372 1173; x_wconf 85' lang='lat' dir='ltr'><strong>Quis</strong></span> <span class='ocrx_word' id='word_1_72' title='bbox 1396 1106 1480 1160; x_wconf 89' lang='lat' dir='ltr'><strong>hic</strong></span> <span class='ocrx_word' id='word_1_73' title='bbox 1506 1106 1624 1160; x_wconf 89' lang='lat' dir='ltr'><strong>est?</strong></span> <span class='ocrx_word' id='word_1_74' title='bbox 1653 1106 1720 1160; x_wconf 87' lang='lat' dir='ltr'><strong>de</strong></span> <span class='ocrx_word' id='word_1_75' title='bbox 1746 1115 1873 1161; x_wconf 89' lang='lat' dir='ltr'><strong>nolo</strong></span> 
     </span>
    </p>
   </div>
   <div class='ocr_carea' id='block_1_10' title="bbox 283 1194 1871 1263">
    <p class='ocr_par' dir='ltr' id='par_1_10' title="bbox 283 1194 1871 1263">
     <span class='ocr_line' id='line_1_10' title="bbox 283 1194 1871 1263; baseline 0 -17"><span class='ocrx_word' id='word_1_76' title='bbox 283 1196 481 1263; x_wconf 81' lang='lat' dir='ltr'><strong>quippe</strong></span> <span class='ocrx_word' id='word_1_77' title='bbox 525 1211 685 1250; x_wconf 87' lang='lat' dir='ltr'><strong>nemo</strong></span> <span class='ocrx_word' id='word_1_78' title='bbox 731 1197 1074 1250; x_wconf 90' lang='lat' dir='ltr'><strong>sciscitatur:</strong></span> <span class='ocrx_word' id='word_1_79' title='bbox 1109 1198 1186 1250; x_wconf 92' lang='lat' dir='ltr'><strong>sic</strong></span> <span class='ocrx_word' id='word_1_80' title='bbox 1235 1198 1394 1250; x_wconf 87' lang='lat' dir='ltr'><strong>etiam</strong></span> <span class='ocrx_word' id='word_1_81' title='bbox 1437 1205 1578 1250; x_wconf 88' lang='lat' dir='ltr'><strong>terra</strong></span> <span class='ocrx_word' id='word_1_82' title='bbox 1617 1194 1871 1250; x_wconf 88' lang='lat' dir='ltr'><strong>Servato-</strong></span> 
     </span>
    </p>
   </div>
   <div class='ocr_carea' id='block_1_11' title="bbox 277 1285 1874 1356">
    <p class='ocr_par' dir='ltr' id='par_1_11' title="bbox 277 1285 1874 1356">
     <span class='ocr_line' id='line_1_11' title="bbox 277 1285 1874 1356; baseline -0.001 -16"><span class='ocrx_word' id='word_1_83' title='bbox 277 1301 392 1340; x_wconf 88' lang='lat' dir='ltr'><strong>rem</strong></span> <span class='ocrx_word' id='word_1_84' title='bbox 425 1285 612 1340; x_wconf 86' lang='lat' dir='ltr'><strong>videns</strong></span> <span class='ocrx_word' id='word_1_85' title='bbox 657 1286 834 1340; x_wconf 90' lang='lat' dir='ltr'><strong>divina</strong></span> <span class='ocrx_word' id='word_1_86' title='bbox 887 1287 1082 1341; x_wconf 89' lang='lat' dir='ltr'><strong>virtute</strong></span> <span class='ocrx_word' id='word_1_87' title='bbox 1123 1287 1441 1356; x_wconf 66' lang='lat' dir='ltr'><strong>pra-ditem,</strong></span> <span class='ocrx_word' id='word_1_88' title='bbox 1493 1286 1775 1354; x_wconf 89' lang='lat' dir='ltr'><strong>ventisque</strong></span> <span class='ocrx_word' id='word_1_89' title='bbox 1819 1294 1874 1340; x_wconf 89' lang='lat' dir='ltr'><strong>et</strong></span> 
     </span>
    </p>
   </div>
   <div class='ocr_carea' id='block_1_12' title="bbox 277 1378 1874 1448">
    <p class='ocr_par' dir='ltr' id='par_1_12' title="bbox 277 1378 1874 1448">
     <span class='ocr_line' id='line_1_12' title="bbox 277 1378 1874 1448; baseline -0.001 -17"><span class='ocrx_word' id='word_1_90' title='bbox 277 1378 413 1431; x_wconf 84' lang='lat' dir='ltr'><strong>mari</strong></span> <span class='ocrx_word' id='word_1_91' title='bbox 461 1378 850 1447; x_wconf 72' lang='lat' dir='ltr'><strong>imperantem,</strong></span> <span class='ocrx_word' id='word_1_92' title='bbox 903 1379 1071 1432; x_wconf 90' lang='lat' dir='ltr'><strong>dicit:</strong></span> <span class='ocrx_word' id='word_1_93' title='bbox 1120 1379 1244 1445; x_wconf 85' lang='lat' dir='ltr'><strong>Quis</strong></span> <span class='ocrx_word' id='word_1_94' title='bbox 1292 1389 1365 1431; x_wconf 87' lang='lat' dir='ltr'><strong>est</strong></span> <span class='ocrx_word' id='word_1_95' title='bbox 1415 1380 1530 1444; x_wconf 86' lang='lat' dir='ltr'><strong>hic,</strong></span> <span class='ocrx_word' id='word_1_96' title='bbox 1579 1379 1700 1448; x_wconf 84' lang='lat' dir='ltr'><strong>quia</strong></span> <span class='ocrx_word' id='word_1_97' title='bbox 1739 1379 1874 1431; x_wconf 82' lang='lat' dir='ltr'><strong>venti</strong></span> 
     </span>
    </p>
   </div>
   <div class='ocr_carea' id='block_1_13' title="bbox 279 1469 1870 1542">
    <p class='ocr_par' dir='ltr' id='par_1_13' title="bbox 279 1469 1870 1542">
     <span class='ocr_line' id='line_1_13' title="bbox 279 1469 1870 1542; baseline -0.001 -19"><span class='ocrx_word' id='word_1_98' title='bbox 279 1478 327 1523; x_wconf 84' lang='lat' dir='ltr'><strong>et</strong></span> <span class='ocrx_word' id='word_1_99' title='bbox 363 1485 505 1524; x_wconf 79' lang='lat' dir='ltr'><strong>mare</strong></span> <span class='ocrx_word' id='word_1_100' title='bbox 545 1469 781 1523; x_wconf 80' lang='lat' dir='ltr'><strong>obediunt</strong></span> <span class='ocrx_word' id='word_1_101' title='bbox 811 1471 857 1524; x_wconf 87' lang='lat' dir='ltr'><strong>ei</strong></span> <span class='ocrx_word' id='word_1_102' title='bbox 887 1469 1100 1542; x_wconf 77' lang='lat' dir='ltr'><strong>(Matth.</strong></span> <span class='ocrx_word' id='word_1_103' title='bbox 1132 1471 1184 1524; x_wconf 92' lang='lat'><strong>8.</strong></span> <span class='ocrx_word' id='word_1_104' title='bbox 1218 1471 1358 1538; x_wconf 72' lang='lat'><strong>27)?</strong></span> <span class='ocrx_word' id='word_1_105' title='bbox 1411 1470 1870 1537; x_wconf 82' lang='lat' dir='ltr'><strong>Quemadmodum</strong></span> 
     </span>
    </p>
   </div>
   <div class='ocr_carea' id='block_1_14' title="bbox 275 1559 1874 1630">
    <p class='ocr_par' dir='ltr' id='par_1_14' title="bbox 275 1559 1874 1630">
     <span class='ocr_line' id='line_1_14' title="bbox 275 1559 1874 1630; baseline -0.001 -17"><span class='ocrx_word' id='word_1_106' title='bbox 275 1561 460 1630; x_wconf 84' lang='lat' dir='ltr'><strong>itaque</strong></span> <span class='ocrx_word' id='word_1_107' title='bbox 503 1559 888 1629; x_wconf 87' lang='lat' dir='ltr'><strong>obstupesceus</strong></span> <span class='ocrx_word' id='word_1_108' title='bbox 925 1571 1064 1615; x_wconf 87' lang='lat' dir='ltr'><strong>terra</strong></span> <span class='ocrx_word' id='word_1_109' title='bbox 1109 1561 1374 1614; x_wconf 85' lang='lat' dir='ltr'><strong>clamabat</strong></span> <span class='ocrx_word' id='word_1_110' title='bbox 1416 1577 1428 1614; x_wconf 91' lang='lat'>:</span> <span class='ocrx_word' id='word_1_111' title='bbox 1463 1560 1587 1626; x_wconf 84' lang='lat' dir='ltr'><strong>Quis</strong></span> <span class='ocrx_word' id='word_1_112' title='bbox 1627 1571 1700 1612; x_wconf 81' lang='lat' dir='ltr'><strong>cst</strong></span> <span class='ocrx_word' id='word_1_113' title='bbox 1745 1560 1874 1612; x_wconf 87' lang='lat' dir='ltr'><strong>hic?</strong></span> 
     </span>
    </p>
   </div>
   <div class='ocr_carea' id='block_1_15' title="bbox 280 1649 1870 1719">
    <p class='ocr_par' dir='ltr' id='par_1_15' title="bbox 280 1649 1870 1719">
     <span class='ocr_line' id='line_1_15' title="bbox 280 1649 1870 1719; baseline 0.001 -17"><span class='ocrx_word' id='word_1_114' title='bbox 280 1650 358 1703; x_wconf 86' lang='lat' dir='ltr'><strong>sic</strong></span> <span class='ocrx_word' id='word_1_115' title='bbox 383 1660 436 1704; x_wconf 91' lang='lat' dir='ltr'><strong>et</strong></span> <span class='ocrx_word' id='word_1_116' title='bbox 455 1649 642 1705; x_wconf 69' lang='lat' dir='ltr'><strong>cazlum</strong></span> <span class='ocrx_word' id='word_1_117' title='bbox 669 1651 1074 1719; x_wconf 88' lang='lat' dir='ltr'><strong>obstupeseens,</strong></span> <span class='ocrx_word' id='word_1_118' title='bbox 1097 1651 1238 1719; x_wconf 87' lang='lat' dir='ltr'><strong>quod</strong></span> <span class='ocrx_word' id='word_1_119' title='bbox 1273 1651 1326 1704; x_wconf 90' lang='lat' dir='ltr'><strong>in</strong></span> <span class='ocrx_word' id='word_1_120' title='bbox 1350 1665 1510 1705; x_wconf 87' lang='lat' dir='ltr'><strong>carne</strong></span> <span class='ocrx_word' id='word_1_121' title='bbox 1534 1649 1870 1704; x_wconf 82' lang='lat' dir='ltr'><strong>divinitatem</strong></span> 
     </span>
    </p>
   </div>
   <div class='ocr_carea' id='block_1_16' title="bbox 280 1741 1873 1816">
    <p class='ocr_par' dir='ltr' id='par_1_16' title="bbox 280 1741 1873 1816">
     <span class='ocr_line' id='line_1_16' title="bbox 280 1741 1873 1816; baseline 0.001 -22"><span class='ocrx_word' id='word_1_122' title='bbox 280 1751 542 1805; x_wconf 86' lang='lat' dir='ltr'><strong>cerneret,</strong></span> <span class='ocrx_word' id='word_1_123' title='bbox 575 1741 705 1796; x_wconf 80' lang='lat' dir='ltr'><strong>dicit</strong></span> <span class='ocrx_word' id='word_1_124' title='bbox 728 1761 739 1793; x_wconf 93' lang='lat'>:</span> <span class='ocrx_word' id='word_1_125' title='bbox 776 1743 900 1810; x_wconf 75' lang='lat' dir='ltr'><strong>Quis</strong></span> <span class='ocrx_word' id='word_1_126' title='bbox 927 1753 996 1797; x_wconf 90' lang='lat' dir='ltr'><strong>est</strong></span> <span class='ocrx_word' id='word_1_127' title='bbox 1025 1745 1118 1798; x_wconf 83' lang='lat' dir='ltr'><strong>iste</strong></span> <span class='ocrx_word' id='word_1_128' title='bbox 1145 1742 1255 1796; x_wconf 75' lang='lat' dir='ltr'><strong>Rea:</strong></span> <span class='ocrx_word' id='word_1_129' title='bbox 1279 1744 1456 1813; x_wconf 73' lang='lat' dir='ltr'><strong>gloria:</strong></span> <span class='ocrx_word' id='word_1_130' title='bbox 1478 1741 1648 1816; x_wconf 84' lang='lat' dir='ltr'><strong>(Psal.</strong></span> <span class='ocrx_word' id='word_1_131' title='bbox 1672 1745 1760 1796; x_wconf 71' lang='lat'><strong>‘25.</strong></span> <span class='ocrx_word' id='word_1_132' title='bbox 1782 1744 1873 1812; x_wconf 87' lang='lat'><strong>8)?</strong></span> 
     </span>
    </p>
   </div>
   <div class='ocr_carea' id='block_1_17' title="bbox 353 1833 1872 1905">
    <p class='ocr_par' dir='ltr' id='par_1_17' title="bbox 353 1833 1872 1905">
     <span class='ocr_line' id='line_1_17' title="bbox 353 1833 1872 1905; baseline -0.001 -17"><span class='ocrx_word' id='word_1_133' title='bbox 353 1834 442 1888; x_wconf 85' lang='grc'>16.</span> <span class='ocrx_word' id='word_1_134' title='bbox 474 1834 540 1888; x_wconf 86' lang='lat' dir='ltr'><strong>Et</strong></span> <span class='ocrx_word' id='word_1_135' title='bbox 563 1833 682 1888; x_wconf 84' lang='lat' dir='ltr'><strong>vide</strong></span> <span class='ocrx_word' id='word_1_136' title='bbox 711 1833 860 1899; x_wconf 76' lang='lat' dir='ltr'><strong>mihi,</strong></span> <span class='ocrx_word' id='word_1_137' title='bbox 893 1850 1094 1905; x_wconf 69' lang='lat' dir='ltr'><strong>qumso,</strong></span> <span class='ocrx_word' id='word_1_138' title='bbox 1127 1851 1239 1889; x_wconf 91' lang='lat' dir='ltr'><strong>rem</strong></span> <span class='ocrx_word' id='word_1_139' title='bbox 1271 1835 1590 1890; x_wconf 77' lang='lat' dir='ltr'><strong>mirabilem.</strong></span> <span class='ocrx_word' id='word_1_140' title='bbox 1623 1834 1872 1890; x_wconf 78' lang='lat' dir='ltr'><strong>Salvator</strong></span> 
     </span>
    </p>
   </div>
   <div class='ocr_carea' id='block_1_18' title="bbox 279 1926 1872 1996">
    <p class='ocr_par' dir='ltr' id='par_1_18' title="bbox 279 1926 1872 1996">
     <span class='ocr_line' id='line_1_18' title="bbox 279 1926 1872 1996; baseline 0.003 -17"><span class='ocrx_word' id='word_1_141' title='bbox 279 1926 444 1988; x_wconf 87' lang='lat' dir='ltr'><strong>venit,</strong></span> <span class='ocrx_word' id='word_1_142' title='bbox 472 1927 795 1996; x_wconf 83' lang='lat' dir='ltr'><strong>veniensque</strong></span> <span class='ocrx_word' id='word_1_143' title='bbox 816 1927 1070 1996; x_wconf 84' lang='lat' dir='ltr'><strong>Spiritum</strong></span> <span class='ocrx_word' id='word_1_144' title='bbox 1089 1938 1332 1982; x_wconf 88' lang='lat' dir='ltr'><strong>sanctum</strong></span> <span class='ocrx_word' id='word_1_145' title='bbox 1359 1929 1553 1994; x_wconf 84' lang='lat' dir='ltr'><strong>attulit,</strong></span> <span class='ocrx_word' id='word_1_146' title='bbox 1577 1928 1872 1984; x_wconf 80' lang='lat' dir='ltr'><strong>ascendens</strong></span> 
     </span>
    </p>
   </div>
   <div class='ocr_carea' id='block_1_19' title="bbox 279 2018 1873 2089">
    <p class='ocr_par' dir='ltr' id='par_1_19' title="bbox 279 2018 1873 2089">
     <span class='ocr_line' id='line_1_19' title="bbox 279 2018 1873 2089; baseline 0 -17"><span class='ocrx_word' id='word_1_147' title='bbox 279 2032 474 2087; x_wconf 88' lang='lat' dir='ltr'><strong>corpus</strong></span> <span class='ocrx_word' id='word_1_148' title='bbox 503 2027 744 2073; x_wconf 88' lang='lat' dir='ltr'><strong>sanctum</strong></span> <span class='ocrx_word' id='word_1_149' title='bbox 775 2019 978 2085; x_wconf 90' lang='lat' dir='ltr'><strong>retulit,</strong></span> <span class='ocrx_word' id='word_1_150' title='bbox 1025 2027 1084 2073; x_wconf 94' lang='lat' dir='ltr'><strong>ut</strong></span> <span class='ocrx_word' id='word_1_151' title='bbox 1125 2018 1275 2073; x_wconf 88' lang='lat' dir='ltr'><strong>daret</strong></span> <span class='ocrx_word' id='word_1_152' title='bbox 1319 2019 1519 2074; x_wconf 88' lang='lat' dir='ltr'><strong>mundo</strong></span> <span class='ocrx_word' id='word_1_153' title='bbox 1552 2021 1740 2089; x_wconf 83' lang='lat' dir='ltr'><strong>pignus</strong></span> <span class='ocrx_word' id='word_1_154' title='bbox 1784 2034 1873 2072; x_wconf 87' lang='lat' dir='ltr'><strong>sa-</strong></span> 
     </span>
    </p>
   </div>
   <div class='ocr_carea' id='block_1_20' title="bbox 279 2106 1874 2177">
    <p class='ocr_par' dir='ltr' id='par_1_20' title="bbox 279 2106 1874 2177">
     <span class='ocr_line' id='line_1_20' title="bbox 279 2106 1874 2177; baseline 0.001 -17"><span class='ocrx_word' id='word_1_155' title='bbox 279 2106 422 2167; x_wconf 86' lang='lat' dir='ltr'><strong>lutis,</strong></span> <span class='ocrx_word' id='word_1_156' title='bbox 447 2106 679 2177; x_wconf 85' lang='lat' dir='ltr'><strong>Spiritus</strong></span> <span class='ocrx_word' id='word_1_157' title='bbox 707 2108 874 2162; x_wconf 83' lang='lat' dir='ltr'><strong>sancti</strong></span> <span class='ocrx_word' id='word_1_158' title='bbox 910 2108 1181 2162; x_wconf 87' lang='lat' dir='ltr'><strong>virtutem.</strong></span> <span class='ocrx_word' id='word_1_159' title='bbox 1217 2108 1421 2162; x_wconf 78' lang='lat' dir='ltr'><strong>Rursus</strong></span> <span class='ocrx_word' id='word_1_160' title='bbox 1459 2109 1632 2162; x_wconf 87' lang='lat' dir='ltr'><strong>eidem</strong></span> <span class='ocrx_word' id='word_1_161' title='bbox 1675 2109 1874 2162; x_wconf 86' lang='lat' dir='ltr'><strong>mundo</strong></span> 
     </span>
    </p>
   </div>
   <div class='ocr_carea' id='block_1_21' title="bbox 281 2199 1871 2269">
    <p class='ocr_par' dir='ltr' id='par_1_21' title="bbox 281 2199 1871 2269">
     <span class='ocr_line' id='line_1_21' title="bbox 281 2199 1871 2269; baseline 0.001 -16"><span class='ocrx_word' id='word_1_162' title='bbox 281 2209 522 2254; x_wconf 87' lang='lat' dir='ltr'><strong>sanctum</strong></span> <span class='ocrx_word' id='word_1_163' title='bbox 554 2214 748 2268; x_wconf 89' lang='lat' dir='ltr'><strong>corpus</strong></span> <span class='ocrx_word' id='word_1_164' title='bbox 777 2199 961 2253; x_wconf 88' lang='lat' dir='ltr'><strong>salutis</strong></span> <span class='ocrx_word' id='word_1_165' title='bbox 991 2200 1181 2269; x_wconf 85' lang='lat' dir='ltr'><strong>pignus</strong></span> <span class='ocrx_word' id='word_1_166' title='bbox 1205 2214 1325 2254; x_wconf 90' lang='lat' dir='ltr'><strong>esse</strong></span> <span class='ocrx_word' id='word_1_167' title='bbox 1348 2200 1491 2254; x_wconf 82' lang='lat' dir='ltr'><strong>dicat</strong></span> <span class='ocrx_word' id='word_1_168' title='bbox 1510 2199 1871 2254; x_wconf 88' lang='lat' dir='ltr'><strong>Christianus.</strong></span> 
     </span>
    </p>
   </div>
   <div class='ocr_carea' id='block_1_22' title="bbox 278 2288 1872 2359">
    <p class='ocr_par' dir='ltr' id='par_1_22' title="bbox 278 2288 1872 2359">
     <span class='ocr_line' id='line_1_22' title="bbox 278 2288 1872 2359; baseline -0.001 -15"><span class='ocrx_word' id='word_1_169' title='bbox 278 2289 413 2344; x_wconf 82' lang='lat' dir='ltr'><strong>Cum</strong></span> <span class='ocrx_word' id='word_1_170' title='bbox 445 2288 548 2343; x_wconf 89' lang='lat' dir='ltr'><strong>hoe</strong></span> <span class='ocrx_word' id='word_1_171' title='bbox 566 2289 707 2354; x_wconf 92' lang='lat' dir='ltr'><strong>dico,</strong></span> <span class='ocrx_word' id='word_1_172' title='bbox 741 2299 794 2344; x_wconf 92' lang='lat' dir='ltr'><strong>et</strong></span> <span class='ocrx_word' id='word_1_173' title='bbox 824 2301 875 2344; x_wconf 88' lang='lat' dir='ltr'><strong>te</strong></span> <span class='ocrx_word' id='word_1_174' title='bbox 904 2289 1023 2344; x_wconf 90' lang='lat' dir='ltr'><strong>dico</strong></span> <span class='ocrx_word' id='word_1_175' title='bbox 1045 2299 1096 2343; x_wconf 92' lang='lat' dir='ltr'><strong>et</strong></span> <span class='ocrx_word' id='word_1_176' title='bbox 1136 2305 1563 2359; x_wconf 82' lang='lat' dir='ltr'><strong>unamquamque</strong></span> <span class='ocrx_word' id='word_1_177' title='bbox 1593 2305 1872 2359; x_wconf 89' lang='lat' dir='ltr'><strong>personam</strong></span> 
     </span>
    </p>
   </div>
   <div class='ocr_carea' id='block_1_23' title="bbox 279 2378 1875 2450">
    <p class='ocr_par' dir='ltr' id='par_1_23' title="bbox 279 2378 1875 2450">
     <span class='ocr_line' id='line_1_23' title="bbox 279 2378 1875 2450; baseline 0.001 -16"><span class='ocrx_word' id='word_1_178' title='bbox 279 2378 658 2434; x_wconf 80' lang='lat' dir='ltr'><strong>Christianam.</strong></span> <span class='ocrx_word' id='word_1_179' title='bbox 684 2380 797 2450; x_wconf 86' lang='lat' dir='ltr'><strong>Ego</strong></span> <span class='ocrx_word' id='word_1_180' title='bbox 822 2379 1158 2435; x_wconf 89' lang='lat' dir='ltr'><strong>Christianus</strong></span> <span class='ocrx_word' id='word_1_181' title='bbox 1180 2395 1299 2436; x_wconf 91' lang='lat' dir='ltr'><strong>sum</strong></span> <span class='ocrx_word' id='word_1_182' title='bbox 1325 2391 1379 2436; x_wconf 91' lang='lat' dir='ltr'><strong>et</strong></span> <span class='ocrx_word' id='word_1_183' title='bbox 1402 2381 1496 2436; x_wconf 89' lang='lat' dir='ltr'><strong>Dei</strong></span> <span class='ocrx_word' id='word_1_184' title='bbox 1527 2397 1644 2437; x_wconf 90' lang='lat' dir='ltr'><strong>sum</strong></span> <span class='ocrx_word' id='word_1_185' title='bbox 1671 2400 1683 2434; x_wconf 88' lang='lat'><strong>:</strong></span> <span class='ocrx_word' id='word_1_186' title='bbox 1709 2397 1875 2450; x_wconf 90' lang='lat' dir='ltr'><strong>quare</strong></span> 
     </span>
    </p>
   </div>
   <div class='ocr_carea' id='block_1_24' title="bbox 280 2472 1870 2543">
    <p class='ocr_par' dir='ltr' id='par_1_24' title="bbox 280 2472 1870 2543">
     <span class='ocr_line' id='line_1_24' title="bbox 280 2472 1870 2543; baseline 0.001 -18"><span class='ocrx_word' id='word_1_187' title='bbox 280 2473 423 2527; x_wconf 87' lang='lat' dir='ltr'><strong>hoc?</strong></span> <span class='ocrx_word' id='word_1_188' title='bbox 459 2472 715 2543; x_wconf 89' lang='lat' dir='ltr'><strong>Spiritum</strong></span> <span class='ocrx_word' id='word_1_189' title='bbox 757 2482 998 2527; x_wconf 83' lang='lat' dir='ltr'><strong>sanetum</strong></span> <span class='ocrx_word' id='word_1_190' title='bbox 1041 2475 1107 2527; x_wconf 90' lang='lat' dir='ltr'><strong>de</strong></span> <span class='ocrx_word' id='word_1_191' title='bbox 1150 2474 1284 2527; x_wconf 58' lang='lat' dir='ltr'><strong>caelo</strong></span> <span class='ocrx_word' id='word_1_192' title='bbox 1319 2473 1648 2528; x_wconf 86' lang='lat' dir='ltr'><strong>descendens</strong></span> <span class='ocrx_word' id='word_1_193' title='bbox 1680 2474 1870 2528; x_wconf 81' lang='lat' dir='ltr'><strong>habeo.</strong></span> 
     </span>
    </p>
   </div>
   <div class='ocr_carea' id='block_1_25' title="bbox 281 2562 1872 2632">
    <p class='ocr_par' dir='ltr' id='par_1_25' title="bbox 281 2562 1872 2632">
     <span class='ocr_line' id='line_1_25' title="bbox 281 2562 1872 2632; baseline 0 -15"><span class='ocrx_word' id='word_1_194' title='bbox 281 2562 376 2617; x_wconf 79' lang='lat' dir='ltr'><strong>Vis</strong></span> <span class='ocrx_word' id='word_1_195' title='bbox 420 2563 566 2618; x_wconf 90' lang='lat' dir='ltr'><strong>aliud</strong></span> <span class='ocrx_word' id='word_1_196' title='bbox 607 2564 900 2618; x_wconf 89' lang='lat' dir='ltr'><strong>indicium?</strong></span> <span class='ocrx_word' id='word_1_197' title='bbox 939 2564 1130 2632; x_wconf 80' lang='lat' dir='ltr'><strong>Accepi</strong></span> <span class='ocrx_word' id='word_1_198' title='bbox 1177 2564 1432 2632; x_wconf 87' lang='lat' dir='ltr'><strong>Spiritum</strong></span> <span class='ocrx_word' id='word_1_199' title='bbox 1485 2565 1578 2618; x_wconf 89' lang='lat' dir='ltr'><strong>Dei</strong></span> <span class='ocrx_word' id='word_1_200' title='bbox 1623 2565 1689 2619; x_wconf 88' lang='lat' dir='ltr'><strong>de</strong></span> <span class='ocrx_word' id='word_1_201' title='bbox 1719 2565 1872 2628; x_wconf 73' lang='lat' dir='ltr'><strong>ezelo,</strong></span> 
     </span>
    </p>
   </div>
   <div class='ocr_carea' id='block_1_26' title="bbox 288 2655 1878 2725">
    <p class='ocr_par' dir='ltr' id='par_1_26' title="bbox 288 2655 1878 2725">
     <span class='ocr_line' id='line_1_26' title="bbox 288 2655 1878 2725; baseline 0 -16"><span class='ocrx_word' id='word_1_202' title='bbox 288 2657 481 2725; x_wconf 85' lang='lat' dir='ltr'><strong>pignus</strong></span> <span class='ocrx_word' id='word_1_203' title='bbox 512 2671 688 2710; x_wconf 90' lang='lat' dir='ltr'><strong>meum</strong></span> <span class='ocrx_word' id='word_1_204' title='bbox 719 2656 890 2710; x_wconf 83' lang='lat' dir='ltr'><strong>habeo</strong></span> <span class='ocrx_word' id='word_1_205' title='bbox 916 2666 1146 2709; x_wconf 90' lang='lat' dir='ltr'><strong>certum.</strong></span> <span class='ocrx_word' id='word_1_206' title='bbox 1184 2655 1460 2720; x_wconf 83' lang='lat' dir='ltr'><strong>Quodnam</strong></span> <span class='ocrx_word' id='word_1_207' title='bbox 1494 2656 1713 2725; x_wconf 84' lang='lat' dir='ltr'><strong>pignus?</strong></span> <span class='ocrx_word' id='word_1_208' title='bbox 1743 2655 1878 2710; x_wconf 83' lang='lat' dir='ltr'><strong>Cor-</strong></span> 
     </span>
    </p>
   </div>
   <div class='ocr_carea' id='block_1_27' title="bbox 281 2747 1872 2818">
    <p class='ocr_par' dir='ltr' id='par_1_27' title="bbox 281 2747 1872 2818">
     <span class='ocr_line' id='line_1_27' title="bbox 281 2747 1872 2818; baseline -0.001 -17"><span class='ocrx_word' id='word_1_209' title='bbox 281 2762 380 2818; x_wconf 87' lang='lat' dir='ltr'><strong>pus</strong></span> <span class='ocrx_word' id='word_1_210' title='bbox 409 2748 525 2815; x_wconf 83' lang='lat' dir='ltr'><strong>ejus</strong></span> <span class='ocrx_word' id='word_1_211' title='bbox 550 2762 759 2800; x_wconf 86' lang='lat' dir='ltr'><strong>sursum</strong></span> <span class='ocrx_word' id='word_1_212' title='bbox 785 2759 894 2812; x_wconf 89' lang='lat' dir='ltr'><strong>est;</strong></span> <span class='ocrx_word' id='word_1_213' title='bbox 925 2747 1153 2817; x_wconf 86' lang='lat' dir='ltr'><strong>Spiritus</strong></span> <span class='ocrx_word' id='word_1_214' title='bbox 1174 2749 1288 2816; x_wconf 86' lang='lat' dir='ltr'><strong>ejus</strong></span> <span class='ocrx_word' id='word_1_215' title='bbox 1315 2748 1572 2802; x_wconf 87' lang='lat' dir='ltr'><strong>deorsum</strong></span> <span class='ocrx_word' id='word_1_216' title='bbox 1594 2747 1732 2818; x_wconf 86' lang='lat' dir='ltr'><strong>apud</strong></span> <span class='ocrx_word' id='word_1_217' title='bbox 1755 2763 1872 2801; x_wconf 91' lang='lat' dir='ltr'><strong>nos.</strong></span> 
     </span>
    </p>
   </div>
   <div class='ocr_carea' id='block_1_28' title="bbox 282 2837 1877 2903">
    <p class='ocr_par' dir='ltr' id='par_1_28' title="bbox 282 2837 1877 2903">
     <span class='ocr_line' id='line_1_28' title="bbox 282 2837 1877 2903; baseline -0.002 -11"><span class='ocrx_word' id='word_1_218' title='bbox 282 2838 596 2900; x_wconf 85' lang='lat' dir='ltr'><strong>Dubitasne,</strong></span> <span class='ocrx_word' id='word_1_219' title='bbox 630 2837 902 2903; x_wconf 77' lang='lat' dir='ltr'><strong>ltreretiee,</strong></span> <span class='ocrx_word' id='word_1_220' title='bbox 936 2854 1032 2893; x_wconf 89' lang='lat' dir='ltr'><strong>nos</strong></span> <span class='ocrx_word' id='word_1_221' title='bbox 1075 2853 1194 2894; x_wconf 88' lang='lat' dir='ltr'><strong>esse</strong></span> <span class='ocrx_word' id='word_1_222' title='bbox 1223 2838 1354 2893; x_wconf 88' lang='lat' dir='ltr'><strong>Dei?</strong></span> <span class='ocrx_word' id='word_1_223' title='bbox 1384 2837 1565 2893; x_wconf 86' lang='lat' dir='ltr'><strong>Genus</strong></span> <span class='ocrx_word' id='word_1_224' title='bbox 1596 2853 1758 2890; x_wconf 91' lang='lat' dir='ltr'><strong>unum</strong></span> <span class='ocrx_word' id='word_1_225' title='bbox 1799 2837 1877 2890; x_wconf 83' lang='lat' dir='ltr'><strong>fa-</strong></span> 
     </span>
    </p>
   </div>
   <div class='ocr_carea' id='block_1_29' title="bbox 281 2929 1874 2999">
    <p class='ocr_par' dir='ltr' id='par_1_29' title="bbox 281 2929 1874 2999">
     <span class='ocr_line' id='line_1_29' title="bbox 281 2929 1874 2999; baseline -0.003 -14"><span class='ocrx_word' id='word_1_226' title='bbox 281 2940 423 2986; x_wconf 80' lang='lat' dir='ltr'><strong>ctum</strong></span> <span class='ocrx_word' id='word_1_227' title='bbox 451 2940 536 2984; x_wconf 87' lang='lat' dir='ltr'><strong>est</strong></span> <span class='ocrx_word' id='word_1_228' title='bbox 574 2929 665 2983; x_wconf 89' lang='lat' dir='ltr'><strong>Dei</strong></span> <span class='ocrx_word' id='word_1_229' title='bbox 695 2940 854 2999; x_wconf 88' lang='lat' dir='ltr'><strong>atque</strong></span> <span class='ocrx_word' id='word_1_230' title='bbox 900 2931 1192 2985; x_wconf 90' lang='lat' dir='ltr'><strong>hominum.</strong></span> <span class='ocrx_word' id='word_1_231' title='bbox 1235 2929 1694 2998; x_wconf 82' lang='lat' dir='ltr'><strong>Quemadmodum</strong></span> <span class='ocrx_word' id='word_1_232' title='bbox 1732 2930 1874 2984; x_wconf 92' lang='lat' dir='ltr'><strong>enim</strong></span> 
     </span>
    </p>
   </div>
   <div class='ocr_carea' id='block_1_30' title="bbox 282 3020 1877 3090">
    <p class='ocr_par' dir='ltr' id='par_1_30' title="bbox 282 3020 1877 3090">
     <span class='ocr_line' id='line_1_30' title="bbox 282 3020 1877 3090; baseline -0.001 -15"><span class='ocrx_word' id='word_1_233' title='bbox 282 3029 563 3090; x_wconf 87' lang='lat' dir='ltr'><strong>separatas</strong></span> <span class='ocrx_word' id='word_1_234' title='bbox 587 3028 766 3090; x_wconf 87' lang='lat' dir='ltr'><strong>partes</strong></span> <span class='ocrx_word' id='word_1_235' title='bbox 792 3020 964 3090; x_wconf 84' lang='lat' dir='ltr'><strong>jungit</strong></span> <span class='ocrx_word' id='word_1_236' title='bbox 987 3022 1254 3090; x_wconf 88' lang='lat' dir='ltr'><strong>cognatio,</strong></span> <span class='ocrx_word' id='word_1_237' title='bbox 1281 3029 1335 3075; x_wconf 91' lang='lat' dir='ltr'><strong>et</strong></span> <span class='ocrx_word' id='word_1_238' title='bbox 1363 3021 1426 3086; x_wconf 90' lang='lat' dir='ltr'><strong>is,</strong></span> <span class='ocrx_word' id='word_1_239' title='bbox 1454 3021 1541 3090; x_wconf 87' lang='lat' dir='ltr'><strong>qui</strong></span> <span class='ocrx_word' id='word_1_240' title='bbox 1572 3023 1877 3090; x_wconf 89' lang='lat' dir='ltr'><strong>quempiam</strong></span> 
     </span>
    </p>
   </div>
   <div class='ocr_carea' id='block_1_31' title="bbox 281 3113 1878 3182">
    <p class='ocr_par' dir='ltr' id='par_1_31' title="bbox 281 3113 1878 3182">
     <span class='ocr_line' id='line_1_31' title="bbox 281 3113 1878 3182; baseline -0.001 -13"><span class='ocrx_word' id='word_1_241' title='bbox 281 3127 389 3169; x_wconf 88' lang='lat' dir='ltr'><strong>non</strong></span> <span class='ocrx_word' id='word_1_242' title='bbox 418 3113 587 3176; x_wconf 87' lang='lat' dir='ltr'><strong>novit,</strong></span> <span class='ocrx_word' id='word_1_243' title='bbox 630 3127 694 3166; x_wconf 84' lang='lat' dir='ltr'><strong>ex</strong></span> <span class='ocrx_word' id='word_1_244' title='bbox 743 3113 900 3167; x_wconf 91' lang='lat' dir='ltr'><strong>unius</strong></span> <span class='ocrx_word' id='word_1_245' title='bbox 942 3113 1044 3166; x_wconf 90' lang='lat' dir='ltr'><strong>viri</strong></span> <span class='ocrx_word' id='word_1_246' title='bbox 1085 3128 1204 3166; x_wconf 90' lang='lat' dir='ltr'><strong>cum</strong></span> <span class='ocrx_word' id='word_1_247' title='bbox 1251 3113 1479 3167; x_wconf 88' lang='lat' dir='ltr'><strong>muliere</strong></span> <span class='ocrx_word' id='word_1_248' title='bbox 1504 3113 1878 3182; x_wconf 87' lang='lat' dir='ltr'><strong>conjunctione</strong></span> 
     </span>
    </p>
   </div>
   <div class='ocr_carea' id='block_1_32' title="bbox 281 3202 1878 3271">
    <p class='ocr_par' dir='ltr' id='par_1_32' title="bbox 281 3202 1878 3271">
     <span class='ocr_line' id='line_1_32' title="bbox 281 3202 1878 3271; baseline 0.001 -14"><span class='ocrx_word' id='word_1_249' title='bbox 281 3202 417 3257; x_wconf 89' lang='lat' dir='ltr'><strong>duas</strong></span> <span class='ocrx_word' id='word_1_250' title='bbox 447 3202 672 3256; x_wconf 81' lang='lat' dir='ltr'><strong>lamilias</strong></span> <span class='ocrx_word' id='word_1_251' title='bbox 703 3211 839 3256; x_wconf 87' lang='lat' dir='ltr'><strong>totas</strong></span> <span class='ocrx_word' id='word_1_252' title='bbox 865 3203 1077 3271; x_wconf 89' lang='lat' dir='ltr'><strong>e0pulat</strong></span> <span class='ocrx_word' id='word_1_253' title='bbox 1101 3204 1168 3256; x_wconf 90' lang='lat' dir='ltr'><strong>ita</strong></span> <span class='ocrx_word' id='word_1_254' title='bbox 1198 3212 1250 3255; x_wconf 93' lang='lat' dir='ltr'><strong>ut</strong></span> <span class='ocrx_word' id='word_1_255' title='bbox 1283 3202 1373 3256; x_wconf 89' lang='lat' dir='ltr'><strong>ille</strong></span> <span class='ocrx_word' id='word_1_256' title='bbox 1393 3203 1764 3267; x_wconf 88' lang='lat' dir='ltr'><strong>consobrinus,</strong></span> <span class='ocrx_word' id='word_1_257' title='bbox 1788 3205 1878 3258; x_wconf 92' lang='lat' dir='ltr'><strong>ille</strong></span> 
     </span>
    </p>
   </div>
   <div class='ocr_carea' id='block_1_33' title="bbox 281 3290 1881 3350">
    <p class='ocr_par' dir='ltr' id='par_1_33' title="bbox 281 3290 1881 3350">
     <span class='ocr_line' id='line_1_33' title="bbox 281 3290 1881 3350; baseline 0.001 -1"><span class='ocrx_word' id='word_1_258' title='bbox 281 3293 576 3349; x_wconf 76' lang='lat' dir='ltr'><strong>avunculus</strong></span> <span class='ocrx_word' id='word_1_259' title='bbox 601 3294 987 3347; x_wconf 86' lang='lat' dir='ltr'><strong>constituatur:</strong></span> <span class='ocrx_word' id='word_1_260' title='bbox 1020 3293 1097 3346; x_wconf 90' lang='lat' dir='ltr'><strong>sic</strong></span> <span class='ocrx_word' id='word_1_261' title='bbox 1117 3290 1330 3346; x_wconf 85' lang='lat' dir='ltr'><strong>Christo</strong></span> <span class='ocrx_word' id='word_1_262' title='bbox 1357 3308 1571 3348; x_wconf 87' lang='lat' dir='ltr'><strong>carnem</strong></span> <span class='ocrx_word' id='word_1_263' title='bbox 1603 3308 1881 3350; x_wconf 89' lang='lat' dir='ltr'><strong>assumen-</strong></span> 
     </span>
    </p>
   </div>
   <div class='ocr_carea' id='block_1_34' title="bbox 282 3383 1877 3456">
    <p class='ocr_par' dir='ltr' id='par_1_34' title="bbox 282 3383 1877 3456">
     <span class='ocr_line' id='line_1_34' title="bbox 282 3383 1877 3456; baseline 0 -16"><span class='ocrx_word' id='word_1_264' title='bbox 282 3393 357 3451; x_wconf 86' lang='lat' dir='ltr'><strong>te,</strong></span> <span class='ocrx_word' id='word_1_265' title='bbox 390 3400 486 3455; x_wconf 88' lang='lat' dir='ltr'><strong>per</strong></span> <span class='ocrx_word' id='word_1_266' title='bbox 514 3399 733 3440; x_wconf 88' lang='lat' dir='ltr'><strong>carnem</strong></span> <span class='ocrx_word' id='word_1_267' title='bbox 760 3393 868 3439; x_wconf 86' lang='lat' dir='ltr'><strong>tota</strong></span> <span class='ocrx_word' id='word_1_268' title='bbox 900 3384 1160 3451; x_wconf 86' lang='lat' dir='ltr'><strong>Ecclesia,</strong></span> <span class='ocrx_word' id='word_1_269' title='bbox 1194 3383 1392 3438; x_wconf 88' lang='lat' dir='ltr'><strong>Christi</strong></span> <span class='ocrx_word' id='word_1_270' title='bbox 1431 3395 1653 3456; x_wconf 87' lang='lat' dir='ltr'><strong>cognata</strong></span> <span class='ocrx_word' id='word_1_271' title='bbox 1689 3386 1877 3442; x_wconf 81' lang='lat' dir='ltr'><strong>eﬁ&#39;ecta</strong></span> 
     </span>
    </p>
   </div>
   <div class='ocr_carea' id='block_1_35' title="bbox 281 3476 1878 3545">
    <p class='ocr_par' dir='ltr' id='par_1_35' title="bbox 281 3476 1878 3545">
     <span class='ocr_line' id='line_1_35' title="bbox 281 3476 1878 3545; baseline 0 -13"><span class='ocrx_word' id='word_1_272' title='bbox 281 3487 367 3532; x_wconf 79' lang='lat' dir='ltr'><strong>est</strong></span> <span class='ocrx_word' id='word_1_273' title='bbox 399 3491 414 3530; x_wconf 88' lang='lat'><strong>:</strong></span> <span class='ocrx_word' id='word_1_274' title='bbox 447 3477 638 3530; x_wconf 83' lang='lat' dir='ltr'><strong>Paulus</strong></span> <span class='ocrx_word' id='word_1_275' title='bbox 676 3485 758 3531; x_wconf 86' lang='lat' dir='ltr'><strong>est</strong></span> <span class='ocrx_word' id='word_1_276' title='bbox 798 3476 995 3530; x_wconf 88' lang='lat' dir='ltr'><strong>Christi</strong></span> <span class='ocrx_word' id='word_1_277' title='bbox 1032 3485 1309 3545; x_wconf 86' lang='lat' dir='ltr'><strong>cognatus,</strong></span> <span class='ocrx_word' id='word_1_278' title='bbox 1357 3476 1542 3530; x_wconf 80' lang='lat' dir='ltr'><strong>Petrus</strong></span> <span class='ocrx_word' id='word_1_279' title='bbox 1579 3478 1727 3542; x_wconf 71' lang='lat' dir='ltr'><strong>item,</strong></span> <span class='ocrx_word' id='word_1_280' title='bbox 1758 3495 1878 3532; x_wconf 88' lang='lat' dir='ltr'><strong>om-</strong></span> 
     </span>
    </p>
   </div>
   <div class='ocr_carea' id='block_1_36' title="bbox 283 3566 1880 3637">
    <p class='ocr_par' dir='ltr' id='par_1_36' title="bbox 283 3566 1880 3637">
     <span class='ocr_line' id='line_1_36' title="bbox 283 3566 1880 3637; baseline 0 -16"><span class='ocrx_word' id='word_1_281' title='bbox 283 3568 475 3637; x_wconf 83' lang='lat' dir='ltr'><strong>nisque</strong></span> <span class='ocrx_word' id='word_1_282' title='bbox 497 3566 689 3634; x_wconf 89' lang='lat' dir='ltr'><strong>ﬁdelis,</strong></span> <span class='ocrx_word' id='word_1_283' title='bbox 716 3581 814 3621; x_wconf 91' lang='lat' dir='ltr'><strong>nos</strong></span> <span class='ocrx_word' id='word_1_284' title='bbox 835 3580 1042 3633; x_wconf 81' lang='lat' dir='ltr'><strong>omnes,</strong></span> <span class='ocrx_word' id='word_1_285' title='bbox 1071 3567 1245 3635; x_wconf 88' lang='lat' dir='ltr'><strong>quivis</strong></span> <span class='ocrx_word' id='word_1_286' title='bbox 1273 3566 1409 3634; x_wconf 89' lang='lat' dir='ltr'><strong>pius.</strong></span> <span class='ocrx_word' id='word_1_287' title='bbox 1444 3566 1565 3620; x_wconf 87' lang='lat' dir='ltr'><strong>ldeo</strong></span> <span class='ocrx_word' id='word_1_288' title='bbox 1588 3567 1715 3621; x_wconf 87' lang='lat' dir='ltr'><strong>dicit</strong></span> <span class='ocrx_word' id='word_1_289' title='bbox 1736 3568 1880 3621; x_wconf 82' lang='lat' dir='ltr'><strong>Pau-</strong></span> 
     </span>
    </p>
   </div>
   <div class='ocr_carea' id='block_1_37' title="bbox 284 3655 1876 3726">
    <p class='ocr_par' dir='ltr' id='par_1_37' title="bbox 284 3655 1876 3726">
     <span class='ocr_line' id='line_1_37' title="bbox 284 3655 1876 3726; baseline 0.001 -16"><span class='ocrx_word' id='word_1_290' title='bbox 284 3656 390 3722; x_wconf 86' lang='lat' dir='ltr'><strong>lus,</strong></span> <span class='ocrx_word' id='word_1_291' title='bbox 420 3655 590 3710; x_wconf 86' lang='lat' dir='ltr'><strong>Genus</strong></span> <span class='ocrx_word' id='word_1_292' title='bbox 622 3672 739 3726; x_wconf 86' lang='lat' dir='ltr'><strong>ergo</strong></span> <span class='ocrx_word' id='word_1_293' title='bbox 767 3672 882 3708; x_wconf 86' lang='lat' dir='ltr'><strong>cum</strong></span> <span class='ocrx_word' id='word_1_294' title='bbox 908 3657 1065 3709; x_wconf 89' lang='lat' dir='ltr'><strong>simus</strong></span> <span class='ocrx_word' id='word_1_295' title='bbox 1107 3655 1198 3708; x_wconf 86' lang='lat' dir='ltr'><strong>Dei</strong></span> <span class='ocrx_word' id='word_1_296' title='bbox 1219 3656 1354 3724; x_wconf 75' lang='lat' dir='ltr'><strong>(Act.</strong></span> <span class='ocrx_word' id='word_1_297' title='bbox 1399 3657 1487 3710; x_wconf 86' lang='grc'>17.</span> <span class='ocrx_word' id='word_1_298' title='bbox 1529 3656 1644 3726; x_wconf 74' lang='lat'><strong>29).</strong></span> <span class='ocrx_word' id='word_1_299' title='bbox 1680 3661 1748 3710; x_wconf 77' lang='lat' dir='ltr'><strong>At</strong></span> <span class='ocrx_word' id='word_1_300' title='bbox 1778 3659 1876 3712; x_wconf 85' lang='lat' dir='ltr'><strong>etsi</strong></span> 
     </span>
    </p>
   </div>
   <div class='ocr_carea' id='block_1_38' title="bbox 283 3748 1877 3820">
    <p class='ocr_par' dir='ltr' id='par_1_38' title="bbox 283 3748 1877 3820">
     <span class='ocr_line' id='line_1_38' title="bbox 283 3748 1877 3820; baseline 0.003 -18"><span class='ocrx_word' id='word_1_301' title='bbox 283 3749 450 3803; x_wconf 84' lang='lat' dir='ltr'><strong>sciam</strong></span> <span class='ocrx_word' id='word_1_302' title='bbox 476 3763 578 3818; x_wconf 92' lang='lat' dir='ltr'><strong>qua</strong></span> <span class='ocrx_word' id='word_1_303' title='bbox 626 3756 804 3802; x_wconf 90' lang='lat' dir='ltr'><strong>mente</strong></span> <span class='ocrx_word' id='word_1_304' title='bbox 845 3749 895 3802; x_wconf 93' lang='lat' dir='ltr'><strong>id</strong></span> <span class='ocrx_word' id='word_1_305' title='bbox 941 3748 1141 3802; x_wconf 89' lang='lat' dir='ltr'><strong>dictum</strong></span> <span class='ocrx_word' id='word_1_306' title='bbox 1188 3749 1276 3812; x_wconf 90' lang='lat' dir='ltr'><strong>sit,</strong></span> <span class='ocrx_word' id='word_1_307' title='bbox 1321 3764 1425 3803; x_wconf 90' lang='lat' dir='ltr'><strong>non</strong></span> <span class='ocrx_word' id='word_1_308' title='bbox 1458 3750 1511 3803; x_wconf 94' lang='lat' dir='ltr'><strong>in</strong></span> <span class='ocrx_word' id='word_1_309' title='bbox 1553 3766 1717 3820; x_wconf 88' lang='lat' dir='ltr'><strong>scopo</strong></span> <span class='ocrx_word' id='word_1_310' title='bbox 1748 3751 1877 3806; x_wconf 88' lang='lat' dir='ltr'><strong>mihi</strong></span> 
     </span>
    </p>
   </div>
   <div class='ocr_carea' id='block_1_39' title="bbox 283 3840 1877 3912">
    <p class='ocr_par' dir='ltr' id='par_1_39' title="bbox 283 3840 1877 3912">
     <span class='ocr_line' id='line_1_39' title="bbox 283 3840 1877 3912; baseline 0.003 -18"><span class='ocrx_word' id='word_1_311' title='bbox 283 3849 386 3905; x_wconf 89' lang='lat' dir='ltr'><strong>est,</strong></span> <span class='ocrx_word' id='word_1_312' title='bbox 417 3849 578 3894; x_wconf 90' lang='lat' dir='ltr'><strong>totam</strong></span> <span class='ocrx_word' id='word_1_313' title='bbox 609 3841 735 3894; x_wconf 89' lang='lat' dir='ltr'><strong>dicti</strong></span> <span class='ocrx_word' id='word_1_314' title='bbox 784 3840 1047 3895; x_wconf 88' lang='lat' dir='ltr'><strong>rationem</strong></span> <span class='ocrx_word' id='word_1_315' title='bbox 1093 3850 1146 3894; x_wconf 90' lang='lat' dir='ltr'><strong>et</strong></span> <span class='ocrx_word' id='word_1_316' title='bbox 1189 3855 1406 3896; x_wconf 90' lang='lat' dir='ltr'><strong>sensum</strong></span> <span class='ocrx_word' id='word_1_317' title='bbox 1437 3842 1751 3912; x_wconf 85' lang='lat' dir='ltr'><strong>explorare;</strong></span> <span class='ocrx_word' id='word_1_318' title='bbox 1782 3845 1877 3899; x_wconf 89' lang='lat' dir='ltr'><strong>sed</strong></span> 
     </span>
    </p>
   </div>
   <div class='ocr_carea' id='block_1_40' title="bbox 283 3929 1877 3999">
    <p class='ocr_par' dir='ltr' id='par_1_40' title="bbox 283 3929 1877 3999">
     <span class='ocr_line' id='line_1_40' title="bbox 283 3929 1877 3999; baseline 0.003 -15"><span class='ocrx_word' id='word_1_319' title='bbox 283 3929 335 3984; x_wconf 87' lang='lat' dir='ltr'><strong>id</strong></span> <span class='ocrx_word' id='word_1_320' title='bbox 365 3930 539 3984; x_wconf 84' lang='lat' dir='ltr'><strong>solum</strong></span> <span class='ocrx_word' id='word_1_321' title='bbox 566 3929 761 3996; x_wconf 89' lang='lat' dir='ltr'><strong>dicam,</strong></span> <span class='ocrx_word' id='word_1_322' title='bbox 789 3930 1008 3985; x_wconf 86' lang='lat' dir='ltr'><strong>Paulum</strong></span> <span class='ocrx_word' id='word_1_323' title='bbox 1037 3945 1204 3999; x_wconf 87' lang='lat' dir='ltr'><strong>genus</strong></span> <span class='ocrx_word' id='word_1_324' title='bbox 1235 3931 1362 3985; x_wconf 91' lang='lat' dir='ltr'><strong>illud</strong></span> <span class='ocrx_word' id='word_1_325' title='bbox 1395 3932 1626 3986; x_wconf 87' lang='lat' dir='ltr'><strong>ﬁrmare.</strong></span> <span class='ocrx_word' id='word_1_326' title='bbox 1661 3933 1725 3987; x_wconf 84' lang='lat' dir='ltr'><strong>Et</strong></span> <span class='ocrx_word' id='word_1_327' title='bbox 1751 3933 1877 3988; x_wconf 89' lang='lat' dir='ltr'><strong>al.bi</strong></span> 
     </span>
    </p>
   </div>
   <div class='ocr_carea' id='block_1_41' title="bbox 283 4021 1872 4094">
    <p class='ocr_par' dir='ltr' id='par_1_41' title="bbox 283 4021 1872 4094">
     <span class='ocr_line' id='line_1_41' title="bbox 283 4021 1872 4094; baseline 0.002 -18"><span class='ocrx_word' id='word_1_328' title='bbox 283 4036 494 4076; x_wconf 88' lang='lat' dir='ltr'><strong>rursum</strong></span> <span class='ocrx_word' id='word_1_329' title='bbox 519 4038 534 4076; x_wconf 88' lang='lat'><strong>:</strong></span> <span class='ocrx_word' id='word_1_330' title='bbox 565 4021 674 4075; x_wconf 87' lang='lat' dir='ltr'><strong>Nos</strong></span> <span class='ocrx_word' id='word_1_331' title='bbox 695 4038 866 4076; x_wconf 84' lang='lat' dir='ltr'><strong>sumus</strong></span> <span class='ocrx_word' id='word_1_332' title='bbox 881 4037 1066 4090; x_wconf 76' lang='lat' dir='ltr'><strong>corpus</strong></span> <span class='ocrx_word' id='word_1_333' title='bbox 1084 4022 1290 4085; x_wconf 81' lang='lat' dir='ltr'><strong>Christi,</strong></span> <span class='ocrx_word' id='word_1_334' title='bbox 1319 4032 1366 4076; x_wconf 88' lang='lat' dir='ltr'><strong>et</strong></span> <span class='ocrx_word' id='word_1_335' title='bbox 1392 4025 1614 4076; x_wconf 86' lang='lat' dir='ltr'><strong>membra</strong></span> <span class='ocrx_word' id='word_1_336' title='bbox 1630 4041 1693 4077; x_wconf 79' lang='lat' dir='ltr'><strong>ea:</strong></span> <span class='ocrx_word' id='word_1_337' title='bbox 1714 4033 1872 4094; x_wconf 88' lang='lat' dir='ltr'><strong>parte,</strong></span> 
     </span>
    </p>
   </div>
   <div class='ocr_carea' id='block_1_42' title="bbox 284 4109 1876 4182">
    <p class='ocr_par' dir='ltr' id='par_1_42' title="bbox 284 4109 1876 4182">
     <span class='ocr_line' id='line_1_42' title="bbox 284 4109 1876 4182; baseline 0.003 -18"><span class='ocrx_word' id='word_1_338' title='bbox 284 4124 346 4164; x_wconf 78' lang='lat' dir='ltr'><strong>ea:</strong></span> <span class='ocrx_word' id='word_1_339' title='bbox 373 4125 524 4163; x_wconf 83' lang='lat' dir='ltr'><strong>came</strong></span> <span class='ocrx_word' id='word_1_340' title='bbox 549 4111 658 4180; x_wconf 87' lang='lat' dir='ltr'><strong>ejus</strong></span> <span class='ocrx_word' id='word_1_341' title='bbox 682 4111 758 4182; x_wconf 90' lang='grc'><strong>(1.</strong></span> <span class='ocrx_word' id='word_1_342' title='bbox 788 4109 904 4164; x_wconf 84' lang='lat' dir='ltr'><strong>Cor.</strong></span> <span class='ocrx_word' id='word_1_343' title='bbox 931 4111 1018 4165; x_wconf 76' lang='grc'>12.</span> <span class='ocrx_word' id='word_1_344' title='bbox 1048 4111 1164 4180; x_wconf 76' lang='lat'><strong>27).</strong></span> <span class='ocrx_word' id='word_1_345' title='bbox 1195 4112 1409 4167; x_wconf 85' lang='lat' dir='ltr'><strong>Scilicet</strong></span> <span class='ocrx_word' id='word_1_346' title='bbox 1429 4123 1646 4182; x_wconf 87' lang='lat' dir='ltr'><strong>propter</strong></span> <span class='ocrx_word' id='word_1_347' title='bbox 1661 4129 1876 4168; x_wconf 89' lang='lat' dir='ltr'><strong>carnem</strong></span> 
     </span>
    </p>
   </div>
   <div class='ocr_carea' id='block_1_43' title="bbox 277 4204 1878 4276">
    <p class='ocr_par' dir='ltr' id='par_1_43' title="bbox 277 4204 1878 4276">
     <span class='ocr_line' id='line_1_43' title="bbox 277 4204 1878 4276; baseline 0.004 -20"><span class='ocrx_word' id='word_1_348' title='bbox 277 4218 444 4273; x_wconf 85' lang='lat' dir='ltr'><strong>quam</strong></span> <span class='ocrx_word' id='word_1_349' title='bbox 473 4205 762 4272; x_wconf 81' lang='lat' dir='ltr'><strong>assumpsit</strong></span> <span class='ocrx_word' id='word_1_350' title='bbox 785 4204 997 4274; x_wconf 87' lang='lat' dir='ltr'><strong>cognati</strong></span> <span class='ocrx_word' id='word_1_351' title='bbox 1036 4204 1162 4273; x_wconf 76' lang='lat' dir='ltr'><strong>ejus.</strong></span> <span class='ocrx_word' id='word_1_352' title='bbox 1190 4219 1394 4260; x_wconf 91' lang='lat' dir='ltr'><strong>sumus.</strong></span> <span class='ocrx_word' id='word_1_353' title='bbox 1425 4205 1690 4261; x_wconf 81' lang='lat' dir='ltr'><strong>Habemus</strong></span> <span class='ocrx_word' id='word_1_354' title='bbox 1721 4207 1878 4276; x_wconf 80' lang='lat' dir='ltr'><strong>igitur</strong></span> 
     </span>
    </p>
   </div>
   <div class='ocr_carea' id='block_1_44' title="bbox 287 4295 1877 4367">
    <p class='ocr_par' dir='ltr' id='par_1_44' title="bbox 287 4295 1877 4367">
     <span class='ocr_line' id='line_1_44' title="bbox 287 4295 1877 4367; baseline 0.004 -19"><span class='ocrx_word' id='word_1_355' title='bbox 287 4296 479 4366; x_wconf 85' lang='lat' dir='ltr'><strong>pignus</strong></span> <span class='ocrx_word' id='word_1_356' title='bbox 507 4295 624 4366; x_wconf 89' lang='lat' dir='ltr'><strong>ejus</strong></span> <span class='ocrx_word' id='word_1_357' title='bbox 649 4310 885 4361; x_wconf 91' lang='lat' dir='ltr'><strong>sursum,</strong></span> <span class='ocrx_word' id='word_1_358' title='bbox 933 4296 1184 4351; x_wconf 88' lang='lat' dir='ltr'><strong>nimirum</strong></span> <span class='ocrx_word' id='word_1_359' title='bbox 1213 4311 1408 4366; x_wconf 89' lang='lat' dir='ltr'><strong>corpus</strong></span> <span class='ocrx_word' id='word_1_360' title='bbox 1444 4299 1583 4367; x_wconf 90' lang='lat' dir='ltr'><strong>quod</strong></span> <span class='ocrx_word' id='word_1_361' title='bbox 1615 4314 1678 4353; x_wconf 84' lang='lat' dir='ltr'><strong>ex</strong></span> <span class='ocrx_word' id='word_1_362' title='bbox 1723 4300 1877 4355; x_wconf 89' lang='lat' dir='ltr'><strong>nobis</strong></span> 
     </span>
    </p>
   </div>
   <div class='ocr_carea' id='block_1_45' title="bbox 284 4386 1878 4455">
    <p class='ocr_par' dir='ltr' id='par_1_45' title="bbox 284 4386 1878 4455">
     <span class='ocr_line' id='line_1_45' title="bbox 284 4386 1878 4455; baseline 0.003 -15"><span class='ocrx_word' id='word_1_363' title='bbox 284 4387 601 4455; x_wconf 77' lang='lat' dir='ltr'><strong>assumpsit;</strong></span> <span class='ocrx_word' id='word_1_364' title='bbox 625 4397 679 4442; x_wconf 90' lang='lat' dir='ltr'><strong>et</strong></span> <span class='ocrx_word' id='word_1_365' title='bbox 708 4387 759 4440; x_wconf 91' lang='lat' dir='ltr'><strong>in</strong></span> <span class='ocrx_word' id='word_1_366' title='bbox 785 4394 926 4441; x_wconf 88' lang='lat' dir='ltr'><strong>terra</strong></span> <span class='ocrx_word' id='word_1_367' title='bbox 949 4386 1203 4455; x_wconf 89' lang='lat' dir='ltr'><strong>Spiritum</strong></span> <span class='ocrx_word' id='word_1_368' title='bbox 1222 4396 1461 4442; x_wconf 91' lang='lat' dir='ltr'><strong>sanetum</strong></span> <span class='ocrx_word' id='word_1_369' title='bbox 1485 4388 1776 4443; x_wconf 89' lang='lat' dir='ltr'><strong>nobiscum.</strong></span> <span class='ocrx_word' id='word_1_370' title='bbox 1811 4390 1878 4444; x_wconf 90' lang='lat' dir='ltr'><strong>Et</strong></span> 
     </span>
    </p>
   </div>
   <div class='ocr_carea' id='block_1_46' title="bbox 283 4478 1878 4548">
    <p class='ocr_par' dir='ltr' id='par_1_46' title="bbox 283 4478 1878 4548">
     <span class='ocr_line' id='line_1_46' title="bbox 283 4478 1878 4548; baseline 0 -14"><span class='ocrx_word' id='word_1_371' title='bbox 283 4479 406 4536; x_wconf 81' lang='lat' dir='ltr'><strong>vide</strong></span> <span class='ocrx_word' id='word_1_372' title='bbox 434 4493 550 4534; x_wconf 90' lang='lat' dir='ltr'><strong>rem</strong></span> <span class='ocrx_word' id='word_1_373' title='bbox 586 4478 913 4544; x_wconf 89' lang='lat' dir='ltr'><strong>mirabilem;</strong></span> <span class='ocrx_word' id='word_1_374' title='bbox 941 4493 1048 4533; x_wconf 90' lang='lat' dir='ltr'><strong>non</strong></span> <span class='ocrx_word' id='word_1_375' title='bbox 1084 4479 1205 4532; x_wconf 89' lang='lat' dir='ltr'><strong>dico</strong></span> <span class='ocrx_word' id='word_1_376' title='bbox 1231 4479 1370 4547; x_wconf 88' lang='lat' dir='ltr'><strong>quod</strong></span> <span class='ocrx_word' id='word_1_377' title='bbox 1398 4479 1626 4548; x_wconf 88' lang='lat' dir='ltr'><strong>Spiritus</strong></span> <span class='ocrx_word' id='word_1_378' title='bbox 1653 4480 1878 4534; x_wconf 88' lang='lat' dir='ltr'><strong>descen-</strong></span> 
     </span>
    </p>
   </div>
   <div class='ocr_carea' id='block_1_47' title="bbox 285 4570 1879 4640">
    <p class='ocr_par' dir='ltr' id='par_1_47' title="bbox 285 4570 1879 4640">
     <span class='ocr_line' id='line_1_47' title="bbox 285 4570 1879 4640; baseline -0.002 -11"><span class='ocrx_word' id='word_1_379' title='bbox 285 4570 422 4632; x_wconf 85' lang='lat' dir='ltr'><strong>derit</strong></span> <span class='ocrx_word' id='word_1_380' title='bbox 449 4570 517 4625; x_wconf 90' lang='lat' dir='ltr'><strong>de</strong></span> <span class='ocrx_word' id='word_1_381' title='bbox 541 4570 696 4634; x_wconf 56' lang='lat' dir='ltr'><strong>casio,</strong></span> <span class='ocrx_word' id='word_1_382' title='bbox 724 4579 778 4624; x_wconf 92' lang='lat' dir='ltr'><strong>et</strong></span> <span class='ocrx_word' id='word_1_383' title='bbox 813 4584 919 4624; x_wconf 88' lang='lat' dir='ltr'><strong>non</strong></span> <span class='ocrx_word' id='word_1_384' title='bbox 965 4571 1101 4624; x_wconf 90' lang='lat' dir='ltr'><strong>ultra</strong></span> <span class='ocrx_word' id='word_1_385' title='bbox 1130 4570 1200 4624; x_wconf 90' lang='lat' dir='ltr'><strong>sit</strong></span> <span class='ocrx_word' id='word_1_386' title='bbox 1230 4571 1280 4622; x_wconf 91' lang='lat' dir='ltr'><strong>in</strong></span> <span class='ocrx_word' id='word_1_387' title='bbox 1323 4571 1473 4634; x_wconf 69' lang='lat' dir='ltr'><strong>CiDlO,</strong></span> <span class='ocrx_word' id='word_1_388' title='bbox 1503 4579 1557 4624; x_wconf 93' lang='lat' dir='ltr'><strong>et</strong></span> <span class='ocrx_word' id='word_1_389' title='bbox 1585 4573 1726 4640; x_wconf 81' lang='lat' dir='ltr'><strong>quod</strong></span> <span class='ocrx_word' id='word_1_390' title='bbox 1762 4588 1879 4626; x_wconf 83' lang='lat' dir='ltr'><strong>mu-</strong></span> 
     </span>
    </p>
   </div>
   <div class='ocr_carea' id='block_1_48' title="bbox 285 4662 1873 4736">
    <p class='ocr_par' dir='ltr' id='par_1_48' title="bbox 285 4662 1873 4736">
     <span class='ocr_line' id='line_1_48' title="bbox 285 4662 1873 4736; baseline -0.001 -16"><span class='ocrx_word' id='word_1_391' title='bbox 285 4665 408 4720; x_wconf 84' lang='lat' dir='ltr'><strong>tatis</strong></span> <span class='ocrx_word' id='word_1_392' title='bbox 433 4663 668 4726; x_wconf 89' lang='lat' dir='ltr'><strong>sedibus,</strong></span> <span class='ocrx_word' id='word_1_393' title='bbox 700 4676 894 4732; x_wconf 86' lang='lat' dir='ltr'><strong>corpus</strong></span> <span class='ocrx_word' id='word_1_394' title='bbox 909 4662 1120 4728; x_wconf 65' lang='lat' dir='ltr'><strong>omium,</strong></span> <span class='ocrx_word' id='word_1_395' title='bbox 1145 4662 1374 4730; x_wconf 87' lang='lat' dir='ltr'><strong>Spiritus</strong></span> <span class='ocrx_word' id='word_1_396' title='bbox 1405 4672 1598 4717; x_wconf 89' lang='lat' dir='ltr'><strong>terram</strong></span> <span class='ocrx_word' id='word_1_397' title='bbox 1630 4677 1873 4736; x_wconf 89' lang='lat' dir='ltr'><strong>occupet;</strong></span> 
     </span>
    </p>
   </div>
   <div class='ocr_carea' id='block_1_49' title="bbox 285 4754 1876 4825">
    <p class='ocr_par' dir='ltr' id='par_1_49' title="bbox 285 4754 1876 4825">
     <span class='ocr_line' id='line_1_49' title="bbox 285 4754 1876 4825; baseline -0.002 -13"><span class='ocrx_word' id='word_1_398' title='bbox 285 4754 381 4812; x_wconf 82' lang='lat' dir='ltr'><strong>sed</strong></span> <span class='ocrx_word' id='word_1_399' title='bbox 410 4755 554 4825; x_wconf 93' lang='lat' dir='ltr'><strong>quod</strong></span> <span class='ocrx_word' id='word_1_400' title='bbox 580 4754 806 4823; x_wconf 88' lang='lat' dir='ltr'><strong>Spiritus</strong></span> <span class='ocrx_word' id='word_1_401' title='bbox 831 4754 901 4808; x_wconf 89' lang='lat' dir='ltr'><strong>sit</strong></span> <span class='ocrx_word' id='word_1_402' title='bbox 941 4755 1237 4816; x_wconf 88' lang='lat' dir='ltr'><strong>nobiseum,</strong></span> <span class='ocrx_word' id='word_1_403' title='bbox 1285 4764 1337 4808; x_wconf 87' lang='lat' dir='ltr'><strong>et</strong></span> <span class='ocrx_word' id='word_1_404' title='bbox 1365 4756 1578 4823; x_wconf 89' lang='lat' dir='ltr'><strong>ubique,</strong></span> <span class='ocrx_word' id='word_1_405' title='bbox 1609 4766 1662 4809; x_wconf 91' lang='lat' dir='ltr'><strong>et</strong></span> <span class='ocrx_word' id='word_1_406' title='bbox 1692 4757 1742 4809; x_wconf 90' lang='lat' dir='ltr'><strong>in</strong></span> <span class='ocrx_word' id='word_1_407' title='bbox 1770 4772 1876 4810; x_wconf 71' lang='lat' dir='ltr'><strong>ete-</strong></span> 
     </span>
    </p>
   </div>
   <div class='ocr_carea' id='block_1_50' title="bbox 285 4845 1878 4920">
    <p class='ocr_par' dir='ltr' id='par_1_50' title="bbox 285 4845 1878 4920">
     <span class='ocr_line' id='line_1_50' title="bbox 285 4845 1878 4920; baseline 0.001 -19"><span class='ocrx_word' id='word_1_408' title='bbox 285 4846 376 4902; x_wconf 84' lang='lat' dir='ltr'><strong>lo:</strong></span> <span class='ocrx_word' id='word_1_409' title='bbox 410 4861 556 4913; x_wconf 89' lang='lat' dir='ltr'><strong>nam,</strong></span> <span class='ocrx_word' id='word_1_410' title='bbox 587 4845 700 4913; x_wconf 83' lang='lat' dir='ltr'><strong>Quo</strong></span> <span class='ocrx_word' id='word_1_411' title='bbox 724 4847 826 4912; x_wconf 91' lang='lat' dir='ltr'><strong>ibo,</strong></span> <span class='ocrx_word' id='word_1_412' title='bbox 846 4845 1033 4915; x_wconf 84' lang='lat' dir='ltr'><strong>inquit,</strong></span> <span class='ocrx_word' id='word_1_413' title='bbox 1068 4846 1604 4918; x_wconf 86' lang='lat' dir='ltr'><strong>aSpiritutuo(Psal.</strong></span> <span class='ocrx_word' id='word_1_414' title='bbox 1639 4849 1760 4904; x_wconf 75' lang='grc'>158.</span> <span class='ocrx_word' id='word_1_415' title='bbox 1795 4850 1878 4920; x_wconf 86' lang='lat'><strong>7)?</strong></span> 
     </span>
    </p>
   </div>
   <div class='ocr_carea' id='block_1_51' title="bbox 285 4937 1874 5009">
    <p class='ocr_par' dir='ltr' id='par_1_51' title="bbox 285 4937 1874 5009">
     <span class='ocr_line' id='line_1_51' title="bbox 285 4937 1874 5009; baseline -0.001 -13"><span class='ocrx_word' id='word_1_416' title='bbox 285 4938 493 5009; x_wconf 81' lang='lat' dir='ltr'><strong>Ecquid</strong></span> <span class='ocrx_word' id='word_1_417' title='bbox 533 4939 744 4992; x_wconf 87' lang='lat' dir='ltr'><strong>miraris</strong></span> <span class='ocrx_word' id='word_1_418' title='bbox 769 4938 814 4992; x_wconf 90' lang='lat' dir='ltr'><strong>si</strong></span> <span class='ocrx_word' id='word_1_419' title='bbox 858 4937 1086 5006; x_wconf 90' lang='lat' dir='ltr'><strong>Spiritus</strong></span> <span class='ocrx_word' id='word_1_420' title='bbox 1134 4940 1202 4992; x_wconf 91' lang='lat' dir='ltr'><strong>sit</strong></span> <span class='ocrx_word' id='word_1_421' title='bbox 1241 4940 1516 4993; x_wconf 87' lang='lat' dir='ltr'><strong>nobiseum</strong></span> <span class='ocrx_word' id='word_1_422' title='bbox 1549 4951 1604 4995; x_wconf 91' lang='lat' dir='ltr'><strong>et</strong></span> <span class='ocrx_word' id='word_1_423' title='bbox 1641 4956 1874 5008; x_wconf 90' lang='lat' dir='ltr'><strong>sursum,</strong></span> 
     </span>
    </p>
   </div>
   <div class='ocr_carea' id='block_1_52' title="bbox 288 5027 1878 5100">
    <p class='ocr_par' dir='ltr' id='par_1_52' title="bbox 288 5027 1878 5100">
     <span class='ocr_line' id='line_1_52' title="bbox 288 5027 1878 5100; baseline 0.002 -17"><span class='ocrx_word' id='word_1_424' title='bbox 288 5027 506 5100; x_wconf 84' lang='lat' dir='ltr'><strong>quando</strong></span> <span class='ocrx_word' id='word_1_425' title='bbox 533 5027 696 5083; x_wconf 85' lang='lat' dir='ltr'><strong>etiam</strong></span> <span class='ocrx_word' id='word_1_426' title='bbox 726 5041 922 5098; x_wconf 90' lang='lat' dir='ltr'><strong>corpus</strong></span> <span class='ocrx_word' id='word_1_427' title='bbox 945 5027 1141 5083; x_wconf 90' lang='lat' dir='ltr'><strong>Christi</strong></span> <span class='ocrx_word' id='word_1_428' title='bbox 1183 5039 1265 5083; x_wconf 89' lang='lat' dir='ltr'><strong>est</strong></span> <span class='ocrx_word' id='word_1_429' title='bbox 1299 5039 1351 5083; x_wconf 93' lang='lat' dir='ltr'><strong>et</strong></span> <span class='ocrx_word' id='word_1_430' title='bbox 1375 5045 1582 5084; x_wconf 90' lang='lat' dir='ltr'><strong>sursum</strong></span> <span class='ocrx_word' id='word_1_431' title='bbox 1613 5043 1662 5086; x_wconf 91' lang='lat' dir='ltr'><strong>et</strong></span> <span class='ocrx_word' id='word_1_432' title='bbox 1698 5033 1878 5086; x_wconf 84' lang='lat' dir='ltr'><strong>nobis-</strong></span> 
     </span>
    </p>
   </div>
   <div class='ocr_carea' id='block_1_53' title="bbox 286 5117 1878 5190">
    <p class='ocr_par' dir='ltr' id='par_1_53' title="bbox 286 5117 1878 5190">
     <span class='ocr_line' id='line_1_53' title="bbox 286 5117 1878 5190; baseline 0.003 -15"><span class='ocrx_word' id='word_1_433' title='bbox 286 5117 447 5176; x_wconf 82' lang='lat' dir='ltr'><strong>cum?</strong></span> <span class='ocrx_word' id='word_1_434' title='bbox 475 5117 669 5173; x_wconf 82' lang='lat' dir='ltr'><strong>Ilabuit</strong></span> <span class='ocrx_word' id='word_1_435' title='bbox 690 5118 876 5172; x_wconf 73' lang='lat' dir='ltr'><strong>caelum</strong></span> <span class='ocrx_word' id='word_1_436' title='bbox 905 5129 1144 5174; x_wconf 89' lang='lat' dir='ltr'><strong>sanctum</strong></span> <span class='ocrx_word' id='word_1_437' title='bbox 1161 5135 1384 5189; x_wconf 89' lang='lat' dir='ltr'><strong>corpus;</strong></span> <span class='ocrx_word' id='word_1_438' title='bbox 1414 5125 1645 5190; x_wconf 88' lang='lat' dir='ltr'><strong>suscepit</strong></span> <span class='ocrx_word' id='word_1_439' title='bbox 1667 5135 1717 5177; x_wconf 92' lang='lat' dir='ltr'><strong>et</strong></span> <span class='ocrx_word' id='word_1_440' title='bbox 1740 5133 1878 5180; x_wconf 82' lang='lat' dir='ltr'><strong>terra</strong></span> 
     </span>
    </p>
   </div>
   <div class='ocr_carea' id='block_1_54' title="bbox 287 5209 1876 5284">
    <p class='ocr_par' dir='ltr' id='par_1_54' title="bbox 287 5209 1876 5284">
     <span class='ocr_line' id='line_1_54' title="bbox 287 5209 1876 5284; baseline 0.001 -16"><span class='ocrx_word' id='word_1_441' title='bbox 287 5221 528 5268; x_wconf 66' lang='lat' dir='ltr'><strong>unctum</strong></span> <span class='ocrx_word' id='word_1_442' title='bbox 551 5209 842 5279; x_wconf 90' lang='lat' dir='ltr'><strong>Spiritum;</strong></span> <span class='ocrx_word' id='word_1_443' title='bbox 873 5211 1016 5264; x_wconf 84' lang='lat' dir='ltr'><strong>venit</strong></span> <span class='ocrx_word' id='word_1_444' title='bbox 1055 5211 1300 5266; x_wconf 90' lang='lat' dir='ltr'><strong>Christus</strong></span> <span class='ocrx_word' id='word_1_445' title='bbox 1326 5221 1380 5267; x_wconf 90' lang='lat' dir='ltr'><strong>et</strong></span> <span class='ocrx_word' id='word_1_446' title='bbox 1421 5215 1595 5268; x_wconf 88' lang='lat' dir='ltr'><strong>attulit</strong></span> <span class='ocrx_word' id='word_1_447' title='bbox 1621 5214 1876 5284; x_wconf 83' lang='lat' dir='ltr'><strong>Spiritum</strong></span> 
     </span>
    </p>
   </div>
   <div class='ocr_carea' id='block_1_55' title="bbox 288 5302 1875 5376">
    <p class='ocr_par' dir='ltr' id='par_1_55' title="bbox 288 5302 1875 5376">
     <span class='ocr_line' id='line_1_55' title="bbox 288 5302 1875 5376; baseline 0.002 -17"><span class='ocrx_word' id='word_1_448' title='bbox 288 5314 551 5370; x_wconf 85' lang='lat' dir='ltr'><strong>sanetum,</strong></span> <span class='ocrx_word' id='word_1_449' title='bbox 570 5303 815 5359; x_wconf 86' lang='lat' dir='ltr'><strong>ascendit</strong></span> <span class='ocrx_word' id='word_1_450' title='bbox 839 5302 1082 5356; x_wconf 81' lang='lat' dir='ltr'><strong>Christus</strong></span> <span class='ocrx_word' id='word_1_451' title='bbox 1111 5314 1164 5357; x_wconf 87' lang='lat' dir='ltr'><strong>et</strong></span> <span class='ocrx_word' id='word_1_452' title='bbox 1193 5305 1375 5358; x_wconf 91' lang='lat' dir='ltr'><strong>retulit</strong></span> <span class='ocrx_word' id='word_1_453' title='bbox 1402 5315 1641 5360; x_wconf 84' lang='lat' dir='ltr'><strong>nostrum</strong></span> <span class='ocrx_word' id='word_1_454' title='bbox 1660 5321 1875 5376; x_wconf 88' lang='lat' dir='ltr'><strong>corpus.</strong></span> 
     </span>
    </p>
   </div>
   <div class='ocr_carea' id='block_1_56' title="bbox 289 5392 1878 5464">
    <p class='ocr_par' dir='ltr' id='par_1_56' title="bbox 289 5392 1878 5464">
     <span class='ocr_line' id='line_1_56' title="bbox 289 5392 1878 5464; baseline 0.001 -16"><span class='ocrx_word' id='word_1_455' title='bbox 289 5392 588 5464; x_wconf 82' lang='lat' dir='ltr'><strong>Videreque</strong></span> <span class='ocrx_word' id='word_1_456' title='bbox 610 5402 726 5449; x_wconf 89' lang='lat' dir='ltr'><strong>erat</strong></span> <span class='ocrx_word' id='word_1_457' title='bbox 753 5392 1036 5460; x_wconf 76' lang='lat' dir='ltr'><strong>imaginem</strong></span> <span class='ocrx_word' id='word_1_458' title='bbox 1075 5393 1262 5446; x_wconf 84' lang='lat' dir='ltr'><strong>Adami</strong></span> <span class='ocrx_word' id='word_1_459' title='bbox 1298 5397 1348 5447; x_wconf 93' lang='lat' dir='ltr'><strong>in</strong></span> <span class='ocrx_word' id='word_1_460' title='bbox 1396 5398 1640 5464; x_wconf 91' lang='lat' dir='ltr'><strong>sepulcro</strong></span> <span class='ocrx_word' id='word_1_461' title='bbox 1693 5399 1878 5450; x_wconf 85' lang='lat' dir='ltr'><strong>Imma-</strong></span> 
     </span>
    </p>
   </div>
   <div class='ocr_carea' id='block_1_57' title="bbox 291 5485 1877 5557">
    <p class='ocr_par' dir='ltr' id='par_1_57' title="bbox 291 5485 1877 5557">
     <span class='ocr_line' id='line_1_57' title="bbox 291 5485 1877 5557; baseline -0.001 -14"><span class='ocrx_word' id='word_1_462' title='bbox 291 5495 420 5554; x_wconf 81' lang='lat' dir='ltr'><strong>tam,</strong></span> <span class='ocrx_word' id='word_1_463' title='bbox 445 5503 552 5541; x_wconf 90' lang='lat' dir='ltr'><strong>non</strong></span> <span class='ocrx_word' id='word_1_464' title='bbox 591 5486 731 5540; x_wconf 86' lang='lat' dir='ltr'><strong>ultra</strong></span> <span class='ocrx_word' id='word_1_465' title='bbox 772 5499 894 5539; x_wconf 92' lang='lat' dir='ltr'><strong>eum</strong></span> <span class='ocrx_word' id='word_1_466' title='bbox 931 5485 1132 5554; x_wconf 78' lang='lat' dir='ltr'><strong>angelis</strong></span> <span class='ocrx_word' id='word_1_467' title='bbox 1179 5497 1544 5554; x_wconf 86' lang='lat' dir='ltr'><strong>apparentem,</strong></span> <span class='ocrx_word' id='word_1_468' title='bbox 1575 5488 1668 5542; x_wconf 87' lang='lat' dir='ltr'><strong>sed</strong></span> <span class='ocrx_word' id='word_1_469' title='bbox 1715 5504 1877 5557; x_wconf 66' lang='grc' dir='ltr'><strong>δηναι-</strong></span> 
     </span>
    </p>
   </div>
   <div class='ocr_carea' id='block_1_58' title="bbox 289 5574 1875 5648">
    <p class='ocr_par' dir='ltr' id='par_1_58' title="bbox 289 5574 1875 5648">
     <span class='ocr_line' id='line_1_58' title="bbox 289 5574 1875 5648; baseline 0.001 -16"><span class='ocrx_word' id='word_1_470' title='bbox 289 5577 504 5647; x_wconf 78' lang='lat' dir='ltr'><strong>angelos</strong></span> <span class='ocrx_word' id='word_1_471' title='bbox 522 5591 643 5630; x_wconf 89' lang='lat' dir='ltr'><strong>cum</strong></span> <span class='ocrx_word' id='word_1_472' title='bbox 672 5575 782 5629; x_wconf 91' lang='lat' dir='ltr'><strong>Deo</strong></span> <span class='ocrx_word' id='word_1_473' title='bbox 807 5574 1103 5640; x_wconf 91' lang='lat' dir='ltr'><strong>sedentem,</strong></span> <span class='ocrx_word' id='word_1_474' title='bbox 1137 5586 1192 5628; x_wconf 91' lang='lat' dir='ltr'><strong>ut</strong></span> <span class='ocrx_word' id='word_1_475' title='bbox 1233 5585 1286 5630; x_wconf 90' lang='lat' dir='ltr'><strong>et</strong></span> <span class='ocrx_word' id='word_1_476' title='bbox 1316 5592 1414 5630; x_wconf 86' lang='lat' dir='ltr'><strong>nos</strong></span> <span class='ocrx_word' id='word_1_477' title='bbox 1443 5577 1558 5646; x_wconf 88' lang='lat' dir='ltr'><strong>ejus</strong></span> <span class='ocrx_word' id='word_1_478' title='bbox 1583 5593 1745 5648; x_wconf 88' lang='lat' dir='ltr'><strong>opera</strong></span> <span class='ocrx_word' id='word_1_479' title='bbox 1777 5579 1875 5648; x_wconf 90' lang='lat' dir='ltr'><strong>ipsi</strong></span> 
     </span>
    </p>
   </div>
   <div class='ocr_carea' id='block_1_59' title="bbox 239 5664 1873 5740">
    <p class='ocr_par' dir='ltr' id='par_1_59' title="bbox 239 5664 1873 5740">
     <span class='ocr_line' id='line_1_59' title="bbox 239 5664 1873 5740; baseline -0.003 -14"><span class='ocrx_word' id='word_1_480' title='bbox 239 5736 242 5740; x_wconf 39' lang='grc'>,</span> <span class='ocrx_word' id='word_1_481' title='bbox 287 5669 664 5727; x_wconf 79' lang='lat' dir='ltr'><strong>assideremus.</strong></span> <span class='ocrx_word' id='word_1_482' title='bbox 692 5666 736 5719; x_wconf 91' lang='grc'>0</span> <span class='ocrx_word' id='word_1_483' title='bbox 760 5664 1088 5719; x_wconf 81' lang='lat' dir='ltr'><strong>tremendam</strong></span> <span class='ocrx_word' id='word_1_484' title='bbox 1113 5676 1165 5719; x_wconf 90' lang='lat' dir='ltr'><strong>et</strong></span> <span class='ocrx_word' id='word_1_485' title='bbox 1188 5667 1502 5735; x_wconf 87' lang='lat' dir='ltr'><strong>stupendam</strong></span> <span class='ocrx_word' id='word_1_486' title='bbox 1523 5668 1873 5738; x_wconf 88' lang='lat' dir='ltr'><strong>dispensatio-</strong></span> 
     </span>
    </p>
   </div>
   <div class='ocr_carea' id='block_1_60' title="bbox 294 5760 1868 5835">
    <p class='ocr_par' dir='ltr' id='par_1_60' title="bbox 294 5760 1868 5835">
     <span class='ocr_line' id='line_1_60' title="bbox 294 5760 1868 5835; baseline 0.003 -22"><span class='ocrx_word' id='word_1_487' title='bbox 294 5760 446 5815; x_wconf 80' lang='lat' dir='ltr'><strong>nem&#39;</strong></span> <span class='ocrx_word' id='word_1_488' title='bbox 476 5775 511 5817; x_wconf 75' lang='grc' dir='ltr'>ο</span> <span class='ocrx_word' id='word_1_489' title='bbox 539 5773 787 5831; x_wconf 79' lang='lat' dir='ltr'><strong>maguum</strong></span> <span class='ocrx_word' id='word_1_490' title='bbox 813 5774 988 5828; x_wconf 59' lang='grc' dir='ltr'><strong>τίς-ω]</strong></span> <span class='ocrx_word' id='word_1_491' title='bbox 1020 5773 1112 5829; x_wconf 73' lang='lat' dir='ltr'><strong>per</strong></span> <span class='ocrx_word' id='word_1_492' title='bbox 1145 5762 1318 5814; x_wconf 72' lang='lat' dir='ltr'><strong>omnia</strong></span> <span class='ocrx_word' id='word_1_493' title='bbox 1357 5776 1625 5832; x_wconf 72' lang='lat' dir='ltr'><strong>magnum,</strong></span> <span class='ocrx_word' id='word_1_494' title='bbox 1660 5764 1730 5818; x_wconf 76' lang='lat' dir='ltr'><strong>ita</strong></span> <span class='ocrx_word' id='word_1_495' title='bbox 1760 5779 1868 5835; x_wconf 61' lang='lat' dir='ltr'><strong>mat;</strong></span> 
     </span>
    </p>
   </div>
   <div class='ocr_carea' id='block_1_61' title="bbox 991 345 2820 404">
    <p class='ocr_par' dir='ltr' id='par_1_61' title="bbox 991 345 2820 404">
     <span class='ocr_line' id='line_1_61' title="bbox 991 345 2820 404; baseline 0.002 -4"><span class='ocrx_word' id='word_1_496' title='bbox 991 347 1054 402; x_wconf 74' lang='lat' dir='ltr'><strong>lN</strong></span> <span class='ocrx_word' id='word_1_497' title='bbox 1097 346 1565 402; x_wconf 70' lang='lat' dir='ltr'><strong>ASCENSIONEM</strong></span> <span class='ocrx_word' id='word_1_498' title='bbox 1599 347 1660 400; x_wconf 94' lang='lat' dir='ltr'><strong>D.</strong></span> <span class='ocrx_word' id='word_1_499' title='bbox 1704 346 1767 400; x_wconf 77' lang='grc' dir='ltr'>Ν.</span> <span class='ocrx_word' id='word_1_500' title='bbox 1811 345 1862 401; x_wconf 73' lang='lat' dir='ltr'><strong>J.</strong></span> <span class='ocrx_word' id='word_1_501' title='bbox 1902 346 1961 400; x_wconf 86' lang='lat' dir='ltr'><strong>C.</strong></span> <span class='ocrx_word' id='word_1_502' title='bbox 2007 346 2096 400; x_wconf 86' lang='lat' dir='ltr'><strong>ET</strong></span> <span class='ocrx_word' id='word_1_503' title='bbox 2131 347 2193 401; x_wconf 74' lang='lat' dir='ltr'><strong>IN</strong></span> <span class='ocrx_word' id='word_1_504' title='bbox 2237 347 2525 404; x_wconf 70' lang='lat' dir='ltr'><strong>l’lllNClP.</strong></span> <span class='ocrx_word' id='word_1_505' title='bbox 2557 349 2712 404; x_wconf 83' lang='lat' dir='ltr'><strong>ACT.</strong></span> <span class='ocrx_word' id='word_1_506' title='bbox 2757 349 2820 404; x_wconf 89' lang='lat' dir='ltr'><strong>ll.</strong></span> 
     </span>
    </p>
   </div>
   <div class='ocr_carea' id='block_1_62' title="bbox 3475 352 3581 408">
    <p class='ocr_par' dir='ltr' id='par_1_62' title="bbox 3475 352 3581 408">
     <span class='ocr_line' id='line_1_62' title="bbox 3475 352 3581 408; baseline 0.028 -3"><span class='ocrx_word' id='word_1_507' title='bbox 3475 352 3581 408; x_wconf 85' lang='lat'><strong>790</strong></span> 
     </span>
    </p>
   </div>
   <div class='ocr_carea' id='block_1_63' title="bbox 1983 462 3580 534">
    <p class='ocr_par' dir='ltr' id='par_1_63' title="bbox 1983 462 3580 534">
     <span class='ocr_line' id='line_1_63' title="bbox 1983 462 3580 534; baseline 0.006 -22"><span class='ocrx_word' id='word_1_508' title='bbox 1983 476 2169 529; x_wconf 86' lang='lat' dir='ltr'><strong>gnum,</strong></span> <span class='ocrx_word' id='word_1_509' title='bbox 2200 462 2435 531; x_wconf 87' lang='lat' dir='ltr'><strong>inquam.</strong></span> <span class='ocrx_word' id='word_1_510' title='bbox 2461 473 2515 518; x_wconf 90' lang='lat' dir='ltr'><strong>et</strong></span> <span class='ocrx_word' id='word_1_511' title='bbox 2545 464 2878 518; x_wconf 81' lang='lat' dir='ltr'><strong>mirabilem!</strong></span> <span class='ocrx_word' id='word_1_512' title='bbox 2904 465 3079 532; x_wconf 81' lang='lat' dir='ltr'><strong>Atque</strong></span> <span class='ocrx_word' id='word_1_513' title='bbox 3103 471 3160 518; x_wconf 92' lang='lat' dir='ltr'><strong>ut</strong></span> <span class='ocrx_word' id='word_1_514' title='bbox 3183 465 3258 519; x_wconf 85' lang='lat' dir='ltr'><strong>ait</strong></span> <span class='ocrx_word' id='word_1_515' title='bbox 3282 465 3580 534; x_wconf 88' lang='lat' dir='ltr'><strong>propheta:</strong></span> 
     </span>
    </p>
   </div>
   <div class='ocr_carea' id='block_1_64' title="bbox 1980 551 3586 627">
    <p class='ocr_par' dir='ltr' id='par_1_64' title="bbox 1980 551 3586 627">
     <span class='ocr_line' id='line_1_64' title="bbox 1980 551 3586 627; baseline 0.004 -23"><span class='ocrx_word' id='word_1_516' title='bbox 1980 551 2199 606; x_wconf 84' lang='lat' dir='ltr'><strong>Domine</strong></span> <span class='ocrx_word' id='word_1_517' title='bbox 2238 554 2488 608; x_wconf 80' lang='lat' dir='ltr'><strong>Dominus</strong></span> <span class='ocrx_word' id='word_1_518' title='bbox 2517 567 2720 620; x_wconf 89' lang='lat' dir='ltr'><strong>noster,</strong></span> <span class='ocrx_word' id='word_1_519' title='bbox 2767 573 2922 627; x_wconf 84' lang='lat' dir='ltr'><strong>quam</strong></span> <span class='ocrx_word' id='word_1_520' title='bbox 2964 556 3268 610; x_wconf 79' lang='lat' dir='ltr'><strong>admirabile</strong></span> <span class='ocrx_word' id='word_1_521' title='bbox 3304 567 3376 611; x_wconf 83' lang='lat' dir='ltr'><strong>est</strong></span> <span class='ocrx_word' id='word_1_522' title='bbox 3402 574 3586 611; x_wconf 75' lang='lat' dir='ltr'><strong>nomen</strong></span> 
     </span>
    </p>
   </div>
   <div class='ocr_carea' id='block_1_65' title="bbox 1981 645 3584 718">
    <p class='ocr_par' dir='ltr' id='par_1_65' title="bbox 1981 645 3584 718">
     <span class='ocr_line' id='line_1_65' title="bbox 1981 645 3584 718; baseline 0.003 -22"><span class='ocrx_word' id='word_1_523' title='bbox 1981 652 2122 696; x_wconf 86' lang='lat' dir='ltr'><strong>tuum</strong></span> <span class='ocrx_word' id='word_1_524' title='bbox 2153 645 2204 696; x_wconf 85' lang='lat' dir='ltr'><strong>in</strong></span> <span class='ocrx_word' id='word_1_525' title='bbox 2235 647 2470 699; x_wconf 81' lang='lat' dir='ltr'><strong>universa</strong></span> <span class='ocrx_word' id='word_1_526' title='bbox 2510 657 2645 700; x_wconf 88' lang='lat' dir='ltr'><strong>terra</strong></span> <span class='ocrx_word' id='word_1_527' title='bbox 2665 648 2684 699; x_wconf 87' lang='lat'><strong>.&#39;</strong></span> <span class='ocrx_word' id='word_1_528' title='bbox 2708 648 2946 714; x_wconf 80' lang='lat' dir='ltr'><strong>quoniam</strong></span> <span class='ocrx_word' id='word_1_529' title='bbox 2992 648 3182 700; x_wconf 73' lang='lat' dir='ltr'><strong>elevata</strong></span> <span class='ocrx_word' id='word_1_530' title='bbox 3220 657 3293 700; x_wconf 86' lang='lat' dir='ltr'><strong>est</strong></span> <span class='ocrx_word' id='word_1_531' title='bbox 3341 648 3584 718; x_wconf 76' lang='lat' dir='ltr'><strong>magniﬁ-</strong></span> 
     </span>
    </p>
   </div>
   <div class='ocr_carea' id='block_1_66' title="bbox 1979 737 3586 808">
    <p class='ocr_par' dir='ltr' id='par_1_66' title="bbox 1979 737 3586 808">
     <span class='ocr_line' id='line_1_66' title="bbox 1979 737 3586 808; baseline 0.002 -20"><span class='ocrx_word' id='word_1_532' title='bbox 1979 737 2143 789; x_wconf 86' lang='lat' dir='ltr'><strong>centia</strong></span> <span class='ocrx_word' id='word_1_533' title='bbox 2170 747 2257 789; x_wconf 82' lang='lat' dir='ltr'><strong>tua</strong></span> <span class='ocrx_word' id='word_1_534' title='bbox 2281 755 2434 806; x_wconf 81' lang='lat' dir='ltr'><strong>super</strong></span> <span class='ocrx_word' id='word_1_535' title='bbox 2463 739 2612 792; x_wconf 61' lang='lat' dir='ltr'><strong>caelos</strong></span> <span class='ocrx_word' id='word_1_536' title='bbox 2643 738 2812 808; x_wconf 78' lang='lat' dir='ltr'><strong>(l’sul.</strong></span> <span class='ocrx_word' id='word_1_537' title='bbox 2838 739 2890 793; x_wconf 87' lang='lat'><strong>8.</strong></span> <span class='ocrx_word' id='word_1_538' title='bbox 2922 738 3001 806; x_wconf 72' lang='lat'><strong>2).</strong></span> <span class='ocrx_word' id='word_1_539' title='bbox 3037 740 3258 794; x_wconf 74' lang='lat' dir='ltr'><strong>Elevata</strong></span> <span class='ocrx_word' id='word_1_540' title='bbox 3284 750 3365 793; x_wconf 90' lang='lat' dir='ltr'><strong>est</strong></span> <span class='ocrx_word' id='word_1_541' title='bbox 3391 739 3586 793; x_wconf 84' lang='lat' dir='ltr'><strong>divini-</strong></span> 
     </span>
    </p>
   </div>
   <div class='ocr_carea' id='block_1_67' title="bbox 1981 827 3582 894">
    <p class='ocr_par' dir='ltr' id='par_1_67' title="bbox 1981 827 3582 894">
     <span class='ocr_line' id='line_1_67' title="bbox 1981 827 3582 894; baseline 0.002 -15"><span class='ocrx_word' id='word_1_542' title='bbox 1981 835 2099 890; x_wconf 87' lang='lat' dir='ltr'><strong>tas;</strong></span> <span class='ocrx_word' id='word_1_543' title='bbox 2130 827 2260 894; x_wconf 87' lang='lat' dir='ltr'><strong>ipsis</strong></span> <span class='ocrx_word' id='word_1_544' title='bbox 2300 827 2474 882; x_wconf 89' lang='lat' dir='ltr'><strong>verbis</strong></span> <span class='ocrx_word' id='word_1_545' title='bbox 2502 829 2696 882; x_wconf 89' lang='lat' dir='ltr'><strong>dieitur</strong></span> <span class='ocrx_word' id='word_1_546' title='bbox 2722 850 2736 884; x_wconf 88' lang='lat'>:</span> <span class='ocrx_word' id='word_1_547' title='bbox 2782 827 3074 882; x_wconf 78' lang='lat' dir='ltr'><strong>Videntibus</strong></span> <span class='ocrx_word' id='word_1_548' title='bbox 3105 830 3208 882; x_wconf 82' lang='lat' dir='ltr'><strong>illis</strong></span> <span class='ocrx_word' id='word_1_549' title='bbox 3237 828 3464 884; x_wconf 82' lang='lat' dir='ltr'><strong>elevatus</strong></span> <span class='ocrx_word' id='word_1_550' title='bbox 3489 840 3582 892; x_wconf 87' lang='lat' dir='ltr'><strong>est,</strong></span> 
     </span>
    </p>
   </div>
   <div class='ocr_carea' id='block_1_68' title="bbox 1981 919 3586 990">
    <p class='ocr_par' dir='ltr' id='par_1_68' title="bbox 1981 919 3586 990">
     <span class='ocr_line' id='line_1_68' title="bbox 1981 919 3586 990; baseline 0.002 -19"><span class='ocrx_word' id='word_1_551' title='bbox 1981 919 2068 987; x_wconf 87' lang='lat' dir='ltr'><strong>qui</strong></span> <span class='ocrx_word' id='word_1_552' title='bbox 2100 919 2392 973; x_wconf 84' lang='lat' dir='ltr'><strong>secundum</strong></span> <span class='ocrx_word' id='word_1_553' title='bbox 2425 921 2601 974; x_wconf 88' lang='lat' dir='ltr'><strong>omnia</strong></span> <span class='ocrx_word' id='word_1_554' title='bbox 2635 936 2880 990; x_wconf 86' lang='lat' dir='ltr'><strong>magnus,</strong></span> <span class='ocrx_word' id='word_1_555' title='bbox 2919 936 3142 990; x_wconf 84' lang='lat' dir='ltr'><strong>magnus</strong></span> <span class='ocrx_word' id='word_1_556' title='bbox 3172 921 3334 986; x_wconf 84' lang='lat' dir='ltr'><strong>Deus,</strong></span> <span class='ocrx_word' id='word_1_557' title='bbox 3359 936 3586 990; x_wconf 84' lang='lat' dir='ltr'><strong>magnus</strong></span> 
     </span>
    </p>
   </div>
   <div class='ocr_carea' id='block_1_69' title="bbox 1981 1011 3582 1084">
    <p class='ocr_par' dir='ltr' id='par_1_69' title="bbox 1981 1011 3582 1084">
     <span class='ocr_line' id='line_1_69' title="bbox 1981 1011 3582 1084; baseline -0.001 -19"><span class='ocrx_word' id='word_1_558' title='bbox 1981 1012 2239 1066; x_wconf 90' lang='lat' dir='ltr'><strong>Dominus</strong></span> <span class='ocrx_word' id='word_1_559' title='bbox 2269 1031 2281 1064; x_wconf 94' lang='lat'>:</span> <span class='ocrx_word' id='word_1_560' title='bbox 2315 1012 2540 1082; x_wconf 77' lang='lat' dir='ltr'><strong>Magnus</strong></span> <span class='ocrx_word' id='word_1_561' title='bbox 2585 1013 2834 1066; x_wconf 78' lang='lat' dir='ltr'><strong>Dominus</strong></span> <span class='ocrx_word' id='word_1_562' title='bbox 2861 1022 2907 1066; x_wconf 88' lang='lat' dir='ltr'><strong>et</strong></span> <span class='ocrx_word' id='word_1_563' title='bbox 2934 1013 3206 1066; x_wconf 80' lang='lat' dir='ltr'><strong>laudabilis</strong></span> <span class='ocrx_word' id='word_1_564' title='bbox 3229 1014 3378 1066; x_wconf 89' lang='lat' dir='ltr'><strong>nimis</strong></span> <span class='ocrx_word' id='word_1_565' title='bbox 3405 1011 3582 1084; x_wconf 88' lang='lat' dir='ltr'><strong>(Psal.</strong></span> 
     </span>
    </p>
   </div>
   <div class='ocr_carea' id='block_1_70' title="bbox 1979 1100 3585 1173">
    <p class='ocr_par' dir='ltr' id='par_1_70' title="bbox 1979 1100 3585 1173">
     <span class='ocr_line' id='line_1_70' title="bbox 1979 1100 3585 1173; baseline 0.001 -19"><span class='ocrx_word' id='word_1_566' title='bbox 1979 1102 2070 1154; x_wconf 79' lang='grc'><strong>47.</strong></span> <span class='ocrx_word' id='word_1_567' title='bbox 2089 1100 2162 1172; x_wconf 69' lang='grc' dir='ltr'>Ξ).</span> <span class='ocrx_word' id='word_1_568' title='bbox 2195 1102 2248 1155; x_wconf 91' lang='lat' dir='ltr'><strong>Si</strong></span> <span class='ocrx_word' id='word_1_569' title='bbox 2270 1118 2398 1156; x_wconf 90' lang='lat' dir='ltr'><strong>vero</strong></span> <span class='ocrx_word' id='word_1_570' title='bbox 2423 1118 2646 1172; x_wconf 88' lang='lat' dir='ltr'><strong>magnus</strong></span> <span class='ocrx_word' id='word_1_571' title='bbox 2675 1104 2812 1156; x_wconf 91' lang='lat' dir='ltr'><strong>Deus</strong></span> <span class='ocrx_word' id='word_1_572' title='bbox 2835 1113 2888 1158; x_wconf 93' lang='lat' dir='ltr'><strong>et</strong></span> <span class='ocrx_word' id='word_1_573' title='bbox 2917 1118 3139 1173; x_wconf 89' lang='lat' dir='ltr'><strong>magnus</strong></span> <span class='ocrx_word' id='word_1_574' title='bbox 3161 1103 3439 1167; x_wconf 85' lang='lat' dir='ltr'><strong>Dominus,</strong></span> <span class='ocrx_word' id='word_1_575' title='bbox 3467 1117 3585 1156; x_wconf 85' lang='lat' dir='ltr'><strong>nta-</strong></span> 
     </span>
    </p>
   </div>
   <div class='ocr_carea' id='block_1_71' title="bbox 1979 1185 3588 1263">
    <p class='ocr_par' dir='ltr' id='par_1_71' title="bbox 1979 1185 3588 1263">
     <span class='ocr_line' id='line_1_71' title="bbox 1979 1185 3588 1263; baseline 0.001 -21"><span class='ocrx_word' id='word_1_576' title='bbox 1979 1205 2115 1260; x_wconf 82' lang='lat' dir='ltr'><strong>gnus</strong></span> <span class='ocrx_word' id='word_1_577' title='bbox 2142 1193 2300 1245; x_wconf 81' lang='lat' dir='ltr'><strong>etiam</strong></span> <span class='ocrx_word' id='word_1_578' title='bbox 2330 1208 2420 1246; x_wconf 81' lang='lat' dir='ltr'><strong>rex</strong></span> <span class='ocrx_word' id='word_1_579' title='bbox 2464 1202 2546 1246; x_wconf 87' lang='lat' dir='ltr'><strong>est</strong></span> <span class='ocrx_word' id='word_1_580' title='bbox 2571 1233 2584 1256; x_wconf 91' lang='lat'><strong>,</strong></span> <span class='ocrx_word' id='word_1_581' title='bbox 2615 1191 2728 1246; x_wconf 75' lang='lat' dir='ltr'><strong>Rm;</strong></span> <span class='ocrx_word' id='word_1_582' title='bbox 2748 1209 2962 1263; x_wconf 84' lang='lat' dir='ltr'><strong>magnus</strong></span> <span class='ocrx_word' id='word_1_583' title='bbox 2986 1209 3138 1262; x_wconf 80' lang='lat' dir='ltr'><strong>super</strong></span> <span class='ocrx_word' id='word_1_584' title='bbox 3181 1185 3379 1246; x_wconf 85' lang='lat' dir='ltr'><strong>onmem</strong></span> <span class='ocrx_word' id='word_1_585' title='bbox 3402 1201 3588 1246; x_wconf 84' lang='lat' dir='ltr'><strong>terram</strong></span> 
     </span>
    </p>
   </div>
   <div class='ocr_carea' id='block_1_72' title="bbox 1983 1281 3589 1353">
    <p class='ocr_par' dir='ltr' id='par_1_72' title="bbox 1983 1281 3589 1353">
     <span class='ocr_line' id='line_1_72' title="bbox 1983 1281 3589 1353; baseline 0.001 -19"><span class='ocrx_word' id='word_1_586' title='bbox 1983 1281 2030 1339; x_wconf 86' lang='lat' dir='ltr'><strong>ll</strong></span> <span class='ocrx_word' id='word_1_587' title='bbox 2040 1281 2169 1349; x_wconf 87' lang='lat' dir='ltr'><strong>bid).</strong></span> <span class='ocrx_word' id='word_1_588' title='bbox 2198 1281 2396 1335; x_wconf 80' lang='lat' dir='ltr'><strong>Montes</strong></span> <span class='ocrx_word' id='word_1_589' title='bbox 2421 1281 2572 1347; x_wconf 86' lang='lat' dir='ltr'><strong>Sion,</strong></span> <span class='ocrx_word' id='word_1_590' title='bbox 2608 1284 2767 1335; x_wconf 88' lang='lat' dir='ltr'><strong>latera</strong></span> <span class='ocrx_word' id='word_1_591' title='bbox 2794 1283 3071 1350; x_wconf 84' lang='lat' dir='ltr'><strong>aquilonis,</strong></span> <span class='ocrx_word' id='word_1_592' title='bbox 3105 1284 3284 1337; x_wconf 83' lang='lat' dir='ltr'><strong>ciuitas</strong></span> <span class='ocrx_word' id='word_1_593' title='bbox 3309 1283 3443 1353; x_wconf 84' lang='lat' dir='ltr'><strong>regis</strong></span> <span class='ocrx_word' id='word_1_594' title='bbox 3476 1300 3589 1335; x_wconf 80' lang='lat' dir='ltr'><strong>ma-</strong></span> 
     </span>
    </p>
   </div>
   <div class='ocr_carea' id='block_1_73' title="bbox 1980 1370 3575 1441">
    <p class='ocr_par' dir='ltr' id='par_1_73' title="bbox 1980 1370 3575 1441">
     <span class='ocr_line' id='line_1_73' title="bbox 1980 1370 3575 1441; baseline 0.001 -19"><span class='ocrx_word' id='word_1_595' title='bbox 1980 1388 2067 1440; x_wconf 82' lang='lat' dir='ltr'><strong>gm</strong></span> <span class='ocrx_word' id='word_1_596' title='bbox 2100 1370 2204 1441; x_wconf 83' lang='lat' dir='ltr'><strong>(Ib.</strong></span> <span class='ocrx_word' id='word_1_597' title='bbox 2231 1387 2276 1423; x_wconf 87' lang='grc' dir='ltr'>υ.</span> <span class='ocrx_word' id='word_1_598' title='bbox 2313 1373 2386 1441; x_wconf 79' lang='grc'>5).</span> <span class='ocrx_word' id='word_1_599' title='bbox 2437 1371 2656 1441; x_wconf 80' lang='lat' dir='ltr'><strong>Magnus</strong></span> <span class='ocrx_word' id='word_1_600' title='bbox 2697 1371 2952 1440; x_wconf 84' lang='lat' dir='ltr'><strong>prepheta</strong></span> <span class='ocrx_word' id='word_1_601' title='bbox 2975 1412 2990 1436; x_wconf 97' lang='lat'><strong>,</strong></span> <span class='ocrx_word' id='word_1_602' title='bbox 3034 1387 3257 1441; x_wconf 83' lang='lat' dir='ltr'><strong>magnus</strong></span> <span class='ocrx_word' id='word_1_603' title='bbox 3304 1371 3575 1435; x_wconf 75' lang='lat' dir='ltr'><strong>sacerdos,</strong></span> 
     </span>
    </p>
   </div>
   <div class='ocr_carea' id='block_1_74' title="bbox 1981 1461 3687 1530">
    <p class='ocr_par' dir='ltr' id='par_1_74' title="bbox 1981 1461 3687 1530">
     <span class='ocr_line' id='line_1_74' title="bbox 1981 1461 3687 1530; baseline -0.001 -16"><span class='ocrx_word' id='word_1_604' title='bbox 1981 1476 2232 1529; x_wconf 90' lang='lat' dir='ltr'><strong>tnagnum</strong></span> <span class='ocrx_word' id='word_1_605' title='bbox 2270 1461 2473 1527; x_wconf 90' lang='lat' dir='ltr'><strong>lumen,</strong></span> <span class='ocrx_word' id='word_1_606' title='bbox 2505 1461 2797 1516; x_wconf 89' lang='lat' dir='ltr'><strong>secundum</strong></span> <span class='ocrx_word' id='word_1_607' title='bbox 2847 1461 3023 1515; x_wconf 89' lang='lat' dir='ltr'><strong>omnia</strong></span> <span class='ocrx_word' id='word_1_608' title='bbox 3058 1476 3300 1530; x_wconf 85' lang='lat' dir='ltr'><strong>magnus.</strong></span> <span class='ocrx_word' id='word_1_609' title='bbox 3333 1462 3590 1529; x_wconf 72' lang='lat' dir='ltr'><strong>Semper-</strong></span> <span class='ocrx_word' id='word_1_610' title='bbox 3683 1495 3687 1498; x_wconf 92' lang='lat'><strong><em>-</em></strong></span> 
     </span>
    </p>
   </div>
   <div class='ocr_carea' id='block_1_75' title="bbox 1981 1553 3589 1624">
    <p class='ocr_par' dir='ltr' id='par_1_75' title="bbox 1981 1553 3589 1624">
     <span class='ocr_line' id='line_1_75' title="bbox 1981 1553 3589 1624; baseline 0.001 -19"><span class='ocrx_word' id='word_1_611' title='bbox 1981 1570 2085 1622; x_wconf 86' lang='lat' dir='ltr'><strong>que</strong></span> <span class='ocrx_word' id='word_1_612' title='bbox 2116 1553 2389 1624; x_wconf 87' lang='lat' dir='ltr'><strong>Scriptura</strong></span> <span class='ocrx_word' id='word_1_613' title='bbox 2439 1569 2685 1623; x_wconf 89' lang='lat' dir='ltr'><strong>maguum</strong></span> <span class='ocrx_word' id='word_1_614' title='bbox 2716 1553 3005 1622; x_wconf 84' lang='lat' dir='ltr'><strong>praedicat;</strong></span> <span class='ocrx_word' id='word_1_615' title='bbox 3041 1563 3094 1606; x_wconf 92' lang='lat' dir='ltr'><strong>ut</strong></span> <span class='ocrx_word' id='word_1_616' title='bbox 3125 1567 3244 1606; x_wconf 90' lang='lat' dir='ltr'><strong>eum</strong></span> <span class='ocrx_word' id='word_1_617' title='bbox 3288 1553 3481 1608; x_wconf 76' lang='lat' dir='ltr'><strong>Paulus</strong></span> <span class='ocrx_word' id='word_1_618' title='bbox 3506 1553 3589 1606; x_wconf 85' lang='lat' dir='ltr'><strong>di-</strong></span> 
     </span>
    </p>
   </div>
   <div class='ocr_carea' id='block_1_76' title="bbox 1981 1643 3586 1716">
    <p class='ocr_par' dir='ltr' id='par_1_76' title="bbox 1981 1643 3586 1716">
     <span class='ocr_line' id='line_1_76' title="bbox 1981 1643 3586 1716; baseline 0 -17"><span class='ocrx_word' id='word_1_619' title='bbox 1981 1647 2055 1699; x_wconf 91' lang='lat' dir='ltr'><strong>cit</strong></span> <span class='ocrx_word' id='word_1_620' title='bbox 2081 1663 2092 1698; x_wconf 92' lang='lat'>:</span> <span class='ocrx_word' id='word_1_621' title='bbox 2122 1645 2300 1716; x_wconf 80' lang='lat' dir='ltr'><strong>Magni</strong></span> <span class='ocrx_word' id='word_1_622' title='bbox 2326 1645 2423 1698; x_wconf 86' lang='lat' dir='ltr'><strong>Dei</strong></span> <span class='ocrx_word' id='word_1_623' title='bbox 2470 1655 2518 1699; x_wconf 83' lang='lat' dir='ltr'><strong>et</strong></span> <span class='ocrx_word' id='word_1_624' title='bbox 2564 1645 2850 1700; x_wconf 76' lang='lat' dir='ltr'><strong>Saluatoris</strong></span> <span class='ocrx_word' id='word_1_625' title='bbox 2880 1646 3042 1698; x_wconf 86' lang='lat' dir='ltr'><strong>nostri</strong></span> <span class='ocrx_word' id='word_1_626' title='bbox 3083 1643 3211 1698; x_wconf 68' lang='lat' dir='ltr'><strong>Iesu</strong></span> <span class='ocrx_word' id='word_1_627' title='bbox 3238 1643 3424 1699; x_wconf 81' lang='lat' dir='ltr'><strong>Christi</strong></span> <span class='ocrx_word' id='word_1_628' title='bbox 3458 1645 3586 1716; x_wconf 84' lang='lat' dir='ltr'><strong>(Tit.</strong></span> 
     </span>
    </p>
   </div>
   <div class='ocr_carea' id='block_1_77' title="bbox 1981 1735 3590 1810">
    <p class='ocr_par' dir='ltr' id='par_1_77' title="bbox 1981 1735 3590 1810">
     <span class='ocr_line' id='line_1_77' title="bbox 1981 1735 3590 1810; baseline -0.001 -19"><span class='ocrx_word' id='word_1_629' title='bbox 1981 1737 2034 1792; x_wconf 72' lang='lat'><strong>2.</strong></span> <span class='ocrx_word' id='word_1_630' title='bbox 2070 1735 2198 1810; x_wconf 72' lang='lat'><strong>15);</strong></span> <span class='ocrx_word' id='word_1_631' title='bbox 2226 1737 2676 1807; x_wconf 85' lang='lat' dir='ltr'><strong>quemadmodum</strong></span> <span class='ocrx_word' id='word_1_632' title='bbox 2709 1746 2762 1792; x_wconf 91' lang='lat' dir='ltr'><strong>et</strong></span> <span class='ocrx_word' id='word_1_633' title='bbox 2791 1737 2955 1790; x_wconf 89' lang='lat' dir='ltr'><strong>David</strong></span> <span class='ocrx_word' id='word_1_634' title='bbox 2999 1737 3129 1791; x_wconf 87' lang='lat' dir='ltr'><strong>dicit</strong></span> <span class='ocrx_word' id='word_1_635' title='bbox 3169 1755 3181 1790; x_wconf 91' lang='lat'>:</span> <span class='ocrx_word' id='word_1_636' title='bbox 3229 1737 3456 1807; x_wconf 77' lang='lat' dir='ltr'><strong>Magnus</strong></span> <span class='ocrx_word' id='word_1_637' title='bbox 3486 1737 3590 1790; x_wconf 85' lang='lat' dir='ltr'><strong>Do-</strong></span> 
     </span>
    </p>
   </div>
   <div class='ocr_carea' id='block_1_78' title="bbox 1981 1829 3590 1898">
    <p class='ocr_par' dir='ltr' id='par_1_78' title="bbox 1981 1829 3590 1898">
     <span class='ocr_line' id='line_1_78' title="bbox 1981 1829 3590 1898; baseline -0.001 -15"><span class='ocrx_word' id='word_1_638' title='bbox 1981 1832 2151 1883; x_wconf 85' lang='lat' dir='ltr'><strong>minus</strong></span> <span class='ocrx_word' id='word_1_639' title='bbox 2181 1839 2226 1883; x_wconf 84' lang='lat' dir='ltr'><strong>et</strong></span> <span class='ocrx_word' id='word_1_640' title='bbox 2265 1829 2534 1884; x_wconf 86' lang='lat' dir='ltr'><strong>laudabilis</strong></span> <span class='ocrx_word' id='word_1_641' title='bbox 2563 1830 2733 1882; x_wconf 89' lang='lat' dir='ltr'><strong>nimis.</strong></span> <span class='ocrx_word' id='word_1_642' title='bbox 2787 1829 3008 1898; x_wconf 79' lang='lat' dir='ltr'><strong>Magnus</strong></span> <span class='ocrx_word' id='word_1_643' title='bbox 3047 1844 3164 1890; x_wconf 76' lang='lat' dir='ltr'><strong>rex,</strong></span> <span class='ocrx_word' id='word_1_644' title='bbox 3197 1843 3421 1896; x_wconf 84' lang='lat' dir='ltr'><strong>magnus</strong></span> <span class='ocrx_word' id='word_1_645' title='bbox 3461 1843 3590 1898; x_wconf 85' lang='lat' dir='ltr'><strong>pro-</strong></span> 
     </span>
    </p>
   </div>
   <div class='ocr_carea' id='block_1_79' title="bbox 1982 1919 3587 1991">
    <p class='ocr_par' dir='ltr' id='par_1_79' title="bbox 1982 1919 3587 1991">
     <span class='ocr_line' id='line_1_79' title="bbox 1982 1919 3587 1991; baseline -0.001 -17"><span class='ocrx_word' id='word_1_646' title='bbox 1982 1921 2140 1991; x_wconf 85' lang='lat' dir='ltr'><strong>pheta</strong></span> <span class='ocrx_word' id='word_1_647' title='bbox 2173 1940 2186 1976; x_wconf 86' lang='lat'><strong>:</strong></span> <span class='ocrx_word' id='word_1_648' title='bbox 2217 1936 2337 1975; x_wconf 91' lang='lat' dir='ltr'><strong>cum</strong></span> <span class='ocrx_word' id='word_1_649' title='bbox 2368 1922 2510 1975; x_wconf 89' lang='lat' dir='ltr'><strong>enim</strong></span> <span class='ocrx_word' id='word_1_650' title='bbox 2564 1921 2819 1974; x_wconf 88' lang='lat' dir='ltr'><strong>miracula</strong></span> <span class='ocrx_word' id='word_1_651' title='bbox 2866 1920 3050 1974; x_wconf 88' lang='lat' dir='ltr'><strong>ederet</strong></span> <span class='ocrx_word' id='word_1_652' title='bbox 3092 1920 3249 1974; x_wconf 83' lang='lat' dir='ltr'><strong>Jesus</strong></span> <span class='ocrx_word' id='word_1_653' title='bbox 3272 1961 3285 1985; x_wconf 95' lang='lat'><strong>,</strong></span> <span class='ocrx_word' id='word_1_654' title='bbox 3337 1919 3587 1974; x_wconf 85' lang='lat' dir='ltr'><strong>dicebant</strong></span> 
     </span>
    </p>
   </div>
   <div class='ocr_carea' id='block_1_80' title="bbox 1983 2009 3590 2080">
    <p class='ocr_par' dir='ltr' id='par_1_80' title="bbox 1983 2009 3590 2080">
     <span class='ocr_line' id='line_1_80' title="bbox 1983 2009 3590 2080; baseline -0.002 -16"><span class='ocrx_word' id='word_1_655' title='bbox 1983 2012 2155 2066; x_wconf 78' lang='lat' dir='ltr'><strong>turbtn</strong></span> <span class='ocrx_word' id='word_1_656' title='bbox 2193 2011 2332 2080; x_wconf 83' lang='lat' dir='ltr'><strong>vulgi</strong></span> <span class='ocrx_word' id='word_1_657' title='bbox 2368 2029 2382 2063; x_wconf 89' lang='lat'><strong>:</strong></span> <span class='ocrx_word' id='word_1_658' title='bbox 2432 2009 2695 2079; x_wconf 83' lang='lat' dir='ltr'><strong>PrOpheta</strong></span> <span class='ocrx_word' id='word_1_659' title='bbox 2736 2026 2949 2079; x_wconf 89' lang='lat' dir='ltr'><strong>magnus</strong></span> <span class='ocrx_word' id='word_1_660' title='bbox 2995 2011 3215 2063; x_wconf 72' lang='lat' dir='ltr'><strong>surrexit</strong></span> <span class='ocrx_word' id='word_1_661' title='bbox 3257 2010 3309 2062; x_wconf 89' lang='lat' dir='ltr'><strong>in</strong></span> <span class='ocrx_word' id='word_1_662' title='bbox 3336 2009 3499 2074; x_wconf 89' lang='lat' dir='ltr'><strong>nobis,</strong></span> <span class='ocrx_word' id='word_1_663' title='bbox 3542 2018 3590 2064; x_wconf 88' lang='lat' dir='ltr'><strong>et</strong></span> 
     </span>
    </p>
   </div>
   <div class='ocr_carea' id='block_1_81' title="bbox 1988 2100 3592 2173">
    <p class='ocr_par' dir='ltr' id='par_1_81' title="bbox 1988 2100 3592 2173">
     <span class='ocr_line' id='line_1_81' title="bbox 1988 2100 3592 2173; baseline 0 -17"><span class='ocrx_word' id='word_1_664' title='bbox 1988 2104 2123 2156; x_wconf 82' lang='lat' dir='ltr'><strong>Deus</strong></span> <span class='ocrx_word' id='word_1_665' title='bbox 2147 2105 2363 2158; x_wconf 79' lang='lat' dir='ltr'><strong>uisitauit</strong></span> <span class='ocrx_word' id='word_1_666' title='bbox 2395 2105 2587 2172; x_wconf 87' lang='lat' dir='ltr'><strong>plebem</strong></span> <span class='ocrx_word' id='word_1_667' title='bbox 2617 2120 2762 2155; x_wconf 84' lang='lat' dir='ltr'><strong>suout</strong></span> <span class='ocrx_word' id='word_1_668' title='bbox 2799 2102 2952 2170; x_wconf 89' lang='lat' dir='ltr'><strong>(Luc.</strong></span> <span class='ocrx_word' id='word_1_669' title='bbox 3000 2104 3051 2155; x_wconf 86' lang='lat'><strong>7.</strong></span> <span class='ocrx_word' id='word_1_670' title='bbox 3103 2101 3213 2173; x_wconf 83' lang='grc'>16).</span> <span class='ocrx_word' id='word_1_671' title='bbox 3273 2101 3389 2155; x_wconf 82' lang='grc' dir='ltr'><strong>Νοη</strong></span> <span class='ocrx_word' id='word_1_672' title='bbox 3430 2100 3592 2156; x_wconf 89' lang='lat' dir='ltr'><strong>modo</strong></span> 
     </span>
    </p>
   </div>
   <div class='ocr_carea' id='block_1_82' title="bbox 1983 2192 3589 2263">
    <p class='ocr_par' dir='ltr' id='par_1_82' title="bbox 1983 2192 3589 2263">
     <span class='ocr_line' id='line_1_82' title="bbox 1983 2192 3589 2263; baseline -0.001 -15"><span class='ocrx_word' id='word_1_673' title='bbox 1983 2204 2159 2249; x_wconf 88' lang='lat' dir='ltr'><strong>autem</strong></span> <span class='ocrx_word' id='word_1_674' title='bbox 2188 2194 2484 2248; x_wconf 89' lang='lat' dir='ltr'><strong>secundum</strong></span> <span class='ocrx_word' id='word_1_675' title='bbox 2514 2194 2847 2248; x_wconf 86' lang='lat' dir='ltr'><strong>divinitatem</strong></span> <span class='ocrx_word' id='word_1_676' title='bbox 2885 2209 3129 2263; x_wconf 87' lang='lat' dir='ltr'><strong>magnus,</strong></span> <span class='ocrx_word' id='word_1_677' title='bbox 3173 2193 3268 2248; x_wconf 90' lang='lat' dir='ltr'><strong>sed</strong></span> <span class='ocrx_word' id='word_1_678' title='bbox 3295 2192 3454 2246; x_wconf 89' lang='lat' dir='ltr'><strong>etiam</strong></span> <span class='ocrx_word' id='word_1_679' title='bbox 3498 2205 3589 2246; x_wconf 85' lang='lat' dir='ltr'><strong>sc-</strong></span> 
     </span>
    </p>
   </div>
   <div class='ocr_carea' id='block_1_83' title="bbox 1982 2286 3584 2358">
    <p class='ocr_par' dir='ltr' id='par_1_83' title="bbox 1982 2286 3584 2358">
     <span class='ocr_line' id='line_1_83' title="bbox 1982 2286 3584 2358; baseline -0.004 -14"><span class='ocrx_word' id='word_1_680' title='bbox 1982 2288 2216 2344; x_wconf 90' lang='lat' dir='ltr'><strong>cundum</strong></span> <span class='ocrx_word' id='word_1_681' title='bbox 2242 2304 2460 2344; x_wconf 88' lang='lat' dir='ltr'><strong>carnem</strong></span> <span class='ocrx_word' id='word_1_682' title='bbox 2489 2307 2502 2343; x_wconf 90' lang='lat'><strong>:</strong></span> <span class='ocrx_word' id='word_1_683' title='bbox 2529 2286 2979 2358; x_wconf 84' lang='lat' dir='ltr'><strong>quemadmodum</strong></span> <span class='ocrx_word' id='word_1_684' title='bbox 3002 2287 3146 2341; x_wconf 91' lang='lat' dir='ltr'><strong>enim</strong></span> <span class='ocrx_word' id='word_1_685' title='bbox 3172 2286 3315 2340; x_wconf 90' lang='lat' dir='ltr'><strong>Deus</strong></span> <span class='ocrx_word' id='word_1_686' title='bbox 3340 2300 3584 2354; x_wconf 88' lang='lat' dir='ltr'><strong>magnus,</strong></span> 
     </span>
    </p>
   </div>
   <div class='ocr_carea' id='block_1_84' title="bbox 1982 2375 3590 2448">
    <p class='ocr_par' dir='ltr' id='par_1_84' title="bbox 1982 2375 3590 2448">
     <span class='ocr_line' id='line_1_84' title="bbox 1982 2375 3590 2448; baseline -0.005 -14"><span class='ocrx_word' id='word_1_687' title='bbox 1982 2381 2240 2434; x_wconf 87' lang='lat' dir='ltr'><strong>Dominus</strong></span> <span class='ocrx_word' id='word_1_688' title='bbox 2267 2393 2511 2448; x_wconf 88' lang='lat' dir='ltr'><strong>magnus,</strong></span> <span class='ocrx_word' id='word_1_689' title='bbox 2544 2387 2598 2432; x_wconf 91' lang='lat' dir='ltr'><strong>et</strong></span> <span class='ocrx_word' id='word_1_690' title='bbox 2626 2394 2719 2432; x_wconf 85' lang='lat' dir='ltr'><strong>rex</strong></span> <span class='ocrx_word' id='word_1_691' title='bbox 2753 2391 2975 2446; x_wconf 88' lang='lat' dir='ltr'><strong>magnus</strong></span> <span class='ocrx_word' id='word_1_692' title='bbox 3008 2386 3092 2431; x_wconf 89' lang='lat' dir='ltr'><strong>est</strong></span> <span class='ocrx_word' id='word_1_693' title='bbox 3132 2375 3424 2431; x_wconf 87' lang='lat' dir='ltr'><strong>secundum</strong></span> <span class='ocrx_word' id='word_1_694' title='bbox 3453 2375 3590 2427; x_wconf 82' lang='lat' dir='ltr'><strong>divi-</strong></span> 
     </span>
    </p>
   </div>
   <div class='ocr_carea' id='block_1_85' title="bbox 1983 2466 3590 2537">
    <p class='ocr_par' dir='ltr' id='par_1_85' title="bbox 1983 2466 3590 2537">
     <span class='ocr_line' id='line_1_85' title="bbox 1983 2466 3590 2537; baseline -0.002 -13"><span class='ocrx_word' id='word_1_695' title='bbox 1983 2472 2202 2525; x_wconf 88' lang='lat' dir='ltr'><strong>nitatem</strong></span> <span class='ocrx_word' id='word_1_696' title='bbox 2231 2486 2244 2522; x_wconf 85' lang='lat'><strong>:</strong></span> <span class='ocrx_word' id='word_1_697' title='bbox 2279 2469 2348 2521; x_wconf 89' lang='lat' dir='ltr'><strong>ita</strong></span> <span class='ocrx_word' id='word_1_698' title='bbox 2393 2484 2579 2521; x_wconf 86' lang='lat' dir='ltr'><strong>rursus</strong></span> <span class='ocrx_word' id='word_1_699' title='bbox 2606 2478 2660 2522; x_wconf 91' lang='lat' dir='ltr'><strong>et</strong></span> <span class='ocrx_word' id='word_1_700' title='bbox 2692 2483 2912 2537; x_wconf 87' lang='lat' dir='ltr'><strong>magnus</strong></span> <span class='ocrx_word' id='word_1_701' title='bbox 2949 2466 3236 2528; x_wconf 82' lang='lat' dir='ltr'><strong>sacerdos,</strong></span> <span class='ocrx_word' id='word_1_702' title='bbox 3275 2473 3331 2520; x_wconf 92' lang='lat' dir='ltr'><strong>et</strong></span> <span class='ocrx_word' id='word_1_703' title='bbox 3367 2480 3590 2535; x_wconf 87' lang='lat' dir='ltr'><strong>magnus</strong></span> 
     </span>
    </p>
   </div>
   <div class='ocr_carea' id='block_1_86' title="bbox 1983 2557 3588 2633">
    <p class='ocr_par' dir='ltr' id='par_1_86' title="bbox 1983 2557 3588 2633">
     <span class='ocr_line' id='line_1_86' title="bbox 1983 2557 3588 2633; baseline -0.005 -17"><span class='ocrx_word' id='word_1_704' title='bbox 1983 2560 2262 2633; x_wconf 88' lang='lat' dir='ltr'><strong>propheta.</strong></span> <span class='ocrx_word' id='word_1_705' title='bbox 2293 2559 2575 2626; x_wconf 87' lang='lat' dir='ltr'><strong>Quomodo</strong></span> <span class='ocrx_word' id='word_1_706' title='bbox 2603 2560 2768 2614; x_wconf 89' lang='lat' dir='ltr'><strong>illud?</strong></span> <span class='ocrx_word' id='word_1_707' title='bbox 2796 2560 2885 2614; x_wconf 89' lang='lat' dir='ltr'><strong>Ait</strong></span> <span class='ocrx_word' id='word_1_708' title='bbox 2928 2559 3126 2614; x_wconf 89' lang='lat' dir='ltr'><strong>Paulus</strong></span> <span class='ocrx_word' id='word_1_709' title='bbox 3156 2578 3168 2610; x_wconf 92' lang='lat'>:</span> <span class='ocrx_word' id='word_1_710' title='bbox 3202 2557 3458 2611; x_wconf 84' lang='lat' dir='ltr'><strong>Habentes</strong></span> <span class='ocrx_word' id='word_1_711' title='bbox 3484 2558 3588 2609; x_wconf 88' lang='lat' dir='ltr'><strong>ita-</strong></span> 
     </span>
    </p>
   </div>
   <div class='ocr_carea' id='block_1_87' title="bbox 1983 2646 3589 2721">
    <p class='ocr_par' dir='ltr' id='par_1_87' title="bbox 1983 2646 3589 2721">
     <span class='ocr_line' id='line_1_87' title="bbox 1983 2646 3589 2721; baseline -0.003 -17"><span class='ocrx_word' id='word_1_712' title='bbox 1983 2669 2077 2720; x_wconf 87' lang='lat' dir='ltr'><strong>que</strong></span> <span class='ocrx_word' id='word_1_713' title='bbox 2101 2653 2390 2721; x_wconf 83' lang='lat' dir='ltr'><strong>pontiﬁcem</strong></span> <span class='ocrx_word' id='word_1_714' title='bbox 2412 2667 2654 2721; x_wconf 85' lang='lat' dir='ltr'><strong>magnum</strong></span> <span class='ocrx_word' id='word_1_715' title='bbox 2675 2653 2760 2718; x_wconf 91' lang='lat' dir='ltr'><strong>qui</strong></span> <span class='ocrx_word' id='word_1_716' title='bbox 2791 2651 3066 2719; x_wconf 86' lang='lat' dir='ltr'><strong>penetravit</strong></span> <span class='ocrx_word' id='word_1_717' title='bbox 3097 2649 3246 2702; x_wconf 72' lang='lat' dir='ltr'><strong>cales</strong></span> <span class='ocrx_word' id='word_1_718' title='bbox 3285 2647 3459 2701; x_wconf 86' lang='lat' dir='ltr'><strong>Jesum</strong></span> <span class='ocrx_word' id='word_1_719' title='bbox 3493 2646 3589 2699; x_wconf 81' lang='lat' dir='ltr'><strong>Fi-</strong></span> 
     </span>
    </p>
   </div>
   <div class='ocr_carea' id='block_1_88' title="bbox 1984 2738 3587 2840">
    <p class='ocr_par' dir='ltr' id='par_1_88' title="bbox 1984 2738 3587 2840">
     <span class='ocr_line' id='line_1_88' title="bbox 1984 2738 3587 2840; baseline -0.001 -46"><span class='ocrx_word' id='word_1_720' title='bbox 1984 2743 2107 2794; x_wconf 88' lang='lat' dir='ltr'><strong>lium</strong></span> <span class='ocrx_word' id='word_1_721' title='bbox 2135 2741 2250 2806; x_wconf 90' lang='lat' dir='ltr'><strong>Dei,</strong></span> <span class='ocrx_word' id='word_1_722' title='bbox 2276 2750 2499 2794; x_wconf 87' lang='lat' dir='ltr'><strong>tenemus</strong></span> <span class='ocrx_word' id='word_1_723' title='bbox 2524 2741 2890 2809; x_wconf 77' lang='lat' dir='ltr'><strong>confessionem</strong></span> <span class='ocrx_word' id='word_1_724' title='bbox 2917 2751 3144 2793; x_wconf 87' lang='lat' dir='ltr'><strong>nostram</strong></span> <span class='ocrx_word' id='word_1_725' title='bbox 3168 2738 3352 2810; x_wconf 79' lang='lat' dir='ltr'><strong>(Hebr.</strong></span> <span class='ocrx_word' id='word_1_726' title='bbox 3386 2739 3438 2791; x_wconf 75' lang='grc'>4.</span> <span class='ocrx_word' id='word_1_727' title='bbox 3474 2739 3587 2840; x_wconf 67' lang='lat' dir='ltr'><strong>if).</strong></span> 
     </span>
    </p>
   </div>
   <div class='ocr_carea' id='block_1_89' title="bbox 1984 2829 3584 2897">
    <p class='ocr_par' dir='ltr' id='par_1_89' title="bbox 1984 2829 3584 2897">
     <span class='ocr_line' id='line_1_89' title="bbox 1984 2829 3584 2897; baseline -0.003 -11"><span class='ocrx_word' id='word_1_728' title='bbox 1984 2830 2041 2886; x_wconf 91' lang='lat' dir='ltr'><strong>Si</strong></span> <span class='ocrx_word' id='word_1_729' title='bbox 2071 2841 2247 2884; x_wconf 88' lang='lat' dir='ltr'><strong>autem</strong></span> <span class='ocrx_word' id='word_1_730' title='bbox 2282 2829 2517 2896; x_wconf 80' lang='lat' dir='ltr'><strong>pontifex</strong></span> <span class='ocrx_word' id='word_1_731' title='bbox 2548 2845 2772 2897; x_wconf 79' lang='lat' dir='ltr'><strong>magnus</strong></span> <span class='ocrx_word' id='word_1_732' title='bbox 2801 2839 2855 2882; x_wconf 92' lang='lat' dir='ltr'><strong>ct</strong></span> <span class='ocrx_word' id='word_1_733' title='bbox 2887 2829 3146 2897; x_wconf 86' lang='lat' dir='ltr'><strong>propheta</strong></span> <span class='ocrx_word' id='word_1_734' title='bbox 3180 2844 3424 2896; x_wconf 84' lang='lat' dir='ltr'><strong>magnus,</strong></span> <span class='ocrx_word' id='word_1_735' title='bbox 3459 2829 3584 2881; x_wconf 70' lang='lat' dir='ltr'><strong>vere</strong></span> 
     </span>
    </p>
   </div>
   <div class='ocr_carea' id='block_1_90' title="bbox 1986 2917 3586 2989">
    <p class='ocr_par' dir='ltr' id='par_1_90' title="bbox 1986 2917 3586 2989">
     <span class='ocr_line' id='line_1_90' title="bbox 1986 2917 3586 2989; baseline -0.001 -17"><span class='ocrx_word' id='word_1_736' title='bbox 1986 2923 2218 2976; x_wconf 71' lang='lat' dir='ltr'><strong>visitavit</strong></span> <span class='ocrx_word' id='word_1_737' title='bbox 2248 2921 2388 2975; x_wconf 86' lang='lat' dir='ltr'><strong>Deus</strong></span> <span class='ocrx_word' id='word_1_738' title='bbox 2427 2921 2632 2989; x_wconf 86' lang='lat' dir='ltr'><strong>plebem</strong></span> <span class='ocrx_word' id='word_1_739' title='bbox 2664 2934 2836 2980; x_wconf 88' lang='lat' dir='ltr'><strong>suam,</strong></span> <span class='ocrx_word' id='word_1_740' title='bbox 2866 2928 2921 2972; x_wconf 92' lang='lat' dir='ltr'><strong>et</strong></span> <span class='ocrx_word' id='word_1_741' title='bbox 2954 2919 3230 2971; x_wconf 85' lang='lat' dir='ltr'><strong>suscitavit</strong></span> <span class='ocrx_word' id='word_1_742' title='bbox 3275 2917 3586 2987; x_wconf 82' lang='lat' dir='ltr'><strong>prophetam</strong></span> 
     </span>
    </p>
   </div>
   <div class='ocr_carea' id='block_1_91' title="bbox 1988 3010 3587 3082">
    <p class='ocr_par' dir='ltr' id='par_1_91' title="bbox 1988 3010 3587 3082">
     <span class='ocr_line' id='line_1_91' title="bbox 1988 3010 3587 3082; baseline -0.003 -16"><span class='ocrx_word' id='word_1_743' title='bbox 1988 3028 2240 3082; x_wconf 88' lang='lat' dir='ltr'><strong>maguum</strong></span> <span class='ocrx_word' id='word_1_744' title='bbox 2276 3013 2326 3065; x_wconf 91' lang='lat' dir='ltr'><strong>iu</strong></span> <span class='ocrx_word' id='word_1_745' title='bbox 2358 3012 2538 3064; x_wconf 88' lang='lat' dir='ltr'><strong>Israel.</strong></span> <span class='ocrx_word' id='word_1_746' title='bbox 2567 3011 2720 3077; x_wconf 88' lang='lat' dir='ltr'><strong>Quod</strong></span> <span class='ocrx_word' id='word_1_747' title='bbox 2744 3012 2788 3064; x_wconf 90' lang='lat' dir='ltr'><strong>si</strong></span> <span class='ocrx_word' id='word_1_748' title='bbox 2818 3025 3041 3080; x_wconf 81' lang='lat' dir='ltr'><strong>magnus</strong></span> <span class='ocrx_word' id='word_1_749' title='bbox 3065 3018 3147 3064; x_wconf 90' lang='lat' dir='ltr'><strong>est</strong></span> <span class='ocrx_word' id='word_1_750' title='bbox 3171 3010 3448 3081; x_wconf 88' lang='lat' dir='ltr'><strong>propheta,</strong></span> <span class='ocrx_word' id='word_1_751' title='bbox 3474 3027 3587 3063; x_wconf 83' lang='lat' dir='ltr'><strong>ma-</strong></span> 
     </span>
    </p>
   </div>
   <div class='ocr_carea' id='block_1_92' title="bbox 1984 3101 3586 3175">
    <p class='ocr_par' dir='ltr' id='par_1_92' title="bbox 1984 3101 3586 3175">
     <span class='ocr_line' id='line_1_92' title="bbox 1984 3101 3586 3175; baseline -0.002 -17"><span class='ocrx_word' id='word_1_752' title='bbox 1984 3120 2118 3175; x_wconf 88' lang='lat' dir='ltr'><strong>gnus</strong></span> <span class='ocrx_word' id='word_1_753' title='bbox 2149 3105 2432 3167; x_wconf 82' lang='lat' dir='ltr'><strong>sacerdos,</strong></span> <span class='ocrx_word' id='word_1_754' title='bbox 2478 3119 2572 3157; x_wconf 84' lang='lat' dir='ltr'><strong>rex</strong></span> <span class='ocrx_word' id='word_1_755' title='bbox 2611 3117 2853 3171; x_wconf 86' lang='lat' dir='ltr'><strong>magnus,</strong></span> <span class='ocrx_word' id='word_1_756' title='bbox 2896 3101 2982 3154; x_wconf 80' lang='lat' dir='ltr'><strong>lux</strong></span> <span class='ocrx_word' id='word_1_757' title='bbox 3029 3103 3190 3156; x_wconf 88' lang='lat' dir='ltr'><strong>etiam</strong></span> <span class='ocrx_word' id='word_1_758' title='bbox 3233 3116 3424 3171; x_wconf 87' lang='lat' dir='ltr'><strong>magna</strong></span> <span class='ocrx_word' id='word_1_759' title='bbox 3463 3110 3586 3156; x_wconf 89' lang='lat' dir='ltr'><strong>est:</strong></span> 
     </span>
    </p>
   </div>
   <div class='ocr_carea' id='block_1_93' title="bbox 1987 3191 3609 3264">
    <p class='ocr_par' dir='ltr' id='par_1_93' title="bbox 1987 3191 3609 3264">
     <span class='ocr_line' id='line_1_93' title="bbox 1987 3191 3609 3264; baseline -0.004 -16"><span class='ocrx_word' id='word_1_760' title='bbox 1987 3195 2202 3248; x_wconf 75' lang='lat' dir='ltr'><strong>Galilwa</strong></span> <span class='ocrx_word' id='word_1_761' title='bbox 2226 3194 2469 3264; x_wconf 85' lang='lat' dir='ltr'><strong>gentium,</strong></span> <span class='ocrx_word' id='word_1_762' title='bbox 2511 3195 2732 3261; x_wconf 85' lang='lat' dir='ltr'><strong>populus</strong></span> <span class='ocrx_word' id='word_1_763' title='bbox 2771 3191 2857 3254; x_wconf 86' lang='lat' dir='ltr'><strong>qui</strong></span> <span class='ocrx_word' id='word_1_764' title='bbox 2898 3191 3100 3244; x_wconf 85' lang='lat' dir='ltr'><strong>sedebat</strong></span> <span class='ocrx_word' id='word_1_765' title='bbox 3127 3193 3178 3244; x_wconf 89' lang='lat' dir='ltr'><strong>in</strong></span> <span class='ocrx_word' id='word_1_766' title='bbox 3207 3191 3440 3257; x_wconf 81' lang='lat' dir='ltr'><strong>tenebris,</strong></span> <span class='ocrx_word' id='word_1_767' title='bbox 3469 3191 3609 3244; x_wconf 72' lang='lat' dir='ltr'><strong>vidit&#39;</strong></span> 
     </span>
    </p>
   </div>
   <div class='ocr_carea' id='block_1_94' title="bbox 1985 3283 3591 3358">
    <p class='ocr_par' dir='ltr' id='par_1_94' title="bbox 1985 3283 3591 3358">
     <span class='ocr_line' id='line_1_94' title="bbox 1985 3283 3591 3358; baseline -0.005 -14"><span class='ocrx_word' id='word_1_768' title='bbox 1985 3292 2144 3345; x_wconf 86' lang='lat' dir='ltr'><strong>lucem</strong></span> <span class='ocrx_word' id='word_1_769' title='bbox 2167 3305 2402 3358; x_wconf 89' lang='lat' dir='ltr'><strong>magnam</strong></span> <span class='ocrx_word' id='word_1_770' title='bbox 2435 3286 2583 3355; x_wconf 85' lang='lat' dir='ltr'><strong>(Isai.</strong></span> <span class='ocrx_word' id='word_1_771' title='bbox 2617 3285 2668 3340; x_wconf 90' lang='lat'><strong>9.</strong></span> <span class='ocrx_word' id='word_1_772' title='bbox 2702 3285 2755 3339; x_wconf 94' lang='grc'><strong>1.</strong></span> <span class='ocrx_word' id='word_1_773' title='bbox 2791 3283 2846 3354; x_wconf 70' lang='lat'><strong>2)</strong></span> <span class='ocrx_word' id='word_1_774' title='bbox 2874 3301 2888 3349; x_wconf 94' lang='lat'><strong>;</strong></span> <span class='ocrx_word' id='word_1_775' title='bbox 2934 3284 3043 3338; x_wconf 90' lang='lat' dir='ltr'><strong>imo</strong></span> <span class='ocrx_word' id='word_1_776' title='bbox 3086 3294 3139 3358; x_wconf 79' lang='lat' dir='ltr'><strong>et</strong></span> <span class='ocrx_word' id='word_1_777' title='bbox 3166 3283 3281 3338; x_wconf 88' lang='lat' dir='ltr'><strong>dies</strong></span> <span class='ocrx_word' id='word_1_778' title='bbox 3323 3283 3438 3352; x_wconf 86' lang='lat' dir='ltr'><strong>ejus</strong></span> <span class='ocrx_word' id='word_1_779' title='bbox 3478 3299 3591 3337; x_wconf 67' lang='lat' dir='ltr'><strong>tna~</strong></span> 
     </span>
    </p>
   </div>
   <div class='ocr_carea' id='block_1_95' title="bbox 1984 3356 3591 3451">
    <p class='ocr_par' dir='ltr' id='par_1_95' title="bbox 1984 3356 3591 3451">
     <span class='ocr_line' id='line_1_95' title="bbox 1984 3356 3591 3451; baseline -0.003 -18"><span class='ocrx_word' id='word_1_780' title='bbox 1984 3396 2140 3451; x_wconf 89' lang='lat' dir='ltr'><strong>gnus,</strong></span> <span class='ocrx_word' id='word_1_781' title='bbox 2170 3390 2227 3434; x_wconf 93' lang='lat' dir='ltr'><strong>ut</strong></span> <span class='ocrx_word' id='word_1_782' title='bbox 2253 3356 2328 3431; x_wconf 79' lang='lat' dir='ltr'><strong>ait</strong></span> <span class='ocrx_word' id='word_1_783' title='bbox 2373 3377 2631 3448; x_wconf 86' lang='lat' dir='ltr'><strong>prepheta</strong></span> <span class='ocrx_word' id='word_1_784' title='bbox 2675 3395 2686 3429; x_wconf 93' lang='lat'><strong>:</strong></span> <span class='ocrx_word' id='word_1_785' title='bbox 2733 3377 3016 3444; x_wconf 84' lang='lat' dir='ltr'><strong>Antequam</strong></span> <span class='ocrx_word' id='word_1_786' title='bbox 3060 3356 3226 3428; x_wconf 76' lang='lat' dir='ltr'><strong>veniat</strong></span> <span class='ocrx_word' id='word_1_787' title='bbox 3251 3375 3356 3428; x_wconf 84' lang='lat' dir='ltr'><strong>dies</strong></span> <span class='ocrx_word' id='word_1_788' title='bbox 3385 3373 3591 3428; x_wconf 88' lang='lat' dir='ltr'><strong>Dontini</strong></span> 
     </span>
    </p>
   </div>
   <div class='ocr_carea' id='block_1_96' title="bbox 1986 3465 3590 3544">
    <p class='ocr_par' dir='ltr' id='par_1_96' title="bbox 1986 3465 3590 3544">
     <span class='ocr_line' id='line_1_96' title="bbox 1986 3465 3590 3544; baseline -0.006 -18"><span class='ocrx_word' id='word_1_789' title='bbox 1986 3490 2201 3544; x_wconf 86' lang='lat' dir='ltr'><strong>magnus</strong></span> <span class='ocrx_word' id='word_1_790' title='bbox 2231 3482 2276 3524; x_wconf 91' lang='lat' dir='ltr'><strong>et</strong></span> <span class='ocrx_word' id='word_1_791' title='bbox 2308 3472 2562 3524; x_wconf 87' lang='lat' dir='ltr'><strong>horribilis</strong></span> <span class='ocrx_word' id='word_1_792' title='bbox 2598 3468 2740 3532; x_wconf 79' lang='grc' dir='ltr'><strong>(Ιοεί</strong></span> <span class='ocrx_word' id='word_1_793' title='bbox 2776 3468 2830 3521; x_wconf 74' lang='grc'><strong>2.</strong></span> <span class='ocrx_word' id='word_1_794' title='bbox 2861 3465 2974 3535; x_wconf 77' lang='grc'>51).</span> <span class='ocrx_word' id='word_1_795' title='bbox 3023 3466 3156 3520; x_wconf 89' lang='lat' dir='ltr'><strong>Cum</strong></span> <span class='ocrx_word' id='word_1_796' title='bbox 3215 3465 3445 3535; x_wconf 84' lang='lat' dir='ltr'><strong>undique</strong></span> <span class='ocrx_word' id='word_1_797' title='bbox 3472 3467 3590 3518; x_wconf 77' lang='lat' dir='ltr'><strong>mti-</strong></span> 
     </span>
    </p>
   </div>
   <div class='ocr_carea' id='block_1_97' title="bbox 1984 3557 3590 3634">
    <p class='ocr_par' dir='ltr' id='par_1_97' title="bbox 1984 3557 3590 3634">
     <span class='ocr_line' id='line_1_97' title="bbox 1984 3557 3590 3634; baseline -0.004 -16"><span class='ocrx_word' id='word_1_798' title='bbox 1984 3581 2146 3634; x_wconf 84' lang='lat' dir='ltr'><strong>gnum</strong></span> <span class='ocrx_word' id='word_1_799' title='bbox 2170 3562 2354 3618; x_wconf 89' lang='lat' dir='ltr'><strong>audias</strong></span> <span class='ocrx_word' id='word_1_800' title='bbox 2386 3572 2440 3616; x_wconf 88' lang='lat' dir='ltr'><strong>et</strong></span> <span class='ocrx_word' id='word_1_801' title='bbox 2481 3577 2670 3631; x_wconf 89' lang='lat' dir='ltr'><strong>magna</strong></span> <span class='ocrx_word' id='word_1_802' title='bbox 2699 3576 2818 3615; x_wconf 86' lang='lat' dir='ltr'><strong>esse</strong></span> <span class='ocrx_word' id='word_1_803' title='bbox 2846 3573 3010 3627; x_wconf 86' lang='lat' dir='ltr'><strong>opera</strong></span> <span class='ocrx_word' id='word_1_804' title='bbox 3055 3559 3192 3628; x_wconf 92' lang='lat' dir='ltr'><strong>ejus,</strong></span> <span class='ocrx_word' id='word_1_805' title='bbox 3233 3557 3373 3611; x_wconf 88' lang='lat' dir='ltr'><strong>unde</strong></span> <span class='ocrx_word' id='word_1_806' title='bbox 3405 3558 3498 3611; x_wconf 90' lang='lat' dir='ltr'><strong>tibi</strong></span> <span class='ocrx_word' id='word_1_807' title='bbox 3536 3558 3590 3611; x_wconf 90' lang='lat' dir='ltr'><strong>iu</strong></span> 
     </span>
    </p>
   </div>
   <div class='ocr_carea' id='block_1_98' title="bbox 1986 3650 3586 3722">
    <p class='ocr_par' dir='ltr' id='par_1_98' title="bbox 1986 3650 3586 3722">
     <span class='ocr_line' id='line_1_98' title="bbox 1986 3650 3586 3722; baseline -0.007 -10"><span class='ocrx_word' id='word_1_808' title='bbox 1986 3667 2218 3712; x_wconf 90' lang='lat' dir='ltr'><strong>mentem</strong></span> <span class='ocrx_word' id='word_1_809' title='bbox 2242 3656 2407 3722; x_wconf 88' lang='lat' dir='ltr'><strong>venit,</strong></span> <span class='ocrx_word' id='word_1_810' title='bbox 2440 3671 2474 3710; x_wconf 94' lang='lat' dir='ltr'><strong>o</strong></span> <span class='ocrx_word' id='word_1_811' title='bbox 2501 3655 2773 3714; x_wconf 80' lang='lat' dir='ltr'><strong>lucretice,</strong></span> <span class='ocrx_word' id='word_1_812' title='bbox 2808 3652 3123 3707; x_wconf 90' lang='lat' dir='ltr'><strong>seissionem</strong></span> <span class='ocrx_word' id='word_1_813' title='bbox 3155 3650 3350 3714; x_wconf 80' lang='lat' dir='ltr'><strong>facere,</strong></span> <span class='ocrx_word' id='word_1_814' title='bbox 3385 3658 3438 3703; x_wconf 92' lang='lat' dir='ltr'><strong>et</strong></span> <span class='ocrx_word' id='word_1_815' title='bbox 3468 3664 3586 3702; x_wconf 89' lang='lat' dir='ltr'><strong>ma-</strong></span> 
     </span>
    </p>
   </div>
   <div class='ocr_carea' id='block_1_99' title="bbox 1985 3742 3589 3820">
    <p class='ocr_par' dir='ltr' id='par_1_99' title="bbox 1985 3742 3589 3820">
     <span class='ocr_line' id='line_1_99' title="bbox 1985 3742 3589 3820; baseline -0.004 -18"><span class='ocrx_word' id='word_1_816' title='bbox 1985 3767 2147 3820; x_wconf 90' lang='lat' dir='ltr'><strong>gnum</strong></span> <span class='ocrx_word' id='word_1_817' title='bbox 2194 3750 2342 3804; x_wconf 90' lang='lat' dir='ltr'><strong>illum</strong></span> <span class='ocrx_word' id='word_1_818' title='bbox 2393 3748 2678 3801; x_wconf 86' lang='lat' dir='ltr'><strong>minuere?</strong></span> <span class='ocrx_word' id='word_1_819' title='bbox 2721 3746 3026 3800; x_wconf 81' lang='lat' dir='ltr'><strong>Habeamus</strong></span> <span class='ocrx_word' id='word_1_820' title='bbox 3068 3743 3227 3812; x_wconf 79' lang='lat' dir='ltr'><strong>igitur</strong></span> <span class='ocrx_word' id='word_1_821' title='bbox 3253 3745 3442 3812; x_wconf 83' lang='lat' dir='ltr'><strong>pignus</strong></span> <span class='ocrx_word' id='word_1_822' title='bbox 3466 3742 3589 3796; x_wconf 72' lang='lat' dir='ltr'><strong>vita:</strong></span> 
     </span>
    </p>
   </div>
   <div class='ocr_carea' id='block_1_100' title="bbox 1987 3832 3587 3906">
    <p class='ocr_par' dir='ltr' id='par_1_100' title="bbox 1987 3832 3587 3906">
     <span class='ocr_line' id='line_1_100' title="bbox 1987 3832 3587 3906; baseline -0.006 -10"><span class='ocrx_word' id='word_1_823' title='bbox 1987 3852 2185 3896; x_wconf 74' lang='lat' dir='ltr'><strong>nostra:</strong></span> <span class='ocrx_word' id='word_1_824' title='bbox 2226 3842 2279 3894; x_wconf 85' lang='lat' dir='ltr'><strong>in</strong></span> <span class='ocrx_word' id='word_1_825' title='bbox 2310 3840 2481 3906; x_wconf 59' lang='lat' dir='ltr'><strong>caelo;</strong></span> <span class='ocrx_word' id='word_1_826' title='bbox 2515 3838 2774 3900; x_wconf 89' lang='lat' dir='ltr'><strong>assumpti</strong></span> <span class='ocrx_word' id='word_1_827' title='bbox 2817 3851 3004 3890; x_wconf 83' lang='lat' dir='ltr'><strong>sumus</strong></span> <span class='ocrx_word' id='word_1_828' title='bbox 3043 3850 3146 3889; x_wconf 91' lang='lat' dir='ltr'><strong>uua</strong></span> <span class='ocrx_word' id='word_1_829' title='bbox 3189 3849 3308 3889; x_wconf 92' lang='lat' dir='ltr'><strong>cum</strong></span> <span class='ocrx_word' id='word_1_830' title='bbox 3349 3832 3587 3888; x_wconf 88' lang='lat' dir='ltr'><strong>Christo.</strong></span> 
     </span>
    </p>
   </div>
   <div class='ocr_carea' id='block_1_101' title="bbox 1985 3926 3588 4000">
    <p class='ocr_par' dir='ltr' id='par_1_101' title="bbox 1985 3926 3588 4000">
     <span class='ocr_line' id='line_1_101' title="bbox 1985 3926 3588 4000; baseline -0.005 -12"><span class='ocrx_word' id='word_1_831' title='bbox 1985 3934 2193 3988; x_wconf 82' lang='lat' dir='ltr'><strong>Rursus</strong></span> <span class='ocrx_word' id='word_1_832' title='bbox 2218 3942 2365 3988; x_wconf 88' lang='lat' dir='ltr'><strong>certe</strong></span> <span class='ocrx_word' id='word_1_833' title='bbox 2392 3932 2661 4000; x_wconf 87' lang='lat' dir='ltr'><strong>rapiemur</strong></span> <span class='ocrx_word' id='word_1_834' title='bbox 2693 3932 2744 3983; x_wconf 94' lang='lat' dir='ltr'><strong>in</strong></span> <span class='ocrx_word' id='word_1_835' title='bbox 2773 3928 3024 3991; x_wconf 89' lang='lat' dir='ltr'><strong>nubibus,</strong></span> <span class='ocrx_word' id='word_1_836' title='bbox 3055 3929 3100 3982; x_wconf 91' lang='lat' dir='ltr'><strong>si</strong></span> <span class='ocrx_word' id='word_1_837' title='bbox 3124 3927 3269 3998; x_wconf 79' lang='lat' dir='ltr'><strong>digiti</strong></span> <span class='ocrx_word' id='word_1_838' title='bbox 3305 3926 3588 3991; x_wconf 79' lang='lat' dir='ltr'><strong>fuerimus,</strong></span> 
     </span>
    </p>
   </div>
   <div class='ocr_carea' id='block_1_102' title="bbox 1983 4020 3589 4096">
    <p class='ocr_par' dir='ltr' id='par_1_102' title="bbox 1983 4020 3589 4096">
     <span class='ocr_line' id='line_1_102' title="bbox 1983 4020 3589 4096; baseline -0.004 -16"><span class='ocrx_word' id='word_1_839' title='bbox 1983 4026 2073 4096; x_wconf 86' lang='lat' dir='ltr'><strong>qui</strong></span> <span class='ocrx_word' id='word_1_840' title='bbox 2107 4026 2177 4079; x_wconf 92' lang='lat' dir='ltr'><strong>illi</strong></span> <span class='ocrx_word' id='word_1_841' title='bbox 2207 4025 2256 4078; x_wconf 88' lang='lat' dir='ltr'><strong>in</strong></span> <span class='ocrx_word' id='word_1_842' title='bbox 2281 4023 2507 4078; x_wconf 91' lang='lat' dir='ltr'><strong>nubibus</strong></span> <span class='ocrx_word' id='word_1_843' title='bbox 2530 4022 2739 4076; x_wconf 89' lang='lat' dir='ltr'><strong>obviam</strong></span> <span class='ocrx_word' id='word_1_844' title='bbox 2763 4023 3058 4075; x_wconf 89' lang='lat' dir='ltr'><strong>veniamus.</strong></span> <span class='ocrx_word' id='word_1_845' title='bbox 3086 4020 3227 4075; x_wconf 90' lang='lat' dir='ltr'><strong>Reus</strong></span> <span class='ocrx_word' id='word_1_846' title='bbox 3246 4035 3351 4074; x_wconf 88' lang='lat' dir='ltr'><strong>non</strong></span> <span class='ocrx_word' id='word_1_847' title='bbox 3375 4020 3589 4074; x_wconf 86' lang='lat' dir='ltr'><strong>obviam</strong></span> 
     </span>
    </p>
   </div>
   <div class='ocr_carea' id='block_1_103' title="bbox 1984 4112 3587 4187">
    <p class='ocr_par' dir='ltr' id='par_1_103' title="bbox 1984 4112 3587 4187">
     <span class='ocr_line' id='line_1_103' title="bbox 1984 4112 3587 4187; baseline 0 -21"><span class='ocrx_word' id='word_1_848' title='bbox 1984 4118 2130 4172; x_wconf 83' lang='lat' dir='ltr'><strong>venit</strong></span> <span class='ocrx_word' id='word_1_849' title='bbox 2153 4116 2339 4187; x_wconf 92' lang='lat' dir='ltr'><strong>judiei,</strong></span> <span class='ocrx_word' id='word_1_850' title='bbox 2383 4114 2478 4170; x_wconf 88' lang='lat' dir='ltr'><strong>sed</strong></span> <span class='ocrx_word' id='word_1_851' title='bbox 2528 4129 2709 4168; x_wconf 89' lang='lat' dir='ltr'><strong>coram</strong></span> <span class='ocrx_word' id='word_1_852' title='bbox 2749 4128 2814 4168; x_wconf 93' lang='lat' dir='ltr'><strong>eo</strong></span> <span class='ocrx_word' id='word_1_853' title='bbox 2850 4114 3080 4178; x_wconf 89' lang='lat' dir='ltr'><strong>sistitur,</strong></span> <span class='ocrx_word' id='word_1_854' title='bbox 3112 4128 3212 4167; x_wconf 87' lang='lat' dir='ltr'><strong>nec</strong></span> <span class='ocrx_word' id='word_1_855' title='bbox 3238 4113 3470 4167; x_wconf 91' lang='lat' dir='ltr'><strong>occurrit</strong></span> <span class='ocrx_word' id='word_1_856' title='bbox 3511 4112 3587 4167; x_wconf 91' lang='lat' dir='ltr'><strong>illi</strong></span> 
     </span>
    </p>
   </div>
   <div class='ocr_carea' id='block_1_104' title="bbox 1985 4204 3588 4281">
    <p class='ocr_par' dir='ltr' id='par_1_104' title="bbox 1985 4204 3588 4281">
     <span class='ocr_line' id='line_1_104' title="bbox 1985 4204 3588 4281; baseline -0.004 -16"><span class='ocrx_word' id='word_1_857' title='bbox 1985 4227 2258 4281; x_wconf 85' lang='lat' dir='ltr'><strong>umquam,</strong></span> <span class='ocrx_word' id='word_1_858' title='bbox 2293 4219 2476 4278; x_wconf 90' lang='lat' dir='ltr'><strong>utpote</strong></span> <span class='ocrx_word' id='word_1_859' title='bbox 2501 4208 2589 4277; x_wconf 91' lang='lat' dir='ltr'><strong>qui</strong></span> <span class='ocrx_word' id='word_1_860' title='bbox 2617 4208 2793 4260; x_wconf 86' lang='lat' dir='ltr'><strong>minus</strong></span> <span class='ocrx_word' id='word_1_861' title='bbox 2822 4205 3014 4260; x_wconf 89' lang='lat' dir='ltr'><strong>haheat</strong></span> <span class='ocrx_word' id='word_1_862' title='bbox 3042 4205 3265 4259; x_wconf 74' lang='lat' dir='ltr'><strong>ﬁducite-</strong></span> <span class='ocrx_word' id='word_1_863' title='bbox 3297 4204 3588 4259; x_wconf 88' lang='lat' dir='ltr'><strong>Precemur</strong></span> 
     </span>
    </p>
   </div>
   <div class='ocr_carea' id='block_1_105' title="bbox 1985 4296 3588 4372">
    <p class='ocr_par' dir='ltr' id='par_1_105' title="bbox 1985 4296 3588 4372">
     <span class='ocr_line' id='line_1_105' title="bbox 1985 4296 3588 4372; baseline -0.004 -15"><span class='ocrx_word' id='word_1_864' title='bbox 1985 4303 2164 4372; x_wconf 87' lang='lat' dir='ltr'><strong>itaque</strong></span> <span class='ocrx_word' id='word_1_865' title='bbox 2187 4311 2241 4356; x_wconf 92' lang='lat' dir='ltr'><strong>et</strong></span> <span class='ocrx_word' id='word_1_866' title='bbox 2270 4315 2368 4354; x_wconf 89' lang='lat' dir='ltr'><strong>nos</strong></span> <span class='ocrx_word' id='word_1_867' title='bbox 2395 4312 2604 4364; x_wconf 90' lang='lat' dir='ltr'><strong>omnes,</strong></span> <span class='ocrx_word' id='word_1_868' title='bbox 2640 4298 2927 4361; x_wconf 91' lang='lat' dir='ltr'><strong>carissimi,</strong></span> <span class='ocrx_word' id='word_1_869' title='bbox 2960 4306 3018 4350; x_wconf 94' lang='lat' dir='ltr'><strong>ut</strong></span> <span class='ocrx_word' id='word_1_870' title='bbox 3058 4296 3226 4350; x_wconf 76' lang='lat' dir='ltr'><strong>simus</strong></span> <span class='ocrx_word' id='word_1_871' title='bbox 3266 4310 3332 4350; x_wconf 66' lang='lat' dir='ltr'><strong>ex</strong></span> <span class='ocrx_word' id='word_1_872' title='bbox 3360 4309 3588 4351; x_wconf 73' lang='lat' dir='ltr'><strong>numero</strong></span> 
     </span>
    </p>
   </div>
   <div class='ocr_carea' id='block_1_106' title="bbox 1986 4372 3587 4462">
    <p class='ocr_par' dir='ltr' id='par_1_106' title="bbox 1986 4372 3587 4462">
     <span class='ocr_line' id='line_1_106' title="bbox 1986 4372 3587 4462; baseline -0.004 -15"><span class='ocrx_word' id='word_1_873' title='bbox 1986 4408 2171 4448; x_wconf 92' lang='lat' dir='ltr'><strong>eorum</strong></span> <span class='ocrx_word' id='word_1_874' title='bbox 2204 4393 2292 4462; x_wconf 90' lang='lat' dir='ltr'><strong>qui</strong></span> <span class='ocrx_word' id='word_1_875' title='bbox 2333 4391 2432 4460; x_wconf 89' lang='lat' dir='ltr'><strong>ipsi</strong></span> <span class='ocrx_word' id='word_1_876' title='bbox 2463 4390 2672 4443; x_wconf 89' lang='lat' dir='ltr'><strong>obviam</strong></span> <span class='ocrx_word' id='word_1_877' title='bbox 2716 4387 2954 4452; x_wconf 88' lang='lat' dir='ltr'><strong>venient,</strong></span> <span class='ocrx_word' id='word_1_878' title='bbox 2985 4387 3111 4440; x_wconf 89' lang='lat' dir='ltr'><strong>licet</strong></span> <span class='ocrx_word' id='word_1_879' title='bbox 3161 4387 3215 4440; x_wconf 86' lang='lat' dir='ltr'><strong>in</strong></span> <span class='ocrx_word' id='word_1_880' title='bbox 3263 4372 3457 4440; x_wconf 85' lang='lat' dir='ltr'><strong>minori</strong></span> <span class='ocrx_word' id='word_1_881' title='bbox 3500 4401 3587 4440; x_wconf 77' lang='grc' dir='ltr'><strong>οι·⁴</strong></span> 
     </span>
    </p>
   </div>
   <div class='ocr_carea' id='block_1_107' title="bbox 1985 4476 3586 4550">
    <p class='ocr_par' dir='ltr' id='par_1_107' title="bbox 1985 4476 3586 4550">
     <span class='ocr_line' id='line_1_107' title="bbox 1985 4476 3586 4550; baseline -0.005 -12"><span class='ocrx_word' id='word_1_882' title='bbox 1985 4484 2131 4539; x_wconf 86' lang='lat' dir='ltr'><strong>dine.</strong></span> <span class='ocrx_word' id='word_1_883' title='bbox 2163 4483 2231 4539; x_wconf 88' lang='lat' dir='ltr'><strong>Ut</strong></span> <span class='ocrx_word' id='word_1_884' title='bbox 2253 4483 2394 4538; x_wconf 88' lang='lat' dir='ltr'><strong>enim</strong></span> <span class='ocrx_word' id='word_1_885' title='bbox 2424 4480 2460 4534; x_wconf 90' lang='lat' dir='ltr'><strong>ii</strong></span> <span class='ocrx_word' id='word_1_886' title='bbox 2492 4482 2580 4550; x_wconf 91' lang='lat' dir='ltr'><strong>qui</strong></span> <span class='ocrx_word' id='word_1_887' title='bbox 2613 4479 2723 4550; x_wconf 86' lang='lat' dir='ltr'><strong>regi</strong></span> <span class='ocrx_word' id='word_1_888' title='bbox 2752 4487 3064 4545; x_wconf 90' lang='lat' dir='ltr'><strong>occurrunt,</strong></span> <span class='ocrx_word' id='word_1_889' title='bbox 3095 4476 3303 4532; x_wconf 86' lang='lat' dir='ltr'><strong>etiamsi</strong></span> <span class='ocrx_word' id='word_1_890' title='bbox 3332 4492 3438 4529; x_wconf 91' lang='lat' dir='ltr'><strong>non</strong></span> <span class='ocrx_word' id='word_1_891' title='bbox 3472 4491 3586 4530; x_wconf 87' lang='lat' dir='ltr'><strong>om-</strong></span> 
     </span>
    </p>
   </div>
   <div class='ocr_carea' id='block_1_108' title="bbox 1986 4567 3588 4643">
    <p class='ocr_par' dir='ltr' id='par_1_108' title="bbox 1986 4567 3588 4643">
     <span class='ocr_line' id='line_1_108' title="bbox 1986 4567 3588 4643; baseline -0.004 -15"><span class='ocrx_word' id='word_1_892' title='bbox 1986 4589 2083 4628; x_wconf 89' lang='lat' dir='ltr'><strong>nes</strong></span> <span class='ocrx_word' id='word_1_893' title='bbox 2110 4573 2224 4643; x_wconf 86' lang='lat' dir='ltr'><strong>pari</strong></span> <span class='ocrx_word' id='word_1_894' title='bbox 2253 4573 2304 4626; x_wconf 93' lang='lat' dir='ltr'><strong>in</strong></span> <span class='ocrx_word' id='word_1_895' title='bbox 2329 4571 2533 4626; x_wconf 89' lang='lat' dir='ltr'><strong>honore</strong></span> <span class='ocrx_word' id='word_1_896' title='bbox 2562 4569 2689 4634; x_wconf 91' lang='lat' dir='ltr'><strong>sint,</strong></span> <span class='ocrx_word' id='word_1_897' title='bbox 2724 4567 3019 4622; x_wconf 89' lang='lat' dir='ltr'><strong>honoriﬁce</strong></span> <span class='ocrx_word' id='word_1_898' title='bbox 3041 4578 3220 4621; x_wconf 90' lang='lat' dir='ltr'><strong>tamen</strong></span> <span class='ocrx_word' id='word_1_899' title='bbox 3249 4568 3588 4636; x_wconf 83' lang='lat' dir='ltr'><strong>excipiuntur</strong></span> 
     </span>
    </p>
   </div>
   <div class='ocr_carea' id='block_1_109' title="bbox 1985 4657 3586 4728">
    <p class='ocr_par' dir='ltr' id='par_1_109' title="bbox 1985 4657 3586 4728">
     <span class='ocr_line' id='line_1_109' title="bbox 1985 4657 3586 4728; baseline -0.001 -11"><span class='ocrx_word' id='word_1_900' title='bbox 1985 4665 2051 4719; x_wconf 90' lang='lat' dir='ltr'><strong>ab</strong></span> <span class='ocrx_word' id='word_1_901' title='bbox 2073 4679 2138 4719; x_wconf 90' lang='lat' dir='ltr'><strong>eo</strong></span> <span class='ocrx_word' id='word_1_902' title='bbox 2173 4683 2185 4719; x_wconf 91' lang='lat'><strong>:</strong></span> <span class='ocrx_word' id='word_1_903' title='bbox 2215 4663 2292 4717; x_wconf 91' lang='lat' dir='ltr'><strong>sic</strong></span> <span class='ocrx_word' id='word_1_904' title='bbox 2317 4663 2420 4717; x_wconf 91' lang='lat' dir='ltr'><strong>erit</strong></span> <span class='ocrx_word' id='word_1_905' title='bbox 2454 4674 2510 4716; x_wconf 85' lang='lat' dir='ltr'><strong>et</strong></span> <span class='ocrx_word' id='word_1_906' title='bbox 2550 4660 2644 4715; x_wconf 91' lang='lat' dir='ltr'><strong>illo</strong></span> <span class='ocrx_word' id='word_1_907' title='bbox 2680 4668 2939 4728; x_wconf 89' lang='lat' dir='ltr'><strong>tempore.</strong></span> <span class='ocrx_word' id='word_1_908' title='bbox 2980 4657 3164 4728; x_wconf 83' lang='lat' dir='ltr'><strong>Neque</strong></span> <span class='ocrx_word' id='word_1_909' title='bbox 3211 4658 3352 4713; x_wconf 88' lang='lat' dir='ltr'><strong>enim</strong></span> <span class='ocrx_word' id='word_1_910' title='bbox 3395 4672 3586 4715; x_wconf 81' lang='lat' dir='ltr'><strong>omnes</strong></span> 
     </span>
    </p>
   </div>
   <div class='ocr_carea' id='block_1_110' title="bbox 1984 4748 3590 4824">
    <p class='ocr_par' dir='ltr' id='par_1_110' title="bbox 1984 4748 3590 4824">
     <span class='ocr_line' id='line_1_110' title="bbox 1984 4748 3590 4824; baseline -0.004 -11"><span class='ocrx_word' id='word_1_911' title='bbox 1984 4758 2173 4814; x_wconf 90' lang='lat' dir='ltr'><strong>eodem</strong></span> <span class='ocrx_word' id='word_1_912' title='bbox 2214 4754 2428 4811; x_wconf 86' lang='lat' dir='ltr'><strong>vivendi</strong></span> <span class='ocrx_word' id='word_1_913' title='bbox 2471 4768 2668 4824; x_wconf 78' lang='lat' dir='ltr'><strong>genere</strong></span> <span class='ocrx_word' id='word_1_914' title='bbox 2720 4759 2846 4806; x_wconf 87' lang='lat' dir='ltr'><strong>sunt</strong></span> <span class='ocrx_word' id='word_1_915' title='bbox 2895 4751 3018 4805; x_wconf 90' lang='lat' dir='ltr'><strong>usi:</strong></span> <span class='ocrx_word' id='word_1_916' title='bbox 3062 4765 3185 4805; x_wconf 89' lang='lat' dir='ltr'><strong>nam</strong></span> <span class='ocrx_word' id='word_1_917' title='bbox 3235 4748 3590 4821; x_wconf 78' lang='lat' dir='ltr'><strong>Unusquisque</strong></span> 
     </span>
    </p>
   </div>
   <div class='ocr_carea' id='block_1_111' title="bbox 1984 4842 3588 4914">
    <p class='ocr_par' dir='ltr' id='par_1_111' title="bbox 1984 4842 3588 4914">
     <span class='ocr_line' id='line_1_111' title="bbox 1984 4842 3588 4914; baseline -0.004 -11"><span class='ocrx_word' id='word_1_918' title='bbox 1984 4850 2265 4904; x_wconf 79' lang='lat' dir='ltr'><strong>mercedem</strong></span> <span class='ocrx_word' id='word_1_919' title='bbox 2293 4864 2437 4902; x_wconf 88' lang='lat' dir='ltr'><strong>suam</strong></span> <span class='ocrx_word' id='word_1_920' title='bbox 2470 4845 2704 4914; x_wconf 81' lang='lat' dir='ltr'><strong>accipiet,</strong></span> <span class='ocrx_word' id='word_1_921' title='bbox 2754 4843 3033 4898; x_wconf 84' lang='lat' dir='ltr'><strong>secundum</strong></span> <span class='ocrx_word' id='word_1_922' title='bbox 3075 4843 3341 4913; x_wconf 84' lang='lat' dir='ltr'><strong>praprium</strong></span> <span class='ocrx_word' id='word_1_923' title='bbox 3363 4842 3588 4898; x_wconf 85' lang='lat' dir='ltr'><strong>laborem</strong></span> 
     </span>
    </p>
   </div>
   <div class='ocr_carea' id='block_1_112' title="bbox 1986 4936 3585 5015">
    <p class='ocr_par' dir='ltr' id='par_1_112' title="bbox 1986 4936 3585 5015">
     <span class='ocr_line' id='line_1_112' title="bbox 1986 4936 3585 5015; baseline -0.005 -17"><span class='ocrx_word' id='word_1_924' title='bbox 1986 4946 2064 5015; x_wconf 89' lang='lat' dir='ltr'><strong>(l.</strong></span> <span class='ocrx_word' id='word_1_925' title='bbox 2092 4942 2212 4999; x_wconf 91' lang='lat' dir='ltr'><strong>Cor.</strong></span> <span class='ocrx_word' id='word_1_926' title='bbox 2238 4944 2289 4997; x_wconf 81' lang='grc'>5.</span> <span class='ocrx_word' id='word_1_927' title='bbox 2319 4941 2397 5008; x_wconf 88' lang='lat'><strong>8).</strong></span> <span class='ocrx_word' id='word_1_928' title='bbox 2437 4940 2736 5008; x_wconf 85' lang='lat' dir='ltr'><strong>Numquam</strong></span> <span class='ocrx_word' id='word_1_929' title='bbox 2778 4937 2957 5006; x_wconf 88' lang='lat' dir='ltr'><strong>itaque</strong></span> <span class='ocrx_word' id='word_1_930' title='bbox 3005 4936 3325 5006; x_wconf 90' lang='lat' dir='ltr'><strong>impediatur</strong></span> <span class='ocrx_word' id='word_1_931' title='bbox 3363 4936 3585 4992; x_wconf 87' lang='lat' dir='ltr'><strong>verbum</strong></span> 
     </span>
    </p>
   </div>
   <div class='ocr_carea' id='block_1_113' title="bbox 1985 5025 3587 5101">
    <p class='ocr_par' dir='ltr' id='par_1_113' title="bbox 1985 5025 3587 5101">
     <span class='ocr_line' id='line_1_113' title="bbox 1985 5025 3587 5101; baseline -0.006 -10"><span class='ocrx_word' id='word_1_932' title='bbox 1985 5036 2218 5101; x_wconf 90' lang='lat' dir='ltr'><strong>Christi;</strong></span> <span class='ocrx_word' id='word_1_933' title='bbox 2251 5034 2345 5090; x_wconf 83' lang='lat' dir='ltr'><strong>sed</strong></span> <span class='ocrx_word' id='word_1_934' title='bbox 2384 5047 2504 5087; x_wconf 89' lang='lat' dir='ltr'><strong>cum</strong></span> <span class='ocrx_word' id='word_1_935' title='bbox 2532 5032 2757 5084; x_wconf 90' lang='lat' dir='ltr'><strong>veritate</strong></span> <span class='ocrx_word' id='word_1_936' title='bbox 2784 5028 3034 5083; x_wconf 88' lang='lat' dir='ltr'><strong>ﬁduciam</strong></span> <span class='ocrx_word' id='word_1_937' title='bbox 3078 5025 3372 5084; x_wconf 78' lang='lat' dir='ltr'><strong>habeamus</strong></span> <span class='ocrx_word' id='word_1_938' title='bbox 3398 5043 3587 5083; x_wconf 89' lang='lat' dir='ltr'><strong>omnes</strong></span> 
     </span>
    </p>
   </div>
   <div class='ocr_carea' id='block_1_114' title="bbox 1985 5119 3587 5190">
    <p class='ocr_par' dir='ltr' id='par_1_114' title="bbox 1985 5119 3587 5190">
     <span class='ocr_line' id='line_1_114' title="bbox 1985 5119 3587 5190; baseline -0.005 -10"><span class='ocrx_word' id='word_1_939' title='bbox 1985 5129 2038 5180; x_wconf 89' lang='lat' dir='ltr'><strong>in</strong></span> <span class='ocrx_word' id='word_1_940' title='bbox 2070 5127 2290 5181; x_wconf 85' lang='lat' dir='ltr'><strong>caritate</strong></span> <span class='ocrx_word' id='word_1_941' title='bbox 2314 5123 2533 5184; x_wconf 89' lang='lat' dir='ltr'><strong>Christi,</strong></span> <span class='ocrx_word' id='word_1_942' title='bbox 2583 5121 2837 5190; x_wconf 90' lang='lat' dir='ltr'><strong>populum</strong></span> <span class='ocrx_word' id='word_1_943' title='bbox 2888 5130 3185 5188; x_wconf 87' lang='lat' dir='ltr'><strong>pascentes,</strong></span> <span class='ocrx_word' id='word_1_944' title='bbox 3217 5120 3424 5173; x_wconf 88' lang='lat' dir='ltr'><strong>animas</strong></span> <span class='ocrx_word' id='word_1_945' title='bbox 3466 5119 3587 5172; x_wconf 80' lang='lat' dir='ltr'><strong>irri~</strong></span> 
     </span>
    </p>
   </div>
   <div class='ocr_carea' id='block_1_115' title="bbox 1984 5211 3581 5285">
    <p class='ocr_par' dir='ltr' id='par_1_115' title="bbox 1984 5211 3581 5285">
     <span class='ocr_line' id='line_1_115' title="bbox 1984 5211 3581 5285; baseline -0.004 -15"><span class='ocrx_word' id='word_1_946' title='bbox 1984 5226 2190 5285; x_wconf 86' lang='lat' dir='ltr'><strong>gantes,</strong></span> <span class='ocrx_word' id='word_1_947' title='bbox 2219 5215 2411 5269; x_wconf 89' lang='lat' dir='ltr'><strong>animis</strong></span> <span class='ocrx_word' id='word_1_948' title='bbox 2438 5213 2629 5276; x_wconf 88' lang='lat' dir='ltr'><strong>divisi,</strong></span> <span class='ocrx_word' id='word_1_949' title='bbox 2676 5213 2769 5265; x_wconf 86' lang='lat' dir='ltr'><strong>sed</strong></span> <span class='ocrx_word' id='word_1_950' title='bbox 2800 5211 3208 5280; x_wconf 89' lang='lat' dir='ltr'><strong>cogitationibus</strong></span> <span class='ocrx_word' id='word_1_951' title='bbox 3255 5225 3361 5265; x_wconf 89' lang='lat' dir='ltr'><strong>non</strong></span> <span class='ocrx_word' id='word_1_952' title='bbox 3406 5211 3581 5264; x_wconf 87' lang='lat' dir='ltr'><strong>divisi.</strong></span> 
     </span>
    </p>
   </div>
   <div class='ocr_carea' id='block_1_116' title="bbox 1986 5301 3583 5373">
    <p class='ocr_par' dir='ltr' id='par_1_116' title="bbox 1986 5301 3583 5373">
     <span class='ocr_line' id='line_1_116' title="bbox 1986 5301 3583 5373; baseline -0.004 -11"><span class='ocrx_word' id='word_1_953' title='bbox 1986 5308 2138 5362; x_wconf 88' lang='lat' dir='ltr'><strong>Pacis</strong></span> <span class='ocrx_word' id='word_1_954' title='bbox 2171 5306 2417 5360; x_wconf 88' lang='lat' dir='ltr'><strong>inimicus</strong></span> <span class='ocrx_word' id='word_1_955' title='bbox 2461 5303 2693 5373; x_wconf 89' lang='lat' dir='ltr'><strong>judicem</strong></span> <span class='ocrx_word' id='word_1_956' title='bbox 2740 5303 2920 5357; x_wconf 86' lang='lat' dir='ltr'><strong>habet.</strong></span> <span class='ocrx_word' id='word_1_957' title='bbox 2955 5302 3023 5356; x_wconf 84' lang='lat' dir='ltr'><strong>Et</strong></span> <span class='ocrx_word' id='word_1_958' title='bbox 3062 5301 3336 5372; x_wconf 76' lang='lat' dir='ltr'><strong>quoniam,</strong></span> <span class='ocrx_word' id='word_1_959' title='bbox 3369 5301 3583 5365; x_wconf 82' lang='lat' dir='ltr'><strong>fratres,</strong></span> 
     </span>
    </p>
   </div>
   <div class='ocr_carea' id='block_1_117' title="bbox 1985 5393 3584 5465">
    <p class='ocr_par' dir='ltr' id='par_1_117' title="bbox 1985 5393 3584 5465">
     <span class='ocr_line' id='line_1_117' title="bbox 1985 5393 3584 5465; baseline -0.001 -16"><span class='ocrx_word' id='word_1_960' title='bbox 1985 5397 2289 5451; x_wconf 89' lang='lat' dir='ltr'><strong>hominibus</strong></span> <span class='ocrx_word' id='word_1_961' title='bbox 2342 5395 2557 5465; x_wconf 90' lang='lat' dir='ltr'><strong>quidem</strong></span> <span class='ocrx_word' id='word_1_962' title='bbox 2595 5394 2774 5447; x_wconf 86' lang='lat' dir='ltr'><strong>verbis</strong></span> <span class='ocrx_word' id='word_1_963' title='bbox 2820 5393 3222 5462; x_wconf 89' lang='lat' dir='ltr'><strong>persuademus,</strong></span> <span class='ocrx_word' id='word_1_964' title='bbox 3264 5393 3372 5447; x_wconf 87' lang='lat' dir='ltr'><strong>Deo</strong></span> <span class='ocrx_word' id='word_1_965' title='bbox 3404 5401 3584 5447; x_wconf 87' lang='lat' dir='ltr'><strong>autem</strong></span> 
     </span>
    </p>
   </div>
   <div class='ocr_carea' id='block_1_118' title="bbox 1985 5485 3582 5556">
    <p class='ocr_par' dir='ltr' id='par_1_118' title="bbox 1985 5485 3582 5556">
     <span class='ocr_line' id='line_1_118' title="bbox 1985 5485 3582 5556; baseline -0.003 -12"><span class='ocrx_word' id='word_1_966' title='bbox 1985 5491 2119 5545; x_wconf 85' lang='lat' dir='ltr'><strong>tales</strong></span> <span class='ocrx_word' id='word_1_967' title='bbox 2148 5489 2410 5552; x_wconf 89' lang='lat' dir='ltr'><strong>videmur,</strong></span> <span class='ocrx_word' id='word_1_968' title='bbox 2454 5488 2637 5556; x_wconf 85' lang='lat' dir='ltr'><strong>quales</strong></span> <span class='ocrx_word' id='word_1_969' title='bbox 2680 5501 2885 5553; x_wconf 89' lang='lat' dir='ltr'><strong>sumus,</strong></span> <span class='ocrx_word' id='word_1_970' title='bbox 2927 5486 3076 5540; x_wconf 90' lang='lat' dir='ltr'><strong>testis</strong></span> <span class='ocrx_word' id='word_1_971' title='bbox 3121 5494 3203 5540; x_wconf 90' lang='lat' dir='ltr'><strong>est</strong></span> <span class='ocrx_word' id='word_1_972' title='bbox 3250 5485 3340 5540; x_wconf 89' lang='lat' dir='ltr'><strong>ille</strong></span> <span class='ocrx_word' id='word_1_973' title='bbox 3385 5486 3582 5555; x_wconf 85' lang='lat' dir='ltr'><strong>cogita-</strong></span> 
     </span>
    </p>
   </div>
   <div class='ocr_carea' id='block_1_119' title="bbox 1984 5576 3578 5650">
    <p class='ocr_par' dir='ltr' id='par_1_119' title="bbox 1984 5576 3578 5650">
     <span class='ocr_line' id='line_1_119' title="bbox 1984 5576 3578 5650; baseline -0.004 -14"><span class='ocrx_word' id='word_1_974' title='bbox 1984 5583 2186 5636; x_wconf 87' lang='lat' dir='ltr'><strong>tionum</strong></span> <span class='ocrx_word' id='word_1_975' title='bbox 2222 5582 2518 5650; x_wconf 87' lang='lat' dir='ltr'><strong>inspector,</strong></span> <span class='ocrx_word' id='word_1_976' title='bbox 2553 5581 2641 5648; x_wconf 84' lang='lat' dir='ltr'><strong>qui</strong></span> <span class='ocrx_word' id='word_1_977' title='bbox 2673 5579 2934 5633; x_wconf 91' lang='lat' dir='ltr'><strong>rationem</strong></span> <span class='ocrx_word' id='word_1_978' title='bbox 2983 5586 3192 5647; x_wconf 89' lang='lat' dir='ltr'><strong>repetet</strong></span> <span class='ocrx_word' id='word_1_979' title='bbox 3228 5577 3296 5632; x_wconf 88' lang='lat' dir='ltr'><strong>ab</strong></span> <span class='ocrx_word' id='word_1_980' title='bbox 3323 5576 3386 5631; x_wconf 90' lang='lat' dir='ltr'><strong>iis</strong></span> <span class='ocrx_word' id='word_1_981' title='bbox 3412 5576 3578 5630; x_wconf 86' lang='lat' dir='ltr'><strong>omni-</strong></span> 
     </span>
    </p>
   </div>
   <div class='ocr_carea' id='block_1_120' title="bbox 1985 5668 3578 5742">
    <p class='ocr_par' dir='ltr' id='par_1_120' title="bbox 1985 5668 3578 5742">
     <span class='ocr_line' id='line_1_120' title="bbox 1985 5668 3578 5742; baseline -0.002 -17"><span class='ocrx_word' id='word_1_982' title='bbox 1985 5673 2083 5726; x_wconf 90' lang='lat' dir='ltr'><strong>hus</strong></span> <span class='ocrx_word' id='word_1_983' title='bbox 2104 5673 2193 5742; x_wconf 90' lang='lat' dir='ltr'><strong>qui</strong></span> <span class='ocrx_word' id='word_1_984' title='bbox 2223 5671 2497 5727; x_wconf 81' lang='lat' dir='ltr'><strong>mendacia</strong></span> <span class='ocrx_word' id='word_1_985' title='bbox 2521 5672 2828 5740; x_wconf 88' lang='lat' dir='ltr'><strong>loquentur,</strong></span> <span class='ocrx_word' id='word_1_986' title='bbox 2860 5685 2958 5724; x_wconf 90' lang='lat' dir='ltr'><strong>nos</strong></span> <span class='ocrx_word' id='word_1_987' title='bbox 2981 5685 3270 5739; x_wconf 88' lang='lat' dir='ltr'><strong>numquam</strong></span> <span class='ocrx_word' id='word_1_988' title='bbox 3310 5670 3454 5737; x_wconf 88' lang='lat' dir='ltr'><strong>pacis</strong></span> <span class='ocrx_word' id='word_1_989' title='bbox 3483 5668 3578 5722; x_wconf 85' lang='lat' dir='ltr'><strong>itii-</strong></span> 
     </span>
    </p>
   </div>
   <div class='ocr_carea' id='block_1_121' title="bbox 1993 5759 3578 5830">
    <p class='ocr_par' dir='ltr' id='par_1_121' title="bbox 1993 5759 3578 5830">
     <span class='ocr_line' id='line_1_121' title="bbox 1993 5759 3578 5830; baseline -0.004 -11"><span class='ocrx_word' id='word_1_990' title='bbox 1993 5766 2159 5821; x_wconf 68' lang='lat' dir='ltr'><strong>micos</strong></span> <span class='ocrx_word' id='word_1_991' title='bbox 2193 5779 2306 5820; x_wconf 69' lang='lat' dir='ltr'><strong>esse</strong></span> <span class='ocrx_word' id='word_1_992' title='bbox 2341 5778 2432 5821; x_wconf 75' lang='lat' dir='ltr'><strong>nec</strong></span> <span class='ocrx_word' id='word_1_993' title='bbox 2471 5763 2722 5830; x_wconf 61' lang='lat' dir='ltr'><strong>volnkse,</strong></span> <span class='ocrx_word' id='word_1_994' title='bbox 2757 5777 2857 5819; x_wconf 82' lang='lat' dir='ltr'><strong>nec</strong></span> <span class='ocrx_word' id='word_1_995' title='bbox 2884 5761 3044 5819; x_wconf 82' lang='lat' dir='ltr'><strong>hodie</strong></span> <span class='ocrx_word' id='word_1_996' title='bbox 3068 5762 3223 5819; x_wconf 83' lang='lat' dir='ltr'><strong>velle.</strong></span> <span class='ocrx_word' id='word_1_997' title='bbox 3255 5761 3385 5817; x_wconf 77' lang='lat' dir='ltr'><strong>Nam</strong></span> <span class='ocrx_word' id='word_1_998' title='bbox 3414 5759 3457 5816; x_wconf 92' lang='lat' dir='ltr'><strong>si</strong></span> <span class='ocrx_word' id='word_1_999' title='bbox 3478 5772 3578 5828; x_wconf 83' lang='lat' dir='ltr'><strong>pa-</strong></span> 
     </span>
    </p>
   </div>
  </div>
