4098 6440
507 484 632 526 cem
651 464 1060 538 perdiderimus,
1079 463 1274 520 inimici
1294 461 1497 518 erimus
1514 473 1698 516 eorum
1717 457 1807 530 qui
1835 473 1866 511 a
1887 454 2100 511 Christo

508 559 809 615 audierunt.
849 555 967 613 Pax
990 555 1149 611 nobis.
1176 555 1370 612 Verum
1401 551 1542 623 quod
1567 566 1752 623 pacem
1778 549 2026 616 velimus,
2047 553 2106 601 et

510 667 783 718 curemus,
816 660 876 708 et
893 650 1356 718 concupiscamus,
1383 645 1534 702 testis
1571 645 1664 700 ille
1691 644 1783 714 qui
1819 641 1997 705 novit;
2035 639 2104 696 de

509 742 735 813 reﬂquis
764 739 1075 796 tenebimus.
1119 738 1252 792 Nam
1291 735 1384 807 qui
1420 735 1762 804 prmmiorum
1799 733 2104 803 largitorem

511 839 789 902 exspectat
821 831 1011 895 Deum,
1049 829 1116 884 ad
1146 843 1206 884 se
1233 825 1564 898 purgandum
1595 842 1703 881 non
1729 823 2106 880 contumeliam

513 920 713 980 lateret
731 935 968 994 superno
986 920 1064 976 illi
1094 917 1361 976 tribunali.
1387 918 1575 974 Potest
1592 916 1734 974 Deus
1745 929 1932 987 pacem
1950 912 2099 979 dare,

2041 336 2314 397 SPUBIA.

3691 325 3798 382 79'!

2204 463 2388 521 pacem
2431 446 2670 512 ﬁrmare,
2701 457 2887 513 pacem
2914 441 3209 498 decernere
3252 440 3392 495 inter
3418 436 3804 509 pradicatores

2203 548 2259 598 et
2285 539 2576 604 auditores,
2609 539 2747 593 inter
2772 535 3021 591 doctores
3044 545 3100 589 et
3127 531 3439 603 discipulos,
3473 537 3532 584 ut
3564 543 3661 598 per
3678 542 3790 582 om.

2207 634 2291 692 nia
2313 648 2345 688 a
2370 646 2500 703 pace
2523 630 2653 695 orsi,
2681 637 2736 685 et
2763 629 2817 683 in
2843 641 2973 698 pace
2996 625 3233 681 medium
3257 623 3632 693 transigentes,
3661 627 3718 677 et
3746 620 3803 675 in

2209 740 2341 797 pace
2392 729 2796 794 perseverantes
2822 761 2837 786 ,
2887 719 2996 773 Deo
3025 717 3171 787 pacis
3211 714 3434 787 gloriam
3472 711 3803 777 releramus,

2210 818 2356 875 Patri
2380 826 2434 873 et
2453 815 2590 871 Filio
2613 822 2669 870 et
2695 810 2916 884 Spiritui
2939 816 3147 878 sancto,
3169 822 3314 865 nunc
3331 813 3389 864 et
3409 819 3645 877 semper,
3666 812 3722 860 et
3749 803 3806 859 in

2211 906 2405 967 saecula
2430 905 2774 962 saeculorum.
2801 904 2999 958 Amen.

520 1151 3773 1203 Μ

1772 1338 2511 1498 SPURIA.

533 1643 3428 1673 W

1867 1838 2031 1918 [776]
2060 1838 2416 1901 MONITUM

593 2006 972 2079 lnterspurias
996 2005 1121 2081 iure
1174 2007 1438 2078 ablegatm
1464 2016 1594 2065 sunt
1638 2008 1727 2064 ira:
1772 2008 2017 2079 quinque
2054 2008 2305 2064 liomiiiai
2339 2004 2390 2060 in
2451 2003 2892 2074 Assumptionem
2950 2000 3192 2066 Domini,
3242 2013 3477 2071 quarum
3538 2007 3775 2069 quatuor

521 2102 737 2172 priores
762 2116 795 2155 a
822 2099 1045 2156 Μαι-θυο
1060 2099 1350 2170 publicatae
1378 2109 1509 2156 sunt
1532 2099 1704 2164 Tomo
1734 2100 1787 2167 6,
1833 2098 2022 2169 quinta
2049 2115 2224 2170 eaque
2251 2097 2574 2153 brevissima
2615 2096 2757 2167 apud
2793 2093 3058 2149 Savilium
3100 2091 3354 2147 habetur.
3387 2089 3493 2159 Qui
3533 2089 3776 2146 Savilius

520 2194 684 2248 etiam
717 2202 947 2263 excepta
978 2194 1160 2263 prima
1175 2193 1312 2247 alias
1340 2206 1533 2248 omnes
1553 2192 1750 2247 edidit.
1771 2193 1849 2247 Ex
1872 2208 2101 2248 numero
2121 2199 2303 2246 autem
2331 2189 2590 2244 videntur
2608 2202 2731 2243 esse
2743 2201 2932 2241 eorum
2975 2183 3163 2254 viginti
3204 2183 3376 2239 duum
3407 2183 3656 2239 brevium
3687 2183 3777 2237 λό-

520 2300 636 2352 των
667 2284 720 2338 in
751 2284 1220 2355 Assumptioneru,
1243 2298 1386 2352 quos
1418 2293 1814 2340 commorat
1831 2286 2059 2341 Photius
2086 2285 2142 2340 in
2171 2284 2430 2340 Biblioth.
2466 2283 2602 2339 Cod.
2629 2282 2721 2339 25.

592 2372 825 2430 Homilia
873 2376 1048 2446 prima
1083 2375 1243 2431 nobis
1281 2376 1677 2446 Chrysostomo
1703 2376 1923 2448 indigna
1959 2377 2175 2433 videtur
2205 2391 2328 2434 esse
2360 2391 2375 2429 :
2406 2377 2498 2432 hic
2550 2376 2697 2432 enim
2737 2378 2970 2447 scriptor
3008 2374 3435 2448 ἀπροσδιόνυσος
3466 2385 3537 2427 an
3561 2369 3670 2425 alio
3703 2367 3778 2424 ad

519 2465 668 2521 aliud
696 2465 883 2537 inepte
903 2466 1145 2524 excurrit
1173 2483 1187 2519 :
1221 2467 1417 2520 namin
1441 2466 1764 2522 brevissima
1797 2465 2048 2522 oratione
2083 2468 2153 2522 ab
2196 2467 2589 2537 Assumptione
2640 2466 2857 2524 Domini
2895 2483 3080 2534 orsus,
3101 2468 3173 2522 ab
3207 2467 3313 2521 hoc
3343 2471 3672 2535 argumento
3702 2460 3776 2515 ad

521 2560 668 2616 aliud
703 2560 922 2628 transit,
956 2577 1152 2632 nempe
1197 2562 1268 2615 ad
1298 2561 1594 2630 apostolos,
1618 2561 1684 2615 ad
1721 2561 1949 2616 Paulum
1976 2563 2216 2618 maxime
2249 2581 2264 2617 :
2296 2578 2362 2616 ex
2394 2561 2626 2632 abrupto
2658 2573 2839 2618 autem
2875 2564 2944 2619 ad
2972 2564 3184 2633 alapam
3231 2560 3393 2632 jussu
3425 2558 3652 2614 Ananiae
3685 2570 3778 2611 sa-

519 2651 802 2707 cerdotum
835 2651 1098 2723 principis
1128 2651 1298 2706 Paulo
1325 2651 1605 2707 incussam
1632 2652 1998 2721 progreditur.
2031 2659 2092 2707 et
2113 2653 2270 2722 quasi
2294 2653 2494 2722 prioris
2530 2653 2764 2708 instituti
2804 2652 3026 2717 oblitus,
3050 2653 3144 2708 hic
3169 2649 3326 2706 Pauli
3363 2647 3554 2703 laudes
3587 2644 3778 2700 multis

519 2747 779 2802 celebrat.
807 2744 982 2803 Voces
1013 2760 1174 2817 porro
1209 2753 1439 2814 usurpat
1462 2745 1909 2816 aChrysostorno
1939 2746 2024 2799 vel
2046 2760 2330 2814 nunquam
2365 2746 2447 2798 vel
2494 2760 2686 2814 parum
2710 2744 3100 2816 frequentatas,
3126 2754 3184 2798 ut
3213 2739 3576 2804 ἔχονδύλιζον,
3602 2739 3774 2791 inter-

519 2842 789 2913 ficiebant.
854 2839 1128 2911 πλῆκτρον
1185 2838 1284 2907 τῆς
1345 2835 1512 2907 ζωῆς,
1563 2838 1819 2905 plectrum
1879 2836 2025 2901 vim,
2076 2850 2141 2903 ep

2208 2844 2356 2890 reton
2409 2833 2600 2901 Pauli;
2653 2834 3090 2907 θεοκλητοῦντες,
3141 2833 3308 2888 Deum
3357 2833 3778 2895 inuocantes;et

514 2931 622 2988 alia
672 2930 726 2985 id
766 2943 958 3001 genus,
1001 2943 1124 2998 quae
1175 2927 1332 2997 plura
1369 2925 1612 2997 proferre
1643 2941 1963 2997 possemus,
2012 2926 2114 2979 nisi
2137 2926 2248 2994 jam
2286 2934 2563 2982 constaret
2584 2928 2689 2982 hoc
2715 2927 3040 2998 opusculum
3078 2939 3192 2980 non
3211 2938 3332 2980 esse
3362 2921 3768 2994 Chrysostomi.

589 3021 760 3077 Paulo
801 3021 1042 3077 melioris
1063 3031 1206 3081 notae
1242 3028 1327 3074 est
1359 3019 1585 3074 homil'ra
1611 3021 1850 3076 secunda
1882 3039 1895 3075 :
1935 3019 2030 3074 sed
2059 3035 2180 3089 quae
2206 3029 2384 3073 tamen
2420 3035 2531 3075 non
2556 3029 2745 3075 careat
2800 3021 3113 3092 suspicione
3143 3018 3355 3083 νοθείας
3384 3035 3398 3071 :
3441 3032 3565 3072 nam
3595 3018 3776 3074 liben-

519 3123 604 3170 ter
651 3113 974 3170 crediderim
1020 3127 1143 3167 esse
1182 3120 1466 3167 centonem
1501 3114 1582 3178 {ex
1621 3113 1786 3168 variis
1841 3112 2216 3183 Chrysostomi
2263 3111 2397 3167 locis
2454 3113 2917 3169 consarcinatum.
2957 3112 3017 3168 ln
3055 3112 3305 3167 Editioue
3355 3118 3540 3165 autem
3581 3108 3773 3166 Savllii

518 3203 747 3259 habetur
778 3200 952 3258 Tomo
980 3200 1034 3267 5,
1067 3215 1121 3271 p.
1162 3200 1288 3268 975,
1329 3200 1367 3255 l.
1409 3202 1498 3268 37,
1533 3209 1589 3257 et
1631 3202 1916 3258 consuitur
1951 3218 2077 3258 cum
2131 3204 2299 3258 altera
2325 3203 2395 3258 de
2433 3204 2772 3261 Ascensione
2805 3205 3029 3260 humilia
3063 3202 3388 3260 brevissima
3414 3242 3432 3268 ,
3481 3199 3776 3258 manifeste

518 3296 731 3364 spuria,
753 3309 917 3365 quam
937 3303 1272 3363 postremam
1305 3293 1546 3349 omnium
1570 3295 1637 3348 de
1651 3293 1993 3350 Ascensione
2010 3295 2362 3351 homiliarum
2397 3295 2540 3351 inira
2570 3295 2863 3354 referimus
2911 3315 2926 3351 :
2957 3297 3014 3351 in
3058 3295 3248 3353 multis
3268 3302 3450 3350 autem
3489 3294 3689 3359 variat,
3717 3303 3776 3350 et

517 3388 723 3458 aliquot
742 3387 796 3442 in
823 3388 959 3475 locis
984 3403 1092 3443 non
1125 3387 1473 3446 mediocriter
1497 3387 1569 3444 ab
1590 3389 1692 3445 hac
1719 3390 1789 3446 de
1812 3405 1920 3461 qua
1950 3391 2160 3461 agimus
2181 3391 2476 3463 discrepat.
2508 3391 2660 3448 Unde
2682 3391 2886 3462 liqueat
2911 3391 3054 3447 hanc
3079 3391 3356 3449 homiliam
3387 3391 3559 3447 fuisse
3583 3390 3766 3445 diver-

515 3496 704 3540 sorum
732 3481 988 3542 manibus
1037 3491 1344 3542 tractatam.
1395 3484 1532 3541 Esse
1569 3484 1753 3557 itaque
1783 3496 2069 3542 centonem
2115 3486 2387 3556 suspicor,
2435 3495 2496 3541 ut
2523 3485 2660 3552 dixi,
2691 3486 2861 3542 variis
2888 3500 2956 3542 ex
3002 3484 3382 3559 Chrysostomi
3423 3485 3560 3542 locis
3603 3485 3769 3540 ador-

1619 3957 1743 4045 IN

1841 3953 2672 4047 ASCENSIONEM

1357 4212 1589 4258 DCIIII
1640 4212 1868 4258 ιωπιιι
1899 4213 2047 4259 JESU
2088 4214 2370 4272 CBBISTI,
2417 4215 2630 4262 BBBIO
2672 4217 2930 4264 PRIMUS-

592 4621 717 4677 Tria
737 4638 952 4705 summe
971 4625 1280 4682 admiranda
1310 4637 1470 4698 atque
1497 4631 1758 4705 stupenda
1788 4673 1804 4696 ,
1841 4634 2099 4701 tempori-

522 4692 622 4774 bus
641 4695 872 4776 antiquis
898 4697 1140 4776 ignota.,_
1151 4692 1408 4768 simeran't
1431 4692 1643 4770 quidem
1677 4692 1877 4776 naturzc
1905 4692 2103 4776 nostrae

521 4767 684 4844 vires,
712 4767 1027 4844 ipsataruen
1056 4767 1277 4844 infracta
1310 4767 1625 4844 permanent
1653 4783 1707 4826 et
1732 4773 1987 4827 immota:
2019 4773 2104 4827 fu-

522 4834 742 4916 niculus
766 4837 908 4916 enim
962 4838 1152 4916 triplex
1194 4834 1327 4916 nom
1351 4840 1503 4896 lacile
1544 4845 1824 4916 rumpitur.
1858 4845 1932 4898 Ea
1977 4859 2106 4916 vero

519 4915 644 4983 gmt
670 4922 684 4960 :
715 4909 948 4983 innupta:
979 4909 1165 4983 matris
1201 4909 1392 4983 Partus
1423 4953 1438 4975 ,
1480 4927 1544 4967 ex
1577 4909 1817 4970 triduana
1854 4915 2106 4983 passione

520 4973 901 5042 Resurrectio,
946 4981 1228 5050 carnisque
1274 4982 1327 5035 iu
1379 4973 1569 5037 caelum
1617 4973 1898 5040 Ascensio.
1949 4985 2104 5040 Novit

522 5058 731 5137 tempus
755 5052 966 5137 steriles
992 5050 1292 5137 peperisse,
1318 5053 1413 5107 sed
1448 5068 1562 5137 non
1588 5054 1790 5137 alisque
1826 5058 2104 5137 matrimo-

522 5117 644 5191 niali
663 5117 1036 5188 conjunctione
1050 5117 1299 5191 {agnovit
1322 5132 1563 5177 mortuos
1582 5124 1649 5178 ad
1669 5117 1830 5180 vitam
1857 5127 2101 5190 rediisse,

520 5187 616 5240 sed
645 5187 846 5243 nonad
872 5187 1246 5265 sempiternam
1277 5209 1291 5259 ;
1315 5193 1530 5264 agnovit
1560 5197 1871 5265 prophetam
1894 5187 2103 5252 assum;

522 5265 670 5322 ptum
712 5274 852 5332 esse,
885 5261 977 5316 sed
1002 5271 1284 5332 tamquam
1315 5261 1371 5318 in
1393 5261 1581 5319 caelum
1609 5283 1622 5320 :
1657 5261 1922 5332 tamquam
1958 5309 1972 5331 ,
2002 5267 2104 5323 hoc

520 5334 633 5406 est,
677 5344 784 5384 non
824 5330 878 5406 in
919 5331 1117 5406 caelum
1147 5330 1354 5389 verum.
1384 5335 1657 5406 Siquidem
1706 5330 1884 5391 Helias
1931 5330 2106 5395 lacum

522 5398 882 5480 locornutavit
909 5418 924 5455 :
954 5411 1010 5480 at
1033 5403 1282 5480 salvator
1308 5398 1548 5480 ascendit
1572 5448 1586 5471 ,
1623 5408 1773 5480 unde
1788 5409 2063 5464 descendit
2085 5454 2103 5478 ,

520 5469 702 5552 multis
723 5474 1203 5552 contemplantibus
1224 5476 1356 5552 viris
1373 5485 1529 5552 atque
1549 5469 1886 5552 mulieribus,
1904 5469 2103 5548 qnousl

520 5548 625 5622 que
652 5542 1078 5622 inﬂaltumﬁisus
1105 5542 1460 5622 imbecillitas
1482 5547 1609 5622 ferri
1656 5554 1826 5622 potuit
1856 5542 1880 5618 ,'
1901 5542 2107 5621 angelis

525 5611 658 5691 ipsis
705 5613 864 5691 ﬁdem
886 5615 1062 5691 _hnic_
1088 5618 1398 5686 spectaculo
1450 5611 1812 5691 prmberitibus
1837 5611 2104 5691 {bsec'un-

522 5680 754 5754 dumque
776 5685 970 5744 Christi
998 5680 1285 5746 adventum
1321 5680 1822 5763 praenuntiantibus.
1839 5680 1931 5745 'Et
1961 5707 2104 5760 ecce,

2209 4633 2399 4704 inquit,
2427 4635 2527 4687 duo
2546 4633 2639 4688 viri
2663 4634 2964 4689 adstiterant
2981 4636 3139 4704 juxta
3162 4635 3280 4690 illos
3306 4637 3360 4689 in
3385 4635 3598 4691 vestibus
3639 4635 3804 4703 albis,

2209 4705 2294 4785 qui
2319 4703 2812 4785 et‘dizcruutﬁl’iﬂ
2864 4703 3066 4785 Galilwi
3091 4747 3107 4773 ,
3148 4706 3271 4774 quid
3318 4708 3461 4761 statis
3503 4707 3808 4785 aspicientes

2208 4773 2260 4827 in
2290 4773 2506 4829 cretum?
2536 4774 2638 4829 Hrc
2663 4774 2833 4838 lem,
2857 4778 2942 4846 qui
2971 4773 3260 4844 assumptus
3295 4785 3368 4831 est
3401 4795 3433 4829 a
3470 4773 3610 4831 vobis
3632 4777 3687 4832 in
3712 4791 3804 4831 cl-

2210 4846 2316 4898 iuut
2335 4887 2348 4908 ,
2388 4845 2460 4899 sic
2498 4848 2658 4900 ueniet
2676 4888 2689 4913 ,
2721 4845 3145 4914 quemadmodum
3172 4848 3366 4901 vidistis
3394 4864 3507 4901 eum
3533 4857 3732 4907 euntem
3749 4847 3804 4901 in

2209 4917 2388 4988 calum
2417 4916 2565 4988 (Act.
2598 4919 2649 4971 i.
2682 4918 2770 4973 10.
2801 4919 2860 4972 li
2895 4917 2935 4987 ).
2965 4917 3010 4972 0
3037 4928 3233 4984 quanta
3254 4919 3666 4986 benignissimus
3698 4918 3805 4973 Do-

2209 4987 2385 5042 minus
2413 4987 2626 5057 pr0pter
2656 4988 2924 5057 improbos
2951 5003 3136 5042 servos
3168 5029 3184 5055 ,
3215 4988 3265 5042 in
3297 4988 3520 5043 salutem
3545 4989 3751 5057 peregit
3781 4989 3802 5043 l

2208 5057 2482 5112 descendit
2508 5074 2538 5113 e
2565 5060 2728 5120 caelis,
2755 5059 2805 5112 in
2824 5060 2985 5113 cmlos
3001 5060 3260 5122 ascendit,
3283 5059 3416 5113 etde
3433 5059 3577 5114 caelis
3607 5060 3801 5119 iterum

2211 5137 2468 5198 venturus
2491 5140 2573 5184 est
2589 5144 2608 5180 ς
2640 5130 2733 5183 sed
2763 5144 2867 5198 quo
2890 5141 3048 5198 pacto
3069 5139 3325 5184 venturus
3345 5131 3368 5182 ?
3409 5128 3526 5184 Non
3550 5131 3650 5183 alia
3674 5145 3800 5198 qui-

2207 5197 2329 5269 dem
2354 5210 2625 5269 assumpta
2651 5197 2897 5267 persana,
2919 5199 3015 5253 sed
3041 5203 3090 5254 in
3118 5199 3287 5254 forma
3313 5202 3512 5264 carnis,
3532 5209 3587 5254 et
3617 5197 3800 5254 habitu

2208 5267 2478 5335 humano;
2512 5267 2617 5324 non
2643 5283 2814 5324 tamen
2849 5269 3069 5340 humilia
3109 5285 3271 5340 agens
3301 5281 3359 5324 nt
3384 5279 3572 5330 antea,
3601 5286 3706 5340 non
3747 5273 3796 5324 in

2208 5355 2343 5394 nave
2369 5340 2640 5396 dormiens
2672 5383 2687 5405 ,
2720 5356 2826 5394 non
2856 5339 2921 5394 ad
2955 5338 3170 5409 puteum
3202 5343 3319 5395 sitis
3361 5342 3602 5395 molestia
3636 5338 3795 5393 labo-

2208 5426 2356 5476 rans,
2387 5426 2563 5480 neque
2587 5427 2745 5481 super
2772 5411 2972 5479 pullum
2994 5414 3159 5466 asinae
3185 5412 3399 5475 sedens,
3418 5411 3510 5466 sed
3536 5411 3795 5480 pullonn-

2208 5482 2289 5537 bis
2315 5491 2538 5546 vectus;
2568 5498 2673 5537 non
2705 5484 2996 5551 piscatores
3021 5483 3326 5548 adducens,
3357 5497 3542 5536 verum
3583 5483 3800 5551 angelo-

2207 5569 2325 5607 rum
2372 5555 2628 5610 comitatu
2672 5553 2944 5622 stipatus;
2985 5568 3088 5606 non
3142 5563 3268 5607 ante
3317 5552 3513 5622 judicis
3566 5551 3795 5606 tribunal

2208 5626 2531 5681 constitutus
2559 5666 2578 5689 ,
2604 5625 2696 5680 sed
2740 5621 2856 5692 ipse
2879 5621 3130 5692 judicans
3155 5623 3287 5678 lines
3315 5621 3465 5677 orbis
3488 5635 3746 5677 terrarum
3776 5663 3793 5689 ,

2209 5695 2444 5768 ipsisque
2471 5695 2824 5767 piscatorﬂius
2839 5704 3158 5765 potestatem
3172 5693 3503 5765 iudiciariam
3532 5693 3796 5762 pncbcns;
