4098 6432
248 365 351 420 795

242 487 700 558 quemadmodum
727 495 781 540 et
820 484 934 553 ipse
958 485 1110 541 docet
1141 527 1155 552 ,
1187 486 1252 541 ad
1292 484 1587 558 discipulos
1617 482 1843 558 dicens:

243 557 371 612 Cum
396 561 580 613 sederit
614 557 659 612 F
662 559 781 612 ilius
795 558 1009 611 hominis
1031 558 1080 609 i'n
1102 558 1218 610 sede
1241 557 1520 625 majestatis
1547 571 1673 616 sum,
1701 557 1848 606 sede-

241 632 356 684 bitis
388 642 434 684 et
464 646 550 683 vos
583 647 736 698 super
760 629 901 683 sedes
925 627 1190 681 duodecim
1223 670 1236 690 ,
1259 629 1552 698 judicantcs
1582 626 1849 698 duodecim

243 703 404 754 tribus
457 701 624 754 Israel
699 701 889 753 Matth.
917 700 1002 754 19.
1031 698 1102 752 28
1136 700 1189 766 );
1219 695 1285 752 ad
1327 697 1543 770 Judaeos
1581 713 1722 770 vero
1747 715 1764 770 :_
1787 695 1850 770 Si

241 783 411 825 niuem
441 774 495 824 in
522 768 802 825 Beelzebub
851 786 942 839 ego
983 771 1131 839 ejicio
1163 769 1417 821 dwmonia
1450 810 1460 832 ,
1494 769 1589 835 ﬁlii
1615 768 1765 839 vestri
1795 768 1846 819 in

239 859 339 907 quo
361 844 574 912 ejiciunt
597 842 621 894 ?
641 838 908 912 prapterea
935 838 1244 911 ipsijudices
1269 841 1426 912 vestri
1449 850 1594 892 erunt
1627 838 1846 908 (Matth.

239 862 339 907 quo
361 862 388 895 ε
417 862 573 896 totum
597 862 620 894 .'
641 862 908 912 propterea
935 862 1244 911 rpstjuatces
1269 862 1417 894 vestri
1449 862 1593 892 erum
1627 862 1845 908 μηιιιυι.

239 915 326 966 ii.
361 862 467 979 {7)
500 930 514 966 :
544 913 977 981 quandoquidem
1005 928 1126 964 eum
1165 927 1229 965 ex
1260 909 1459 966 Juda‘is
1490 919 1668 981 essent
1696 949 1710 972 ,
1741 923 1845 962 non

239 977 523 1051 sapiebant
551 977 613 1036 ca
641 998 762 1052 quin
781 977 1090 1037 inda-orum
1116 993 1272 1036 erant
1301 1022 1314 1043 ,
1364 981 1457 1035 sed
1487 977 1684 1052 Cbrisri
1721 994 1849 1052 snp-

240 1057 392 1121 plicia
429 1096 443 1116 ,
479 1051 704 1122 ejusque
729 1056 972 1122 stigmata
1005 1053 1246 1120 cognatis
1277 1053 1388 1105 suis
1417 1051 1847 1122 interfectoribus

241 1120 454 1198 tuuitini
484 1120 853 1198 pertulerunt.
872 1125 1016 1198 Rem
1036 1139 1282 1198 magnam
1307 1132 1464 1189 atque
1492 1120 1842 1198 stupendani!

241 1191 553 1248 inusitatum
580 1197 767 1263 jndicii
812 1197 1020 1265 genius?
1054 1191 1376 1262 piscatorem
1426 1195 1669 1261 aspicere
1697 1191 1844 1265 judi-

237 1277 468 1330 rantem,
503 1277 556 1320 et
586 1264 912 1320 Pharisaeum
941 1265 1201 1332 judicari;
1233 1265 1700 1318 tabernaculorum
1731 1264 1846 1330 opi-

240 1339 390 1390 lieem
411 1338 748 1392 conﬁdenter
776 1337 1052 1390 sedentem
1080 1378 1093 1396 ,
1123 1347 1178 1390 et
1207 1351 1476 1391 sunmmm
1508 1333 1844 1388 sacerdotem

236 1421 358 1459 cum
387 1408 634 1476 suspiriis
660 1407 918 1475 judicium
946 1407 1286 1460 subeuntem.
1319 1406 1426 1460 Cur
1450 1408 1593 1459 enim
1618 1405 1846 1458 Domino

237 1478 290 1530 in
321 1479 505 1560 faciem
530 1479 716 1560 alapas
751 1480 1087 1560 impegcrunt
1111 1520 1126 1540 ,
1157 1477 1796 1560 caputqueoverbgrarunt
1824 1518 1839 1560 Σ

237 1559 287 1599 et
306 1548 520 1602 demum
551 1549 808 1603 heredem
830 1545 1002 1613 ipsum
1031 1560 1179 1602 extra
1202 1549 1411 1602 vineam
1441 1545 1847 1600 interfecerunt?

238 1632 337 1672 cur
383 1619 602 1672 Petrmn
643 1619 709 1672 ad
760 1633 1030 1674 carcerem
1090 1630 1364 1672 lt‘aXerunt
1397 1661 1410 1682 ,
1459 1619 1622 1671 Paulo
1665 1627 1842 1670 autem

239 1690 609 1758 quadragenas
629 1731 645 1754 ,
676 1706 779 1742 una
809 1689 1002 1754 minus,
1035 1689 1214 1758 plagas
1242 1690 1548 1742 inllixerunt
1577 1688 1600 1738 ‘!
1629 1688 1767 1754 Quin
1793 1696 1847 1742 et

236 1759 583 1812 admirandus
612 1761 751 1827 apud
794 1774 889 1813 eos
936 1762 1183 1829 princeps
1220 1759 1560 1814 sacerdotum
1609 1759 1845 1829 Ananias

236 1833 493 1898 prteecpit
510 1829 843 1884 adstantibus
865 1828 964 1884 sibi
984 1832 1244 1884 ministris
1267 1841 1545 1898 percutere
1564 1844 1626 1883 os
1653 1828 1802 1882 Pauli
1829 1847 1841 1882 :

235 1916 296 1953 es
317 1901 440 1954 dico
469 1901 641 1964 Pauli,
677 1916 739 1953 es
765 1903 971 1969 gratim,
1006 1917 1067 1955 os
1099 1900 1643 1969 veritatis,pleetrum
1672 1901 1792 1953 vita:
1827 1942 1841 1966 ,

236 1971 376 2038 quod
410 1973 600 2040 quavis
629 1971 752 2025 tuba
776 1971 1147 2025 vehementius
1166 1981 1403 2032 resonat,
1427 1983 1482 2025 et
1509 1985 1845 2041 quacumque

238 2041 516 2095 harmOnia
542 2042 929 2112 consonantius
951 2055 1028 2095 est
1052 2060 1065 2096 :
1092 2057 1374 2112 organum,
1403 2046 1652 2111 inquam,
1683 2041 1842 2094 Chri-

233 2113 298 2163 Sti
329 2154 342 2173 ,
378 2126 440 2166 ac
474 2115 702 2165 listnlam
744 2111 978 2181 Spiritus
1009 2111 1200 2168 sancti.
1231 2116 1359 2178 Qum.
1387 2117 1530 2166 enim
1561 2114 1670 2165 visa
1719 2121 1847 2166 sunt

234 2181 454 2249 Spiritui
488 2193 696 2248 sancto,
732 2183 927 2237 Paulus
953 2183 1130 2253 lingua
1152 2199 1246 2237 sua
1273 2185 1586 2253 publicavit:
1623 2183 1762 2236 unde
1791 2194 1847 2237 et

233 2255 468 2323 arbitror
491 2254 654 2307 David
697 2255 1012 2323 prophetam
1049 2258 1149 2308 sub
1179 2270 1406 2322 persona
1435 2255 1584 2309 Pauli
1615 2253 1797 2308 dicare
1828 2272 1842 2307 ε

235 2321 435 2392 Lingua
478 2341 588 2377 mea
628 2321 858 2379 calamus
885 2328 1064 2379 scriba:
1090 2321 1323 2379 velociter
1348 2325 1612 2378 scribentis
1669 2323 1840 2394 (Psal.

231 2395 416 2462 ΜΛ).
443 2395 579 2462 Quid
612 2397 771 2466 igitur
795 2398 860 2449 ad
890 2399 1153 2450 Ananiam
1185 2397 1402 2457 Paulus,
1431 2395 1842 2466 lmpendcnsilli

205 2515 209 2528 ,
237 2466 560 2533 supplicium
609 2468 940 2534 prospiciens
970 2468 993 2520 ’ἶ
1023 2468 1152 2521 dixit
1193 2469 1258 2520 ad
1311 2484 1432 2521 cum
1459 2485 1473 2522 :
1512 2468 1769 2520 Percutiet
1799 2475 1846 2519 te

236 2535 394 2600 Deus,
427 2537 594 2606 paries
615 2537 844 2592 dealbate
866 2539 998 2607 (Art.
1023 2538 1108 2593 9.5.
1145 2539 1222 2607 5).
1257 2539 1388 2592 Nam
1419 2539 1593 2606 paries
1623 2537 1842 2590 dealba-

234 2616 336 2666 tus,
369 2609 677 2673 sepulcrum
725 2611 1027 2678 speciosum
1078 2620 1215 2668 erat.
1249 2610 1375 2662 toris
1399 2609 1670 2672 inimicus,
1700 2609 1842 2662 intus

238 2692 366 2731 vero
409 2687 682 2750 mortuus.
719 2682 980 2746 Quoniam
1025 2679 1182 2750 igitur
1235 2681 1302 2735 de
1345 2680 1508 2734 rebus
1549 2680 1838 2750 omnibus,

236 2765 354 2815 qua:
408 2750 458 2801 in
513 2751 617 2802 vita
665 2749 862 2805 fuerint
890 2749 1064 2815 aetat,
1097 2751 1332 2805 rationes
1370 2751 1522 2804 nobis
1553 2749 1840 2804 reddenda:

229 2831 638 2886 proponuntur,
669 2837 731 2874 ac
754 2823 1014 2891 judicium
1049 2824 1352 2876 universale
1385 2822 1728 2876 constituitur
1754 2820 1840 2874 ubi

228 2891 350 2958 quid
385 2891 454 2944 de.
495 2895 706 2944 talentis
747 2895 1017 2962 egerimus
1060 2895 1292 2956 exigitur
1325 2936 1337 2954 ,
1383 2893 1450 2947 de
1493 2894 1839 2963 mysticarum

229 2965 534 3030 nuptiarum
574 2974 887 3033 eontetnptu
909 3005 921 3026 ,
947 2965 1013 3016 tle
1044 2965 1378 3032 lampadibus
1410 2966 1595 3034 sponsi
1622 3005 1637 3030 ,
1669 2963 1737 3018 de
1758 2977 1842 3017 sc-

1491 370 1553 426 lN
1596 365 2090 433 ASCENSIOXEM,
2139 366 2298 434 ETC,

3462 374 3568 434 79s

1963 481 2162 536 mentis
2185 482 2538 545 incremento,
2572 479 2636 534 de
2662 480 2832 535 vinea:
2860 479 3032 536 fructu
3059 522 3074 544 ,
3101 479 3278 548 deque
3306 478 3370 534 iis
3392 483 3572 536 omni-

1965 554 2062 606 bus
2078 568 2196 620 qua:
2213 552 2368 605 nobis
2392 567 2490 622 per
2518 551 2800 620 parabolas
2821 553 3078 606 revelavit
3105 569 3117 604 :
3143 552 3305 604 vitam
3325 561 3568 607 nostram

1960 623 2330 693 expendamus
2359 665 2374 688 ,
2402 635 2456 677 et
2498 641 2586 677 res
2633 625 2795 692 hujus
2827 625 2949 677 vita:
2997 631 3393 677 commutemus
3422 664 3438 687 ,
3463 638 3573 679 non

1958 710 2080 748 cum
2113 704 2353 764 argento,
2386 711 2491 748 non
2517 711 2704 748 aurmn
2741 694 2894 748 nobis
2910 703 3182 764 parantes,
3213 709 3321 746 non
3351 708 3569 762 gravem

1958 763 2191 819 usuram
2223 775 2579 820 exercentes:
2614 766 2730 819 haac
2759 767 2902 819 enim
2931 763 3093 833 judex
3128 773 3451 828 aversatur;
3481 780 3574 818 ve-

1958 851 2075 890 rum
2111 837 2345 906 inopiam
2391 851 2683 906 pauperum
2725 835 3068 890 sublevantes
3102 877 3114 894 .
3152 835 3569 906 hOSpitalitatem

1959 905 2273 962 exercentes
2304 949 2318 969 ,
2349 923 2411 962 ac
2433 905 2600 961 Deum
2633 909 2944 960 invocantes
2975 949 2990 970 ,
3026 905 3315 973 omniaque
3348 915 3571 970 agentes

1957 993 2077 1046 qua:
2123 979 2189 1031 ad
2229 977 2426 1047 judicis
2457 978 2769 1046 placandam
2801 979 2934 1031 iram
2969 978 3105 1032 bona
3134 988 3451 1030 noscuntur.
3483 976 3572 1029 lti-

1956 1063 2046 1101 sce
2080 1049 2284 1102 lucrum
2339 1049 2752 1118 hospitalitatis,
2806 1049 3100 1118 respiciens
3143 1048 3208 1100 ad
3260 1047 3565 1114 exemplum

1957 1120 2221 1172 Abrahae:
2255 1121 2620 1190 orationisque
2644 1121 2927 1173 utilitatem
2950 1135 3016 1173 ex
3038 1118 3286 1190 Ninivitis
3313 1118 3566 1173 conside-

1957 1205 2083 1262 rans
2113 1231 2128 1253 ,
2154 1205 2217 1244 ac
2242 1188 2605 1262 eleemosynze
2637 1194 2948 1244 thesaurum
2983 1190 3034 1262 in
3063 1188 3292 1243 Tabitba
3324 1199 3571 1262 contem-

1956 1261 2142 1328 plans:
2171 1278 2290 1331 qum
2312 1278 2434 1316 cum
2469 1260 2519 1315 in
2550 1263 2690 1317 lecto
2718 1263 2981 1315 PXilﬂililiS
3003 1260 3228 1330 jaceret,
3258 1261 3572 1328 sepultura:-

1954 1347 2060 1400 que
2110 1333 2220 1401 jam
2290 1335 2529 1401 proxima
2588 1344 2773 1396 esset,
2826 1335 3298 1386 circumsteterunt
3349 1331 3567 1385 Petrum

1955 1417 2142 1457 omnes
2171 1403 2342 1458 viduae
2366 1405 2573 1465 llentcs,
2596 1414 2650 1457 et
2670 1403 3017 1458 ostendentes
3038 1403 3088 1457 ei
3114 1402 3254 1456 dona
3277 1401 3566 1464 defuncte,

1953 1475 2023 1544 ab
2062 1475 2246 1530 inferis
2292 1485 2556 1528 mortuam
2585 1483 2940 1529 extraxerunt
2978 1474 2996 1544 (
3031 1475 3142 1527 Act.
3175 1472 3229 1527 9.
3263 1474 3352 1528 5‘).
3379 1489 3488 1542 sqq.
3523 1473 3561 1539 ).

1953 1542 2109 1610 Quod
2152 1547 2194 1598 si
2252 1557 2522 1599 mortuum
2567 1560 2766 1612 corpus
2815 1542 3094 1598 viduarum
3144 1544 3397 1615 lacrymte
3447 1544 3569 1598 vitae

1957 1617 2292 1670 restituerint
2320 1659 2334 1679 ,
2369 1631 2557 1671 rursus
2584 1615 2724 1668 hami
2755 1615 2917 1670 dubie
2943 1615 3264 1669 moriturum
3306 1632 3319 1667 :
3368 1625 3566 1684 quanta

1953 1697 2111 1754 putas
2159 1689 2211 1741 in
2245 1687 2511 1740 bonorum
2546 1687 2849 1742 mercedem
2879 1686 3228 1755 praebiturum
3262 1699 3381 1740 esse
3409 1685 3565 1740 Judi-

1955 1773 2072 1812 cem
2129 1759 2192 1812 iis
2221 1759 2310 1828 qui
2362 1758 2508 1828 larga
2539 1773 2698 1811 manu
2732 1773 2995 1827 pauperes
3016 1756 3290 1828 abierint,
3321 1770 3385 1810 ac
3410 1757 3566 1828 testi-

1954 1829 2194 1882 monium
2239 1826 2533 1898 pauperum
2565 1843 2669 1882 non
2693 1826 3032 1898 abjec'erint?
3059 1826 3211 1882 Tunc
3249 1830 3393 1881 enim
3424 1827 3566 1898 dona

1953 1899 2152 1954 auferri
2183 1915 2289 1953 non
2325 1897 2649 1967 potuerunt,
2685 1897 2859 1954 morte
2889 1913 2996 1952 non
3025 1897 3392 1952 intercedente
3426 1938 3441 1961 ,
3468 1897 3564 1952 sed

1953 1972 2061 2042 vita
2090 1971 2140 2023 in
2171 1982 2489 2042 perpetuum
2523 1970 2771 2025 durante.
2801 1969 2959 2024 Canet
2981 1971 3116 2023 enim
3140 2011 3157 2042 ,
3190 1969 3404 2042 inquit.
3447 1967 3569 2042 trioa

1951 2043 2004 2094 in
2026 2037 2248 2102 Christo,
2265 2037 2309 2094 et
2328 2043 2514 2095 mortui
2533 2052 2796 2111 resurgant
2809 2042 3089 2110 incorrupti
3107 2041 3156 2109 (1
3171 2084 3182 2094 .
3200 2037 3323 2112 Car.
3341 2040 3430 2112 15.
3445 2037 3559 2112 52),

1953 2123 2114 2180 atque
2142 2112 2526 2177 immutabiles,
2557 2112 2625 2166 ad
2657 2113 3013 2167 imitationem
3055 2111 3293 2166 Domini.
3338 2111 3405 2164 Et
3427 2111 3567 2165 sicut

1953 2198 2074 2237 eum
2110 2185 2281 2237 nubes
2311 2183 2558 2252 qttmdnm
2591 2183 2823 2251 suscepit
2853 2223 2866 2243 .
2902 2184 2973 2236 ita
3002 2192 3056 2236 et
3085 2197 3185 2236 nos
3214 2223 3228 2248 ,
3266 2180 3564 2252 sectmdnm

1950 2269 2140 2307 vocem
2164 2251 2351 2317 Pauli,
2383 2252 2446 2306 In
2471 2254 2683 2307 nubibus
2710 2256 2968 2324 rapiemur
2996 2253 3192 2306 obviam
3213 2252 3257 2306 ei
3275 2251 3350 2324 (ι.
3379 2251 3562 2324 Thess.

1951 2327 2008 2378 4.
2043 2327 2154 2393 16).
2187 2326 2252 2379 Ει
2282 2326 2420 2379 sicut
2450 2326 2564 2394 ipse
2601 2325 2652 2378 in
2675 2323 2848 2394 jubilo
2869 2335 2924 2380 et
2944 2339 3076 2379 voce
3104 2324 3248 2378 tubae
3270 2323 3514 2378 ascendit
3543 2363 3561 2389 ,

1953 2395 2024 2449 ita
2045 2405 2100 2449 et
2127 2411 2223 2449 nos
2249 2397 2438 2449 mortis
2463 2397 2735 2460 nebulam,
2761 2397 2908 2451 velut
2929 2410 3178 2450 somnum
3201 2394 3563 2460 esetttientes,

1957 2468 2178 2520 Anrtori
2208 2471 2331 2520 vita:
2373 2467 2798 2536 conjungemur:
2838 2466 2906 2519 Et
2952 2467 3024 2519 sic
3054 2508 3069 2530 ,
3119 2465 3291 2534 inquit
3319 2505 3335 2530 ,
3364 2479 3564 2536 semper

1952 2553 2078 2609 cum,
2096 2538 2315 2609 Domino
2337 2539 2524 2592 erimus
2545 2537 2766 2609 (lbid.);
2795 2538 3066 2607 sapientes
3088 2552 3149 2590 ea
3173 2551 3292 2603 qua:
3312 2543 3442 2609 sunt
3460 2535 3566 2589 Do-

1951 2608 2081 2661 mini
2113 2651 2126 2673 ,
2157 2608 2444 2677 divinaque
2479 2610 2597 2676 ejus
2639 2607 2908 2676 pra'eepta
2956 2616 3255 2662 servantes.
3308 2607 3565 2677 Dignetur

1949 2690 2128 2734 autem
2161 2696 2257 2731 nos
2283 2676 2472 2732 omnes
2503 2681 2657 2734 beata
2695 2693 2757 2733 ac
2784 2680 2921 2733 felici
2948 2679 3034 2732 illa
3067 2694 3160 2732 sua
3190 2693 3356 2732 voce:
3387 2676 3556 2746 Euge.

1949 2768 2087 2804 serve
2113 2750 2238 2803 bone
2261 2761 2306 2803 et
2337 2750 2506 2817 ﬁdelis
2540 2793 2554 2814 ,
2586 2751 2704 2810 quia
2729 2767 2882 2817 super
2907 2767 3070 2821 pauca
3080 2750 3239 2872 ίζαὴςιὶ
3267 2747 3564 2811 ﬁdelis,su-

1954 2838 2045 2872 ora
2066 2822 2231 2872 multa
2261 2831 2307 2872 te
2341 2822 2685 2872 constituam:
2717 2822 2852 2872 intra
2894 2827 2946 2872 in
2975 2837 3074 2872 aau
3115 2821 3220 2872 ium
3250 2819 3461 2872 Domini
3488 2818 3561 2871 tui

1951 2838 2045 2889 pra
2066 2822 2231 2892 multa
2261 2831 2307 2873 te
2341 2822 2685 2892 constituam:
2717 2822 2852 2874 intra
2894 2818 2946 2874 in
2975 2818 3220 2892 gaudium
3250 2819 3461 2892 Domini
3488 2818 3561 2871 tui

1951 2895 1968 2961 (
1995 2892 2183 2972 i_lattlt.
2211 2891 2304 2972 9.33.
2332 2893 2396 2946 21
2424 2891 2464 2961 ).
2488 2893 2599 2972 ipsi
2637 2892 2805 2961 gloria
2839 2903 2889 2946 et
2918 2891 3200 2972 imperium
3223 2933 3238 2958 ,
3291 2899 3347 2946 et
3373 2891 3426 2944 in
3452 2903 3562 2943 sa:-

1952 2964 2069 3018 cula
2099 2963 2442 3017 smculorum.
2475 2967 2667 3018 Amen.

230 3087 2672 3110 Wm

1433 3191 1546 3263 IN
1605 3189 2200 3262 ASCENSION
2225 3191 2377 3260 ΕΜ

1195 3362 1428 3406 DOMINI
1473 3361 1699 3406 NOSTBI
1743 3361 1892 3405 JESU
1922 3363 2206 3420 CHRISTI,
2254 3363 2467 3409 SERMO
2511 3365 2580 3408 Il.

1681 3495 2104 3564 ww

296 3637 604 3693 Benedictus
639 3637 794 3692 Deus.
821 3637 1192 3708 Opportunum
1224 3646 1305 3693 est
1335 3639 1495 3692 hodie
1526 3652 1623 3692 nos
1641 3651 1832 3690 omnes

224 3712 599 3781 propheticum
647 3711 775 3763 illud
819 3712 1088 3769 clamare.
1147 3711 1411 3778 simulque
1460 3711 1834 3764 universorum

229 3781 514 3835 Dominum
553 3782 878 3843 collandare,
909 3797 968 3834 ac.
996 3783 1175 3835 dicere
1204 3801 1216 3835 :
1250 3781 1377 3845 Quis
1395 3783 1627 3847 loquetur
1655 3790 1836 3850 poten-

225 3853 323 3905 tias
371 3852 594 3916 l)omiui,
646 3853 848 3904 auditas
897 3854 1046 3921 faciet
1083 3870 1258 3907 omnes
1302 3853 1480 3906 Iaudes
1517 3854 1629 3920 ejus
1661 3851 1833 3921 (Psal.

228 3924 350 3976 105.
382 3923 469 3990 2)?
498 3923 669 3977 llodie
704 3925 844 3977 enim
875 3934 1072 3976 nostra‘:
1106 3925 1352 3991 primitim
1381 3923 1628 3977 Christus
1653 3925 1702 3975 in
1734 3939 1837 3976 ete-

225 3993 306 4046 los
329 3995 594 4060 asct-ndit,
623 4004 678 4049 et
705 3997 793 4065 qui
819 4009 884 4048 ex
918 3995 1070 4048 nobis
1087 4011 1302 4049 carnem
1327 3994 1424 4048 sibi
1447 4003 1834 4060 assumpserat,

231 4066 486 4118 thronum
515 4065 688 4118 Patris
716 4067 941 4134 accepit,
966 4075 1027 4119 ut
1068 4082 1165 4118 nos
1213 4081 1401 4120 serVos
1441 4066 1833 4127 reconciliaret,

228 4145 582 4206 veteremque
601 4137 930 4190 inimicitiam
948 4138 1174 4202 deleret,
1191 4153 1252 4192 ac
1269 4152 1456 4207 pacem
1481 4151 1837 4206 supernorum

228 4207 561 4260 exercituum
587 4208 892 4260 hominibus
920 4207 1094 4276 adhuc
1123 4209 1175 4262 in
1209 4219 1349 4262 terra
1382 4208 1700 4277 degentibus
1735 4208 1836 4261 do.

229 4288 403 4331 narct.
421 4278 741 4332 Communis
768 4279 910 4332 enim
936 4279 1090 4332 nobis
1113 4278 1268 4333 hodie
1285 4281 1546 4334 adversus
1565 4278 1835 4334 diabolum

229 4350 552 4416 proponitur
591 4350 850 4414 victoria,
889 4353 1195 4404 communia
1241 4351 1551 4405 certaminis
1595 4351 1836 4418 prmiriia,

227 4425 547 4474 communes
573 4435 810 4480 coronzr.
833 4425 1134 4475 communis
1155 4422 1343 4490 gloria.
1364 4423 1624 4487 Quocirca
1653 4422 1837 4474 exsul-

229 4498 405 4544 tenms
431 4493 606 4544 cuncti
639 4492 962 4561 aspicientes
1005 4494 1266 4561 primitias
1294 4504 1508 4546 nostras
1539 4491 1834 4554 Christum,

229 4576 445 4614 sursum
496 4564 811 4623 sedentem,
860 4575 1206 4632 nostramque
1278 4574 1520 4617 naturam
1583 4564 1836 4617 thronum

230 4633 468 4704 dextera:
489 4633 578 4686 Dei
599 4645 966 4698 occupantem.
989 4634 1122 4687 Nam
1150 4636 1193 4690 si
1223 4635 1551 4688 admirabilis
1580 4633 1836 4704 propheta

228 4701 417 4757 beatos
453 4719 550 4758 eos
585 4706 842 4772 'prmdicat
881 4705 973 4774 qui
1024 4707 1221 4759 habent
1268 4722 1452 4761 semen
1504 4707 1554 4759 in
1581 4701 1752 4771 sum,
1785 4715 1839 4760 et

229 4774 556 4848 domesticos
585 4778 634 4828 in
683 4775 982 4830 Jerusalem
1011 4777 1164 4848 (1δαὶ.
1189 4779 1276 4832 51,
1308 4777 1389 4838 9).
1422 4787 1627 4846 quanto
1669 4778 1837 4846 magis

231 4859 329 4898 nos
355 4845 590 4914 gaudere
618 4856 672 4900 et
698 4849 967 4918 exsultare
1016 4845 1249 4918 oportet,
1294 4845 1534 4901 videntes
1578 4845 1838 4917 primitias

231 4928 434 4970 nostra:
461 4919 650 4970 salutis
694 4917 966 4972 Christum
1000 4917 1064 4971 ad
1095 4921 1265 4987 ipsmn
1298 4919 1550 4972 calorum
1583 4920 1836 4973 verticem

230 4988 713 5054 asccndcnlcm,et
749 4993 980 5058 regalem
1027 4989 1305 5051 thronum,
1355 5006 1511 5060 quem
1559 4991 1672 5060 ip~e
1716 4993 1839 5043 reli-

230 5069 444 5122 querat,
494 5060 592 5112 sibi
645 5062 1042 5115 vindicantem?
1083 5061 1375 5115 Considera
1423 5062 1836 5124 tmim,dilecte.

229 5138 428 5201 quanta
470 5129 558 5184 Dei
601 5133 768 5185 nostri
811 5135 878 5185 sit
921 5134 1164 5194 bonitas,
1215 5149 1480 5201 quamque
1530 5135 1737 5186 occulta
1787 5144 1840 5186 ct

231 5200 516 5254 ὶιιρπιὺὶιὶε
545 5202 660 5271 ejus
713 5205 847 5256 facta
896 5205 963 5257 sit
1004 5200 1334 5271 di~pen~atio
1383 5200 1506 5273 erga
1547 5220 1717 5273 genus
1745 5221 1841 5257 no-

227 5281 424 5332 strum,
453 5276 595 5340 quod
621 5275 806 5328 fraude
843 5275 1038 5327 diaboli
1087 5275 1336 5344 paradiso
1381 5276 1682 5337 exciderat;
1721 5287 1840 5328 tan-

232 5352 393 5409 taque
443 5345 817 5398 maledictiOne
861 5347 1195 5410 danmatum,
1250 5356 1469 5414 repente
1507 5347 1557 5398 in
1586 5357 1838 5414 quantam

227 5415 605 5485 celsitudinem
654 5418 827 5469 evexit
866 5435 876 5467 :
912 5429 962 5471 et
991 5433 1097 5485 qUo
1145 5426 1301 5485 pacto
1352 5433 1468 5476 nos,
1503 5419 1591 5484 qui
1616 5427 1668 5469 et
1700 5427 1838 5471 terra

229 5482 344 5557 ipsa
374 5485 690 5539 videbamur
722 5488 944 5557 indigni,
972 5482 1201 5541 hodiein
1226 5489 1415 5541 etclam
1440 5482 1608 5542 evecti
1646 5489 1836 5553 simus,

230 5554 453 5622 ipsaque
484 5569 663 5610 nostra
689 5554 898 5623 natura,
929 5575 1048 5627 qu:e
1087 5560 1245 5610 etiam
1276 5560 1527 5626 paradiso
1559 5560 1706 5628 prius
1739 5575 1837 5628 pu-

231 5629 442 5678 tabatur
488 5628 724 5697 indigna.
761 5629 883 5682 llate
930 5632 1072 5682 enim
1108 5630 1157 5681 in
1191 5631 1335 5682 cadis
1383 5633 1606 5698 primam
1655 5631 1840 5685 sedem

227 5701 560 5767 occupavit;
607 5716 834 5767 qttchne
879 5702 1186 5753 (lannonum
1231 5701 1521 5754 ludibrium
1568 5712 1834 5765 evaserat,

233 5765 393 5841 hodie
425 5769 492 5821 ab
517 5765 724 5841 angelis
749 5765 1113 5841 supernisque
1164 5774 1515 5839 potestatibus
1559 5775 1834 5827 adorator.

227 5836 278 5893 υ
300 5838 514 5896 beatam
545 5836 690 5896 illam
731 5836 1077 5898 invidiaml'o
1099 5836 1265 5899 bonas
1298 5844 1550 5903 insidias!
1585 5862 1619 5903 ο
1644 5845 1840 5902 invidia

1945 3638 2547 3708 bonorumeausa,qn:c
2572 3640 2952 3696 nobisinﬁnita
2995 3641 3256 3699 concilias
3296 3643 3558 3708 bona.le-

1942 3723 2168 3780 genique
2188 3713 2603 3782 immortalitatis
2621 3713 2874 3782 peperisti
2895 3716 2906 3767 !
2927 3714 3059 3769 Cum
3077 3717 3220 3769 enim
3240 3723 3396 3771 antea
3417 3726 3566 3772 natu-

1945 3796 2018 3856 ra!
2036 3793 2232 3856 nostra!
2248 3781 2496 3837 humanm
2518 3784 2568 3836 in
2592 3785 2750 3837 terris
2771 3783 2986 3856 degenti
3008 3786 3563 3856 iuvideretimprobul

1944 3851 2033 3906 ille
2049 3853 2284 3928 ti:l‘lli_0li,
2303 3870 2442 3928 nttnc
2466 3869 2583 3909 eam
2603 3856 2656 3908 in
2677 3855 2822 3928 czelis
2840 3851 3050 3911 adorari
3075 3858 3221 3911 videt
3241 3877 3253 3912 :
3271 3870 3324 3913 et
3345 3851 3434 3928 qui
3464 3874 3562 3914 an-

1946 3931 2027 3975 tea
2066 3925 2418 3997 perfraudem
2451 3941 2639 3996 magna
2657 3927 3166 3994 etinComparabilia
3202 3925 3559 3997 surripuerat,

1945 4003 2003 4067 ut
2033 3996 2248 4067 putabat
2273 4038 2287 4061 ,
2312 4012 2453 4051 nunc
2488 3999 2783 4067 majoribus
2815 4009 2870 4053 et
2903 3999 3286 4054 illustrioribus
3312 3996 3412 4054 nes
3437 4017 3562 4067 per-

1945 4065 2048 4119 frui
2071 4068 2262 4120 cernit.
2288 4068 2407 4121 Ideo
2425 4065 2596 4136 jubilo
2624 4079 2679 4123 et
2713 4071 2926 4125 exsulto
2973 4070 3153 4136 hodie,
3173 4078 3341 4124 etvos
3383 4065 3564 4126 tit—me-

1943 4152 2065 4190 enm
2089 4137 2244 4192 simul
2276 4139 2370 4192 bas
2395 4140 2623 4194 choreas
2653 4143 2822 4210 agatis
2849 4141 3125 4196 cohortor.
3157 4142 3257 4209 Qui
3298 4143 3439 4196 enim
3465 4157 3565 4198 nec

1946 4216 2160 4262 terreno
2177 4210 2390 4279 quidem
2410 4211 2614 4266 honore
2629 4211 2775 4281 digni
2801 4229 3037 4278 eramus,
3059 4213 3125 4266 ad
3151 4227 3444 4281 supernum
3473 4229 3563 4268 re-

1946 4295 2110 4354 gnum
2163 4282 2546 4354 ascendimus,
2587 4283 2752 4337 cwlos
2801 4285 3139 4354 pervasimus
3165 4325 3179 4346 ,
3228 4291 3286 4338 et
3326 4285 3562 4353 regalem

1947 4349 2202 4425 thronum
2234 4349 2958 4424 apprehendimus.ipsaque
3009 4364 3223 4418 natura,
3263 4370 3358 4423 per
3390 4349 3550 4425 qua!

1945 4423 2649 4496 custodiebantparadisum
2673 4423 2990 4490 Cherubim,
3028 4426 3136 4496 jam
3181 4435 3366 4480 evecta
3395 4423 3477 4482 est
3507 4435 3566 4482 et

1945 4494 2222 4546 adorator.
2264 4494 2598 4566 Obstupesce
2647 4497 2806 4566 igitur
2847 4510 2901 4552 et
2923 4494 3212 4558 admirare,
3257 4497 3558 4559 carissime.

1947 4579 2212 4640 magnam
2235 4566 2510 4640 solertiam
2549 4569 2756 4623 Domini
2791 4570 2886 4633 tui,
2922 4583 2987 4624 ac
3011 4570 3251 4638 gloriliea
3280 4584 3426 4634 eum,
3468 4569 3563 4640 qui

1946 4643 2092 4687 tanta
2123 4636 2213 4690 tibi
2246 4636 2469 4705 largitus
2500 4649 2602 4692 est.
2633 4641 2990 4696 'l‘ranscendit
3015 4636 3158 4695 enim
3191 4640 3318 4694 doni
3338 4636 3560 4705 magni-

1946 4707 2156 4780 tieentia
2181 4707 2364 4762 damni
2395 4711 2841 4780 magnitudinem.
2875 4712 3008 4766 Nam
3039 4725 3165 4765 ecce
3190 4712 3281 4780 qui
3311 4707 3563 4779 paradiso

1945 4778 2457 4852 exeitlcratnus,ad
2493 4778 2688 4836 cadum
2738 4783 2910 4852 ipsum
2956 4782 3153 4836 sublati
3199 4778 3423 4846 sumus;
3469 4782 3562 4852 qui

1946 4857 2120 4902 morte
2146 4851 2384 4924 damnati
2416 4851 2634 4918 fuimus,
2673 4851 3090 4907 immortalitatis
3126 4853 3326 4907 donum
3350 4851 3564 4924 accepi-

1947 4936 2066 4994 mus
2099 4937 2114 4976 :
2145 4921 2338 4976 infensi
2369 4938 2586 4977 eramus
2610 4938 2661 4978 et
2688 4925 2921 4994 abjeeti;
2953 4934 3009 4981 et
3041 4924 3180 4978 filios
3222 4940 3322 4978 nos
3365 4921 3562 4994 vocare

1946 4993 2194 5056 dignatus
2225 5002 2327 5053 est.
2360 5011 2532 5063 neque
2568 4995 2709 5050 filios
2739 4991 2935 5061 solum,
2965 4996 3058 5050 sed
3087 5005 3142 5050 et
3166 4994 3394 5050 heredes
3413 4991 3440 5059 ς’
3461 5011 3558 5050 ne-

1946 5079 2051 5131 que
2080 5066 2242 5119 etiam
2287 5064 2518 5121 heredes
2557 5077 2785 5131 tantum,
2816 5068 2909 5122 sed
2937 5079 2990 5121 et
3016 5065 3311 5121 coheredes
3336 5067 3560 5121 Christi.

1948 5135 2090 5188 Ecce
2121 5137 2392 5204 quomodo
2423 5139 2624 5205 majora
2672 5139 2828 5194 nobis
2859 5155 2884 5190 a
2918 5139 3149 5193 Domino
3184 5139 3292 5191 sint
3335 5137 3556 5205 donata,

1947 5221 2107 5274 quam
2153 5216 2307 5260 antea
2357 5210 2568 5262 fuerant
2621 5210 2816 5263 ablata.
2865 5210 3064 5263 Verum
3103 5210 3232 5263 dum
3257 5209 3410 5262 audis
3435 5224 3560 5263 eum

1947 5277 2258 5348 ascendisse
2288 5287 2342 5333 et
2379 5290 2712 5348 assumptum
2753 5296 2895 5345 esse,
2933 5295 3064 5334 care
3113 5281 3337 5334 locatem
3369 5281 3420 5333 in
3454 5282 3563 5335 Deo

1948 5347 2268 5420 descensum
2311 5347 2604 5417 opineris:
2636 5351 2890 5407 divinitas
2930 5353 3072 5405 cnim
3121 5351 3299 5406 omnia
3352 5351 3560 5420 implet,

1949 5419 2147 5494 ubique
2180 5435 2419 5488 praesens
2450 5432 2551 5481 est.
2586 5432 2641 5476 et
2676 5439 2939 5494 nusquam
2988 5424 3158 5486 abest,
3187 5423 3332 5476 velut
3383 5419 3564 5477 omnia

1949 5489 2281 5564 inspiciens,_
2304 5504 2358 5546 et
2381 5495 2756 5548 universorum
2797 5489 2996 5564 opifex.
3027 5495 3280 5561 Ejusdem
3310 5509 3432 5546 cum
3463 5509 3563 5546 no-

1949 5571 2062 5614 stro
2101 5562 2313 5631 generis
2355 5579 2698 5634 corpus,quo
2738 5562 3049 5634 assumpto,
3095 5579 3358 5633 apparere
3403 5578 3566 5634 super

1949 5640 2152 5707 terram
2179 5635 2427 5702 dignatus
2466 5645 2567 5699 est,
2624 5652 2746 5690 cum
2788 5651 3013 5707 prorsus
3053 5636 3230 5689 simile
3271 5635 3425 5689 nobis
3471 5637 3561 5700 sit,

1950 5703 2080 5778 i_llud
2111 5705 2282 5774 ipsum
2311 5717 2554 5761 nostrum
2585 5717 2691 5775 est,
2721 5703 2862 5778 quod
2908 5722 3123 5762 sursum
3167 5717 3414 5762 evectum
3459 5719 3562 5778 est.

1951 5775 2021 5829 Et
2051 5785 2332 5845 propterea
2362 5775 2750 5836 communibus
2773 5779 2933 5835 hodie
2975 5779 3153 5836 cuncti
3192 5779 3414 5845 vocibus
3441 5777 3556 5830 cla-

1952 5844 2166 5902 memus
2188 5848 2560 5919 propheticum
2609 5851 2742 5909 illud
2786 5853 2987 5908 dictum
3015 5868 3027 5904 :
3061 5849 3302 5906 Ascendit
3327 5844 3472 5905 Deus
3501 5847 3558 5904 in
