4098 6440
215 413 325 473 805

211 529 585 586 lndumentum
610 539 625 577 :
660 523 911 590 Quotquot
937 510 1390 590 enim__itrgliristo
1421 505 1664 590 baptismi
1683 503 1822 590 estis,

211 577 736 654 Eii—riuuuiiiuduisiis
779 577 920 662 (Cal.
947 590 1001 643 5.
1033 585 1152 656 27).
1179 583 1387 654 Sponsa
1423 577 1824 662 esse‘voluisti';

707 647 806 737 Qui
824 662 970 737 hahet
983 647 1249 737 sponsam,
1264 668 1478 737 supinus
1494 659 1566 703 est
1574 647 1827 737 (oon.

710 716 952 811 voluisti;
979 716 1150 811 factus
1175 716 1380 811 esttibi
1400 716 1827 811 [viri-Dgppndi

212 789 349 867 (xiiii
460 789 549 862 Ini}
563 789 926 877 eii'o'ﬁrginm
942 789 1134 877 castam
1152 796 1382 876 exhibere
1397 791 1598 877 Christo
1613 789 1689 859 (2.
1705 789 1824 877 Cor:

213 862 410 950 tisi).
429 862 438 863 ί
459 878 714 950 Meretrix
752 862 896 950 ἔταμε,
927 883 980 928 et
1009 871 1150 950 facta
1175 885 1235 925 es
1273 868 1441 950 virgo.
1543 873 1828 950 resp-uvas

211 963 268 1010 et
293 941 665 1006 admirandas!
701 945 871 1018 Apud
901 944 1193 999 saeculares
1236 941 1440 1018 nupti:e_
1464 941 1825 1018 virginitatem

210 1024 461 1086 solvunt;
496 1021 550 1076 in
592 1012 1179 1088 spiritualibus‘autem
1226 1012 1564 1088 meretricem
1595 1012 1822 1088 accepit,

211 1076 522 1164 et’virgi'ne
561 1076 848 1164 castiorem
891 1086 1033 1164 fecit.
1071 1085 1446 1164 li_iterp_rertare..
1492 1076 1820 1164 ohmretice,

210 1151 488 1235 quomo'do
519 1162 773 1235 meretrix
807 1159 944 1235 facta
971 1157 1041 1212 sit
1068 1155 1218 1235 virgo
1240 1155 1281 1208 ί.
1307 1151 1533 1235 curiose
1554 1151 1827 1235 inquirere

213 1217 546 1297 uitiatum;
575 1232 672 1287 sed
704 1229 807 1285 [ide
830 1230 1098 1284 detineor.
1129 1217 1257 1280 ﬁrec
1283 1232 1464 1297 autem
1485 1219 1667 1297 omnia
1697 1217 1824 1286 Spi-

211 1289 350 1361 ritus
375 1289 546 1360 sancti
571 1303 740 1373 gratia
772 1301 968 1374 ellecit.
1016 1297 1196 1354 Ell'usa
1221 1303 1306 1350 est
1334 1294 1525 1374 gratia,
1556 1289 1825 1374 Ερρρρξ-

211 1358 876 1446 ἦεᾘιήἷίιιὶεέάὶερετιῇω
914 1358 1393 1446 lingumtamquain
1418 1364 1550 1446 ignis
1598 1358 1820 1446 (Act.

212 1430 312 1517 57);
340 1430 453 1502 non
477 1445 636 1516 ignis,
664 1430 760 1517 sed
790 1430 1071 1517 Tamquam
1097 1430 1526 1517 ignis.'Si_igiiis,
1553 1430 1825 1514 quomodo

212 1458 310 1517 ξιιμ
345 1462 453 1502 non
477 1461 636 1516 ignis,
664 1458 760 1499 seu
790 1458 1071 1512 tamquam
1097 1458 1250 1566 aqua.
1279 1458 1338 1493 at
1370 1458 1526 1506 Ignis,
1553 1458 1824 1514 QIIPI.IIU'IIU

211 1536 320 1574 non
347 1517 643 1573 ardebant?
693 1516 984 1586 interrogat
1029 1511 1118 1586 ειιιΔ
1136 1524 1266 1566 ωας.
1325 1509 1391 1566 Et
1439 1521 1546 1586 ego
1575 1517 1824 1586 _vnct'ssu.n

209 1590 460 1646 Judzrum
488 1587 852 1653 interrogabo,
878 1575 1159 1651 Quomodo
1184 1596 1292 1654 non
1314 1575 1666 1654 comburebat
1686 1575 1825 1654 ignis

210 1644 408 1717 rubum
433 1644 809 1714 combusti'bile
835 1644 1073 1725 lignum?
1100 1653 1239 1722 Quid
1261 1653 1383 1721 igne
1412 1644 1825 1725 vehementius?

207 1732 341 1803 quid
371 1729 730 1803 rubogvilius?
755 1736 808 1782 et
838 1720 1012 1803 néque
1039 1720 1241 1794 lignum
1268 1720 1615 1803 exurebatur,
1649 1729 1826 1803 neque

209 1789 354 1874 ignis
393 1797 854 1874 exstinguebatur.
900 1789 979 1853 A'c
1024 1789 1240 1874 rursum
1283 1789 1555 1874 quomodo
1595 1800 1826 1874 corpora

211 1863 377 1928 t'rium
407 1863 699 1942 puerorum
725 1869 863 1942 ignis
885 1884 991 1923 non
1018 1867 1256 1931 exussit;
1285 1863 1382 1920 sed
1421 1863 1612 1942 [οι-ηεξ
1653 1863 1709 1942 i_n
1735 1872 1828 1942 ro:

207 1927 337 2000 ﬁeri;
357 1927 512 1999 versa
533 1949 719 2014 est,et
741 1927 1004 2014 carbones
1035 1927 1308 2008 tamquam
1334 1949 1488 1990 rosas
1517 1927 1826 2014 habebant?

206 2017 496 2072 Certamen
513 2024 628 2068 erat
648 2012 849 2083 igniset
866 2024 1175 2083 corporum;
1198 2023 1263 2063 ac
1291 2020 1517 2083 corpora
1545 2012 1824 2083 victoriam

206 2087 530 2151 retulerunt;
550 2075 809 2155 nam'qua‘.
823 2093 947 2138 cera
963 2075 1206 2155 molliora
1222 2087 1396 2144 erant,
1420 2077 1563 2131 ferro
1589 2075 1827 2155 ﬁrmiora

204 2166 518 2214 evaserunt.
578 2153 938 2225 Interpretare
985 2153 1115 2207 mihi
1172 2159 1372 2226 vetera
1419 2166 1433 2203 :
1474 2160 1681 2226 _ve_rum
1706 2153 1795 2226 “ut

207 2237 633 2299 praecesserunt,
663 2217 1058 2299 tit-crederetur
1072 2222 1306 2299 veritati.
1333 2220 1445 2276 Cur
1473 2220 1526 2272 in
1558 2218 1681 2299 igne
1705 2217 1828 2283 Spi—

206 2295 348 2356 ritus
378 2298 640 2356 sanctus?
667 2296 750 2352 0b
777 2297 1067 2368 agilitatem
1094 2295 1292 2350 mentis
1315 2307 1502 2368 eorum
1531 2295 1624 2368 qui
1650 2295 1825 2367 ipsum

205 2380 586 2442 susceperunt.
621 2363 918 2442 Neque'ob
948 2368 1061 2442 hoc
1091 2375 1332 2442 tantum;
1360 2363 1458 2419 sed
1497 2363 1826 2442 etiarmnquia

205 2433 555 2514 sicut'ignis
596 2433 779 2510 spinas
820 2439 1110 2502 consumit,
1131 2508 1141 2514 _
1161 2438 1240 2514 sic
1267 2447 1322 2514 et
1350 2441 1567 2504 peccata
1594 2433 1826 2514 Spiritus

206 2501 455 2568 sanctus:
484 2501 716 2578 lniectus
740 2518 826 2566 est
853 2519 1072 2564 sanctus
1092 2501 1176 2563 vir
1205 2501 1477 2569 in'laeum,
1511 2514 1566 2560 et
1597 2504 1685 2557 ille
1713 2501 1828 2558 leo-

207 2601 340 2640 num
385 2599 482 2639 ora
529 2583 775 2638 frenavit.
805 2581 1150 2654 Circuierunt
1177 2579 1476 2654 piscatores
1519 2584 1741 2654 terram,
1772 2580 1829 2628 et

205 2671 334 2712 cum
362 2670 561 2725 aegram
590 2651 1423 2725 accepissent,advaletudinem
1445 2651 1823 2725 restituerunt;

205 2717 568 2782 seditionibus
613 2717 902 2795 agitatam,
949 2724 1002 2777 in
1043 2724 1244 2779 bonum
1292 2721 1538 2795 ordinem
1590 2717 1826 2772 reduxe-

208 2805 359 2860 runt,
394 2812 504 2851 non
535 2791 745 2850 lanceas
771 2795 1066 2860 vibrantes,
1099 2809 1206 2847 non
1235 2792 1445 2862 sagittis
1477 2791 1822 2859 impetentes,

208 2885 320 2924 non
361 2869 468 2923 tela
515 2870 809 2931 mittentes,
855 2881 961 2920 non
1010 2865 1357 2935 pecuniarum
1384 2862 1494 2935 vini
1521 2862 1826 2935 nacti,_non

207 2940 392 2994 verbis
431 2947 642 2994 utentes
684 2931 1139 3002 rhetoricis;'sed
1186 2942 1344 2990 erant
1388 2932 1571 2988 nudati
1606 2931 1823 3002 quidem

210 3011 472 3076 vestibus,
517 3018 573 3063 at
609 3009 826 3064 Christo
876 3007 1081 3061 induti:
1111 3020 1375 3076 pauperes
1400 3015 1454 3060 et
1487 3003 1702 3069 divites,
1733 3019 1830 3073 pe-

206 3083 368 3136 cunia
413 3082 590 3143 vacui,
641 3078 738 3134 sed
788 3093 1013 3148 regnum
1072 3078 1448 3146 possidentes:
1493 3076 1691 3148 seliget
1716 3089 1824 3129 non

208 3155 344 3218 soli;
373 3153 477 3208 soli
507 3151 712 3205 scilicet
745 3146 890 3220 quod
917 3166 1021 3204 non
1056 3150 1302 3204 homines
1329 3162 1511 3220 secan
1540 3146 1821 3220 haberent,

208 3225 306 3278 sed
334 3217 620 3277 Dominum
667 3217 822 3276 suum
869 3221 1191 3276 adstantem.
1243 3220 1376 3274 Nam
1429 3217 1565 3288 Ego,
1627 3218 1819 3286 inquit,

207 3295 470 3348 vobiscum
495 3311 605 3347 sum
626 3310 787 3362 usque
804 3294 873 3346 ad
897 3293 1383 3346 consummationem
1407 3290 1592 3362 swculi
1608 3288 1824 3357 (Matth.

208 3367 302 3422 28.
335 3365 456 3435 20).
488 3361 847 3433 Peragrarunt
873 3365 1180 3418 universum
1213 3364 1555 3435 orbeinovcs
1582 3361 1827 3435 interlu-

209 3452 333 3508 pos.
362 3432 496 3503 Quis
542 3432 714 3490 vidit?
764 3437 885 3505 quis
913 3435 1154 3508 audivit?
1184 3435 1359 3508 Dicit;
1398 3433 1552 3508 Mitto
1580 3448 1666 3484 vos
1694 3432 1826 3485 sicut

209 3505 328 3562 oues
366 3509 422 3562 in
449 3508 615 3560 medio
643 3510 888 3576 luporum
915 3506 1018 3576 (Ib.
1049 3507 1135 3560 10.
1170 3506 1281 3576 16).
1310 3505 1441 3573 Quis
1487 3512 1669 3576 pastor
1694 3518 1825 3558 oves

210 3580 378 3634 mittit
423 3579 477 3632 in
508 3575 743 3632 medium
769 3575 1059 3646 luporum?
1085 3575 1248 3632 Certe
1278 3592 1400 3631 cum
1431 3585 1612 3644 pastor
1639 3575 1824 3645 lupum

210 3650 378 3712 videt,
417 3663 548 3703 oves
573 3651 774 3718 abigit;
802 3649 1052 3703 Christus
1079 3659 1258 3703 autem
1289 3664 1320 3703 e
1346 3646 1618 3718 contrario
1657 3646 1783 3700 fecit
1808 3664 1822 3702 :

209 3736 342 3777 oves
373 3720 442 3775 ad
490 3720 641 3789 lupos
670 3717 850 3785 imisit,
878 3728 934 3774 et
960 3735 1087 3774 oues
1114 3734 1220 3774 non
1261 3728 1427 3787 rapta:
1450 3735 1479 3772 a
1509 3717 1648 3787 lupis
1677 3725 1824 3783 sunt,

212 3791 310 3848 sed
344 3792 456 3861 lupi
501 3791 706 3846 suntin
745 3792 924 3847 ovium
956 3792 1422 3845 mansuetudinem
1465 3790 1728 3843 translati.
1764 3791 1829 3845 Et

211 3879 283 3918 ne
307 3862 492 3917 dicant
532 3863 644 3916 illi:
676 3863 818 3917 Oves
856 3877 1063 3928 sumus,
1097 3872 1150 3917 et
1188 3879 1289 3916 nos
1333 3863 1500 3914 mittis
1543 3862 1594 3914 iu
1645 3875 1826 3915 escam

215 3934 492 4006 luporum,
539 3943 594 3988 et
620 3934 671 4006 in
702 3935 1207 4006 mensamierarum
1234 3952 1250 4006 ξ
1285 3950 1390 3986 uno
1421 3933 1588 3986 verbo
1612 3932 1828 4006 illorum

213 4003 455 4060 mentem
494 4004 894 4070 complectitur.
919 4003 1034 4058 Non
1059 4005 1212 4069 dixit,
1232 4004 1337 4059 Ite:
1362 4019 1534 4073 neque
1551 4005 1694 4057 enim
1715 4005 1831 4058 illo-

213 4091 335 4130 rum
355 4076 554 4129 virtute
571 4076 814 4130 mittebat
831 4077 972 4141 illos,
998 4077 1114 4136 sed.
1144 4077 1274 4129 Ecce
1293 4094 1382 4146 ego
1409 4077 1552 4128 mitto
1580 4091 1686 4129 vos.
1724 4075 1830 4130 Vos

217 4146 417 4218 inﬁrmi
439 4146 592 4208 estis;
625 4148 717 4200 sed
744 4159 933 4218 potens
957 4158 1038 4202 est
1057 4149 1144 4202 ille
1168 4150 1256 4218 qui
1285 4163 1379 4201 vos
1407 4147 1750 4218 mittiuQuis
1770 4162 1831 4201 es

219 4218 316 4289 tu?
344 4217 460 4286 Ego
490 4232 608 4289 sum
638 4219 727 4289 qui
748 4217 944 4271 ’etelum
977 4221 1087 4285 (ixi,
1116 4236 1215 4288 ego
1241 4221 1330 4289 qui
1359 4229 1556 4272 terram
1586 4217 1828 4283 fundavi,

217 4288 308 4359 qui
339 4303 488 4342 mare
517 4287 702 4360 eﬂudi,
749 4291 839 4359 qui
871 4287 1309 4360 chirographum,
1349 4289 1490 4360 quod
1516 4298 1704 4343 contra
1735 4304 1832 4344 vos

217 4369 356 4430 erat,
378 4360 528 4414 cruci
552 4359 723 4424 aflixi,
753 4361 842 4430 qui
883 4359 1137 4416 vetet-ent
1159 4363 1329 4429 legem
1362 4359 1584 4423 mutavi,
1613 4361 1704 4430 qui
1736 4376 1832 4414 vos

217 4429 286 4485 ad
338 4439 576 4485 veterem
634 4429 858 4500 patriam
912 4433 1122 4498 reduxi,
1175 4435 1265 4503 qui
1321 4434 1475 4486 fortia
1524 4429 1697 4495 solvo,
1741 4432 1834 4502 qui

218 4502 481 4573 dissoluta
508 4503 723 4558 roboro.
757 4503 894 4568 Quid
929 4508 1060 4557 mari
1087 4502 1312 4558 lortius?
1339 4505 1443 4560 Sed
1478 4519 1637 4573 parva
1669 4519 1834 4559 arena

218 4572 338 4642 ejus
363 4573 754 4628 intolerandam
788 4577 893 4628 vim
922 4577 1136 4628 retinet.
1170 4574 1304 4628 Ecce
1335 4593 1425 4644 ego
1455 4572 1600 4628 mitto
1638 4591 1725 4629 vos
1757 4576 1832 4629 si-

218 4653 306 4696 cut
329 4660 447 4698 oues
485 4646 561 4717 ing
580 4645 746 4698 medio
777 4645 1038 4714 luporum.
1073 4647 1222 4701 Fers:
1250 4650 1402 4717 quasi
1434 4662 1619 4701 murus
1644 4647 1835 4701 ovibus

218 4723 367 4779 sunt,
427 4714 660 4788 nerfuga
707 4718 934 4772 salutem
985 4714 1528 4788 consequi—possint.
1581 4718 1625 4772 0
1669 4720 1833 4772 virtus

223 4786 526 4864 mittentis}
569 4789 620 4864 in
651 4790 828 4864 medio
850 4805 999 4864 oves,
1031 4800 1083 4844 et
1115 4786 1418 4864 illVClPCUllu
1437 4792 1564 4864 lupi;
1595 4790 1688 4844 sed
1719 4807 1837 4844 mu-

224 4858 320 4911 tati
349 4866 477 4912 sunt
506 4859 638 4928 lupi,
666 4867 718 4913 et
746 4858 867 4913 lacti
901 4871 1027 4915 sunt
1047 4877 1196 4915 oves.
1231 4862 1344 4915 Non
1371 4863 1514 4916 enim
1558 4871 1711 4916 erant
1741 4878 1837 4915 na—

225 4939 343 4982 tura
379 4931 518 5002 lupi,
569 4929 663 5002 sed
712 4933 1005 4992 voluntate.
1055 4933 1188 4986 Ecce
1235 4951 1326 5002 ego
1378 4935 1520 4985 mitto
1561 4949 1666 4987 vos.
1697 4932 1836 4998 Quid

220 5000 575 5074 ergojubes?
610 5001 783 5056 Estote
811 5003 1082 5070 prudentes
1121 5000 1603 5072 sicut—serpentes,“
1640 5005 1838 5074 simpli-

221 5088 303 5125 ces
325 5073 463 5146 sicut
483 5074 746 5126 columbae.
772 5074 911 5140 Quid
952 5076 1107 5140 dicis,
1137 5074 1422 5128 Prudentes
1461 5076 1588 5128 sicut
1625 5073 1838 5146 serpen-

224 5143 342 5196 tes?
369 5143 606 5212 Serpens
635 5146 844 5198 etiamsi
875 5156 1125 5200 sexcenta
1173 5149 1399 5215 accipiat
1431 5151 1669 5214 vulnera,
1711 5143 1837 5202 dum

224 5223 384 5288 caput
434 5225 633 5288 servet,
660 5226 811 5288 totus
859 5227 942 5270 est
985 5232 1167 5270 sanus.
1215 5220 1285 5271 Ita
1308 5231 1360 5271 et
1380 5229 1455 5282 tu,
1484 5221 1528 5272 si
1558 5220 1837 5288 pecuniam

224 5284 567 5358 adversarius
599 5287 787 5340 tollere
819 5289 948 5351 vult,
977 5291 1156 5358 pnebe
1183 5290 1278 5354 illi,
1306 5291 1432 5344 item
1463 5292 1506 5343 si
1539 5284 1837 5358 facultates,

226 5357 270 5428 si
299 5357 471 5424 ipsam
493 5358 652 5410 vitam
680 5377 692 5412 :
722 5358 879 5412 Iidem
906 5370 1109 5413 tantum
1136 5376 1310 5414 serva.
1350 5362 1519 5415 listote
1547 5363 1839 5428 prudentes.

230 5424 321 5501 Illa
349 5439 600 5482 manente
628 5431 804 5483 omnia
839 5428 1089 5484 facillima
1123 5442 1260 5485 sunt.
1301 5433 1483 5487 Nudus
1510 5424 1759 5501 egressus
1781 5450 1841 5489 es

227 5497 294 5576 de
321 5509 488 5576 utero
536 5503 722 5576 matris
770 5510 896 5576 tusc,
949 5503 1124 5576 nudus
1154 5506 1442 5557 reverteris
1473 5497 1613 5572 (Job.
1648 5507 1697 5558 1.
1721 5504 1838 5576 2|).

228 5568 333 5622 Sed
355 5639 360 5640 ν
383 5572 646 5640 quispiam
695 5581 746 5625 te
789 5573 839 5625 in
867 5575 1113 5627 exsilium
1143 5577 1343 5628 mittit?
1370 5568 1576 5628 Domini
1605 5588 1675 5630 est
1707 5568 1843 5630 terra

230 5650 275 5716 et
305 5639 568 5716 plenitudo
597 5644 708 5712 ejus
736 5642 909 5715 (Psal.
956 5647 1044 5700 ‘25.
1081 5647 1153 5716 1).
1189 5647 1436 5702 Forsitan
1475 5662 1619 5702 mors
1649 5648 1843 5703 adest?

233 5713 302 5764 At
330 5726 480 5765 mors
503 5714 594 5766 tibi
627 5713 986 5784 peregrinatio
1010 5713 1121 5772 est.
1144 5717 1327 5773 Fidem
1359 5727 1563 5772 tantum
1590 5735 1657 5773 ne
1685 5720 1845 5774 amit-

233 5793 334 5848 tas,
359 5784 669 5838 thesaurum
697 5802 803 5840 non
827 5787 1166 5844 deﬁcientem
1189 5807 1202 5857 ;
1233 5791 1392 5845 [idem
1423 5807 1542 5862 qua:
1569 5806 1843 5862 nunquam

299 5876 437 5945 huic
459 5877 648 5945 additur
688 5881 737 5928 in
764 5883 924 5931 veteri
972 5885 1202 5933 versione
1228 5899 1240 5931 :
1271 5892 1387 5934 meo
1420 5890 1463 5934 te
1488 5883 1675 5935 nescire
1697 5884 1842 5945 dicis,

233 5941 280 5987 et
301 5938 555 6002 disputare
580 5941 640 5990 (te
668 5951 764 5991 Deo
785 5945 963 5994 audaci
989 5954 1256 5997 temeritate
1278 5947 1493 5996 conaris!

299 6003 371 6066 (τι)
409 6010 530 6065 \ox,
550 6004 746 6065 nubere,
772 6007 918 6058 deest
940 6011 990 6058 in
1019 6016 1200 6073 Graeco,
1228 6010 1316 6060 sed
1345 6010 1556 6074 legenda
1580 6010 1793 6061 videtur.

1403 393 1464 448 IN
1507 383 2025 446 PENTECOSTEN.
2068 382 2302 440 SERMO
2339 381 2380 436 1.

1493 2160 1681 2200 verum
1737 2143 1826 2197 illa
1871 2163 1876 2172 ί

3447 370 3557 430 eos

1938 500 2297 553 consumitur.
2334 493 2538 547 [lorum
2589 500 2758 546 testes
2805 490 2863 562 hi
2901 499 3202 562 martyres,
3235 492 3360 557 quia
3392 488 3554 544 tidem

1934 585 2043 623 non
2107 565 2496 638 perdiderunt,
2565 563 2760 638 mortui
2816 561 3127 638 viventibus
3176 569 3303 615 sunt
3357 570 3554 629 poten-

1936 631 2122 694 tiores:
2177 639 2303 692 Ideo
2369 637 2534 689 homo
2600 633 2773 687 factus
2836 647 2992 694 sum,
3044 631 3169 686 ideo
3212 644 3431 686 carnem
3461 646 3554 684 as-

1932 711 2179 779 sumpsi,
2223 720 2281 762 ut
2325 708 2514 779 orbem
2555 704 2862 779 Ecclesiam
2890 701 3187 779 efﬁcerem.
3246 701 3552 779 htlmodum

1932 773 2072 836 cara'
2089 773 2198 834 Deo
2239 787 2324 833 est
2363 776 2601 831 Ecclesia
2630 791 2736 829 non
2778 773 2948 828 muris
2971 783 3149 842 septa,
3177 773 3272 827 sed
3305 774 3407 826 title
3437 791 3554 827 mu-

1933 853 2067 906 nita.
2101 851 2329 920 Propter
2350 847 2648 902 Ecclesium
2667 856 2948 920 extensum
2966 855 3050 900 est
3064 845 3279 920 uelum,
3299 843 3554 920 ditlusum

1931 931 2015 978 est
2039 916 2321 986 mare,'aer
2345 933 2636 989 expansus,
2662 916 2880 989 fuiidata
2904 925 3069 989 terra,
3096 916 3375 989 paradisus
3399 917 3554 986 plan-

1933 1002 2096 1059 tatus,
2127 993 2216 1048 lex
2255 992 2380 1046 data
2404 988 2426 1056 ,7
2463 990 2742 1060 pr0phette
2784 988 2970 1054 missi,
3017 988 3273 1060 miracula
3306 998 3553 1056 patrata,

1932 1067 2154 1135 pelagus
2193 1063 2420 1118 scissum
2457 1059 2515 1135 et
2555 1060 2836 1135 reductum
2867 1068 2983 1124 est,
3014 1069 3164 1128 petra
3189 1059 3358 1114 scissa
3388 1066 3473 1115 est
3499 1069 3557 1116 et

1932 1132 2181 1191 restituta
2206 1176 2222 1196 ,
2261 1148 2458 1188 manna
2484 1132 2765 1201 delapsum
2788 1172 2804 1197 ,
2837 1140 2893 1185 et
2917 1140 3336 1199 extetnporanea
3364 1141 3558 1201 parata

1932 1222 2118 1260 mensa
2149 1215 2251 1261 est.
2277 1205 2507 1273 Propter
2533 1201 2831 1258 Ecclesium
2862 1201 3144 1273 prophetae
3163 1244 3178 1265 ,
3211 1212 3433 1271 propter
3455 1203 3552 1257 Ec-

1932 1279 2155 1332 clesiam
2184 1272 2413 1345 apostoli
2447 1293 2459 1328 :
2491 1283 2546 1329 et
2571 1275 2697 1344 quid
2734 1274 2884 1345 plura
2911 1272 3078 1327 dico?
3108 1272 3335 1342 Propter
3359 1274 3555 1329 Eccle—

1930 1349 2066 1403 siam
2115 1343 2424 1418 unigenitus
2470 1345 2566 1418 Dei
2592 1343 2783 1418 [ilius
2824 1343 2998 1399 lactus
3034 1355 3113 1398 est
3145 1345 3350 1418 homo_,
3397 1353 3457 1399 ut
3478 1347 3557 1418 ait

1934 1420 2130 1473 Paulus
2173 1439 2185 1471 :
2216 1415 2336 1484 ’ριὶ
2370 1417 2583 1488 proprio
2611 1415 2752 1470 Filio
2778 1432 2870 1470 suo
2900 1416 3250 1488 nonipepercit
3279 1415 3461 1486 (Rom.
3494 1417 3549 1472 8.

1929 1491 2046 1572 52).
2088 1487 2379 1572 Finani-ton
2393 1489 2660 1572 pepercit
2681 1530 2696 1554 ,
2730 1497 2790 1572 ut
2815 1487 3072 1572 Ecclesiae
3103 1497 3351 1572 parceret
3383 1505 3396 1542 :
3430 1503 3557 1571 san-

1929 1557 2144 1632 guinem
2191 1561 2311 1616 Filii
2353 1557 2546 1615 eﬂ‘udit
2589 1558 3172 1632 propter_Ecclesiam.
3204 1557 3305 1613 Hic
3333 1560 3553 1629 sanguis

1931 1629 2076 1688 illam
2125 1634 2321 1712 irrigat
2340 1632 2506 1712 :__ideo
2561 1633 2757 1712 planta
2783 1629 2905 1712 ejus
2935 1644 3275 1712 marcescere
3301 1644 3407 1703 non

1930 1714 2093 1773 sunt,
2145 1700 2246 1758 nec
2294 1703 2420 1758 folia
2467 1700 2734 1767 amittere.
2780 1700 3192 1773 Nonisubjacet
3238 1700 3553 1757 necessitati

1932 1771 2349 1846 tempestatum,
2396 1789 2497 1829 nec
2572 1771 3080 1846 tempori_subest,
3117 1773 3189 1826 ita
3239 1781 3299 1826 ut
3362 1782 3554 1829 testate

1931 1842 2275 1911 frondescet,
2310 1846 2488 1902 hieme
2514 1842 2764 1899 nudetur.
2791 1842 2977 1914 Neque
2995 1843 3140 1898 enim
3167 1851 3552 1912 tempestatum

1931 1919 2039 1974 ulla
2091 1917 2390 1973 necessitas
2440 1916 2631 1979 adest,
2679 1916 2774 1971 sed
2817 1914 3052 1985 Spiritus
3091 1915 3436 1986 gratiaillam
3458 1931 3556 1972 ex-

1930 1990 2060 2044 colit
2087 2007 2098 2042 :
2129 1989 2361 2059 ideoque
2387 2003 2496 2042 non
2523 1987 2794 2059 evellitur.
2845 1985 3192 2059 Nequersaue
3219 1985 3413 2041 mirum
3435 1996 3552 2053 est,

1930 2061 2076 2129 quod
2118 2076 2227 2115 non
2270 2057 2569 2124 evellatur,
2610 2058 2706 2113 sed
2731 2058 2875 2129 quod
2898 2057 3082 2113 multis
3112 2057 3554 2128 impugnantibus

1932 2148 2041 2186 non
2065 2132 2346 2187 evellatur.
2373 2129 2515 2198 Quot
2539 2131 2835 2200 quantique
2862 2132 2932 2184 ab
2952 2130 3105 2184 initio
3130 2130 3428 2185 Ecclesiam
3451 2145 3557 2200 0p-

1933 2203 2274 2274 pugnaruut?
2300 2201 2434 2257 Cum
2450 2216 2658 2274 ~recens
2688 2201 3097 2274 plantataesset
3115 2243 3130 2264 ,
3163 2204 3331 2256 multa
3359 2213 3551 2274 contra

1932 2272 2079 2329 illam
2109 2284 2253 2328 mota
2276 2283 2424 2328 sunt.
2448 2272 2604 2328 Nunc
2626 2275 2770 2327 enim
2803 2288 2903 2342 per
2929 2273 3022 2327 Dei
3048 2274 3278 2344 gratiam
3299 2282 3354 2328 et
3378 2272 3555 2344 Spiri-

1933 2355 2018 2400 tus
2045 2347 2297 2400 virtutem
2332 2344 2692 2413 Imperatores
2723 2345 2794 2413 pii
2823 2355 2978 2410 sunt,
3011 2359 3077 2397 ac
3099 2342 3267 2399 duces
3294 2384 3311 2409 ,
3341 2353 3398 2399 et
3423 2342 3550 2400 iuni-

1931 2433 2091 2473 versa
2141 2426 2283 2472 terra
2311 2415 2416 2470 ﬁde
2443 2416 2649 2486 repleta
2676 2427 2760 2471 est
2787 2433 2801 2468 :
2834 2417 2886 2469 in
2916 2415 3182 2484 principio
3207 2425 3388 2470 autem
3414 2426 3469 2472 et
3499 2418 3555 2472 in

1931 2488 2158 2544 exordio
2185 2487 2441 2542 Ecclesia:
2468 2488 2829 2557 Imperatores
2858 2488 3118 2557 impietati
3149 2486 3346 2541 addicti
3373 2498 3552 2555 erant,

1931 2560 2099 2614 duces
2139 2560 2287 2628 impii
2314 2559 2521 2614 :edicta
2552 2560 2852 2628 principum
2881 2560 3098 2629 ubique,
3131 2573 3243 2612 ara:
3273 2559 3510 2614 incensa:
3535 2603 3551 2628 ,

1934 2629 2112 2685 fumus
2139 2631 2335 2701 ubique
2355 2645 2419 2685 ac
2445 2631 2623 2685 nidor.
2656 2632 2767 2684 Aer
2786 2630 3103 2685 ‘fmdabatur
3123 2671 3137 2695 ,
3171 2641 3312 2685 terra
3342 2632 3554 2700 pollue-

1934 2702 2122 2766 batur,
2173 2702 2452 2756 daemones
2489 2701 2992 2765 debacchabantur,
3031 2701 3279 2756 diabolus
3326 2703 3555 2759 choreas

1932 2775 2124 2844 agebat
2153 2792 2168 2828 :
2197 2782 2351 2844 pater
2374 2772 2656 2844 occidebat
2688 2773 2877 2840 lilium;
2904 2774 3045 2828 [ilius
3068 2774 3428 2828 inhonorabat
3459 2790 3556 2842 pa-

1935 2843 2070 2900 trem
2103 2862 2117 2900 :
2149 2843 2340 2899 natura
2365 2843 2713 2900 scindebatur
2731 2885 2747 2909 ,
2780 2847 2950 2913 pietas
2976 2861 3083 2898 non
3105 2844 3552 2902 distribuebatur.

1934 2916 2036 2973 Ubi
2080 2924 2209 2970 sunt
2254 2931 2396 2971 nunc
2442 2916 2517 2970 illi
2556 2919 2645 2984 qui
2671 2916 2874 2970 audent
2914 2926 3100 2970 contra
3135 2917 3429 2970 Ecclesiam
3461 2931 3560 2986 pu-

1931 2988 2141 3058 gnare?
2163 2987 2389 3056 Quando
2415 2988 2622 3042 novella
2648 2997 2764 3041 erat
2782 3028 2798 3053 ,
2827 3002 2932 3041 non
2962 2987 3088 3042 ltesa
3119 2986 3238 3053 fuit,
3261 2997 3315 3041 et
3338 3003 3461 3042 cum
3485 2990 3554 3043 ad

1931 3061 2127 3114 crelum
2172 3060 2458 3128 pertingit,
2487 3067 2772 3128 exspectas
2807 3069 2856 3112 te
2888 3058 3033 3112 illam
3063 3073 3223 3128 posse
3251 3061 3557 3128 superare?

1932 3131 2067 3184 Cum
2101 3131 2349 3185 undecim
2382 3138 2589 3183 tantum
2617 3140 2800 3184 essent
2825 3131 3054 3198 apostoli
3076 3172 3089 3191 ,
3116 3132 3294 3184 nullus
3317 3146 3436 3184 eam
3457 3145 3553 3186 su-

1935 3217 2129 3271 perare
2173 3202 2378 3272 potuit;
2432 3203 2529 3256 sed
2577 3201 2654 3256 illi
2696 3201 2942 3257 undecim
2977 3211 3056 3256 tot
3085 3202 3360 3256 hominum
3389 3203 3556 3256 millia

1931 3275 2086 3343 quasi
2119 3289 2317 3343 sagena
2348 3282 2615 3342 ceperunt
2644 3291 2656 3326 :
2688 3289 2831 3328 nunc
2855 3289 2982 3326 vero
3003 3287 3124 3327 cum
3156 3289 3342 3340 mare,
3376 3283 3555 3340 terra,

1932 3293 1948 3324 ί
1972 3293 2086 3328 IIIIS!
2119 3293 2317 3343 838608
2348 3293 2615 3342 ceperunt
2644 3293 2656 3326 τ
2688 3293 2831 3328 nunc
2855 3293 2982 3326 νει-ο
3003 3293 3124 3327 CIIII]
3156 3293 3308 3328 mare
3327 3315 3342 3340 ,
3376 3293 3518 3329 terra
3537 3314 3555 3340 ο

1932 3293 2213 3399 desertum
2241 3354 2296 3399 et
2325 3345 2486 3399 urbes
2507 3385 2522 3409 ,
2553 3360 2850 3415 omnesque
2882 3345 3096 3398 termini
3129 3357 3287 3400 terra;
3316 3361 3440 3400 vera
3472 3361 3559 3400 re-

1934 3417 2135 3485 Iigione
2173 3425 2304 3470 sunt
2345 3417 2569 3484 repleti,
2612 3431 2738 3469 num
2777 3431 2964 3486 speras
2996 3425 3047 3470 te
3078 3417 3224 3470 illam
3255 3432 3415 3487 posse
3444 3418 3560 3470 vin-

1931 3489 2101 3543 cere?
2134 3488 2333 3542 Verum
2368 3503 2476 3541 non
2507 3496 2689 3554 potes,
2713 3487 2964 3542 Christus
2990 3489 3135 3542 enim
3164 3489 3553 3558 prOuuntiavit,

1935 3558 2112 3613 Porus
2151 3560 2304 3629 inferi
2349 3575 2450 3612 non
2495 3560 2841 3628 prwvalebunt
2881 3559 3127 3613 adversus
3166 3577 3279 3612 eam
3329 3558 3548 3629 (Matth.

1939 3632 2027 3697 t6,
2079 3631 2190 3700 18).
2223 3631 2455 3684 Facilius
2482 3640 2565 3684 est
2593 3631 2782 3684 caelum
2808 3630 2877 3685 de
2904 3630 3083 3684 medio
3114 3632 3248 3697 tolli,
3278 3640 3333 3685 et
3361 3642 3558 3686 terram

1934 3704 2112 3773 perire
2136 3743 2152 3768 ,
2179 3716 2344 3771 quam
2374 3701 2574 3770 aliquid
2604 3703 2728 3755 mali
2758 3702 2869 3771 pati
2900 3703 3217 3757 Ecclesium.
3249 3702 3366 3771 Ipse
3394 3703 3557 3758 Chri-

1933 3786 2049 3828 stus
2089 3774 2164 3828 ait
2200 3791 2212 3826 :
2247 3773 2444 3826 Caelum
2472 3784 2520 3825 et
2551 3783 2686 3825 terra
2719 3773 3044 3839 transibunt,
3071 3775 3222 3828 verba
3249 3786 3419 3828 autem
3445 3792 3558 3828 mea

1935 3863 2037 3898 non
2077 3845 2407 3917 prmteribunt
2448 3844 2664 3915 (Matth.
2705 3844 2796 3898 Ἡ.
2829 3847 2943 3917 55).
2974 3846 3118 3900 Bene
3145 3847 3360 3915 quidem
3396 3865 3408 3900 :
3437 3861 3563 3900 ver-

1937 3919 2062 3971 hum
2089 3917 2287 3986 quippe
2319 3916 2412 3970 Dei
2444 3920 2560 3984 ipso
2594 3917 2726 3970 c:elo
2753 3916 3021 3985 potentius
3042 3926 3126 3971 est
3159 3935 3171 3970 :
3196 3917 3388 3971 caelum
3411 3919 3556 3971 enim

1936 3997 2021 4042 cst
2063 4004 2200 4057 opus
2231 3988 2402 4041 verbi.
2453 3987 2595 4041 Dixit
2627 3988 2766 4042 Deus
2788 4031 2802 4053 ,
2835 3988 2954 4042 Fiat
2982 3990 3185 4043 leum
3209 4030 3224 4054 ,
3255 3999 3308 4042 et
3333 3989 3558 4044 verbum

1937 4075 2073 4128 opus
2115 4059 2315 4113 factum
2359 4068 2462 4113 est.
2492 4059 2757 4112 Currebat
2791 4070 2977 4112 natura
2999 4103 3013 4124 ,
3047 4069 3101 4114 et
3130 4061 3259 4114 nihil
3293 4060 3555 4130 impedie-

1939 4130 2048 4184 bat.
2102 4130 2316 4185 Etenim
2384 4131 2642 4184 Dominus
2692 4141 2810 4184 erat
2863 4141 3104 4197 naturm,
3153 4135 3241 4201 qui
3297 4144 3352 4186 et
3396 4133 3555 4186 talem

1938 4203 2136 4264 facere,
2195 4212 2249 4256 et
2293 4203 2579 4256 immutare
2631 4211 2859 4270 poterat.
2922 4203 3038 4272 Ego
3104 4204 3248 4256 illam
3299 4205 3559 4258 :edilicavi

1941 4273 2036 4344 qui
2091 4273 2255 4328 caelos
2309 4274 2474 4327 statui
2530 4289 2544 4326 τ
2607 4289 2794 4327 verum
2847 4290 2954 4328 non
3010 4289 3108 4343 pro
3167 4276 3313 4328 crelis
3362 4277 3378 4306 ‘
3437 4291 3557 4328 cor-

1940 4360 2040 4413 pus
2087 4346 2389 4415 assumpsi,
2437 4354 2496 4416 ut
2533 4344 2713 4398 discas
2753 4354 2808 4398 et
2851 4346 2984 4398 ('32'0
3009 4355 3064 4398 et
3093 4347 3300 4416 angelis
3330 4356 3384 4400 et
3410 4345 3556 4401 onmi

1939 4425 2185 4470 creatura
2226 4415 2683 4470 honorabiliorem
2714 4416 3009 4471 Ecclesium
3036 4415 3187 4472 esse.
3211 4417 3334 4480 Ideo
3365 4418 3558 4472 (Icelum

1941 4498 1987 4540 et
2030 4498 2164 4540 terra
2208 4489 2528 4552 transibunt,
2557 4488 2705 4541 verba
2736 4501 2906 4541 autem
2934 4506 3044 4542 mea
3072 4507 3174 4542 non
3206 4490 3556 4558 pra-teribunt.

1942 4558 2100 4613 Adsit
2143 4559 2402 4625 Judaeus,
2442 4558 2580 4612 adsit
2625 4561 2845 4628 gentilis
2895 4578 2906 4612 :
2957 4563 3001 4614 si
3049 4561 3162 4615 haec
3191 4563 3367 4616 inania
3397 4563 3561 4617 verba

1943 4639 2107 4694 sunt,
2157 4631 2483 4700 redarguat;
2531 4633 2575 4684 si
2619 4641 2799 4686 autem
2843 4647 2967 4686 vera
2994 4674 3010 4699 ,
3061 4633 3255 4688 adoret
3281 4635 3558 4688 virtutem.

1947 4701 2091 4757 Dixit
2132 4702 2378 4756 Christus
2424 4721 2436 4755 :
2487 4701 2680 4755 Cwlum
2710 4713 2756 4755 et
2781 4713 2918 4757 terra
2948 4705 3257 4772 transibunt,
3289 4706 3440 4758 verba
3465 4721 3564 4759 au-

1945 4782 2049 4836 tem
2087 4791 2200 4827 mea
2228 4791 2328 4826 non
2360 4775 2669 4826 trmtsibunt.
2699 4776 2835 4839 Quid
2867 4777 2968 4830 Sibi
2996 4776 3183 4830 volunt
3211 4779 3373 4831 verba
3397 4777 3516 4845 ejus
3537 4778 3562 4830 τ

1945 4845 2294 4899 Adducamus
2324 4845 2376 4898 in
2406 4846 2678 4910 medium;
2714 4847 2988 4900 videamus
3015 4863 3141 4901 num
3166 4849 3562 4903 intercideriut.

1945 4915 2062 4970 Non
2104 4917 2356 4970 dubitans
2404 4918 2561 4979 dico,
2611 4917 2706 4971 sed
2755 4918 3009 4972 lueretico
3049 4935 3111 4973 os
3151 4920 3395 4974 occludo.
3440 4920 3567 4974 Ideo

1948 4988 2144 5041 Ca’lum
2171 4999 2216 5060 et
2247 4999 2383 5041 terra
2403 4987 2689 5060 transibunt
2713 5031 2727 5054 ,
2753 4991 2901 5060 verba
2943 4996 3110 5060 autem
3137 5008 3249 5044 mea
3275 5008 3375 5045 non
3401 5000 3570 5045 trans-

1947 5061 2110 5116 ibunt.
2151 5059 2283 5125 Quae
2327 5059 2554 5132 verba?
2581 5060 2658 5112 Tu
2703 5078 2754 5114 es
2787 5058 2972 5115 Petrus
2998 5102 3011 5125 ,
3054 5058 3100 5116 et
3129 5080 3285 5129 super
3315 5064 3447 5115 hanc
3476 5081 3568 5132 pe-

1948 5145 2080 5187 tram
2122 5133 2388 5196 aediﬁcabo
2435 5131 2712 5184 Ecclesium
2761 5149 2959 5204 meum,
3008 5142 3054 5185 et
3098 5146 3261 5204 portae
3284 5133 3438 5204 inferi
3466 5131 3571 5189 non

1951 5203 2293 5276 praevalebunt
2314 5205 2695 5276 adversuseam
2723 5203 2940 5276 (Matth.
2979 5205 3065 5259 16.
3101 5203 3212 5276 18).
3242 5203 3412 5275 Super
3435 5208 3569 5259 hanc

1951 5274 2166 5346 petram.
2201 5274 2315 5328 Non
2341 5274 2510 5339 dixit,
2544 5275 2718 5344 Super
2751 5275 2966 5329 Petrum
3003 5295 3016 5329 :
3047 5274 3220 5345 neque
3241 5274 3384 5331 enim
3405 5292 3571 5346 super

1953 5348 2258 5412 hominem,
2289 5348 2384 5400 sed
2407 5362 2568 5414 super
2600 5349 2756 5399 tidem
2784 5350 2901 5415 ejus
2931 5348 3225 5401 Ecclesium
3257 5349 3567 5404 mdilicavit.

1951 5419 2090 5486 Quid
2139 5428 2257 5472 erat
2299 5419 2386 5471 illa
2429 5418 2600 5472 lides?
2639 5416 2718 5470 Tu
2762 5436 2812 5471 es
2858 5417 3091 5472 Christus
3137 5419 3303 5474 Filius
3350 5421 3444 5473 Dei
3475 5422 3571 5472 vivi

1956 5491 2062 5560 (Ib.
2106 5506 2154 5543 υ.
2197 5491 2309 5559 lii).
2357 5490 2571 5543 Petram
2621 5489 2914 5544 Ecclesiam
2954 5492 3195 5554 vocavit,
3225 5507 3346 5561 qua:
3371 5492 3575 5561 excipit

1952 5565 2178 5627 iiut-tus,
2221 5574 2273 5616 et
2313 5577 2419 5614 non
2447 5563 2768 5616 concutitur.
2805 5562 3017 5615 Etenim
3049 5564 3287 5617 Ecclesia
3315 5566 3573 5618 tentatio-

1955 5651 2052 5688 nes
2097 5634 2295 5702 excipit
2317 5674 2331 5697 ,
2378 5634 2472 5686 sed
2505 5649 2611 5686 non
2644 5634 2894 5687 vinettur.
2931 5635 3068 5701 Quid
3101 5636 3262 5702 igitur
3289 5645 3372 5688 est
3403 5637 3570 5701 illud,

1956 5708 2128 5774 Super
2176 5706 2418 5775 petram?
2462 5704 2744 5759 Confessio
2774 5705 2825 5758 in
2866 5708 3046 5759 verbis
3074 5715 3173 5760 est.
3205 5705 3343 5760 Num
3375 5707 3574 5761 immit-

1958 5779 2024 5832 tis
2065 5776 2314 5848 lapides?
2360 5793 2486 5830 num
2536 5777 2721 5847 ligna?
2763 5793 2890 5849 num
2920 5778 3160 5833 ferrum?
3187 5777 3563 5849 Nequaquam.

1957 5850 2131 5917 inquit
2183 5867 2195 5902 :
2238 5864 2345 5902 non
2387 5857 2471 5903 cst
2514 5851 2658 5903 enim
2701 5848 2985 5904 aedilicium
3014 5850 3362 5919 hujusmodi,
3394 5848 3578 5920 quod,

1965 5921 2211 5992 quolibet
2240 5921 2402 5974 modo
2426 5929 2688 5976 structum
2719 5923 2789 5977 sit
2814 5961 2831 5990 ,
2862 5928 3106 5993 tempore
3134 5922 3363 5979 solvitur
3394 5940 3406 5978 :
3439 5937 3572 5980 con-

2022 6013 2038 6044 ¹
2068 6011 2216 6073 Ven,
2236 6025 2383 6078 super
2407 6012 2573 6064 caelos.
