4098 6440
254 525 504 579 sinamus
540 536 714 577 eorum
750 517 932 594 (Psal.
972 516 1067 575 18.
1072 515 1175 645 lg).
1196 515 1500 589 Oportebat
1541 517 1686 574 enim
1730 531 1854 573 eum

255 596 450 645 urbem
467 600 745 645 terrarum
771 589 1070 645 comurebe
1145 603 1258 645 ere.
1291 597 1347 643 et
1370 588 1670 645 secundum
1699 603 1854 644 men-

255 596 450 649 erhem
467 600 745 662 terrarum
760 588 1028 662 'compreb
1037 588 1266 662 enuere,
1291 597 1347 643 et
1370 588 1670 662 secundum
1699 603 1855 644 men-

259 676 445 719 sum
472 661 656 717 tlnium
685 663 803 732 ejus
821 657 1060 728 extendi,
1085 659 1470 732 neminemque
1495 657 1742 732 docn'ina
1759 674 1856 732 ex-

256 730 799 803 prtem‘adesseﬁc
821 733 940 803 sine
978 731 1318 803 institutione
1347 730 1711 803 praetermitti.
1731 731 1857 803 έρ-

243 800 556 875 ιῇειι-ιιετυηι
588 811 767 875 autem
799 805 853 875 in
882 801 1054 875 forma
1097 802 1242 875 ignis
1259 801 1449 856 divisa:
1474 800 1692 868 linguae.
1725 800 1860 855 Ete-

247 872 372 946 isim
409 873 779 940 apostolorum
803 872 1154 946 linguaiignis
1179 887 1332 946 more
1355 882 1656 946 operatur;
1676 879 1856 946 erant,

255 955 315 1000 et
339 945 616 1015 duplicem
665 958 821 1009 usum
869 942 1220 1015 exhibitura;
1245 944 1346 1015 ita
1385 950 1548 1015 utet
1580 942 1856 1015 diaboium

255 1013 569 1081 adurerent,
599 1023 655 1070 et
678 1015 929 1069 sedentes
969 1015 1021 1069 in
1053 1013 1286 1070 tenebris
1307 1014 1698 1070 illuminarent.
1725 1013 1859 1067 Vide

255 1087 391 1158 mihi
419 1088 597 1158 ignem
627 1083 875 1158 tidelibus
888 1085 1212 1158 oleoquovis
1238 1086 1544 1158 mitiorem;
1582 1084 1709 1140 vide
1721 1082 1856 1158 mihi

255 1154 498 1282 linguam
521 1157 877 1238 quovis.ign.e
920 1154 1154 1238 diabolo.
1183 1155 1692 1240 formidabiliorem,
1735 1154 1858 1209 vide

255 1242 330 1282 In
375 1245 391 1282 i
442 1230 676 1282 linguam
730 1236 1023 1282 impietatis
1073 1241 1260 1282 sumas
1324 1224 1743 1282 incendentem.
1801 1233 1858 1280 et

245 1224 676 1308 “liiBiJIing—tmtn
730 1224 1023 1308 iinpietatis
1073 1226 1260 1308 spinas
1324 1224 1745 1308 incendentem,
1801 1233 1859 1280 et

256 1299 475 1369 pietatis
499 1296 714 1380 segetes
734 1313 858 1352 rore
885 1297 1300 1380 perfundentem
1321 1315 1336 1360 ;
1358 1297 1499 1378 .vide
1551 1296 1683 1378 mibi
1713 1296 1855 1379 duo:

254 1369 432 1450 decim
455 1369 755 1450 discipulos
779 1369 847 1450 a_b
873 1383 979 1422 uno
1002 1369 1226 1423 doctore
1248 1375 1521 1450 insiitutos
1546 1385 1560 1432 ;
1585 1367 1708 1450 vide
1726 1366 1857 1450 mihi

254 1439 543 1494 duodecim
573 1438 741 1495 duces
765 1439 836 1494 ab
865 1455 975 1493 uno
1005 1454 1142 1508 rege
1195 1447 1476 1508 cooptatos
1507 1455 1522 1503 ;
1555 1438 1678 1492 vide
1725 1438 1859 1492 mihi

255 1511 542 1565 duodecim
590 1509 871 1579 splendida
915 1509 1203 1564 luminaria
1246 1524 1314 1564 ex
1343 1523 1452 1564 uno
1490 1509 1692 1564 vertice
1731 1523 1854 1563 sur-

253 1581 464 1651 gentia;
495 1581 630 1651 vide
679 1580 810 1635 mihi
857 1579 1139 1651 duodecim
1169 1595 1356 1651 puros
1402 1579 1580 1634 radios
1627 1580 1698 1634 ab
1744 1593 1854 1635 uno

253 1650 373 1707 sole
401 1650 665 1717 emissos;
723 1651 844 1706 vide
882 1650 1013 1706 mihi
1039 1650 1323 1706 duodecim
1354 1651 1602 1707 lucernas
1635 1651 1704 1705 ab
1744 1665 1847 1705 una

253 1722 488 1777 scintilla
530 1736 818 1793 accensas;
863 1721 992 1793 vide
1030 1721 1160 1776 mihi
1186 1721 1467 1793 duodecim
1500 1723 1756 1793 palmites
1792 1737 1859 1776 ex

259 1801 382 1847 vera
404 1794 513 1848 vite
537 1791 887 1862 pullulantes;
913 1792 1033 1864 vide
1049 1793 1177 1864 mihi
1199 1791 1481 1864 duodecim
1498 1791 1761 1864 cophinos
1789 1809 1857 1847 es

255 1877 359 1918 una
385 1878 572 1941 mensa
602 1864 870 1935 repletos;
913 1863 1035 1946 vide
1085 1862 1216 1946 mihi
1244 1863 1535 1946 duodecim
1567 1862 1772 1947 'tluvios
1791 1879 1856 1918 es

255 1948 362 1988 uno
401 1933 548 1988 fonte
599 1945 907 1990 manantes:
963 1934 1083 1988 \‘ide
1135 1934 1267 1988 milii
1313 1933 1594 1990 duodenm
1653 1935 1856 1990 linmas

255 1950 362 1988 uno
401 1950 548 1988 ιοηιθ
599 1950 907 2000 manantes;
963 1950 1083 2005 ηαξ
1135 1950 1267 1988 nillil
1313 1950 1594 1990 uuooemm
1653 1950 1861 2005 linguas

254 2019 319 2059 es
341 2019 445 2076 una
471 2005 639 2074 gratia
663 2005 961 2074 loquentes.
992 2003 1071 2060 Ne
1091 2015 1250 2076 putes
1275 2005 1397 2076 illos
1417 2006 1596 2061 ebrios
1621 2015 1714 2059 aut
1735 2003 1859 2060 inu-

245 2083 339 2130 sto
362 2075 554 2144 plenos
581 2089 722 2141 esse,
753 2091 820 2128 ne
845 2075 1218 2131 incredulitate
1241 2085 1326 2130 tua
1344 2075 1545 2130 donum
1571 2085 1856 2132 contume-

251 2144 572 2218 l_ia_afticias,
603 2161 672 2200 ne
712 2145 1071 2218 exsccrandos
1112 2147 1358 2202 homines
1397 2147 1645 2218 imiteris.
1677 2162 1855 2218 neque

250 2214 502 2289 Spiritus;
531 2217 900 2289 operationem
952 2217 1265 2289 ebrietatem
1313 2217 1570 2288 appelles.
1613 2214 1858 2274 Ebrietas

249 2287 450 2358 quippe
471 2287 769 2358 linguarum
785 2302 984 2356 genera
1003 2288 1276 2357 impertire
1298 2287 1512 2358 nequit;
1537 2290 1646 2343 imo
1671 2289 1856 2358 cujus-

249 2371 355 2426 que
373 2357 608 2426 linguam
624 2358 830 2428 alligat,
853 2367 908 2412 et
927 2359 1172 2414 insanum
1191 2359 1338 2413 ilum
1360 2358 1542 2424 efficit,
1567 2357 1860 2414 sermonis-

253 2569 714 2641 perturbationem
787 2571 1066 2636 immittit,
1123 2572 1561 2641 imaginationem
1628 2582 1851 2639 movet,

249 2645 305 2714 e_t
348 2639 584 2714 syllabas
634 2641 933 2714 detruncat.
964 2643 1060 2697 Est
1106 2639 1285 2714 autem
1337 2643 1591 2714 ebrietas,
1627 2643 1851 2714 vigilan-

250 2709 319 2763 tis
350 2712 644 2776 somnium,
688 2727 794 2766 non
843 2713 1161 2769 dormientis
1203 2714 1513 2780 somnium,
1571 2709 1719 2769 furor
1780 2716 1856 2770 si-

251 2780 414 2853 tiens,
471 2781 685 2836 daimon
757 2784 1036 2848 esuriens,
1107 2783 1354 2840 diabolus
1416 2785 1539 2840 vino
1588 2785 1851 2853 insidens,

255 2851 398 2923 latro
432 2853 505 2923 in
555 2853 821 2908 conviviis
866 2854 1087 2911 insidias
1142 2865 1388 2923 struens,
1449 2863 1509 2912 et
1561 2871 1714 2912 mero
1769 2851 1856 2910 ra?-

257 2921 539 2994 tiocininm
597 2923 966 2990 inflammans,
999 2936 1056 2982 et
1097 2921 1446 2994 pharmacum
1485 2927 1681 2981 anima:
1723 2927 1856 2982 deli-

251 2993 416 3065 cienti
448 3005 772 3050 venenatum
796 3011 1018 3065 parans.
1056 2993 1182 3052 Hinc
1211 2997 1351 3054 sciet
1365 2997 1600 3053 ebrietas
1614 2997 1852 3054 efﬁcere.

249 3061 401 3139 ilanc
423 3066 683 3139 apostolis
707 3061 1037 3139 calumniam
1083 3068 1381 3139 odmbant
1412 3070 1560 3139 impii
1603 3069 1680 3123 illi
1711 3086 1725 3131 :_
1757 3071 1846 3123 ni-

249 3132 430 3204 hilque
452 3132 646 3190 mirum
673 3138 718 3191 si
745 3137 911 3193 sobrii
939 3136 1140 3193 iudmis
1165 3132 1504 3195 videbantur'
1516 3140 1651 3195 ebrii
1677 3157 1692 3194 :
1714 3142 1848 3196 olim

250 3220 486 3278 namque
511 3217 728 3263 sanctos
755 3209 900 3264 viros
924 3211 1268 3265 contumeliis
1292 3209 1618 3279 aftlciebant,
1645 3222 1698 3267 et
1726 3227 1852 3282 pro-

1411 398 1488 458 ῙΝ
1526 395 2044 458 PENTECOSTEN.
2077 393 2316 453 SERHO
2343 393 2436 451 ιιι.

1972 513 2173 601 pheta!
2193 520 2471 601 usque
2495 511 2701 601 εδῐίιεξ
2719 511 3045 601 ξπίάςδεηι-
3069 512 3307 601 βαφεῖ
3334 530 3467 601 "to
3489 516 3592 601 1'2:

1965 585 3026 737 aisais:
3055 586 3591 737 mtas-ﬁ

1965 728 2104 799 uitio,
2127 736 2176 780 ct
2195 726 2846 799 ηνορῂριὶε-Ρζωςξρὶώαιὲε
2867 728 3124 799 dicentes,
3149 725 3236 799 ἁ
3263 729 3579 799 prophetam

1966 796 2165 924 ’Amos
2196 795 2266 852 ’2.
2292 795 2402 851 ΙΙ.
2425 795 2502 878 Oli
2520 795 2562 868 ).
2593 797 2707 866 Ego
2731 799 2891 852 etiam
2915 797 3037 882 ipse
3077 795 3424 883 ebrios’jllus
3464 813 3588 886 esse

1987 879 2160 924 ateor.
2189 883 2296 922 non
2324 869 2586 923 ebrietate
2605 883 2766 924 uuam
2795 879 2853 922 tu
2874 868 3032 924 dicis.
3065 869 3161 924 sed
3190 871 3370 924 dmna
3392 882 3450 924 et
3469 887 3556 924 snt

1987 868 2160 950 ateor.
2177 883 2296 950 non
2324 868 2586 923 ebrietate
2605 883 2766 950 quam
2795 879 2853 922 tu
2874 868 3032 950 dicis,
3190 871 3370 950 divina
3392 882 3450 950 et
3469 872 3556 944 api

1967 939 2144 995 rituali
2177 939 2262 1013 illa
2281 980 2305 1013 _,
2353 954 2512 1013 quam
2555 939 2646 1009 qui
2697 940 2936 1013 hauserit
2957 981 2974 1007 ,
3003 941 3268 1008 sapientia
3300 939 3542 1013 repletur
3564 985 3584 1011 ,

1965 1025 2127 1082 quam
2155 1010 2244 1079 qui
2281 1010 2539 1074 hauserit,
2571 1019 2754 1065 mente
2783 1011 3090 1076 roboratur,
3122 1027 3284 1080 quam
3326 1010 3418 1084 qui
3451 1010 3586 1070 hau?-

1967 1083 2099 1137 serit
2125 1123 2140 1141 .
2168 1081 2352 1141 vigilat
2390 1081 2458 1134 ad
2484 1081 2769 1141 virtutem,
2803 1096 2964 1141 quam
2989 1083 3080 1141 qui
3112 1081 3348 1140 hauserit
3367 1124 3385 1141 .
3415 1084 3585 1141 Deum

1967 1090 2099 1137 serit
2125 1123 2140 1146 ,
2168 1090 2352 1151 vigilat
2390 1090 2458 1134 ad
2484 1090 2769 1148 virtutem,
2803 1096 2964 1162 quam
2989 1090 3080 1152 qui
3112 1090 3385 1150 hauserit,
3415 1090 3585 1141 Deum

1966 1167 2153 1208 amare
2174 1151 2352 1236 disci},
2371 1166 2530 1236 quam
2554 1152 2647 1221 qui
2669 1152 2895 1236 biberit,
2919 1153 3193 1236 nonisitict
3214 1154 3268 1208 in
3293 1165 3583 1236 sternam,

1965 1239 2127 1294 quam
2156 1223 2248 1292 qui
2269 1222 2484 1288 biberit,
2515 1238 2637 1276 cum
2674 1222 2844 1278 Paulo
2882 1223 3071 1288 inanit,
3100 1224 3278 1294 ignem
3299 1233 3354 1280 et
3378 1225 3582 1282 ferrum

1966 1295 2232 1376 audacier
2256 1294 2404 1358 adit,
2436 1305 2503 1376 et_
2533 1295 2587 1347 in
2619 1295 2856 1376 pericula
2885 1309 2946 1349 se
2969 1295 3220 1376 coniicit,
3256 1310 3586 1376 omnemque

1965 1365 2326 1422 calamitatem
2354 1365 2503 1434 quasi
2534 1364 2645 1418 rem
2674 1364 2852 1419 laetam
2879 1364 3254 1435 amplectitur,
3287 1366 3357 1421 de
3379 1364 3582 1424 contu-

1967 1437 2146 1510 meliis
2168 1437 2324 1510 quasi
2357 1435 2426 1490 de
2449 1435 2697 1510 laudibus
2725 1436 2994 1510 exsultat,
3021 1437 3092 1510 de
3129 1438 3390 1494 cunviciis
3426 1438 3584 1510 quasi

1965 1506 2037 1562 de
2068 1508 2354 1579 praeconiis
2395 1507 2562 1579 gestit
2585 1547 2600 1570 ,
2648 1507 2876 1579 vincuiis
2918 1522 3016 1577 pro
3043 1507 3336 1564 Servatore
3360 1548 3376 1574 ,
3427 1506 3584 1579 quasi

1967 1579 2183 1632 coronis
2212 1578 2381 1646 regiis
2418 1577 2775 1632 exhilaratur.
2807 1577 2905 1633 Hic
2937 1590 3121 1634 crater
3145 1580 3421 1646 apostolos
3449 1577 3583 1637 Vine-

1966 1648 2198 1720 briavit;
2231 1648 2333 1703 hoc
2358 1648 2608 1719 poculum
2638 1649 2938 1713 Salvatoris
2966 1648 3216 1720 discipuli
3255 1650 3537 1708 ebiberant
3559 1693 3578 1718 ,

1936 1736 1938 1738 '
1967 1729 2023 1775 et
2049 1719 2409 1790 pulcherrima
2451 1720 2718 1775 ebrietate
2745 1721 2888 1790 capti
2920 1728 3046 1790 sunt
3066 1762 3082 1786 ,
3115 1735 3180 1775 ac
3204 1734 3358 1775 sacra
3392 1737 3580 1778 mensa

1967 1791 2144 1845 satiati
2165 1790 2352 1846 dicunt
2367 1806 2499 1846 cum
2529 1792 2687 1845 beato
2708 1789 2909 1846 Davide
2944 1809 2958 1845 :
2989 1789 3201 1846 Purasti
3222 1793 3278 1846 in
3305 1802 3583 1861 conspectu

1966 1877 2080 1916 meo
2109 1877 2338 1934 mensum
2381 1861 2625 1928 aduersus
2666 1878 2755 1916 eos
2795 1862 2883 1932 qui
2913 1861 3173 1934 tributam
3219 1879 3302 1934 nte
3334 1878 3357 1918 :
3386 1863 3584 1934 impia-

1965 1933 2139 2006 guasti
2157 1933 2210 1986 iii
2235 1932 2346 1987 oleo
2370 1942 2526 2004 caput
2553 1949 2741 2006 nicum,
2763 1941 2811 2006 et
2836 1933 2974 1987 calix
2995 1943 3116 2006 titus
3141 1932 3401 1988 inebrians
3423 1932 3582 2006 qustu

1967 2003 2249 2072 prcclarus
2279 2013 2354 2058 est
2370 2019 2396 2058 .°
2416 2003 2464 2058 et
2493 2003 2844 2058 misericordia
2873 2013 2963 2074 tua
2990 2004 3323 2074 subsequatur
3349 2003 3575 2060 titioni-

1966 2073 2117 2128 nibus
2363 2075 2481 2157 silc
2504 2089 2631 2156 mea
2661 2073 2972 2201 22.
3004 2075 3060 2158 5:
3087 2077 3123 2131 6
3143 2073 3319 2158 μοιιί
3343 2075 3488 2160 enim
3511 2091 3581 2132 es

1967 2147 2073 2200 hoc
2097 2147 2267 2201 calice
2291 2146 2446 2201 bibit.
2477 2152 2579 2201 etsi
2609 2160 2673 2200 ao
2797 2160 2825 2200 s
2847 2161 2904 2201 in
2933 2143 3172 2201 Christo.
3201 2160 3406 2201 insanis
3433 2145 3580 2201 ebri-

1967 2147 2073 2200 hoc
2097 2147 2267 2201 calice
2291 2145 2446 2212 bibit,
2477 2146 2579 2202 etsi
2609 2143 2825 2201 sobrius
2847 2147 2904 2207 in
2933 2143 3172 2210 Christo,
3201 2146 3406 2202 insanis
3433 2145 3580 2202 ebri-

1967 2231 2032 2288 us
2053 2231 2178 2272 esse
2199 2216 2413 2271 videtur
2433 2257 2450 2282 ,
2483 2230 2607 2288 cum
2632 2230 2695 2288 ea
2725 2231 2849 2287 quae
2881 2216 3178 2288 Saivatoris
3211 2225 3339 2271 sunt
3380 2217 3576 2288 sapiat.

1966 2287 2123 2342 Hunc
2161 2295 2429 2342 craterem
2453 2287 2616 2359 nobis
2644 2286 2904 2359 Doininus
2927 2286 3179 2342 Christus
3214 2303 3281 2343 ex
3306 2286 3580 2359 sanguine

1965 2372 2066 2413 suo
2109 2359 2365 2422 miscuit,
2414 2358 2722 2428 multosque
2765 2358 2922 2414 nobis
2967 2359 3227 2413 convivas
3251 2357 3575 2426 advocavit,

1965 2430 2386 2501 innumerosque
2411 2430 2755 2501 evangelicss
2785 2430 2961 2498 pisces
2987 2430 3354 2501 congregavit,
3388 2445 3454 2486 ac
3473 2429 3577 2486 Po-

1965 2501 2036 2584 tri
2061 2499 2316 2582 sagenam
2347 2500 2629 2582 implevit;
2661 2499 2871 2586 fuitque
2904 2499 3274 2625 speaaculum
3302 2515 3498 2557 novum
3525 2512 3582 2556 et

1965 2572 2265 2626 inauditum
2287 2611 2302 2634 ,
2349 2579 2406 2626 et
2445 2579 2706 2641 piscatum
2738 2587 2839 2640 ipSt
2873 2586 2942 2628 ce
2963 2572 3233 2627 ebriorem
3279 2579 3578 2641 tempestas

1968 2611 3578 2712 ἓὲἓῖιῖὰἶῖἐΐιῖιοῖὧὶῖἆἑζυᾘὲηῖὁ”ρῖἓὲιίἷιὲἠὸἷι“ἷέἔήἲῖ

2037 2715 2283 2769 rterritos
2306 2714 2449 2782 cepit
2477 2713 2650 2780 vivos,
2683 2713 2894 2783 fulgure
2922 2715 2989 2769 ad
3014 2716 3273 2784 piscatum
3303 2714 3582 2784 suppetias

1986 2785 2193 2841 erepte.
2213 2787 2283 2839 At
2301 2799 2463 2839 nemo
2481 2785 2533 2839 id
2571 2800 2714 2840 novo
2734 2785 2885 2855 gregi
2909 2785 2964 2839 in
2983 2785 3367 2840 contumeliam
3387 2794 3576 2855 vertat,

1965 2857 2110 2928 quod
2136 2857 2363 2927 juvante
2393 2856 2600 2928 fulgure
2636 2854 2779 2925 capti
2807 2854 2917 2928 sint
2947 2874 2962 2909 :
2991 2857 3128 2928 sciet
3158 2871 3392 2926 namque
3419 2854 3579 2928 Chri-

1964 2925 2080 2983 stus
2110 2925 2456 2998 calcitrantes
2478 2925 2672 2996 pullos
2720 2942 2816 2996 per
2849 2925 3028 2998 fulgur
3052 2925 3394 2998 ireiiare._'Ac
3430 2926 3582 2996 quis-

1963 3000 2086 3069 quis
2110 2999 2252 3054 beati
2274 2997 2431 3069 Pauli
2459 2998 2801 3069 vocationem
2830 2996 2998 3063 novit,
3026 3012 3151 3069 eum
3175 2996 3340 3052 Paulo
3361 3006 3583 3069 vocatus

1964 3067 2219 3140 exsultat,
2239 3079 2294 3124 et
2311 3068 2596 3140 Dominum
2613 3068 2888 3140 Christum
2907 3085 3003 3140 per
3019 3068 3196 3139 fulgur
3212 3067 3579 3140 conspiciens,

1965 3139 2168 3196 Christi
2190 3139 2486 3210 discipulus
2521 3140 2774 3196 efﬁcitur.
2816 3138 2919 3210 Ipsi
2943 3138 3116 3213 gloria
3143 3141 3199 3195 iii
3239 3138 3435 3194 saecula
3464 3153 3571 3195 sa:-

1965 3213 2236 3267 culorum.
2266 3213 2465 3266 Amen.

1965 3227 2236 3267 CIIIOI'llm.
2266 3227 2465 3266 Amen.

1036 3432 1156 3514 IN
1215 3432 1764 3519 SANCTAM
1814 3434 2692 3520 PENTECOSTEN.

1770 3632 1986 3679 SBIIO
2014 3634 2116 3677 ιιι.-

1746 3809 2121 3843 mi

324 3931 454 3997 Qua:
481 3929 692 3999 linguas
721 3929 882 3984 boaie
916 3928 1187 3984 distribuit
1213 3938 1382 3998 gratia
1406 3971 1422 3994 ,
1451 3929 1648 3999 lingua:
1675 3927 1858 3994 inOpia

250 4019 361 4058 non
388 4017 476 4057 me
501 4002 632 4054 sinit
661 4001 873 4063 timere.
901 4016 1022 4070 qua:
1047 4001 1333 4055 illiteratus
1360 4001 1508 4054 viros
1539 4000 1724 4054 mundi
1750 4015 1870 4053 ma-

249 4075 450 4145 gistros
478 4071 730 4145 instituit,
757 4087 877 4142 qua:
909 4073 1210 4145 piscatores
1225 4072 1278 4126 in
1301 4072 1550 4126 rhetoras
1572 4073 1866 4145 cooptavit,

251 4141 550 4217 pudefactis
577 4158 698 4217 per,
710 4143 1135 4217 extemporalem
1180 4144 1324 4217 illam
1365 4143 1683 4217 sapientiam
1712 4141 1871 4217 hujus

251 4213 436 4272 inundi
476 4214 827 4284 sapientibus.
887 4215 1007 4280 Quo
1049 4214 1192 4269 enim
1234 4215 1342 4268 alio
1387 4213 1548 4268 modo
1589 4213 1868 4268 hominum

247 4301 443 4359 greges
458 4286 776 4366 idololatriae
795 4287 986 4366 morbo
1007 4285 1312 4366 laborantes
1328 4285 1395 4340 ad
1412 4286 1664 4366 pietatem
1681 4300 1870 4340 accur-

250 4356 484 4414 rcrunt?
525 4357 669 4412 unde
713 4357 897 4413 multis
941 4356 1179 4411 dominis
1227 4356 1514 4411 obnoxiam
1559 4357 1867 4411 daemonum

252 4431 568 4485 servitutem
599 4428 1014 4484 dedidicerunt?
1036 4427 1305 4482 undenam
1333 4425 1534 4482 factum
1564 4436 1647 4482 est
1673 4435 1731 4482 ut
1757 4430 1872 4481 exi-

251 4515 389 4571 guus
425 4500 811 4570 discipulorum
847 4514 1124 4571 numerus
1170 4500 1444 4554 hominum
1494 4498 1659 4571 simul
1705 4508 1870 4566 atque

252 4570 558 4627 diemonum
590 4572 781 4626 turmis
809 4570 1120 4636 obsisteret,
1152 4571 1254 4625 nisi
1293 4571 1594 4624 divinitatis
1622 4570 1744 4639 igne
1771 4585 1860 4622 ar-

253 4653 434 4723 maius
454 4642 684 4723 fuisset?
707 4641 878 4697 Hodie
900 4643 1076 4698 fontes
1103 4643 1242 4723 ignei
1265 4643 1455 4723 gratia:
1481 4643 1866 4723 scaturierimt,

251 4725 312 4770 et
335 4715 554 4768 flamma
596 4714 908 4768 discurrens
948 4711 1384 4783 auras‘Spiritus
1425 4713 1687 4784 pervadit.
1720 4711 1870 4784 Hanc

252 4785 500 4841 Christus
520 4787 746 4857 gratiam
767 4784 1044 4857 discipulis
1061 4781 1660 4857 annuntians,:diceba_t
1685 4800 1704 4839 :
1745 4781 1870 4838 Non

255 4855 541 4929 relinquant
559 4872 648 4910 vos
693 4855 968 4929 orphanos
996 4859 1016 4929 (
1043 4855 1209 4915 Joan.
1270 4857 1372 4929 16ἒ
1388 4855 1456 4910 12
1478 4855 1497 4926 )
1522 4855 1736 4929 :_alium
1761 4869 1868 4929 vo-

257 4928 342 4982 bis
371 4927 705 4984 Paracletum
738 4930 913 4982 mittet
942 4927 1103 4984 Pater
1134 4946 1148 4981 :
1190 4943 1312 4982 nam
1348 4927 1561 4982 Domini
1589 4927 1642 4980 in
1675 4928 1869 4980 ert-lum

257 5013 521 5070 ascensus
563 5013 796 5069 sponsor
833 5008 918 5054 est
959 4999 1255 5055 descensus
1292 4999 1534 5070 Spiritus
1581 5000 1753 5052 sancti
1799 4998 1870 5052 de

259 5071 416 5124 cmlo.
448 5069 598 5138 Opus
641 5071 786 5124 enim
831 5079 948 5124 erat
984 5079 1041 5125 ut
1070 5071 1105 5124 ii
1145 5073 1234 5140 qui
1278 5069 1462 5126 JeSum
1507 5078 1867 5140 receperant,

259 5141 519 5212 Spiritum
541 5155 767 5212 quoque
787 5147 1031 5196 sanctum
1055 5141 1428 5198 advenientem
1457 5143 1786 5212 acciperent,
1811 5149 1869 5194 ut

257 5211 455 5267 divina!
483 5211 804 5283 cognitionis
827 5213 1070 5267 doctrina
1093 5214 1161 5268 ad
1182 5214 1558 5283 perfectiorem
1580 5211 1867 5268 ascensum

258 5292 587 5354 acctirreret.
627 5282 786 5338 Jesus
830 5284 1032 5354 itaque,
1053 5282 1283 5339 humana
1327 5295 1602 5352 assumpta
1652 5295 1864 5350 natura,

259 5353 566 5410 hominibus
595 5353 956 5410 consentanea
987 5355 1222 5426 indutus
1263 5360 1464 5425 specie,
1495 5357 1560 5410 ad
1600 5356 1858 5426 Spiritum

259 5435 504 5479 sanctum
533 5426 932 5495 suscipiendum
985 5424 1233 5481 homines
1259 5424 1448 5482 erexit.
1479 5427 1614 5482 Nam
1643 5424 1862 5486 ‘Adliuc.

257 5498 352 5562 ait,
395 5497 559 5550 multa
584 5497 742 5569 habeo
778 5499 1196 5569 dicere,sed_non
1241 5499 1447 5568 potestis
1485 5508 1707 5569 portare.
1737 5497 1868 5553 Cum

259 5577 429 5620 autem
459 5569 645 5621 uenerit
694 5567 1017 5636 Paracletus,
1049 5567 1278 5638 Spiritus
1317 5567 1561 5637 veritatis,
1603 5571 1752 5624 ducet
1780 5587 1867 5625 vos

257 5638 314 5692 in
333 5654 545 5712 omnem
563 5639 820 5712 veritatem
849 5638 1030 5712 (Joan.
1060 5640 1148 5712 16.
1183 5640 1297 5710 18).
1329 5641 1509 5712 Exibit
1551 5650 1671 5710 post
1698 5656 1786 5696 me
1822 5642 1867 5696 is

258 5710 349 5781 qui
376 5717 462 5765 cst
497 5709 740 5781 ejusdem
768 5709 980 5766 mecum
1022 5709 1355 5777 substantias,
1387 5709 1636 5768 adveniet
1671 5714 1740 5769 ad
1768 5727 1866 5767 vos

263 5780 309 5852 is
335 5782 424 5852 qui
453 5790 622 5837 estex
654 5781 832 5848 Patre,
861 5782 1004 5837 Patri
1035 5798 1134 5852 par
1159 5784 1453 5839 secundum
1483 5785 1863 5840 substantiam.

262 5849 336 5905 Ea
365 5851 526 5918 igitur
549 5868 672 5924 qua:
699 5854 878 5921 verbis
907 5849 1250 5924 acceperant,
1277 5869 1441 5924 Opere
1467 5857 1733 5925 completa
1764 5871 1865 5911 no-

264 5936 509 5984 verunt:
557 5941 786 5997 quorum
836 5926 1250 5996 promissionem
1303 5938 1656 5998 acceperant,
1696 5942 1865 6000 espe-

1974 3929 2223 3985 rientiam
2253 3927 2665 4000 exspectabant.
2692 3927 2822 3983 Cum
2848 3929 3228 4000 comparentur
3257 3931 3368 3985 dies
3398 3928 3588 3986 Pente-

1970 4010 2138 4074 costes
2164 4001 2299 4074 (Act.
2322 3999 2377 4056 2.
2402 4001 2477 4074 l)._
2512 3999 2685 4056 Breve
2711 3999 2976 4074 temporis
3000 4003 3232 4073 spatium
3259 4001 3356 4074 fuit
3383 4006 3588 4058 Ascen-

1975 4071 2184 4127 sioneiii
2214 4073 2354 4126 inter
2372 4079 2428 4125 et
2448 4072 2768 4126 descensum
2784 4071 3019 4141 Spiritus
3046 4071 3218 4127 Sancti
3243 4091 3255 4125 :
3281 4072 3589 4130 Servatoris

1979 4144 2268 4213 promissio
2296 4143 2427 4212 ipsis
2457 4143 2620 4216 rebus
2639 4152 2696 4198 et
2715 4143 2974 4216 operibus
2994 4144 3196 4216 exitum
3218 4143 3424 4200 habuit.
3443 4145 3591 4216 Apo-

1975 4215 2239 4288 stolorum
2267 4228 2398 4284 ergo
2423 4213 2624 4288 chorus
2645 4214 3061 4288 promissionem
3082 4215 3409 4271 dominicam
3433 4213 3590 4288 quasi

1973 4285 2526 4358 anchoramnaetus,
2561 4286 2799 4358 Spiritus
2835 4287 3176 4354 praesentiam
3219 4285 3590 4358 exspectabat.

1972 4356 2220 4428 Cumque
2258 4356 2467 4412 dierum
2499 4371 2694 4412 cursus
2735 4356 2804 4412 ad
2831 4356 3350 4428 quinquagenarium
3399 4375 3592 4416 nume-

1975 4445 2096 4483 rum
2129 4429 2457 4502 devenisset2
2484 4428 2700 4502 quando
2729 4429 2934 4502 scilicet
2963 4431 3260 4502 secundum
3288 4430 3424 4502 legis
3451 4447 3592 4502 pra--

1975 4447 2096 4483 rum
2129 4447 2456 4487 (invenisset.
2484 4447 2700 4498 quando
2729 4447 2934 4484 SCIIICBI
2963 4447 3260 4484 secundum
3288 4447 3424 4502 tegis
3550 4455 3592 4474 ⁸·

1974 4508 2192 4569 ceptum
2215 4507 2421 4570 septem
2443 4498 2842 4555 hebdomadum
2863 4501 3122 4557 circuitus
3146 4502 3420 4557 revolutus
3441 4447 3592 4560 mis

1975 4573 2227 4643 nti-inque
2278 4572 2762 4643 circumscribitui:
2814 4580 2944 4627 tunc
3004 4572 3240 4643 Spiritus
3291 4572 3591 4630 descensus

1974 4641 2094 4715 fuit.
2112 4641 2220 4699 Sed
2243 4658 2351 4697 non
2376 4657 2618 4706 carnem,
2646 4652 2704 4697 ut
2723 4641 2916 4710 Filius,
2944 4641 3204 4715 suscepit,
3232 4659 3336 4700 nec
3356 4646 3590 4702 humana

1973 4713 2150 4785 forma
2178 4716 2446 4785 apparuit,
2481 4729 2658 4783 neque
2705 4715 2844 4769 sicut
2888 4716 2940 4769 in
2970 4713 3186 4772 liuentis
3212 4715 3468 4772 Jordanis
3493 4731 3592 4774 co-

1975 4784 2174 4868 lumba:
2201 4784 2412 4868 species
2441 4785 2672 4868 §piritus
2721 4787 3066 4868 priuseiitiam
3099 4788 3374 4868 indicavit.
3402 4789 3590 4868 Ouini:

1974 4857 2094 4912 nica
2121 4863 2354 4926 namque
2383 4857 2681 4912 substantia
2709 4872 2817 4927 quo
2848 4858 2963 4912 vult
3003 4859 3167 4914 modo
3195 4869 3441 4930 apparet.
3480 4859 3590 4918 Sed

1975 4930 2271 5010 tonitruum
2301 4928 2456 4997 quasi
2489 4928 2613 4982 tuba
2640 4927 2709 4983 de
2735 4929 2870 4984 celo
2904 4929 3219 5010 insonabat,
3236 4931 3417 5010 son-itii
3442 4940 3596 5010 tanto

1972 5000 2217 5054 auditum
2247 5014 2467 5054 omnem
2503 5014 2766 5068 superans
2797 5017 2810 5054 :
2843 5010 2898 5053 et
2941 5000 3155 5056 ﬂamma
3205 5003 3454 5057 involans
3483 5004 3594 5060 lin-

1972 5085 2106 5142 guas
2128 5072 2313 5153 igneas
2349 5072 2559 5154 peperit
2587 5089 2599 5123 :
2633 5073 2773 5156 ignis
2817 5071 3013 5154 divisio
3040 5085 3216 5129 mater
3245 5074 3348 5155 iuit
3378 5076 3594 5160 lingua-

1973 5158 2096 5197 rum
2131 5160 2143 5196 :
2173 5142 2470 5202 dtsuertitie
2493 5143 2690 5202 linguai
2715 5143 3102 5202 discipulorum
3127 5146 3424 5202 verticibus
3458 5149 3592 5202 insi-

1973 5158 2096 5197 rum
2131 5160 2143 5196 :
2173 5155 2470 5270 dissertus!
2493 5155 2690 5226 linguai
2715 5155 3102 5226 discipulorum
3127 5155 3424 5202 verticibus
3458 5155 3592 5203 insi-

1974 5214 2196 5297 debant.
2295 5215 2560 5284 uinsmodi
2615 5214 2734 5297 ῐυιιΔ
2753 5215 2986 5297 Spiritus
3031 5216 3354 5297 adventusf.
3397 5217 3594 5297 .Ncque

1973 5287 2122 5342 enim
2141 5286 2256 5341 sine
2276 5301 2461 5352 causa,
2492 5301 2594 5341 nec
2626 5297 2682 5340 ut
2709 5286 3008 5352 festinaret,
3039 5287 3236 5344 festum
3278 5289 3409 5344 illud
3437 5286 3584 5347 dele-

1972 5358 2093 5430 git;
2133 5373 2307 5430 neque
2354 5369 2640 5430 postquam
2684 5358 2881 5413 festum
2935 5361 3218 5430 praeteriit,
3265 5361 3593 5420 descensum

1973 5427 2519 5502 exliihet.Curlioc?
2571 5427 2706 5502 Tres
2749 5427 2953 5484 tantum
3009 5440 3136 5486 sunt
3179 5432 3323 5502 apud
3371 5433 3592 5489 .Indzuos

1975 5501 2203 5582 publica:
2233 5502 2626 5582 solemnitates.
2667 5501 2849 5557 Prima
2882 5502 3180 5572 Paschatis,
3209 5501 3264 5582 in
3289 5521 3393 5575 qua
3431 5521 3590 5560 ovem

1973 5573 2340 5649 immolantes,
2375 5588 2561 5649 verum
2595 5573 2806 5649 Agnum
2848 5589 2955 5649 non
2996 5573 3391 5649 agnoscebant,
3425 5587 3480 5632 et
3506 5587 3593 5649 ty.-

1974 5659 2103 5714 pum
2127 5641 2455 5719 honorantes
2479 5645 2532 5698 in
2555 5641 2669 5719 typi
2690 5660 2918 5719 causam
2943 5641 3125 5717 inique
3144 5649 3374 5719 agebant
3400 5667 3412 5703 :
3435 5641 3592 5718 cujus

1973 5719 2120 5772 enim
2162 5715 2410 5771 umbram
2441 5715 2802 5785 honorabant,
2836 5718 2994 5789 hujus
3025 5715 3374 5790 praemium
3416 5715 3592 5777 deliu-

2040 5877 2055 5907 ι
2086 5883 2143 5948 in
2167 5883 2332 5948 crzeeo
2355 5876 2435 5948 hic
2451 5877 2642 5939 phrasis
2657 5877 2893 5932 articulus
2916 5880 3245 5946 interponitur
3267 5891 3280 5932 :
3299 5888 3434 5934 HW
3457 5881 3593 5937 diem

1971 5939 2112 6002 elegit
2136 5939 2328 5990 (cteris
2349 5947 2660 6005 anteponens.
