4098 6436
494 504 872 568 descendisse,
906 503 1043 561 sicut
1087 500 1235 558 novit
1283 501 1448 555 virtus
1489 499 1686 566 Clu-isti
1734 512 1854 568 quae
1899 497 2078 553 omnia

501 583 862 644 personatur
905 589 926 644 Δε
981 572 1092 628 imo
1121 583 1294 644 tremo
1338 571 1512 644 potius
1541 585 1700 644 quam
1740 569 1884 644 dico,
1922 583 2006 644 _ne
2038 569 2089 644 in

502 639 822 714 immensam,
867 642 1120 714 abyssum
1152 642 1309 695 abeat
1344 639 1613 705 navicula,
1655 649 1714 714 et_
1751 639 1892 693 desit
1918 639 2090 705 Spiri-

505 725 609 768 tus.
634 712 712 769 Da
742 713 882 767 enim
915 710 1043 768 mihi
1089 715 1264 767 navim
1293 722 1529 781 paratam
1561 751 1578 773 ,
1628 710 2046 780 gubernatorem
2071 751 2088 776 ,

503 793 714 847 nautas,
766 783 962 847 funes,
994 783 1277 842 anchoras.
1309 783 1488 835 otnuia
1519 781 1778 849 (liSpusiia
1809 820 1824 843 ,
1855 789 1910 834 et
1961 794 2091 833 nus-

501 869 661 922 quam
691 868 810 909 esse
839 854 1079 921 spiritum
1100 853 1240 909 venti
1271 870 1283 905 :
1309 867 1488 906 nouue
1513 861 1688 906 cessat
1713 850 2088 922 omnisquan-i

505 921 820 994 tusc-nmque
840 933 924 980 est
944 932 1250 994 apparatus,
1283 924 1325 976 si
1357 921 1498 994 desit
1552 922 1796 994 Operatio
1822 921 2043 994 spiritus
2071 921 2094 973 τ

506 993 580 1049 Ita
605 993 716 1048 lteri
735 990 881 1072 solet
897 1012 923 1072 _:
952 990 1077 1050 licet
1103 994 1190 1072 _sit
1236 990 1716 1072 ser_monis_att1pla
1741 990 2007 1072 supellex,
2039 1004 2095 1044 et

511 1079 664 1118 tuens
685 1064 967 1133 profunda,
988 1075 1043 1119 et
1069 1064 1395 1132 eloquentia,
1424 1071 1482 1117 et
1519 1060 1884 1133 intelligentia,
1917 1060 1960 1114 si
1986 1076 2096 1133 non

508 1133 648 1189 adsit
690 1131 919 1204 Spiritus
966 1143 1214 1199 sanctus,
1246 1135 1335 1204 qui
1381 1134 1487 1188 vim
1542 1131 1876 1203 suppeditet,
1924 1131 2097 1185 otiosa

511 1214 636 1259 sunt
663 1206 862 1258 omnia.

579 1275 634 1331 9.
675 1274 902 1346 Solvitur
930 1283 1278 1346 argumentum
1300 1271 1887 1346 iﬂucedonianonmr:
1911 1269 2096 1346 Quare

517 1344 678 1414 igitur
698 1342 768 1399 de
795 1340 1009 1412 seipse:
1021 1345 1158 1399 sicut
1184 1353 1238 1400 et
1279 1345 1347 1398 tle
1371 1342 1571 1413 Spiritu
1601 1353 1788 1413 sancto
1837 1341 2000 1414 dixit,
2055 1340 2100 1394 A

512 1411 702 1486 nicipso
729 1431 831 1468 non
1051 1414 1078 1468 .’
1095 1415 1254 1483 Quasi
1283 1411 1539 1486 agonisue
1554 1411 1845 1486 __essenius,
1873 1411 2100 1467 subver-

519 1483 678 1539 timus
727 1483 1216 1551 contradicentent,
1282 1483 1670 1539 sufﬁcientibus
1712 1489 2103 1553 consequenter

517 1555 845 1614 araumentis
865 1557 1191 1623 pcrsuasuri,
1224 1554 1308 1610 his
1330 1563 1382 1608 et
1431 1554 1555 1618 illis,
1600 1553 1862 1623 siquidem
1915 1566 2104 1623 parere

519 1623 798 1678 voluerint.
831 1621 947 1678 Non
977 1625 1117 1679 enim
1164 1625 1382 1679 omnino
1403 1621 1722 1683 necessitate
1739 1637 1846 1678 .eos
1872 1621 2106 1676 adduce-

519 1710 660 1758 mus,
701 1694 794 1749 sed
833 1695 1071 1749 dicamus
1099 1704 1294 1759 tamen,
1321 1695 1364 1749 si
1391 1695 1526 1747 forte
1557 1693 2013 1761 persuadeantur:
2045 1699 2101 1747 et

522 1762 893 1835 neadmireris
916 1766 961 1835 si
985 1779 1086 1835 ego
1109 1764 1268 1835 homo
1293 1766 1393 1835 hoc
1421 1763 1616 1835 dicam.
1649 1763 1785 1835 Dicit
1810 1762 2106 1835 Deungze-

519 1833 677 1889 cltieli
706 1850 720 1886 :
753 1833 846 1888 Abi
875 1834 943 1888 ad
965 1832 1170 1887 domum
1191 1832 1356 1888 Israel
1373 1843 1416 1886 et
1441 1833 1629 1898 diceis,
1661 1833 1702 1886 si
1719 1835 1846 1901 forte
1866 1833 2101 1898 audiant,

519 1905 562 1959 si
595 1906 942 1972 fortecredant
963 1902 1173 1966 (Eucti.
1200 1906 1254 1958 2.
1288 1905 1341 1958 5.
1368 1903 1446 1971 7).
1477 1904 1708 1958 Dicimus
1731 1903 1862 1966 hiec,
1889 1903 1948 1958 Si
1976 1905 2107 1972 forte

521 1973 752 2040 audiant,
798 1974 843 2027 si
875 1975 1003 2042 forte
1023 1975 1250 2037 credant,
1282 1975 1327 2028 si
1376 1974 1512 2029 forte
1541 1975 1916 2028 assentiantur.
1949 1972 2104 2036 Quod

522 2043 567 2097 si
597 2045 708 2098 haec
740 2044 891 2098 nobis
911 2045 1209 2100 dicentibus
1235 2060 1339 2097 non
1367 2044 1722 2099 assentiuntur
1741 2083 1756 2108 ,
1784 2043 1985 2097 innoxii
2015 2057 2107 2096 suc

525 2128 638 2167 tuus
663 2127 778 2183 nos.
802 2113 889 2168 Sic
930 2114 1121 2168 Paulus
1146 2114 1402 2177 docebat,
1457 2123 1511 2167 et
1561 2121 1842 2183 postquam
1887 2113 2106 2178 docuit,

527 2183 654 2236 dicit
680 2198 694 2235 :
737 2182 1001 2250 Testiﬁcor
1021 2184 1248 2253 omnibus
1277 2185 1412 2252 quod
1433 2187 1650 2236 munitus
1679 2182 1792 2237 sum
1816 2199 1848 2235 a
1867 2183 2113 2253 sanguine

524 2254 748 2324 omnium
761 2264 999 2324 vestrum.
1022 2252 1141 2324 Non
1154 2255 1287 2308 enint
1305 2255 1589 2324 subterfugi
1612 2254 1878 2324 quominus
1902 2252 2112 2324 annun-

529 2323 706 2393 tiarem
738 2323 874 2393 nobis
895 2325 1026 2377 uiam
1055 2323 1148 2376 Dei
1177 2324 1314 2391 (Act.
1339 2323 1428 2379 20.
1456 2323 1549 2378 26.
1569 2324 1680 2393 27).
1706 2323 1774 2378 Ει
1801 2339 1942 2377 nunc
1968 2323 2108 2393 dico:

527 2392 707 2460 Quare
731 2392 978 2448 Salvator
1017 2393 1150 2448 dixit
1174 2435 1189 2458 ,
1225 2393 1272 2448 A
1328 2395 1517 2461 meipso
1556 2392 1658 2446 non
1695 2393 1925 2462 loquor:
1964 2404 2018 2447 et
2045 2392 2114 2447 de

527 2462 724 2530 Spiritu
752 2471 970 2516 sancto:
1004 2463 1044 2516 Α
1066 2464 1232 2531 seipso
1259 2479 1358 2517 non
1388 2464 1657 2532 loquetur?
1684 2464 1792 2518 Oro
1830 2463 2109 2518 caritatem

529 2542 780 2597 vestram,
805 2533 888 2586 hic
912 2533 1412 2588 animadvertamus.
1438 2531 1568 2589 Cum
1590 2547 1729 2588 unus
1749 2535 1819 2587 sit
1845 2531 2110 2598 Christus,

531 2602 680 2670 multi
713 2603 1020 2670 prodierunt
1049 2603 1161 2658 falsi
1208 2603 1434 2668 Christi,
1473 2603 1616 2658 sicut
1656 2603 1900 2658 Salvator
1927 2603 2060 2657 dixit
2093 2620 2106 2656 :

534 2669 684 2755 diuiti
716 2669 922 2755 Evenient
951 2674 1366 2755 iit-nominent»
1545 2673 1752 2736 Christi,
1779 2683 1826 2755 et
1849 2675 1971 2755 fulsi
1998 2689 2115 2742 pro-

531 2742 696 2811 phetat
717 2741 927 2814 (Matth.
954 2743 1045 2798 24.
1074 2743 1187 2812 24).
1234 2745 1365 2798 Cum
1396 2741 1557 2814 igitur
1581 2760 1717 2798 unus
1753 2744 1823 2797 sit
1850 2741 2114 2806 Christus,

532 2827 689 2880 quem
718 2813 988 2880 protihette
1014 2822 1291 2867 venturum
1325 2813 1680 2880 promiserunt
1713 2832 1726 2866 :
1759 2822 1881 2868 ante
1906 2814 2109 2867 adven-

534 2892 644 2964 tum
687 2885 803 2949 ejus
831 2883 1430 2964 apparueruntquidam
1470 2884 1804 2964 deceptores,
1829 2883 2066 2964 dicentes
2100 2899 2115 2938 :

531 2949 641 3022 Eos
657 2966 860 3007 sumus.
881 2949 1128 3007 Theudas
1147 2949 1281 3006 dixit
1317 2971 1331 3007 :
1362 2953 1478 3022 Ego
1496 2949 1617 3009 sum
1632 2970 1651 3020 ;
1680 2954 1845 3009 Judas
1870 2952 2121 3009 Calilmus

534 3021 668 3094 dixit
686 3035 712 3094 _:
742 3021 850 3094 Ego
898 3036 1013 3076 sum
1052 3041 1064 3076 :
1093 3033 1146 3078 et
1170 3023 1497 3094 seducebant
1540 3025 1736 3079 multos
1779 3024 1918 3094 (Act.
1947 3025 1998 3079 5.
2027 3023 2117 3078 56.

534 3091 651 3160 57).
678 3091 922 3146 Salvator
965 3095 1125 3156 venit,
1155 3102 1207 3164 et
1235 3092 1367 3147 dixit
1401 3111 1414 3145 :
1440 3093 1703 3164 Quotquot
1733 3091 1970 3164 uenerunt
2005 3107 2123 3147 ante

535 3177 633 3242 nte,
662 3165 799 3242 fures
842 3165 1044 3242 [uerunt
1075 3172 1119 3242 et
1159 3163 1376 3217 latrones
1402 3162 1806 3242 (Joan.'l0.m8)_
1860 3163 2120 3242 Quoniam

535 3232 696 3302 igitur
722 3233 896 3298 primi,
935 3249 1055 3288 cum
1085 3233 1397 3302 deceptores
1441 3244 1646 3299 essent,
1684 3233 1880 3289 Cbrisd
1921 3249 2115 3288 nomen

539 3301 819 3373 induentes
849 3303 1044 3372 pupulo
1071 3301 1393 3373 persuadere
1417 3306 1592 3359 conati
1621 3315 1741 3359 sunt
1767 3347 1782 3368 ,
1828 3305 1970 3372 quod
2023 3305 2122 3372 ipsi

539 3372 783 3444 tittristus
822 3382 1012 3438 erant;
1046 3372 1151 3427 non
1182 3374 1334 3427 simul
1364 3375 1415 3427 in
1444 3375 1613 3429 lucem
1651 3375 1996 3444 prodeuntes,
2028 3374 2120 3429 sed

540 3441 732 3510 singuli
762 3445 1006 3508 seorsim,
1036 3457 1171 3497 unus
1191 3444 1400 3512 quidem
1447 3460 1588 3498 nunc
1620 3441 1680 3499 se
1705 3444 1956 3508 oil‘erens,
1988 3445 2126 3498 alius

538 3520 715 3564 autem
755 3512 860 3566 alio
889 3520 1166 3580 tempore:
1210 3515 1336 3568 dicit
1363 3513 1607 3568 Christus
1642 3531 1657 3568 :
1692 3515 1944 3582 Quotquot
1973 3530 2119 3568 vene-

541 3590 658 3633 runt
678 3590 795 3634 ante
817 3599 916 3649 nte,
950 3585 1085 3653 fures
1110 3587 1312 3652 fuerunt
1334 3595 1379 3637 et
1405 3582 1662 3653 latrones:
1691 3585 1779 3639 sed
1819 3601 1920 3638 non
1945 3584 2129 3637 audie-

543 3659 659 3724 runt
701 3668 784 3704 eos
834 3652 1155 3720 oveleoan.
1191 3653 1275 3707 10.
1308 3653 1387 3724 8).
1436 3652 1566 3708 Oves
1597 3671 1721 3708 metu
1767 3670 1928 3707 meam
1959 3671 2127 3707 vocem

543 3721 774 3794 audiunt,
803 3734 846 3794 ct
875 3732 1176 3794 cognoscunt
1220 3721 1387 3776 vocem
1419 3741 1601 3785 meam,
1633 3735 1681 3777 et
1716 3734 1996 3794 sequuntur
2053 3741 2130 3777 me

545 3789 706 3863 (Ibid.
739 3808 786 3845 υ.
815 3789 1234 3861 27).⁷νθηει·³ηι
1254 3794 1414 3863 igitur
1442 3794 1515 3848 illi
1546 3793 1660 3848 falsi
1691 3789 1910 3859 Christi,
1944 3803 1996 3848 et
2023 3809 2126 3848 non

543 3862 837 3942 docuerunt
865 3879 929 3917 ex
958 3863 1075 3931 lege
1113 3873 1163 3918 et
1192 3880 1256 3918 ex
1281 3862 1583 3942 propltctis._
1606 3864 1701 3942 sed
1727 3881 1789 3942 ex
1818 3865 2008 3933 scipsis
2048 3866 2129 3942 lo-

546 3935 694 3997 quuti
726 3943 867 3990 sunt.
924 3942 978 3986 et
1007 3950 1074 3986 ex
1119 3935 1330 4002 propria
1359 3936 1640 3988 sententia.
1672 3935 1920 3988 Salvator
1963 3937 2125 3996 venit,

545 4011 594 4054 et
624 4016 731 4073 non
775 4002 1076 4073 discessita
1124 4003 1259 4073 lege,
1309 4019 1414 4056 non
1462 4005 1708 4058 discessit
1757 4019 1786 4056 a
1833 4005 2126 4072 propin-tis,

543 4069 637 4123 sed
660 4070 864 4126 dicebat
879 4073 1026 4141 quasi
1041 4072 1092 4127 in
1107 4069 1350 4140 exemplo
1367 4091 1376 4123 :
1395 4073 1529 4128 Bene
1543 4075 1669 4129 dixit
1686 4069 1898 4128 Hesaias
1916 4069 2125 4138 ('iilattlt.

550 4141 632 4192 15.
820 4153 874 4196 et
898 4145 1105 4215 iterum
1132 4142 1361 4215 τᾷΝοηηε
1399 4146 1642 4215 scriptum
1681 4154 1758 4215 est
1789 4145 1839 4197 in
1895 4148 2003 4215 lege
2049 4161 2134 4199 ve-

546 4220 653 4262 stra
683 4209 858 4276 (Joan.
888 4213 933 4268 8.
972 4213 1100 4281 i7)?
1141 4213 1347 4266 Etcum
1383 4209 1658 4269 accederet
1699 4214 1764 4268 ad
1795 4231 1916 4268 eum
1941 4209 2133 4268 'diabo-

551 4283 652 4344 lus,
684 4281 810 4334 dicit
831 4283 878 4335 ei
908 4301 919 4336 :
946 4283 1204 4350 Scriptum
1223 4295 1315 4348 est,
1350 4283 1626 4338 Dominum
1656 4284 1816 4338 Deum
1848 4296 1990 4338 tuum
2007 4286 2131 4338 ado-

547 4351 680 4426 rubis
719 4360 765 4404 et
809 4354 884 4406 illi
921 4355 1015 4426 soli
1058 4355 1238 4407 servies
1287 4354 1495 4421 (Matth.
1520 4359 1572 4411 4.
1607 4357 1720 4426 10).
1784 4357 1933 4410 Venit
1973 4357 2134 4425 igitur

546 4421 786 4477 Christus
823 4423 1109 4477 secundum
1162 4440 1373 4478 carnem
1407 4434 1461 4479 ct
1505 4441 1609 4480 non
1651 4421 1897 4490 loquutus
1936 4421 2018 4479 esi
2065 4444 2131 4480 ex

549 4493 747 4571 sgipso,
789 4493 882 4547 sed
929 4508 994 4547 ex
1044 4494 1701 4571 prophetisilgit‘urquia
1745 4499 1820 4551 illi
1871 4499 1961 4571 qui
2009 4508 2133 4551 ante

548 4560 809 4639 Christum
835 4560 1112 4639 venerunt,
1137 4560 1187 4618 in
1209 4560 1420 4620 nomine
1444 4560 1636 4620 Christi
1663 4582 1766 4621 non
1793 4560 1916 4639 sunt
1950 4569 2137 4635 loquu-

553 4635 610 4692 ti,
638 4648 804 4699 neque
833 4650 896 4688 ex
929 4635 1063 4702 lege,
1098 4651 1267 4704 neque
1295 4653 1360 4690 ex
1387 4639 1678 4706 prophetis,
1712 4638 1806 4690 scd
1836 4654 1898 4690 ex
1922 4639 2133 4705 proin-ia

550 4706 841 4776 sententia,
875 4720 1085 4758 errores
1108 4706 1305 4774 loquuti
1350 4719 1473 4760 sunt
1507 4727 1519 4761 :
1549 4708 1676 4762 dicit
1703 4707 1948 4762 Salvator
1982 4728 1993 4759 :
2022 4707 2133 4776 Ego

551 4789 582 4822 α
605 4773 788 4847 meipso
818 4791 916 4847 non
938 4776 1129 4847 loquor,
1165 4773 1288 4829 sicut
1318 4779 1394 4831 illi
1421 4777 1598 4842 (Jomt.
1625 4781 1712 4832 14.
1747 4778 1855 4847 10).
1888 4782 1930 4832 Α
1956 4773 2134 4844 St‘lpSO

551 4843 691 4922 enim
725 4843 889 4922 loqui,
921 4846 1262 4922 ext_ralcgettt
1288 4849 1450 4922 loqui
1481 4859 1581 4922 est.
1611 4849 1699 4903 Sic
1734 4843 1890 4922 igitur
1924 4843 2135 4915 oportet

552 4916 710 4965 etiam
735 4929 830 4967 nos
879 4917 1040 4983 loqui.
1075 4916 1203 4970 Cum
1250 4919 1447 4970 videris
1481 4916 1772 4974 Intrreticos
1796 4920 2133 4975 Aristotelica

549 4983 631 5035 vel
665 4983 930 5038 Platonica
957 4986 1323 5060 moveretdic,
1343 4988 1450 5042 Nos
1479 5005 1505 5042 a
1528 4991 1808 5054 nobisipsis
1832 5007 1934 5044 non
1967 4993 2136 5060 loqui-

553 5069 672 5106 mur
705 5071 1092 5130 :_qu:ccum_quc
1117 5057 1415 5112 audivimus
1455 5075 1484 5114 a
1530 5061 1764 5126 Christo,
1805 5062 1916 5115 inec
1962 5057 2136 5130 loqui-

555 5141 692 5200 niur.
725 5126 787 5200 Et
816 5126 960 5200 unde
988 5127 1268 5200 ltoc,_quoti
1287 5132 1329 5182 is
1351 5131 1439 5198 qui
1460 5147 1488 5184 a
1513 5133 1958 5200 scipsoloquitur.
1979 5126 2136 5200 pseu-

552 5194 879 5271 doprOpheta
921 5197 1006 5271 sit,
1032 5198 1120 5271 >ch
1141 5194 1292 5271 loqtu
1325 5194 1574 5270 a'seipso
1598 5194 2134 5271 'pseud'opropliemm

553 5265 708 5343 nobis
733 5267 960 5343 iudicet?
987 5267 1118 5343 Dicit
1139 5265 1378 5325 Ezechiel
1413 5265 1667 5340 pri-quieta
1691 5291 1704 5327 :
1740 5265 1862 5326 Viuo
1883 5265 1991 5343 ερο,
2020 5274 2137 5327 dicit

561 5334 810 5418 Dominus
839 5339 904 5389 ad
936 5339 1327 5418 prophet_as_qui
1364 5334 1607 5396 seducunt
1649 5334 2098 5413 populum'meum
2122 5388 2134 5408 ,

556 5421 654 5481 non
698 5410 810 5460 misi
855 5424 936 5481 eos
961 5425 978 5461 :
1005 5426 1036 5460 a
1077 5410 1254 5475 seipsis
1291 5411 1480 5481 loquuti
1520 5410 1657 5475 sunt,
1693 5410 1737 5466 et
1779 5431 1840 5468 ex
1867 5414 2019 5467 corde
2050 5432 2140 5470 suo

556 5476 823 5554 loquuntur
851 5480 1178 5554 (Exeo/1.715.
1207 5483 1257 5535 5.
1285 5476 1479 5554 0.’10).
1513 5485 1744 5539 Proinde
1765 5486 1883 5554 quia
1915 5485 2134 5553 pseudo-

468 5611 478 5624 ,
558 5545 827 5625 l‘i‘"Pl|¢lév
853 5545 881 5602 ἐι
929 5552 1118 5616 seipsis
1164 5545 1604 5625 prmdicaveruul,
1636 5545 1934 5610 Salvatora
1966 5558 2140 5625 suspi-

557 5620 708 5696 ετξ-’ξε
739 5620 832 5696 {mc
858 5635 914 5673 se
947 5635 1178 5696 purgans
1201 5624 1329 5677 dicit
1358 5643 1368 5677 :
1397 5623 1505 5695 Ego
1532 5643 1562 5678 a
1591 5620 1782 5695 meipso
1811 5644 1909 5680 non
1942 5620 2137 5696 loquor.

562 5685 710 5767 Unde
741 5685 1006 5767 hocquod
1034 5691 1362 5767 salvatorem
1413 5685 1752 5765 d'eccptore'm
1797 5713 1918 5752 esse
1964 5685 2142 5767 sust):-

557 5761 669 5836 uti.
697 5761 852 5813 sunt?
881 5761 990 5836 Hoc
1026 5765 1251 5831 primum
1278 5761 1652 5834 proponemus.
1687 5769 1741 5823 ln
1783 5769 1918 5824 festo
1940 5761 2141 5824 Sceiio-

558 5833 722 5896 ιιεειε
768 5833 1072 5900 (ιυπτώειιιι
1104 5833 1486 5895 ιυὼίὲιιεδυιυ
1512 5879 1524 5905 ,
1549 5840 1790 5894 dicentes
1840 5860 1856 5898 :
1892 5839 1988 5896 Ubi
2030 5843 2139 5894 est?

2009 378 2278 436 SPUlllA.

3691 377 3799 433 811

2197 498 2265 555 Et
2306 509 2426 554 erat
2449 499 2515 554 de
2542 515 2607 554 eo
2627 498 2840 555 diversa
2882 514 2981 555 vox
3007 514 3024 565 ;
3052 499 3141 554 alii
3183 496 3455 561 dicebant,
3486 491 3663 549 Bonus
3685 505 3761 565 est
3779 508 3802 550 .'

2195 571 2287 640 alii
2315 570 2581 631 dicebant,
2616 569 2758 637 Non,
2782 570 2873 624 sed
2899 563 3090 629 seducit
3122 570 3371 640 populum
3394 565 3576 637 (Joan.
3591 566 3650 640 ξι.
3683 563 3799 640 12)2

2201 639 2389 696 Vidisti
2421 641 2689 710 quomodo
2717 631 2766 694 in
2798 631 3163 711 suspicionem
3191 631 3483 711 'veneritjut
3510 631 3803 711 seductor?

2201 711 2328 765 Item
2359 705 2476 780 post
2521 720 2757 766 sanctam
2787 705 3080 766 Salvatoris
3108 718 3333 763 mortem
3361 708 3545 780 dicunt
3571 705 3794 780 pontiﬁ-

2198 797 2289 836 ces
2320 777 2490 838 Pilato
2515 801 2527 836 :
2558 782 2783 847 Scimus,
2824 781 3062 846 Domine,
3093 782 3404 834 seductorem
3436 779 3582 832 illum
3623 777 3802 832 adhuc

2200 854 2442 907 uiuentem
2473 854 2678 916 dixisse,
2712 853 2834 908 Post
2879 863 2979 906 tres
3008 853 3116 906 dies
3153 867 3414 920 resurgant
3443 847 3674 920 (Matth.
3707 847 3804 902 27.

2199 923 2311 994 65).
2343 924 2468 979 Haec
2511 924 2632 978 ideo
2673 925 2815 989 dixi,
2849 932 2907 978 ut
2942 917 3373 994 demonstrarent
3403 917 3799 994 euuthabitum

2205 990 2367 1050 tuisse
2405 995 2765 1049 seductorem.
2797 995 2931 1059 Quia
2953 993 3114 1062 igitur
3143 993 3396 1057 seductor
3426 990 3639 1062 nabitus
3673 1000 3804 1062 est,

2199 1064 2330 1120 dicit
2361 1083 2376 1118 :
2402 1064 2510 1135 Ego
2535 1083 2565 1116 a
2585 1065 2776 1134 meipso
2792 1057 2892 1118 non
2910 1057 3087 1133 loquor
3100 1063 3275 1135 (Joau.
3300 1063 3385 1135 1}.
3408 1059 3522 1135 10),
3539 1057 3804 1135 _seddele_-

2201 1152 2286 1216 ge,
2305 1137 2368 1189 de
2396 1128 3025 1216 prbpltetig'qutecumque
3053 1128 3276 1216 audivi__tt
3297 1131 3473 1216 ,Ρη-(νς
3500 1128 3807 1216 (Joan..i.:i.

2204 1198 2315 1270 i5):
2336 1198 2440 1259 non
2463 1198 2752 1260 secundum
2786 1198 3116 1259 divinitatem
3135 1204 3310 1257 audivi
3330 1219 3357 1255 a
3384 1202 3540 1257 Patre
3559 1239 3575 1264 ,
3605 1200 3657 1254 itt
3690 1198 3811 1270 lege

2204 1286 2257 1330 et
2278 1268 2338 1330 in
2376 1276 2762 1346 propltetis.Ex
2797 1290 3022 1346 persona
3045 1276 3222 1328 carnis
3258 1274 3510 1342 loquitur,
3541 1278 3602 1326 ut
3628 1268 3813 1346 solvat

2203 1341 2466 1418 errorem.
2479 1341 2597 1418 Ego
2610 1363 2639 1398 a
2655 1341 2846 1416 meipso
2861 1362 2961 1399 nou
2973 1345 3170 1417 loquor,
3187 1346 3277 1418 sed
3289 1356 3615 1418 qutecumque
3633 1341 3811 1399 audiui

2205 1433 2237 1469 a
2266 1417 2443 1472 Patre.
2478 1415 2576 1472 Vos
2595 1415 2761 1470 autent
2781 1415 3110 1482 quacumque
3134 1415 3402 1469 audivistis
3421 1431 3451 1465 a
3474 1422 3617 1481 patre
3643 1422 3815 1465 uestro

2207 1487 2410 1542 diabolo
2434 1529 2450 1554 ,
2499 1487 2761 1555 loquimini
2789 1486 2967 1552 (Joan.
2995 1485 3046 1541 8.
3081 1485 3209 1552 41).
3249 1484 3317 1539 Et
3371 1494 3428 1536 ut
3472 1482 3813 1555 demonstres

2209 1552 2504 1624 diabolum,
2551 1552 2764 1627 quando
2812 1558 2862 1611 in
2890 1556 3154 1624 aliquibus
3187 1555 3439 1627 loquitur,
3469 1552 3808 1627 mendacium

2207 1632 2439 1698 operari,
2465 1621 2626 1683 dicit:
2655 1627 2872 1696 Qume
2897 1621 3122 1692 loquitur
3143 1621 3480 1698 mendacium,
3508 1638 3571 1698 ea:
3590 1621 3814 1693 propriis

2209 1695 2448 1770 loquitur.
2478 1698 2588 1770 Ego
2607 1695 2884 1770 exjmeipso
2910 1715 3012 1752 non
3040 1698 3216 1770 loquor
3233 1695 3444 1770 (Ibid).
3469 1695 3577 1770 sed
3589 1709 3654 1748 ex
3683 1707 3811 1770 pro-

2209 1762 2383 1838 phetis
2411 1778 2462 1824 et
2485 1762 2601 1840 le'ye
2628 1787 2642 1824 :
2670 1769 2771 1824 hoc
2795 1762 2944 1824 enim
2974 1778 3055 1840 est
3090 1762 3308 1840 veritas.
3331 1762 3482 1840 δίῳ
3512 1765 3672 1833 igitur
3692 1762 3816 1840 Sal-

2209 1834 2362 1921 vatur
2410 1834 2639 1921 purgans
2683 1854 2743 1921 se
2767 1855 2817 1921 _a
2849 1837 3336 1921 suspicioueudicit
3360 1834 3810 1921 ._E_qo.a.‘meipss

2210 1927 2311 1964 non
2334 1904 2535 1980 loquor,
2570 1911 2710 1965 sicut
2748 1904 3063 1980 deceptores
3098 1927 3110 1962 :
3140 1908 3218 1963 sic
3261 1917 3315 1962 et
3356 1907 3423 1964 de
3448 1904 3649 1976 Spiritu
3681 1918 3813 1959 san-

2211 1989 2297 2036 cto
2323 1981 2626 2035 dicentium.

2289 2050 2376 2106 10.
2412 2051 2678 2105 Caeterum
2700 2091 2715 2116 ,
2747 2050 2994 2114 obsecro,
3043 2049 3129 2104 hic
3161 2049 3395 2103 animum
3433 2046 3807 2101 adhibeamus.

2214 2121 2514 2177 Secundum
2545 2121 2743 2175 dictum
2775 2120 3066 2174 Salvatoris
3107 2120 3256 2173 multi
3289 2128 3548 2184 apparent
3571 2116 3815 2183 pseudo-

2217 2192 2492 2263 propheta:
2517 2201 2573 2246 et
2597 2189 2881 2263 pseudochi
2897 2190 3008 2255 isti,
3029 2200 3082 2263 et
3107 2189 3231 2243 dicit
3254 2189 3487 2263 quid_:t_ut_.
3503 2189 3813 2263 ΔΙὲεοβιιηξε

2216 2257 2270 2319 et
2298 2257 2455 2326 alius,
2492 2257 2607 2330 Ego
2627 2277 2768 2326 sum,
2793 2261 2932 2315 sicut
2948 2261 3204 2330 scriptum
3227 2257 3327 2324 est,
3364 2258 3513 2312 Multi
3540 2257 3738 2330 venient
3763 2258 3818 2312 in

2215 2335 2418 2388 nomine
2454 2327 2564 2387 meo
2587 2374 2603 2398 ,
2633 2333 2852 2402 dicentes
2875 2348 2894 2386 :
2933 2329 3046 2402 Ego
3059 2327 3185 2402 sum
3219 2330 3580 2402 ChristusLet
3630 2327 3818 2402 multos

2215 2405 2472 2467 seducent,
2504 2403 2593 2456 sed
2631 2420 2692 2456 ne
2721 2398 3030 2456 seducamini
3061 2398 3210 2471 (Luc.
3231 2399 3322 2455 21.
3358 2398 3433 2470 8).
3458 2398 3611 2471 Sicut
3658 2398 3819 2471 igitur

2215 2483 2368 2530 erant
2387 2475 2474 2542 qui
2504 2467 3126 2544 suspicabanturgChristi
3156 2486 3353 2544 nomen
3384 2467 3414 2524 a
3439 2467 3821 2544 d_ec_eptori_bu_s

2218 2537 2485 2613 usurpari,
2515 2537 2673 2598 sic-et
2696 2543 2848 2597 multi
2879 2541 3176 2613 simulaturi
3204 2548 3355 2596 erant
3381 2555 3441 2613 se
3467 2539 3667 2613 habere
3698 2537 3822 2613 Spit

2219 2607 2379 2670 ritum
2408 2607 2648 2668 sanctum
2671 2629 2827 2682 quem
2860 2626 2964 2666 non
2990 2612 3278 2670 haberent.
3305 2620 3358 2666 et
3391 2610 3682 2682 loquuturi.
3706 2607 3815 2662 sed

2221 2685 2331 2739 illic
2359 2685 2572 2753 quidem
2616 2680 2774 2737 hoino
2806 2684 3094 2752 apparebat
3119 2723 3133 2744 ,
3175 2691 3228 2736 ct
3252 2682 3501 2753 dicebat,
3538 2680 3666 2753 figo
3699 2693 3821 2732 sum

2215 2749 2462 2810 Chrisius
2487 2773 2499 2808 :
2532 2755 2617 2808 hic
2646 2763 2824 2810 autem
2844 2749 3012 2808 nemo
3032 2753 3262 2806 audebat
3303 2751 3508 2814 dicere,
3538 2749 3653 2818 Ego
3697 2764 3820 2804 sum

2221 2827 2448 2893 Spiritus
2474 2833 2689 2878 sanctus
2721 2840 2735 2877 :
2770 2839 2874 2878 non
2914 2824 3057 2877 enim
3101 2837 3222 2876 cum
3253 2836 3524 2893 corpore,_
3547 2821 3641 2893 sed
3673 2820 3822 2893 invi-

2223 2889 2390 2951 sibilis
2405 2895 2739 2949 adveniebat.
2770 2893 3007 2948 Venitad
3026 2893 3262 2954 Petrum,
3293 2889 3440 2947 venit
3460 2891 3527 2945 ad
3561 2889 3824 2962 Paultttti,

2224 2979 2276 3022 et
2304 2967 2355 3019 in
2382 2966 2628 3020 confesso
2673 2973 2790 3018 erat
2815 2979 2910 3019 eos
2933 2963 3185 3022 Spiritum
3209 2962 3420 3016 Domini
3443 2959 3665 3015 habere.
3691 2959 3828 3014 Pro-

2217 3036 2299 3091 dit
2326 3038 2529 3099 Simon,
2557 3045 2611 3090 et
2635 3034 2762 3088 dicit
2795 3053 2808 3088 :
2847 3030 3102 3102 Spiritum
3135 3033 3324 3088 habeo.
3357 3032 3435 3088 Ex
3465 3030 3601 3085 facie
3642 3032 3828 3102 nullus

2225 3107 2368 3188 videt
2391 3108 2510 3188 quis
2532 3105 2745 3188 habeat,
2777 3107 2862 3161 vel
2880 3101 3008 3188 ‘quis
3033 3103 3400 3188 npuhabeat:
3443 3103 3529 3188 vel
3559 3101 3827 3188 quis‘Spi:

2224 3172 2771 3241 ritum.immundum,
2815 3172 3037 3244 vel—quis
3063 3175 3316 3245 Spiritum
3346 3183 3589 3246 sanctum
3624 3172 3826 3246 imbuat

2227 3248 2357 3320 (Act.
2384 3248 2487 3310 8.).
2510 3246 2643 3320 liam
2665 3247 2709 3300 si
2741 3247 2966 3320 visibilis
2995 3244 3170 3320 esset,
3201 3244 3666 3320 nondecepisset;
3699 3244 3827 3297 nam

2225 3313 2491 3388 agnitione
2509 3317 2694 3372 fuisset
2721 3317 3059 3388 redargutus.
3089 3315 3246 3388 venit
3274 3313 3577 3388 Montanus,
3595 3313 3826 3388 dicens:

2226 3383 2480 3458 Spiritum
2527 3395 2770 3443 sanctum
2812 3383 2986 3443 habeo
3009 3386 3107 3458 (a).
3155 3385 3312 3458 Venit
3344 3384 3691 3458 Manicharus,
3739 3383 3831 3438 di-

2227 3455 2356 3514 cens
2388 3479 2400 3512 ε
2428 3459 2681 3529 Spiritum
2709 3469 2951 3512 sanctum
2984 3455 3154 3529 habeo
3185 3473 3199 3510 :
3234 3457 3284 3510 id
3327 3471 3461 3529 vero
3487 3455 3663 3525 palam
3715 3471 3828 3509 non

2228 3540 2363 3584 erat.
2396 3526 2482 3584 Ut'
2509 3544 2576 3583 ne
2609 3529 2766 3596 igitur
2795 3529 2974 3593 plures
3012 3528 3227 3580 nomine
3248 3526 3663 3596 seducerentur.
3691 3539 3833 3596 queo

2231 3600 2371 3652 niam
2401 3593 2735 3653 invisibiliter
2761 3598 2960 3653 donum
3004 3607 3286 3652 venturum
3317 3605 3456 3662 erat,
3495 3595 3668 3648 diviti:
3695 3593 3830 3649 Cum

2230 3671 2416 3724 venerit
2463 3668 2778 3735 Paracletus,
2807 3669 3029 3739 Spiritus
3061 3669 3303 3728 veritatis,
3341 3668 3430 3736 qui
3464 3683 3496 3718 a
3524 3662 3681 3720 Patre
3709 3683 3833 3732 pro-

2231 3741 2380 3804 cedit,
2411 3741 2497 3794 ille
2527 3754 2621 3792 vos
2651 3754 2916 3794 memores
2957 3739 3112 3794 faciet
3151 3739 3438 3792 verborum
3483 3751 3751 3798 meorum,
3779 3747 3830 3790 et

2232 3811 2432 3864 inducet
2463 3826 2548 3863 vos
2585 3810 2639 3862 in
2684 3826 2885 3863 omnem
2901 3811 3157 3863 ueritatem
3179 3825 3198 3862 :
3229 3825 3329 3861 non
3351 3809 3484 3861 enim
3505 3823 3536 3858 α
3561 3806 3836 3874 semetipso

2233 3883 2461 3950 loquetur
2489 3879 2659 3951 (Joan.
2697 3881 2786 3934 16.
2821 3879 2931 3947 15).
2959 3880 3013 3933 Si
3041 3895 3200 3950 quem
3245 3877 3490 3951 videritis
3519 3876 3789 3930 dicentem
3814 3917 3830 3941 ,

2233 3949 2505 4020 spiritum
2535 3961 2776 4004 Sanctum
2802 3951 2995 4013 habeo,
3017 3949 3073 4004 et
3121 3966 3225 4005 non
3263 3949 3568 4020 loquentem
3599 3962 3840 4020 evange-

2236 4018 2355 4088 lica,
2397 4023 2490 4077 sed
2543 4025 2753 4088 propria
2805 4021 2984 4085 verba,
3022 4022 3065 4073 is
3117 4037 3147 4074 a
3202 4035 3262 4074 se
3308 4021 3424 4087 ipso
3467 4018 3742 4088 loquitur.
3779 4027 3840 4088 et

2236 4087 2449 4148 nonest
2483 4087 2712 4157 Spiritus
2739 4099 2955 4146 sanctus
3003 4091 3056 4144 in
3092 4092 3226 4155 ipso.
3259 4089 3407 4143 Sicut
3429 4087 3571 4142 enim
3600 4088 3735 4142 dicit
3764 4087 3838 4143 de

2235 4165 2411 4232 seipse
2439 4181 2458 4217 z
2489 4163 2602 4230 Ego
2623 4179 2654 4215 a
2685 4163 2873 4230 meipso
2901 4177 3001 4214 non
3021 4161 3201 4229 loquar
3229 4177 3247 4215 :
3275 4169 3343 4232 ut
3369 4159 3540 4213 solvat
3565 4159 3838 4228 suspicio-

2237 4231 2723 4304 netndeceptiouis,
2771 4233 2878 4304 imo
2900 4247 3140 4304 errorem
3172 4246 3206 4304 7a
3238 4231 3464 4286 veritate
3494 4240 3746 4298 separet,
3779 4239 3839 4304 et

2236 4301 2519 4368 ostendat,
2543 4305 2758 4371 quinam
2789 4302 3018 4357 habeant
3044 4302 3297 4370 Spiritum
3349 4308 3591 4354 sanctum
3613 4341 3630 4363 ,
3664 4309 3719 4354 et
3744 4301 3840 4368 qui

2238 4391 2343 4430 nou
2373 4376 2622 4437 habeant,
2650 4372 2743 4427 sed
2775 4373 3022 4427 simulent
3042 4388 3100 4428 se
3124 4374 3342 4437 habere,
3387 4371 3518 4425 dicit
3547 4387 3559 4422 :
3594 4373 3633 4423 Α
3667 4372 3841 4440 seipse

2238 4463 2339 4499 non
2366 4448 2609 4516 loquetur.
2643 4446 2692 4516 Δ)
2717 4458 2800 4497 Ine
2827 4443 3050 4498 audistis
3075 4443 3198 4511 quid
3239 4442 3452 4516 tradidi.
3485 4441 3714 4516 Quando
3744 4454 3844 4516 ve-

2240 4519 2347 4570 niet
2375 4512 2650 4570 invisibilis
2676 4515 2919 4583 Spiritus,
2947 4531 3063 4569 mea
3093 4516 3356 4582 loquetur.
3381 4512 3436 4567 Si
3467 4512 3710 4566 videritis
3734 4512 3843 4566 ali-

2241 4604 2397 4655 quem
2431 4587 2730 4654 cvangelica
2765 4597 3118 4654 repetentem,
3145 4585 3386 4656 profecto
3410 4584 3664 4656 Spiritum
3707 4598 3843 4637 san-

2241 4670 2382 4711 ctum
2415 4658 2591 4712 habet.
2630 4657 2818 4711 Veniet
2844 4657 2983 4709 enim
3018 4656 3248 4724 Spiritus
3287 4664 3527 4718 sanctus,
3559 4655 3690 4708 utin
3725 4669 3846 4708 meo

2241 4731 2465 4782 muriam
2495 4729 2646 4782 vobis
2693 4737 2907 4781 revocet
2952 4743 3013 4780 ea
3062 4743 3178 4795 quze
3204 4727 3386 4780 docui.
3418 4726 3474 4779 Si
3521 4726 3642 4794 quis
3674 4726 3840 4792 igitur

2240 4815 2446 4864 eorum,
2474 4801 2561 4869 qui
2589 4815 2647 4853 se
2676 4799 2859 4852 dicunt
2891 4799 3085 4851 habere
3103 4797 3359 4864 Spiritum
3393 4805 3658 4856 sanetum,
3692 4797 3840 4869 dicat

2240 4871 2437 4940 aliquid
2468 4867 2507 4922 π’
2545 4871 2744 4936 seipso,
2775 4877 2830 4923 et
2873 4884 2978 4922 nou
3011 4885 3074 4922 ex
3106 4869 3419 4940 evangeliis,
3463 4881 3568 4921 non
3593 4867 3842 4940 credite;

2241 4939 2413 4995 meam
2468 4941 2765 4996 doctrinam
2813 4940 3131 5009 sequamini.
3178 4939 3222 4991 Α
3249 4940 3411 5009 διείρεο
3451 4953 3552 4990 non
3583 4939 3843 5009 loquetur.

2241 5013 2347 5066 Sed
2374 5013 2475 5066 hac
2516 5014 2725 5065 ratione
2748 5007 3011 5063 adventus
3039 5010 3156 5078 ejus
3185 5007 3382 5063 indit-at
3423 5009 3543 5076 quis
3571 5007 3849 5075 acceperit

2242 5084 2521 5152 Spiritum.
2551 5093 2603 5136 et
2633 5082 2751 5150 quis
2802 5097 2904 5133 non
2933 5080 3201 5152 acceperit
3234 5097 3246 5152 ς
3278 5081 3321 5133 si
3349 5081 3468 5152 quis
3494 5081 3738 5152 sequitur
3762 5079 3848 5131 dio

2243 5150 2324 5208 cia
2349 5154 2572 5211 Christi.
2604 5153 2863 5219 Spiritum
2889 5164 3128 5206 sanctum
3163 5150 3343 5205 habet.
3371 5150 3563 5204 Nullus
3587 5152 3718 5202 enim
3751 5168 3847 5212 ro-

2245 5237 2334 5280 test
2358 5227 2522 5278 dicere
2540 5223 2813 5278 Dominum
2827 5221 3026 5287 Iesum,
3051 5224 3148 5276 nisi
3166 5224 3215 5275 in
3235 5223 3434 5287 Spiritu
3455 5231 3629 5275 sancto
3650 5223 3695 5281 (l
3721 5220 3848 5275 Cor.

2246 5297 2330 5350 12.
2365 5299 2443 5366 5).
2480 5295 2634 5348 Venit
2663 5295 2859 5356 Manes,
2893 5309 3020 5348 vere
3046 5305 3227 5361 μείνας,
3277 5287 3378 5366 hoc
3427 5301 3510 5346 est
3540 5287 3847 5366 insaniens,

2246 5364 2664 5423 Consentaneum
2695 5367 2860 5418 errori
2891 5381 2988 5419 suo
3038 5381 3235 5418 nomen
3287 5364 3524 5424 habens;
3577 5372 3630 5415 et
3666 5364 3802 5415 dixit
3835 5383 3846 5416 :

2247 5436 2357 5504 ligo
2374 5449 2495 5490 sum
2520 5437 2820 5491 Paraeletus
2851 5436 2948 5506 (b),
2975 5452 3132 5504 quem
3165 5436 3408 5506 promisit
3437 5435 3687 5487 Salvator
3710 5449 3850 5506 apo-

2247 5511 2397 5564 stolis
2429 5527 2440 5562 :
2467 5525 2566 5579 ego
2610 5523 2727 5562 sum
2770 5507 2939 5562 Filius
2966 5507 3078 5562 Dei.
3111 5507 3211 5562 Ubi
3249 5505 3518 5562 audistiin
3547 5505 3845 5573 Lvangelio

2247 5784 2280 5836 ιι
2310 5723 2381 5831 fa)
2417 5729 2664 5772 Montanus
2679 5727 2730 5771 ct
2743 5719 3031 5769 Manicbazus
3051 5716 3278 5767 dicebant
3298 5729 3357 5765 se
3384 5717 3613 5780 spiritum
3635 5717 3865 5765 sanctum

2281 5797 2306 5834 a
2327 5798 2451 5834 \ere.

2281 5797 2451 5834 abere.

2311 5845 2382 5910 (ιι)
2415 5853 2580 5898 Manes
2599 5844 2793 5897 dicebat
2818 5857 2873 5895 se
2903 5855 3017 5893 esse
3041 5841 3357 5893 Psradetum.
