4098 6498
311 490 438 547 Josu
466 490 696 554 Christi,
738 492 905 546 solem
936 501 989 546 ct
1034 491 1211 546 limam
1241 491 1466 559 epiiires
1505 506 1625 546 esse
1666 492 1782 558 la)?
1829 490 1915 545 ubi

311 563 446 617 di\il
471 563 735 628 Christus,
771 565 912 629 quod
945 563 1056 617 hzec
1104 563 1352 617 hauriant
1380 565 1606 625 animas,
1641 571 1697 616 ct
1751 563 1914 616 redu-

315 645 438 688 cant
462 633 600 687 eas?
643 635 731 688 tibi
767 633 937 704 legisti
974 635 1122 688 haec?
1151 633 1227 687 Ex
1257 649 1323 688 eo
1371 634 1513 702 quod
1547 648 1650 687 non
1677 634 1821 686 dicat
1854 647 1915 685 ea

309 719 432 774 qua:
459 705 656 772 scripta
695 703 841 770 sunt,
874 705 966 758 sed
1008 720 1036 756 a
1069 705 1248 772 seipse
1280 708 1548 774 loquatur,
1573 703 1916 758 manifestum

315 784 398 844 est
418 790 676 828 cunnum
707 776 905 830 habere
951 775 1206 844 Spiritum
1230 786 1497 831 Sanctum.
1525 777 1566 828 Α
1606 777 1773 840 seipse
1815 790 1918 827 non

313 843 568 916 loquetur,
593 846 680 899 sed
716 843 1040 916 quiec-umque
1105 847 1362 914 audierit,
1420 845 1917 916 annuutiabitivobis

312 914 494 989 (Ioan.
531 917 618 989 16.
653 918 742 989 15)
774 933 786 969 :
814 917 916 972 hoc
941 914 1044 989 est,
1073 933 1192 987 qua:
1222 917 1332 972 dixi
1361 919 1722 972 contirmabit.
1754 915 1824 989 Et
1849 915 1922 969 vi-

311 983 379 1040 de
398 983 736 1040 miraculum;
751 983 1216 1055 Quemadmodum
1234 989 1480 1042 Salvator
1495 991 1661 1051 venit,
1678 986 1917 1055 etractus

311 1069 391 1111 cst
419 1058 694 1130 plenitudo
717 1054 846 1127 legis
875 1059 1256 1128 prophetarum
1299 1075 1312 1111 :
1341 1060 1414 1114 ita
1436 1058 1716 1130 plenitudo
1739 1054 1916 1130 Evan-

313 1128 437 1194 gelii
470 1139 553 1183 est
581 1129 814 1197 Spiritus
843 1140 1077 1186 sanctus.
1125 1130 1372 1185 Christus
1407 1128 1552 1184 venit
1582 1138 1635 1183 et
1675 1129 1917 1198 implevit

309 1213 429 1320 ana:
457 1215 484 1250 a
519 1201 676 1254 Patre
733 1203 782 1254 in
829 1202 944 1268 lege
994 1211 1048 1255 et
1093 1201 1374 1284 prophetis
1423 1211 1547 1255 sunt
1582 1201 1721 1254 dicta
1752 1219 1763 1252 :
1794 1198 1917 1253 ideo

352 1279 439 1320 lett
466 1271 662 1320 Paulus
689 1287 700 1320 :
739 1273 1022 1320 l'lenitudo
1072 1273 1203 1320 laets
1225 1269 1473 1320 Christus
1511 1271 1686 1320 (Rom.
1714 1270 1798 1320 10.
1828 1269 1910 1320 M.

349 1271 446 1342 icit
466 1271 662 1325 Paulus
689 1287 700 1322 :
739 1273 1022 1326 l'lenitudo
1072 1269 1203 1342 legis
1225 1269 1473 1327 Christus
1511 1271 1686 1342 (llam.
1714 1270 1798 1342 10.
1828 1269 1910 1341 4).

305 1339 544 1408 Spiritus
592 1354 812 1396 sanctus
841 1360 881 1395 v-
909 1345 1003 1405 nit,
1035 1353 1082 1395 et
1121 1339 1359 1410 implevit
1387 1339 1717 1411 evangeliea.
1754 1339 1914 1407 Qua:-

309 1428 538 1481 cumque
571 1421 694 1466 sunt
737 1415 786 1465 in
836 1416 951 1480 lege
973 1455 987 1479 ,
1017 1412 1263 1468 Christus
1290 1415 1476 1479 implet
1519 1432 1530 1467 :
1565 1427 1916 1483 qurccuthne

311 1495 435 1538 sunt
465 1485 514 1554 in
555 1483 796 1538 doctrina
828 1486 1046 1546 Christi,
1077 1485 1311 1554 Spiritus
1361 1487 1576 1552 implet,
1629 1500 1731 1537 non
1771 1484 1912 1551 quod

311 1552 658 1622 imperfectus
688 1556 756 1608 sit
786 1555 944 1608 Pater
968 1599 982 1621 ,
1014 1552 1194 1610 sed—ut
1225 1559 1484 1625 apparuit
1512 1557 1761 1609 Christus
1786 1571 1918 1608 con-

311 1626 528 1678 lirmans
557 1641 676 1694 qua:
718 1637 842 1679 sunt
870 1628 1061 1690 Patris,
1109 1629 1187 1680 sic
1233 1629 1475 1695 apparuit
1509 1627 1743 1695 Spiritus
1789 1641 1914 1678 sau-

307 1706 418 1748 etur
450 1701 782 1750 centu-maris
809 1715 868 1750 ea
899 1715 1016 1764 qua!
1065 1707 1191 1751 Sunt
1233 1697 1349 1752 Fiiii
1417 1698 1567 1752 Unde
1599 1698 1735 1752 hoc?
1781 1697 1917 1750 Dicit

309 1766 558 1819 Salvator
586 1767 868 1835 discipulis
902 1786 912 1819 ε
947 1768 1113 1822 Multa
1138 1768 1296 1822 habeo
1326 1769 1462 1823 vobis
1486 1771 1671 1834 dicere,
1699 1768 1787 1821 sed
1816 1785 1917 1822 non

309 1839 513 1904 potestis
541 1849 744 1906 portare
789 1845 936 1892 modo
962 1859 977 1890 :
1018 1841 1222 1909 quando
1260 1851 1427 1893 autem
1456 1841 1642 1893 venerit
1685 1838 1915 1906 Spiritus

306 1918 526 1972 sanctus,
576 1910 774 1980 inducet
804 1927 889 1963 vos
910 1911 961 1963 in
1001 1927 1198 1963 munem
1226 1914 1503 1977 veritatem,
1530 1912 1649 1980 quia
1687 1927 1717 1962 a
1747 1911 1915 1979 seipso

307 1994 406 2049 non
434 1981 663 2045 loquetur
690 1979 871 2034 tJoau.
899 1983 983 2035 16.
1020 1982 1106 2034 12.
1136 1983 1222 2049 15)
1249 2000 1261 2036 :
1288 1999 1410 2036 nam
1445 1979 1563 2036 mea
1591 1982 1794 2049 implet.
1822 1982 1880 2034 lt‘i

306 2048 408 2102 lius
435 2050 615 2117 implet
647 2066 707 2104 ea
737 2068 856 2118 qua:
879 2067 1001 2104 sunt
1026 2048 1220 2118 Patris,
1253 2069 1307 2107 0|.
1338 2070 1364 2105 a
1397 2056 1577 2120 seipso
1606 2048 1709 2106 non
1741 2053 1916 2120 loqui-

307 2132 394 2173 tur
427 2137 440 2171 :
472 2121 700 2188 Spiritus
725 2132 943 2176 sanctus
976 2125 1157 2191 implet
1188 2139 1306 2190 qua:
1335 2135 1459 2177 sunt
1489 2124 1628 2184 Filii,
1664 2133 1715 2177 et
1744 2140 1770 2175 a
1807 2125 1913 2176 sei-

303 2204 400 2259 pso
430 2207 535 2244 non
564 2191 817 2260 loquitur.
843 2192 899 2248 Si
927 2205 1103 2248 autem
1129 2195 1360 2249 audieris
1381 2195 1674 2262 dicentem,
1708 2195 1910 2247 Mittam

307 2263 454 2316 vobis
511 2262 766 2328 Spiritum
822 2279 1108 2328 sanetum,
1162 2281 1269 2319 non
1307 2266 1602 2321 secundum
1657 2267 1910 2319 deitatem

309 2333 577 2400 accipias:
616 2337 754 2386 Deus
794 2337 935 2389 enim
985 2353 1090 2389 non
1120 2337 1367 2390 mittitur.
1399 2337 1622 2391 Nomina
1646 2346 1769 2390 sunt
1797 2337 1912 2390 haec

302 2405 667 2474 operationem
700 2404 1073 2474 signiﬁcantia,
1126 2407 1339 2461 nomina
1391 2409 1598 2462 occulta
1644 2408 1805 2461 simul
1856 2420 1910 2459 et

305 2473 475 2527 lucida
512 2493 524 2526 :
558 2473 769 2530 occulta
798 2477 842 2531 si
886 2478 1199 2547 dignitatem
1227 2492 1471 2546 speetes;
1508 2479 1679 2531 lucida
1708 2480 1749 2532 si
1777 2493 1915 2533 con-

302 2547 705 2613 templationem
732 2564 744 2598 .'
771 2559 923 2602 certe
960 2551 1198 2618 quisquis
1241 2551 1424 2614 mittit,
1447 2553 1493 2602 in
1515 2550 1614 2603 alia
1638 2549 1796 2602 mittit
1826 2551 1908 2603 lo-

302 2630 384 2689 ra,
422 2619 472 2668 in
507 2621 699 2689 quibus
741 2635 848 2671 non
878 2631 977 2672 est.
1012 2619 1177 2689 Finge
1209 2636 1293 2672 me.
1342 2620 1572 2689 aliquem
1613 2621 1810 2689 alloqui
1856 2622 1906 2673 in

299 2684 402 2759 hac
429 2687 559 2741 sede
587 2707 598 2740 :
627 2703 730 2741 non
761 2705 976 2758 possmn
1011 2684 1187 2745 dicere
1213 2684 1466 2759 cuipiam,
1504 2691 1654 2754 Veni,
1702 2684 1906 2744 niittam

301 2765 352 2811 te
383 2758 487 2812 huc
518 2777 530 2812 :
564 2759 667 2812 hoc
695 2776 797 2814 non
822 2771 912 2813 est
938 2763 1170 2826 mittere,
1201 2758 1588 2815 sed’collocare
1623 2762 1705 2816 vel
1728 2777 1908 2816 accer-

300 2841 438 2882 sere.
473 2829 624 2896 Quod
650 2830 692 2882 si
740 2832 878 2884 Deus
915 2833 1106 2900 ubique
1149 2842 1258 2895 est;
1293 2831 1483 2886 Cwlum
1513 2833 1678 2899 enim,
1714 2834 1904 2901 inquit,

301 2907 366 2973 et
397 2907 585 2973 terram
615 2916 720 2973 ego
754 2902 939 2967 impleo
997 2901 1133 2966 (Jrr.
1159 2904 1246 2957 25.
1276 2903 1366 2971 ‘26)
1399 2919 1415 2958 :
1462 2919 1694 2972 quonam
1749 2905 1908 2973 igitur

296 2971 491 3035 mittit,
536 2973 624 3039 qui
673 2971 869 3041 ubique
893 2975 1006 3026 est?
1031 2973 1090 3027 Si
1115 2976 1386 3028 usreuderu
1411 2979 1463 3028 in
1485 2971 1690 3038 erutum,
1722 2971 1786 3026 tu
1802 2977 1906 3028 illic

304 3055 391 3102 es;
422 3041 467 3093 si
497 3042 800 3115 descendere
827 3045 1170 3115 ininferuum,
1206 3045 1362 3108 ades;
1392 3046 1436 3098 si
1477 3062 1737 3113 sumpsero
1777 3063 1903 3115 pen-

297 3122 390 3163 nas
434 3127 570 3164 meas
596 3108 912 3179 diluculofet
931 3108 1217 3169 habitavero
1246 3117 1295 3168 in
1317 3118 1551 3169 extremis
1573 3108 1725 3169 maris
1755 3108 1903 3170 fete-

295 3183 400 3232 nim
428 3182 551 3234 illuc
578 3200 756 3236 manus
782 3196 866 3237 tua
906 3186 1117 3238 deducet
1164 3204 1243 3240 me
1290 3187 1462 3310 (Psal.
1498 3188 1621 3242 158.
1649 3189 1898 3255 8.-10).

298 3257 566 3310 Qttorsmn
600 3256 756 3310 igitur
788 3257 925 3309 Deus
957 3258 1148 3310 mittit?
1179 3261 1260 3310 An
1311 3268 1427 3310 orte
1462 3259 1604 3310 atiod
1636 3260 1748 3310 inse
1796 3263 1898 3310 oui-

298 3257 566 3328 guorsutn
600 3256 756 3323 igitur
788 3257 925 3309 Deus
957 3258 1148 3310 mittit?
1179 3261 1260 3310 An
1291 3256 1427 3312 forte
1462 3259 1604 3328 quod
1636 3260 1748 3325 ipse
1796 3263 1906 3323 qui-

290 3323 432 3398 d_etu_
450 3325 664 3398 ubique.
701 3341 743 3377 ts
791 3335 968 3380 autem
1005 3328 1091 3395 qui
1121 3330 1366 3392 mittitur,
1396 3323 1501 3382 non
1526 3323 1766 3398 ubique?
1799 3329 1901 3383 Mi-

293 3396 357 3446 sit
394 3393 531 3448 Deus
565 3395 759 3449 Filium
785 3414 930 3449 suum
952 3398 1003 3450 in
1026 3393 1292 3451 inmudum
1323 3399 1498 3466 (Joau.
1531 3401 1584 3453 5.
1615 3393 1726 3468 1⁷7).
1758 3400 1894 3454 Nunt

292 3473 351 3517 ut
384 3480 488 3518 non
523 3478 838 3534 praesentem
865 3469 912 3520 in
942 3470 1180 3522 nuindo?
1211 3475 1275 3523 At
1298 3470 1530 3524 mundus
1552 3488 1613 3523 ex
1639 3471 1774 3524 Filio
1797 3484 1894 3526 rst.

297 3534 662 3607 I’rOptereane
687 3539 830 3590 venit
859 3542 907 3590 in
943 3541 1219 3600 mundum,
1250 3542 1370 3607 quia
1403 3552 1558 3594 antea
1599 3558 1702 3593 non
1729 3541 1901 3596 fuerat

292 3605 344 3680 in
377 3609 907 3680 mundo?Quomodo
928 3610 1084 3679 igitur
1109 3605 1346 3664 Joannes
1379 3613 1703 3680 evangelista
1734 3613 1894 3665 dicit:

295 3675 482 3730 Omnia
523 3695 610 3744 per
629 3680 796 3745 ipsum
820 3675 1089 3749 [acta'suut
1118 3697 1137 3736 :
1160 3683 1209 3734 in
1234 3683 1420 3735 mundo
1453 3675 1579 3738 ertit.
1608 3695 1652 3734 et
1676 3686 1898 3737 ntttudus

291 3764 380 3815 per
403 3749 571 3824 ipsum
597 3753 766 3824 factus
791 3760 862 3803 est
907 3750 1086 3824 (Ioau.
1119 3755 1171 3806 1.
1197 3753 1290 3819 5)?
1318 3753 1600 3819 Quomodo
1644 3755 1801 3824 igitur
1843 3757 1894 3808 in

290 3820 546 3893 mundum
581 3820 924 3893 tttis'suscst?‘
942 3823 1142 3876 llursus
1165 3825 1208 3878 si
1229 3825 1425 3878 missus
1446 3834 1528 3878 est
1550 3826 1637 3893 qui
1667 3820 1891 3893 inissus,

290 3898 344 3942 et
373 3891 568 3964 mansit
591 3907 750 3964 supra
782 3892 824 3944 is
851 3893 938 3964 qui
966 3894 1130 3960 misit,
1159 3906 1213 3949 et
1247 3896 1336 3964 qui
1366 3891 1674 3949 miSsns‘est
1727 3891 1886 3962 infra,

286 3963 570 4102 attigs):qu
597 3962 829 4029 dicebat,
860 3962 920 4015 Et
950 3966 1035 4033 qui
1060 3964 1192 4018 misit
1239 3962 1317 4018 me
1336 4007 1350 4031 ,
1383 3982 1577 4018 mecum
1613 3976 1680 4020 est
1712 3966 1890 4037 (Joau.

363 4102 721 4159 H.0bsecro.
753 4103 1033 4172 diligent-r
1059 4106 1325 4168 attendas,
1356 4122 1659 4160 sermonem
1693 4109 1742 4161 in
1768 4117 1883 4162 tuto

283 4173 511 4226 colloca.
561 4173 744 4230 Potest
774 4178 914 4230 enim
945 4179 1124 4231 dicere
1163 4177 1450 4231 [hereticus
1480 4196 1491 4231 :
1528 4178 1734 4233 illecum
1769 4192 1845 4234 est
1872 4221 1886 4246 ,

344 4329 616 4396 (a)_5tanes
637 4330 1012 4396 dicebat‘solem
1036 4340 1087 4381 et
1112 4331 1273 4381 lunam
1300 4347 1343 4396 οι
1363 4334 1498 4384 ilices
1517 4348 1647 4384 esse.
1692 4337 1888 4385 Ubinam

280 4391 503 4442 dixerint
521 4401 604 4442 aut
631 4395 915 4443 atanlchmns
953 4404 1035 4443 aut
1060 4397 1302 4444 Manichaci
1328 4391 1483 4444 Solem
1510 4407 1561 4446 et
1587 4397 1748 4446 lunam
1775 4412 1887 4448 esse

279 4453 496 4519 opiﬁces,
540 4455 751 4502 nondum
777 4457 895 4506 mihi
934 4467 1236 4519 compertum
1263 4466 1355 4506 est.
1394 4458 1579 4507 Verum
1608 4461 1888 4509 ManichtPOS

276 4516 362 4625 (qui
387 4515 487 4564 late
513 4529 601 4578 per
617 4521 789 4566 orbem
815 4520 1023 4579 grassati
1044 4515 1174 4579 Sunt,
1194 4520 1312 4568 etin
1335 4522 1491 4569 varias
1514 4523 1684 4569 abiere
1701 4528 1882 4578 sectas,

313 4579 471 4625 iversa
500 4579 757 4625 admodum
783 4589 835 4625 et
861 4594 1026 4625 narum
1051 4594 1259 4625 consona
1287 4583 1540 4625 tradidist
1566 4592 1751 4625 certum
1787 4593 1881 4625 93L

313 4579 471 4641 iversa
500 4579 757 4641 admodum
783 4589 835 4628 et
861 4594 1027 4641 parum
1051 4594 1259 4631 consona
1287 4583 1540 4631 tradidisse
1566 4592 1752 4631 certum
1787 4593 1882 4634 est.

276 4635 403 4706 Vide
427 4640 799 4706 Manicttzeorutn
820 4635 1086 4706 historiam,
1112 4658 1255 4706 quam
1276 4657 1340 4692 ex
1373 4645 1716 4706 Amphilochiis
1733 4647 1882 4694 Photii

276 4701 518 4767 edidimus
541 4701 590 4750 in
615 4702 908 4767 bibliotheca
932 4701 1196 4767 Coislinfp.
1224 4706 1336 4755 550.
1372 4701 1504 4764 quid
1529 4719 1637 4755 mox
1666 4708 1742 4755 hic
1759 4708 1880 4757 dici-

277 4767 354 4810 tur
377 4763 535 4831 solem
563 4770 614 4813 et
637 4763 799 4831 lunam
826 4765 1024 4831 haurire
1050 4763 1232 4831 animas
1258 4776 1307 4816 et
1350 4763 1612 4823 reducere,
1638 4781 1751 4817 cum
1774 4771 1881 4831 Epi-

271 4825 451 4887 pnanio
473 4827 737 4884 consentit,
758 4828 840 4888 qui
860 4829 979 4877 dicit
996 4830 1177 4877 I-taeresi
1201 4833 1280 4888 tit},
1307 4831 1576 4878 secundum
1597 4825 1879 4880 atanichaeo-

272 4898 390 4952 rum_
417 4889 737 4952 sententiam,
765 4891 1021 4946 chris-tum,
1069 4891 1152 4951 qui
1176 4904 1219 4952 a;
1242 4901 1472 4951 parenter
1497 4900 1684 4941 tantum
1722 4894 1878 4952 venit,

271 4949 544 5016 machinam
583 4952 825 5016 struxisse
870 4949 1125 5000 duodecim
1167 4949 1314 5003 cados
1352 4954 1648 5014 habentem,
1695 4969 1806 5016 qua:
1849 4949 1878 5004 a

271 5010 461 5072 sphaera
486 5012 691 5072 quadam
715 5013 1002 5062 circumacta
1021 5023 1322 5063 mortuorum
1363 5017 1546 5064 animas
1569 5010 1761 5064 sursum
1784 5025 1878 5066 tra-

272 5069 359 5128 hit,
386 5069 772 5138 quas-luminare
799 5088 1034 5138 magnum
1050 5077 1196 5124 radiis
1243 5087 1480 5138 exceptas
1506 5085 1696 5138 purgat,
1726 5077 1876 5127 luna}-

269 5145 384 5202 que
408 5136 567 5202 tradit,
618 5144 668 5202 et
698 5136 772 5202 sic
807 5137 933 5185 luutc
958 5139 1141 5186 discum
1179 5136 1412 5200 impleri:
1442 5136 1547 5188 huic
1570 5136 1751 5202 quippe
1777 5142 1875 5189 duo

268 5191 524 5265 luminaria
547 5198 740 5265 navigia
766 5206 814 5247 et
842 5206 1081 5265 pontones
1121 5191 1400 5265 esse'dicit.
1441 5204 1521 5249 Cui
1547 5191 1707 5265 simile
1733 5203 1874 5265 quid-

269 5257 598 5368 piamitéicitur
620 5257 686 5309 at}
705 5257 971 5321 Augustino
993 5263 1056 5310 de
1103 5263 1380 5311 Ineresibus
1400 5265 1461 5312 ad
1486 5257 1873 5322 Quodvultdeum

269 5331 373 5368 can.
462 5351 480 5368 .

268 5331 373 5381 Cap.
398 5331 480 5372 so.

1595 367 1683 424 DE
1725 361 2007 423 SPlRITU
2051 364 2346 431 SANCTO.

3548 373 3654 429 85:6

2038 486 2167 544 mihi
2199 497 2283 554 est
2321 488 2523 543 auxilio
2545 532 2558 549 ,
2590 490 2730 542 sicut
2758 499 2810 544 et
2838 504 2937 559 ego
2966 488 3106 550 dico,
3138 488 3276 542 Deus
3305 504 3516 545 meum
3546 497 3650 543 est.

2036 560 2151 630 Non
2182 560 2319 614 dixit
2367 560 2686 628 simpliciter
2720 578 2732 614 :
2762 561 2856 614 sed
2880 561 3006 630 quid
3029 562 3052 614 ?
3074 559 3233 614 Pater
3257 563 3310 612 in
3332 577 3410 613 me
3441 577 3651 620 manem-

2033 629 2218 700 (Joan.
2253 631 2336 684 14.
2372 632 2484 699 10).
2519 631 2573 684 Si
2604 646 2726 685 cum
2757 633 2874 700 ipso
2901 641 3057 698 erat,
3090 642 3146 686 et
3184 633 3235 686 in
3266 633 3380 699 ipso
3412 633 3606 684 mamit
3634 672 3648 695 ,

2033 701 2306 771 quomodo
2333 701 2421 756 ille
2453 701 2616 764 misit,
2666 703 2751 757 vel
2795 703 3067 771 quomodo
3095 702 3181 757 hic
3209 704 3406 757 missus
3433 702 3562 758 est?
3591 702 3648 756 Si

2033 775 2178 827 enim
2205 782 2500 836 venerunt,
2533 773 2642 828 duo
2667 785 2928 828 venerunt
2954 815 2968 836 ,
3000 785 3052 828 et
3094 774 3274 828 nullus
3303 775 3500 828 missus
3525 784 3609 826 est
3635 791 3649 827 :

2030 852 2118 900 aut
2148 857 2344 898 Cursus
2370 885 2384 904 ,
2429 843 2905 913 duomanserunt.
2940 845 2995 898 Si
3029 840 3225 899 mansit
3260 845 3418 897 Pater
3445 859 3607 913 supra
3633 885 3648 908 ,

2030 913 2304 984 quomodo
2352 914 2482 968 dicit
2527 912 2696 968 Filius
2730 931 2742 968 :
2778 916 2937 970 Pater
2975 930 3185 969 mecum
3215 916 3343 969 est?
3384 915 3439 969 Si
3485 912 3648 984 supra

2031 987 2231 1039 mansit
2259 987 2348 1056 qui
2383 987 2548 1050 misit,
2591 986 2864 1056 quomodo
2903 1000 3086 1040 secum
3131 985 3291 1040 habet
3323 987 3368 1039 is
3397 985 3486 1054 qui
3516 989 3649 1039 mis-

2032 1071 2126 1126 sus
2153 1066 2237 1111 est
2265 1073 2387 1111 eum
2416 1059 2507 1126 qui
2539 1056 2746 1110 mittit?
2777 1057 2890 1126 Ego
2922 1059 3089 1116 enim.
3119 1057 3276 1120 dixit,
3307 1057 3359 1110 in
3391 1056 3570 1121 Patre,
3603 1067 3650 1110 et

2034 1125 2192 1180 Pater
2220 1125 2518 1200 mecumest
2545 1128 2721 1200 (Joan.
2760 1125 2846 1183 10.
2872 1129 2988 1197 58).
3018 1128 3300 1200 Quomodo
3332 1128 3490 1200 igitur
3515 1130 3649 1183 tuis-

2027 1211 2119 1252 sus
2145 1207 2246 1259 est,
2280 1200 2368 1268 qui
2393 1199 2522 1252 dicit
2556 1199 2569 1251 ξ
2608 1199 2766 1251 Pater
2796 1201 2849 1251 in
2878 1217 2957 1252 me
2983 1212 3053 1253 est
3073 1200 3098 1252 ?
3123 1199 3188 1252 Et
3224 1199 3496 1270 quomodo
3542 1201 3646 1254 itc-

2031 1285 2149 1322 rttm
2202 1270 2390 1323 misit?
2444 1271 2606 1339 Igitur
2635 1284 2755 1323 cum
2805 1272 2973 1332 dicit,
3019 1271 3170 1323 Mitto
3192 1269 3344 1323 vehis
3385 1269 3645 1338 Spiritum

2030 1351 2273 1395 sanctum
2303 1383 2313 1394 .
2363 1342 2564 1393 donum
2589 1342 2720 1394 dicit
2763 1345 2932 1395 sancti
2964 1341 3214 1409 Spiritus.
3250 1341 3314 1394 Et
3349 1342 3648 1397 utdiscatis

2026 1411 2227 1464 donum
2262 1413 2421 1477 mitti,
2450 1412 2710 1478 Spiritum
2736 1425 2916 1467 autem
2951 1429 3055 1464 non
3086 1414 3244 1477 mitti,
3278 1411 3526 1467 Salvator
3553 1413 3642 1465 di-

2032 1483 2106 1533 cit
2136 1486 2395 1549 apostolis
2429 1500 2443 1535 :
2480 1482 2687 1536 Manete
2715 1484 2764 1535 in
2793 1483 3116 1548 Jerusalem,
3154 1485 3313 1536 donec
3358 1484 3649 1535 induamini

2028 1555 2210 1606 virtute
2239 1570 2302 1606 ca:
2327 1554 2453 1617 alto,
2481 1566 2528 1607 et
2557 1555 2813 1622 accipietis
2840 1557 3073 1607 virtutem
3101 1555 3497 1622 :uperveuientis
3522 1555 3647 1623 Spi-

2026 1625 2156 1678 ritus
2191 1625 2354 1696 sancti
2384 1629 2436 1678 in
2467 1641 2554 1678 vos
2585 1625 2750 1696 (Luc.
2783 1626 2873 1679 ‘24.
2904 1626 3026 1696 49).
3072 1627 3187 1679 Alia
3219 1635 3302 1680 est
3330 1632 3498 1696 virtus
3524 1642 3645 1694 qua:

2027 1695 2363 1758 conceditur,
2399 1706 2452 1751 et
2480 1695 2619 1751 alius
2653 1705 2736 1750 cst
2764 1695 2992 1765 Spiritus
3029 1698 3118 1766 qui
3152 1697 3420 1752 concedit.
3455 1695 3645 1750 Omnia

2026 1768 2160 1819 enim
2189 1779 2430 1833 operatur
2449 1784 2581 1821 unus
2606 1779 2652 1820 et
2683 1769 2814 1820 idem
2861 1768 3091 1838 Spiritus
3113 1811 3125 1831 ,
3161 1769 3388 1821 dividens
3427 1769 3645 1837 singulis

2027 1847 2178 1902 prout
2209 1839 2313 1891 vult
2339 1840 2417 1907 (1.
2443 1839 2562 1892 Cor.
2591 1839 2676 1892 12.
2708 1840 2818 1908 11).
2859 1840 3020 1909 igitur
3057 1847 3110 1892 tu
3147 1853 3249 1891 non
3281 1849 3434 1907 potes
3462 1850 3645 1894 osten-

2026 1909 2155 1963 dere
2187 1909 2321 1962 mitti
2356 1910 2616 1981 Spiritum
2658 1921 2902 1963 sanctum
2933 1925 2961 1961 a
2998 1925 3125 1978 pura
3158 1911 3377 1963 doitate.
3419 1909 3512 1964 Sin
3543 1926 3644 1963 au-

2028 1989 2134 2032 tem
2167 1979 2445 2034 ostendant
2478 1981 2569 2034 tibi
2595 1979 2852 2034 factorem
2886 1983 3002 2034 carli
3030 1992 3083 2035 et
3116 1990 3271 2034 terrze
3299 1981 3434 2034 mitti
3464 1997 3492 2034 a
3518 1983 3643 2049 Spi-

2023 2050 2128 2103 ritu
2155 2061 2365 2119 sancto,
2398 2052 2523 2121 quid
2556 2051 2758 2105 facies?
2791 2051 2879 2105 Vel
2914 2067 3045 2121 nega
3074 2052 3350 2106 Christum
3381 2092 3394 2116 ,
3436 2062 3491 2106 et
3517 2052 3641 2106 dele

2023 2122 2328 2189 Scripturas
2352 2164 2364 2185 ,
2409 2124 2492 2176 vel
2522 2137 2710 2176 servus
2739 2123 3139 2191 Scripturarum
3163 2123 3455 2193 Srriptnris
3483 2125 3642 2178 obse-

2024 2207 2210 2260 quere.
2250 2195 2310 2246 Et
2337 2193 2458 2258 ubi,
2507 2195 2714 2262 inquit,
2748 2193 2948 2247 dictum
2993 2204 3075 2248 est
3117 2193 3256 2247 hoc?
3287 2195 3425 2247 Audi
3473 2195 3638 2248 Deum

2022 2264 2289 2335 dicentem
2309 2280 2407 2335 per
2426 2269 2740 2335 prophetam
2765 2265 3033 2335 Ilesaiam,
3061 2281 3361 2334 prmconem
3389 2265 3635 2333 pietatis;

2021 2333 2157 2406 dtuli
2188 2351 2266 2387 me
2289 2333 2323 2385 ,ί
2348 2337 2454 2400 ait,
2491 2334 2656 2388 Iacob
2703 2346 2748 2387 et
2795 2334 2999 2397 Israel,
3039 2352 3184 2404 quem
3221 2353 3313 2406 ego
3343 2353 3464 2389 voco
3494 2352 3512 2389 :
3541 2353 3634 2406 rgo

2022 2403 2169 2476 Deus
2201 2406 2395 2475 primus
2419 2450 2433 2468 ,
2478 2416 2526 2459 et
2557 2423 2648 2475 ego
2673 2415 2783 2474 post
2806 2412 2913 2460 lucc
2934 2448 2948 2472 ,
2983 2419 3026 2459 et
3053 2403 3348 2476 prayer—me
3378 2406 3514 2460 Deus
3536 2403 3638 2462 non

2019 2486 2093 2528 est
2126 2475 2280 2547 (Isoi.
2312 2478 2400 2531 48.
2427 2477 2536 2547 1⁸2).
2574 2478 2804 2531 Attende
2831 2520 2844 2543 ,
2890 2475 3095 2546 qua:so.
3147 2478 3334 2531 l'iestat
3377 2482 3519 2533 enim
3550 2479 3637 2535 hic

2019 2546 2163 2616 quod
2199 2546 2652 2615 qu;eratur.rQuis
2699 2549 2859 2617 igitur
2888 2549 3017 2602 diett
3051 2549 3203 2602 lucc?
3238 2550 3394 2602 l’ater
3434 2566 3501 2602 an
3543 2549 3634 2602 Fi-

2020 2619 2168 2671 lius?
2202 2619 2329 2672 Vide
2356 2620 2628 2688 quomodo
2658 2618 2708 2671 in
2743 2622 2906 2688 ligura
2952 2621 3278 2674 monarchim
3315 2619 3631 2675 Trinitatem

2018 2698 2166 2744 recte
2197 2691 2469 2757 praedicet.
2499 2689 2612 2762 Ego
2634 2688 2775 2762 Deus
2808 2693 3029 2754 primus,
3080 2701 3124 2744 et
3155 2709 3244 2762 ego
3268 2701 3381 2762 post
3425 2694 3555 2756 Irata,
3585 2706 3635 2746 et

2021 2771 2206 2833 prwttr
2228 2778 2304 2833 me
2328 2772 2526 2833 nonest
2574 2761 2708 2815 Deus
2738 2760 2900 2833 (Ibid.
2929 2772 2993 2833 “et
3038 2763 3127 2816 44.
3162 2760 3238 2831 (ἶ).
3269 2760 3403 2828 Quis
3429 2774 3512 2816 est
3541 2764 3632 2832 qui

2019 2838 2134 2885 htec
2177 2830 2343 2905 dicit?
2372 2831 2549 2886 Μυηάὶ
2595 2830 2840 2886 conditor
2871 2874 2884 2886 .
2916 2831 3106 2886 Subdit
3143 2830 3316 2893 enim,
3363 2833 3491 2905 Ego
3520 2830 3633 2887 mea

2016 2919 2172 2974 manu
2205 2904 2412 2972 fundavi
2443 2913 2630 2956 terram
2661 2919 2678 2956 :
2706 2906 2826 2958 vide
2854 2905 3127 2974 quomodo
3148 2905 3325 2974 epiiex
3356 2904 3626 2972 loquitur:

2019 2973 2083 3026 Et
2123 2975 2350 3047 Spiritus
2396 2991 2535 3027 meus
2571 2975 2790 3041 ﬁrmavit
2834 2976 3038 3028 cwlum.
3076 2973 3441 3047 Egoomuibus
3471 2977 3629 3030 stellis

2017 3045 2276 3110 mandavi,
2311 3061 2402 3117 ego
2442 3047 2655 3098 excitavi
2682 3063 2796 3099 cum
2814 3047 3019 3117 jus-tilia
3048 3045 3233 3117 regem,
3258 3057 3304 3100 et
3335 3063 3506 3100 omnes
3534 3047 3630 3100 vita

2013 3132 2139 3169 mea:
2164 3128 2312 3169 recta:
2336 3115 2433 3186 (Is.
2460 3117 2550 3170 48.
2584 3117 2670 3173 15.
2701 3127 2747 3170 et
2774 3119 2863 3171 45.
2897 3116 2982 3170 12.
3018 3115 3127 3187 15).
3166 3119 3357 3171 Dicens
3385 3118 3624 3185 seipsum

2013 3189 2261 3255 epiticem
2305 3197 2358 3242 et
2396 3189 2652 3240 faetorem
2684 3189 2800 3242 caeli
2833 3203 2894 3242 ac
2928 3197 3114 3255 teme,
3161 3190 3275 3244 haec
3313 3189 3494 3254 adjicit
3526 3206 3624 3256 po-

2013 3270 2127 3312 stea
2159 3277 2170 3311 :
2205 3257 2328 3312 Non
2361 3259 2421 3310 ab
2449 3259 2594 3311 initio
2621 3259 2672 3311 iu
2702 3262 2898 3313 occulto
2924 3261 3160 3322 loquutus
3185 3277 3295 3313 sum
3321 3262 3456 3313 vobis
3483 3261 3622 3326 Iuro,

2012 3345 2172 3396 neque
2201 3331 2253 3382 in
2294 3330 2403 3382 loco
2433 3330 2689 3383 tenebroso
2722 3329 2836 3400 (Ib.
2868 3331 2958 3384 48.
2995 3329 3114 3400 16).
3154 3331 3293 3385 Dixit
3317 3371 3330 3395 ,
3381 3329 3623 3384 Fundani

2013 3410 2220 3466 terram,
2254 3411 2308 3455 cl.
2336 3402 2434 3454 ieci
2476 3402 2665 3455 εειεΙιιιη
2699 3419 2710 3452 :
2747 3403 2961 3467 quando
2989 3400 3125 3454 facta
3156 3413 3277 3456 sunt
3299 3444 3312 3466 ,
3357 3402 3466 3455 illic
3493 3406 3623 3455 ade.-

2011 3487 2122 3544 ram
2145 3489 2156 3526 :
2185 3471 2249 3524 Iit
2271 3488 2410 3544 nunc
2435 3471 2682 3524 Dominus
2706 3474 2839 3526 misit
2862 3490 2942 3526 me
2966 3483 3012 3526 et
3037 3473 3263 3540 Spiritus
3284 3471 3618 3544 ejus(lbid.).

2011 3541 2105 3612 ΤΘ,
2137 3544 2226 3609 qui
2261 3543 2429 3596 fecisti
2470 3544 2658 3596 cxlum
2697 3553 2750 3596 et
2804 3553 3031 3610 terram,
3076 3545 3165 3612 qui
3204 3541 3388 3598 dixisti
3421 3541 3617 3608 astris,

2011 3611 2261 3684 Dominus
2288 3615 2421 3667 misit
2448 3631 2526 3666 me
2562 3623 2607 3666 et
2653 3613 2881 3683 Spiritus
2921 3617 3029 3683 ejus
3054 3655 3068 3678 ,
3098 3611 3301 3684 genuit
3321 3617 3618 3670 seelmdum

2007 3683 2301 3746 deitatem,
2355 3685 2502 3738 misit
2543 3689 2839 3738 secundum
2885 3683 3135 3740 earnem’
3172 3686 3360 3755 Opifex
3406 3688 3522 3740 caeli
3566 3698 3620 3742 et

2009 3763 2165 3827 terra:
2192 3755 2356 3808 dicit:
2392 3755 2642 3808 Dominus
2679 3757 2814 3808 misit
2845 3773 2924 3808 me
2958 3768 3004 3809 et
3046 3758 3274 3823 Spiritus
3318 3760 3450 3827 ejus.
3493 3757 3618 3813 Mis-

2006 3825 2212 3898 sionem
2269 3827 2501 3895 Spiritus
2555 3827 2790 3881 haeretici
2840 3828 2891 3880 in
2949 3825 3348 3882 contumeliam
3374 3830 3612 3898 capiunt.

2004 3895 2145 3950 Misit
2174 3897 2329 3950 l’atcr
2354 3900 2441 3964 qui
2476 3913 2578 3951 non
2612 3899 2832 3965 migrat,
2878 3914 2976 3951 nec.
3010 3902 3264 3953 transfert
3290 3915 3412 3953 eum
3445 3895 3563 3956 ioco
3597 3917 3611 3963 ;

2004 3969 2151 4021 misit
2182 3968 2349 4023 Filius
2378 3970 2632 4038 Spiritum
2660 4010 2674 4033 ,
2724 3985 2828 4022 non
2877 3971 3127 4024 dividens
3167 3987 3262 4022 nec:
3293 3973 3518 4024 divisus.
3551 3973 3617 4025 Et

2004 4040 2203 4110 idcirco
2231 4041 2502 4109 Scriptura
2528 4041 2656 4093 dicit
2682 4058 2692 4091 :
2727 4040 2865 4093 Deus
2891 4042 3076 4095 etl’udit
3105 4040 3359 4110 Spiritum
3389 4057 3546 4096 suum
3569 4045 3610 4108 ⁸,

2004 4109 2104 4182 hoc
2133 4119 2247 4176 est,
2278 4111 2478 4182 donum
2522 4110 2753 4182 Spiritus
2785 4112 2954 4165 sancti
2986 4111 3144 4180 (.Iocl.
3176 4114 3230 4166 '2.
3260 4113 3373 4182 28).
3412 4113 3615 4167 ῡὶνὶιι.-

2000 4177 2082 4234 tas
2109 4195 2213 4235 non
2244 4181 2409 4236 cﬂ'usa
2440 4191 2522 4236 est
2543 4177 2680 4246 {Sed
2709 4181 2908 4234 donum
2939 4200 2950 4233 :
2988 4177 3269 4252 propterea
3300 4177 3355 4236 ut
3379 4183 3610 4237 demon-

1999 4263 2299 4314 straretur,
2349 4254 2450 4308 hoc
2477 4254 2617 4322 quod
2660 4253 2982 4315 cll‘unditnr,
3033 4272 3143 4307 non
3183 4269 3303 4308 esse
3349 4255 3608 4321 Spiritum

1998 4334 2240 4393 sauctmn
2261 4365 2272 4381 ,
2302 4327 2396 4378 sed
2428 4326 2658 4393 Spiritus
2686 4323 2778 4376 Dei
2807 4327 3032 4392 gratiam
3054 4325 3228 4391 ,dieit
3257 4325 3418 4379 David
3449 4327 3610 4380 Chri-

1997 4404 2123 4466 sto:
2166 4392 2372 4459 Di/fusa
2419 4392 2489 4448 est
2533 4397 2698 4464 gratia
2744 4397 2796 4447 in
2841 4396 2989 4449 labiis
3036 4397 3136 4449 tuis
3176 4395 3359 4465 (Paul.
3388 4399 3476 4451 44.
3511 4398 3606 4466 5).

1996 4464 2180 4539 Gratia
2216 4466 2525 4539 cllunditur,
2562 4483 2666 4539 non
2699 4468 2740 4518 is
2766 4467 2854 4534 qui
2885 4466 3048 4520 donat
3073 4470 3319 4539 gratiam.
3365 4467 3420 4521 Si
3448 4464 3608 4539 igittir

1993 4538 2217 4604 mqualis
2247 4535 2420 4592 honor
2451 4536 2789 4608 praulieatur,
2822 4538 2946 4608 etsi
2976 4535 3106 4591 illud
3130 4580 3143 4602 ,
3187 4538 3230 4590 Α
3256 4539 3423 4608 seipse
3450 4535 3489 4602 ,⁷
3504 4555 3604 4594 ex-

1996 4608 2246 4679 plicatum
2283 4619 2383 4672 est,
2419 4624 2628 4661 necnon
2661 4607 2783 4660 illud
2812 4650 2826 4672 ,
2869 4607 2945 4660 De
2971 4625 3080 4662 meo
3107 4607 3354 4678 accipiet,
3396 4612 3544 4679 quasi
3573 4626 3604 4666 a

1994 4679 2141 4731 fonte
2167 4678 2509 4746 interpretari
2553 4680 2671 4746 quis
2710 4688 2921 4747 potest;
2980 4697 3048 4734 ne
3077 4683 3308 4734 habeant
3361 4678 3602 4735 hmretici

1996 4749 2172 4803 locmn
2219 4752 2299 4802 vel
2331 4751 2722 4817 subterfugium
2771 4752 3080 4819 impietatis.
3120 4752 3388 4806 Venet-are
3431 4753 3604 4820 Spiri-

1993 4830 2102 4873 tum
2135 4833 2379 4874 sanetutn
2407 4862 2420 4885 ,
2455 4837 2611 4890 quem
2644 4823 2919 4888 accepisti.
2966 4821 3077 4875 Dixi
3121 4837 3265 4890 saepe
3295 4832 3345 4876 te
3372 4823 3604 4876 retribu-

1993 4891 2194 4946 tionem
2219 4893 2511 4964 accepisse.
2540 4894 2844 4962 Assumpsit
2873 4909 2900 4944 a
2933 4903 2984 4947 te
3010 4895 3256 4948 Christus
3288 4897 3598 4964 [igniculum

1989 4973 2136 5017 tuum
2159 5005 2173 5029 ,
2203 4964 2350 5017 dedit
2380 4963 2470 5017 tibi
2503 4965 2616 5033 ipse
2645 4965 2899 5033 Spiritum
2931 4980 3106 5018 suum.

2052 5140 2067 5170 ι
2106 5145 2224 5200 Reg.
2248 5146 2300 5188 et
2322 5137 2474 5190 Colb..
2493 5138 2662 5200 effudit
2687 5138 2864 5189 donum
2889 5152 3047 5189 suum.
3075 5140 3158 5190 ttic
3179 5150 3344 5191 autem
3370 5142 3522 5199 locus,
3543 5150 3596 5194 ut

1984 5200 2033 5247 in
2060 5208 2202 5249 textu
2232 5201 2391 5262 jacet,
2427 5214 2683 5310 nusquam,
2711 5205 2759 5251 ni
2786 5201 2941 5260 luiiUt‘,
2970 5204 3089 5265 ipsis
3125 5206 3291 5252 verbis
3317 5206 3525 5254 habetur
3548 5207 3600 5256 iu

1984 5269 2112 5310 LXX.
2149 5263 2242 5310 Sed
2276 5264 2326 5310 in
2368 5264 2491 5310 Joel.
2553 5301 2565 5310 .
2595 5263 2675 5310 ‘28-
2715 5266 2836 5310 etin
2863 5266 3056 5310 uehar.
3090 5267 3161 5310 12-
3197 5271 3270 5310 1.).
3305 5269 3479 5310 similia
3517 5269 3600 5310 ha-

1983 5269 2112 5372 {.xxl.
2149 5263 2242 5312 sed
2276 5264 2326 5315 in
2368 5264 2491 5313 Joel.
2518 5263 2565 5325 2,
2595 5263 2676 5325 ‘28,
2715 5266 2836 5314 etin
2863 5263 3056 5314 uehar.
3090 5267 3161 5328 12,
3197 5271 3270 5326 id,
3305 5269 3480 5318 similia
3517 5269 3601 5318 ha-

1999 5338 2082 5372 )eu
2108 5337 2181 5372 ur.
