4098 6426
317 336 424 393 837

321 468 423 523 que
455 464 648 519 negare
678 463 736 502 se
773 445 921 523 quid
941 446 1046 523 sit,
1076 443 1454 523 intelligemus.
1499 437 1635 523 Quid
1669 452 1798 507 ergo
1826 445 1910 523 est

319 507 507 592 iicgare
525 507 924 592 alternmeui
953 507 1115 592 alium
1146 507 1318 592 negat,
1351 509 1773 592 exempli'causa
1795 549 1811 571 ,
1839 507 1904 592 fi-_

314 582 440 648 linin
466 634 480 652 .
522 591 604 646 vel
654 582 906 650 fratrem,
946 587 1030 639 vel
1074 585 1304 637 amicum
1334 623 1348 644 ,
1388 582 1466 652 vel
1506 582 1775 652 vicinum,
1819 587 1912 652 aut

311 649 556 730 quemvis
582 661 743 714 alium
766 700 779 722 ,
811 649 926 712 sive
953 656 1132 730 ﬂagris
1159 669 1280 730 enni
1307 651 1440 706 czrdi
1471 651 1682 730 videat,
1712 652 1825 702 sive
1855 649 1907 730 in

313 722 525 789 vincula
551 730 763 799 conjici,
794 739 884 782 aut
907 722 1114 796 quidvis
1140 723 1281 799 aliud
1313 722 1550 799 perpeti,
1578 734 1686 773 non
1715 729 1910 799 praesto

310 815 393 860 est
414 847 427 862 .
459 820 564 857 non
593 789 695 856 fert
719 789 974 853 auxiliuin
997 837 1010 860 ,
1041 811 1145 848 non
1179 789 1436 861 frangitur
1466 792 1679 862 animo,
1705 789 1908 844 nullum

311 861 532 930 sensum
559 871 762 925 doloris
788 871 903 937 ejus
931 869 1132 937 sentit;
1162 864 1338 918 alieno
1379 875 1606 930 namque
1634 861 1702 914 ab
1733 876 1798 912 eo
1827 871 1909 937 est

309 950 512 998 animo.
561 943 650 998 Sic
679 931 942 1009 ergo'vult
983 952 1080 991 nos
1111 936 1249 990 Dens
1280 943 1439 1009 caput
1467 942 1705 985 nostrum
1735 931 1907 1009 negli-

309 1031 438 1083 gere
473 1034 488 1070 :
523 1024 580 1068 ut
609 1013 653 1067 si
684 1001 772 1080 qui
806 1025 903 1083 nos
943 1009 1106 1083 ipsius
1133 1003 1638 1083 catisa_verberent,
1671 1001 1908 1083 velsup-

315 1070 475 1152 plieio
504 1070 757 1140 afficiant.
788 1080 873 1135 vel
905 1070 1117 1152 pellant,
1150 1084 1241 1128 aut
1270 1073 1468 1152 aliquid
1500 1072 1639 1152 aliud
1676 1070 1906 1152 faciant,

314 1142 663 1225 iiegliganins.
700 1153 810 1204 lloe
842 1142 926 1225 est
965 1149 1104 1225 enim
1147 1142 1380 1225 negare}
1419 1143 1598 1225 idest
1621 1183 1635 1204 ,
1665 1142 1794 1225 nihil
1831 1145 1908 1225 rei

317 1213 500 1280 secum
531 1225 742 1286 habeat,
767 1222 858 1274 sed
889 1236 945 1274 se
972 1222 1084 1286 ipse
1117 1217 1361 1284 periculis
1388 1213 1707 1286 olijieiat.et
1733 1224 1910 1268 certa-

319 1279 444 1348 mini
465 1311 480 1350 :
500 1305 656 1364 atque
672 1279 741 1364 eo
755 1292 913 1345 modo
928 1279 1146 1364 affectus
1165 1287 1251 1349 sit,
1271 1301 1374 1364 quo
1390 1286 1433 1337 si
1456 1279 1585 1364 quis
1599 1285 1735 1364 alitis
1758 1293 1908 1352 pate-

316 1378 483 1428 retur,
514 1353 674 1419 esset.
705 1363 810 1415 Nec
839 1364 987 1425 dicit,
1015 1360 1178 1428 Neget
1207 1356 1460 1428 seipsuin,
1479 1353 1586 1410 sed
1605 1395 1619 1418 ,
1648 1353 1869 1424 Abneget
1888 1395 1905 1418 ,

316 1435 415 1490 hac
445 1426 603 1502 parva
635 1433 974 1500 adjunetione
1005 1426 1560 1502 inagnanrdeclarans
1581 1439 1908 1502 exsuperan-

317 1495 465 1559 tiam.
496 1505 565 1559 Et
591 1495 734 1558 tollat
763 1520 957 1556 crucem
985 1495 1150 1553 suain.
1178 1498 1336 1550 Vides
1364 1495 1632 1563 quomodo
1655 1509 1776 1548 eum
1808 1496 1908 1550 mi—

315 1577 483 1638 litem.
507 1577 594 1646 qni
622 1577 792 1642 ipsum
819 1572 1080 1646 sequitur,
1105 1585 1196 1624 rex
1223 1568 1473 1621 cazloruni
1500 1566 1760 1646 armavit?
1789 1565 1908 1621 Non

314 1636 714 1711 scutuin'ded'it,
740 1660 844 1698 non
871 1636 1096 1712 galeam,
1123 1653 1452 1712 nonareum,
1480 1652 1583 1712 non
1609 1636 1905 1712 thoracem,

315 1733 420 1769 non
452 1708 707 1780 ocream,
740 1731 842 1767 non
873 1708 1141 1782 quidpiam
1188 1709 1326 1782 aliud
1367 1708 1622 1782 eiusdem
1647 1708 1860 1775 generis
1887 1747 1904 1770 ,

313 1787 409 1840 sed
440 1787 582 1856 quod
615 1779 699 1839 his
727 1779 976 1840 omnibus
1003 1781 1319 1856 est‘tirmius
1343 1789 1398 1832 et
1427 1779 1732 1856 valentius_,
1764 1794 1904 1856 prae-

314 1848 510 1911 sidium
548 1856 698 1927 quod
731 1870 762 1910 a
793 1870 951 1927 cruce
995 1851 1347 1927 proficiscitur
1371 1891 1384 1911 ,
1430 1849 1638 1927 signum
1672 1848 1906 1927 victoria!

314 1943 430 1996 quae
461 1919 645 1982 conira
671 1925 931 1979 daemonia
952 1919 1113 1996 parta
1139 1929 1239 1996 est.
1263 1919 1396 1996 _Hoc
1424 1919 1628 1996 gladius
1653 1929 1736 1972 est
1761 1958 1776 1979 ,
1806 1920 1908 1974 hoc

315 1988 545 2060 scutum,
573 1997 677 2051 hoc
709 1997 916 2057 thorax,
950 1988 1051 2046 hoc
1070 1993 1237 2062 galea,
1263 1989 1363 2044 hoc
1389 2005 1581 2045 ocrea'.
1608 1988 1707 2062 hoc
1735 1998 1904 2062 tutum

317 2058 635 2136 firmumque
677 2065 976 2136 pi'aasidinm
1003 2106 1016 2126 ,
1041 2058 1151 2136 hoc
1182 2069 1404 2136 portus,
1439 2063 1538 2136 hoc
1568 2058 1861 2136 perfugium
1886 2102 1904 2126 ,

318 2139 418 2190 hoc
444 2129 643 2191 corona
661 2129 689 2197 ,⁷
708 2138 805 2189 hoc
830 2133 1139 2188 certaminis
1169 2129 1442 2198 pra-mium
1469 2171 1483 2192 ,
1513 2130 1613 2184 hoc
1643 2129 1902 2184 bonorum

313 2209 552 2263 omnium
598 2209 876 2261 thesaurus
897 2246 909 2262 .
943 2215 994 2256 et
1034 2219 1152 2272 qum
1190 2217 1329 2254 nunc
1359 2213 1520 2266 Sunt,
1551 2211 1604 2254 et
1637 2215 1756 2272 qua:
1783 2211 1908 2272 sunt

316 2293 564 2345 umquam
596 2279 783 2330 futura.
816 2275 883 2331 Ut
909 2271 1692 2345 enimaliquissumpiisarmis
1713 2271 1906 2345 quibus

315 2341 466 2401 facile
497 2364 554 2399 so
587 2350 718 2400 tui-ri
755 2348 938 2414 possit,
970 2360 1030 2399 ea
1063 2345 1223 2396 etiam
1249 2341 1339 2395 dat
1366 2342 1620 2414 militibus
1651 2343 1797 2408 snis,
1828 2342 1905 2396 sic

313 2422 472 2470 etiam
500 2413 764 2471 Cliri~tus
798 2417 1002 2473 Videte.
1039 2415 1237 2482 inquit,
1270 2413 1446 2464 omnia
1475 2427 1592 2479 quae
1622 2427 1752 2464 crux
1787 2428 1904 2467 mea

315 2488 536 2555 pu-rfecit
565 2508 577 2542 :
612 2489 765 2541 facile
795 2489 953 2539 etiam
980 2499 1075 2537 vos
1101 2500 1246 2537 arma
1276 2483 1568 2555 ejusmodi,
1584 2491 1638 2555 et
1660 2482 1905 2555 perficito

311 2551 570 2624 i-jusinodi
621 2575 737 2626 qua!
777 2558 953 2610 vultis.
1005 2559 1336 2626 Quamquam
1383 2553 1572 2626 alicubi
1619 2551 1700 2604 bis
1739 2555 1899 2626 etiam

314 2622 512 2697 majora
560 2622 823 2697 pollicitus
853 2639 936 2682 est
957 2667 974 2691 ,
1009 2625 1090 2678 his
1122 2624 1338 2697 verbis:
1380 2622 1479 2688 Qui
1520 2624 1571 2674 in
1603 2639 1680 2697 ine
1707 2625 1898 2697 credit,

310 2699 353 2750 is
379 2695 527 2750 etiam
553 2695 707 2768 opera
735 2714 847 2768 quin
867 2714 955 2768 ego
977 2697 1110 2768 facio
1138 2696 1393 2768 perﬁciet,
1424 2705 1572 2768 atque
1602 2695 1679 2746 his
1707 2696 1904 2768 majora

312 2771 459 2891 ςιεὶει
480 2764 657 2839 (Iona.
688 2764 772 2823 14⁷.
799 2764 909 2837 12)ἷ
932 2764 1067 2836 Quid
1087 2778 1260 2819 autem
1285 2765 1396 2817 vult
1415 2765 1513 2818 sibi
1539 2764 1640 2818 hoc
1656 2766 1898 2832 verbum,

344 2838 479 2891 'otlat
518 2857 715 2891 crucem
753 2858 895 2891 suam
921 2882 934 2891 .
966 2848 1013 2891 et
1051 2854 1128 2889 me
1169 2835 1444 2891 sequatur?
1483 2837 1563 2888 An
1606 2845 1661 2888 ut
1703 2835 1898 2891 lignum

344 2835 715 2893 'ollat'crucem
753 2835 895 2891 suam
921 2882 934 2903 ,
963 2835 1013 2892 et
1051 2854 1128 2889 me
1169 2835 1444 2905 sequatur?
1483 2837 1563 2888 An
1606 2845 1661 2888 ut
1703 2835 1901 2906 lignum

313 2912 672 2979 unusquisque
705 2921 942 2964 nostrum
980 2908 1150 2979 terat?
1190 2907 1531 2979 Nequaquam
1563 2921 1575 2956 :
1609 2921 1730 2979 qua:
1759 2909 1900 2961 enim

313 2980 427 3033 haec
467 2976 630 3034 virtus
659 2983 781 3036 est?
833 2981 937 3034 Sed
971 2987 1027 3031 ut
1054 2978 1118 3030 ad
1151 2978 1383 3045 pericula
1415 2976 1661 3030 instructi
1689 2978 1859 3030 simus
1884 3019 1898 3043 ,

309 3062 362 3102 i-t
407 3053 716 3121 sanguinem
764 3052 814 3104 in
859 3050 1051 3121 animis
1095 3049 1288 3121 nostris
1325 3046 1802 3121 circutiiferentes,
1835 3051 1900 3101 ad

309 3118 586 3174 ca-dem'et
610 3135 832 3175 mortem
856 3119 1089 3186 quotidie
1113 3119 1299 3187 parati,
1327 3118 1394 3170 ita
1417 3119 1593 3170 omnia
1617 3119 1868 3171 facianms
1885 3161 1897 3181 ,

311 3200 366 3242 nt
393 3194 434 3243 si
464 3193 525 3245 ad
559 3209 831 3259 ve~perain
862 3208 958 3245 nos
986 3191 1214 3243 victuros
1241 3204 1362 3240 esse
1391 3205 1493 3241 non
1521 3205 1859 3256 sperni-emus
1880 3232 1893 3252 ,

308 3263 456 3330 quasi
488 3263 641 3331 plane
671 3264 932 3316 morituri.
966 3261 1020 3315 Id
1050 3261 1190 3329 quod
1217 3262 1376 3312 etiam
1406 3263 1677 3331 apostolus
1703 3261 1894 3312 i’aulns

309 3330 536 3385 dicebat.
582 3334 818 3398 Quotidie
846 3349 1033 3386 morior
1064 3333 1139 3398 (1.
1171 3332 1286 3383 Cor.
1329 3331 1409 3383 15.
1439 3330 1549 3396 51).
1583 3335 1771 3382 Annon
1807 3332 1897 3384 tibi

309 3416 338 3452 a
370 3415 552 3456 natura
585 3420 729 3457 mors
760 3419 860 3457 una
889 3404 1171 3457 eonstituta
1197 3400 1316 3455 est?
1347 3402 1406 3452 Et
1437 3411 1611 3453 tamen
1637 3403 1757 3453 licet
1782 3401 1896 3468 tibi,

309 3474 350 3525 si
381 3471 542 3537 libet,
573 3476 767 3529 millies
796 3489 890 3542 pro
918 3473 1139 3526 Domino
1161 3484 1384 3524 mortem
1410 3481 1682 3538 oppetere.

378 3544 431 3595 2.
474 3543 569 3598 Hic
600 3548 741 3598 enim
772 3541 953 3613 gratia:
995 3559 1110 3595 inos
1140 3551 1258 3606 est,
1294 3552 1583 3610 egestatem
1614 3557 1732 3610 qme
1759 3541 1899 3609 apud

309 3616 510 3668 amicos
553 3625 672 3680 est,
719 3616 925 3669 Domini
969 3614 1292 3681 benignitate
1329 3614 1390 3664 ad
1431 3627 1647 3680 magnas
1688 3613 1899 3667 divitias

312 3684 622 3750 perducere,
646 3688 731 3754 qui
763 3703 866 3738 non
895 3701 1071 3739 rerum
1101 3683 1256 3735 modo
1283 3695 1497 3744 evenm,
1524 3698 1708 3736 verum
1737 3685 1897 3738 etiam

308 3756 625 3809 certantium
671 3757 944 3826 proposito
980 3766 1038 3826 et
1077 3755 1349 3826 voluntate
1389 3768 1613 3826 coronas
1659 3755 1896 3808 metitur.

310 3826 443 3889 Quid
472 3836 647 3880 autem
674 3825 805 3879 illud
839 3837 940 3889 est,
975 3825 1179 3877 Tollut?
1205 3825 1274 3875 Ita
1299 3835 1435 3888 esto,
1466 3825 1655 3892 inquit,
1685 3836 1900 3892 paratus

308 3897 373 3947 ad
402 3897 604 3950 ριυάριιι
634 3906 686 3950 et
711 3913 924 3951 crucem
947 3936 961 3960 ,
991 3909 1046 3949 ut
1084 3897 1125 3948 is
1152 3897 1237 3962 qui
1270 3909 1387 3947 eam
1419 3896 1654 3947 humeris
1682 3906 1857 3963 portat
1883 3913 1896 3950 :

309 3965 378 4019 ita
411 3968 613 4021 vicinus
645 3971 799 4020 morti
842 3969 1193 4021 existimetur.
1229 3967 1426 4020 Omnes
1453 3965 1610 4018 talem
1642 3965 1894 4034 obstupe-

308 4047 463 4089 scunt
487 4054 501 4089 :
526 4052 700 4106 neque
721 4038 862 4091 enim
890 4038 1024 4091 adeo
1051 4039 1194 4090 mille
1220 4038 1381 4089 armis
1405 4039 1689 4088 instructos
1715 4037 1900 4089 Imma-

311 4122 392 4160 nis
419 4150 431 4168 ,
464 4117 517 4160 et
565 4109 661 4162 hac
704 4108 1016 4163 fortitudine
1059 4108 1288 4159 munitos
1335 4107 1757 4173 pertimescimus
1784 4147 1797 4171 ,
1843 4116 1900 4160 ut

310 4176 449 4230 hunc
481 4179 722 4232 libertate
766 4179 1065 4247 hnjnsniodi
1098 4179 1393 4245 pranlitmn.
1439 4178 1578 4231 Nihil
1611 4194 1748 4230 enim
1781 4190 1897 4231 tan-

310 4257 493 4314 topere
534 4260 760 4303 mortem
791 4251 968 4319 fugat,
1005 4263 1059 4302 ut
1094 4252 1277 4300 mortis
1309 4249 1652 4316 contemptio.
1700 4250 1804 4302 Sed
1835 4265 1899 4302 ne

307 4321 429 4388 quis
450 4319 781 4374 existimaret
810 4321 908 4373 hoc
935 4337 1094 4373 unum
1129 4322 1256 4372 satis
1286 4335 1420 4378 esse,
1451 4330 1660 4386 paratos
1685 4336 1804 4373 esse
1832 4320 1896 4372 ad

310 4401 534 4443 mortem
566 4401 712 4460 (sunt
739 4393 880 4445 enim
912 4402 962 4444 et
992 4394 1243 4454 latrones,
1274 4401 1326 4443 et
1353 4391 1570 4442 venefici
1599 4390 1858 4457 ejusmodi
1882 4430 1895 4450 ,

308 4471 364 4514 (ει
394 4461 670 4527 parricida:
697 4464 934 4529 omnes),
968 4463 1034 4515 ob
1061 4478 1176 4515 eain
1208 4476 1422 4513 causam
1454 4460 1654 4513 addidit
1685 4478 1696 4512 :
1729 4460 1795 4513 Et
1824 4479 1900 4513 ine

310 4543 562 4597 sci/untur.
599 4532 709 4586 .Non
741 4535 926 4585 l'oitem
947 4575 958 4594 ,
996 4536 1193 4600 inquit,
1224 4532 1386 4585 modo
1415 4546 1616 4602 quzero,
1651 4547 1747 4585 nec
1777 4549 1896 4584 eum

309 4619 395 4668 uin
425 4605 886 4670 appriminqnante
921 4615 1090 4656 morte
1135 4617 1238 4655 non
1282 4601 1579 4664 horrescit,
1614 4605 1705 4658 sed
1738 4604 1895 4654 etiam

309 4672 508 4725 bonum
535 4713 550 4734 ,
590 4675 987 4737 continentem,
1025 4675 1355 4726 moderatum
1381 4714 1394 4734 ,
1429 4672 1676 4738 Omnique
1708 4683 1900 4726 Virtute

308 4743 614 4810 pra-diuini.
651 4744 833 4798 Vidisti
862 4746 1034 4798 crucis
1061 4744 1438 4806 ministerium,
1474 4759 1570 4795 nec
1600 4759 1646 4793 in
1675 4742 1897 4795 Domino

307 4817 478 4866 solum
507 4855 520 4877 ,
553 4829 735 4866 verum
778 4816 938 4868 etiam
985 4816 1036 4867 in
1079 4816 1248 4869 servis
1294 4824 1495 4866 tantum
1538 4813 1748 4866 valere?
1791 4813 1900 4867 lloc

309 4884 524 4936 l’i-trum
561 4886 848 4951 principem
883 4885 1006 4938 fecit
1030 4927 1044 4949 ,
1077 4886 1175 4938 hoc
1211 4885 1425 4938 Paulum
1458 4885 1612 4935 talem
1647 4883 1894 4936 reddidit.

311 4956 490 5016 Itaque
535 4956 744 5008 dicebat
775 4973 786 5008 ε
818 4957 942 5022 Quis
983 4974 1074 5008 nos
1101 4957 1347 5022 separabit
1379 4973 1407 5005 ιι
1435 4955 1641 5006 caritate
1674 4954 1902 5008 Clu-isti?

309 5029 564 5078 tribulatio
596 5030 620 5077 .9
667 5044 732 5077 an
775 5029 1052 5094 angustia?
1095 5044 1161 5078 an
1211 5026 1534 5094 periculum?
1586 5042 1650 5076 an
1699 5027 1900 5094 gladius

308 5098 484 5159 (Itoni.
512 5107 564 5149 δ.
594 5099 721 5165 5ἔ›)ῗ)
746 5098 854 5150 Iloc
880 5101 1038 5151 etiam
1066 5114 1158 5149 ι’ος
1187 5097 1275 5165 qni
1301 5098 1560 5163 jejunant,
1581 5109 1634 5149 et
1661 5111 1718 5149 Se
1742 5098 1900 5150 absti-

310 5179 434 5219 nent
466 5185 567 5219 non
600 5170 666 5220 ab
696 5172 982 5221 esculentis
1007 5170 1184 5229 modo,
1213 5185 1395 5221 verum
1422 5168 1579 5219 etiam
1608 5167 1673 5218 ab
1700 5167 1902 5220 allecti-

309 5237 426 5301 inis,
454 5238 615 5290 fortes
642 5239 833 5292 effecit.
863 5243 1143 5291 Ai'iin'mns
1173 5256 1288 5302 nos,
1319 5238 1600 5297 cat'issiiiii,
1626 5238 1672 5288 vi
1702 5239 1898 5302 crucis,

308 5319 466 5374 atque
495 5311 795 5360 muniamus
823 5328 832 5360 :
859 5312 1156 5376 armatique
1180 5309 1242 5361 ad
1274 5311 1321 5360 id
1346 5308 1484 5377 quod
1517 5309 1772 5376 i'cliqnnin
1799 5319 1898 5372 est,

308 5385 371 5428 ad
416 5381 676 5445 jejunium
710 5384 982 5433 veniamus
1019 5382 1307 5445 paratiores
1333 5421 1348 5442 ,
1389 5393 1902 5448 conlenmainnsqnc

309 5451 485 5500 omnia
519 5453 843 5516 voluptatum
879 5466 1069 5513 genera
1095 5491 1108 5513 ,
1143 5467 1258 5516 quae
1293 5450 1405 5502 lucc
1438 5451 1542 5502 vita
1576 5452 1898 5516 suppeditat.

313 5517 521 5571 Etenim
570 5521 804 5584 divitiae,
851 5524 898 5588 gl
928 5524 1014 5572 iria
1042 5562 1054 5582 ,
1091 5522 1356 5586 potuinia,
1400 5537 1583 5582 amor,
1619 5525 1902 5590 omniaque

311 5591 552 5655 eiusdem
584 5606 793 5658 grncris
829 5604 1102 5657 propterea
1131 5593 1362 5658 jucunda
1389 5601 1542 5654 sunt,
1572 5594 1710 5658 quod
1743 5594 1899 5645 nimia

315 5673 434 5710 viti-
482 5665 765 5726 cupiditate
812 5666 1054 5713 tillt'lllllll'
1079 5705 1089 5722 ,
1127 5675 1178 5713 et
1218 5665 1334 5712 huic
1366 5663 1486 5713 γίιέιι
1521 5663 1661 5713 aitixi
1694 5679 1897 5716 stimns.

319 5731 424 5786 liae
455 5745 627 5782 autem
662 5744 888 5795 t'oiilcnq
917 5745 961 5783 ta
987 5774 999 5793 ,
1036 5739 1227 5783 inzliaiii
1272 5734 1476 5784 illoi‘nni
1513 5745 1767 5784 tationem
1802 5741 1898 5786 du-

320 5817 507 5860 t'iians.
542 5803 679 5858 Bona
713 5822 851 5858 cnim
882 5806 992 5856 lucc
1025 5806 1126 5857 vita
1159 5815 1258 5872 est,
1287 5806 1419 5860 bona
1448 5816 1497 5856 ct
1524 5804 1756 5872 jucunda
1782 5823 1796 5860 ς
1819 5817 1900 5864 est

1353 328 1440 384 ns
1481 321 1922 381 ADOfUTIONE
1963 323 2320 379 ramosa:
2360 295 2625 380 caudis.

3521 321 3626 378 838

2017 436 2162 490 enim
2215 437 2305 492 Dei
2355 437 2592 498 donum;
2638 436 2732 491 sed
2781 451 2902 490 cum
2955 435 3127 491 futura
3175 435 3461 504 apparuit,
3510 448 3622 493 tum

2015 523 2224 577 aequum
2253 519 2335 562 est
2362 523 2479 561 eam
2508 519 2874 562 contemnere.

2089 579 2230 631 Crux
2255 579 2306 631 in
2331 579 2542 641 (edibus,
2566 579 2618 632 in
2642 579 2821 642 muris,
2849 580 2901 630 in
2929 578 3216 642 frontibus;
3240 593 3368 630 crus:
3391 579 3443 630 in
3465 579 3618 632 sacri-

2015 649 2147 716 ﬁciis
2171 649 2420 704 adhibita.
2451 678 2523 689 -—
2551 648 2628 703 Ne
2659 650 2818 716 igitur
2847 649 3050 717 pudore
3081 648 3377 702 aflieiainnr
3401 647 3470 702 de
3501 665 3614 703 nia-

2015 720 2222 788 gniticis
2247 720 2436 775 salutis
2467 730 2665 773 nostra:
2692 719 2860 789 signis
2883 760 2898 781 ,
2929 734 3028 773 nec
3057 734 3306 787 magnum
3335 729 3496 788 caput
3525 720 3615 774 bo-

2015 804 2206 843 norum
2232 831 2249 854 ,
2293 805 2400 856 quo
2429 800 2483 844 et
2511 791 2740 844 vivimus
2776 799 2830 844 et
2858 805 3043 844 sumus
3065 830 3080 850 ,
3114 789 3449 857 depellamus
3473 832 3490 856 ,
3523 807 3617 845 nos

2013 860 2242 926 deliciis,
2266 862 2499 929 crapula:
2521 861 2880 929 ingluvieique
2899 860 3158 914 dedentes
3183 877 3195 912 :
3221 862 3313 916 sed
3351 876 3446 921 pro
3464 877 3618 916 coro—

2014 945 2080 982 na
2102 930 2302 986 Christi
2328 947 2541 986 crucem
2571 930 2828 995 feramus,
2855 931 2906 985 id
2929 942 3031 995 est,
3057 941 3284 985 mortem
3307 931 3615 986 affectuum.

2015 999 2228 1056 Etenim
2251 1017 2314 1056 ea
2340 1018 2459 1072 qua:
2480 1002 2546 1057 ad
2569 1018 2667 1057 nos
2693 1003 2983 1070 pertinent,
3009 1017 3105 1070 per
3128 1016 3246 1055 eam
3271 1002 3618 1070 perficiuntur

2013 1073 2190 1127 omnia
2223 1089 2237 1125 :
2267 1074 2380 1127 sive
2407 1073 2797 1129 renascendum
2825 1083 2928 1139 est,
2960 1088 3091 1127 crux
3121 1083 3315 1140 praesto
3344 1083 3457 1128 est:
3506 1077 3620 1126 sive

2014 1144 2272 1213 mysticus
2315 1143 2402 1198 ille
2443 1145 2593 1200 cibus
2623 1144 2917 1198 sumendus
2943 1186 2957 1203 .
2989 1146 3104 1198 sive
3142 1143 3307 1213 aliqui
3335 1143 3617 1198 ordinandi

2014 1223 2160 1280 sunt,
2184 1215 2297 1268 sive
2324 1214 2534 1284 quidvis
2561 1215 2706 1270 aliud
2734 1214 3033 1268 faciendum
3062 1223 3163 1276 est,
3189 1215 3383 1282 ubique
3407 1216 3615 1283 signum

2015 1284 2169 1338 nobis
2196 1288 2371 1340 crucis
2396 1286 2569 1340 adest.
2602 1286 2683 1342 0b
2707 1301 2936 1354 eamque
2965 1299 3179 1340 causam
3209 1294 3264 1338 et
3289 1284 3341 1338 in
3370 1285 3576 1340 sedibus
3599 1327 3614 1350 ,

2012 1363 2068 1407 et
2099 1355 2150 1410 in
2177 1357 2342 1411 muris
2361 1399 2375 1423 ,
2405 1365 2459 1410 et
2485 1357 2536 1411 in
2564 1356 2834 1420 fenestris,
2862 1365 2917 1410 et
2943 1357 2994 1410 in
3023 1354 3315 1421 frontibus,
3346 1365 3402 1410 et
3427 1358 3476 1409 in
3503 1357 3616 1410 ani-

2014 1439 2104 1478 mo
2133 1436 2295 1495 atque
2325 1437 2503 1483 mente
2541 1443 2661 1482 eam
2693 1427 2931 1482 studiose
2959 1427 3296 1496 depingimus
3325 1427 3366 1479 ί.
3417 1426 3614 1482 Salutis

2013 1495 2156 1567 enim
2204 1508 2402 1553 nostra!
2427 1539 2442 1560 ,
2483 1499 2892 1567 communisque
2934 1495 3191 1551 libertatis
3217 1506 3317 1567 ,et
3363 1497 3617 1552 bonitatis

2015 1565 2221 1640 Domini
2255 1571 2421 1624 nostri
2454 1568 2556 1624 hoc
2583 1565 2924 1640 signum—est.
2981 1569 3114 1623 Hinc
3151 1566 3382 1636 sigillum
3425 1569 3614 1638 appel-

2013 1635 2118 1710 lata
2145 1649 2244 1704 est,
2277 1640 2418 1709 quod
2445 1635 2686 1710 deposiia
2712 1640 2891 1695 divina
2919 1642 3094 1694 omnia
3125 1635 3243 1709 qua:
3274 1635 3576 1710 accepimus
3597 1681 3612 1702 ,

2015 1705 2115 1761 hac
2145 1705 2310 1778 quasi
2336 1711 2489 1775 sipno
2516 1705 2745 1780 quodam
2775 1711 2924 1780 regio
2948 1722 3110 1779 atque
3135 1705 3332 1764 annulo
3359 1705 3609 1780 obsigna-

2012 1793 2170 1842 nins;
2220 1797 2318 1835 nee
2362 1781 2649 1852 quidquam
2699 1783 2824 1836 mali
2869 1783 2978 1851 jam
3027 1781 3190 1836 audet
3233 1781 3511 1836 accedere.
3558 1781 3615 1836 Si

2011 1863 2168 1922 quem
2212 1854 2408 1922 pepulo
2447 1853 2830 1922 praeficiainus,
2862 1869 3092 1922 eumque
3120 1852 3185 1906 ad
3217 1853 3501 1907 sacerdotii
3533 1852 3612 1907 di-

2009 1919 2264 1994 gnitatem
2284 1919 2666 1990 'proveliamns.
2690 1919 3034 1994 posteaquam
3062 1923 3464 1978 innumerabilia
3489 1939 3613 1994 pre-

2011 1991 2113 2043 cati
2159 2007 2382 2060 sumns,
2428 2011 2490 2048 ac
2538 1991 2767 2062 Spiriius
2809 1995 2978 2048 sancti
3028 2008 3221 2048 munus
3267 1991 3608 2049 accessurum

2009 2064 2353 2134 evocavimus
2377 2108 2392 2131 ,
2427 2065 2524 2120 hac
2561 2067 2938 2134 obsignamus,
2967 2068 3116 2134 quasi
3157 2077 3309 2122 certo
3351 2065 3612 2132 firmoqne

2011 2132 2081 2206 in_
2113 2133 2286 2188 loculo
2315 2108 2516 2191 domum
2555 2103 2709 2206 quod
2739 2103 2998 2190 donattiiii
3022 2146 3104 2190 Erl
3134 2103 3489 2193 iricltidaiiius.
3522 2103 3610 2192 'Sic

2010 2203 2171 2278 etiam
2203 2206 2252 2259 in
2280 2203 2898 2278 sacrificiis—adhibetur.
2930 2207 3126 2260 Christi
3157 2209 3300 2262 enim
3328 2223 3460 2263 crux
3492 2209 3606 2278 gla-

2009 2271 2130 2348 dius
2147 2287 2231 2348 est
2255 2289 2309 2332 et
2335 2279 2558 2344 lignum,
2588 2293 2695 2348 quo
2725 2277 3036 2332 interfectus
3061 2294 3088 2331 a
3124 2278 3219 2334 Dei
3253 2271 3612 2333 interfectori-

2009 2341 2114 2420 bus
2138 2344 2335 2420 Judzeis
2364 2341 2826 2404 Christus-diaboli
2865 2363 3030 2416 Opera
3061 2349 3296 2416 delevit,
3327 2350 3610 2420 ipsumque

2009 2412 2279 2471 diabolum
2309 2420 2504 2490 deiecit
2529 2462 2543 2482 ,
2575 2423 2790 2474 nostris
2817 2420 2868 2472 in
2899 2412 2964 2472 eo
3003 2420 3122 2474 lixis
3149 2412 3482 2475 criminibus.
3524 2412 3610 2478 ΌΙι

2009 2498 2236 2563 eamque
2261 2505 2476 2563 causam
2505 2491 2558 2544 in
2589 2491 2864 2545 sacrificiis
2894 2503 3202 2563 usurpatur,
3226 2491 3377 2563 quasi
3401 2491 3608 2563 gladius

2008 2558 2221 2625 quidam
2251 2571 2302 2614 et
2332 2562 2552 2629 flagrum
2582 2563 2782 2630 regium
2805 2561 2946 2632 quod
2976 2558 3190 2617 omnem
3211 2558 3610 2619 diaboli'inctir-

2007 2642 2125 2702 sum
2152 2671 2164 2692 ,
2209 2642 2515 2702 satanchue
2555 2635 2810 2700 impetum
2857 2633 3100 2701 profligat
3143 2643 3198 2688 et
3235 2633 3422 2688 fundit.
3476 2635 3609 2692 Hinc

2008 2697 2170 2775 divini
2195 2697 2444 2770 sai-rique
2461 2697 2725 2758 antistites
2742 2697 2902 2775 quasi
2915 2697 3201 2772 stipatores
3219 2704 3436 2774 quidam
3459 2710 3609 2775 regio

2007 2767 2174 2842 flagro
2205 2767 2480 2842 prOposito
2502 2816 2518 2842 ,
2545 2791 2612 2829 eo
2648 2767 2862 2830 omnem
2893 2767 3123 2828 hostium
3156 2767 3448 2830 exercitum
3484 2767 3604 2832 favn-

2007 2838 2140 2921 duiit
2178 2838 2240 2897 ac
2280 2838 2460 2921 fugant
2483 2838 2651 2921 {cum
2687 2846 2869 2901 divina
2898 2846 3148 2915 regiaque
3167 2862 3396 2921 munera
3427 2846 3608 2921 iisqni

2009 2913 2285 2989 initiantur
2316 2917 2554 2972 tribuunt
2580 2960 2594 2983 ,
2627 2919 2678 2971 in
2709 2933 2816 2986 quo
2846 2933 2948 2971 una
2978 2913 3098 2971 cuni
3130 2919 3210 2972 eis
3240 2933 3418 2989 regem
3445 2913 3608 2975 Chri-

2005 2991 2145 3058 stu_m
2173 2988 2357 3058 colunt
2384 2998 2543 3058 atque
2567 2998 2908 3043 venerantur.

2079 3056 2131 3109 5.
2172 3055 2303 3111 Cum
2329 3055 2472 3128 ergo
2496 3061 2743 3129 signaris,
2775 3059 2868 3112 tibi
2891 3059 2944 3112 in
2969 3069 3202 3114 mentem
3230 3061 3408 3114 veniat
3436 3067 3606 3116 totum

2004 3131 2178 3185 crucis
2201 3139 2592 3200 argumentum,
2622 3146 2685 3184 ac
2709 3141 2818 3184 tum
2850 3131 2981 3184 iram
3008 3146 3305 3200 omnesque
3338 3147 3367 3185 a
3401 3133 3606 3189 ratione

2004 3217 2223 3256 aversos
2248 3201 2409 3255 animi
2436 3202 2664 3269 impetus
2702 3202 3042 3257 exstinxeris.
3074 3201 3208 3256 Cum
3252 3201 3604 3272 coiisignabe-

2005 3278 2098 3340 ris,
2141 3273 2369 3328 frontem
2415 3275 2575 3344 multa
2623 3273 2772 3344 reple
2820 3272 3042 3344 fiducia;
3085 3283 3293 3344 pectus,
3326 3273 3513 3328 oeulos
3553 3285 3606 3330 et

2003 3347 2182 3402 omnia
2211 3345 2447 3398 membra
2480 3343 2614 3398 oifer
2639 3343 2868 3397 hostiam
2900 3343 3009 3397 Deo
3043 3343 3357 3409 placentem.
3393 3344 3504 3399 [loc
3525 3358 3607 3402 est

2002 3421 2146 3474 enim
2211 3415 2530 3487 rationabile
2583 3414 2897 3487 obsequium
2954 3416 2982 3487 Α(
3010 3413 3159 3467 Rom.
3210 3415 3298 3469 12.
3354 3414 3443 3487 1).
3495 3415 3608 3472 lloc

2003 3494 2164 3544 etiam
2207 3489 2416 3557 signum
2440 3485 2586 3540 fores
2622 3486 2830 3539 clausas
2860 3485 3122 3553 majorum
3153 3485 3457 3540 nostrorum
3487 3506 3606 3542 :rvo

2003 3561 2232 3626 aperuit,
2259 3562 2359 3613 hoc
2387 3558 2540 3611 noxia
2567 3557 2946 3626 niortiforaque
2973 3572 3174 3611 venena
3202 3557 3477 3618 exstinxit.
3503 3559 3608 3616 hoc

2003 3635 2191 3688 cicuta:
2241 3632 2345 3684 vim
2389 3629 2538 3692 clnit,
2576 3627 2675 3681 hoc
2719 3627 2947 3696 denique
2985 3627 3279 3681 belluaruni
3313 3643 3604 3684 venenata-

2005 3720 2120 3758 runi
2169 3718 2380 3756 morsus
2426 3700 2654 3752 curavit.
2694 3699 2748 3750 Si
2779 3701 2923 3752 enim
2965 3698 3254 3752 inferorum
3301 3710 3482 3766 portas
3521 3719 3608 3756 re.

2005 3777 2221 3834 seravit,
2255 3784 2308 3827 et
2334 3769 2827 3842 (ε.ι·1()ι·ιιιιιῗζιιιδίι1θς
2858 3771 3087 3842 aperuit.
3142 3771 3478 3842 paradisique
3505 3774 3605 3827 ad-

2004 3846 2136 3902 itum
2181 3843 2478 3905 renovavit,
2505 3850 2560 3895 et
2585 3841 2781 3894 diaboli
2813 3856 3008 3894 nervos
3031 3840 3182 3908 fregit
3213 3857 3226 3893 :
3259 3840 3604 3910 quid’miruni

2005 3917 2176 3970 videri
2205 3916 2386 3980 debet,
2419 3913 2463 3966 si
2497 3915 2651 3965 noxia
2682 3926 2883 3964 venena
2913 3912 3078 3964 vincit
3116 3920 3171 3966 et
3210 3914 3462 3980 superat?
3492 3915 3605 3970 lloc

2004 4004 2133 4056 ergo
2181 3989 2232 4041 in
2280 3994 2458 4039 mente
2507 3995 2595 4056 tua
2635 3981 2909 4056 iiisculpe,
2953 3983 3361 4056 animorumque
3396 3997 3605 4040 nostro-

2004 4053 2122 4113 ruin
2155 4059 2380 4112 salutem
2410 4055 2753 4120 amplectere.
2789 4053 2912 4106 lla-c
2939 4055 3081 4106 enim
3121 4069 3250 4106 crux
3278 4055 3463 4110 orbem
3497 4068 3608 4112 ter-

2004 4146 2079 4183 rm
2098 4128 2456 4190 conservavit,
2489 4140 2728 4196 errorem
2757 4125 2979 4196 expulit,
3005 4126 3282 4178 veritatem
3311 4129 3603 4196 revocavit,

2006 4210 2204 4254 terram
2252 4199 2440 4252 cadum
2492 4195 2637 4259 fecit,
2685 4194 3052 4267 hominesque
3091 4196 3332 4263 angelos.
3384 4194 3607 4267 Propter

2004 4287 2218 4324 crucem
2256 4270 2530 4322 dazmones
2571 4283 2675 4319 non
2695 4265 2803 4331 jam
2837 4265 3120 4319 horribiles
3160 4276 3304 4328 sunt,
3351 4277 3442 4321 aut
3487 4265 3605 4323 ine-

2007 4343 2210 4402 tnendi,
2259 4341 2356 4394 sed
2399 4337 2778 4392 contemnendi
2812 4353 2825 4390 :
2854 4351 2951 4390 nec
2996 4354 3139 4390 mors
3178 4345 3261 4391 est
3307 4354 3470 4401 mors,
3511 4343 3604 4396 sed

2005 4429 2227 4466 somnus
2254 4420 2345 4464 ant
2370 4409 2568 4478 vigilia.
2606 4409 2739 4462 Ilinc
2762 4410 2941 4462 carnis
2974 4409 3215 4471 affectus,
3241 4412 3332 4478 qiii
3358 4410 3605 4479 jejunan-

2008 4494 2086 4536 tos
2117 4490 2446 4550 oppugnant,
2481 4487 2837 4533 marcescunt.
2867 4479 3018 4550 Quod
3044 4481 3084 4532 si
3113 4481 3232 4544 quis
3258 4481 3476 4535 Judacus
3505 4483 3604 4537 hoc

2008 4557 2097 4607 tibi
2142 4548 2321 4606 dicat:
2355 4553 2487 4605 Eum
2533 4551 2620 4620 qni
2668 4550 2812 4603 eruci
2859 4548 3083 4603 suffixus
3123 4551 3241 4613 fuit,
3284 4552 3512 4606 adoras?
3557 4557 3604 4609 ei

2004 4626 2168 4679 alacri
2201 4636 2498 4692 magnaque
2527 4635 2677 4681 voce.
2708 4635 2776 4692 ac
2797 4622 2916 4692 Izcto
2939 4623 3085 4674 vultu
3115 4623 3379 4690 responde
3405 4641 3416 4676 :
3446 4624 3606 4680 Certe

2005 4696 2193 4758 adoro,
2225 4690 2324 4749 nec
2355 4690 2512 4746 finem
2544 4691 2801 4764 adorandi
2827 4690 3013 4744 faciam
3047 4709 3057 4742 :
3085 4701 3160 4764 ct.
3194 4694 3240 4747 si
3271 4694 3460 4754 rideat.
3487 4697 3606 4764 lnge

2006 4784 2127 4821 eum
2160 4767 2300 4834 quod
2329 4780 2515 4818 amens
2547 4762 2634 4824 sit,
2671 4779 2769 4816 nec
2800 4765 2934 4815 sciat
2971 4763 3096 4834 quid
3127 4764 3374 4833 loquatur
3405 4783 3416 4818 :
3447 4762 3605 4821 Chri-

2006 4833 2198 4905 Sloque
2245 4835 2470 4889 Doniino
2517 4849 2616 4903 age
2658 4835 2877 4903 gratias,
2914 4833 3055 4902 quod
3105 4835 3370 4902 ejusmodi
3415 4837 3466 4891 in
3508 4854 3607 4894 nos

2007 4907 2268 4962 beneficia
2294 4905 2538 4969 contulit,
2573 4919 2690 4972 qua:
2721 4905 3077 4976 sinecwlesti
3106 4905 3396 4976 divinaque
3431 4923 3606 4964 enun-

2009 4981 2229 5032 tiatione
2270 4977 2480 5030 discere
2519 4991 2676 5029 nemo
2723 4975 2908 5042 possit.
2940 4976 3020 5029 Ub
3049 4991 3167 5030 eam
3203 4975 3346 5031 enim
3390 4994 3606 5036 causam

2009 5051 2110 5103 iste
2147 5051 2321 5122 etiain_
2355 5047 2516 5122 ridet,
2549 5045 2691 5122 quod
2739 5045 2990 5122 Animalis
3017 5047 3167 5101 homo
3197 5050 3216 5078 ²
3248 5065 3350 5103 non
3385 5054 3522 5122 capit
3550 5071 3608 5107 ea

2007 5137 2120 5189 qua:
2145 5131 2261 5172 sunt
2284 5118 2510 5186 Spiritus
2541 5119 2618 5183 (1.
2653 5117 2767 5170 Cor.
2798 5117 2851 5169 2.
2884 5119 2997 5187 14).

2081 5191 2218 5244 Crux
2271 5208 2301 5241 α
2353 5189 2612 5257 prop/ictis
2659 5189 2926 5260 prmitictai
2967 5219 3039 5228 —-
3078 5191 3181 5244 Sed
3231 5191 3485 5260 quidnam
3537 5197 3608 5248 ait

2009 5277 2216 5323 amens,
2251 5263 2505 5326 ingratus,
2539 5259 2878 5332 perfidosque
2903 5259 3156 5332 Judmns?
3200 5259 3259 5315 Si
3291 5279 3420 5332 ergo
3450 5264 3606 5318 Chri-

2009 5347 2124 5386 SlllS
2153 5343 2233 5384 est
2264 5336 2422 5395 Dens,
2457 5343 2514 5383 ut
2543 5331 2849 5393 defenditis,
2885 5347 2946 5384 ac
2979 5332 3068 5383 Dei
3099 5331 3283 5395 Filius,
3317 5331 3607 5401 salutisque

2013 5405 2286 5457 hominum
2329 5419 2486 5451 causa
2534 5402 2720 5452 venit:
2754 5418 2849 5454 cur
2893 5404 2979 5455 lali
3025 5414 3218 5460 morte.
3267 5421 3406 5470 qnze,
3450 5406 3604 5459 inho-

2009 5485 2160 5528 uesta
2200 5486 2300 5530 est.
2336 5474 2486 5537 olnit,
2521 5483 2574 5524 et
2615 5473 2665 5524 iii
2710 5489 2922 5526 crucem
2967 5487 3117 5526 actus
3143 5478 3262 5526 est?
3291 5477 3388 5528 Cui
3431 5493 3605 5544 paucis

2009 5545 2496 5613 respondebimus,
2554 5559 2672 5611 quze
2722 5560 2784 5596 ex
2834 5545 3106 5611 prophetis
3158 5547 3379 5598 eollecta
3434 5559 3605 5601 sunt:

2011 5617 2255 5680 0p0rtuit
2280 5615 2552 5667 Christum
2580 5615 2726 5666 cruci
2758 5614 2920 5681 affigi,
2954 5632 2984 5667 ο
3015 5616 3146 5683 legis
3171 5619 3416 5680 violator,
3441 5628 3494 5671 ei
3522 5621 3601 5673 in-

2080 5709 2091 5738 ¹
2126 5704 2276 5769 Savil.
2308 5706 2354 5752 in
2385 5721 2520 5763 marg
2541 5742 2560 5769 Α,
2586 5705 2921 5769 (trpingmnus.

2078 5773 2096 5800 ³
2128 5771 2230 5815 lino
2260 5767 2388 5824 iis»,
2418 5767 2546 5832 quod
2583 5767 2846 5831 rorporcus
2866 5768 3009 5818 homo
3050 5771 3138 5832 ιότι
3173 5768 3401 5832 summa;
3431 5767 3604 5826 ἀειϐρω·

2017 5839 2136 5891 τευ.)-
