  <div class='ocr_page' id='page_1' title='image "/cluster/home/n/w/nwhite01/storage/ocr_20150623/52/ien.35556001660794/460.png"; bbox 0 0 4098 6440; ppageno 0'>
   <div class='ocr_carea' id='block_1_1' title="bbox 288 575 3592 626">
    <p class='ocr_par' dir='ltr' id='par_1_1' title="bbox 297 575 3592 626">
     <span class='ocr_line' id='line_1_1' title="bbox 315 575 3592 621; baseline 0.001 -35"><span class='ocrx_word' id='word_1_1' title='bbox 315 575 1145 615; x_wconf 48' lang='grc' dir='ltr'><strong>-σ--π</strong></span> <span class='ocrx_word' id='word_1_2' title='bbox 1165 577 1681 584; x_wconf 72' lang='lat'><strong>——-————-———-—-—-—</strong></span> <span class='ocrx_word' id='word_1_3' title='bbox 1720 575 1778 581; x_wconf 73' lang='lat'><strong>&quot;—&#39;</strong></span> <span class='ocrx_word' id='word_1_4' title='bbox 1799 575 1833 579; x_wconf 74' lang='lat'><strong>&#39;—</strong></span> <span class='ocrx_word' id='word_1_5' title='bbox 3117 575 3305 578; x_wconf 38' lang='lat' dir='ltr'><strong>ﬁ—V</strong></span> <span class='ocrx_word' id='word_1_6' title='bbox 3331 575 3365 578; x_wconf 35' lang='grc' dir='ltr'><em>ἡ</em></span> <span class='ocrx_word' id='word_1_7' title='bbox 3526 579 3592 604; x_wconf 79' lang='grc'><strong><em>-</em></strong></span> 
     </span>
     <span class='ocr_line' id='line_1_2' title="bbox 297 609 3507 626; baseline -0.002 0"><span class='ocrx_word' id='word_1_8' title='bbox 297 615 1413 626; x_wconf 50' lang='lat' dir='ltr'><strong>,__4_——_—_——————_———A</strong></span> <span class='ocrx_word' id='word_1_9' title='bbox 1436 612 2406 625; x_wconf 59' lang='lat' dir='ltr'><strong>—___.—_—————-——-———c——.</strong></span> <span class='ocrx_word' id='word_1_10' title='bbox 3087 609 3507 620; x_wconf 65' lang='lat'><strong>—-———-————-——--~~&#39;</strong></span> 
     </span>
    </p>
   </div>
   <div class='ocr_carea' id='block_1_2' title="bbox 1244 384 2535 448">
    <p class='ocr_par' dir='ltr' id='par_1_2' title="bbox 1244 384 2535 448">
     <span class='ocr_line' id='line_1_3' title="bbox 1244 384 2535 448; baseline -0.003 0"><span class='ocrx_word' id='word_1_11' title='bbox 1244 391 1332 448; x_wconf 81' lang='lat' dir='ltr'><strong>DE</strong></span> <span class='ocrx_word' id='word_1_12' title='bbox 1373 388 1832 448; x_wconf 69' lang='lat' dir='ltr'><strong>CONFESSIONE</strong></span> <span class='ocrx_word' id='word_1_13' title='bbox 1873 384 2234 445; x_wconf 65' lang='lat' dir='ltr'><strong>PRETIOS/E</strong></span> <span class='ocrx_word' id='word_1_14' title='bbox 2271 385 2535 444; x_wconf 75' lang='lat' dir='ltr'><strong>CRUCIS.</strong></span> 
     </span>
    </p>
   </div>
   <div class='ocr_carea' id='block_1_3' title="bbox 1472 723 2352 845">
    <p class='ocr_par' dir='ltr' id='par_1_3' title="bbox 1472 723 2352 845">
     <span class='ocr_line' id='line_1_4' title="bbox 1472 723 2352 845; baseline -0.006 0"><span class='ocrx_word' id='word_1_15' title='bbox 1472 723 2352 845; x_wconf 76' lang='lat' dir='ltr'><strong>MONITUM</strong></span> 
     </span>
    </p>
   </div>
   <div class='ocr_carea' id='block_1_4' title="bbox 1126 938 2740 1010">
    <p class='ocr_par' dir='ltr' id='par_1_4' title="bbox 1126 938 2740 1010">
     <span class='ocr_line' id='line_1_5' title="bbox 1126 938 2740 1010; baseline -0.006 -1"><span class='ocrx_word' id='word_1_16' title='bbox 1126 945 1206 1010; x_wconf 83' lang='lat' dir='ltr'><strong>IN</strong></span> <span class='ocrx_word' id='word_1_17' title='bbox 1250 944 1664 1008; x_wconf 72' lang='lat' dir='ltr'><strong>HOMILIAM</strong></span> <span class='ocrx_word' id='word_1_18' title='bbox 1697 943 1803 1004; x_wconf 86' lang='lat' dir='ltr'><strong>DE</strong></span> <span class='ocrx_word' id='word_1_19' title='bbox 1847 938 2391 1003; x_wconf 76' lang='lat' dir='ltr'><strong>CONFESSIONE</strong></span> <span class='ocrx_word' id='word_1_20' title='bbox 2439 939 2740 1003; x_wconf 80' lang='lat' dir='ltr'><strong>CRUCIS.</strong></span> 
     </span>
    </p>
   </div>
   <div class='ocr_carea' id='block_1_5' title="bbox 353 1090 1918 1160">
    <p class='ocr_par' dir='ltr' id='par_1_5' title="bbox 353 1090 1918 1160">
     <span class='ocr_line' id='line_1_6' title="bbox 353 1090 1918 1160; baseline -0.005 -11"><span class='ocrx_word' id='word_1_21' title='bbox 353 1096 481 1149; x_wconf 76' lang='lat' dir='ltr'><strong>llroc</strong></span> <span class='ocrx_word' id='word_1_22' title='bbox 526 1091 746 1146; x_wconf 76' lang='lat' dir='ltr'><strong>humilia</strong></span> <span class='ocrx_word' id='word_1_23' title='bbox 794 1091 1113 1160; x_wconf 70' lang='lat' dir='ltr'><strong>praecedenti</strong></span> <span class='ocrx_word' id='word_1_24' title='bbox 1161 1106 1379 1160; x_wconf 79' lang='lat' dir='ltr'><strong>prorsus</strong></span> <span class='ocrx_word' id='word_1_25' title='bbox 1414 1092 1605 1145; x_wconf 79' lang='lat' dir='ltr'><strong>similis</strong></span> <span class='ocrx_word' id='word_1_26' title='bbox 1651 1099 1768 1150; x_wconf 86' lang='lat' dir='ltr'><strong>est;</strong></span> <span class='ocrx_word' id='word_1_27' title='bbox 1816 1090 1918 1141; x_wconf 75' lang='lat' dir='ltr'><strong>ita&quot;</strong></span> 
     </span>
    </p>
   </div>
   <div class='ocr_carea' id='block_1_6' title="bbox 283 1162 1885 1217">
    <p class='ocr_par' dir='ltr' id='par_1_6' title="bbox 283 1162 1885 1217">
     <span class='ocr_line' id='line_1_7' title="bbox 283 1162 1885 1217; baseline -0.001 -2"><span class='ocrx_word' id='word_1_28' title='bbox 283 1176 338 1216; x_wconf 87' lang='lat' dir='ltr'><strong>ut</strong></span> <span class='ocrx_word' id='word_1_29' title='bbox 382 1169 544 1217; x_wconf 72' lang='lat' dir='ltr'><strong>etiam</strong></span> <span class='ocrx_word' id='word_1_30' title='bbox 578 1163 744 1217; x_wconf 84' lang='lat' dir='ltr'><strong>multa</strong></span> <span class='ocrx_word' id='word_1_31' title='bbox 785 1163 852 1215; x_wconf 85' lang='lat' dir='ltr'><strong>ad</strong></span> <span class='ocrx_word' id='word_1_32' title='bbox 875 1164 1095 1216; x_wconf 82' lang='lat' dir='ltr'><strong>verbum</strong></span> <span class='ocrx_word' id='word_1_33' title='bbox 1135 1179 1200 1216; x_wconf 82' lang='lat' dir='ltr'><strong>ex</strong></span> <span class='ocrx_word' id='word_1_34' title='bbox 1248 1163 1338 1216; x_wconf 88' lang='lat' dir='ltr'><strong>illa</strong></span> <span class='ocrx_word' id='word_1_35' title='bbox 1385 1172 1656 1216; x_wconf 80' lang='lat' dir='ltr'><strong>mutuatus</strong></span> <span class='ocrx_word' id='word_1_36' title='bbox 1699 1163 1767 1214; x_wconf 90' lang='lat' dir='ltr'><strong>sit</strong></span> <span class='ocrx_word' id='word_1_37' title='bbox 1801 1162 1885 1215; x_wconf 89' lang='lat' dir='ltr'><strong>hic</strong></span> 
     </span>
    </p>
   </div>
   <div class='ocr_carea' id='block_1_7' title="bbox 281 1233 1883 1303">
    <p class='ocr_par' dir='ltr' id='par_1_7' title="bbox 281 1233 1883 1303">
     <span class='ocr_line' id='line_1_8' title="bbox 281 1233 1883 1303; baseline -0.001 -16"><span class='ocrx_word' id='word_1_38' title='bbox 281 1236 527 1303; x_wconf 77' lang='lat' dir='ltr'><strong>quisquis</strong></span> <span class='ocrx_word' id='word_1_39' title='bbox 555 1235 626 1287; x_wconf 88' lang='lat' dir='ltr'><strong>sit</strong></span> <span class='ocrx_word' id='word_1_40' title='bbox 652 1234 902 1302; x_wconf 84' lang='lat' dir='ltr'><strong>scriptor.</strong></span> <span class='ocrx_word' id='word_1_41' title='bbox 929 1233 1290 1302; x_wconf 82' lang='lat' dir='ltr'><strong>Quamobrem</strong></span> <span class='ocrx_word' id='word_1_42' title='bbox 1318 1234 1439 1300; x_wconf 89' lang='lat' dir='ltr'><strong>jure</strong></span> <span class='ocrx_word' id='word_1_43' title='bbox 1481 1242 1594 1302; x_wconf 87' lang='lat' dir='ltr'><strong>post</strong></span> <span class='ocrx_word' id='word_1_44' title='bbox 1620 1233 1764 1286; x_wconf 89' lang='lat' dir='ltr'><strong>illam</strong></span> <span class='ocrx_word' id='word_1_45' title='bbox 1801 1235 1883 1286; x_wconf 86' lang='lat' dir='ltr'><strong>iu-</strong></span> 
     </span>
    </p>
   </div>
   <div class='ocr_carea' id='block_1_8' title="bbox 286 1303 907 1374">
    <p class='ocr_par' dir='ltr' id='par_1_8' title="bbox 286 1303 907 1374">
     <span class='ocr_line' id='line_1_9' title="bbox 286 1303 907 1374; baseline -0.003 -16"><span class='ocrx_word' id='word_1_46' title='bbox 286 1314 368 1358; x_wconf 86' lang='lat' dir='ltr'><strong>ter</strong></span> <span class='ocrx_word' id='word_1_47' title='bbox 397 1306 583 1374; x_wconf 88' lang='lat' dir='ltr'><strong>spuria</strong></span> <span class='ocrx_word' id='word_1_48' title='bbox 611 1303 907 1374; x_wconf 84' lang='lat' dir='ltr'><strong>ablegatur.</strong></span> 
     </span>
    </p>
   </div>
   <div class='ocr_carea' id='block_1_9' title="bbox 2068 1084 3582 1166">
    <p class='ocr_par' dir='ltr' id='par_1_9' title="bbox 2068 1084 3582 1166">
     <span class='ocr_line' id='line_1_10' title="bbox 2068 1084 3582 1166; baseline 0.003 -31"><span class='ocrx_word' id='word_1_49' title='bbox 2068 1085 2566 1166; x_wconf 77' lang='lat' dir='ltr'><strong>Interpretationem</strong></span> <span class='ocrx_word' id='word_1_50' title='bbox 2595 1085 2859 1141; x_wconf 83' lang='lat' dir='ltr'><strong>Joachimi</strong></span> <span class='ocrx_word' id='word_1_51' title='bbox 2891 1086 3117 1142; x_wconf 81' lang='lat' dir='ltr'><strong>Perionii</strong></span> <span class='ocrx_word' id='word_1_52' title='bbox 3142 1086 3344 1156; x_wconf 83' lang='lat' dir='ltr'><strong>aliquot</strong></span> <span class='ocrx_word' id='word_1_53' title='bbox 3377 1087 3427 1140; x_wconf 92' lang='lat' dir='ltr'><strong>iu</strong></span> <span class='ocrx_word' id='word_1_54' title='bbox 3459 1084 3582 1140; x_wconf 66' lang='lat' dir='ltr'><strong>loris</strong></span> 
     </span>
    </p>
   </div>
   <div class='ocr_carea' id='block_1_10' title="bbox 1990 1166 2392 1226">
    <p class='ocr_par' dir='ltr' id='par_1_10' title="bbox 1990 1166 2392 1226">
     <span class='ocr_line' id='line_1_11' title="bbox 1990 1166 2392 1226; baseline 0.002 -17"><span class='ocrx_word' id='word_1_55' title='bbox 1990 1166 2392 1226; x_wconf 81' lang='lat' dir='ltr'><strong>Castigavuntts.</strong></span> 
     </span>
    </p>
   </div>
   <div class='ocr_carea' id='block_1_11' title="bbox 1368 1489 2561 1618">
    <p class='ocr_par' dir='ltr' id='par_1_11' title="bbox 1368 1489 2561 1618">
     <span class='ocr_line' id='line_1_12' title="bbox 1368 1489 2561 1618; baseline -0.003 -1"><span class='ocrx_word' id='word_1_56' title='bbox 1368 1525 1912 1618; x_wconf 90' lang='lat' dir='ltr'><strong>EJUSDEM</strong></span> <span class='ocrx_word' id='word_1_57' title='bbox 1960 1489 2561 1613; x_wconf 47' lang='lat' dir='ltr'><strong>ORATIO“).</strong></span> 
     </span>
    </p>
   </div>
   <div class='ocr_carea' id='block_1_12' title="bbox 288 1704 825 1760">
    <p class='ocr_par' dir='ltr' id='par_1_12' title="bbox 288 1704 825 1760">
     <span class='ocr_line' id='line_1_13' title="bbox 288 1704 825 1760; baseline -0.002 -9"><span class='ocrx_word' id='word_1_58' title='bbox 288 1704 416 1760; x_wconf 72' lang='lat' dir='ltr'><strong>00A</strong></span> <span class='ocrx_word' id='word_1_59' title='bbox 447 1707 656 1752; x_wconf 71' lang='lat' dir='ltr'><strong>DOCIT</strong></span> <span class='ocrx_word' id='word_1_60' title='bbox 697 1706 825 1752; x_wconf 70' lang='lat' dir='ltr'><strong>NON</strong></span> 
     </span>
    </p>
   </div>
   <div class='ocr_carea' id='block_1_13' title="bbox 885 1705 3590 1762">
    <p class='ocr_par' dir='ltr' id='par_1_13' title="bbox 885 1705 3590 1762">
     <span class='ocr_line' id='line_1_14' title="bbox 885 1705 3590 1762; baseline -0 -12"><span class='ocrx_word' id='word_1_61' title='bbox 885 1707 1034 1751; x_wconf 74' lang='lat' dir='ltr'><strong>ESSE</strong></span> <span class='ocrx_word' id='word_1_62' title='bbox 1097 1706 1453 1749; x_wconf 74' lang='lat' dir='ltr'><strong>VERENDUM</strong></span> <span class='ocrx_word' id='word_1_63' title='bbox 1520 1705 1862 1750; x_wconf 77' lang='lat' dir='ltr'><strong>CONFITERI</strong></span> <span class='ocrx_word' id='word_1_64' title='bbox 1908 1706 2200 1749; x_wconf 72' lang='lat' dir='ltr'><strong>SANCTAM</strong></span> <span class='ocrx_word' id='word_1_65' title='bbox 2244 1705 2526 1762; x_wconf 69' lang='lat' dir='ltr'><strong>CBUCEM,</strong></span> <span class='ocrx_word' id='word_1_66' title='bbox 2561 1709 2643 1750; x_wconf 84' lang='lat' dir='ltr'><strong>ET</strong></span> <span class='ocrx_word' id='word_1_67' title='bbox 2685 1709 2806 1750; x_wconf 78' lang='lat' dir='ltr'><strong>PER</strong></span> <span class='ocrx_word' id='word_1_68' title='bbox 2852 1709 2984 1751; x_wconf 73' lang='lat' dir='ltr'><strong>EAM</strong></span> <span class='ocrx_word' id='word_1_69' title='bbox 3055 1708 3170 1749; x_wconf 79' lang='lat' dir='ltr'><strong>N08</strong></span> <span class='ocrx_word' id='word_1_70' title='bbox 3215 1709 3249 1749; x_wconf 80' lang='grc' dir='ltr'><strong>Α</strong></span> <span class='ocrx_word' id='word_1_71' title='bbox 3312 1705 3590 1749; x_wconf 70' lang='grc' dir='ltr'><strong>εηηιετυ</strong></span> 
     </span>
    </p>
   </div>
   <div class='ocr_carea' id='block_1_14' title="bbox 369 1805 3095 1864">
    <p class='ocr_par' dir='ltr' id='par_1_14' title="bbox 369 1805 3095 1864">
     <span class='ocr_line' id='line_1_15' title="bbox 369 1805 3095 1864; baseline -0.001 -13"><span class='ocrx_word' id='word_1_72' title='bbox 369 1807 517 1852; x_wconf 72' lang='lat' dir='ltr'><strong>ESSE</strong></span> <span class='ocrx_word' id='word_1_73' title='bbox 560 1807 1024 1862; x_wconf 75' lang='lat' dir='ltr'><strong>CONSERVATOS,</strong></span> <span class='ocrx_word' id='word_1_74' title='bbox 1071 1808 1152 1850; x_wconf 74' lang='grc' dir='ltr'><strong>ΕΤ</strong></span> <span class='ocrx_word' id='word_1_75' title='bbox 1218 1807 1283 1849; x_wconf 77' lang='lat' dir='ltr'><strong>IN</strong></span> <span class='ocrx_word' id='word_1_76' title='bbox 1328 1808 1405 1850; x_wconf 80' lang='lat' dir='ltr'><strong>EA</strong></span> <span class='ocrx_word' id='word_1_77' title='bbox 1470 1805 1613 1849; x_wconf 76' lang='lat' dir='ltr'><strong>ESSE</strong></span> <span class='ocrx_word' id='word_1_78' title='bbox 1655 1805 2124 1848; x_wconf 69' lang='lat' dir='ltr'><strong>GLORIANDUM:</strong></span> <span class='ocrx_word' id='word_1_79' title='bbox 2173 1806 2256 1848; x_wconf 81' lang='lat' dir='ltr'><strong>DE</strong></span> <span class='ocrx_word' id='word_1_80' title='bbox 2326 1807 2604 1850; x_wconf 76' lang='lat' dir='ltr'><strong>VIRTUTE</strong></span> <span class='ocrx_word' id='word_1_81' title='bbox 2651 1809 2848 1851; x_wconf 77' lang='grc' dir='ltr'><strong>ΕΤΙΔΜ</strong></span> <span class='ocrx_word' id='word_1_82' title='bbox 2921 1808 3095 1864; x_wconf 76' lang='lat' dir='ltr'><strong>AGIT,</strong></span> 
     </span>
    </p>
   </div>
   <div class='ocr_carea' id='block_1_15' title="bbox 3155 1803 3601 1860">
    <p class='ocr_par' dir='ltr' id='par_1_15' title="bbox 3155 1803 3601 1860">
     <span class='ocr_line' id='line_1_16' title="bbox 3155 1803 3601 1860; baseline 0 -10"><span class='ocrx_word' id='word_1_83' title='bbox 3155 1807 3234 1850; x_wconf 77' lang='lat' dir='ltr'><strong>er</strong></span> <span class='ocrx_word' id='word_1_84' title='bbox 3288 1803 3601 1860; x_wconf 73' lang='lat' dir='ltr'><strong>ooouooo</strong></span> 
     </span>
    </p>
   </div>
   <div class='ocr_carea' id='block_1_16' title="bbox 367 1905 2454 1958">
    <p class='ocr_par' dir='ltr' id='par_1_16' title="bbox 367 1905 2454 1958">
     <span class='ocr_line' id='line_1_17' title="bbox 367 1905 2454 1958; baseline -0.002 -4"><span class='ocrx_word' id='word_1_85' title='bbox 367 1908 680 1955; x_wconf 70' lang='lat' dir='ltr'><strong>CHRISTUS</strong></span> <span class='ocrx_word' id='word_1_86' title='bbox 721 1910 1014 1954; x_wconf 71' lang='lat' dir='ltr'><strong>SALUTEM</strong></span> <span class='ocrx_word' id='word_1_87' title='bbox 1059 1908 1355 1952; x_wconf 72' lang='lat' dir='ltr'><strong>NOSTBAM</strong></span> <span class='ocrx_word' id='word_1_88' title='bbox 1400 1907 1717 1958; x_wconf 65' lang='lat' dir='ltr'><strong>EXOPTET,</strong></span> <span class='ocrx_word' id='word_1_89' title='bbox 1761 1907 1840 1950; x_wconf 67' lang='lat' dir='ltr'><strong>AC</strong></span> <span class='ocrx_word' id='word_1_90' title='bbox 1887 1907 1969 1949; x_wconf 82' lang='lat' dir='ltr'><strong>DE</strong></span> <span class='ocrx_word' id='word_1_91' title='bbox 2013 1905 2454 1950; x_wconf 73' lang='lat' dir='ltr'><strong>ELEEMOSYNA.</strong></span> 
     </span>
    </p>
   </div>
   <div class='ocr_carea' id='block_1_17' title="bbox 370 2194 1894 2267">
    <p class='ocr_par' dir='ltr' id='par_1_17' title="bbox 370 2194 1894 2267">
     <span class='ocr_line' id='line_1_18' title="bbox 370 2194 1894 2267; baseline -0.001 -17"><span class='ocrx_word' id='word_1_92' title='bbox 370 2199 421 2250; x_wconf 81' lang='grc'><strong>1.</strong></span> <span class='ocrx_word' id='word_1_93' title='bbox 465 2195 579 2250; x_wconf 74' lang='lat' dir='ltr'><strong>Hoc</strong></span> <span class='ocrx_word' id='word_1_94' title='bbox 619 2204 725 2261; x_wconf 86' lang='lat' dir='ltr'><strong>est,</strong></span> <span class='ocrx_word' id='word_1_95' title='bbox 757 2194 970 2258; x_wconf 75' lang='lat' dir='ltr'><strong>fratres,</strong></span> <span class='ocrx_word' id='word_1_96' title='bbox 1017 2197 1226 2266; x_wconf 88' lang='lat' dir='ltr'><strong>signum</strong></span> <span class='ocrx_word' id='word_1_97' title='bbox 1275 2197 1426 2259; x_wconf 86' lang='lat' dir='ltr'><strong>illud.</strong></span> <span class='ocrx_word' id='word_1_98' title='bbox 1456 2197 1598 2267; x_wconf 87' lang='lat' dir='ltr'><strong>quod</strong></span> <span class='ocrx_word' id='word_1_99' title='bbox 1636 2198 1894 2252; x_wconf 81' lang='lat' dir='ltr'><strong>Dominus</strong></span> 
     </span>
    </p>
   </div>
   <div class='ocr_carea' id='block_1_18' title="bbox 293 2267 1896 2333">
    <p class='ocr_par' dir='ltr' id='par_1_18' title="bbox 293 2267 1896 2333">
     <span class='ocr_line' id='line_1_19' title="bbox 293 2267 1896 2333; baseline -0.002 -12"><span class='ocrx_word' id='word_1_100' title='bbox 293 2267 545 2322; x_wconf 85' lang='lat' dir='ltr'><strong>daturum</strong></span> <span class='ocrx_word' id='word_1_101' title='bbox 594 2281 654 2320; x_wconf 88' lang='lat' dir='ltr'><strong>se</strong></span> <span class='ocrx_word' id='word_1_102' title='bbox 684 2267 935 2321; x_wconf 88' lang='lat' dir='ltr'><strong>omnibus</strong></span> <span class='ocrx_word' id='word_1_103' title='bbox 974 2269 1217 2333; x_wconf 92' lang='lat' dir='ltr'><strong>promisit</strong></span> <span class='ocrx_word' id='word_1_104' title='bbox 1265 2269 1347 2321; x_wconf 91' lang='lat' dir='ltr'><strong>his</strong></span> <span class='ocrx_word' id='word_1_105' title='bbox 1376 2269 1574 2326; x_wconf 84' lang='lat' dir='ltr'><strong>verbis.</strong></span> <span class='ocrx_word' id='word_1_106' title='bbox 1625 2267 1896 2321; x_wconf 75' lang='lat' dir='ltr'><strong>(.‘cuemtio</strong></span> 
     </span>
    </p>
   </div>
   <div class='ocr_carea' id='block_1_19' title="bbox 296 2337 1897 2410">
    <p class='ocr_par' dir='ltr' id='par_1_19' title="bbox 296 2337 1897 2410">
     <span class='ocr_line' id='line_1_20' title="bbox 296 2337 1897 2410; baseline 0 -20"><span class='ocrx_word' id='word_1_107' title='bbox 296 2337 527 2410; x_wconf 73' lang='lat' dir='ltr'><strong>improba</strong></span> <span class='ocrx_word' id='word_1_108' title='bbox 552 2347 603 2410; x_wconf 79' lang='lat' dir='ltr'><strong>et</strong></span> <span class='ocrx_word' id='word_1_109' title='bbox 627 2337 1156 2410; x_wconf 73' lang='lat' dir='ltr'><strong>adulterina_signum</strong></span> <span class='ocrx_word' id='word_1_110' title='bbox 1183 2340 1382 2407; x_wconf 67' lang='lat' dir='ltr'><strong>quaerit,</strong></span> <span class='ocrx_word' id='word_1_111' title='bbox 1415 2350 1461 2391; x_wconf 71' lang='lat' dir='ltr'><strong>et</strong></span> <span class='ocrx_word' id='word_1_112' title='bbox 1492 2341 1537 2392; x_wconf 82' lang='lat' dir='ltr'><strong>ei</strong></span> <span class='ocrx_word' id='word_1_113' title='bbox 1567 2340 1768 2410; x_wconf 81' lang='lat' dir='ltr'><strong>signum</strong></span> <span class='ocrx_word' id='word_1_114' title='bbox 1795 2354 1897 2390; x_wconf 80' lang='lat' dir='ltr'><strong>non</strong></span> 
     </span>
    </p>
   </div>
   <div class='ocr_carea' id='block_1_20' title="bbox 298 2407 1890 2480">
    <p class='ocr_par' dir='ltr' id='par_1_20' title="bbox 298 2407 1890 2480">
     <span class='ocr_line' id='line_1_21' title="bbox 298 2407 1890 2480; baseline -0.001 -19"><span class='ocrx_word' id='word_1_115' title='bbox 298 2409 522 2472; x_wconf 77' lang='lat' dir='ltr'><strong>dabitur,</strong></span> <span class='ocrx_word' id='word_1_116' title='bbox 554 2408 880 2480; x_wconf 72' lang='lat' dir='ltr'><strong>nisisignuns</strong></span> <span class='ocrx_word' id='word_1_117' title='bbox 907 2407 1060 2462; x_wconf 69' lang='lat' dir='ltr'><strong>lanae</strong></span> <span class='ocrx_word' id='word_1_118' title='bbox 1105 2410 1366 2480; x_wconf 74' lang='lat' dir='ltr'><strong>propheta:</strong></span> <span class='ocrx_word' id='word_1_119' title='bbox 1393 2407 1726 2480; x_wconf 41' lang='lat' dir='ltr'><strong>(Matt/ﬁli.</strong></span> <span class='ocrx_word' id='word_1_120' title='bbox 1759 2410 1850 2476; x_wconf 76' lang='lat'><strong>&#39;59)</strong></span> <span class='ocrx_word' id='word_1_121' title='bbox 1878 2425 1890 2460; x_wconf 92' lang='lat'><strong>:</strong></span> 
     </span>
    </p>
   </div>
   <div class='ocr_carea' id='block_1_21' title="bbox 297 2479 1895 2548">
    <p class='ocr_par' dir='ltr' id='par_1_21' title="bbox 297 2479 1895 2548">
     <span class='ocr_line' id='line_1_22' title="bbox 297 2479 1895 2548; baseline -0.003 -14"><span class='ocrx_word' id='word_1_122' title='bbox 297 2494 512 2534; x_wconf 87' lang='lat' dir='ltr'><strong>erucem</strong></span> <span class='ocrx_word' id='word_1_123' title='bbox 549 2479 872 2546; x_wconf 86' lang='lat' dir='ltr'><strong>intelligens,</strong></span> <span class='ocrx_word' id='word_1_124' title='bbox 903 2490 1152 2543; x_wconf 88' lang='lat' dir='ltr'><strong>mortem,</strong></span> <span class='ocrx_word' id='word_1_125' title='bbox 1186 2481 1537 2548; x_wconf 73' lang='lat' dir='ltr'><strong>sepulturam,</strong></span> <span class='ocrx_word' id='word_1_126' title='bbox 1569 2491 1622 2534; x_wconf 91' lang='lat' dir='ltr'><strong>et</strong></span> <span class='ocrx_word' id='word_1_127' title='bbox 1653 2496 1895 2534; x_wconf 80' lang='lat' dir='ltr'><strong>resurre-</strong></span> 
     </span>
    </p>
   </div>
   <div class='ocr_carea' id='block_1_22' title="bbox 299 2549 1898 2611">
    <p class='ocr_par' dir='ltr' id='par_1_22' title="bbox 299 2549 1898 2611">
     <span class='ocr_line' id='line_1_23' title="bbox 299 2549 1898 2611; baseline -0.001 -7"><span class='ocrx_word' id='word_1_128' title='bbox 299 2550 556 2604; x_wconf 89' lang='lat' dir='ltr'><strong>ctionem.</strong></span> <span class='ocrx_word' id='word_1_129' title='bbox 586 2549 791 2604; x_wconf 82' lang='lat' dir='ltr'><strong>Rursus</strong></span> <span class='ocrx_word' id='word_1_130' title='bbox 813 2550 969 2604; x_wconf 90' lang='lat' dir='ltr'><strong>aliter</strong></span> <span class='ocrx_word' id='word_1_131' title='bbox 995 2551 1099 2604; x_wconf 85' lang='lat' dir='ltr'><strong>vim</strong></span> <span class='ocrx_word' id='word_1_132' title='bbox 1128 2552 1303 2604; x_wconf 89' lang='lat' dir='ltr'><strong>crucis</strong></span> <span class='ocrx_word' id='word_1_133' title='bbox 1325 2552 1626 2611; x_wconf 83' lang='lat' dir='ltr'><strong>declarans.</strong></span> <span class='ocrx_word' id='word_1_134' title='bbox 1660 2553 1783 2605; x_wconf 89' lang='lat' dir='ltr'><strong>alihi</strong></span> <span class='ocrx_word' id='word_1_135' title='bbox 1816 2552 1898 2602; x_wconf 85' lang='lat' dir='ltr'><strong>di—</strong></span> 
     </span>
    </p>
   </div>
   <div class='ocr_carea' id='block_1_23' title="bbox 299 2618 1899 2691">
    <p class='ocr_par' dir='ltr' id='par_1_23' title="bbox 299 2618 1899 2691">
     <span class='ocr_line' id='line_1_24' title="bbox 299 2618 1899 2691; baseline -0.001 -17"><span class='ocrx_word' id='word_1_136' title='bbox 299 2622 479 2687; x_wconf 83' lang='lat' dir='ltr'><strong>cebat,</strong></span> <span class='ocrx_word' id='word_1_137' title='bbox 509 2618 646 2691; x_wconf 10' lang='lat' dir='ltr'><strong>Cum?</strong></span> <span class='ocrx_word' id='word_1_138' title='bbox 677 2620 1018 2674; x_wconf 73' lang='lat' dir='ltr'><strong>exultaveritis</strong></span> <span class='ocrx_word' id='word_1_139' title='bbox 1059 2620 1251 2675; x_wconf 84' lang='lat' dir='ltr'><strong>Filium</strong></span> <span class='ocrx_word' id='word_1_140' title='bbox 1284 2621 1522 2684; x_wconf 82' lang='lat' dir='ltr'><strong>hominis,</strong></span> <span class='ocrx_word' id='word_1_141' title='bbox 1565 2635 1685 2675; x_wconf 84' lang='lat' dir='ltr'><strong>tunc</strong></span> <span class='ocrx_word' id='word_1_142' title='bbox 1712 2638 1899 2691; x_wconf 77' lang='lat' dir='ltr'><strong>mgna-</strong></span> 
     </span>
    </p>
   </div>
   <div class='ocr_carea' id='block_1_24' title="bbox 300 2690 1895 2762">
    <p class='ocr_par' dir='ltr' id='par_1_24' title="bbox 300 2690 1895 2762">
     <span class='ocr_line' id='line_1_25' title="bbox 300 2690 1895 2762; baseline -0.001 -17"><span class='ocrx_word' id='word_1_143' title='bbox 300 2691 468 2756; x_wconf 86' lang='lat' dir='ltr'><strong>scetis,</strong></span> <span class='ocrx_word' id='word_1_144' title='bbox 510 2690 648 2762; x_wconf 66' lang='lat' dir='ltr'><strong>quod</strong></span> <span class='ocrx_word' id='word_1_145' title='bbox 675 2706 766 2759; x_wconf 78' lang='lat' dir='ltr'><strong>ego</strong></span> <span class='ocrx_word' id='word_1_146' title='bbox 794 2707 906 2744; x_wconf 83' lang='lat' dir='ltr'><strong>sum</strong></span> <span class='ocrx_word' id='word_1_147' title='bbox 937 2691 1111 2762; x_wconf 83' lang='lat' dir='ltr'><strong>(Joan.</strong></span> <span class='ocrx_word' id='word_1_148' title='bbox 1143 2693 1196 2746; x_wconf 93' lang='lat'><strong>8.</strong></span> <span class='ocrx_word' id='word_1_149' title='bbox 1229 2691 1348 2760; x_wconf 70' lang='lat'><strong>28).</strong></span> <span class='ocrx_word' id='word_1_150' title='bbox 1390 2693 1520 2746; x_wconf 91' lang='lat' dir='ltr'><strong>Cum</strong></span> <span class='ocrx_word' id='word_1_151' title='bbox 1569 2709 1674 2757; x_wconf 90' lang='lat' dir='ltr'><strong>me,</strong></span> <span class='ocrx_word' id='word_1_152' title='bbox 1706 2690 1895 2762; x_wconf 87' lang='lat' dir='ltr'><strong>inquit,</strong></span> 
     </span>
    </p>
   </div>
   <div class='ocr_carea' id='block_1_25' title="bbox 301 2760 1897 2826">
    <p class='ocr_par' dir='ltr' id='par_1_25' title="bbox 301 2760 1897 2826">
     <span class='ocr_line' id='line_1_26' title="bbox 301 2760 1897 2826; baseline 0 -11"><span class='ocrx_word' id='word_1_153' title='bbox 301 2762 447 2815; x_wconf 88' lang='lat' dir='ltr'><strong>cruci</strong></span> <span class='ocrx_word' id='word_1_154' title='bbox 491 2760 823 2826; x_wconf 79' lang='lat' dir='ltr'><strong>suﬂlxeritis,</strong></span> <span class='ocrx_word' id='word_1_155' title='bbox 862 2773 916 2815; x_wconf 86' lang='lat' dir='ltr'><strong>et</strong></span> <span class='ocrx_word' id='word_1_156' title='bbox 949 2760 1043 2815; x_wconf 57' lang='lat' dir='ltr'><strong>&#39;me</strong></span> <span class='ocrx_word' id='word_1_157' title='bbox 1068 2762 1266 2819; x_wconf 88' lang='lat' dir='ltr'><strong>victum</strong></span> <span class='ocrx_word' id='word_1_158' title='bbox 1305 2764 1756 2826; x_wconf 80' lang='lat' dir='ltr'><strong>esistimaveritis,</strong></span> <span class='ocrx_word' id='word_1_159' title='bbox 1781 2760 1897 2816; x_wconf 82' lang='lat' dir='ltr'><strong>tum</strong></span> 
     </span>
    </p>
   </div>
   <div class='ocr_carea' id='block_1_26' title="bbox 303 2833 1900 2902">
    <p class='ocr_par' dir='ltr' id='par_1_26' title="bbox 303 2833 1900 2902">
     <span class='ocr_line' id='line_1_27' title="bbox 303 2833 1900 2902; baseline 0.002 -19"><span class='ocrx_word' id='word_1_160' title='bbox 303 2833 536 2902; x_wconf 79' lang='lat' dir='ltr'><strong>maxime</strong></span> <span class='ocrx_word' id='word_1_161' title='bbox 563 2833 668 2884; x_wconf 86' lang='lat' dir='ltr'><strong>vim</strong></span> <span class='ocrx_word' id='word_1_162' title='bbox 701 2847 874 2885; x_wconf 91' lang='lat' dir='ltr'><strong>meam</strong></span> <span class='ocrx_word' id='word_1_163' title='bbox 906 2833 1236 2902; x_wconf 77' lang='lat' dir='ltr'><strong>intelligetis.</strong></span> <span class='ocrx_word' id='word_1_164' title='bbox 1286 2834 1353 2887; x_wconf 89' lang='lat' dir='ltr'><strong>Et</strong></span> <span class='ocrx_word' id='word_1_165' title='bbox 1381 2843 1531 2889; x_wconf 84' lang='lat' dir='ltr'><strong>recte</strong></span> <span class='ocrx_word' id='word_1_166' title='bbox 1574 2835 1624 2888; x_wconf 89' lang='lat' dir='ltr'><strong>id</strong></span> <span class='ocrx_word' id='word_1_167' title='bbox 1651 2834 1900 2889; x_wconf 76' lang='lat' dir='ltr'><strong>Christus</strong></span> 
     </span>
    </p>
   </div>
   <div class='ocr_carea' id='block_1_27' title="bbox 303 2901 1899 2972">
    <p class='ocr_par' dir='ltr' id='par_1_27' title="bbox 303 2901 1899 2972">
     <span class='ocr_line' id='line_1_28' title="bbox 303 2901 1899 2972; baseline 0.002 -18"><span class='ocrx_word' id='word_1_168' title='bbox 303 2901 614 2956; x_wconf 81' lang='lat' dir='ltr'><strong>al&#39;lirmavit.</strong></span> <span class='ocrx_word' id='word_1_169' title='bbox 652 2902 855 2972; x_wconf 19' lang='lat' dir='ltr'><strong>iPQStea</strong></span> <span class='ocrx_word' id='word_1_170' title='bbox 903 2904 1045 2958; x_wconf 92' lang='lat' dir='ltr'><strong>enim</strong></span> <span class='ocrx_word' id='word_1_171' title='bbox 1088 2901 1246 2972; x_wconf 82' lang='lat' dir='ltr'><strong>quam</strong></span> <span class='ocrx_word' id='word_1_172' title='bbox 1287 2905 1534 2959; x_wconf 73' lang='lat' dir='ltr'><strong>Christus</strong></span> <span class='ocrx_word' id='word_1_173' title='bbox 1576 2907 1627 2959; x_wconf 91' lang='lat' dir='ltr'><strong>in</strong></span> <span class='ocrx_word' id='word_1_174' title='bbox 1683 2920 1899 2958; x_wconf 85' lang='lat' dir='ltr'><strong>crucem</strong></span> 
     </span>
    </p>
   </div>
   <div class='ocr_carea' id='block_1_28' title="bbox 306 2971 1903 3035">
    <p class='ocr_par' dir='ltr' id='par_1_28' title="bbox 306 2971 1903 3035">
     <span class='ocr_line' id='line_1_29' title="bbox 306 2971 1903 3035; baseline 0.001 -10"><span class='ocrx_word' id='word_1_175' title='bbox 306 2983 456 3026; x_wconf 82' lang='lat' dir='ltr'><strong>actus</strong></span> <span class='ocrx_word' id='word_1_176' title='bbox 498 2982 602 3035; x_wconf 84' lang='lat' dir='ltr'><strong>est,</strong></span> <span class='ocrx_word' id='word_1_177' title='bbox 643 2971 947 3026; x_wconf 88' lang='lat' dir='ltr'><strong>Jud:eorum</strong></span> <span class='ocrx_word' id='word_1_178' title='bbox 979 2971 1398 3031; x_wconf 85' lang='lat' dir='ltr'><strong>consuetudines</strong></span> <span class='ocrx_word' id='word_1_179' title='bbox 1446 2975 1606 3030; x_wconf 82' lang='lat' dir='ltr'><strong>ﬁnem</strong></span> <span class='ocrx_word' id='word_1_180' title='bbox 1635 2986 1690 3029; x_wconf 92' lang='lat' dir='ltr'><strong>et</strong></span> <span class='ocrx_word' id='word_1_181' title='bbox 1717 2978 1903 3035; x_wconf 82' lang='lat' dir='ltr'><strong>termi-</strong></span> 
     </span>
    </p>
   </div>
   <div class='ocr_carea' id='block_1_29' title="bbox 307 3043 1900 3111">
    <p class='ocr_par' dir='ltr' id='par_1_29' title="bbox 307 3043 1900 3111">
     <span class='ocr_line' id='line_1_30' title="bbox 307 3043 1900 3111; baseline 0.002 -15"><span class='ocrx_word' id='word_1_182' title='bbox 307 3058 432 3096; x_wconf 85' lang='lat' dir='ltr'><strong>num</strong></span> <span class='ocrx_word' id='word_1_183' title='bbox 457 3043 778 3109; x_wconf 86' lang='lat' dir='ltr'><strong>habueruut,</strong></span> <span class='ocrx_word' id='word_1_184' title='bbox 808 3044 1116 3111; x_wconf 70' lang='lat' dir='ltr'><strong>praedicatio</strong></span> <span class='ocrx_word' id='word_1_185' title='bbox 1140 3045 1338 3107; x_wconf 81' lang='lat' dir='ltr'><strong>ﬂoruit,</strong></span> <span class='ocrx_word' id='word_1_186' title='bbox 1368 3046 1432 3099; x_wconf 92' lang='lat' dir='ltr'><strong>ad</strong></span> <span class='ocrx_word' id='word_1_187' title='bbox 1458 3047 1590 3100; x_wconf 83' lang='lat' dir='ltr'><strong>lines</strong></span> <span class='ocrx_word' id='word_1_188' title='bbox 1612 3046 1900 3101; x_wconf 52' lang='lat' dir='ltr'><strong>terminos.</strong></span> 
     </span>
    </p>
   </div>
   <div class='ocr_carea' id='block_1_30' title="bbox 307 3114 1900 3188">
    <p class='ocr_par' dir='ltr' id='par_1_30' title="bbox 307 3114 1900 3188">
     <span class='ocr_line' id='line_1_31' title="bbox 307 3114 1900 3188; baseline 0.003 -24"><span class='ocrx_word' id='word_1_189' title='bbox 307 3128 411 3181; x_wconf 89' lang='lat' dir='ltr'><strong>que</strong></span> <span class='ocrx_word' id='word_1_190' title='bbox 458 3114 605 3167; x_wconf 92' lang='lat' dir='ltr'><strong>orbis</strong></span> <span class='ocrx_word' id='word_1_191' title='bbox 658 3122 923 3167; x_wconf 83' lang='lat' dir='ltr'><strong>terrarum</strong></span> <span class='ocrx_word' id='word_1_192' title='bbox 964 3116 1185 3170; x_wconf 85' lang='lat' dir='ltr'><strong>verbum</strong></span> <span class='ocrx_word' id='word_1_193' title='bbox 1216 3119 1497 3188; x_wconf 75' lang='lat' dir='ltr'><strong>pervasit:</strong></span> <span class='ocrx_word' id='word_1_194' title='bbox 1527 3118 1751 3188; x_wconf 83' lang='lat' dir='ltr'><strong>ejusque</strong></span> <span class='ocrx_word' id='word_1_195' title='bbox 1794 3117 1900 3170; x_wconf 85' lang='lat' dir='ltr'><strong>vim</strong></span> 
     </span>
    </p>
   </div>
   <div class='ocr_carea' id='block_1_31' title="bbox 309 3187 1903 3258">
    <p class='ocr_par' dir='ltr' id='par_1_31' title="bbox 309 3187 1903 3258">
     <span class='ocr_line' id='line_1_32' title="bbox 309 3187 1903 3258; baseline 0.003 -21"><span class='ocrx_word' id='word_1_196' title='bbox 309 3193 458 3258; x_wconf 75' lang='lat' dir='ltr'><strong>tei&#39;ra</strong></span> <span class='ocrx_word' id='word_1_197' title='bbox 492 3193 752 3258; x_wconf 89' lang='lat' dir='ltr'><strong>e_t_mare,</strong></span> <span class='ocrx_word' id='word_1_198' title='bbox 805 3196 910 3238; x_wconf 85' lang='lat' dir='ltr'><strong>tam</strong></span> <span class='ocrx_word' id='word_1_199' title='bbox 949 3200 1014 3240; x_wconf 88' lang='lat' dir='ltr'><strong>ea</strong></span> <span class='ocrx_word' id='word_1_200' title='bbox 1053 3203 1189 3258; x_wconf 75' lang='lat' dir='ltr'><strong>quae</strong></span> <span class='ocrx_word' id='word_1_201' title='bbox 1213 3187 1540 3255; x_wconf 80' lang='lat' dir='ltr'><strong>habitantur,</strong></span> <span class='ocrx_word' id='word_1_202' title='bbox 1586 3187 1746 3258; x_wconf 89' lang='lat' dir='ltr'><strong>quam</strong></span> <span class='ocrx_word' id='word_1_203' title='bbox 1782 3202 1903 3258; x_wconf 71' lang='lat' dir='ltr'><strong>qua:</strong></span> 
     </span>
    </p>
   </div>
   <div class='ocr_carea' id='block_1_32' title="bbox 308 3255 1363 3326">
    <p class='ocr_par' dir='ltr' id='par_1_32' title="bbox 308 3255 1363 3326">
     <span class='ocr_line' id='line_1_33' title="bbox 308 3255 1363 3326; baseline 0.006 -19"><span class='ocrx_word' id='word_1_204' title='bbox 308 3270 413 3308; x_wconf 89' lang='lat' dir='ltr'><strong>nou</strong></span> <span class='ocrx_word' id='word_1_205' title='bbox 447 3255 773 3322; x_wconf 90' lang='lat' dir='ltr'><strong>habitantur,</strong></span> <span class='ocrx_word' id='word_1_206' title='bbox 807 3270 1024 3324; x_wconf 85' lang='lat' dir='ltr'><strong>semper</strong></span> <span class='ocrx_word' id='word_1_207' title='bbox 1053 3255 1363 3326; x_wconf 71' lang='lat' dir='ltr'><strong>pnedicant.</strong></span> 
     </span>
    </p>
   </div>
   <div class='ocr_carea' id='block_1_33' title="bbox 379 3325 1903 3398">
    <p class='ocr_par' dir='ltr' id='par_1_33' title="bbox 379 3325 1903 3398">
     <span class='ocr_line' id='line_1_34' title="bbox 379 3325 1903 3398; baseline 0.001 -18"><span class='ocrx_word' id='word_1_208' title='bbox 379 3326 560 3398; x_wconf 61' lang='lat' dir='ltr'><strong>Grecis</strong></span> <span class='ocrx_word' id='word_1_209' title='bbox 583 3327 783 3394; x_wconf 76' lang='lat' dir='ltr'><strong>signum</strong></span> <span class='ocrx_word' id='word_1_210' title='bbox 804 3325 1080 3398; x_wconf 76' lang='lat' dir='ltr'><strong>gloriosum</strong></span> <span class='ocrx_word' id='word_1_211' title='bbox 1102 3340 1149 3382; x_wconf 83' lang='lat' dir='ltr'><strong>et</strong></span> <span class='ocrx_word' id='word_1_212' title='bbox 1176 3330 1362 3398; x_wconf 80' lang='lat' dir='ltr'><strong>passim</strong></span> <span class='ocrx_word' id='word_1_213' title='bbox 1391 3328 1708 3392; x_wconf 78' lang='lat' dir='ltr'><strong>adhibitum;</strong></span> <span class='ocrx_word' id='word_1_214' title='bbox 1737 3329 1903 3383; x_wconf 79' lang='lat' dir='ltr'><strong>crucis</strong></span> 
     </span>
    </p>
   </div>
   <div class='ocr_carea' id='block_1_34' title="bbox 307 3395 1901 3468">
    <p class='ocr_par' dir='ltr' id='par_1_34' title="bbox 307 3395 1901 3468">
     <span class='ocr_line' id='line_1_35' title="bbox 307 3395 1901 3468; baseline 0.004 -21"><span class='ocrx_word' id='word_1_215' title='bbox 307 3395 562 3468; x_wconf 69' lang='lat' dir='ltr'><strong>mirabilia</strong></span> <span class='ocrx_word' id='word_1_216' title='bbox 602 3411 776 3468; x_wconf 83' lang='lat' dir='ltr'><strong>Opera.</strong></span> <span class='ocrx_word' id='word_1_217' title='bbox 800 3395 872 3436; x_wconf 66' lang='grc' dir='ltr'><strong>ἑ·-</strong></span> <span class='ocrx_word' id='word_1_218' title='bbox 905 3395 1183 3453; x_wconf 80' lang='lat' dir='ltr'><strong>Neminem</strong></span> <span class='ocrx_word' id='word_1_219' title='bbox 1223 3399 1381 3468; x_wconf 83' lang='lat' dir='ltr'><strong>igitur</strong></span> <span class='ocrx_word' id='word_1_220' title='bbox 1423 3402 1777 3468; x_wconf 82' lang='lat' dir='ltr'><strong>gloriosorutn</strong></span> <span class='ocrx_word' id='word_1_221' title='bbox 1814 3413 1901 3454; x_wconf 82' lang='lat' dir='ltr'><strong>sa-</strong></span> 
     </span>
    </p>
   </div>
   <div class='ocr_carea' id='block_1_35' title="bbox 309 3465 1901 3540">
    <p class='ocr_par' dir='ltr' id='par_1_35' title="bbox 309 3465 1901 3540">
     <span class='ocr_line' id='line_1_36' title="bbox 309 3465 1901 3540; baseline 0.002 -20"><span class='ocrx_word' id='word_1_222' title='bbox 309 3465 435 3520; x_wconf 87' lang='lat' dir='ltr'><strong>lutis</strong></span> <span class='ocrx_word' id='word_1_223' title='bbox 465 3476 666 3540; x_wconf 62' lang='lat' dir='ltr'><strong>nostra:</strong></span> <span class='ocrx_word' id='word_1_224' title='bbox 696 3467 967 3536; x_wconf 84' lang='lat' dir='ltr'><strong>signorum</strong></span> <span class='ocrx_word' id='word_1_225' title='bbox 1002 3471 1212 3538; x_wconf 88' lang='lat' dir='ltr'><strong>pudeat,</strong></span> <span class='ocrx_word' id='word_1_226' title='bbox 1245 3465 1578 3540; x_wconf 65' lang='lat' dir='ltr'><strong>summazque</strong></span> <span class='ocrx_word' id='word_1_227' title='bbox 1602 3471 1863 3524; x_wconf 91' lang='lat' dir='ltr'><strong>bonorum</strong></span> <span class='ocrx_word' id='word_1_228' title='bbox 1885 3510 1901 3535; x_wconf 91' lang='lat'><strong>,</strong></span> 
     </span>
    </p>
   </div>
   <div class='ocr_carea' id='block_1_36' title="bbox 308 3538 1903 3606">
    <p class='ocr_par' dir='ltr' id='par_1_36' title="bbox 308 3538 1903 3606">
     <span class='ocr_line' id='line_1_37' title="bbox 308 3538 1903 3606; baseline 0.004 -19"><span class='ocrx_word' id='word_1_229' title='bbox 308 3552 412 3604; x_wconf 87' lang='lat' dir='ltr'><strong>qua</strong></span> <span class='ocrx_word' id='word_1_230' title='bbox 443 3544 499 3590; x_wconf 88' lang='lat' dir='ltr'><strong>et</strong></span> <span class='ocrx_word' id='word_1_231' title='bbox 520 3538 746 3591; x_wconf 82' lang='lat' dir='ltr'><strong>vivimus</strong></span> <span class='ocrx_word' id='word_1_232' title='bbox 777 3546 830 3591; x_wconf 92' lang='lat' dir='ltr'><strong>et</strong></span> <span class='ocrx_word' id='word_1_233' title='bbox 851 3554 1066 3603; x_wconf 87' lang='lat' dir='ltr'><strong>sumus;</strong></span> <span class='ocrx_word' id='word_1_234' title='bbox 1099 3543 1192 3595; x_wconf 91' lang='lat' dir='ltr'><strong>sed</strong></span> <span class='ocrx_word' id='word_1_235' title='bbox 1226 3549 1282 3595; x_wconf 93' lang='lat' dir='ltr'><strong>ut</strong></span> <span class='ocrx_word' id='word_1_236' title='bbox 1302 3538 1578 3606; x_wconf 79' lang='lat' dir='ltr'><strong>coronam,</strong></span> <span class='ocrx_word' id='word_1_237' title='bbox 1606 3542 1684 3595; x_wconf 90' lang='lat' dir='ltr'><strong>sic</strong></span> <span class='ocrx_word' id='word_1_238' title='bbox 1703 3541 1903 3596; x_wconf 79' lang='lat' dir='ltr'><strong>Christi</strong></span> 
     </span>
    </p>
   </div>
   <div class='ocr_carea' id='block_1_37' title="bbox 309 3608 1906 3682">
    <p class='ocr_par' dir='ltr' id='par_1_37' title="bbox 309 3608 1906 3682">
     <span class='ocr_line' id='line_1_38' title="bbox 309 3608 1906 3682; baseline 0.004 -23"><span class='ocrx_word' id='word_1_239' title='bbox 309 3622 523 3682; x_wconf 77' lang='lat' dir='ltr'><strong>crucem</strong></span> <span class='ocrx_word' id='word_1_240' title='bbox 554 3608 808 3682; x_wconf 84' lang='lat' dir='ltr'><strong>feramus.</strong></span> <span class='ocrx_word' id='word_1_241' title='bbox 838 3609 1046 3682; x_wconf 82' lang='lat' dir='ltr'><strong>Etenim</strong></span> <span class='ocrx_word' id='word_1_242' title='bbox 1076 3622 1272 3666; x_wconf 77' lang='lat' dir='ltr'><strong>ucstra:</strong></span> <span class='ocrx_word' id='word_1_243' title='bbox 1301 3611 1575 3682; x_wconf 79' lang='lat' dir='ltr'><strong>religionis</strong></span> <span class='ocrx_word' id='word_1_244' title='bbox 1600 3612 1778 3666; x_wconf 91' lang='lat' dir='ltr'><strong>omnia</strong></span> <span class='ocrx_word' id='word_1_245' title='bbox 1811 3628 1906 3680; x_wconf 91' lang='lat' dir='ltr'><strong>per</strong></span> 
     </span>
    </p>
   </div>
   <div class='ocr_carea' id='block_1_38' title="bbox 311 3677 1902 3752">
    <p class='ocr_par' dir='ltr' id='par_1_38' title="bbox 311 3677 1902 3752">
     <span class='ocr_line' id='line_1_39' title="bbox 311 3677 1902 3752; baseline 0.005 -23"><span class='ocrx_word' id='word_1_246' title='bbox 311 3677 454 3752; x_wconf 77' lang='lat' dir='ltr'><strong>illam</strong></span> <span class='ocrx_word' id='word_1_247' title='bbox 490 3679 834 3752; x_wconf 74' lang='lat' dir='ltr'><strong>perﬁciuntur</strong></span> <span class='ocrx_word' id='word_1_248' title='bbox 859 3698 872 3734; x_wconf 94' lang='lat'><strong>:</strong></span> <span class='ocrx_word' id='word_1_249' title='bbox 902 3681 1014 3752; x_wconf 84' lang='lat' dir='ltr'><strong>sive</strong></span> <span class='ocrx_word' id='word_1_250' title='bbox 1043 3677 1450 3752; x_wconf 65' lang='lat' dir='ltr'><strong>regenerationfe</strong></span> <span class='ocrx_word' id='word_1_251' title='bbox 1479 3697 1614 3748; x_wconf 89' lang='lat' dir='ltr'><strong>opus</strong></span> <span class='ocrx_word' id='word_1_252' title='bbox 1639 3693 1749 3748; x_wconf 79' lang='lat' dir='ltr'><strong>est,</strong></span> <span class='ocrx_word' id='word_1_253' title='bbox 1773 3677 1902 3737; x_wconf 81' lang='lat' dir='ltr'><strong>crus</strong></span> 
     </span>
    </p>
   </div>
   <div class='ocr_carea' id='block_1_39' title="bbox 311 3747 1906 3820">
    <p class='ocr_par' dir='ltr' id='par_1_39' title="bbox 311 3747 1906 3820">
     <span class='ocr_line' id='line_1_40' title="bbox 311 3747 1906 3820; baseline 0.004 -19"><span class='ocrx_word' id='word_1_254' title='bbox 311 3747 497 3820; x_wconf 74' lang='lat' dir='ltr'><strong>adest,</strong></span> <span class='ocrx_word' id='word_1_255' title='bbox 535 3749 649 3803; x_wconf 90' lang='lat' dir='ltr'><strong>sive</strong></span> <span class='ocrx_word' id='word_1_256' title='bbox 691 3750 982 3820; x_wconf 84' lang='lat' dir='ltr'><strong>spiritualis</strong></span> <span class='ocrx_word' id='word_1_257' title='bbox 1031 3747 1131 3808; x_wconf 57' lang='lat' dir='ltr'><strong>ille&#39;</strong></span> <span class='ocrx_word' id='word_1_258' title='bbox 1157 3769 1221 3807; x_wconf 88' lang='lat' dir='ltr'><strong>ac</strong></span> <span class='ocrx_word' id='word_1_259' title='bbox 1268 3747 1578 3807; x_wconf 84' lang='lat' dir='ltr'><strong>tremendus</strong></span> <span class='ocrx_word' id='word_1_260' title='bbox 1618 3753 1771 3807; x_wconf 85' lang='lat' dir='ltr'><strong>cibus</strong></span> <span class='ocrx_word' id='word_1_261' title='bbox 1816 3770 1906 3808; x_wconf 88' lang='lat' dir='ltr'><strong>su-</strong></span> 
     </span>
    </p>
   </div>
   <div class='ocr_carea' id='block_1_40' title="bbox 313 3819 1901 3893">
    <p class='ocr_par' dir='ltr' id='par_1_40' title="bbox 313 3819 1901 3893">
     <span class='ocr_line' id='line_1_41' title="bbox 313 3819 1901 3893; baseline 0.005 -23"><span class='ocrx_word' id='word_1_262' title='bbox 313 3819 694 3893; x_wconf 64' lang='lat' dir='ltr'><strong>mcudus__est,</strong></span> <span class='ocrx_word' id='word_1_263' title='bbox 725 3819 844 3875; x_wconf 42' lang='lat' dir='ltr'><strong>&#39;sive</strong></span> <span class='ocrx_word' id='word_1_264' title='bbox 886 3822 938 3893; x_wconf 86' lang='lat' dir='ltr'><strong>in</strong></span> <span class='ocrx_word' id='word_1_265' title='bbox 988 3823 1231 3877; x_wconf 87' lang='lat' dir='ltr'><strong>ordinem</strong></span> <span class='ocrx_word' id='word_1_266' title='bbox 1275 3825 1697 3879; x_wconf 80' lang='lat' dir='ltr'><strong>ecclesiasticum</strong></span> <span class='ocrx_word' id='word_1_267' title='bbox 1741 3824 1901 3893; x_wconf 78' lang='lat' dir='ltr'><strong>aliqui</strong></span> 
     </span>
    </p>
   </div>
   <div class='ocr_carea' id='block_1_41' title="bbox 310 3889 1905 3964">
    <p class='ocr_par' dir='ltr' id='par_1_41' title="bbox 310 3889 1905 3964">
     <span class='ocr_line' id='line_1_42' title="bbox 310 3889 1905 3964; baseline 0.007 -24"><span class='ocrx_word' id='word_1_268' title='bbox 310 3889 628 3964; x_wconf 81' lang='lat' dir='ltr'><strong>cooptandi,</strong></span> <span class='ocrx_word' id='word_1_269' title='bbox 654 3891 766 3944; x_wconf 89' lang='lat' dir='ltr'><strong>sive</strong></span> <span class='ocrx_word' id='word_1_270' title='bbox 808 3891 1016 3964; x_wconf 87' lang='lat' dir='ltr'><strong>quidvis</strong></span> <span class='ocrx_word' id='word_1_271' title='bbox 1042 3895 1182 3948; x_wconf 87' lang='lat' dir='ltr'><strong>aliud</strong></span> <span class='ocrx_word' id='word_1_272' title='bbox 1228 3894 1528 3949; x_wconf 79' lang='lat' dir='ltr'><strong>faciendum</strong></span> <span class='ocrx_word' id='word_1_273' title='bbox 1567 3906 1676 3960; x_wconf 89' lang='lat' dir='ltr'><strong>est,</strong></span> <span class='ocrx_word' id='word_1_274' title='bbox 1709 3889 1905 3964; x_wconf 82' lang='lat' dir='ltr'><strong>ubique</strong></span> 
     </span>
    </p>
   </div>
   <div class='ocr_carea' id='block_1_42' title="bbox 312 3961 1903 4030">
    <p class='ocr_par' dir='ltr' id='par_1_42' title="bbox 312 3961 1903 4030">
     <span class='ocr_line' id='line_1_43' title="bbox 312 3961 1903 4030; baseline 0.006 -19"><span class='ocrx_word' id='word_1_275' title='bbox 312 3961 554 4030; x_wconf 67' lang='lat' dir='ltr'><strong>victoria:</strong></span> <span class='ocrx_word' id='word_1_276' title='bbox 583 3971 782 4015; x_wconf 76' lang='lat' dir='ltr'><strong>nostra:</strong></span> <span class='ocrx_word' id='word_1_277' title='bbox 807 3962 1016 4030; x_wconf 88' lang='lat' dir='ltr'><strong>signum</strong></span> <span class='ocrx_word' id='word_1_278' title='bbox 1055 3966 1226 4019; x_wconf 83' lang='lat' dir='ltr'><strong>adest.</strong></span> <span class='ocrx_word' id='word_1_279' title='bbox 1275 3967 1397 4020; x_wconf 84' lang='lat' dir='ltr'><strong>Ideo</strong></span> <span class='ocrx_word' id='word_1_280' title='bbox 1439 3967 1581 4020; x_wconf 91' lang='lat' dir='ltr'><strong>illam</strong></span> <span class='ocrx_word' id='word_1_281' title='bbox 1622 3967 1747 4020; x_wconf 88' lang='lat' dir='ltr'><strong>etin</strong></span> <span class='ocrx_word' id='word_1_282' title='bbox 1776 3961 1903 4020; x_wconf 59' lang='lat' dir='ltr'><strong>aidi-</strong></span> 
     </span>
    </p>
   </div>
   <div class='ocr_carea' id='block_1_43' title="bbox 313 4029 1902 4098">
    <p class='ocr_par' dir='ltr' id='par_1_43' title="bbox 313 4029 1902 4098">
     <span class='ocr_line' id='line_1_44' title="bbox 313 4029 1902 4098; baseline 0.006 -16"><span class='ocrx_word' id='word_1_283' title='bbox 313 4029 431 4088; x_wconf 83' lang='lat' dir='ltr'><strong>lius.</strong></span> <span class='ocrx_word' id='word_1_284' title='bbox 482 4041 538 4086; x_wconf 83' lang='lat' dir='ltr'><strong>et</strong></span> <span class='ocrx_word' id='word_1_285' title='bbox 586 4030 640 4084; x_wconf 90' lang='lat' dir='ltr'><strong>in</strong></span> <span class='ocrx_word' id='word_1_286' title='bbox 692 4029 878 4098; x_wconf 72' lang='lat' dir='ltr'><strong>muris,</strong></span> <span class='ocrx_word' id='word_1_287' title='bbox 913 4045 967 4088; x_wconf 92' lang='lat' dir='ltr'><strong>et</strong></span> <span class='ocrx_word' id='word_1_288' title='bbox 1005 4035 1057 4088; x_wconf 93' lang='lat' dir='ltr'><strong>in</strong></span> <span class='ocrx_word' id='word_1_289' title='bbox 1103 4037 1331 4098; x_wconf 84' lang='lat' dir='ltr'><strong>foribus,</strong></span> <span class='ocrx_word' id='word_1_290' title='bbox 1375 4047 1429 4090; x_wconf 87' lang='lat' dir='ltr'><strong>et</strong></span> <span class='ocrx_word' id='word_1_291' title='bbox 1456 4038 1506 4091; x_wconf 89' lang='lat' dir='ltr'><strong>in</strong></span> <span class='ocrx_word' id='word_1_292' title='bbox 1546 4040 1717 4090; x_wconf 70' lang='lat' dir='ltr'><strong>l&#39;ronte</strong></span> <span class='ocrx_word' id='word_1_293' title='bbox 1751 4045 1807 4092; x_wconf 77' lang='lat' dir='ltr'><strong>ct</strong></span> <span class='ocrx_word' id='word_1_294' title='bbox 1852 4038 1902 4092; x_wconf 90' lang='lat' dir='ltr'><strong>in</strong></span> 
     </span>
    </p>
   </div>
   <div class='ocr_carea' id='block_1_44' title="bbox 314 4107 1903 4177">
    <p class='ocr_par' dir='ltr' id='par_1_44' title="bbox 314 4107 1903 4177">
     <span class='ocr_line' id='line_1_45' title="bbox 314 4107 1903 4177; baseline 0.006 -25"><span class='ocrx_word' id='word_1_295' title='bbox 314 4111 493 4177; x_wconf 64' lang='lat' dir='ltr'><strong>tuente</strong></span> <span class='ocrx_word' id='word_1_296' title='bbox 532 4117 652 4155; x_wconf 90' lang='lat' dir='ltr'><strong>cum</strong></span> <span class='ocrx_word' id='word_1_297' title='bbox 685 4118 877 4177; x_wconf 84' lang='lat' dir='ltr'><strong>magno</strong></span> <span class='ocrx_word' id='word_1_298' title='bbox 911 4107 1088 4160; x_wconf 90' lang='lat' dir='ltr'><strong>studio</strong></span> <span class='ocrx_word' id='word_1_299' title='bbox 1121 4107 1478 4177; x_wconf 81' lang='lat' dir='ltr'><strong>depingimus.</strong></span> <span class='ocrx_word' id='word_1_300' title='bbox 1517 4107 1725 4162; x_wconf 75' lang='lat' dir='ltr'><strong>Nostra:</strong></span> <span class='ocrx_word' id='word_1_301' title='bbox 1760 4109 1903 4164; x_wconf 92' lang='lat' dir='ltr'><strong>enim</strong></span> 
     </span>
    </p>
   </div>
   <div class='ocr_carea' id='block_1_45' title="bbox 311 4172 1903 4242">
    <p class='ocr_par' dir='ltr' id='par_1_45' title="bbox 311 4172 1903 4242">
     <span class='ocr_line' id='line_1_46' title="bbox 311 4172 1903 4242; baseline 0.006 -19"><span class='ocrx_word' id='word_1_302' title='bbox 311 4172 498 4225; x_wconf 83' lang='lat' dir='ltr'><strong>Salutis</strong></span> <span class='ocrx_word' id='word_1_303' title='bbox 534 4172 940 4242; x_wconf 85' lang='lat' dir='ltr'><strong>communisque</strong></span> <span class='ocrx_word' id='word_1_304' title='bbox 981 4172 1239 4232; x_wconf 84' lang='lat' dir='ltr'><strong>libertatis</strong></span> <span class='ocrx_word' id='word_1_305' title='bbox 1289 4172 1346 4233; x_wconf 63' lang='lat' dir='ltr'><strong>Et</strong></span> <span class='ocrx_word' id='word_1_306' title='bbox 1393 4179 1644 4232; x_wconf 82' lang='lat' dir='ltr'><strong>bonitatis</strong></span> <span class='ocrx_word' id='word_1_307' title='bbox 1695 4180 1903 4234; x_wconf 87' lang='lat' dir='ltr'><strong>Domini</strong></span> 
     </span>
    </p>
   </div>
   <div class='ocr_carea' id='block_1_46' title="bbox 314 4243 1904 4317">
    <p class='ocr_par' dir='ltr' id='par_1_46' title="bbox 314 4243 1904 4317">
     <span class='ocr_line' id='line_1_47' title="bbox 314 4243 1904 4317; baseline 0.005 -23"><span class='ocrx_word' id='word_1_308' title='bbox 314 4243 615 4317; x_wconf 71' lang='lat' dir='ltr'><strong>nostrilioc</strong></span> <span class='ocrx_word' id='word_1_309' title='bbox 643 4245 873 4317; x_wconf 85' lang='lat' dir='ltr'><strong>siguum_</strong></span> <span class='ocrx_word' id='word_1_310' title='bbox 895 4257 1013 4301; x_wconf 86' lang='lat' dir='ltr'><strong>est:</strong></span> <span class='ocrx_word' id='word_1_311' title='bbox 1047 4247 1325 4317; x_wconf 82' lang='lat' dir='ltr'><strong>Tamquam</strong></span> <span class='ocrx_word' id='word_1_312' title='bbox 1358 4251 1502 4304; x_wconf 90' lang='lat' dir='ltr'><strong>enim</strong></span> <span class='ocrx_word' id='word_1_313' title='bbox 1546 4250 1651 4303; x_wconf 79' lang='lat' dir='ltr'><strong>ovis</strong></span> <span class='ocrx_word' id='word_1_314' title='bbox 1691 4252 1757 4303; x_wconf 84' lang='lat' dir='ltr'><strong>ad</strong></span> <span class='ocrx_word' id='word_1_315' title='bbox 1804 4267 1904 4304; x_wconf 76' lang='lat' dir='ltr'><strong>ca:-</strong></span> 
     </span>
    </p>
   </div>
   <div class='ocr_carea' id='block_1_47' title="bbox 312 4313 1906 4398">
    <p class='ocr_par' dir='ltr' id='par_1_47' title="bbox 312 4313 1906 4398">
     <span class='ocr_line' id='line_1_48' title="bbox 312 4313 1906 4398; baseline 0.004 -32"><span class='ocrx_word' id='word_1_316' title='bbox 312 4313 662 4398; x_wconf 31' lang='lat' dir='ltr'><strong>tlemnductus.</strong></span> <span class='ocrx_word' id='word_1_317' title='bbox 701 4325 781 4398; x_wconf 72' lang='lat' dir='ltr'><strong>est</strong></span> <span class='ocrx_word' id='word_1_318' title='bbox 823 4314 973 4386; x_wconf 65' lang='lat' dir='ltr'><strong>(Iani.</strong></span> <span class='ocrx_word' id='word_1_319' title='bbox 1023 4320 1120 4398; x_wconf 35' lang='lat'><strong>55..</strong></span> <span class='ocrx_word' id='word_1_320' title='bbox 1158 4313 1234 4391; x_wconf 79' lang='grc'><strong>7).</strong></span> <span class='ocrx_word' id='word_1_321' title='bbox 1285 4321 1508 4386; x_wconf 78' lang='lat' dir='ltr'><strong>Quando</strong></span> <span class='ocrx_word' id='word_1_322' title='bbox 1555 4336 1684 4390; x_wconf 83' lang='lat' dir='ltr'><strong>ergo</strong></span> <span class='ocrx_word' id='word_1_323' title='bbox 1729 4323 1906 4398; x_wconf 80' lang='lat' dir='ltr'><strong>coasi-</strong></span> 
     </span>
    </p>
   </div>
   <div class='ocr_carea' id='block_1_48' title="bbox 310 4393 1904 4464">
    <p class='ocr_par' dir='ltr' id='par_1_48' title="bbox 310 4393 1904 4464">
     <span class='ocr_line' id='line_1_49' title="bbox 310 4393 1904 4464; baseline 0.008 -28"><span class='ocrx_word' id='word_1_324' title='bbox 310 4393 510 4464; x_wconf 77' lang='lat' dir='ltr'><strong>gnaris,</strong></span> <span class='ocrx_word' id='word_1_325' title='bbox 543 4393 718 4464; x_wconf 78' lang='lat' dir='ltr'><strong>cogita</strong></span> <span class='ocrx_word' id='word_1_326' title='bbox 769 4395 933 4464; x_wconf 83' lang='lat' dir='ltr'><strong>totum</strong></span> <span class='ocrx_word' id='word_1_327' title='bbox 968 4393 1153 4464; x_wconf 79' lang='lat' dir='ltr'><strong>erucis</strong></span> <span class='ocrx_word' id='word_1_328' title='bbox 1189 4403 1582 4461; x_wconf 59' lang='lat' dir='ltr'><strong>argumentun‘i,</strong></span> <span class='ocrx_word' id='word_1_329' title='bbox 1627 4394 1904 4461; x_wconf 79' lang='lat' dir='ltr'><strong>exstingue</strong></span> 
     </span>
    </p>
   </div>
   <div class='ocr_carea' id='block_1_49' title="bbox 313 4460 1901 4533">
    <p class='ocr_par' dir='ltr' id='par_1_49' title="bbox 313 4460 1901 4533">
     <span class='ocr_line' id='line_1_50' title="bbox 313 4460 1901 4533; baseline 0.007 -26"><span class='ocrx_word' id='word_1_330' title='bbox 313 4460 443 4507; x_wconf 86' lang='lat' dir='ltr'><strong>iram</strong></span> <span class='ocrx_word' id='word_1_331' title='bbox 473 4467 525 4508; x_wconf 88' lang='lat' dir='ltr'><strong>et</strong></span> <span class='ocrx_word' id='word_1_332' title='bbox 543 4460 792 4533; x_wconf 77' lang='lat' dir='ltr'><strong>__reliqttos</strong></span> <span class='ocrx_word' id='word_1_333' title='bbox 818 4460 984 4516; x_wconf 80' lang='lat' dir='ltr'><strong>animi</strong></span> <span class='ocrx_word' id='word_1_334' title='bbox 1006 4463 1226 4516; x_wconf 86' lang='lat' dir='ltr'><strong>all&#39;eetus</strong></span> <span class='ocrx_word' id='word_1_335' title='bbox 1244 4460 1264 4528; x_wconf 50' lang='grc'><strong>;⁷</strong></span> <span class='ocrx_word' id='word_1_336' title='bbox 1289 4464 1502 4532; x_wconf 89' lang='lat' dir='ltr'><strong>quando</strong></span> <span class='ocrx_word' id='word_1_337' title='bbox 1539 4460 1901 4533; x_wconf 80' lang='lat' dir='ltr'><strong>consignaris,</strong></span> 
     </span>
    </p>
   </div>
   <div class='ocr_carea' id='block_1_50' title="bbox 313 4528 1902 4602">
    <p class='ocr_par' dir='ltr' id='par_1_50' title="bbox 313 4528 1902 4602">
     <span class='ocr_line' id='line_1_51' title="bbox 313 4528 1902 4602; baseline 0.009 -26"><span class='ocrx_word' id='word_1_338' title='bbox 313 4539 503 4602; x_wconf 66' lang='lat' dir='ltr'><strong>magna</strong></span> <span class='ocrx_word' id='word_1_339' title='bbox 537 4528 728 4602; x_wconf 74' lang='lat' dir='ltr'><strong>liducia</strong></span> <span class='ocrx_word' id='word_1_340' title='bbox 771 4530 997 4584; x_wconf 66' lang='lat' dir='ltr'><strong>{mntem</strong></span> <span class='ocrx_word' id='word_1_341' title='bbox 1039 4533 1228 4602; x_wconf 86' lang='lat' dir='ltr'><strong>imple,</strong></span> <span class='ocrx_word' id='word_1_342' title='bbox 1262 4528 1498 4588; x_wconf 82' lang='lat' dir='ltr'><strong>animum</strong></span> <span class='ocrx_word' id='word_1_343' title='bbox 1540 4528 1813 4589; x_wconf 49' lang='lat' dir='ltr'><strong>tuum&#39;l&#39;ac</strong></span> <span class='ocrx_word' id='word_1_344' title='bbox 1839 4528 1902 4589; x_wconf 56' lang='lat' dir='ltr'><strong>li?</strong></span> 
     </span>
    </p>
   </div>
   <div class='ocr_carea' id='block_1_51' title="bbox 315 4594 1901 4676">
    <p class='ocr_par' dir='ltr' id='par_1_51' title="bbox 315 4594 1901 4676">
     <span class='ocr_line' id='line_1_52' title="bbox 315 4594 1901 4676; baseline 0.008 -29"><span class='ocrx_word' id='word_1_345' title='bbox 315 4594 524 4676; x_wconf 68' lang='lat' dir='ltr'><strong>herum.</strong></span> <span class='ocrx_word' id='word_1_346' title='bbox 552 4599 710 4676; x_wconf 57' lang='lat' dir='ltr'><strong>Scitis</strong></span> <span class='ocrx_word' id='word_1_347' title='bbox 736 4594 1378 4676; x_wconf 43' lang='lat' dir='ltr'><strong>autetnplane-quamam</strong></span> <span class='ocrx_word' id='word_1_348' title='bbox 1420 4606 1571 4659; x_wconf 87' lang='lat' dir='ltr'><strong>nobis</strong></span> <span class='ocrx_word' id='word_1_349' title='bbox 1601 4606 1901 4661; x_wconf 87' lang='lat' dir='ltr'><strong>libertatem</strong></span> 
     </span>
    </p>
   </div>
   <div class='ocr_carea' id='block_1_52' title="bbox 311 4667 1901 4747">
    <p class='ocr_par' dir='ltr' id='par_1_52' title="bbox 311 4667 1901 4747">
     <span class='ocr_line' id='line_1_53' title="bbox 311 4667 1901 4747; baseline 0.008 -28"><span class='ocrx_word' id='word_1_350' title='bbox 311 4667 557 4747; x_wconf 58' lang='lat' dir='ltr'><strong>alie-rant.</strong></span> <span class='ocrx_word' id='word_1_351' title='bbox 589 4668 770 4740; x_wconf 84' lang='lat' dir='ltr'><strong>itaque</strong></span> <span class='ocrx_word' id='word_1_352' title='bbox 797 4667 1007 4747; x_wconf 52' lang='lat' dir='ltr'><strong>Paulus</strong></span> <span class='ocrx_word' id='word_1_353' title='bbox 1038 4667 1239 4729; x_wconf 52' lang='lat' dir='ltr'><strong>nos&#39;ad</strong></span> <span class='ocrx_word' id='word_1_354' title='bbox 1275 4676 1373 4729; x_wconf 91' lang='lat' dir='ltr'><strong>hoc</strong></span> <span class='ocrx_word' id='word_1_355' title='bbox 1420 4677 1590 4744; x_wconf 88' lang='lat' dir='ltr'><strong>ipsum</strong></span> <span class='ocrx_word' id='word_1_356' title='bbox 1636 4678 1901 4744; x_wconf 88' lang='lat' dir='ltr'><strong>incitans,</strong></span> 
     </span>
    </p>
   </div>
   <div class='ocr_carea' id='block_1_53' title="bbox 311 4735 1904 4818">
    <p class='ocr_par' dir='ltr' id='par_1_53' title="bbox 311 4735 1904 4818">
     <span class='ocr_line' id='line_1_54' title="bbox 311 4735 1904 4818; baseline 0.009 -30"><span class='ocrx_word' id='word_1_357' title='bbox 311 4735 379 4789; x_wconf 76' lang='lat' dir='ltr'><strong>ad</strong></span> <span class='ocrx_word' id='word_1_358' title='bbox 429 4735 726 4818; x_wconf 72' lang='lat' dir='ltr'><strong>libertatein</strong></span> <span class='ocrx_word' id='word_1_359' title='bbox 777 4741 896 4818; x_wconf 80' lang='lat' dir='ltr'><strong>dico</strong></span> <span class='ocrx_word' id='word_1_360' title='bbox 944 4759 1063 4812; x_wconf 78' lang='lat' dir='ltr'><strong>qua:</strong></span> <span class='ocrx_word' id='word_1_361' title='bbox 1107 4747 1258 4818; x_wconf 89' lang='lat' dir='ltr'><strong>nobis</strong></span> <span class='ocrx_word' id='word_1_362' title='bbox 1298 4735 1580 4816; x_wconf 78' lang='lat' dir='ltr'><strong>competit,</strong></span> <span class='ocrx_word' id='word_1_363' title='bbox 1621 4735 1904 4803; x_wconf 57' lang='lat' dir='ltr'><strong>dominicai</strong></span> 
     </span>
    </p>
   </div>
   <div class='ocr_carea' id='block_1_54' title="bbox 311 4815 1900 4881">
    <p class='ocr_par' dir='ltr' id='par_1_54' title="bbox 311 4815 1900 4881">
     <span class='ocr_line' id='line_1_55' title="bbox 311 4815 1900 4881; baseline 0.011 -24"><span class='ocrx_word' id='word_1_364' title='bbox 311 4815 486 4881; x_wconf 72' lang='lat' dir='ltr'><strong>crucis</strong></span> <span class='ocrx_word' id='word_1_365' title='bbox 511 4825 575 4863; x_wconf 85' lang='lat' dir='ltr'><strong>ac</strong></span> <span class='ocrx_word' id='word_1_366' title='bbox 626 4815 898 4881; x_wconf 70' lang='lat' dir='ltr'><strong>sanguinis</strong></span> <span class='ocrx_word' id='word_1_367' title='bbox 927 4817 1296 4872; x_wconf 81' lang='lat' dir='ltr'><strong>recordatione</strong></span> <span class='ocrx_word' id='word_1_368' title='bbox 1343 4815 1525 4872; x_wconf 79' lang='lat' dir='ltr'><strong>invitat</strong></span> <span class='ocrx_word' id='word_1_369' title='bbox 1555 4818 1653 4872; x_wconf 89' lang='lat' dir='ltr'><strong>hoe</strong></span> <span class='ocrx_word' id='word_1_370' title='bbox 1700 4823 1857 4874; x_wconf 73' lang='lat' dir='ltr'><strong>niodo</strong></span> <span class='ocrx_word' id='word_1_371' title='bbox 1886 4838 1900 4875; x_wconf 92' lang='lat'><strong>:</strong></span> 
     </span>
    </p>
   </div>
   <div class='ocr_carea' id='block_1_55' title="bbox 313 4875 1903 4960">
    <p class='ocr_par' dir='ltr' id='par_1_55' title="bbox 313 4875 1903 4960">
     <span class='ocr_line' id='line_1_56' title="bbox 313 4875 1903 4960; baseline 0.011 -32"><span class='ocrx_word' id='word_1_372' title='bbox 313 4875 489 4960; x_wconf 42' lang='lat' dir='ltr'><strong>Pretio</strong></span> <span class='ocrx_word' id='word_1_373' title='bbox 507 4882 680 4960; x_wconf 69' lang='lat' dir='ltr'><strong>enim,</strong></span> <span class='ocrx_word' id='word_1_374' title='bbox 711 4875 911 4960; x_wconf 50' lang='lat' dir='ltr'><strong>inquit,</strong></span> <span class='ocrx_word' id='word_1_375' title='bbox 926 4887 1085 4960; x_wconf 71' lang='lat' dir='ltr'><strong>empti</strong></span> <span class='ocrx_word' id='word_1_376' title='bbox 1112 4890 1259 4954; x_wconf 82' lang='lat' dir='ltr'><strong>estis;</strong></span> <span class='ocrx_word' id='word_1_377' title='bbox 1292 4891 1444 4942; x_wconf 82' lang='lat' dir='ltr'><strong>nolite</strong></span> <span class='ocrx_word' id='word_1_378' title='bbox 1472 4893 1602 4944; x_wconf 82' lang='lat' dir='ltr'><strong>servi</strong></span> <span class='ocrx_word' id='word_1_379' title='bbox 1645 4892 1903 4946; x_wconf 83' lang='lat' dir='ltr'><strong>hominum</strong></span> 
     </span>
    </p>
   </div>
   <div class='ocr_carea' id='block_1_56' title="bbox 312 4948 1900 5032">
    <p class='ocr_par' dir='ltr' id='par_1_56' title="bbox 312 4948 1900 5032">
     <span class='ocr_line' id='line_1_57' title="bbox 312 4948 1900 5032; baseline 0.011 -32"><span class='ocrx_word' id='word_1_380' title='bbox 312 4948 550 5032; x_wconf 53' lang='lat' dir='ltr'><strong>emt-iii.</strong></span> <span class='ocrx_word' id='word_1_381' title='bbox 586 4952 714 5032; x_wconf 68' lang='grc' dir='ltr'><strong>ρον.</strong></span> <span class='ocrx_word' id='word_1_382' title='bbox 754 4948 805 5007; x_wconf 69' lang='lat'><strong>7‘.</strong></span> <span class='ocrx_word' id='word_1_383' title='bbox 848 4956 962 5023; x_wconf 73' lang='lat'><strong>25).</strong></span> <span class='ocrx_word' id='word_1_384' title='bbox 997 4948 1212 5032; x_wconf 85' lang='lat' dir='ltr'><strong>Cogita,</strong></span> <span class='ocrx_word' id='word_1_385' title='bbox 1241 4948 1450 5032; x_wconf 55' lang='lat' dir='ltr'><strong>inquit,</strong></span> <span class='ocrx_word' id='word_1_386' title='bbox 1493 4965 1720 5030; x_wconf 81' lang='lat' dir='ltr'><strong>pretium</strong></span> <span class='ocrx_word' id='word_1_387' title='bbox 1757 4964 1900 5032; x_wconf 81' lang='lat' dir='ltr'><strong>quod</strong></span> 
     </span>
    </p>
   </div>
   <div class='ocr_carea' id='block_1_57' title="bbox 313 5023 1899 5090">
    <p class='ocr_par' dir='ltr' id='par_1_57' title="bbox 313 5023 1899 5090">
     <span class='ocr_line' id='line_1_58' title="bbox 313 5023 1899 5090; baseline 0.014 -22"><span class='ocrx_word' id='word_1_388' title='bbox 313 5034 411 5087; x_wconf 82' lang='lat' dir='ltr'><strong>pro</strong></span> <span class='ocrx_word' id='word_1_389' title='bbox 438 5031 488 5074; x_wconf 89' lang='lat' dir='ltr'><strong>te</strong></span> <span class='ocrx_word' id='word_1_390' title='bbox 518 5023 750 5077; x_wconf 87' lang='lat' dir='ltr'><strong>solutum</strong></span> <span class='ocrx_word' id='word_1_391' title='bbox 790 5037 891 5090; x_wconf 89' lang='lat' dir='ltr'><strong>est,</strong></span> <span class='ocrx_word' id='word_1_392' title='bbox 921 5039 973 5080; x_wconf 93' lang='lat' dir='ltr'><strong>et</strong></span> <span class='ocrx_word' id='word_1_393' title='bbox 1018 5023 1216 5084; x_wconf 71' lang='lat' dir='ltr'><strong>nullius</strong></span> <span class='ocrx_word' id='word_1_394' title='bbox 1246 5023 1708 5090; x_wconf 54' lang='lat' dir='ltr'><strong>hominis&#39;servus</strong></span> <span class='ocrx_word' id='word_1_395' title='bbox 1749 5023 1856 5089; x_wconf 73' lang='lat' dir='ltr'><strong>eris</strong></span> <span class='ocrx_word' id='word_1_396' title='bbox 1887 5055 1899 5090; x_wconf 91' lang='lat'><strong>:</strong></span> 
     </span>
    </p>
   </div>
   <div class='ocr_carea' id='block_1_58' title="bbox 311 5091 1902 5176">
    <p class='ocr_par' dir='ltr' id='par_1_58' title="bbox 311 5091 1902 5176">
     <span class='ocr_line' id='line_1_59' title="bbox 311 5091 1902 5176; baseline 0.014 -36"><span class='ocrx_word' id='word_1_397' title='bbox 311 5091 506 5176; x_wconf 85' lang='lat' dir='ltr'><strong>quibus</strong></span> <span class='ocrx_word' id='word_1_398' title='bbox 554 5095 732 5176; x_wconf 60' lang='lat' dir='ltr'><strong>verbis</strong></span> <span class='ocrx_word' id='word_1_399' title='bbox 784 5099 1009 5176; x_wconf 65' lang='lat' dir='ltr'><strong>pretium</strong></span> <span class='ocrx_word' id='word_1_400' title='bbox 1055 5102 1292 5176; x_wconf 81' lang='lat' dir='ltr'><strong>appellat</strong></span> <span class='ocrx_word' id='word_1_401' title='bbox 1328 5105 1672 5176; x_wconf 84' lang='lat' dir='ltr'><strong>sanguinem,</strong></span> <span class='ocrx_word' id='word_1_402' title='bbox 1722 5107 1810 5176; x_wconf 90' lang='lat' dir='ltr'><strong>qui</strong></span> <span class='ocrx_word' id='word_1_403' title='bbox 1850 5108 1902 5162; x_wconf 92' lang='lat' dir='ltr'><strong>in</strong></span> 
     </span>
    </p>
   </div>
   <div class='ocr_carea' id='block_1_59' title="bbox 309 5165 1904 5242">
    <p class='ocr_par' dir='ltr' id='par_1_59' title="bbox 309 5165 1904 5242">
     <span class='ocr_line' id='line_1_60' title="bbox 309 5165 1904 5242; baseline 0.013 -29"><span class='ocrx_word' id='word_1_404' title='bbox 309 5175 470 5242; x_wconf 75' lang='lat' dir='ltr'><strong>cruce</strong></span> <span class='ocrx_word' id='word_1_405' title='bbox 501 5165 752 5242; x_wconf 73' lang='lat' dir='ltr'><strong>profusus</strong></span> <span class='ocrx_word' id='word_1_406' title='bbox 783 5176 885 5242; x_wconf 69' lang='lat' dir='ltr'><strong>est.</strong></span> <span class='ocrx_word' id='word_1_407' title='bbox 920 5167 1032 5221; x_wconf 87' lang='lat' dir='ltr'><strong>Non</strong></span> <span class='ocrx_word' id='word_1_408' title='bbox 1065 5165 1206 5224; x_wconf 74' lang='lat' dir='ltr'><strong>enim</strong></span> <span class='ocrx_word' id='word_1_409' title='bbox 1252 5165 1564 5240; x_wconf 70' lang='lat' dir='ltr'><strong>simpliciter</strong></span> <span class='ocrx_word' id='word_1_410' title='bbox 1607 5165 1772 5237; x_wconf 69' lang='lat' dir='ltr'><strong>digito</strong></span> <span class='ocrx_word' id='word_1_411' title='bbox 1804 5178 1904 5232; x_wconf 82' lang='lat' dir='ltr'><strong>iiii-</strong></span> 
     </span>
    </p>
   </div>
   <div class='ocr_carea' id='block_1_60' title="bbox 313 5234 1904 5313">
    <p class='ocr_par' dir='ltr' id='par_1_60' title="bbox 313 5234 1904 5313">
     <span class='ocr_line' id='line_1_61' title="bbox 313 5234 1904 5313; baseline 0.014 -29"><span class='ocrx_word' id='word_1_412' title='bbox 313 5234 591 5313; x_wconf 70' lang='lat' dir='ltr'><strong>priuienda</strong></span> <span class='ocrx_word' id='word_1_413' title='bbox 638 5247 690 5290; x_wconf 90' lang='lat' dir='ltr'><strong>et</strong></span> <span class='ocrx_word' id='word_1_414' title='bbox 737 5240 1252 5313; x_wconf 70' lang='lat' dir='ltr'><strong>consiguandaest,</strong></span> <span class='ocrx_word' id='word_1_415' title='bbox 1296 5234 1389 5297; x_wconf 85' lang='lat' dir='ltr'><strong>sed</strong></span> <span class='ocrx_word' id='word_1_416' title='bbox 1438 5247 1586 5313; x_wconf 81' lang='lat' dir='ltr'><strong>prius</strong></span> <span class='ocrx_word' id='word_1_417' title='bbox 1630 5234 1904 5306; x_wconf 74' lang='lat' dir='ltr'><strong>voluntate</strong></span> 
     </span>
    </p>
   </div>
   <div class='ocr_carea' id='block_1_61' title="bbox 310 5304 1900 5386">
    <p class='ocr_par' dir='ltr' id='par_1_61' title="bbox 310 5304 1900 5386">
     <span class='ocr_line' id='line_1_62' title="bbox 310 5304 1900 5386; baseline 0.013 -34"><span class='ocrx_word' id='word_1_418' title='bbox 310 5318 372 5386; x_wconf 77' lang='lat' dir='ltr'><strong>ac</strong></span> <span class='ocrx_word' id='word_1_419' title='bbox 396 5304 621 5386; x_wconf 80' lang='lat' dir='ltr'><strong>judicio,</strong></span> <span class='ocrx_word' id='word_1_420' title='bbox 652 5322 774 5361; x_wconf 91' lang='lat' dir='ltr'><strong>cum</strong></span> <span class='ocrx_word' id='word_1_421' title='bbox 818 5304 1009 5386; x_wconf 72' lang='lat' dir='ltr'><strong>magna</strong></span> <span class='ocrx_word' id='word_1_422' title='bbox 1053 5311 1187 5377; x_wconf 83' lang='lat' dir='ltr'><strong>lide;</strong></span> <span class='ocrx_word' id='word_1_423' title='bbox 1220 5304 1320 5384; x_wconf 88' lang='lat' dir='ltr'><strong>qua</strong></span> <span class='ocrx_word' id='word_1_424' title='bbox 1368 5304 1448 5369; x_wconf 68' lang='lat' dir='ltr'><strong>sic</strong></span> <span class='ocrx_word' id='word_1_425' title='bbox 1489 5317 1539 5369; x_wconf 91' lang='lat' dir='ltr'><strong>in</strong></span> <span class='ocrx_word' id='word_1_426' title='bbox 1574 5321 1743 5373; x_wconf 88' lang='lat' dir='ltr'><strong>oculis</strong></span> <span class='ocrx_word' id='word_1_427' title='bbox 1784 5304 1900 5373; x_wconf 47' lang='lat' dir='ltr'><strong>vui;</strong></span> 
     </span>
    </p>
   </div>
   <div class='ocr_carea' id='block_1_62' title="bbox 310 5379 1903 5457">
    <p class='ocr_par' dir='ltr' id='par_1_62' title="bbox 310 5379 1903 5457">
     <span class='ocr_line' id='line_1_63' title="bbox 310 5379 1903 5457; baseline 0.012 -33"><span class='ocrx_word' id='word_1_428' title='bbox 310 5381 474 5440; x_wconf 85' lang='lat' dir='ltr'><strong>tuque</strong></span> <span class='ocrx_word' id='word_1_429' title='bbox 518 5379 799 5457; x_wconf 72' lang='lat' dir='ltr'><strong>impressa,</strong></span> <span class='ocrx_word' id='word_1_430' title='bbox 833 5379 1162 5457; x_wconf 80' lang='lat' dir='ltr'><strong>impurorum</strong></span> <span class='ocrx_word' id='word_1_431' title='bbox 1199 5379 1654 5457; x_wconf 58' lang='lat' dir='ltr'><strong>scelestoi&#39;umque</strong></span> <span class='ocrx_word' id='word_1_432' title='bbox 1698 5390 1903 5444; x_wconf 66' lang='lat' dir='ltr'><strong>dmino-</strong></span> 
     </span>
    </p>
   </div>
   <div class='ocr_carea' id='block_1_63' title="bbox 313 5447 1903 5527">
    <p class='ocr_par' dir='ltr' id='par_1_63' title="bbox 313 5447 1903 5527">
     <span class='ocr_line' id='line_1_64' title="bbox 313 5447 1903 5527; baseline 0.016 -33"><span class='ocrx_word' id='word_1_433' title='bbox 313 5459 447 5527; x_wconf 69' lang='lat' dir='ltr'><strong>nniu</strong></span> <span class='ocrx_word' id='word_1_434' title='bbox 473 5447 650 5501; x_wconf 87' lang='lat' dir='ltr'><strong>nullus</strong></span> <span class='ocrx_word' id='word_1_435' title='bbox 674 5450 738 5502; x_wconf 85' lang='lat' dir='ltr'><strong>ad</strong></span> <span class='ocrx_word' id='word_1_436' title='bbox 764 5461 820 5527; x_wconf 70' lang='lat' dir='ltr'><strong>te</strong></span> <span class='ocrx_word' id='word_1_437' title='bbox 846 5452 1102 5527; x_wconf 83' lang='lat' dir='ltr'><strong>accedere</strong></span> <span class='ocrx_word' id='word_1_438' title='bbox 1140 5471 1390 5525; x_wconf 87' lang='lat' dir='ltr'><strong>umquam</strong></span> <span class='ocrx_word' id='word_1_439' title='bbox 1433 5447 1644 5527; x_wconf 66' lang='lat' dir='ltr'><strong>poterit,</strong></span> <span class='ocrx_word' id='word_1_440' title='bbox 1676 5477 1903 5519; x_wconf 80' lang='lat' dir='ltr'><strong>cernens</strong></span> 
     </span>
    </p>
   </div>
   <div class='ocr_carea' id='block_1_64' title="bbox 311 5516 1899 5603">
    <p class='ocr_par' dir='ltr' id='par_1_64' title="bbox 311 5516 1899 5603">
     <span class='ocr_line' id='line_1_65' title="bbox 311 5516 1899 5603; baseline 0.014 -39"><span class='ocrx_word' id='word_1_441' title='bbox 311 5516 543 5603; x_wconf 72' lang='lat' dir='ltr'><strong>gladium</strong></span> <span class='ocrx_word' id='word_1_442' title='bbox 577 5535 684 5603; x_wconf 77' lang='lat' dir='ltr'><strong>quo</strong></span> <span class='ocrx_word' id='word_1_443' title='bbox 728 5520 776 5603; x_wconf 80' lang='lat' dir='ltr'><strong>ei</strong></span> <span class='ocrx_word' id='word_1_444' title='bbox 808 5522 999 5603; x_wconf 81' lang='lat' dir='ltr'><strong>vulnus</strong></span> <span class='ocrx_word' id='word_1_445' title='bbox 1045 5516 1301 5603; x_wconf 72' lang='lat' dir='ltr'><strong>inllictuiu</strong></span> <span class='ocrx_word' id='word_1_446' title='bbox 1330 5516 1446 5603; x_wconf 60' lang='lat' dir='ltr'><strong>est:</strong></span> <span class='ocrx_word' id='word_1_447' title='bbox 1479 5516 1774 5603; x_wconf 77' lang='lat' dir='ltr'><strong>vidensque</strong></span> <span class='ocrx_word' id='word_1_448' title='bbox 1802 5516 1899 5589; x_wconf 52' lang='lat' dir='ltr'><strong>eo;</strong></span> 
     </span>
    </p>
   </div>
   <div class='ocr_carea' id='block_1_65' title="bbox 311 5590 1901 5667">
    <p class='ocr_par' dir='ltr' id='par_1_65' title="bbox 311 5590 1901 5667">
     <span class='ocr_line' id='line_1_66' title="bbox 311 5590 1901 5667; baseline 0.016 -31"><span class='ocrx_word' id='word_1_449' title='bbox 311 5599 422 5667; x_wconf 73' lang='lat' dir='ltr'><strong>sem</strong></span> <span class='ocrx_word' id='word_1_450' title='bbox 450 5628 470 5667; x_wconf 41' lang='lat'><strong>,.</strong></span> <span class='ocrx_word' id='word_1_451' title='bbox 496 5603 600 5656; x_wconf 90' lang='lat' dir='ltr'><strong>quo</strong></span> <span class='ocrx_word' id='word_1_452' title='bbox 632 5590 842 5667; x_wconf 75' lang='lat' dir='ltr'><strong>ictuictu</strong></span> <span class='ocrx_word' id='word_1_453' title='bbox 874 5592 1082 5663; x_wconf 81' lang='lat' dir='ltr'><strong>plagam</strong></span> <span class='ocrx_word' id='word_1_454' title='bbox 1113 5599 1338 5667; x_wconf 84' lang='lat' dir='ltr'><strong>accepit.</strong></span> <span class='ocrx_word' id='word_1_455' title='bbox 1379 5590 1436 5653; x_wconf 92' lang='lat' dir='ltr'><strong>Si</strong></span> <span class='ocrx_word' id='word_1_456' title='bbox 1467 5603 1607 5656; x_wconf 88' lang='lat' dir='ltr'><strong>enim</strong></span> <span class='ocrx_word' id='word_1_457' title='bbox 1653 5590 1749 5656; x_wconf 75' lang='lat' dir='ltr'><strong>nos</strong></span> <span class='ocrx_word' id='word_1_458' title='bbox 1779 5623 1901 5660; x_wconf 74' lang='lat' dir='ltr'><strong>eum</strong></span> 
     </span>
    </p>
   </div>
   <div class='ocr_carea' id='block_1_66' title="bbox 313 5655 1898 5743">
    <p class='ocr_par' dir='ltr' id='par_1_66' title="bbox 313 5655 1898 5743">
     <span class='ocr_line' id='line_1_67' title="bbox 313 5655 1898 5743; baseline 0.013 -34"><span class='ocrx_word' id='word_1_459' title='bbox 313 5655 425 5709; x_wconf 86' lang='lat' dir='ltr'><strong>loca</strong></span> <span class='ocrx_word' id='word_1_460' title='bbox 460 5655 748 5728; x_wconf 76' lang='lat' dir='ltr'><strong>inquibus</strong></span> <span class='ocrx_word' id='word_1_461' title='bbox 794 5655 1028 5718; x_wconf 70' lang='lat' dir='ltr'><strong>damnati</strong></span> <span class='ocrx_word' id='word_1_462' title='bbox 1071 5655 1579 5739; x_wconf 51' lang='lat' dir='ltr'><strong>capite-plectuntur</strong></span> <span class='ocrx_word' id='word_1_463' title='bbox 1623 5655 1898 5743; x_wconf 49' lang='lat' dir='ltr'><strong>utimini;</strong></span> 
     </span>
    </p>
   </div>
   <div class='ocr_carea' id='block_1_67' title="bbox 371 5792 1797 5869">
    <p class='ocr_par' dir='ltr' id='par_1_67' title="bbox 371 5792 1797 5869">
     <span class='ocr_line' id='line_1_68' title="bbox 371 5792 1797 5869; baseline 0.009 -26"><span class='ocrx_word' id='word_1_464' title='bbox 371 5795 446 5861; x_wconf 65' lang='grc' dir='ltr'><strong>(ι)</strong></span> <span class='ocrx_word' id='word_1_465' title='bbox 470 5792 644 5844; x_wconf 56' lang='lat' dir='ltr'><strong>allata</strong></span> <span class='ocrx_word' id='word_1_466' title='bbox 669 5809 778 5846; x_wconf 89' lang='lat' dir='ltr'><strong>cum</strong></span> <span class='ocrx_word' id='word_1_467' title='bbox 805 5796 1055 5850; x_wconf 71' lang='lat' dir='ltr'><strong>Collclbus</strong></span> <span class='ocrx_word' id='word_1_468' title='bbox 1079 5804 1239 5863; x_wconf 72' lang='lat' dir='ltr'><strong>Regiis</strong></span> <span class='ocrx_word' id='word_1_469' title='bbox 1263 5803 1399 5866; x_wconf 67' lang='lat'><strong>1828,</strong></span> <span class='ocrx_word' id='word_1_470' title='bbox 1423 5805 1560 5869; x_wconf 45' lang='lat'><strong>18$,</strong></span> <span class='ocrx_word' id='word_1_471' title='bbox 1586 5813 1637 5857; x_wconf 89' lang='lat' dir='ltr'><strong>ct</strong></span> <span class='ocrx_word' id='word_1_472' title='bbox 1659 5805 1797 5856; x_wconf 72' lang='lat' dir='ltr'><strong>2m.</strong></span> 
     </span>
    </p>
   </div>
   <div class='ocr_carea' id='block_1_68' title="bbox 1884 2053 2255 2110">
    <p class='ocr_par' dir='ltr' id='par_1_68' title="bbox 1884 2053 2255 2110">
     <span class='ocr_line' id='line_1_69' title="bbox 1884 2053 2255 2110; baseline -0.011 0"><span class='ocrx_word' id='word_1_473' title='bbox 1884 2053 2255 2110; x_wconf 62' lang='lat' dir='ltr'><strong>alme——</strong></span> 
     </span>
    </p>
   </div>
   <div class='ocr_carea' id='block_1_69' title="bbox 2005 2192 3606 2263">
    <p class='ocr_par' dir='ltr' id='par_1_69' title="bbox 2005 2192 3606 2263">
     <span class='ocr_line' id='line_1_70' title="bbox 2005 2192 3606 2263; baseline -0.001 -14"><span class='ocrx_word' id='word_1_474' title='bbox 2005 2194 2473 2257; x_wconf 83' lang='lat' dir='ltr'><strong>exhorrescimus,</strong></span> <span class='ocrx_word' id='word_1_475' title='bbox 2501 2197 2675 2263; x_wconf 82' lang='lat' dir='ltr'><strong>cogita</strong></span> <span class='ocrx_word' id='word_1_476' title='bbox 2707 2192 2835 2262; x_wconf 86' lang='lat' dir='ltr'><strong>quid</strong></span> <span class='ocrx_word' id='word_1_477' title='bbox 2875 2202 3190 2248; x_wconf 88' lang='lat' dir='ltr'><strong>eventurum</strong></span> <span class='ocrx_word' id='word_1_478' title='bbox 3233 2193 3302 2248; x_wconf 89' lang='lat' dir='ltr'><strong>sit</strong></span> <span class='ocrx_word' id='word_1_479' title='bbox 3346 2192 3563 2248; x_wconf 89' lang='lat' dir='ltr'><strong>diabolo</strong></span> <span class='ocrx_word' id='word_1_480' title='bbox 3585 2234 3606 2262; x_wconf 85' lang='lat'><strong>,</strong></span> 
     </span>
    </p>
   </div>
   <div class='ocr_carea' id='block_1_70' title="bbox 2005 2263 3603 2335">
    <p class='ocr_par' dir='ltr' id='par_1_70' title="bbox 2005 2263 3603 2335">
     <span class='ocr_line' id='line_1_71' title="bbox 2005 2263 3603 2335; baseline 0 -15"><span class='ocrx_word' id='word_1_481' title='bbox 2005 2281 2126 2321; x_wconf 89' lang='lat' dir='ltr'><strong>cum</strong></span> <span class='ocrx_word' id='word_1_482' title='bbox 2171 2280 2317 2335; x_wconf 82' lang='lat' dir='ltr'><strong>arma</strong></span> <span class='ocrx_word' id='word_1_483' title='bbox 2363 2265 2587 2327; x_wconf 86' lang='lat' dir='ltr'><strong>videbit,</strong></span> <span class='ocrx_word' id='word_1_484' title='bbox 2631 2263 2824 2335; x_wconf 84' lang='lat' dir='ltr'><strong>quibus</strong></span> <span class='ocrx_word' id='word_1_485' title='bbox 2863 2266 2970 2317; x_wconf 90' lang='lat' dir='ltr'><strong>vim</strong></span> <span class='ocrx_word' id='word_1_486' title='bbox 3021 2274 3444 2334; x_wconf 77' lang='lat' dir='ltr'><strong>potesmtemque</strong></span> <span class='ocrx_word' id='word_1_487' title='bbox 3484 2265 3603 2335; x_wconf 87' lang='lat' dir='ltr'><strong>ejus</strong></span> 
     </span>
    </p>
   </div>
   <div class='ocr_carea' id='block_1_71' title="bbox 2005 2333 3607 2407">
    <p class='ocr_par' dir='ltr' id='par_1_71' title="bbox 2005 2333 3607 2407">
     <span class='ocr_line' id='line_1_72' title="bbox 2005 2333 3607 2407; baseline 0.001 -19"><span class='ocrx_word' id='word_1_488' title='bbox 2005 2350 2221 2390; x_wconf 90' lang='lat' dir='ltr'><strong>omnem</strong></span> <span class='ocrx_word' id='word_1_489' title='bbox 2262 2333 2510 2390; x_wconf 86' lang='lat' dir='ltr'><strong>Christus</strong></span> <span class='ocrx_word' id='word_1_490' title='bbox 2548 2334 2831 2402; x_wconf 87' lang='lat' dir='ltr'><strong>dissolvit,</strong></span> <span class='ocrx_word' id='word_1_491' title='bbox 2877 2333 3234 2406; x_wconf 74' lang='lat' dir='ltr'><strong>draciinisque</strong></span> <span class='ocrx_word' id='word_1_492' title='bbox 3272 2344 3434 2407; x_wconf 86' lang='lat' dir='ltr'><strong>caput</strong></span> <span class='ocrx_word' id='word_1_493' title='bbox 3484 2333 3607 2390; x_wconf 63' lang='lat' dir='ltr'><strong>amo</strong></span> 
     </span>
    </p>
   </div>
   <div class='ocr_carea' id='block_1_72' title="bbox 2046 2408 2232 2460">
    <p class='ocr_par' dir='ltr' id='par_1_72' title="bbox 2046 2408 2232 2460">
     <span class='ocr_line' id='line_1_73' title="bbox 2046 2408 2232 2460; baseline 0.011 -2"><span class='ocrx_word' id='word_1_494' title='bbox 2046 2408 2232 2460; x_wconf 89' lang='lat' dir='ltr'><strong>utavit.</strong></span> 
     </span>
    </p>
   </div>
   <div class='ocr_carea' id='block_1_73' title="bbox 2006 2421 3602 2548">
    <p class='ocr_par' dir='ltr' id='par_1_73' title="bbox 2006 2421 3602 2548">
     <span class='ocr_line' id='line_1_74' title="bbox 2006 2421 3602 2548; baseline 0.001 -18"><span class='ocrx_word' id='word_1_495' title='bbox 2006 2421 2276 2530; x_wconf 44' lang='grc' dir='ltr'><strong>ΡΙ,ξῖνὲιῖιὶ</strong></span> <span class='ocrx_word' id='word_1_496' title='bbox 2305 2476 2466 2547; x_wconf 82' lang='lat' dir='ltr'><strong>igitur</strong></span> <span class='ocrx_word' id='word_1_497' title='bbox 2489 2479 2848 2538; x_wconf 86' lang='lat' dir='ltr'><strong>committere.</strong></span> <span class='ocrx_word' id='word_1_498' title='bbox 2883 2485 2942 2532; x_wconf 91' lang='lat' dir='ltr'><strong>ut</strong></span> <span class='ocrx_word' id='word_1_499' title='bbox 2972 2487 3024 2530; x_wconf 90' lang='lat' dir='ltr'><strong>te</strong></span> <span class='ocrx_word' id='word_1_500' title='bbox 3053 2478 3183 2532; x_wconf 88' lang='lat' dir='ltr'><strong>tanti</strong></span> <span class='ocrx_word' id='word_1_501' title='bbox 3215 2477 3341 2532; x_wconf 88' lang='lat' dir='ltr'><strong>boni</strong></span> <span class='ocrx_word' id='word_1_502' title='bbox 3368 2476 3602 2548; x_wconf 89' lang='lat' dir='ltr'><strong>pudeat,</strong></span> 
     </span>
    </p>
   </div>
   <div class='ocr_carea' id='block_1_74' title="bbox 2006 2548 3604 2617">
    <p class='ocr_par' dir='ltr' id='par_1_74' title="bbox 2006 2548 3604 2617">
     <span class='ocr_line' id='line_1_75' title="bbox 2006 2548 3604 2617; baseline 0.001 -16"><span class='ocrx_word' id='word_1_503' title='bbox 2006 2562 2075 2602; x_wconf 91' lang='lat' dir='ltr'><strong>ne</strong></span> <span class='ocrx_word' id='word_1_504' title='bbox 2103 2549 2172 2602; x_wconf 89' lang='lat' dir='ltr'><strong>tui</strong></span> <span class='ocrx_word' id='word_1_505' title='bbox 2199 2549 2360 2603; x_wconf 90' lang='lat' dir='ltr'><strong>etiam</strong></span> <span class='ocrx_word' id='word_1_506' title='bbox 2387 2548 2659 2602; x_wconf 87' lang='lat' dir='ltr'><strong>Christum</strong></span> <span class='ocrx_word' id='word_1_507' title='bbox 2688 2548 2906 2617; x_wconf 88' lang='lat' dir='ltr'><strong>pudeat,</strong></span> <span class='ocrx_word' id='word_1_508' title='bbox 2931 2549 3282 2615; x_wconf 88' lang='lat' dir='ltr'><strong>quandocum</strong></span> <span class='ocrx_word' id='word_1_509' title='bbox 3305 2549 3476 2617; x_wconf 84' lang='lat' dir='ltr'><strong>gloria</strong></span> <span class='ocrx_word' id='word_1_510' title='bbox 3507 2563 3604 2603; x_wconf 87' lang='lat' dir='ltr'><strong>sua</strong></span> 
     </span>
    </p>
   </div>
   <div class='ocr_carea' id='block_1_75' title="bbox 2005 2619 3605 2688">
    <p class='ocr_par' dir='ltr' id='par_1_75' title="bbox 2005 2619 3605 2688">
     <span class='ocr_line' id='line_1_76' title="bbox 2005 2619 3605 2688; baseline -0.001 -16"><span class='ocrx_word' id='word_1_511' title='bbox 2005 2621 2205 2684; x_wconf 89' lang='lat' dir='ltr'><strong>veniet,</strong></span> <span class='ocrx_word' id='word_1_512' title='bbox 2238 2629 2291 2674; x_wconf 92' lang='lat' dir='ltr'><strong>et</strong></span> <span class='ocrx_word' id='word_1_513' title='bbox 2314 2619 2524 2688; x_wconf 90' lang='lat' dir='ltr'><strong>signum</strong></span> <span class='ocrx_word' id='word_1_514' title='bbox 2552 2634 2735 2674; x_wconf 91' lang='lat' dir='ltr'><strong>coram</strong></span> <span class='ocrx_word' id='word_1_515' title='bbox 2762 2621 3076 2687; x_wconf 89' lang='lat' dir='ltr'><strong>apparebit,</strong></span> <span class='ocrx_word' id='word_1_516' title='bbox 3105 2619 3488 2688; x_wconf 86' lang='lat' dir='ltr'><strong>superabitque</strong></span> <span class='ocrx_word' id='word_1_517' title='bbox 3513 2633 3605 2672; x_wconf 90' lang='lat' dir='ltr'><strong>so-</strong></span> 
     </span>
    </p>
   </div>
   <div class='ocr_carea' id='block_1_76' title="bbox 2006 2689 3605 2760">
    <p class='ocr_par' dir='ltr' id='par_1_76' title="bbox 2006 2689 3605 2760">
     <span class='ocr_line' id='line_1_77' title="bbox 2006 2689 3605 2760; baseline 0 -17"><span class='ocrx_word' id='word_1_518' title='bbox 2006 2689 2072 2744; x_wconf 90' lang='lat' dir='ltr'><strong>lis</strong></span> <span class='ocrx_word' id='word_1_519' title='bbox 2118 2691 2298 2745; x_wconf 90' lang='lat' dir='ltr'><strong>radios</strong></span> <span class='ocrx_word' id='word_1_520' title='bbox 2337 2690 2559 2744; x_wconf 90' lang='lat' dir='ltr'><strong>lumine.</strong></span> <span class='ocrx_word' id='word_1_521' title='bbox 2601 2690 2741 2743; x_wconf 81' lang='lat' dir='ltr'><strong>Crux</strong></span> <span class='ocrx_word' id='word_1_522' title='bbox 2776 2691 2920 2744; x_wconf 87' lang='lat' dir='ltr'><strong>enim</strong></span> <span class='ocrx_word' id='word_1_523' title='bbox 2971 2702 3081 2744; x_wconf 94' lang='lat' dir='ltr'><strong>tum</strong></span> <span class='ocrx_word' id='word_1_524' title='bbox 3123 2690 3424 2760; x_wconf 80' lang='lat' dir='ltr'><strong>apparebit,</strong></span> <span class='ocrx_word' id='word_1_525' title='bbox 3479 2691 3605 2744; x_wconf 83' lang='lat' dir='ltr'><strong>mit-</strong></span> 
     </span>
    </p>
   </div>
   <div class='ocr_carea' id='block_1_77' title="bbox 2009 2761 3607 2830">
    <p class='ocr_par' dir='ltr' id='par_1_77' title="bbox 2009 2761 3607 2830">
     <span class='ocr_line' id='line_1_78' title="bbox 2009 2761 3607 2830; baseline 0 -16"><span class='ocrx_word' id='word_1_526' title='bbox 2009 2768 2193 2830; x_wconf 89' lang='lat' dir='ltr'><strong>tetque</strong></span> <span class='ocrx_word' id='word_1_527' title='bbox 2233 2775 2418 2815; x_wconf 85' lang='lat' dir='ltr'><strong>vocem</strong></span> <span class='ocrx_word' id='word_1_528' title='bbox 2446 2771 2664 2829; x_wconf 89' lang='lat' dir='ltr'><strong>aspectu</strong></span> <span class='ocrx_word' id='word_1_529' title='bbox 2703 2775 2832 2825; x_wconf 86' lang='lat' dir='ltr'><strong>suo,</strong></span> <span class='ocrx_word' id='word_1_530' title='bbox 2861 2772 3022 2830; x_wconf 90' lang='lat' dir='ltr'><strong>atque</strong></span> <span class='ocrx_word' id='word_1_531' title='bbox 3067 2777 3162 2828; x_wconf 90' lang='lat' dir='ltr'><strong>pro</strong></span> <span class='ocrx_word' id='word_1_532' title='bbox 3193 2761 3418 2816; x_wconf 84' lang='lat' dir='ltr'><strong>Domino</strong></span> <span class='ocrx_word' id='word_1_533' title='bbox 3463 2761 3607 2830; x_wconf 88' lang='lat' dir='ltr'><strong>apud</strong></span> 
     </span>
    </p>
   </div>
   <div class='ocr_carea' id='block_1_78' title="bbox 2007 2830 3604 2887">
    <p class='ocr_par' dir='ltr' id='par_1_78' title="bbox 2007 2830 3604 2887">
     <span class='ocr_line' id='line_1_79' title="bbox 2007 2830 3604 2887; baseline 0.003 -4"><span class='ocrx_word' id='word_1_534' title='bbox 2007 2846 2198 2887; x_wconf 91' lang='lat' dir='ltr'><strong>omnes</strong></span> <span class='ocrx_word' id='word_1_535' title='bbox 2245 2832 2391 2884; x_wconf 92' lang='lat' dir='ltr'><strong>orbis</strong></span> <span class='ocrx_word' id='word_1_536' title='bbox 2431 2840 2698 2886; x_wconf 89' lang='lat' dir='ltr'><strong>terrarum</strong></span> <span class='ocrx_word' id='word_1_537' title='bbox 2743 2832 2989 2886; x_wconf 87' lang='lat' dir='ltr'><strong>homines</strong></span> <span class='ocrx_word' id='word_1_538' title='bbox 3029 2830 3399 2886; x_wconf 82' lang='lat' dir='ltr'><strong>defensionem</strong></span> <span class='ocrx_word' id='word_1_539' title='bbox 3448 2831 3604 2887; x_wconf 87' lang='lat' dir='ltr'><strong>iusti-</strong></span> 
     </span>
    </p>
   </div>
   <div class='ocr_carea' id='block_1_79' title="bbox 2011 2901 3604 2971">
    <p class='ocr_par' dir='ltr' id='par_1_79' title="bbox 2011 2901 3604 2971">
     <span class='ocr_line' id='line_1_80' title="bbox 2011 2901 3604 2971; baseline 0.001 -15"><span class='ocrx_word' id='word_1_540' title='bbox 2011 2912 2154 2964; x_wconf 90' lang='lat' dir='ltr'><strong>tuet,</strong></span> <span class='ocrx_word' id='word_1_541' title='bbox 2201 2901 2521 2969; x_wconf 79' lang='lat' dir='ltr'><strong>doeehitque</strong></span> <span class='ocrx_word' id='word_1_542' title='bbox 2572 2902 2703 2956; x_wconf 90' lang='lat' dir='ltr'><strong>nihil</strong></span> <span class='ocrx_word' id='word_1_543' title='bbox 2747 2902 2814 2954; x_wconf 90' lang='lat' dir='ltr'><strong>ab</strong></span> <span class='ocrx_word' id='word_1_544' title='bbox 2856 2917 2923 2955; x_wconf 91' lang='lat' dir='ltr'><strong>eo</strong></span> <span class='ocrx_word' id='word_1_545' title='bbox 2972 2902 3396 2971; x_wconf 70' lang='lat' dir='ltr'><strong>praetermissum</strong></span> <span class='ocrx_word' id='word_1_546' title='bbox 3448 2916 3604 2969; x_wconf 88' lang='lat' dir='ltr'><strong>esse,</strong></span> 
     </span>
    </p>
   </div>
   <div class='ocr_carea' id='block_1_80' title="bbox 2008 2973 3605 3044">
    <p class='ocr_par' dir='ltr' id='par_1_80' title="bbox 2008 2973 3605 3044">
     <span class='ocr_line' id='line_1_81' title="bbox 2008 2973 3605 3044; baseline 0.002 -20"><span class='ocrx_word' id='word_1_547' title='bbox 2008 2974 2150 3040; x_wconf 87' lang='lat' dir='ltr'><strong>quod</strong></span> <span class='ocrx_word' id='word_1_548' title='bbox 2193 2973 2258 3025; x_wconf 86' lang='lat' dir='ltr'><strong>ad</strong></span> <span class='ocrx_word' id='word_1_549' title='bbox 2306 2974 2516 3026; x_wconf 90' lang='lat' dir='ltr'><strong>illorum</strong></span> <span class='ocrx_word' id='word_1_550' title='bbox 2559 2973 2788 3027; x_wconf 83' lang='lat' dir='ltr'><strong>salutem</strong></span> <span class='ocrx_word' id='word_1_551' title='bbox 2829 2974 3144 3044; x_wconf 80' lang='lat' dir='ltr'><strong>pertineret.</strong></span> <span class='ocrx_word' id='word_1_552' title='bbox 3190 2973 3302 3027; x_wconf 86' lang='lat' dir='ltr'><strong>Hoc</strong></span> <span class='ocrx_word' id='word_1_553' title='bbox 3332 2974 3493 3028; x_wconf 86' lang='lat' dir='ltr'><strong>etiam</strong></span> <span class='ocrx_word' id='word_1_554' title='bbox 3529 2974 3605 3027; x_wconf 85' lang='lat' dir='ltr'><strong>si-</strong></span> 
     </span>
    </p>
   </div>
   <div class='ocr_carea' id='block_1_81' title="bbox 2008 3044 3608 3114">
    <p class='ocr_par' dir='ltr' id='par_1_81' title="bbox 2008 3044 3608 3114">
     <span class='ocr_line' id='line_1_82' title="bbox 2008 3044 3608 3114; baseline 0.002 -18"><span class='ocrx_word' id='word_1_555' title='bbox 2008 3058 2172 3113; x_wconf 89' lang='lat' dir='ltr'><strong>gnum</strong></span> <span class='ocrx_word' id='word_1_556' title='bbox 2199 3044 2391 3114; x_wconf 88' lang='lat' dir='ltr'><strong>jauuas</strong></span> <span class='ocrx_word' id='word_1_557' title='bbox 2420 3044 2630 3098; x_wconf 85' lang='lat' dir='ltr'><strong>clausas</strong></span> <span class='ocrx_word' id='word_1_558' title='bbox 2663 3044 2923 3111; x_wconf 85' lang='lat' dir='ltr'><strong>majorum</strong></span> <span class='ocrx_word' id='word_1_559' title='bbox 2951 3055 3256 3099; x_wconf 76' lang='lat' dir='ltr'><strong>nostrm&#39;um</strong></span> <span class='ocrx_word' id='word_1_560' title='bbox 3288 3054 3445 3098; x_wconf 71' lang='lat' dir='ltr'><strong>aetate</strong></span> <span class='ocrx_word' id='word_1_561' title='bbox 3474 3059 3608 3111; x_wconf 85' lang='lat' dir='ltr'><strong>ape-</strong></span> 
     </span>
    </p>
   </div>
   <div class='ocr_carea' id='block_1_82' title="bbox 2009 3114 3605 3185">
    <p class='ocr_par' dir='ltr' id='par_1_82' title="bbox 2009 3114 3605 3185">
     <span class='ocr_line' id='line_1_83' title="bbox 2009 3114 3605 3185; baseline -0.001 -16"><span class='ocrx_word' id='word_1_562' title='bbox 2009 3116 2161 3169; x_wconf 89' lang='lat' dir='ltr'><strong>ruit:</strong></span> <span class='ocrx_word' id='word_1_563' title='bbox 2216 3117 2317 3168; x_wconf 93' lang='lat' dir='ltr'><strong>hoc</strong></span> <span class='ocrx_word' id='word_1_564' title='bbox 2361 3115 2518 3167; x_wconf 84' lang='lat' dir='ltr'><strong>noxia</strong></span> <span class='ocrx_word' id='word_1_565' title='bbox 2584 3115 2968 3184; x_wconf 79' lang='lat' dir='ltr'><strong>mortiferaque</strong></span> <span class='ocrx_word' id='word_1_566' title='bbox 3011 3130 3216 3169; x_wconf 88' lang='lat' dir='ltr'><strong>venena</strong></span> <span class='ocrx_word' id='word_1_567' title='bbox 3262 3114 3605 3185; x_wconf 85' lang='lat' dir='ltr'><strong>proﬂigavit:</strong></span> 
     </span>
    </p>
   </div>
   <div class='ocr_carea' id='block_1_83' title="bbox 2012 3185 3604 3253">
    <p class='ocr_par' dir='ltr' id='par_1_83' title="bbox 2012 3185 3604 3253">
     <span class='ocr_line' id='line_1_84' title="bbox 2012 3185 3604 3253; baseline 0.001 -15"><span class='ocrx_word' id='word_1_568' title='bbox 2012 3187 2115 3240; x_wconf 90' lang='lat' dir='ltr'><strong>hoc</strong></span> <span class='ocrx_word' id='word_1_569' title='bbox 2143 3187 2332 3239; x_wconf 79' lang='lat' dir='ltr'><strong>cicuta:</strong></span> <span class='ocrx_word' id='word_1_570' title='bbox 2361 3185 2468 3239; x_wconf 89' lang='lat' dir='ltr'><strong>vim</strong></span> <span class='ocrx_word' id='word_1_571' title='bbox 2494 3185 2648 3239; x_wconf 89' lang='lat' dir='ltr'><strong>diluit</strong></span> <span class='ocrx_word' id='word_1_572' title='bbox 2674 3203 2686 3238; x_wconf 91' lang='lat'><strong>:</strong></span> <span class='ocrx_word' id='word_1_573' title='bbox 2721 3185 2825 3237; x_wconf 84' lang='lat' dir='ltr'><strong>hoc</strong></span> <span class='ocrx_word' id='word_1_574' title='bbox 2852 3187 3083 3253; x_wconf 90' lang='lat' dir='ltr'><strong>denique</strong></span> <span class='ocrx_word' id='word_1_575' title='bbox 3106 3196 3488 3240; x_wconf 87' lang='lat' dir='ltr'><strong>veneuatarum</strong></span> <span class='ocrx_word' id='word_1_576' title='bbox 3508 3185 3604 3239; x_wconf 85' lang='lat' dir='ltr'><strong>be-</strong></span> 
     </span>
    </p>
   </div>
   <div class='ocr_carea' id='block_1_84' title="bbox 2011 3255 3610 3325">
    <p class='ocr_par' dir='ltr' id='par_1_84' title="bbox 2011 3255 3610 3325">
     <span class='ocr_line' id='line_1_85' title="bbox 2011 3255 3610 3325; baseline 0.001 -16"><span class='ocrx_word' id='word_1_577' title='bbox 2011 3257 2234 3311; x_wconf 86' lang='lat' dir='ltr'><strong>stiarum</strong></span> <span class='ocrx_word' id='word_1_578' title='bbox 2279 3271 2492 3310; x_wconf 87' lang='lat' dir='ltr'><strong>morsus</strong></span> <span class='ocrx_word' id='word_1_579' title='bbox 2529 3257 2756 3311; x_wconf 86' lang='lat' dir='ltr'><strong>curavit.</strong></span> <span class='ocrx_word' id='word_1_580' title='bbox 2797 3255 2852 3311; x_wconf 92' lang='lat' dir='ltr'><strong>Si</strong></span> <span class='ocrx_word' id='word_1_581' title='bbox 2897 3259 3039 3310; x_wconf 89' lang='lat' dir='ltr'><strong>enim</strong></span> <span class='ocrx_word' id='word_1_582' title='bbox 3087 3256 3378 3311; x_wconf 78' lang='lat' dir='ltr'><strong>inferorum</strong></span> <span class='ocrx_word' id='word_1_583' title='bbox 3428 3265 3610 3325; x_wconf 85' lang='lat' dir='ltr'><strong>portas</strong></span> 
     </span>
    </p>
   </div>
   <div class='ocr_carea' id='block_1_85' title="bbox 2010 3327 3610 3396">
    <p class='ocr_par' dir='ltr' id='par_1_85' title="bbox 2010 3327 3610 3396">
     <span class='ocr_line' id='line_1_86' title="bbox 2010 3327 3610 3396; baseline 0.001 -16"><span class='ocrx_word' id='word_1_584' title='bbox 2010 3327 2273 3382; x_wconf 88' lang='lat' dir='ltr'><strong>reseravit</strong></span> <span class='ocrx_word' id='word_1_585' title='bbox 2313 3335 2368 3381; x_wconf 88' lang='lat' dir='ltr'><strong>et</strong></span> <span class='ocrx_word' id='word_1_586' title='bbox 2412 3327 2665 3381; x_wconf 70' lang='lat' dir='ltr'><strong>caelorum</strong></span> <span class='ocrx_word' id='word_1_587' title='bbox 2715 3327 2930 3395; x_wconf 87' lang='lat' dir='ltr'><strong>apsides</strong></span> <span class='ocrx_word' id='word_1_588' title='bbox 2973 3328 3211 3396; x_wconf 89' lang='lat' dir='ltr'><strong>aperuit.</strong></span> <span class='ocrx_word' id='word_1_589' title='bbox 3266 3327 3610 3396; x_wconf 85' lang='lat' dir='ltr'><strong>paradislque</strong></span> 
     </span>
    </p>
   </div>
   <div class='ocr_carea' id='block_1_86' title="bbox 2011 3397 3607 3468">
    <p class='ocr_par' dir='ltr' id='par_1_86' title="bbox 2011 3397 3607 3468">
     <span class='ocr_line' id='line_1_87' title="bbox 2011 3397 3607 3468; baseline 0.001 -17"><span class='ocrx_word' id='word_1_590' title='bbox 2011 3397 2212 3452; x_wconf 91' lang='lat' dir='ltr'><strong>aditum</strong></span> <span class='ocrx_word' id='word_1_591' title='bbox 2255 3399 2509 3463; x_wconf 84' lang='lat' dir='ltr'><strong>restituit,</strong></span> <span class='ocrx_word' id='word_1_592' title='bbox 2542 3407 2595 3452; x_wconf 88' lang='lat' dir='ltr'><strong>et</strong></span> <span class='ocrx_word' id='word_1_593' title='bbox 2623 3397 2820 3452; x_wconf 71' lang='lat' dir='ltr'><strong>diaboli</strong></span> <span class='ocrx_word' id='word_1_594' title='bbox 2861 3414 3057 3452; x_wconf 87' lang='lat' dir='ltr'><strong>nervos</strong></span> <span class='ocrx_word' id='word_1_595' title='bbox 3100 3400 3291 3466; x_wconf 70' lang='lat' dir='ltr'><strong>l&#39;rvgit:</strong></span> <span class='ocrx_word' id='word_1_596' title='bbox 3331 3400 3455 3468; x_wconf 91' lang='lat' dir='ltr'><strong>quid</strong></span> <span class='ocrx_word' id='word_1_597' title='bbox 3503 3398 3607 3452; x_wconf 83' lang='lat' dir='ltr'><strong>itii-</strong></span> 
     </span>
    </p>
   </div>
   <div class='ocr_carea' id='block_1_87' title="bbox 2012 3468 3606 3538">
    <p class='ocr_par' dir='ltr' id='par_1_87' title="bbox 2012 3468 3606 3538">
     <span class='ocr_line' id='line_1_88' title="bbox 2012 3468 3606 3538; baseline -0.001 -16"><span class='ocrx_word' id='word_1_598' title='bbox 2012 3483 2166 3533; x_wconf 90' lang='lat' dir='ltr'><strong>rum,</strong></span> <span class='ocrx_word' id='word_1_599' title='bbox 2208 3469 2252 3522; x_wconf 93' lang='lat' dir='ltr'><strong>si</strong></span> <span class='ocrx_word' id='word_1_600' title='bbox 2283 3470 2553 3525; x_wconf 85' lang='lat' dir='ltr'><strong>mortifera</strong></span> <span class='ocrx_word' id='word_1_601' title='bbox 2583 3485 2788 3525; x_wconf 86' lang='lat' dir='ltr'><strong>venena</strong></span> <span class='ocrx_word' id='word_1_602' title='bbox 2815 3479 2868 3522; x_wconf 90' lang='lat' dir='ltr'><strong>et</strong></span> <span class='ocrx_word' id='word_1_603' title='bbox 2906 3470 3105 3523; x_wconf 79' lang='lat' dir='ltr'><strong>bestias</strong></span> <span class='ocrx_word' id='word_1_604' title='bbox 3143 3479 3198 3523; x_wconf 90' lang='lat' dir='ltr'><strong>et</strong></span> <span class='ocrx_word' id='word_1_605' title='bbox 3225 3471 3326 3523; x_wconf 87' lang='lat' dir='ltr'><strong>alia</strong></span> <span class='ocrx_word' id='word_1_606' title='bbox 3363 3468 3606 3538; x_wconf 86' lang='lat' dir='ltr'><strong>ejusdem</strong></span> 
     </span>
    </p>
   </div>
   <div class='ocr_carea' id='block_1_88' title="bbox 2012 3540 3607 3608">
    <p class='ocr_par' dir='ltr' id='par_1_88' title="bbox 2012 3540 3607 3608">
     <span class='ocr_line' id='line_1_89' title="bbox 2012 3540 3607 3608; baseline -0.001 -17"><span class='ocrx_word' id='word_1_607' title='bbox 2012 3541 2226 3608; x_wconf 81' lang='lat' dir='ltr'><strong>generis</strong></span> <span class='ocrx_word' id='word_1_608' title='bbox 2259 3540 2427 3595; x_wconf 86' lang='lat' dir='ltr'><strong>vincit</strong></span> <span class='ocrx_word' id='word_1_609' title='bbox 2473 3553 2524 3595; x_wconf 93' lang='lat' dir='ltr'><strong>et</strong></span> <span class='ocrx_word' id='word_1_610' title='bbox 2558 3541 2813 3608; x_wconf 81' lang='lat' dir='ltr'><strong>superat?</strong></span> <span class='ocrx_word' id='word_1_611' title='bbox 2845 3540 2957 3594; x_wconf 85' lang='lat' dir='ltr'><strong>Hoc</strong></span> <span class='ocrx_word' id='word_1_612' title='bbox 2998 3540 3158 3608; x_wconf 78' lang='lat' dir='ltr'><strong>igitur</strong></span> <span class='ocrx_word' id='word_1_613' title='bbox 3203 3543 3254 3593; x_wconf 90' lang='lat' dir='ltr'><strong>in</strong></span> <span class='ocrx_word' id='word_1_614' title='bbox 3301 3551 3482 3595; x_wconf 85' lang='lat' dir='ltr'><strong>mente</strong></span> <span class='ocrx_word' id='word_1_615' title='bbox 3520 3549 3607 3592; x_wconf 88' lang='lat' dir='ltr'><strong>tua</strong></span> 
     </span>
    </p>
   </div>
   <div class='ocr_carea' id='block_1_89' title="bbox 2013 3610 3606 3680">
    <p class='ocr_par' dir='ltr' id='par_1_89' title="bbox 2013 3610 3606 3680">
     <span class='ocr_line' id='line_1_90' title="bbox 2013 3610 3606 3680; baseline 0.002 -18"><span class='ocrx_word' id='word_1_616' title='bbox 2013 3610 2277 3680; x_wconf 81' lang='lat' dir='ltr'><strong>insculpe,</strong></span> <span class='ocrx_word' id='word_1_617' title='bbox 2326 3612 2735 3680; x_wconf 89' lang='lat' dir='ltr'><strong>animorumque</strong></span> <span class='ocrx_word' id='word_1_618' title='bbox 2777 3623 3083 3666; x_wconf 85' lang='lat' dir='ltr'><strong>nostrorum</strong></span> <span class='ocrx_word' id='word_1_619' title='bbox 3130 3612 3354 3665; x_wconf 88' lang='lat' dir='ltr'><strong>salutem</strong></span> <span class='ocrx_word' id='word_1_620' title='bbox 3398 3611 3606 3679; x_wconf 89' lang='lat' dir='ltr'><strong>ample-</strong></span> 
     </span>
    </p>
   </div>
   <div class='ocr_carea' id='block_1_90' title="bbox 2011 3680 3610 3747">
    <p class='ocr_par' dir='ltr' id='par_1_90' title="bbox 2011 3680 3610 3747">
     <span class='ocr_line' id='line_1_91' title="bbox 2011 3680 3610 3747; baseline -0.001 -12"><span class='ocrx_word' id='word_1_621' title='bbox 2011 3683 2189 3735; x_wconf 89' lang='lat' dir='ltr'><strong>ctitor.</strong></span> <span class='ocrx_word' id='word_1_622' title='bbox 2221 3680 2364 3736; x_wconf 80' lang='lat' dir='ltr'><strong>Crux</strong></span> <span class='ocrx_word' id='word_1_623' title='bbox 2395 3683 2538 3736; x_wconf 91' lang='lat' dir='ltr'><strong>enim</strong></span> <span class='ocrx_word' id='word_1_624' title='bbox 2572 3683 2687 3736; x_wconf 71' lang='lat' dir='ltr'><strong>hmc</strong></span> <span class='ocrx_word' id='word_1_625' title='bbox 2712 3681 2899 3737; x_wconf 85' lang='lat' dir='ltr'><strong>orbem</strong></span> <span class='ocrx_word' id='word_1_626' title='bbox 2926 3691 3184 3735; x_wconf 85' lang='lat' dir='ltr'><strong>terrarum</strong></span> <span class='ocrx_word' id='word_1_627' title='bbox 3207 3681 3492 3747; x_wconf 86' lang='lat' dir='ltr'><strong>convertit,</strong></span> <span class='ocrx_word' id='word_1_628' title='bbox 3525 3697 3610 3735; x_wconf 91' lang='lat' dir='ltr'><strong>er-</strong></span> 
     </span>
    </p>
   </div>
   <div class='ocr_carea' id='block_1_91' title="bbox 2011 3752 3609 3819">
    <p class='ocr_par' dir='ltr' id='par_1_91' title="bbox 2011 3752 3609 3819">
     <span class='ocr_line' id='line_1_92' title="bbox 2011 3752 3609 3819; baseline -0.001 -14"><span class='ocrx_word' id='word_1_629' title='bbox 2011 3766 2191 3805; x_wconf 60' lang='lat' dir='ltr'><strong>rorem</strong></span> <span class='ocrx_word' id='word_1_630' title='bbox 2228 3753 2464 3819; x_wconf 78' lang='lat' dir='ltr'><strong>expulit,</strong></span> <span class='ocrx_word' id='word_1_631' title='bbox 2502 3754 2781 3807; x_wconf 86' lang='lat' dir='ltr'><strong>veritatem</strong></span> <span class='ocrx_word' id='word_1_632' title='bbox 2833 3753 3144 3816; x_wconf 88' lang='lat' dir='ltr'><strong>revocavit,</strong></span> <span class='ocrx_word' id='word_1_633' title='bbox 3184 3761 3379 3806; x_wconf 86' lang='lat' dir='ltr'><strong>terram</strong></span> <span class='ocrx_word' id='word_1_634' title='bbox 3418 3752 3609 3807; x_wconf 81' lang='lat' dir='ltr'><strong>c:elum</strong></span> 
     </span>
    </p>
   </div>
   <div class='ocr_carea' id='block_1_92' title="bbox 2012 3821 3611 3893">
    <p class='ocr_par' dir='ltr' id='par_1_92' title="bbox 2012 3821 3611 3893">
     <span class='ocr_line' id='line_1_93' title="bbox 2012 3821 3611 3893; baseline 0.001 -19"><span class='ocrx_word' id='word_1_635' title='bbox 2012 3821 2157 3887; x_wconf 81' lang='lat' dir='ltr'><strong>fecit,</strong></span> <span class='ocrx_word' id='word_1_636' title='bbox 2209 3822 2453 3878; x_wconf 88' lang='lat' dir='ltr'><strong>homines</strong></span> <span class='ocrx_word' id='word_1_637' title='bbox 2479 3824 2699 3893; x_wconf 89' lang='lat' dir='ltr'><strong>angelos</strong></span> <span class='ocrx_word' id='word_1_638' title='bbox 2743 3823 2994 3878; x_wconf 90' lang='lat' dir='ltr'><strong>reddidit.</strong></span> <span class='ocrx_word' id='word_1_639' title='bbox 3020 3823 3155 3877; x_wconf 82' lang='lat' dir='ltr'><strong>Hine</strong></span> <span class='ocrx_word' id='word_1_640' title='bbox 3188 3824 3462 3878; x_wconf 71' lang='lat' dir='ltr'><strong>dmmones</strong></span> <span class='ocrx_word' id='word_1_641' title='bbox 3504 3840 3611 3877; x_wconf 88' lang='lat' dir='ltr'><strong>non</strong></span> 
     </span>
    </p>
   </div>
   <div class='ocr_carea' id='block_1_93' title="bbox 2008 3893 3613 3963">
    <p class='ocr_par' dir='ltr' id='par_1_93' title="bbox 2008 3893 3613 3963">
     <span class='ocr_line' id='line_1_94' title="bbox 2008 3893 3613 3963; baseline 0.001 -18"><span class='ocrx_word' id='word_1_642' title='bbox 2008 3893 2119 3960; x_wconf 91' lang='lat' dir='ltr'><strong>jam</strong></span> <span class='ocrx_word' id='word_1_643' title='bbox 2151 3894 2439 3948; x_wconf 89' lang='lat' dir='ltr'><strong>horribiles</strong></span> <span class='ocrx_word' id='word_1_644' title='bbox 2469 3905 2621 3960; x_wconf 89' lang='lat' dir='ltr'><strong>sunt,</strong></span> <span class='ocrx_word' id='word_1_645' title='bbox 2650 3893 2744 3947; x_wconf 84' lang='lat' dir='ltr'><strong>sed</strong></span> <span class='ocrx_word' id='word_1_646' title='bbox 2787 3896 3168 3948; x_wconf 76' lang='lat' dir='ltr'><strong>contemtu-udi</strong></span> <span class='ocrx_word' id='word_1_647' title='bbox 3201 3912 3213 3947; x_wconf 92' lang='lat'><strong>:</strong></span> <span class='ocrx_word' id='word_1_648' title='bbox 3246 3910 3420 3963; x_wconf 90' lang='lat' dir='ltr'><strong>neque</strong></span> <span class='ocrx_word' id='word_1_649' title='bbox 3465 3909 3613 3947; x_wconf 83' lang='lat' dir='ltr'><strong>mors</strong></span> 
     </span>
    </p>
   </div>
   <div class='ocr_carea' id='block_1_94' title="bbox 2011 3965 3618 4032">
    <p class='ocr_par' dir='ltr' id='par_1_94' title="bbox 2011 3965 3618 4032">
     <span class='ocr_line' id='line_1_95' title="bbox 2011 3965 3618 4032; baseline -0.003 -13"><span class='ocrx_word' id='word_1_650' title='bbox 2011 3974 2093 4018; x_wconf 88' lang='lat' dir='ltr'><strong>est</strong></span> <span class='ocrx_word' id='word_1_651' title='bbox 2114 3980 2276 4027; x_wconf 87' lang='lat' dir='ltr'><strong>mors,</strong></span> <span class='ocrx_word' id='word_1_652' title='bbox 2299 3965 2390 4018; x_wconf 83' lang='lat' dir='ltr'><strong>sed</strong></span> <span class='ocrx_word' id='word_1_653' title='bbox 2409 3981 2649 4020; x_wconf 86' lang='lat' dir='ltr'><strong>somnus.</strong></span> <span class='ocrx_word' id='word_1_654' title='bbox 2672 3965 2997 4032; x_wconf 83' lang='lat' dir='ltr'><strong>Hacabjecta</strong></span> <span class='ocrx_word' id='word_1_655' title='bbox 3023 3976 3144 4018; x_wconf 88' lang='lat' dir='ltr'><strong>sunt</strong></span> <span class='ocrx_word' id='word_1_656' title='bbox 3169 3966 3313 4018; x_wconf 90' lang='lat' dir='ltr'><strong>humi</strong></span> <span class='ocrx_word' id='word_1_657' title='bbox 3330 3965 3618 4019; x_wconf 87' lang='lat' dir='ltr'><strong>conculca-</strong></span> 
     </span>
    </p>
   </div>
   <div class='ocr_carea' id='block_1_95' title="bbox 2012 4035 3617 4118">
    <p class='ocr_par' dir='ltr' id='par_1_95' title="bbox 2012 4035 3617 4118">
     <span class='ocr_line' id='line_1_96' title="bbox 2012 4035 3617 4118; baseline 0 -30"><span class='ocrx_word' id='word_1_658' title='bbox 2012 4044 2170 4118; x_wconf 64' lang='lat' dir='ltr'><strong>taque</strong></span> <span class='ocrx_word' id='word_1_659' title='bbox 2189 4037 2512 4118; x_wconf 69' lang='lat' dir='ltr'><strong>olitiiia_quaa_</strong></span> <span class='ocrx_word' id='word_1_660' title='bbox 2538 4035 2704 4118; x_wconf 63' lang='lat' dir='ltr'><strong>nobis</strong></span> <span class='ocrx_word' id='word_1_661' title='bbox 2729 4037 3098 4118; x_wconf 51' lang='lat' dir='ltr'><strong>adversantur.</strong></span> <span class='ocrx_word' id='word_1_662' title='bbox 3132 4036 3281 4117; x_wconf 75' lang='lat' dir='ltr'><strong>Quod</strong></span> <span class='ocrx_word' id='word_1_663' title='bbox 3299 4036 3491 4118; x_wconf 39' lang='lat' dir='ltr'><strong>simquis</strong></span> <span class='ocrx_word' id='word_1_664' title='bbox 3521 4035 3617 4118; x_wconf 65' lang='lat' dir='ltr'><strong>Ju-_-</strong></span> 
     </span>
    </p>
   </div>
   <div class='ocr_carea' id='block_1_96' title="bbox 2012 4105 3616 4176">
    <p class='ocr_par' dir='ltr' id='par_1_96' title="bbox 2012 4105 3616 4176">
     <span class='ocr_line' id='line_1_97' title="bbox 2012 4105 3616 4176; baseline 0 -17"><span class='ocrx_word' id='word_1_665' title='bbox 2012 4105 2160 4160; x_wconf 66' lang='lat' dir='ltr'><strong>diuus</strong></span> <span class='ocrx_word' id='word_1_666' title='bbox 2203 4107 2303 4161; x_wconf 89' lang='lat' dir='ltr'><strong>hoc</strong></span> <span class='ocrx_word' id='word_1_667' title='bbox 2331 4105 2421 4162; x_wconf 86' lang='lat' dir='ltr'><strong>tibi</strong></span> <span class='ocrx_word' id='word_1_668' title='bbox 2465 4108 2701 4176; x_wconf 90' lang='lat' dir='ltr'><strong>objiciat,</strong></span> <span class='ocrx_word' id='word_1_669' title='bbox 2734 4108 2866 4162; x_wconf 85' lang='lat' dir='ltr'><strong>Eum</strong></span> <span class='ocrx_word' id='word_1_670' title='bbox 2893 4115 2950 4161; x_wconf 92' lang='lat' dir='ltr'><strong>tu</strong></span> <span class='ocrx_word' id='word_1_671' title='bbox 2980 4109 3067 4176; x_wconf 89' lang='lat' dir='ltr'><strong>qui</strong></span> <span class='ocrx_word' id='word_1_672' title='bbox 3101 4108 3243 4161; x_wconf 89' lang='lat' dir='ltr'><strong>cruci</strong></span> <span class='ocrx_word' id='word_1_673' title='bbox 3276 4108 3504 4160; x_wconf 81' lang='lat' dir='ltr'><strong>suftixus</strong></span> <span class='ocrx_word' id='word_1_674' title='bbox 3533 4116 3616 4159; x_wconf 84' lang='lat' dir='ltr'><strong>est</strong></span> 
     </span>
    </p>
   </div>
   <div class='ocr_carea' id='block_1_97' title="bbox 2012 4176 3613 4246">
    <p class='ocr_par' dir='ltr' id='par_1_97' title="bbox 2012 4176 3613 4246">
     <span class='ocr_line' id='line_1_98' title="bbox 2012 4176 3613 4246; baseline 0.001 -17"><span class='ocrx_word' id='word_1_675' title='bbox 2012 4177 2245 4230; x_wconf 85' lang='lat' dir='ltr'><strong>adoras?</strong></span> <span class='ocrx_word' id='word_1_676' title='bbox 2285 4180 2332 4232; x_wconf 91' lang='lat' dir='ltr'><strong>ei</strong></span> <span class='ocrx_word' id='word_1_677' title='bbox 2375 4179 2536 4232; x_wconf 88' lang='lat' dir='ltr'><strong>alacri</strong></span> <span class='ocrx_word' id='word_1_678' title='bbox 2582 4192 2880 4246; x_wconf 82' lang='lat' dir='ltr'><strong>magnaque</strong></span> <span class='ocrx_word' id='word_1_679' title='bbox 2921 4194 3054 4232; x_wconf 91' lang='lat' dir='ltr'><strong>voce</strong></span> <span class='ocrx_word' id='word_1_680' title='bbox 3093 4193 3156 4231; x_wconf 89' lang='lat' dir='ltr'><strong>ac</strong></span> <span class='ocrx_word' id='word_1_681' title='bbox 3198 4176 3322 4231; x_wconf 63' lang='lat' dir='ltr'><strong>laeto</strong></span> <span class='ocrx_word' id='word_1_682' title='bbox 3349 4179 3496 4231; x_wconf 88' lang='lat' dir='ltr'><strong>vultu</strong></span> <span class='ocrx_word' id='word_1_683' title='bbox 3530 4194 3613 4230; x_wconf 74' lang='lat' dir='ltr'><strong>re~</strong></span> 
     </span>
    </p>
   </div>
   <div class='ocr_carea' id='block_1_98' title="bbox 2011 4248 3610 4316">
    <p class='ocr_par' dir='ltr' id='par_1_98' title="bbox 2011 4248 3610 4316">
     <span class='ocr_line' id='line_1_99' title="bbox 2011 4248 3610 4316; baseline -0.001 -16"><span class='ocrx_word' id='word_1_684' title='bbox 2011 4248 2292 4314; x_wconf 80' lang='lat' dir='ltr'><strong>Spondeto.</strong></span> <span class='ocrx_word' id='word_1_685' title='bbox 2312 4253 2471 4304; x_wconf 90' lang='lat' dir='ltr'><strong>Certe</strong></span> <span class='ocrx_word' id='word_1_686' title='bbox 2490 4250 2680 4316; x_wconf 86' lang='lat' dir='ltr'><strong>adoro,</strong></span> <span class='ocrx_word' id='word_1_687' title='bbox 2698 4263 2795 4303; x_wconf 88' lang='lat' dir='ltr'><strong>nec</strong></span> <span class='ocrx_word' id='word_1_688' title='bbox 2805 4248 3030 4302; x_wconf 89' lang='lat' dir='ltr'><strong>adorare</strong></span> <span class='ocrx_word' id='word_1_689' title='bbox 3047 4264 3167 4301; x_wconf 90' lang='lat' dir='ltr'><strong>eum</strong></span> <span class='ocrx_word' id='word_1_690' title='bbox 3186 4248 3472 4303; x_wconf 78' lang='lat' dir='ltr'><strong>desistam:</strong></span> <span class='ocrx_word' id='word_1_691' title='bbox 3493 4258 3545 4302; x_wconf 90' lang='lat' dir='ltr'><strong>et</strong></span> <span class='ocrx_word' id='word_1_692' title='bbox 3568 4249 3610 4300; x_wconf 82' lang='lat' dir='ltr'><strong>si</strong></span> 
     </span>
    </p>
   </div>
   <div class='ocr_carea' id='block_1_99' title="bbox 2012 4319 3611 4389">
    <p class='ocr_par' dir='ltr' id='par_1_99' title="bbox 2012 4319 3611 4389">
     <span class='ocr_line' id='line_1_100' title="bbox 2012 4319 3611 4389; baseline 0 -19"><span class='ocrx_word' id='word_1_693' title='bbox 2012 4319 2204 4389; x_wconf 87' lang='lat' dir='ltr'><strong>rideat,</strong></span> <span class='ocrx_word' id='word_1_694' title='bbox 2239 4319 2361 4374; x_wconf 82' lang='lat' dir='ltr'><strong>dole</strong></span> <span class='ocrx_word' id='word_1_695' title='bbox 2386 4320 2503 4389; x_wconf 88' lang='lat' dir='ltr'><strong>ejus</strong></span> <span class='ocrx_word' id='word_1_696' title='bbox 2549 4321 2717 4374; x_wconf 88' lang='lat' dir='ltr'><strong>vicem</strong></span> <span class='ocrx_word' id='word_1_697' title='bbox 2758 4334 2881 4374; x_wconf 92' lang='lat' dir='ltr'><strong>cum</strong></span> <span class='ocrx_word' id='word_1_698' title='bbox 2923 4319 3194 4388; x_wconf 83' lang='lat' dir='ltr'><strong>lacryniis,</strong></span> <span class='ocrx_word' id='word_1_699' title='bbox 3241 4319 3382 4386; x_wconf 87' lang='lat' dir='ltr'><strong>quod</strong></span> <span class='ocrx_word' id='word_1_700' title='bbox 3426 4336 3611 4372; x_wconf 80' lang='lat' dir='ltr'><strong>ametis</strong></span> 
     </span>
    </p>
   </div>
   <div class='ocr_carea' id='block_1_100' title="bbox 2011 4388 3611 4460">
    <p class='ocr_par' dir='ltr' id='par_1_100' title="bbox 2011 4388 3611 4460">
     <span class='ocr_line' id='line_1_101' title="bbox 2011 4388 3611 4460; baseline 0.001 -18"><span class='ocrx_word' id='word_1_701' title='bbox 2011 4389 2099 4442; x_wconf 89' lang='lat' dir='ltr'><strong>sit.</strong></span> <span class='ocrx_word' id='word_1_702' title='bbox 2126 4388 2345 4460; x_wconf 85' lang='lat' dir='ltr'><strong>Christo</strong></span> <span class='ocrx_word' id='word_1_703' title='bbox 2363 4388 2585 4445; x_wconf 85' lang='lat' dir='ltr'><strong>Domino</strong></span> <span class='ocrx_word' id='word_1_704' title='bbox 2611 4405 2707 4460; x_wconf 85' lang='lat' dir='ltr'><strong>age</strong></span> <span class='ocrx_word' id='word_1_705' title='bbox 2736 4391 2935 4460; x_wconf 81' lang='lat' dir='ltr'><strong>gratias</strong></span> <span class='ocrx_word' id='word_1_706' title='bbox 2955 4432 2970 4456; x_wconf 90' lang='lat'><strong>,</strong></span> <span class='ocrx_word' id='word_1_707' title='bbox 3000 4390 3140 4459; x_wconf 91' lang='lat' dir='ltr'><strong>quod</strong></span> <span class='ocrx_word' id='word_1_708' title='bbox 3172 4389 3430 4444; x_wconf 54' lang='lat' dir='ltr'><strong>beneﬁcia</strong></span> <span class='ocrx_word' id='word_1_709' title='bbox 3463 4389 3611 4459; x_wconf 85' lang='lat' dir='ltr'><strong>ejus-</strong></span> 
     </span>
    </p>
   </div>
   <div class='ocr_carea' id='block_1_101' title="bbox 2011 4459 3608 4530">
    <p class='ocr_par' dir='ltr' id='par_1_101' title="bbox 2011 4459 3608 4530">
     <span class='ocr_line' id='line_1_102' title="bbox 2011 4459 3608 4530; baseline 0.002 -20"><span class='ocrx_word' id='word_1_710' title='bbox 2011 4459 2155 4530; x_wconf 86' lang='lat' dir='ltr'><strong>modi</strong></span> <span class='ocrx_word' id='word_1_711' title='bbox 2189 4462 2243 4515; x_wconf 93' lang='lat' dir='ltr'><strong>in</strong></span> <span class='ocrx_word' id='word_1_712' title='bbox 2274 4476 2372 4515; x_wconf 89' lang='lat' dir='ltr'><strong>nos</strong></span> <span class='ocrx_word' id='word_1_713' title='bbox 2392 4459 2708 4526; x_wconf 90' lang='lat' dir='ltr'><strong>contulerit,</strong></span> <span class='ocrx_word' id='word_1_714' title='bbox 2742 4459 2862 4530; x_wconf 66' lang='lat' dir='ltr'><strong>quae</strong></span> <span class='ocrx_word' id='word_1_715' title='bbox 2893 4462 3009 4514; x_wconf 92' lang='lat' dir='ltr'><strong>sine</strong></span> <span class='ocrx_word' id='word_1_716' title='bbox 3031 4462 3227 4514; x_wconf 74' lang='lat' dir='ltr'><strong>caelusti</strong></span> <span class='ocrx_word' id='word_1_717' title='bbox 3276 4461 3608 4514; x_wconf 82' lang='lat' dir='ltr'><strong>revelatione</strong></span> 
     </span>
    </p>
   </div>
   <div class='ocr_carea' id='block_1_102' title="bbox 2011 4529 3609 4602">
    <p class='ocr_par' dir='ltr' id='par_1_102' title="bbox 2011 4529 3609 4602">
     <span class='ocr_line' id='line_1_103' title="bbox 2011 4529 3609 4602; baseline 0 -19"><span class='ocrx_word' id='word_1_718' title='bbox 2011 4529 2220 4587; x_wconf 87' lang='lat' dir='ltr'><strong>discere</strong></span> <span class='ocrx_word' id='word_1_719' title='bbox 2257 4548 2416 4587; x_wconf 92' lang='lat' dir='ltr'><strong>nemo</strong></span> <span class='ocrx_word' id='word_1_720' title='bbox 2455 4533 2642 4602; x_wconf 88' lang='lat' dir='ltr'><strong>possit.</strong></span> <span class='ocrx_word' id='word_1_721' title='bbox 2686 4529 2807 4586; x_wconf 90' lang='lat' dir='ltr'><strong>Ideo</strong></span> <span class='ocrx_word' id='word_1_722' title='bbox 2851 4546 3085 4598; x_wconf 86' lang='lat' dir='ltr'><strong>namque</strong></span> <span class='ocrx_word' id='word_1_723' title='bbox 3110 4532 3266 4602; x_wconf 84' lang='lat' dir='ltr'><strong>ridet,</strong></span> <span class='ocrx_word' id='word_1_724' title='bbox 3310 4533 3431 4601; x_wconf 90' lang='lat' dir='ltr'><strong>quia</strong></span> <span class='ocrx_word' id='word_1_725' title='bbox 3480 4533 3609 4602; x_wconf 63' lang='lat' dir='ltr'><strong>Ani-</strong></span> 
     </span>
    </p>
   </div>
   <div class='ocr_carea' id='block_1_103' title="bbox 2012 4599 3604 4675">
    <p class='ocr_par' dir='ltr' id='par_1_103' title="bbox 2012 4599 3604 4675">
     <span class='ocr_line' id='line_1_104' title="bbox 2012 4599 3604 4675; baseline 0.002 -22"><span class='ocrx_word' id='word_1_726' title='bbox 2012 4603 2162 4675; x_wconf 64' lang='lat' dir='ltr'><strong>malia</strong></span> <span class='ocrx_word' id='word_1_727' title='bbox 2183 4603 2331 4657; x_wconf 84' lang='lat' dir='ltr'><strong>homo</strong></span> <span class='ocrx_word' id='word_1_728' title='bbox 2353 4599 2467 4675; x_wconf 47' lang='lat' dir='ltr'><strong>non&#39;</strong></span> <span class='ocrx_word' id='word_1_729' title='bbox 2494 4603 2703 4675; x_wconf 73' lang='lat' dir='ltr'><strong>percipit</strong></span> <span class='ocrx_word' id='word_1_730' title='bbox 2717 4620 2801 4675; x_wconf 17' lang='lat' dir='ltr'><strong>Aea,</strong></span> <span class='ocrx_word' id='word_1_731' title='bbox 2837 4619 2950 4673; x_wconf 74' lang='lat' dir='ltr'><strong>qua:</strong></span> <span class='ocrx_word' id='word_1_732' title='bbox 2979 4615 3092 4655; x_wconf 80' lang='lat' dir='ltr'><strong>sunt</strong></span> <span class='ocrx_word' id='word_1_733' title='bbox 3125 4599 3352 4671; x_wconf 70' lang='lat' dir='ltr'><strong>Spiritus</strong></span> <span class='ocrx_word' id='word_1_734' title='bbox 3381 4603 3455 4675; x_wconf 79' lang='lat' dir='ltr'><strong>(l.</strong></span> <span class='ocrx_word' id='word_1_735' title='bbox 3484 4599 3604 4656; x_wconf 85' lang='lat' dir='ltr'><strong>Cor.</strong></span> 
     </span>
    </p>
   </div>
   <div class='ocr_carea' id='block_1_104' title="bbox 2011 4670 3610 4743">
    <p class='ocr_par' dir='ltr' id='par_1_104' title="bbox 2011 4670 3610 4743">
     <span class='ocr_line' id='line_1_105' title="bbox 2011 4670 3610 4743; baseline 0.001 -19"><span class='ocrx_word' id='word_1_736' title='bbox 2011 4670 2066 4725; x_wconf 74' lang='grc'><strong>2.</strong></span> <span class='ocrx_word' id='word_1_737' title='bbox 2104 4675 2210 4742; x_wconf 72' lang='grc'><strong>14),</strong></span> <span class='ocrx_word' id='word_1_738' title='bbox 2246 4670 2677 4743; x_wconf 83' lang='lat' dir='ltr'><strong>quandoquidem</strong></span> <span class='ocrx_word' id='word_1_739' title='bbox 2715 4673 2816 4728; x_wconf 89' lang='lat' dir='ltr'><strong>hoc</strong></span> <span class='ocrx_word' id='word_1_740' title='bbox 2850 4670 3020 4728; x_wconf 80' lang='lat' dir='ltr'><strong>etiam</strong></span> <span class='ocrx_word' id='word_1_741' title='bbox 3058 4670 3238 4743; x_wconf 81' lang='lat' dir='ltr'><strong>pueris</strong></span> <span class='ocrx_word' id='word_1_742' title='bbox 3285 4670 3399 4727; x_wconf 59' lang='lat' dir='ltr'><strong>usu&#39;</strong></span> <span class='ocrx_word' id='word_1_743' title='bbox 3426 4676 3569 4726; x_wconf 76' lang='lat' dir='ltr'><strong>venit</strong></span> <span class='ocrx_word' id='word_1_744' title='bbox 3593 4714 3610 4739; x_wconf 87' lang='lat'><strong>,</strong></span> 
     </span>
    </p>
   </div>
   <div class='ocr_carea' id='block_1_105' title="bbox 2012 4745 3611 4814">
    <p class='ocr_par' dir='ltr' id='par_1_105' title="bbox 2012 4745 3611 4814">
     <span class='ocr_line' id='line_1_106' title="bbox 2012 4745 3611 4814; baseline 0.002 -19"><span class='ocrx_word' id='word_1_745' title='bbox 2012 4757 2133 4796; x_wconf 91' lang='lat' dir='ltr'><strong>cum</strong></span> <span class='ocrx_word' id='word_1_746' title='bbox 2163 4745 2359 4811; x_wconf 85' lang='lat' dir='ltr'><strong>aliquid</strong></span> <span class='ocrx_word' id='word_1_747' title='bbox 2391 4760 2640 4814; x_wconf 88' lang='lat' dir='ltr'><strong>maguum</strong></span> <span class='ocrx_word' id='word_1_748' title='bbox 2674 4755 2722 4799; x_wconf 90' lang='lat' dir='ltr'><strong>et</strong></span> <span class='ocrx_word' id='word_1_749' title='bbox 2753 4745 3108 4798; x_wconf 89' lang='lat' dir='ltr'><strong>admiratione</strong></span> <span class='ocrx_word' id='word_1_750' title='bbox 3145 4745 3362 4814; x_wconf 87' lang='lat' dir='ltr'><strong>dignum</strong></span> <span class='ocrx_word' id='word_1_751' title='bbox 3395 4745 3611 4798; x_wconf 77' lang='lat' dir='ltr'><strong>intuen-</strong></span> 
     </span>
    </p>
   </div>
   <div class='ocr_carea' id='block_1_106' title="bbox 2014 4815 3606 4887">
    <p class='ocr_par' dir='ltr' id='par_1_106' title="bbox 2014 4815 3606 4887">
     <span class='ocr_line' id='line_1_107' title="bbox 2014 4815 3606 4887; baseline 0.003 -23"><span class='ocrx_word' id='word_1_752' title='bbox 2014 4823 2098 4887; x_wconf 75' lang='lat' dir='ltr'><strong>tur</strong></span> <span class='ocrx_word' id='word_1_753' title='bbox 2127 4830 2143 4887; x_wconf 70' lang='lat'><strong>:_</strong></span> <span class='ocrx_word' id='word_1_754' title='bbox 2175 4830 2236 4887; x_wconf 84' lang='lat' dir='ltr'><strong>ac</strong></span> <span class='ocrx_word' id='word_1_755' title='bbox 2264 4817 2306 4868; x_wconf 85' lang='lat' dir='ltr'><strong>si</strong></span> <span class='ocrx_word' id='word_1_756' title='bbox 2339 4831 2563 4884; x_wconf 86' lang='lat' dir='ltr'><strong>puerum</strong></span> <span class='ocrx_word' id='word_1_757' title='bbox 2593 4815 2657 4869; x_wconf 88' lang='lat' dir='ltr'><strong>ad</strong></span> <span class='ocrx_word' id='word_1_758' title='bbox 2688 4816 2943 4887; x_wconf 83' lang='lat' dir='ltr'><strong>mysteria</strong></span> <span class='ocrx_word' id='word_1_759' title='bbox 2975 4817 3356 4880; x_wconf 77' lang='lat' dir='ltr'><strong>intrmluxerts,</strong></span> <span class='ocrx_word' id='word_1_760' title='bbox 3389 4816 3606 4868; x_wconf 86' lang='lat' dir='ltr'><strong>ridebit.</strong></span> 
     </span>
    </p>
   </div>
   <div class='ocr_carea' id='block_1_107' title="bbox 2011 4883 3604 4955">
    <p class='ocr_par' dir='ltr' id='par_1_107' title="bbox 2011 4883 3604 4955">
     <span class='ocr_line' id='line_1_108' title="bbox 2011 4883 3604 4955; baseline 0 -17"><span class='ocrx_word' id='word_1_761' title='bbox 2011 4883 2106 4938; x_wconf 83' lang='lat' dir='ltr'><strong>llis</strong></span> <span class='ocrx_word' id='word_1_762' title='bbox 2134 4885 2293 4954; x_wconf 88' lang='lat' dir='ltr'><strong>igitur</strong></span> <span class='ocrx_word' id='word_1_763' title='bbox 2321 4883 2501 4955; x_wconf 83' lang='lat' dir='ltr'><strong>pueris</strong></span> <span class='ocrx_word' id='word_1_764' title='bbox 2531 4897 2717 4955; x_wconf 88' lang='lat' dir='ltr'><strong>gentes</strong></span> <span class='ocrx_word' id='word_1_765' title='bbox 2745 4883 2877 4940; x_wconf 49' lang='lat' dir='ltr'><strong>&#39;sunt</strong></span> <span class='ocrx_word' id='word_1_766' title='bbox 2902 4887 3104 4940; x_wconf 87' lang='lat' dir='ltr'><strong>similes</strong></span> <span class='ocrx_word' id='word_1_767' title='bbox 3125 4931 3137 4948; x_wconf 86' lang='grc'><em>,</em></span> <span class='ocrx_word' id='word_1_768' title='bbox 3168 4903 3354 4940; x_wconf 87' lang='lat' dir='ltr'><strong>verum</strong></span> <span class='ocrx_word' id='word_1_769' title='bbox 3388 4887 3568 4955; x_wconf 88' lang='lat' dir='ltr'><strong>pueris</strong></span> <span class='ocrx_word' id='word_1_770' title='bbox 3587 4927 3604 4952; x_wconf 87' lang='lat'><strong>,</strong></span> 
     </span>
    </p>
   </div>
   <div class='ocr_carea' id='block_1_108' title="bbox 2013 4956 3608 5026">
    <p class='ocr_par' dir='ltr' id='par_1_108' title="bbox 2013 4956 3608 5026">
     <span class='ocr_line' id='line_1_109' title="bbox 2013 4956 3608 5026; baseline 0.001 -18"><span class='ocrx_word' id='word_1_771' title='bbox 2013 4967 2067 5008; x_wconf 92' lang='lat' dir='ltr'><strong>ut</strong></span> <span class='ocrx_word' id='word_1_772' title='bbox 2099 4956 2167 5008; x_wconf 89' lang='lat' dir='ltr'><strong>ita</strong></span> <span class='ocrx_word' id='word_1_773' title='bbox 2198 4958 2393 5020; x_wconf 90' lang='lat' dir='ltr'><strong>dicam,</strong></span> <span class='ocrx_word' id='word_1_774' title='bbox 2419 4959 2836 5024; x_wconf 78' lang='lat' dir='ltr'><strong>imperfectiores</strong></span> <span class='ocrx_word' id='word_1_775' title='bbox 2863 4968 3007 5017; x_wconf 90' lang='lat' dir='ltr'><strong>sunt,</strong></span> <span class='ocrx_word' id='word_1_776' title='bbox 3041 4957 3110 5010; x_wconf 90' lang='lat' dir='ltr'><strong>ob</strong></span> <span class='ocrx_word' id='word_1_777' title='bbox 3135 4973 3360 5026; x_wconf 87' lang='lat' dir='ltr'><strong>eamque</strong></span> <span class='ocrx_word' id='word_1_778' title='bbox 3391 4972 3608 5010; x_wconf 87' lang='lat' dir='ltr'><strong>causam</strong></span> 
     </span>
    </p>
   </div>
   <div class='ocr_carea' id='block_1_109' title="bbox 2012 5028 3608 5098">
    <p class='ocr_par' dir='ltr' id='par_1_109' title="bbox 2012 5028 3608 5098">
     <span class='ocr_line' id='line_1_110' title="bbox 2012 5028 3608 5098; baseline 0.001 -19"><span class='ocrx_word' id='word_1_779' title='bbox 2012 5028 2344 5095; x_wconf 87' lang='lat' dir='ltr'><strong>miseriores,</strong></span> <span class='ocrx_word' id='word_1_780' title='bbox 2375 5031 2515 5098; x_wconf 84' lang='lat' dir='ltr'><strong>quod</strong></span> <span class='ocrx_word' id='word_1_781' title='bbox 2546 5045 2651 5082; x_wconf 88' lang='lat' dir='ltr'><strong>non</strong></span> <span class='ocrx_word' id='word_1_782' title='bbox 2684 5030 2736 5082; x_wconf 86' lang='lat' dir='ltr'><strong>in</strong></span> <span class='ocrx_word' id='word_1_783' title='bbox 2778 5029 3060 5082; x_wconf 89' lang='lat' dir='ltr'><strong>immatura</strong></span> <span class='ocrx_word' id='word_1_784' title='bbox 3086 5038 3276 5089; x_wconf 74' lang='lat' dir='ltr'><strong>aztale,</strong></span> <span class='ocrx_word' id='word_1_785' title='bbox 3304 5028 3398 5082; x_wconf 89' lang='lat' dir='ltr'><strong>sed</strong></span> <span class='ocrx_word' id='word_1_786' title='bbox 3432 5029 3482 5080; x_wconf 94' lang='lat' dir='ltr'><strong>in</strong></span> <span class='ocrx_word' id='word_1_787' title='bbox 3513 5029 3608 5080; x_wconf 86' lang='lat' dir='ltr'><strong>ab-</strong></span> 
     </span>
    </p>
   </div>
   <div class='ocr_carea' id='block_1_110' title="bbox 2011 5099 3609 5168">
    <p class='ocr_par' dir='ltr' id='par_1_110' title="bbox 2011 5099 3609 5168">
     <span class='ocr_line' id='line_1_111' title="bbox 2011 5099 3609 5168; baseline 0 -15"><span class='ocrx_word' id='word_1_788' title='bbox 2011 5101 2184 5153; x_wconf 89' lang='lat' dir='ltr'><strong>soluta</strong></span> <span class='ocrx_word' id='word_1_789' title='bbox 2231 5110 2287 5153; x_wconf 94' lang='lat' dir='ltr'><strong>ct</strong></span> <span class='ocrx_word' id='word_1_790' title='bbox 2323 5107 2603 5154; x_wconf 89' lang='lat' dir='ltr'><strong>constante</strong></span> <span class='ocrx_word' id='word_1_791' title='bbox 2647 5101 2698 5153; x_wconf 89' lang='lat' dir='ltr'><strong>in</strong></span> <span class='ocrx_word' id='word_1_792' title='bbox 2745 5099 2866 5154; x_wconf 90' lang='lat' dir='ltr'><strong>illos</strong></span> <span class='ocrx_word' id='word_1_793' title='bbox 2910 5099 3099 5153; x_wconf 88' lang='lat' dir='ltr'><strong>eadem</strong></span> <span class='ocrx_word' id='word_1_794' title='bbox 3149 5115 3269 5168; x_wconf 78' lang='lat' dir='ltr'><strong>qua:</strong></span> <span class='ocrx_word' id='word_1_795' title='bbox 3312 5100 3361 5150; x_wconf 89' lang='lat' dir='ltr'><strong>in</strong></span> <span class='ocrx_word' id='word_1_796' title='bbox 3410 5113 3609 5167; x_wconf 82' lang='lat' dir='ltr'><strong>pueros</strong></span> 
     </span>
    </p>
   </div>
   <div class='ocr_carea' id='block_1_111' title="bbox 2011 5168 3610 5240">
    <p class='ocr_par' dir='ltr' id='par_1_111' title="bbox 2011 5168 3610 5240">
     <span class='ocr_line' id='line_1_112' title="bbox 2011 5168 3610 5240; baseline 0.001 -18"><span class='ocrx_word' id='word_1_797' title='bbox 2011 5170 2225 5222; x_wconf 88' lang='lat' dir='ltr'><strong>cadunt.</strong></span> <span class='ocrx_word' id='word_1_798' title='bbox 2259 5170 2438 5239; x_wconf 87' lang='lat' dir='ltr'><strong>Itaque</strong></span> <span class='ocrx_word' id='word_1_799' title='bbox 2468 5187 2534 5225; x_wconf 90' lang='lat' dir='ltr'><strong>ne</strong></span> <span class='ocrx_word' id='word_1_800' title='bbox 2570 5171 2722 5224; x_wconf 85' lang='lat' dir='ltr'><strong>venia</strong></span> <span class='ocrx_word' id='word_1_801' title='bbox 2752 5169 2968 5240; x_wconf 91' lang='lat' dir='ltr'><strong>quidem</strong></span> <span class='ocrx_word' id='word_1_802' title='bbox 2997 5169 3140 5238; x_wconf 79' lang='lat' dir='ltr'><strong>digiti</strong></span> <span class='ocrx_word' id='word_1_803' title='bbox 3172 5180 3312 5222; x_wconf 89' lang='lat' dir='ltr'><strong>sunt.</strong></span> <span class='ocrx_word' id='word_1_804' title='bbox 3344 5168 3453 5224; x_wconf 85' lang='lat' dir='ltr'><strong>Nos</strong></span> <span class='ocrx_word' id='word_1_805' title='bbox 3481 5185 3610 5224; x_wconf 89' lang='lat' dir='ltr'><strong>vero</strong></span> 
     </span>
    </p>
   </div>
   <div class='ocr_carea' id='block_1_112' title="bbox 2011 5241 3611 5311">
    <p class='ocr_par' dir='ltr' id='par_1_112' title="bbox 2011 5241 3611 5311">
     <span class='ocr_line' id='line_1_113' title="bbox 2011 5241 3611 5311; baseline 0.001 -19"><span class='ocrx_word' id='word_1_806' title='bbox 2011 5241 2152 5293; x_wconf 87' lang='lat' dir='ltr'><strong>clara</strong></span> <span class='ocrx_word' id='word_1_807' title='bbox 2186 5257 2481 5311; x_wconf 87' lang='lat' dir='ltr'><strong>magnaque</strong></span> <span class='ocrx_word' id='word_1_808' title='bbox 2503 5256 2634 5297; x_wconf 84' lang='lat' dir='ltr'><strong>voce</strong></span> <span class='ocrx_word' id='word_1_809' title='bbox 2654 5243 2968 5304; x_wconf 80' lang='lat' dir='ltr'><strong>clamemus,</strong></span> <span class='ocrx_word' id='word_1_810' title='bbox 3002 5251 3163 5308; x_wconf 88' lang='lat' dir='ltr'><strong>atque</strong></span> <span class='ocrx_word' id='word_1_811' title='bbox 3185 5241 3449 5306; x_wconf 87' lang='lat' dir='ltr'><strong>dicamus,</strong></span> <span class='ocrx_word' id='word_1_812' title='bbox 3473 5256 3536 5295; x_wconf 88' lang='lat' dir='ltr'><strong>ac</strong></span> <span class='ocrx_word' id='word_1_813' title='bbox 3567 5243 3611 5294; x_wconf 88' lang='lat' dir='ltr'><strong>si</strong></span> 
     </span>
    </p>
   </div>
   <div class='ocr_carea' id='block_1_113' title="bbox 2011 5312 3612 5381">
    <p class='ocr_par' dir='ltr' id='par_1_113' title="bbox 2011 5312 3612 5381">
     <span class='ocr_line' id='line_1_114' title="bbox 2011 5312 3612 5381; baseline 0 -18"><span class='ocrx_word' id='word_1_814' title='bbox 2011 5326 2200 5364; x_wconf 85' lang='lat' dir='ltr'><strong>omnes</strong></span> <span class='ocrx_word' id='word_1_815' title='bbox 2219 5324 2406 5381; x_wconf 85' lang='lat' dir='ltr'><strong>gentes</strong></span> <span class='ocrx_word' id='word_1_816' title='bbox 2428 5313 2624 5373; x_wconf 85' lang='lat' dir='ltr'><strong>adsint,</strong></span> <span class='ocrx_word' id='word_1_817' title='bbox 2648 5329 2768 5367; x_wconf 89' lang='lat' dir='ltr'><strong>cum</strong></span> <span class='ocrx_word' id='word_1_818' title='bbox 2793 5314 2996 5379; x_wconf 81' lang='lat' dir='ltr'><strong>majore</strong></span> <span class='ocrx_word' id='word_1_819' title='bbox 3026 5312 3214 5365; x_wconf 88' lang='lat' dir='ltr'><strong>liducia</strong></span> <span class='ocrx_word' id='word_1_820' title='bbox 3242 5313 3612 5380; x_wconf 75' lang='lat' dir='ltr'><strong>proﬁteantur,</strong></span> 
     </span>
    </p>
   </div>
   <div class='ocr_carea' id='block_1_114' title="bbox 2011 5383 3606 5454">
    <p class='ocr_par' dir='ltr' id='par_1_114' title="bbox 2011 5383 3606 5454">
     <span class='ocr_line' id='line_1_115' title="bbox 2011 5383 3606 5454; baseline 0.001 -20"><span class='ocrx_word' id='word_1_821' title='bbox 2011 5395 2225 5434; x_wconf 80' lang='lat' dir='ltr'><strong>erucem</strong></span> <span class='ocrx_word' id='word_1_822' title='bbox 2254 5398 2375 5436; x_wconf 89' lang='lat' dir='ltr'><strong>esse</strong></span> <span class='ocrx_word' id='word_1_823' title='bbox 2403 5395 2641 5438; x_wconf 82' lang='lat' dir='ltr'><strong>nostram</strong></span> <span class='ocrx_word' id='word_1_824' title='bbox 2670 5383 3067 5454; x_wconf 82' lang='lat' dir='ltr'><strong>gloriatiouem,</strong></span> <span class='ocrx_word' id='word_1_825' title='bbox 3109 5397 3484 5450; x_wconf 83' lang='lat' dir='ltr'><strong>Sunuuamque</strong></span> <span class='ocrx_word' id='word_1_826' title='bbox 3514 5383 3606 5436; x_wconf 83' lang='lat' dir='ltr'><strong>lio-</strong></span> 
     </span>
    </p>
   </div>
   <div class='ocr_carea' id='block_1_115' title="bbox 2011 5454 3611 5520">
    <p class='ocr_par' dir='ltr' id='par_1_115' title="bbox 2011 5454 3611 5520">
     <span class='ocr_line' id='line_1_116' title="bbox 2011 5454 3611 5520; baseline 0 -14"><span class='ocrx_word' id='word_1_827' title='bbox 2011 5468 2200 5506; x_wconf 84' lang='lat' dir='ltr'><strong>nortun</strong></span> <span class='ocrx_word' id='word_1_828' title='bbox 2232 5455 2494 5518; x_wconf 91' lang='lat' dir='ltr'><strong>omnium,</strong></span> <span class='ocrx_word' id='word_1_829' title='bbox 2524 5464 2580 5508; x_wconf 90' lang='lat' dir='ltr'><strong>et</strong></span> <span class='ocrx_word' id='word_1_830' title='bbox 2607 5454 2854 5508; x_wconf 82' lang='lat' dir='ltr'><strong>ﬁduciam</strong></span> <span class='ocrx_word' id='word_1_831' title='bbox 2881 5469 3094 5506; x_wconf 89' lang='lat' dir='ltr'><strong>omnem</strong></span> <span class='ocrx_word' id='word_1_832' title='bbox 3144 5464 3302 5520; x_wconf 88' lang='lat' dir='ltr'><strong>atque</strong></span> <span class='ocrx_word' id='word_1_833' title='bbox 3331 5469 3611 5508; x_wconf 88' lang='lat' dir='ltr'><strong>coronam.</strong></span> 
     </span>
    </p>
   </div>
   <div class='ocr_carea' id='block_1_116' title="bbox 2017 5523 3617 5593">
    <p class='ocr_par' dir='ltr' id='par_1_116' title="bbox 2017 5523 3617 5593">
     <span class='ocr_line' id='line_1_117' title="bbox 2017 5523 3617 5593; baseline 0.001 -17"><span class='ocrx_word' id='word_1_834' title='bbox 2017 5524 2219 5577; x_wconf 60' lang='lat' dir='ltr'><strong>Vellem</strong></span> <span class='ocrx_word' id='word_1_835' title='bbox 2254 5533 2434 5578; x_wconf 91' lang='lat' dir='ltr'><strong>autem</strong></span> <span class='ocrx_word' id='word_1_836' title='bbox 2475 5541 2631 5593; x_wconf 81' lang='lat' dir='ltr'><strong>posse</strong></span> <span class='ocrx_word' id='word_1_837' title='bbox 2673 5536 2836 5580; x_wconf 79' lang='lat' dir='ltr'><strong>etiam</strong></span> <span class='ocrx_word' id='word_1_838' title='bbox 2869 5540 2990 5578; x_wconf 90' lang='lat' dir='ltr'><strong>cmn</strong></span> <span class='ocrx_word' id='word_1_839' title='bbox 3034 5523 3199 5578; x_wconf 85' lang='lat' dir='ltr'><strong>Paulo</strong></span> <span class='ocrx_word' id='word_1_840' title='bbox 3229 5525 3429 5587; x_wconf 74' lang='lat' dir='ltr'><strong>dicere,</strong></span> <span class='ocrx_word' id='word_1_841' title='bbox 3483 5524 3617 5578; x_wconf 82' lang='lat' dir='ltr'><strong>Mihi</strong></span> 
     </span>
    </p>
   </div>
   <div class='ocr_carea' id='block_1_117' title="bbox 2012 5594 3612 5666">
    <p class='ocr_par' dir='ltr' id='par_1_117' title="bbox 2012 5594 3612 5666">
     <span class='ocr_line' id='line_1_118' title="bbox 2012 5594 3612 5666; baseline 0.002 -19"><span class='ocrx_word' id='word_1_842' title='bbox 2012 5596 2232 5648; x_wconf 61' lang='lat' dir='ltr'><strong>uiuidus</strong></span> <span class='ocrx_word' id='word_1_843' title='bbox 2255 5595 2396 5648; x_wconf 84' lang='lat' dir='ltr'><strong>cruci</strong></span> <span class='ocrx_word' id='word_1_844' title='bbox 2430 5596 2639 5666; x_wconf 67' lang='lat' dir='ltr'><strong>suﬂixus</strong></span> <span class='ocrx_word' id='word_1_845' title='bbox 2679 5606 2773 5660; x_wconf 78' lang='lat' dir='ltr'><strong>est,</strong></span> <span class='ocrx_word' id='word_1_846' title='bbox 2811 5605 2974 5666; x_wconf 83' lang='lat' dir='ltr'><strong>etego</strong></span> <span class='ocrx_word' id='word_1_847' title='bbox 3012 5597 3202 5648; x_wconf 85' lang='lat' dir='ltr'><strong>mundo</strong></span> <span class='ocrx_word' id='word_1_848' title='bbox 3237 5594 3376 5665; x_wconf 78' lang='lat' dir='ltr'><strong>(Gal.</strong></span> <span class='ocrx_word' id='word_1_849' title='bbox 3404 5598 3456 5648; x_wconf 79' lang='lat'><strong>6.</strong></span> <span class='ocrx_word' id='word_1_850' title='bbox 3491 5598 3612 5660; x_wconf 78' lang='lat' dir='ltr'><strong>H);</strong></span> 
     </span>
    </p>
   </div>
   <div class='ocr_carea' id='block_1_118' title="bbox 2011 5665 3613 5736">
    <p class='ocr_par' dir='ltr' id='par_1_118' title="bbox 2011 5665 3613 5736">
     <span class='ocr_line' id='line_1_119' title="bbox 2011 5665 3613 5736; baseline 0 -17"><span class='ocrx_word' id='word_1_851' title='bbox 2011 5667 2105 5720; x_wconf 82' lang='lat' dir='ltr'><strong>sed</strong></span> <span class='ocrx_word' id='word_1_852' title='bbox 2137 5683 2241 5720; x_wconf 87' lang='lat' dir='ltr'><strong>non</strong></span> <span class='ocrx_word' id='word_1_853' title='bbox 2266 5665 2668 5733; x_wconf 29' lang='lat' dir='ltr'><strong>possum’variis</strong></span> <span class='ocrx_word' id='word_1_854' title='bbox 2698 5665 2984 5736; x_wconf 86' lang='lat' dir='ltr'><strong>impeditus</strong></span> <span class='ocrx_word' id='word_1_855' title='bbox 3011 5668 3437 5736; x_wconf 81' lang='lat' dir='ltr'><strong>constrictusque</strong></span> <span class='ocrx_word' id='word_1_856' title='bbox 3452 5668 3613 5720; x_wconf 78' lang='lat' dir='ltr'><strong>animi</strong></span> 
     </span>
    </p>
   </div>
   <div class='ocr_carea' id='block_1_119' title="bbox 2012 5736 3610 5806">
    <p class='ocr_par' dir='ltr' id='par_1_119' title="bbox 2012 5736 3610 5806">
     <span class='ocr_line' id='line_1_120' title="bbox 2012 5736 3610 5806; baseline 0.003 -23"><span class='ocrx_word' id='word_1_857' title='bbox 2012 5738 2311 5789; x_wconf 67' lang='lat' dir='ltr'><strong>atri-milies.</strong></span> <span class='ocrx_word' id='word_1_858' title='bbox 2349 5736 2529 5806; x_wconf 88' lang='lat' dir='ltr'><strong>itaque</strong></span> <span class='ocrx_word' id='word_1_859' title='bbox 2557 5754 2677 5793; x_wconf 90' lang='lat' dir='ltr'><strong>cum</strong></span> <span class='ocrx_word' id='word_1_860' title='bbox 2716 5736 2891 5801; x_wconf 85' lang='lat' dir='ltr'><strong>vobis,</strong></span> <span class='ocrx_word' id='word_1_861' title='bbox 2935 5745 3046 5789; x_wconf 91' lang='lat' dir='ltr'><strong>tum</strong></span> <span class='ocrx_word' id='word_1_862' title='bbox 3079 5739 3206 5791; x_wconf 91' lang='lat' dir='ltr'><strong>mihi</strong></span> <span class='ocrx_word' id='word_1_863' title='bbox 3249 5738 3361 5806; x_wconf 78' lang='lat' dir='ltr'><strong>ipse</strong></span> <span class='ocrx_word' id='word_1_864' title='bbox 3390 5741 3610 5800; x_wconf 63' lang='lat' dir='ltr'><strong>suadeo,</strong></span> 
     </span>
    </p>
   </div>
   <div class='ocr_carea' id='block_1_120' title="bbox 2012 5807 3616 5883">
    <p class='ocr_par' dir='ltr' id='par_1_120' title="bbox 2012 5807 3616 5883">
     <span class='ocr_line' id='line_1_121' title="bbox 2012 5807 3616 5883; baseline 0 -20"><span class='ocrx_word' id='word_1_865' title='bbox 2012 5821 2069 5863; x_wconf 84' lang='lat' dir='ltr'><strong>ut</strong></span> <span class='ocrx_word' id='word_1_866' title='bbox 2096 5821 2296 5864; x_wconf 82' lang='lat' dir='ltr'><strong>mundo</strong></span> <span class='ocrx_word' id='word_1_867' title='bbox 2317 5809 2712 5883; x_wconf 64' lang='lat' dir='ltr'><strong>ei&#39;uciiigamur,</strong></span> <span class='ocrx_word' id='word_1_868' title='bbox 2734 5825 2832 5864; x_wconf 89' lang='lat' dir='ltr'><strong>nec</strong></span> <span class='ocrx_word' id='word_1_869' title='bbox 2859 5807 3147 5880; x_wconf 86' lang='lat' dir='ltr'><strong>quidquam</strong></span> <span class='ocrx_word' id='word_1_870' title='bbox 3176 5808 3469 5864; x_wconf 69' lang='lat' dir='ltr'><strong>habeamus</strong></span> <span class='ocrx_word' id='word_1_871' title='bbox 3494 5825 3616 5863; x_wconf 79' lang='lat' dir='ltr'><strong>cuiu</strong></span> 
     </span>
    </p>
   </div>
  </div>
