  <div class='ocr_page' id='page_1' title='image "/cluster/home/n/w/nwhite01/storage/ocr_20150623/52/hvd.32044054758628/015.png"; bbox 0 0 4012 6184; ppageno 0'>
   <div class='ocr_carea' id='block_1_1' title="bbox 312 190 3718 272">
    <p class='ocr_par' dir='ltr' id='par_1_1' title="bbox 312 190 3718 272">
     <span class='ocr_line' id='line_1_1' title="bbox 312 190 3718 272; baseline -0.004 -10"><span class='ocrx_word' id='word_1_1' title='bbox 312 208 388 272; x_wconf 62' lang='lat'><strong>19</strong></span> <span class='ocrx_word' id='word_1_2' title='bbox 1171 201 1243 258; x_wconf 85' lang='lat' dir='ltr'><strong>IN</strong></span> <span class='ocrx_word' id='word_1_3' title='bbox 1289 200 1349 260; x_wconf 91' lang='lat' dir='ltr'><strong>S.</strong></span> <span class='ocrx_word' id='word_1_4' title='bbox 1397 197 1688 258; x_wconf 78' lang='lat' dir='ltr'><strong>PETRUM</strong></span> <span class='ocrx_word' id='word_1_5' title='bbox 1727 191 2261 256; x_wconf 71' lang='lat' dir='ltr'><strong>GIIRYSOLOUUM</strong></span> <span class='ocrx_word' id='word_1_6' title='bbox 2311 191 2867 252; x_wconf 77' lang='lat' dir='ltr'><strong>PROLEGOMENA.</strong></span> <span class='ocrx_word' id='word_1_7' title='bbox 3644 190 3718 248; x_wconf 78' lang='lat'><strong>20</strong></span> 
     </span>
    </p>
   </div>
   <div class='ocr_carea' id='block_1_2' title="bbox 315 321 3722 399">
    <p class='ocr_par' dir='ltr' id='par_1_2' title="bbox 315 321 3722 399">
     <span class='ocr_line' id='line_1_2' title="bbox 315 321 3722 399; baseline -0.006 -7"><span class='ocrx_word' id='word_1_8' title='bbox 315 337 526 399; x_wconf 78' lang='lat' dir='ltr'><strong>dicens</strong></span> <span class='ocrx_word' id='word_1_9' title='bbox 561 336 678 394; x_wconf 81' lang='lat' dir='ltr'><strong>:Tu</strong></span> <span class='ocrx_word' id='word_1_10' title='bbox 697 332 931 398; x_wconf 85' lang='lat' dir='ltr'><strong>dedisti,</strong></span> <span class='ocrx_word' id='word_1_11' title='bbox 966 334 1138 399; x_wconf 87' lang='lat' dir='ltr'><strong>Deus,</strong></span> <span class='ocrx_word' id='word_1_12' title='bbox 1170 329 1438 387; x_wconf 88' lang='lat' dir='ltr'><strong>animam</strong></span> <span class='ocrx_word' id='word_1_13' title='bbox 1467 328 1797 398; x_wconf 73' lang='lat' dir='ltr'><strong>incorpore</strong></span> <span class='ocrx_word' id='word_1_14' title='bbox 1829 325 1958 379; x_wconf 81' lang='lat' dir='ltr'><strong>isto:</strong></span> <span class='ocrx_word' id='word_1_15' title='bbox 1997 327 2040 384; x_wconf 74' lang='grc' dir='ltr'>Α</span> <span class='ocrx_word' id='word_1_16' title='bbox 2073 325 2160 378; x_wconf 86' lang='lat' dir='ltr'><strong>est</strong></span> <span class='ocrx_word' id='word_1_17' title='bbox 2191 323 2361 379; x_wconf 70' lang='lat' dir='ltr'><strong>:Noa</strong></span> <span class='ocrx_word' id='word_1_18' title='bbox 2383 323 2625 391; x_wconf 78' lang='lat' dir='ltr'><strong>repellet</strong></span> <span class='ocrx_word' id='word_1_19' title='bbox 2645 322 2933 378; x_wconf 78' lang='lat' dir='ltr'><strong>Dominus</strong></span> <span class='ocrx_word' id='word_1_20' title='bbox 2957 321 3178 392; x_wconf 68' lang='lat' dir='ltr'><strong>plebem</strong></span> <span class='ocrx_word' id='word_1_21' title='bbox 3196 335 3361 376; x_wconf 82' lang='lat' dir='ltr'><strong>suam</strong></span> <span class='ocrx_word' id='word_1_22' title='bbox 3381 321 3438 374; x_wconf 79' lang='lat' dir='ltr'><strong>in</strong></span> <span class='ocrx_word' id='word_1_23' title='bbox 3463 321 3722 388; x_wconf 81' lang='lat' dir='ltr'><strong>ﬁnem,el</strong></span> 
     </span>
    </p>
   </div>
   <div class='ocr_carea' id='block_1_3' title="bbox 317 415 1962 488">
    <p class='ocr_par' dir='ltr' id='par_1_3' title="bbox 317 415 1962 488">
     <span class='ocr_line' id='line_1_3' title="bbox 317 415 1962 488; baseline -0.008 -8"><span class='ocrx_word' id='word_1_24' title='bbox 317 427 381 480; x_wconf 87' lang='lat' dir='ltr'><strong>tu</strong></span> <span class='ocrx_word' id='word_1_25' title='bbox 400 423 615 482; x_wconf 75' lang='lat' dir='ltr'><strong>iterum</strong></span> <span class='ocrx_word' id='word_1_26' title='bbox 646 420 984 477; x_wconf 79' lang='lat' dir='ltr'><strong>misericors</strong></span> <span class='ocrx_word' id='word_1_27' title='bbox 1014 419 1252 488; x_wconf 87' lang='lat' dir='ltr'><strong>suscipe</strong></span> <span class='ocrx_word' id='word_1_28' title='bbox 1271 433 1427 482; x_wconf 87' lang='lat' dir='ltr'><strong>eam,</strong></span> <span class='ocrx_word' id='word_1_29' title='bbox 1481 415 1630 487; x_wconf 88' lang='lat' dir='ltr'><strong>quia</strong></span> <span class='ocrx_word' id='word_1_30' title='bbox 1670 418 1772 470; x_wconf 87' lang='lat' dir='ltr'><strong>tua</strong></span> <span class='ocrx_word' id='word_1_31' title='bbox 1827 427 1962 468; x_wconf 86' lang='lat' dir='ltr'><strong>sum</strong></span> 
     </span>
    </p>
   </div>
   <div class='ocr_carea' id='block_1_4' title="bbox 314 501 1964 576">
    <p class='ocr_par' dir='ltr' id='par_1_4' title="bbox 314 501 1964 576">
     <span class='ocr_line' id='line_1_4' title="bbox 314 501 1964 576; baseline -0.008 -8"><span class='ocrx_word' id='word_1_32' title='bbox 314 516 604 570; x_wconf 74' lang='lat' dir='ltr'><strong>creatura.</strong></span> <span class='ocrx_word' id='word_1_33' title='bbox 638 513 763 568; x_wconf 69' lang='lat' dir='ltr'><strong>Non</strong></span> <span class='ocrx_word' id='word_1_34' title='bbox 795 513 1068 564; x_wconf 76' lang='lat' dir='ltr'><strong>occurrat</strong></span> <span class='ocrx_word' id='word_1_35' title='bbox 1104 506 1253 563; x_wconf 87' lang='lat' dir='ltr'><strong>mihi</strong></span> <span class='ocrx_word' id='word_1_36' title='bbox 1301 505 1550 576; x_wconf 86' lang='lat' dir='ltr'><strong>[Vallic.</strong></span> <span class='ocrx_word' id='word_1_37' title='bbox 1594 506 1863 560; x_wconf 76' lang='lat' dir='ltr'><strong>occurret</strong></span> <span class='ocrx_word' id='word_1_38' title='bbox 1888 501 1964 570; x_wconf 86' lang='lat' dir='ltr'><strong>ei]</strong></span> 
     </span>
    </p>
   </div>
   <div class='ocr_carea' id='block_1_5' title="bbox 321 590 1961 670">
    <p class='ocr_par' dir='ltr' id='par_1_5' title="bbox 321 590 1961 670">
     <span class='ocr_line' id='line_1_5' title="bbox 321 590 1961 670; baseline -0.006 -12"><span class='ocrx_word' id='word_1_39' title='bbox 321 599 716 670; x_wconf 79' lang='lat' dir='ltr'><strong>iniquissimus</strong></span> <span class='ocrx_word' id='word_1_40' title='bbox 729 596 1118 662; x_wconf 86' lang='lat' dir='ltr'><strong>diabolus,sed</strong></span> <span class='ocrx_word' id='word_1_41' title='bbox 1130 594 1373 664; x_wconf 81' lang='lat' dir='ltr'><strong>angelus</strong></span> <span class='ocrx_word' id='word_1_42' title='bbox 1386 592 1716 665; x_wconf 75' lang='lat' dir='ltr'><strong>tuus[Deeel</strong></span> <span class='ocrx_word' id='word_1_43' title='bbox 1731 594 1792 647; x_wconf 83' lang='lat' dir='ltr'><strong>in</strong></span> <span class='ocrx_word' id='word_1_44' title='bbox 1814 590 1961 648; x_wconf 80' lang='lat' dir='ltr'><strong>Volt.</strong></span> 
     </span>
    </p>
   </div>
   <div class='ocr_carea' id='block_1_6' title="bbox 317 677 1964 760">
    <p class='ocr_par' dir='ltr' id='par_1_6' title="bbox 317 677 1964 760">
     <span class='ocr_line' id='line_1_6' title="bbox 317 677 1964 760; baseline -0.008 -14"><span class='ocrx_word' id='word_1_45' title='bbox 317 687 483 760; x_wconf 76' lang='lat' dir='ltr'><strong>tuus]</strong></span> <span class='ocrx_word' id='word_1_46' title='bbox 499 692 746 743; x_wconf 87' lang='lat' dir='ltr'><strong>sanctus</strong></span> <span class='ocrx_word' id='word_1_47' title='bbox 758 685 1045 756; x_wconf 77' lang='lat' dir='ltr'><strong>suscipiat</strong></span> <span class='ocrx_word' id='word_1_48' title='bbox 1063 684 1085 755; x_wconf 94' lang='lat'><strong>[</strong></span> <span class='ocrx_word' id='word_1_49' title='bbox 1103 685 1252 742; x_wconf 85' lang='lat' dir='ltr'><strong>Vall.</strong></span> <span class='ocrx_word' id='word_1_50' title='bbox 1287 682 1594 753; x_wconf 75' lang='lat' dir='ltr'><strong>suscipiet]</strong></span> <span class='ocrx_word' id='word_1_51' title='bbox 1622 677 1964 745; x_wconf 88' lang='lat' dir='ltr'><strong>eam,etcol-</strong></span> 
     </span>
    </p>
   </div>
   <div class='ocr_carea' id='block_1_7' title="bbox 317 766 1964 846">
    <p class='ocr_par' dir='ltr' id='par_1_7' title="bbox 317 766 1964 846">
     <span class='ocr_line' id='line_1_7' title="bbox 317 766 1964 846; baseline -0.008 -12"><span class='ocrx_word' id='word_1_52' title='bbox 317 777 516 834; x_wconf 80' lang='lat' dir='ltr'><strong>locare</strong></span> <span class='ocrx_word' id='word_1_53' title='bbox 537 776 756 846; x_wconf 87' lang='lat' dir='ltr'><strong>jubeas</strong></span> <span class='ocrx_word' id='word_1_54' title='bbox 787 775 848 829; x_wconf 91' lang='lat' dir='ltr'><strong>in</strong></span> <span class='ocrx_word' id='word_1_55' title='bbox 859 774 1091 832; x_wconf 84' lang='lat' dir='ltr'><strong>sinibus</strong></span> <span class='ocrx_word' id='word_1_56' title='bbox 1102 766 1819 844; x_wconf 83' lang='lat' dir='ltr'><strong>patriarcharum,ubilux</strong></span> <span class='ocrx_word' id='word_1_57' title='bbox 1836 781 1964 840; x_wconf 88' lang='lat' dir='ltr'><strong>per-</strong></span> 
     </span>
    </p>
   </div>
   <div class='ocr_carea' id='block_1_8' title="bbox 316 857 1962 935">
    <p class='ocr_par' dir='ltr' id='par_1_8' title="bbox 316 857 1962 935">
     <span class='ocr_line' id='line_1_8' title="bbox 316 857 1962 935; baseline -0.007 -11"><span class='ocrx_word' id='word_1_58' title='bbox 316 870 539 931; x_wconf 78' lang='lat' dir='ltr'><strong>manet,</strong></span> <span class='ocrx_word' id='word_1_59' title='bbox 554 864 1407 935; x_wconf 83' lang='lat' dir='ltr'><strong>etgaudiumimmensumest.</strong></span> <span class='ocrx_word' id='word_1_60' title='bbox 1429 857 1962 925; x_wconf 83' lang='lat' dir='ltr'><strong>Etnunc,Domine,</strong></span> 
     </span>
    </p>
   </div>
   <div class='ocr_carea' id='block_1_9' title="bbox 317 945 1963 1023">
    <p class='ocr_par' dir='ltr' id='par_1_9' title="bbox 317 945 1963 1023">
     <span class='ocr_line' id='line_1_9' title="bbox 317 945 1963 1023; baseline -0.005 -14"><span class='ocrx_word' id='word_1_61' title='bbox 317 958 373 1010; x_wconf 84' lang='lat' dir='ltr'><strong>te</strong></span> <span class='ocrx_word' id='word_1_62' title='bbox 405 953 692 1009; x_wconf 84' lang='lat' dir='ltr'><strong>confiteor</strong></span> <span class='ocrx_word' id='word_1_63' title='bbox 719 952 894 1008; x_wconf 81' lang='lat' dir='ltr'><strong>labiis</strong></span> <span class='ocrx_word' id='word_1_64' title='bbox 923 950 1103 1006; x_wconf 89' lang='lat' dir='ltr'><strong>corde</strong></span> <span class='ocrx_word' id='word_1_65' title='bbox 1132 949 1312 1021; x_wconf 86' lang='lat' dir='ltr'><strong>[Vall.</strong></span> <span class='ocrx_word' id='word_1_66' title='bbox 1357 953 1414 1005; x_wconf 88' lang='lat' dir='ltr'><strong>et</strong></span> <span class='ocrx_word' id='word_1_67' title='bbox 1455 948 1680 1023; x_wconf 65' lang='lat' dir='ltr'><strong>corde].</strong></span> <span class='ocrx_word' id='word_1_68' title='bbox 1725 949 1804 1002; x_wconf 90' lang='lat' dir='ltr'><strong>Tu</strong></span> <span class='ocrx_word' id='word_1_69' title='bbox 1859 945 1963 1018; x_wconf 86' lang='lat' dir='ltr'><strong>qui</strong></span> 
     </span>
    </p>
   </div>
   <div class='ocr_carea' id='block_1_10' title="bbox 317 1035 1968 1112">
    <p class='ocr_par' dir='ltr' id='par_1_10' title="bbox 317 1035 1968 1112">
     <span class='ocr_line' id='line_1_10' title="bbox 317 1035 1968 1112; baseline -0.004 -15"><span class='ocrx_word' id='word_1_70' title='bbox 317 1045 536 1100; x_wconf 87' lang='lat' dir='ltr'><strong>cuncta</strong></span> <span class='ocrx_word' id='word_1_71' title='bbox 560 1041 807 1112; x_wconf 81' lang='lat' dir='ltr'><strong>petrasti</strong></span> <span class='ocrx_word' id='word_1_72' title='bbox 835 1055 910 1098; x_wconf 74' lang='lat' dir='ltr'><strong>ex</strong></span> <span class='ocrx_word' id='word_1_73' title='bbox 937 1038 1142 1103; x_wconf 82' lang='lat' dir='ltr'><strong>nihilo,</strong></span> <span class='ocrx_word' id='word_1_74' title='bbox 1175 1038 1279 1110; x_wconf 85' lang='lat' dir='ltr'><strong>qui</strong></span> <span class='ocrx_word' id='word_1_75' title='bbox 1303 1037 1463 1093; x_wconf 87' lang='lat' dir='ltr'><strong>solus</strong></span> <span class='ocrx_word' id='word_1_76' title='bbox 1479 1037 1663 1094; x_wconf 83' lang='lat' dir='ltr'><strong>nostri</strong></span> <span class='ocrx_word' id='word_1_77' title='bbox 1690 1035 1968 1108; x_wconf 87' lang='lat' dir='ltr'><strong>prisca,et</strong></span> 
     </span>
    </p>
   </div>
   <div class='ocr_carea' id='block_1_11' title="bbox 321 1124 1970 1203">
    <p class='ocr_par' dir='ltr' id='par_1_11' title="bbox 321 1124 1970 1203">
     <span class='ocr_line' id='line_1_11' title="bbox 321 1124 1970 1203; baseline -0.005 -16"><span class='ocrx_word' id='word_1_78' title='bbox 321 1129 666 1203; x_wconf 59' lang='lat' dir='ltr'><strong>praesentia,</strong></span> <span class='ocrx_word' id='word_1_79' title='bbox 697 1127 1072 1194; x_wconf 83' lang='lat' dir='ltr'><strong>etfutura,da</strong></span> <span class='ocrx_word' id='word_1_80' title='bbox 1085 1128 1308 1200; x_wconf 88' lang='lat' dir='ltr'><strong>populo</strong></span> <span class='ocrx_word' id='word_1_81' title='bbox 1321 1127 1459 1183; x_wconf 91' lang='lat' dir='ltr'><strong>huic</strong></span> <span class='ocrx_word' id='word_1_82' title='bbox 1487 1124 1881 1194; x_wconf 89' lang='lat' dir='ltr'><strong>cordocibile,</strong></span> <span class='ocrx_word' id='word_1_83' title='bbox 1906 1128 1970 1179; x_wconf 90' lang='lat' dir='ltr'><strong>ut</strong></span> 
     </span>
    </p>
   </div>
   <div class='ocr_carea' id='block_1_12' title="bbox 323 1214 1970 1288">
    <p class='ocr_par' dir='ltr' id='par_1_12' title="bbox 323 1214 1970 1288">
     <span class='ocr_line' id='line_1_12' title="bbox 323 1214 1970 1288; baseline -0.007 -9"><span class='ocrx_word' id='word_1_84' title='bbox 323 1219 573 1278; x_wconf 75' lang='lat' dir='ltr'><strong>timeant</strong></span> <span class='ocrx_word' id='word_1_85' title='bbox 599 1222 672 1282; x_wconf 87' lang='lat' dir='ltr'><strong>te,</strong></span> <span class='ocrx_word' id='word_1_86' title='bbox 702 1217 1279 1288; x_wconf 86' lang='lat' dir='ltr'><strong>etagnoscant,quia</strong></span> <span class='ocrx_word' id='word_1_87' title='bbox 1299 1231 1363 1271; x_wconf 90' lang='lat' dir='ltr'><strong>es</strong></span> <span class='ocrx_word' id='word_1_88' title='bbox 1395 1215 1549 1271; x_wconf 86' lang='lat' dir='ltr'><strong>Deus</strong></span> <span class='ocrx_word' id='word_1_89' title='bbox 1575 1215 1635 1270; x_wconf 90' lang='lat' dir='ltr'><strong>in</strong></span> <span class='ocrx_word' id='word_1_90' title='bbox 1661 1214 1814 1271; x_wconf 84' lang='lat' dir='ltr'><strong>ccelo</strong></span> <span class='ocrx_word' id='word_1_91' title='bbox 1846 1228 1970 1268; x_wconf 80' lang='lat' dir='ltr'><strong>sur-</strong></span> 
     </span>
    </p>
   </div>
   <div class='ocr_carea' id='block_1_13' title="bbox 325 1301 1966 1377">
    <p class='ocr_par' dir='ltr' id='par_1_13' title="bbox 325 1301 1966 1377">
     <span class='ocr_line' id='line_1_13' title="bbox 325 1301 1966 1377; baseline -0.003 -16"><span class='ocrx_word' id='word_1_92' title='bbox 325 1322 481 1372; x_wconf 86' lang='lat' dir='ltr'><strong>sum,</strong></span> <span class='ocrx_word' id='word_1_93' title='bbox 516 1311 570 1361; x_wconf 91' lang='lat' dir='ltr'><strong>et</strong></span> <span class='ocrx_word' id='word_1_94' title='bbox 600 1307 661 1362; x_wconf 90' lang='lat' dir='ltr'><strong>in</strong></span> <span class='ocrx_word' id='word_1_95' title='bbox 684 1309 839 1363; x_wconf 85' lang='lat' dir='ltr'><strong>terra</strong></span> <span class='ocrx_word' id='word_1_96' title='bbox 857 1304 1166 1369; x_wconf 88' lang='lat' dir='ltr'><strong>deorsum,</strong></span> <span class='ocrx_word' id='word_1_97' title='bbox 1201 1305 1305 1377; x_wconf 86' lang='lat' dir='ltr'><strong>qui</strong></span> <span class='ocrx_word' id='word_1_98' title='bbox 1329 1317 1435 1377; x_wconf 84' lang='lat' dir='ltr'><strong>per</strong></span> <span class='ocrx_word' id='word_1_99' title='bbox 1465 1308 1732 1360; x_wconf 88' lang='lat' dir='ltr'><strong>sanctum</strong></span> <span class='ocrx_word' id='word_1_100' title='bbox 1760 1301 1966 1359; x_wconf 88' lang='lat' dir='ltr'><strong>Filium</strong></span> 
     </span>
    </p>
   </div>
   <div class='ocr_carea' id='block_1_14' title="bbox 324 1391 1968 1465">
    <p class='ocr_par' dir='ltr' id='par_1_14' title="bbox 324 1391 1968 1465">
     <span class='ocr_line' id='line_1_14' title="bbox 324 1391 1968 1465; baseline -0.001 -17"><span class='ocrx_word' id='word_1_101' title='bbox 324 1399 498 1451; x_wconf 88' lang='lat' dir='ltr'><strong>tuum</strong></span> <span class='ocrx_word' id='word_1_102' title='bbox 523 1393 704 1454; x_wconf 86' lang='lat' dir='ltr'><strong>totius</strong></span> <span class='ocrx_word' id='word_1_103' title='bbox 719 1394 953 1462; x_wconf 84' lang='lat' dir='ltr'><strong>generis</strong></span> <span class='ocrx_word' id='word_1_104' title='bbox 965 1392 1879 1465; x_wconf 89' lang='lat' dir='ltr'><strong>humanisalutemrecuperasti,</strong></span> <span class='ocrx_word' id='word_1_105' title='bbox 1909 1391 1968 1446; x_wconf 91' lang='lat' dir='ltr'><strong>in</strong></span> 
     </span>
    </p>
   </div>
   <div class='ocr_carea' id='block_1_15' title="bbox 321 1480 1969 1556">
    <p class='ocr_par' dir='ltr' id='par_1_15' title="bbox 321 1480 1969 1556">
     <span class='ocr_line' id='line_1_15' title="bbox 321 1480 1969 1556; baseline -0.003 -17"><span class='ocrx_word' id='word_1_106' title='bbox 321 1498 502 1556; x_wconf 89' lang='lat' dir='ltr'><strong>quem</strong></span> <span class='ocrx_word' id='word_1_107' title='bbox 537 1483 834 1539; x_wconf 76' lang='lat' dir='ltr'><strong>credimus</strong></span> <span class='ocrx_word' id='word_1_108' title='bbox 857 1482 1044 1538; x_wconf 89' lang='lat' dir='ltr'><strong>Deum</strong></span> <span class='ocrx_word' id='word_1_109' title='bbox 1075 1485 1130 1538; x_wconf 90' lang='lat' dir='ltr'><strong>et</strong></span> <span class='ocrx_word' id='word_1_110' title='bbox 1149 1481 1468 1538; x_wconf 89' lang='lat' dir='ltr'><strong>Dominum</strong></span> <span class='ocrx_word' id='word_1_111' title='bbox 1491 1480 1969 1552; x_wconf 85' lang='lat' dir='ltr'><strong>angelorum,qui</strong></span> 
     </span>
    </p>
   </div>
   <div class='ocr_carea' id='block_1_16' title="bbox 325 1567 1970 1634">
    <p class='ocr_par' dir='ltr' id='par_1_16' title="bbox 325 1567 1970 1634">
     <span class='ocr_line' id='line_1_16' title="bbox 325 1567 1970 1634; baseline -0.001 -7"><span class='ocrx_word' id='word_1_112' title='bbox 325 1588 387 1627; x_wconf 91' lang='lat' dir='ltr'><strong>es</strong></span> <span class='ocrx_word' id='word_1_113' title='bbox 423 1572 768 1629; x_wconf 80' lang='lat' dir='ltr'><strong>benedictus</strong></span> <span class='ocrx_word' id='word_1_114' title='bbox 793 1571 854 1629; x_wconf 89' lang='lat' dir='ltr'><strong>in</strong></span> <span class='ocrx_word' id='word_1_115' title='bbox 885 1567 1107 1632; x_wconf 75' lang='lat' dir='ltr'><strong>siecula</strong></span> <span class='ocrx_word' id='word_1_116' title='bbox 1127 1571 1503 1628; x_wconf 63' lang='lat' dir='ltr'><strong>saeculorum.</strong></span> <span class='ocrx_word' id='word_1_117' title='bbox 1523 1571 1673 1628; x_wconf 78' lang='lat' dir='ltr'><strong>Mitte</strong></span> <span class='ocrx_word' id='word_1_118' title='bbox 1694 1569 1830 1634; x_wconf 87' lang='lat' dir='ltr'><strong>illis,</strong></span> <span class='ocrx_word' id='word_1_119' title='bbox 1864 1572 1970 1626; x_wconf 88' lang='lat' dir='ltr'><strong>Do-</strong></span> 
     </span>
    </p>
   </div>
   <div class='ocr_carea' id='block_1_17' title="bbox 325 1661 1970 1734">
    <p class='ocr_par' dir='ltr' id='par_1_17' title="bbox 325 1661 1970 1734">
     <span class='ocr_line' id='line_1_17' title="bbox 325 1661 1970 1734; baseline -0.003 -16"><span class='ocrx_word' id='word_1_120' title='bbox 325 1661 508 1727; x_wconf 88' lang='lat' dir='ltr'><strong>mine,</strong></span> <span class='ocrx_word' id='word_1_121' title='bbox 526 1675 733 1717; x_wconf 87' lang='lat' dir='ltr'><strong>verum</strong></span> <span class='ocrx_word' id='word_1_122' title='bbox 747 1665 1072 1734; x_wconf 83' lang='lat' dir='ltr'><strong>pastorem,</strong></span> <span class='ocrx_word' id='word_1_123' title='bbox 1085 1661 1191 1734; x_wconf 85' lang='lat' dir='ltr'><strong>qui</strong></span> <span class='ocrx_word' id='word_1_124' title='bbox 1206 1665 1338 1717; x_wconf 87' lang='lat' dir='ltr'><strong>tuas</strong></span> <span class='ocrx_word' id='word_1_125' title='bbox 1350 1663 1668 1730; x_wconf 76' lang='lat' dir='ltr'><strong>congregat</strong></span> <span class='ocrx_word' id='word_1_126' title='bbox 1681 1673 1822 1715; x_wconf 88' lang='lat' dir='ltr'><strong>oves</strong></span> <span class='ocrx_word' id='word_1_127' title='bbox 1848 1673 1970 1715; x_wconf 91' lang='lat' dir='ltr'><strong>non</strong></span> 
     </span>
    </p>
   </div>
   <div class='ocr_carea' id='block_1_18' title="bbox 331 1741 1971 1824">
    <p class='ocr_par' dir='ltr' id='par_1_18' title="bbox 331 1741 1971 1824">
     <span class='ocr_line' id='line_1_18' title="bbox 331 1741 1971 1824; baseline -0.004 -16"><span class='ocrx_word' id='word_1_128' title='bbox 331 1741 869 1824; x_wconf 81' lang='lat' dir='ltr'><strong>disperdendo,sed</strong></span> <span class='ocrx_word' id='word_1_129' title='bbox 882 1749 960 1805; x_wconf 92' lang='lat' dir='ltr'><strong>ad</strong></span> <span class='ocrx_word' id='word_1_130' title='bbox 972 1748 1177 1805; x_wconf 87' lang='lat' dir='ltr'><strong>caulas</strong></span> <span class='ocrx_word' id='word_1_131' title='bbox 1191 1748 1451 1804; x_wconf 70' lang='lat' dir='ltr'><strong>ecclesia:</strong></span> <span class='ocrx_word' id='word_1_132' title='bbox 1473 1747 1888 1806; x_wconf 87' lang='lat' dir='ltr'><strong>revocando.N</strong></span> <span class='ocrx_word' id='word_1_133' title='bbox 1893 1762 1971 1802; x_wconf 93' lang='lat' dir='ltr'><strong>on</strong></span> 
     </span>
    </p>
   </div>
   <div class='ocr_carea' id='block_1_19' title="bbox 328 1836 1974 1911">
    <p class='ocr_par' dir='ltr' id='par_1_19' title="bbox 328 1836 1974 1911">
     <span class='ocr_line' id='line_1_19' title="bbox 328 1836 1974 1911; baseline -0.002 -18"><span class='ocrx_word' id='word_1_134' title='bbox 328 1839 524 1909; x_wconf 87' lang='lat' dir='ltr'><strong>sopiat</strong></span> <span class='ocrx_word' id='word_1_135' title='bbox 554 1838 575 1911; x_wconf 90' lang='lat'><strong>[</strong></span> <span class='ocrx_word' id='word_1_136' title='bbox 592 1839 792 1894; x_wconf 75' lang='lat' dir='ltr'><strong>Vallis.</strong></span> <span class='ocrx_word' id='word_1_137' title='bbox 826 1838 1125 1911; x_wconf 85' lang='lat' dir='ltr'><strong>surripiat]</strong></span> <span class='ocrx_word' id='word_1_138' title='bbox 1154 1842 1221 1893; x_wconf 84' lang='lat' dir='ltr'><strong>ut</strong></span> <span class='ocrx_word' id='word_1_139' title='bbox 1248 1838 1672 1903; x_wconf 80' lang='lat' dir='ltr'><strong>mercenarius,</strong></span> <span class='ocrx_word' id='word_1_140' title='bbox 1722 1850 1844 1893; x_wconf 87' lang='lat' dir='ltr'><strong>non</strong></span> <span class='ocrx_word' id='word_1_141' title='bbox 1898 1836 1974 1890; x_wconf 88' lang='lat' dir='ltr'><strong>sit</strong></span> 
     </span>
    </p>
   </div>
   <div class='ocr_carea' id='block_1_20' title="bbox 327 1923 1969 1998">
    <p class='ocr_par' dir='ltr' id='par_1_20' title="bbox 327 1923 1969 1998">
     <span class='ocr_line' id='line_1_20' title="bbox 327 1923 1969 1998; baseline -0.001 -16"><span class='ocrx_word' id='word_1_142' title='bbox 327 1923 1062 1998; x_wconf 70' lang='lat' dir='ltr'><strong>aliena:[Vallic,alienus]</strong></span> <span class='ocrx_word' id='word_1_143' title='bbox 1081 1925 1208 1982; x_wconf 89' lang='lat' dir='ltr'><strong>ovis</strong></span> <span class='ocrx_word' id='word_1_144' title='bbox 1221 1925 1551 1991; x_wconf 87' lang='lat' dir='ltr'><strong>custos,sed</strong></span> <span class='ocrx_word' id='word_1_145' title='bbox 1564 1937 1735 1980; x_wconf 84' lang='lat' dir='ltr'><strong>verus</strong></span> <span class='ocrx_word' id='word_1_146' title='bbox 1748 1928 1969 1997; x_wconf 87' lang='lat' dir='ltr'><strong>pastor,</strong></span> 
     </span>
    </p>
   </div>
   <div class='ocr_carea' id='block_1_21' title="bbox 329 2011 1972 2083">
    <p class='ocr_par' dir='ltr' id='par_1_21' title="bbox 329 2011 1972 2083">
     <span class='ocr_line' id='line_1_21' title="bbox 329 2011 1972 2083; baseline -0.001 -18"><span class='ocrx_word' id='word_1_147' title='bbox 329 2011 428 2082; x_wconf 90' lang='lat' dir='ltr'><strong>qui</strong></span> <span class='ocrx_word' id='word_1_148' title='bbox 449 2027 592 2066; x_wconf 90' lang='lat' dir='ltr'><strong>oves</strong></span> <span class='ocrx_word' id='word_1_149' title='bbox 604 2029 740 2065; x_wconf 91' lang='lat' dir='ltr'><strong>cum</strong></span> <span class='ocrx_word' id='word_1_150' title='bbox 767 2013 938 2079; x_wconf 86' lang='lat' dir='ltr'><strong>agnis</strong></span> <span class='ocrx_word' id='word_1_151' title='bbox 962 2011 1355 2083; x_wconf 87' lang='lat' dir='ltr'><strong>commissas[</strong></span> <span class='ocrx_word' id='word_1_152' title='bbox 1372 2012 1581 2066; x_wconf 84' lang='lat' dir='ltr'><strong>Vollic.</strong></span> <span class='ocrx_word' id='word_1_153' title='bbox 1611 2011 1972 2083; x_wconf 81' lang='lat' dir='ltr'><strong>commissis]</strong></span> 
     </span>
    </p>
   </div>
   <div class='ocr_carea' id='block_1_22' title="bbox 348 2097 1974 2171">
    <p class='ocr_par' dir='ltr' id='par_1_22' title="bbox 348 2097 1974 2171">
     <span class='ocr_line' id='line_1_22' title="bbox 348 2097 1974 2171; baseline 0.001 -17"><span class='ocrx_word' id='word_1_154' title='bbox 348 2097 749 2154; x_wconf 84' lang='lat' dir='ltr'><strong>mmacuiatas</strong></span> <span class='ocrx_word' id='word_1_155' title='bbox 761 2101 862 2153; x_wconf 88' lang='lat' dir='ltr'><strong>tuo</strong></span> <span class='ocrx_word' id='word_1_156' title='bbox 876 2097 1145 2170; x_wconf 84' lang='lat' dir='ltr'><strong>aspectui</strong></span> <span class='ocrx_word' id='word_1_157' title='bbox 1161 2102 1542 2171; x_wconf 63' lang='lat' dir='ltr'><strong>repraesentet</strong></span> <span class='ocrx_word' id='word_1_158' title='bbox 1564 2116 1579 2168; x_wconf 89' lang='lat'><strong>;</strong></span> <span class='ocrx_word' id='word_1_159' title='bbox 1610 2113 1684 2156; x_wconf 90' lang='lat' dir='ltr'><strong>ne</strong></span> <span class='ocrx_word' id='word_1_160' title='bbox 1699 2098 1793 2155; x_wconf 89' lang='lat' dir='ltr'><strong>ille</strong></span> <span class='ocrx_word' id='word_1_161' title='bbox 1810 2097 1974 2156; x_wconf 83' lang='lat' dir='ltr'><strong>ferox</strong></span> 
     </span>
    </p>
   </div>
   <div class='ocr_carea' id='block_1_23' title="bbox 329 2183 1976 2260">
    <p class='ocr_par' dir='ltr' id='par_1_23' title="bbox 329 2183 1976 2260">
     <span class='ocr_line' id='line_1_23' title="bbox 329 2183 1976 2260; baseline 0.001 -18"><span class='ocrx_word' id='word_1_162' title='bbox 329 2183 812 2249; x_wconf 82' lang='lat' dir='ltr'><strong>immanissimus</strong></span> <span class='ocrx_word' id='word_1_163' title='bbox 841 2184 1036 2256; x_wconf 90' lang='lat' dir='ltr'><strong>lupus,</strong></span> <span class='ocrx_word' id='word_1_164' title='bbox 1058 2185 1160 2257; x_wconf 90' lang='lat' dir='ltr'><strong>qui</strong></span> <span class='ocrx_word' id='word_1_165' title='bbox 1190 2186 1452 2257; x_wconf 74' lang='lat' dir='ltr'><strong>praedam</strong></span> <span class='ocrx_word' id='word_1_166' title='bbox 1484 2203 1691 2258; x_wconf 86' lang='lat' dir='ltr'><strong>rapere</strong></span> <span class='ocrx_word' id='word_1_167' title='bbox 1704 2189 1914 2260; x_wconf 69' lang='lat' dir='ltr'><strong>quaerit</strong></span> <span class='ocrx_word' id='word_1_168' title='bbox 1941 2204 1976 2243; x_wconf 91' lang='lat' dir='ltr'><strong>a</strong></span> 
     </span>
    </p>
   </div>
   <div class='ocr_carea' id='block_1_24' title="bbox 329 2272 1977 2347">
    <p class='ocr_par' dir='ltr' id='par_1_24' title="bbox 329 2272 1977 2347">
     <span class='ocr_line' id='line_1_24' title="bbox 329 2272 1977 2347; baseline 0.001 -17"><span class='ocrx_word' id='word_1_169' title='bbox 329 2278 410 2342; x_wconf 85' lang='lat' dir='ltr'><strong>te,</strong></span> <span class='ocrx_word' id='word_1_170' title='bbox 437 2272 694 2345; x_wconf 80' lang='lat' dir='ltr'><strong>pastoris</strong></span> <span class='ocrx_word' id='word_1_171' title='bbox 728 2273 974 2347; x_wconf 65' lang='lat' dir='ltr'><strong>[Vallia</strong></span> <span class='ocrx_word' id='word_1_172' title='bbox 1007 2273 1270 2347; x_wconf 88' lang='lat' dir='ltr'><strong>pastore]</strong></span> <span class='ocrx_word' id='word_1_173' title='bbox 1316 2275 1500 2330; x_wconf 84' lang='lat' dir='ltr'><strong>corda</strong></span> <span class='ocrx_word' id='word_1_174' title='bbox 1530 2276 1732 2346; x_wconf 85' lang='lat' dir='ltr'><strong>excita,</strong></span> <span class='ocrx_word' id='word_1_175' title='bbox 1765 2276 1977 2347; x_wconf 84' lang='lat' dir='ltr'><strong>rapida</strong></span> 
     </span>
    </p>
   </div>
   <div class='ocr_carea' id='block_1_25' title="bbox 334 2357 1976 2440">
    <p class='ocr_par' dir='ltr' id='par_1_25' title="bbox 334 2357 1976 2440">
     <span class='ocr_line' id='line_1_25' title="bbox 334 2357 1976 2440; baseline -0.001 -20"><span class='ocrx_word' id='word_1_176' title='bbox 334 2359 612 2440; x_wconf 70' lang='lat' dir='ltr'><strong>voluptas</strong></span> <span class='ocrx_word' id='word_1_177' title='bbox 641 2357 989 2432; x_wconf 87' lang='lat' dir='ltr'><strong>depellatur,</strong></span> <span class='ocrx_word' id='word_1_178' title='bbox 1004 2361 1500 2420; x_wconf 81' lang='lat' dir='ltr'><strong>velleraﬁdelium</strong></span> <span class='ocrx_word' id='word_1_179' title='bbox 1514 2363 1719 2420; x_wconf 89' lang='lat' dir='ltr'><strong>ovium</strong></span> <span class='ocrx_word' id='word_1_180' title='bbox 1751 2379 1872 2421; x_wconf 91' lang='lat' dir='ltr'><strong>non</strong></span> <span class='ocrx_word' id='word_1_181' title='bbox 1893 2365 1976 2418; x_wconf 92' lang='lat' dir='ltr'><strong>di-</strong></span> 
     </span>
    </p>
   </div>
   <div class='ocr_carea' id='block_1_26' title="bbox 331 2448 1979 2521">
    <p class='ocr_par' dir='ltr' id='par_1_26' title="bbox 331 2448 1979 2521">
     <span class='ocr_line' id='line_1_26' title="bbox 331 2448 1979 2521; baseline 0.002 -17"><span class='ocrx_word' id='word_1_182' title='bbox 331 2449 528 2521; x_wconf 90' lang='lat' dir='ltr'><strong>ripiat,-</strong></span> <span class='ocrx_word' id='word_1_183' title='bbox 544 2463 620 2505; x_wconf 86' lang='lat' dir='ltr'><strong>ne</strong></span> <span class='ocrx_word' id='word_1_184' title='bbox 630 2454 839 2506; x_wconf 82' lang='lat' dir='ltr'><strong>sancta</strong></span> <span class='ocrx_word' id='word_1_185' title='bbox 852 2448 1108 2506; x_wconf 84' lang='lat' dir='ltr'><strong>Ecclesia</strong></span> <span class='ocrx_word' id='word_1_186' title='bbox 1131 2449 1296 2505; x_wconf 87' lang='lat' dir='ltr'><strong>vocis</strong></span> <span class='ocrx_word' id='word_1_187' title='bbox 1310 2449 1615 2507; x_wconf 86' lang='lat' dir='ltr'><strong>balatibus</strong></span> <span class='ocrx_word' id='word_1_188' title='bbox 1647 2456 1864 2521; x_wconf 80' lang='lat' dir='ltr'><strong>gemat.</strong></span> <span class='ocrx_word' id='word_1_189' title='bbox 1896 2455 1979 2508; x_wconf 91' lang='lat' dir='ltr'><strong>Tu</strong></span> 
     </span>
    </p>
   </div>
   <div class='ocr_carea' id='block_1_27' title="bbox 331 2536 1981 2613">
    <p class='ocr_par' dir='ltr' id='par_1_27' title="bbox 331 2536 1981 2613">
     <span class='ocr_line' id='line_1_27' title="bbox 331 2536 1981 2613; baseline 0.002 -19"><span class='ocrx_word' id='word_1_190' title='bbox 331 2537 563 2594; x_wconf 86' lang='lat' dir='ltr'><strong>bonum</strong></span> <span class='ocrx_word' id='word_1_191' title='bbox 592 2541 892 2609; x_wconf 76' lang='lat' dir='ltr'><strong>pastorem</strong></span> <span class='ocrx_word' id='word_1_192' title='bbox 915 2536 1104 2593; x_wconf 85' lang='lat' dir='ltr'><strong>tribue</strong></span> <span class='ocrx_word' id='word_1_193' title='bbox 1135 2537 1378 2611; x_wconf 63' lang='lat' dir='ltr'><strong>[Vallia</strong></span> <span class='ocrx_word' id='word_1_194' title='bbox 1415 2539 1498 2595; x_wconf 90' lang='lat' dir='ltr'><strong>Tu</strong></span> <span class='ocrx_word' id='word_1_195' title='bbox 1530 2537 1724 2595; x_wconf 80' lang='lat' dir='ltr'><strong>boans</strong></span> <span class='ocrx_word' id='word_1_196' title='bbox 1776 2541 1981 2613; x_wconf 86' lang='lat' dir='ltr'><strong>pastor</strong></span> 
     </span>
    </p>
   </div>
   <div class='ocr_carea' id='block_1_28' title="bbox 336 2621 1977 2702">
    <p class='ocr_par' dir='ltr' id='par_1_28' title="bbox 336 2621 1977 2702">
     <span class='ocr_line' id='line_1_28' title="bbox 336 2621 1977 2702; baseline 0.001 -21"><span class='ocrx_word' id='word_1_197' title='bbox 336 2621 644 2698; x_wconf 78' lang='lat' dir='ltr'><strong>pastorem</strong></span> <span class='ocrx_word' id='word_1_198' title='bbox 671 2625 881 2700; x_wconf 87' lang='lat' dir='ltr'><strong>tribue]</strong></span> <span class='ocrx_word' id='word_1_199' title='bbox 895 2626 1028 2682; x_wconf 87' lang='lat' dir='ltr'><strong>huic</strong></span> <span class='ocrx_word' id='word_1_200' title='bbox 1042 2626 1286 2698; x_wconf 89' lang='lat' dir='ltr'><strong>populo,</strong></span> <span class='ocrx_word' id='word_1_201' title='bbox 1311 2626 1474 2686; x_wconf 87' lang='lat' dir='ltr'><strong>mitte</strong></span> <span class='ocrx_word' id='word_1_202' title='bbox 1491 2626 1512 2700; x_wconf 94' lang='lat'><strong>[</strong></span> <span class='ocrx_word' id='word_1_203' title='bbox 1528 2628 1735 2684; x_wconf 84' lang='lat' dir='ltr'><strong>Vallic.</strong></span> <span class='ocrx_word' id='word_1_204' title='bbox 1759 2628 1977 2702; x_wconf 87' lang='lat' dir='ltr'><strong>mitem]</strong></span> 
     </span>
    </p>
   </div>
   <div class='ocr_carea' id='block_1_29' title="bbox 337 2714 1982 2786">
    <p class='ocr_par' dir='ltr' id='par_1_29' title="bbox 337 2714 1982 2786">
     <span class='ocr_line' id='line_1_29' title="bbox 337 2714 1982 2786; baseline 0.002 -18"><span class='ocrx_word' id='word_1_205' title='bbox 337 2719 656 2786; x_wconf 85' lang='lat' dir='ltr'><strong>pastorem,</strong></span> <span class='ocrx_word' id='word_1_206' title='bbox 689 2726 812 2770; x_wconf 87' lang='lat' dir='ltr'><strong>non</strong></span> <span class='ocrx_word' id='word_1_207' title='bbox 841 2725 1280 2785; x_wconf 84' lang='lat' dir='ltr'><strong>percussorem,</strong></span> <span class='ocrx_word' id='word_1_208' title='bbox 1300 2714 1404 2771; x_wconf 90' lang='lat' dir='ltr'><strong>sed</strong></span> <span class='ocrx_word' id='word_1_209' title='bbox 1435 2717 1785 2772; x_wconf 88' lang='lat' dir='ltr'><strong>nutritorem</strong></span> <span class='ocrx_word' id='word_1_210' title='bbox 1815 2735 1829 2772; x_wconf 89' lang='lat'><strong>:</strong></span> <span class='ocrx_word' id='word_1_211' title='bbox 1859 2730 1982 2773; x_wconf 89' lang='lat' dir='ltr'><strong>non</strong></span> 
     </span>
    </p>
   </div>
   <div class='ocr_carea' id='block_1_30' title="bbox 335 2799 1983 2876">
    <p class='ocr_par' dir='ltr' id='par_1_30' title="bbox 335 2799 1983 2876">
     <span class='ocr_line' id='line_1_30' title="bbox 335 2799 1983 2876; baseline 0.002 -18"><span class='ocrx_word' id='word_1_212' title='bbox 335 2807 398 2859; x_wconf 91' lang='lat' dir='ltr'><strong>ut</strong></span> <span class='ocrx_word' id='word_1_213' title='bbox 422 2801 644 2866; x_wconf 88' lang='lat' dir='ltr'><strong>allidat,</strong></span> <span class='ocrx_word' id='word_1_214' title='bbox 678 2803 784 2862; x_wconf 90' lang='lat' dir='ltr'><strong>sed</strong></span> <span class='ocrx_word' id='word_1_215' title='bbox 828 2799 1111 2863; x_wconf 80' lang='lat' dir='ltr'><strong>defendat</strong></span> <span class='ocrx_word' id='word_1_216' title='bbox 1163 2819 1176 2861; x_wconf 84' lang='lat'><strong><em>:</em></strong></span> <span class='ocrx_word' id='word_1_217' title='bbox 1237 2819 1358 2861; x_wconf 90' lang='lat' dir='ltr'><strong>non</strong></span> <span class='ocrx_word' id='word_1_218' title='bbox 1415 2807 1814 2876; x_wconf 88' lang='lat' dir='ltr'><strong>spernentem,</strong></span> <span class='ocrx_word' id='word_1_219' title='bbox 1877 2807 1983 2861; x_wconf 89' lang='lat' dir='ltr'><strong>sed</strong></span> 
     </span>
    </p>
   </div>
   <div class='ocr_carea' id='block_1_31' title="bbox 335 2893 1986 2962">
    <p class='ocr_par' dir='ltr' id='par_1_31' title="bbox 335 2893 1986 2962">
     <span class='ocr_line' id='line_1_31' title="bbox 335 2893 1986 2962; baseline 0.002 -15"><span class='ocrx_word' id='word_1_220' title='bbox 335 2895 718 2947; x_wconf 84' lang='lat' dir='ltr'><strong>revocantem</strong></span> <span class='ocrx_word' id='word_1_221' title='bbox 753 2908 764 2946; x_wconf 94' lang='lat'>:</span> <span class='ocrx_word' id='word_1_222' title='bbox 795 2906 921 2946; x_wconf 90' lang='lat' dir='ltr'><strong>non</strong></span> <span class='ocrx_word' id='word_1_223' title='bbox 949 2895 1274 2962; x_wconf 84' lang='lat' dir='ltr'><strong>raptorem,</strong></span> <span class='ocrx_word' id='word_1_224' title='bbox 1304 2894 1405 2947; x_wconf 81' lang='lat' dir='ltr'><strong>sed</strong></span> <span class='ocrx_word' id='word_1_225' title='bbox 1436 2893 1803 2962; x_wconf 85' lang='lat' dir='ltr'><strong>largitorem.</strong></span> <span class='ocrx_word' id='word_1_226' title='bbox 1858 2897 1986 2950; x_wconf 80' lang='lat' dir='ltr'><strong>Non</strong></span> 
     </span>
    </p>
   </div>
   <div class='ocr_carea' id='block_1_32' title="bbox 336 2979 1982 3054">
    <p class='ocr_par' dir='ltr' id='par_1_32' title="bbox 336 2979 1982 3054">
     <span class='ocr_line' id='line_1_32' title="bbox 336 2979 1982 3054; baseline 0.001 -19"><span class='ocrx_word' id='word_1_227' title='bbox 336 2984 458 3036; x_wconf 89' lang='lat' dir='ltr'><strong>ut...</strong></span> <span class='ocrx_word' id='word_1_228' title='bbox 470 3017 507 3037; x_wconf 91' lang='lat'><strong>..</strong></span> <span class='ocrx_word' id='word_1_229' title='bbox 522 2979 749 3052; x_wconf 61' lang='lat' dir='ltr'><strong>[Vallia</strong></span> <span class='ocrx_word' id='word_1_230' title='bbox 764 2979 1002 3047; x_wconf 87' lang='lat' dir='ltr'><strong>laceret]</strong></span> <span class='ocrx_word' id='word_1_231' title='bbox 1018 3023 1027 3045; x_wconf 90' lang='lat'><strong>,</strong></span> <span class='ocrx_word' id='word_1_232' title='bbox 1045 2979 1150 3034; x_wconf 91' lang='lat' dir='ltr'><strong>sed</strong></span> <span class='ocrx_word' id='word_1_233' title='bbox 1162 2984 1506 3051; x_wconf 81' lang='lat' dir='ltr'><strong>compescat</strong></span> <span class='ocrx_word' id='word_1_234' title='bbox 1521 2997 1535 3046; x_wconf 86' lang='lat'><strong>;</strong></span> <span class='ocrx_word' id='word_1_235' title='bbox 1549 2996 1668 3036; x_wconf 92' lang='lat' dir='ltr'><strong>non</strong></span> <span class='ocrx_word' id='word_1_236' title='bbox 1683 2982 1982 3054; x_wconf 90' lang='lat' dir='ltr'><strong>cupidum,</strong></span> 
     </span>
    </p>
   </div>
   <div class='ocr_carea' id='block_1_33' title="bbox 2074 409 3718 482">
    <p class='ocr_par' dir='ltr' id='par_1_33' title="bbox 2074 409 3718 482">
     <span class='ocr_line' id='line_1_33' title="bbox 2074 409 3718 482; baseline -0.001 -15"><span class='ocrx_word' id='word_1_237' title='bbox 2074 411 2476 467; x_wconf 69' lang='lat' dir='ltr'><strong>haredilatem</strong></span> <span class='ocrx_word' id='word_1_238' title='bbox 2491 426 2656 466; x_wconf 82' lang='lat' dir='ltr'><strong>suam</strong></span> <span class='ocrx_word' id='word_1_239' title='bbox 2676 428 2791 466; x_wconf 83' lang='lat' dir='ltr'><strong>non</strong></span> <span class='ocrx_word' id='word_1_240' title='bbox 2806 413 3195 482; x_wconf 71' lang='lat' dir='ltr'><strong>derelinquat.</strong></span> <span class='ocrx_word' id='word_1_241' title='bbox 3230 409 3578 464; x_wconf 65' lang='lat' dir='ltr'><strong>Illetlocebit</strong></span> <span class='ocrx_word' id='word_1_242' title='bbox 3592 424 3718 465; x_wconf 89' lang='lat' dir='ltr'><strong>vos.</strong></span> 
     </span>
    </p>
   </div>
   <div class='ocr_carea' id='block_1_34' title="bbox 2072 498 3721 571">
    <p class='ocr_par' dir='ltr' id='par_1_34' title="bbox 2072 498 3721 571">
     <span class='ocr_line' id='line_1_34' title="bbox 2072 498 3721 571; baseline -0.001 -17"><span class='ocrx_word' id='word_1_243' title='bbox 2072 498 2170 554; x_wconf 91' lang='lat' dir='ltr'><strong>llle</strong></span> <span class='ocrx_word' id='word_1_244' title='bbox 2199 516 2306 555; x_wconf 85' lang='lat' dir='ltr'><strong>vos</strong></span> <span class='ocrx_word' id='word_1_245' title='bbox 2335 515 2696 571; x_wconf 82' lang='lat' dir='ltr'><strong>peramoena</strong></span> <span class='ocrx_word' id='word_1_246' title='bbox 2720 516 2940 571; x_wconf 86' lang='lat' dir='ltr'><strong>pascua</strong></span> <span class='ocrx_word' id='word_1_247' title='bbox 2971 500 3165 566; x_wconf 81' lang='lat' dir='ltr'><strong>ducet,</strong></span> <span class='ocrx_word' id='word_1_248' title='bbox 3195 499 3288 552; x_wconf 90' lang='lat' dir='ltr'><strong>ille</strong></span> <span class='ocrx_word' id='word_1_249' title='bbox 3313 498 3401 552; x_wconf 88' lang='lat' dir='ltr'><strong>sui</strong></span> <span class='ocrx_word' id='word_1_250' title='bbox 3432 498 3595 552; x_wconf 86' lang='lat' dir='ltr'><strong>verbi</strong></span> <span class='ocrx_word' id='word_1_251' title='bbox 3623 513 3721 568; x_wconf 85' lang='lat' dir='ltr'><strong>pa-</strong></span> 
     </span>
    </p>
   </div>
   <div class='ocr_carea' id='block_1_35' title="bbox 2071 585 3718 660">
    <p class='ocr_par' dir='ltr' id='par_1_35' title="bbox 2071 585 3718 660">
     <span class='ocr_line' id='line_1_35' title="bbox 2071 585 3718 660; baseline -0.001 -16"><span class='ocrx_word' id='word_1_252' title='bbox 2071 588 2214 646; x_wconf 81' lang='lat' dir='ltr'><strong>bulo</strong></span> <span class='ocrx_word' id='word_1_253' title='bbox 2245 604 2348 645; x_wconf 84' lang='lat' dir='ltr'><strong>vos</strong></span> <span class='ocrx_word' id='word_1_254' title='bbox 2373 589 2594 644; x_wconf 77' lang='lat' dir='ltr'><strong>reﬁciat</strong></span> <span class='ocrx_word' id='word_1_255' title='bbox 2619 605 2630 646; x_wconf 91' lang='lat'><strong>:</strong></span> <span class='ocrx_word' id='word_1_256' title='bbox 2658 589 2857 660; x_wconf 87' lang='lat' dir='ltr'><strong>ipsum</strong></span> <span class='ocrx_word' id='word_1_257' title='bbox 2871 588 3088 657; x_wconf 84' lang='lat' dir='ltr'><strong>audite,</strong></span> <span class='ocrx_word' id='word_1_258' title='bbox 3114 602 3237 643; x_wconf 90' lang='lat' dir='ltr'><strong>non</strong></span> <span class='ocrx_word' id='word_1_259' title='bbox 3259 585 3718 642; x_wconf 82' lang='lat' dir='ltr'><strong>conturbemini.</strong></span> 
     </span>
    </p>
   </div>
   <div class='ocr_carea' id='block_1_36' title="bbox 2073 675 3720 742">
    <p class='ocr_par' dir='ltr' id='par_1_36' title="bbox 2073 675 3720 742">
     <span class='ocr_line' id='line_1_36' title="bbox 2073 675 3720 742; baseline 0 -10"><span class='ocrx_word' id='word_1_260' title='bbox 2073 680 2134 733; x_wconf 87' lang='lat' dir='ltr'><strong>Et</strong></span> <span class='ocrx_word' id='word_1_261' title='bbox 2159 692 2266 733; x_wconf 86' lang='lat' dir='ltr'><strong>vos</strong></span> <span class='ocrx_word' id='word_1_262' title='bbox 2295 677 2528 733; x_wconf 83' lang='lat' dir='ltr'><strong>viscera</strong></span> <span class='ocrx_word' id='word_1_263' title='bbox 2558 691 2711 742; x_wconf 88' lang='lat' dir='ltr'><strong>mea,</strong></span> <span class='ocrx_word' id='word_1_264' title='bbox 2747 691 2868 733; x_wconf 89' lang='lat' dir='ltr'><strong>non</strong></span> <span class='ocrx_word' id='word_1_265' title='bbox 2892 682 3099 732; x_wconf 90' lang='lat' dir='ltr'><strong>contra</strong></span> <span class='ocrx_word' id='word_1_266' title='bbox 3123 691 3262 731; x_wconf 90' lang='lat' dir='ltr'><strong>eum</strong></span> <span class='ocrx_word' id='word_1_267' title='bbox 3314 675 3375 731; x_wconf 91' lang='lat' dir='ltr'><strong>in</strong></span> <span class='ocrx_word' id='word_1_268' title='bbox 3422 679 3720 732; x_wconf 88' lang='lat' dir='ltr'><strong>tumorem</strong></span> 
     </span>
    </p>
   </div>
   <div class='ocr_carea' id='block_1_37' title="bbox 2073 763 3717 835">
    <p class='ocr_par' dir='ltr' id='par_1_37' title="bbox 2073 763 3717 835">
     <span class='ocr_line' id='line_1_37' title="bbox 2073 763 3717 835; baseline -0.001 -13"><span class='ocrx_word' id='word_1_269' title='bbox 2073 765 2269 822; x_wconf 88' lang='lat' dir='ltr'><strong>cordis</strong></span> <span class='ocrx_word' id='word_1_270' title='bbox 2284 765 2536 832; x_wconf 78' lang='lat' dir='ltr'><strong>elevatis,</strong></span> <span class='ocrx_word' id='word_1_271' title='bbox 2557 781 2677 822; x_wconf 86' lang='lat' dir='ltr'><strong>non</strong></span> <span class='ocrx_word' id='word_1_272' title='bbox 2692 781 2827 822; x_wconf 91' lang='lat' dir='ltr'><strong>cum</strong></span> <span class='ocrx_word' id='word_1_273' title='bbox 2859 770 2985 822; x_wconf 92' lang='lat' dir='ltr'><strong>tum</strong></span> <span class='ocrx_word' id='word_1_274' title='bbox 2994 763 3193 834; x_wconf 90' lang='lat' dir='ltr'><strong>ultu,et</strong></span> <span class='ocrx_word' id='word_1_275' title='bbox 3205 767 3225 835; x_wconf 85' lang='lat' dir='ltr'><strong>j</strong></span> <span class='ocrx_word' id='word_1_276' title='bbox 3237 765 3401 834; x_wconf 85' lang='lat' dir='ltr'><strong>urgio</strong></span> <span class='ocrx_word' id='word_1_277' title='bbox 3417 769 3717 835; x_wconf 85' lang='lat' dir='ltr'><strong>pastorem</strong></span> 
     </span>
    </p>
   </div>
   <div class='ocr_carea' id='block_1_38' title="bbox 2074 852 3722 927">
    <p class='ocr_par' dir='ltr' id='par_1_38' title="bbox 2074 852 3722 927">
     <span class='ocr_line' id='line_1_38' title="bbox 2074 852 3722 927; baseline -0.002 -17"><span class='ocrx_word' id='word_1_278' title='bbox 2074 854 2320 926; x_wconf 81' lang='lat' dir='ltr'><strong>eligatis.</strong></span> <span class='ocrx_word' id='word_1_279' title='bbox 2353 858 2482 912; x_wconf 86' lang='lat' dir='ltr'><strong>Non</strong></span> <span class='ocrx_word' id='word_1_280' title='bbox 2504 860 2739 927; x_wconf 84' lang='lat' dir='ltr'><strong>patrem</strong></span> <span class='ocrx_word' id='word_1_281' title='bbox 2767 856 2950 926; x_wconf 87' lang='lat' dir='ltr'><strong>hujus</strong></span> <span class='ocrx_word' id='word_1_282' title='bbox 2977 854 3183 927; x_wconf 81' lang='lat' dir='ltr'><strong>patriae</strong></span> <span class='ocrx_word' id='word_1_283' title='bbox 3200 870 3309 926; x_wconf 91' lang='lat' dir='ltr'><strong>pro</strong></span> <span class='ocrx_word' id='word_1_284' title='bbox 3332 852 3570 925; x_wconf 61' lang='lat' dir='ltr'><strong>[Vallia</strong></span> <span class='ocrx_word' id='word_1_285' title='bbox 3598 852 3722 926; x_wconf 86' lang='lat' dir='ltr'><strong>cui]</strong></span> 
     </span>
    </p>
   </div>
   <div class='ocr_carea' id='block_1_39' title="bbox 2073 941 3724 1016">
    <p class='ocr_par' dir='ltr' id='par_1_39' title="bbox 2073 941 3724 1016">
     <span class='ocr_line' id='line_1_39' title="bbox 2073 941 3724 1016; baseline -0.001 -17"><span class='ocrx_word' id='word_1_286' title='bbox 2073 943 2494 1016; x_wconf 87' lang='lat' dir='ltr'><strong>pecuniahanc</strong></span> <span class='ocrx_word' id='word_1_287' title='bbox 2505 944 2773 1001; x_wconf 89' lang='lat' dir='ltr'><strong>obtineat</strong></span> <span class='ocrx_word' id='word_1_288' title='bbox 2788 945 3012 1013; x_wconf 82' lang='lat' dir='ltr'><strong>sedem,</strong></span> <span class='ocrx_word' id='word_1_289' title='bbox 3030 943 3131 1000; x_wconf 89' lang='lat' dir='ltr'><strong>sed</strong></span> <span class='ocrx_word' id='word_1_290' title='bbox 3145 943 3289 1016; x_wconf 89' lang='lat' dir='ltr'><strong>hoc[</strong></span> <span class='ocrx_word' id='word_1_291' title='bbox 3306 943 3518 1001; x_wconf 78' lang='lat' dir='ltr'><strong>Vallia.</strong></span> <span class='ocrx_word' id='word_1_292' title='bbox 3535 941 3724 1016; x_wconf 88' lang='lat' dir='ltr'><strong>hunc]</strong></span> 
     </span>
    </p>
   </div>
   <div class='ocr_carea' id='block_1_40' title="bbox 2075 1031 3720 1105">
    <p class='ocr_par' dir='ltr' id='par_1_40' title="bbox 2075 1031 3720 1105">
     <span class='ocr_line' id='line_1_40' title="bbox 2075 1031 3720 1105; baseline 0 -17"><span class='ocrx_word' id='word_1_293' title='bbox 2075 1032 2489 1105; x_wconf 87' lang='lat' dir='ltr'><strong>diligitequem</strong></span> <span class='ocrx_word' id='word_1_294' title='bbox 2514 1033 2801 1089; x_wconf 88' lang='lat' dir='ltr'><strong>Dominus</strong></span> <span class='ocrx_word' id='word_1_295' title='bbox 2814 1033 3071 1103; x_wconf 77' lang='lat' dir='ltr'><strong>elegerit.</strong></span> <span class='ocrx_word' id='word_1_296' title='bbox 3101 1035 3292 1090; x_wconf 85' lang='lat' dir='ltr'><strong>Estote</strong></span> <span class='ocrx_word' id='word_1_297' title='bbox 3321 1031 3562 1104; x_wconf 82' lang='lat' dir='ltr'><strong>perfecti</strong></span> <span class='ocrx_word' id='word_1_298' title='bbox 3577 1031 3679 1087; x_wconf 86' lang='lat' dir='ltr'><strong>ﬁlii</strong></span> <span class='ocrx_word' id='word_1_299' title='bbox 3705 1048 3720 1088; x_wconf 90' lang='lat'><strong>:</strong></span> 
     </span>
    </p>
   </div>
   <div class='ocr_carea' id='block_1_41' title="bbox 2077 1120 3727 1179">
    <p class='ocr_par' dir='ltr' id='par_1_41' title="bbox 2077 1120 3727 1179">
     <span class='ocr_line' id='line_1_41' title="bbox 2077 1120 3727 1179; baseline -0.001 -1"><span class='ocrx_word' id='word_1_300' title='bbox 2077 1121 2155 1179; x_wconf 83' lang='lat' dir='ltr'><strong>ab</strong></span> <span class='ocrx_word' id='word_1_301' title='bbox 2183 1121 2350 1178; x_wconf 91' lang='lat' dir='ltr'><strong>omni</strong></span> <span class='ocrx_word' id='word_1_302' title='bbox 2375 1122 2586 1178; x_wconf 71' lang='lat' dir='ltr'><strong>haeresi</strong></span> <span class='ocrx_word' id='word_1_303' title='bbox 2618 1127 2847 1178; x_wconf 87' lang='lat' dir='ltr'><strong>servate</strong></span> <span class='ocrx_word' id='word_1_304' title='bbox 2878 1137 3005 1177; x_wconf 87' lang='lat' dir='ltr'><strong>vos.</strong></span> <span class='ocrx_word' id='word_1_305' title='bbox 3031 1123 3243 1178; x_wconf 87' lang='lat' dir='ltr'><strong>Cavete</strong></span> <span class='ocrx_word' id='word_1_306' title='bbox 3263 1121 3343 1176; x_wconf 89' lang='lat' dir='ltr'><strong>ab</strong></span> <span class='ocrx_word' id='word_1_307' title='bbox 3369 1121 3587 1176; x_wconf 88' lang='lat' dir='ltr'><strong>Ariano</strong></span> <span class='ocrx_word' id='word_1_308' title='bbox 3613 1120 3727 1176; x_wconf 91' lang='lat' dir='ltr'><strong>do-</strong></span> 
     </span>
    </p>
   </div>
   <div class='ocr_carea' id='block_1_42' title="bbox 2077 1208 3727 1283">
    <p class='ocr_par' dir='ltr' id='par_1_42' title="bbox 2077 1208 3727 1283">
     <span class='ocr_line' id='line_1_42' title="bbox 2077 1208 3727 1283; baseline -0.001 -17"><span class='ocrx_word' id='word_1_309' title='bbox 2077 1209 3152 1282; x_wconf 86' lang='lat' dir='ltr'><strong>gmate.Sanctam,incontaminatam</strong></span> <span class='ocrx_word' id='word_1_310' title='bbox 3163 1209 3519 1266; x_wconf 87' lang='lat' dir='ltr'><strong>catholicam</strong></span> <span class='ocrx_word' id='word_1_311' title='bbox 3530 1208 3727 1283; x_wconf 78' lang='lat' dir='ltr'><strong>[Deest</strong></span> 
     </span>
    </p>
   </div>
   <div class='ocr_carea' id='block_1_43' title="bbox 2077 1299 3730 1374">
    <p class='ocr_par' dir='ltr' id='par_1_43' title="bbox 2077 1299 3730 1374">
     <span class='ocr_line' id='line_1_43' title="bbox 2077 1299 3730 1374; baseline -0.001 -20"><span class='ocrx_word' id='word_1_312' title='bbox 2077 1300 2142 1357; x_wconf 87' lang='lat' dir='ltr'><strong>in</strong></span> <span class='ocrx_word' id='word_1_313' title='bbox 2171 1317 2272 1360; x_wconf 80' lang='lat' dir='ltr'><strong>ms.</strong></span> <span class='ocrx_word' id='word_1_314' title='bbox 2301 1299 2684 1374; x_wconf 87' lang='lat' dir='ltr'><strong>catholicam]</strong></span> <span class='ocrx_word' id='word_1_315' title='bbox 2707 1300 3591 1372; x_wconf 87' lang='lat' dir='ltr'><strong>tidemtenete.Corporavestra</strong></span> <span class='ocrx_word' id='word_1_316' title='bbox 3607 1311 3730 1354; x_wconf 80' lang='lat' dir='ltr'><strong>ser-</strong></span> 
     </span>
    </p>
   </div>
   <div class='ocr_carea' id='block_1_44' title="bbox 2080 1389 3724 1461">
    <p class='ocr_par' dir='ltr' id='par_1_44' title="bbox 2080 1389 3724 1461">
     <span class='ocr_line' id='line_1_44' title="bbox 2080 1389 3724 1461; baseline -0.001 -16"><span class='ocrx_word' id='word_1_317' title='bbox 2080 1393 2210 1446; x_wconf 88' lang='lat' dir='ltr'><strong>vate</strong></span> <span class='ocrx_word' id='word_1_318' title='bbox 2231 1390 2358 1446; x_wconf 87' lang='lat' dir='ltr'><strong>sine</strong></span> <span class='ocrx_word' id='word_1_319' title='bbox 2380 1389 2719 1460; x_wconf 85' lang='lat' dir='ltr'><strong>pollutione,</strong></span> <span class='ocrx_word' id='word_1_320' title='bbox 2737 1389 2882 1461; x_wconf 88' lang='lat' dir='ltr'><strong>quia</strong></span> <span class='ocrx_word' id='word_1_321' title='bbox 2905 1389 3126 1461; x_wconf 88' lang='lat' dir='ltr'><strong>templa</strong></span> <span class='ocrx_word' id='word_1_322' title='bbox 3154 1389 3252 1445; x_wconf 91' lang='lat' dir='ltr'><strong>Dei</strong></span> <span class='ocrx_word' id='word_1_323' title='bbox 3282 1389 3724 1457; x_wconf 77' lang='lat' dir='ltr'><strong>animatasunt,</strong></span> 
     </span>
    </p>
   </div>
   <div class='ocr_carea' id='block_1_45' title="bbox 2080 1478 3730 1549">
    <p class='ocr_par' dir='ltr' id='par_1_45' title="bbox 2080 1478 3730 1549">
     <span class='ocr_line' id='line_1_45' title="bbox 2080 1478 3730 1549; baseline -0.001 -15"><span class='ocrx_word' id='word_1_324' title='bbox 2080 1480 2211 1534; x_wconf 65' lang='lat' dir='ltr'><strong>Hec</strong></span> <span class='ocrx_word' id='word_1_325' title='bbox 2223 1478 2534 1544; x_wconf 89' lang='lat' dir='ltr'><strong>custodite,</strong></span> <span class='ocrx_word' id='word_1_326' title='bbox 2559 1483 2616 1534; x_wconf 89' lang='lat' dir='ltr'><strong>et</strong></span> <span class='ocrx_word' id='word_1_327' title='bbox 2637 1478 2793 1549; x_wconf 84' lang='lat' dir='ltr'><strong>agite</strong></span> <span class='ocrx_word' id='word_1_328' title='bbox 2819 1494 2830 1533; x_wconf 92' lang='lat'>:</span> <span class='ocrx_word' id='word_1_329' title='bbox 2859 1479 3206 1534; x_wconf 87' lang='lat' dir='ltr'><strong>utmereatis</strong></span> <span class='ocrx_word' id='word_1_330' title='bbox 3236 1492 3343 1533; x_wconf 89' lang='lat' dir='ltr'><strong>vos</strong></span> <span class='ocrx_word' id='word_1_331' title='bbox 3359 1492 3499 1533; x_wconf 89' lang='lat' dir='ltr'><strong>cum</strong></span> <span class='ocrx_word' id='word_1_332' title='bbox 3527 1481 3730 1532; x_wconf 88' lang='lat' dir='ltr'><strong>vestro</strong></span> 
     </span>
    </p>
   </div>
   <div class='ocr_carea' id='block_1_46' title="bbox 2079 1566 3730 1639">
    <p class='ocr_par' dir='ltr' id='par_1_46' title="bbox 2079 1566 3730 1639">
     <span class='ocr_line' id='line_1_46' title="bbox 2079 1566 3730 1639; baseline -0.002 -17"><span class='ocrx_word' id='word_1_333' title='bbox 2079 1570 2316 1638; x_wconf 89' lang='lat' dir='ltr'><strong>pastore</strong></span> <span class='ocrx_word' id='word_1_334' title='bbox 2338 1567 2398 1622; x_wconf 91' lang='lat' dir='ltr'><strong>in</strong></span> <span class='ocrx_word' id='word_1_335' title='bbox 2418 1567 2827 1623; x_wconf 88' lang='lat' dir='ltr'><strong>universorum</strong></span> <span class='ocrx_word' id='word_1_336' title='bbox 2841 1566 3191 1638; x_wconf 86' lang='lat' dir='ltr'><strong>placitorum</strong></span> <span class='ocrx_word' id='word_1_337' title='bbox 3212 1566 3517 1639; x_wconf 85' lang='lat' dir='ltr'><strong>[Vallic.in</strong></span> <span class='ocrx_word' id='word_1_338' title='bbox 3529 1566 3730 1622; x_wconf 87' lang='lat' dir='ltr'><strong>ovium</strong></span> 
     </span>
    </p>
   </div>
   <div class='ocr_carea' id='block_1_47' title="bbox 2005 1654 3728 1746">
    <p class='ocr_par' dir='ltr' id='par_1_47' title="bbox 2005 1654 3728 1746">
     <span class='ocr_line' id='line_1_47' title="bbox 2005 1654 3728 1746; baseline 0.001 -35"><span class='ocrx_word' id='word_1_339' title='bbox 2005 1689 2047 1746; x_wconf 74' lang='grc' dir='ltr'>Β</span> <span class='ocrx_word' id='word_1_340' title='bbox 2082 1659 2425 1712; x_wconf 84' lang='lat' dir='ltr'><strong>sanctarum</strong></span> <span class='ocrx_word' id='word_1_341' title='bbox 2442 1655 2820 1730; x_wconf 75' lang='lat' dir='ltr'><strong>placiturum]</strong></span> <span class='ocrx_word' id='word_1_342' title='bbox 2836 1655 3052 1712; x_wconf 66' lang='lat' dir='ltr'><strong>caelesti</strong></span> <span class='ocrx_word' id='word_1_343' title='bbox 3067 1654 3317 1711; x_wconf 91' lang='lat' dir='ltr'><strong>Domino</strong></span> <span class='ocrx_word' id='word_1_344' title='bbox 3330 1655 3476 1710; x_wconf 90' lang='lat' dir='ltr'><strong>viam</strong></span> <span class='ocrx_word' id='word_1_345' title='bbox 3494 1669 3728 1727; x_wconf 89' lang='lat' dir='ltr'><strong>parare.</strong></span> 
     </span>
    </p>
   </div>
   <div class='ocr_carea' id='block_1_48' title="bbox 2080 1741 3733 1815">
    <p class='ocr_par' dir='ltr' id='par_1_48' title="bbox 2080 1741 3733 1815">
     <span class='ocr_line' id='line_1_48' title="bbox 2080 1741 3733 1815; baseline -0.001 -15"><span class='ocrx_word' id='word_1_346' title='bbox 2080 1744 2381 1815; x_wconf 73' lang='lat' dir='ltr'><strong>Praacepta</strong></span> <span class='ocrx_word' id='word_1_347' title='bbox 2409 1744 2537 1813; x_wconf 88' lang='lat' dir='ltr'><strong>ejus</strong></span> <span class='ocrx_word' id='word_1_348' title='bbox 2552 1746 2689 1799; x_wconf 80' lang='lat' dir='ltr'><strong>satis</strong></span> <span class='ocrx_word' id='word_1_349' title='bbox 2706 1743 2992 1800; x_wconf 86' lang='lat' dir='ltr'><strong>custodite</strong></span> <span class='ocrx_word' id='word_1_350' title='bbox 3019 1764 3030 1799; x_wconf 89' lang='lat'><strong>:</strong></span> <span class='ocrx_word' id='word_1_351' title='bbox 3058 1744 3291 1799; x_wconf 82' lang='lat' dir='ltr'><strong>obedite</strong></span> <span class='ocrx_word' id='word_1_352' title='bbox 3303 1743 3376 1808; x_wconf 90' lang='lat' dir='ltr'><strong>ei,</strong></span> <span class='ocrx_word' id='word_1_353' title='bbox 3406 1748 3470 1798; x_wconf 88' lang='lat' dir='ltr'><strong>ut</strong></span> <span class='ocrx_word' id='word_1_354' title='bbox 3487 1741 3581 1798; x_wconf 88' lang='lat' dir='ltr'><strong>ille</strong></span> <span class='ocrx_word' id='word_1_355' title='bbox 3598 1758 3733 1814; x_wconf 86' lang='lat' dir='ltr'><strong>pro-</strong></span> 
     </span>
    </p>
   </div>
   <div class='ocr_carea' id='block_1_49' title="bbox 2082 1831 3730 1904">
    <p class='ocr_par' dir='ltr' id='par_1_49' title="bbox 2082 1831 3730 1904">
     <span class='ocr_line' id='line_1_49' title="bbox 2082 1831 3730 1904; baseline 0 -18"><span class='ocrx_word' id='word_1_356' title='bbox 2082 1831 2254 1892; x_wconf 88' lang='lat' dir='ltr'><strong>vobis</strong></span> <span class='ocrx_word' id='word_1_357' title='bbox 2279 1836 2406 1888; x_wconf 88' lang='lat' dir='ltr'><strong>oret</strong></span> <span class='ocrx_word' id='word_1_358' title='bbox 2427 1847 2437 1885; x_wconf 92' lang='lat'>:</span> <span class='ocrx_word' id='word_1_359' title='bbox 2463 1847 2500 1902; x_wconf 84' lang='lat' dir='ltr'><strong>q</strong></span> <span class='ocrx_word' id='word_1_360' title='bbox 2511 1832 2605 1888; x_wconf 90' lang='lat' dir='ltr'><strong>uia</strong></span> <span class='ocrx_word' id='word_1_361' title='bbox 2624 1832 3003 1904; x_wconf 89' lang='lat' dir='ltr'><strong>omnipotens</strong></span> <span class='ocrx_word' id='word_1_362' title='bbox 3017 1833 3167 1886; x_wconf 89' lang='lat' dir='ltr'><strong>Deus</strong></span> <span class='ocrx_word' id='word_1_363' title='bbox 3179 1847 3302 1886; x_wconf 91' lang='lat' dir='ltr'><strong>non</strong></span> <span class='ocrx_word' id='word_1_364' title='bbox 3316 1831 3438 1886; x_wconf 90' lang='lat' dir='ltr'><strong>vult</strong></span> <span class='ocrx_word' id='word_1_365' title='bbox 3450 1831 3730 1896; x_wconf 87' lang='lat' dir='ltr'><strong>hilarem,</strong></span> 
     </span>
    </p>
   </div>
   <div class='ocr_carea' id='block_1_50' title="bbox 2083 1918 3730 1991">
    <p class='ocr_par' dir='ltr' id='par_1_50' title="bbox 2083 1918 3730 1991">
     <span class='ocr_line' id='line_1_50' title="bbox 2083 1918 3730 1991; baseline 0 -17"><span class='ocrx_word' id='word_1_366' title='bbox 2083 1919 2188 1976; x_wconf 86' lang='lat' dir='ltr'><strong>sed</strong></span> <span class='ocrx_word' id='word_1_367' title='bbox 2212 1936 2314 1976; x_wconf 92' lang='lat' dir='ltr'><strong>cor</strong></span> <span class='ocrx_word' id='word_1_368' title='bbox 2343 1921 2649 1975; x_wconf 90' lang='lat' dir='ltr'><strong>contritum</strong></span> <span class='ocrx_word' id='word_1_369' title='bbox 2677 1920 3002 1990; x_wconf 85' lang='lat' dir='ltr'><strong>suscipit,et</strong></span> <span class='ocrx_word' id='word_1_370' title='bbox 3030 1918 3408 1975; x_wconf 86' lang='lat' dir='ltr'><strong>humiliatum</strong></span> <span class='ocrx_word' id='word_1_371' title='bbox 3430 1919 3730 1991; x_wconf 87' lang='lat' dir='ltr'><strong>spiritum.</strong></span> 
     </span>
    </p>
   </div>
   <div class='ocr_carea' id='block_1_51' title="bbox 2083 2007 3736 2079">
    <p class='ocr_par' dir='ltr' id='par_1_51' title="bbox 2083 2007 3736 2079">
     <span class='ocr_line' id='line_1_51' title="bbox 2083 2007 3736 2079; baseline -0.003 -13"><span class='ocrx_word' id='word_1_372' title='bbox 2083 2010 2166 2067; x_wconf 88' lang='lat' dir='ltr'><strong>Sit</strong></span> <span class='ocrx_word' id='word_1_373' title='bbox 2192 2008 2529 2065; x_wconf 89' lang='lat' dir='ltr'><strong>benedictio</strong></span> <span class='ocrx_word' id='word_1_374' title='bbox 2565 2008 2794 2064; x_wconf 87' lang='lat' dir='ltr'><strong>Domini</strong></span> <span class='ocrx_word' id='word_1_375' title='bbox 2815 2007 2916 2062; x_wconf 91' lang='lat' dir='ltr'><strong>Dei</strong></span> <span class='ocrx_word' id='word_1_376' title='bbox 2947 2008 3370 2079; x_wconf 83' lang='lat' dir='ltr'><strong>omnipotentis</strong></span> <span class='ocrx_word' id='word_1_377' title='bbox 3400 2023 3578 2078; x_wconf 90' lang='lat' dir='ltr'><strong>super</strong></span> <span class='ocrx_word' id='word_1_378' title='bbox 3602 2024 3736 2077; x_wconf 86' lang='lat' dir='ltr'><strong>vos,</strong></span> 
     </span>
    </p>
   </div>
   <div class='ocr_carea' id='block_1_52' title="bbox 2085 2096 3739 2169">
    <p class='ocr_par' dir='ltr' id='par_1_52' title="bbox 2085 2096 3739 2169">
     <span class='ocr_line' id='line_1_52' title="bbox 2085 2096 3739 2169; baseline -0.004 -12"><span class='ocrx_word' id='word_1_379' title='bbox 2085 2103 2141 2157; x_wconf 86' lang='lat' dir='ltr'><strong>et</strong></span> <span class='ocrx_word' id='word_1_380' title='bbox 2171 2112 2352 2169; x_wconf 88' lang='lat' dir='ltr'><strong>super</strong></span> <span class='ocrx_word' id='word_1_381' title='bbox 2379 2098 2533 2152; x_wconf 88' lang='lat' dir='ltr'><strong>tilios</strong></span> <span class='ocrx_word' id='word_1_382' title='bbox 2565 2102 2789 2152; x_wconf 83' lang='lat' dir='ltr'><strong>vestros</strong></span> <span class='ocrx_word' id='word_1_383' title='bbox 2820 2096 2879 2152; x_wconf 90' lang='lat' dir='ltr'><strong>in</strong></span> <span class='ocrx_word' id='word_1_384' title='bbox 2907 2098 3308 2166; x_wconf 79' lang='lat' dir='ltr'><strong>generatione,</strong></span> <span class='ocrx_word' id='word_1_385' title='bbox 3341 2101 3397 2152; x_wconf 87' lang='lat' dir='ltr'><strong>et</strong></span> <span class='ocrx_word' id='word_1_386' title='bbox 3426 2097 3739 2168; x_wconf 80' lang='lat' dir='ltr'><strong>progenie,</strong></span> 
     </span>
    </p>
   </div>
   <div class='ocr_carea' id='block_1_53' title="bbox 2085 2184 3744 2257">
    <p class='ocr_par' dir='ltr' id='par_1_53' title="bbox 2085 2184 3744 2257">
     <span class='ocr_line' id='line_1_53' title="bbox 2085 2184 3744 2257; baseline -0.001 -14"><span class='ocrx_word' id='word_1_387' title='bbox 2085 2201 2244 2243; x_wconf 91' lang='lat' dir='ltr'><strong>nunc</strong></span> <span class='ocrx_word' id='word_1_388' title='bbox 2275 2190 2331 2242; x_wconf 91' lang='lat' dir='ltr'><strong>et</strong></span> <span class='ocrx_word' id='word_1_389' title='bbox 2359 2201 2594 2256; x_wconf 87' lang='lat' dir='ltr'><strong>semper</strong></span> <span class='ocrx_word' id='word_1_390' title='bbox 2614 2185 2673 2240; x_wconf 91' lang='lat' dir='ltr'><strong>in</strong></span> <span class='ocrx_word' id='word_1_391' title='bbox 2691 2184 2910 2241; x_wconf 71' lang='lat' dir='ltr'><strong>saecula</strong></span> <span class='ocrx_word' id='word_1_392' title='bbox 2930 2185 3587 2257; x_wconf 60' lang='lat' dir='ltr'><strong>saaculorumﬁumque</strong></span> <span class='ocrx_word' id='word_1_393' title='bbox 3611 2201 3744 2242; x_wconf 87' lang='lat' dir='ltr'><strong>om-</strong></span> 
     </span>
    </p>
   </div>
   <div class='ocr_carea' id='block_1_54' title="bbox 2086 2274 3747 2347">
    <p class='ocr_par' dir='ltr' id='par_1_54' title="bbox 2086 2274 3747 2347">
     <span class='ocr_line' id='line_1_54' title="bbox 2086 2274 3747 2347; baseline -0.001 -16"><span class='ocrx_word' id='word_1_394' title='bbox 2086 2291 2192 2332; x_wconf 92' lang='lat' dir='ltr'><strong>nes</strong></span> <span class='ocrx_word' id='word_1_395' title='bbox 2204 2274 2659 2347; x_wconf 87' lang='lat' dir='ltr'><strong>respondissent</strong></span> <span class='ocrx_word' id='word_1_396' title='bbox 2674 2279 2880 2344; x_wconf 85' lang='lat' dir='ltr'><strong>Amen,</strong></span> <span class='ocrx_word' id='word_1_397' title='bbox 2898 2289 3222 2330; x_wconf 86' lang='lat' dir='ltr'><strong>conversus</strong></span> <span class='ocrx_word' id='word_1_398' title='bbox 3246 2274 3324 2330; x_wconf 92' lang='lat' dir='ltr'><strong>ad</strong></span> <span class='ocrx_word' id='word_1_399' title='bbox 3338 2289 3507 2330; x_wconf 88' lang='lat' dir='ltr'><strong>aram</strong></span> <span class='ocrx_word' id='word_1_400' title='bbox 3524 2276 3588 2332; x_wconf 83' lang='grc' dir='ltr'><strong>Β.</strong></span> <span class='ocrx_word' id='word_1_401' title='bbox 3606 2275 3747 2330; x_wconf 79' lang='lat' dir='ltr'><strong>Cas-</strong></span> 
     </span>
    </p>
   </div>
   <div class='ocr_carea' id='block_1_55' title="bbox 2090 2362 3746 2434">
    <p class='ocr_par' dir='ltr' id='par_1_55' title="bbox 2090 2362 3746 2434">
     <span class='ocr_line' id='line_1_55' title="bbox 2090 2362 3746 2434; baseline -0.001 -14"><span class='ocrx_word' id='word_1_402' title='bbox 2090 2363 2241 2420; x_wconf 90' lang='lat' dir='ltr'><strong>siani</strong></span> <span class='ocrx_word' id='word_1_403' title='bbox 2274 2363 2391 2420; x_wconf 87' lang='lat' dir='ltr'><strong>ait:</strong></span> <span class='ocrx_word' id='word_1_404' title='bbox 2421 2366 2715 2434; x_wconf 88' lang='lat' dir='ltr'><strong>Deprecor</strong></span> <span class='ocrx_word' id='word_1_405' title='bbox 2744 2368 2820 2433; x_wconf 92' lang='lat' dir='ltr'><strong>te,</strong></span> <span class='ocrx_word' id='word_1_406' title='bbox 2857 2362 3028 2419; x_wconf 87' lang='lat' dir='ltr'><strong>beate</strong></span> <span class='ocrx_word' id='word_1_407' title='bbox 3085 2363 3381 2428; x_wconf 81' lang='lat' dir='ltr'><strong>Cassiane,</strong></span> <span class='ocrx_word' id='word_1_408' title='bbox 3437 2363 3746 2420; x_wconf 89' lang='lat' dir='ltr'><strong>intercede</strong></span> 
     </span>
    </p>
   </div>
   <div class='ocr_carea' id='block_1_56' title="bbox 2089 2450 3748 2523">
    <p class='ocr_par' dir='ltr' id='par_1_56' title="bbox 2089 2450 3748 2523">
     <span class='ocr_line' id='line_1_56' title="bbox 2089 2450 3748 2523; baseline 0 -15"><span class='ocrx_word' id='word_1_409' title='bbox 2089 2468 2196 2523; x_wconf 91' lang='lat' dir='ltr'><strong>pro</strong></span> <span class='ocrx_word' id='word_1_410' title='bbox 2223 2466 2338 2508; x_wconf 86' lang='lat' dir='ltr'><strong>me.</strong></span> <span class='ocrx_word' id='word_1_411' title='bbox 2369 2452 2506 2506; x_wconf 70' lang='lat' dir='ltr'><strong>Tuas</strong></span> <span class='ocrx_word' id='word_1_412' title='bbox 2529 2450 2917 2523; x_wconf 87' lang='lat' dir='ltr'><strong>domuiquasi</strong></span> <span class='ocrx_word' id='word_1_413' title='bbox 2935 2451 3288 2506; x_wconf 87' lang='lat' dir='ltr'><strong>vernaculus</strong></span> <span class='ocrx_word' id='word_1_414' title='bbox 3316 2451 3398 2507; x_wconf 78' lang='lat' dir='ltr'><strong>{ui</strong></span> <span class='ocrx_word' id='word_1_415' title='bbox 3421 2452 3748 2508; x_wconf 89' lang='lat' dir='ltr'><strong>aCornelio</strong></span> 
     </span>
    </p>
   </div>
   <div class='ocr_carea' id='block_1_57' title="bbox 2088 2539 3747 2613">
    <p class='ocr_par' dir='ltr' id='par_1_57' title="bbox 2088 2539 3747 2613">
     <span class='ocr_line' id='line_1_57' title="bbox 2088 2539 3747 2613; baseline 0 -16"><span class='ocrx_word' id='word_1_416' title='bbox 2088 2541 2257 2597; x_wconf 85' lang='lat' dir='ltr'><strong>istius</strong></span> <span class='ocrx_word' id='word_1_417' title='bbox 2281 2539 2438 2596; x_wconf 88' lang='lat' dir='ltr'><strong>sedis</strong></span> <span class='ocrx_word' id='word_1_418' title='bbox 2466 2541 2526 2596; x_wconf 91' lang='lat' dir='ltr'><strong>in</strong></span> <span class='ocrx_word' id='word_1_419' title='bbox 2552 2540 2815 2597; x_wconf 80' lang='lat' dir='ltr'><strong>ecclesiae</strong></span> <span class='ocrx_word' id='word_1_420' title='bbox 2849 2541 3074 2611; x_wconf 87' lang='lat' dir='ltr'><strong>gremio</strong></span> <span class='ocrx_word' id='word_1_421' title='bbox 3109 2539 3344 2613; x_wconf 63' lang='lat' dir='ltr'><strong>[Vallia</strong></span> <span class='ocrx_word' id='word_1_422' title='bbox 3378 2540 3658 2597; x_wconf 87' lang='lat' dir='ltr'><strong>Cornelio</strong></span> <span class='ocrx_word' id='word_1_423' title='bbox 3687 2542 3747 2597; x_wconf 93' lang='lat' dir='ltr'><strong>in</strong></span> 
     </span>
    </p>
   </div>
   <div class='ocr_carea' id='block_1_58' title="bbox 2089 2628 3752 2702">
    <p class='ocr_par' dir='ltr' id='par_1_58' title="bbox 2089 2628 3752 2702">
     <span class='ocr_line' id='line_1_58' title="bbox 2089 2628 3752 2702; baseline 0.001 -16"><span class='ocrx_word' id='word_1_424' title='bbox 2089 2630 2270 2700; x_wconf 83' lang='lat' dir='ltr'><strong>hujus</strong></span> <span class='ocrx_word' id='word_1_425' title='bbox 2292 2628 2564 2686; x_wconf 66' lang='lat' dir='ltr'><strong>Ecclesia;</strong></span> <span class='ocrx_word' id='word_1_426' title='bbox 2596 2628 2849 2702; x_wconf 88' lang='lat' dir='ltr'><strong>gremio]</strong></span> <span class='ocrx_word' id='word_1_427' title='bbox 2872 2630 3127 2686; x_wconf 86' lang='lat' dir='ltr'><strong>nutritus</strong></span> <span class='ocrx_word' id='word_1_428' title='bbox 3161 2648 3172 2686; x_wconf 93' lang='lat'><strong>:</strong></span> <span class='ocrx_word' id='word_1_429' title='bbox 3207 2629 3417 2686; x_wconf 88' lang='lat' dir='ltr'><strong>iterum</strong></span> <span class='ocrx_word' id='word_1_430' title='bbox 3446 2631 3528 2686; x_wconf 84' lang='lat' dir='ltr'><strong>ad</strong></span> <span class='ocrx_word' id='word_1_431' title='bbox 3581 2636 3637 2687; x_wconf 91' lang='lat' dir='ltr'><strong>te</strong></span> <span class='ocrx_word' id='word_1_432' title='bbox 3664 2646 3752 2687; x_wconf 83' lang='lat' dir='ltr'><strong>re—</strong></span> 
     </span>
    </p>
   </div>
   <div class='ocr_carea' id='block_1_59' title="bbox 2091 2717 3753 2792">
    <p class='ocr_par' dir='ltr' id='par_1_59' title="bbox 2091 2717 3753 2792">
     <span class='ocr_line' id='line_1_59' title="bbox 2091 2717 3753 2792; baseline 0.001 -18"><span class='ocrx_word' id='word_1_433' title='bbox 2091 2733 2299 2774; x_wconf 86' lang='lat' dir='ltr'><strong>versus</strong></span> <span class='ocrx_word' id='word_1_434' title='bbox 2323 2717 2590 2774; x_wconf 87' lang='lat' dir='ltr'><strong>animam</strong></span> <span class='ocrx_word' id='word_1_435' title='bbox 2607 2719 2896 2774; x_wconf 87' lang='lat' dir='ltr'><strong>nuncDeo</strong></span> <span class='ocrx_word' id='word_1_436' title='bbox 2917 2718 3309 2789; x_wconf 87' lang='lat' dir='ltr'><strong>omnipotenti</strong></span> <span class='ocrx_word' id='word_1_437' title='bbox 3327 2718 3753 2792; x_wconf 89' lang='lat' dir='ltr'><strong>trado,corpus</strong></span> 
     </span>
    </p>
   </div>
   <div class='ocr_carea' id='block_1_60' title="bbox 2094 2806 3749 2866">
    <p class='ocr_par' dir='ltr' id='par_1_60' title="bbox 2094 2806 3749 2866">
     <span class='ocr_line' id='line_1_60' title="bbox 2094 2806 3749 2866; baseline 0.001 -2"><span class='ocrx_word' id='word_1_438' title='bbox 2094 2813 2293 2864; x_wconf 90' lang='lat' dir='ltr'><strong>autem</strong></span> <span class='ocrx_word' id='word_1_439' title='bbox 2322 2823 2514 2862; x_wconf 87' lang='lat' dir='ltr'><strong>meum</strong></span> <span class='ocrx_word' id='word_1_440' title='bbox 2530 2806 3177 2864; x_wconf 69' lang='lat' dir='ltr'><strong>tibicommendoJlaec</strong></span> <span class='ocrx_word' id='word_1_441' title='bbox 3190 2808 3349 2863; x_wconf 86' lang='lat' dir='ltr'><strong>ethis</strong></span> <span class='ocrx_word' id='word_1_442' title='bbox 3375 2808 3588 2866; x_wconf 88' lang='lat' dir='ltr'><strong>similia</strong></span> <span class='ocrx_word' id='word_1_443' title='bbox 3609 2826 3749 2865; x_wconf 90' lang='lat' dir='ltr'><strong>cum</strong></span> 
     </span>
    </p>
   </div>
   <div class='ocr_carea' id='block_1_61' title="bbox 2095 2894 3749 2965">
    <p class='ocr_par' dir='ltr' id='par_1_61' title="bbox 2095 2894 3749 2965">
     <span class='ocr_line' id='line_1_61' title="bbox 2095 2894 3749 2965; baseline 0.002 -17"><span class='ocrx_word' id='word_1_444' title='bbox 2095 2894 2333 2960; x_wconf 82' lang='lat' dir='ltr'><strong>diceret,</strong></span> <span class='ocrx_word' id='word_1_445' title='bbox 2366 2895 2539 2965; x_wconf 88' lang='lat' dir='ltr'><strong>quasi</strong></span> <span class='ocrx_word' id='word_1_446' title='bbox 2571 2894 2674 2964; x_wconf 90' lang='lat' dir='ltr'><strong>qui</strong></span> <span class='ocrx_word' id='word_1_447' title='bbox 2732 2900 3026 2960; x_wconf 88' lang='lat' dir='ltr'><strong>eructans,</strong></span> <span class='ocrx_word' id='word_1_448' title='bbox 3064 2909 3272 2960; x_wconf 79' lang='lat' dir='ltr'><strong>ovans,</strong></span> <span class='ocrx_word' id='word_1_449' title='bbox 3336 2905 3391 2951; x_wconf 89' lang='lat' dir='ltr'><strong>et</strong></span> <span class='ocrx_word' id='word_1_450' title='bbox 3447 2897 3749 2965; x_wconf 79' lang='lat' dir='ltr'><strong>exultans,</strong></span> 
     </span>
    </p>
   </div>
   <div class='ocr_carea' id='block_1_62' title="bbox 2098 2980 3750 3054">
    <p class='ocr_par' dir='ltr' id='par_1_62' title="bbox 2098 2980 3750 3054">
     <span class='ocr_line' id='line_1_62' title="bbox 2098 2980 3750 3054; baseline 0.001 -16"><span class='ocrx_word' id='word_1_451' title='bbox 2098 2981 2374 3038; x_wconf 87' lang='lat' dir='ltr'><strong>ﬂentibus</strong></span> <span class='ocrx_word' id='word_1_452' title='bbox 2403 2982 2628 3036; x_wconf 89' lang='lat' dir='ltr'><strong>cunctis</strong></span> <span class='ocrx_word' id='word_1_453' title='bbox 2653 2981 2756 3052; x_wconf 91' lang='lat' dir='ltr'><strong>qui</strong></span> <span class='ocrx_word' id='word_1_454' title='bbox 2787 2980 3055 3047; x_wconf 87' lang='lat' dir='ltr'><strong>aderant,</strong></span> <span class='ocrx_word' id='word_1_455' title='bbox 3083 2982 3340 3038; x_wconf 90' lang='lat' dir='ltr'><strong>reddidit</strong></span> <span class='ocrx_word' id='word_1_456' title='bbox 3362 2983 3652 3054; x_wconf 84' lang='lat' dir='ltr'><strong>Spiritum</strong></span> <span class='ocrx_word' id='word_1_457' title='bbox 3681 2986 3750 3039; x_wconf 85' lang='grc'><strong>111</strong></span> 
     </span>
    </p>
   </div>
   <div class='ocr_carea' id='block_1_63' title="bbox 343 3046 3752 3143">
    <p class='ocr_par' dir='ltr' id='par_1_63' title="bbox 343 3046 3752 3143">
     <span class='ocr_line' id='line_1_63' title="bbox 343 3046 3752 3143; baseline 0.001 -19"><span class='ocrx_word' id='word_1_458' title='bbox 343 3069 451 3124; x_wconf 84' lang='lat' dir='ltr'><strong>sed</strong></span> <span class='ocrx_word' id='word_1_459' title='bbox 475 3046 853 3124; x_wconf 82' lang='lat' dir='ltr'><strong>tributorem:</strong></span> <span class='ocrx_word' id='word_1_460' title='bbox 882 3046 1260 3134; x_wconf 87' lang='lat' dir='ltr'><strong>nonelatum,</strong></span> <span class='ocrx_word' id='word_1_461' title='bbox 1290 3046 1866 3126; x_wconf 75' lang='lat' dir='ltr'><strong>sedhumilemznon</strong></span> <span class='ocrx_word' id='word_1_462' title='bbox 1884 3046 1988 3127; x_wconf 60' lang='lat' dir='ltr'><strong>sai-</strong></span> <span class='ocrx_word' id='word_1_463' title='bbox 2017 3046 2059 3104; x_wconf 61' lang='grc' dir='ltr'><strong>(ἶ</strong></span> <span class='ocrx_word' id='word_1_464' title='bbox 2098 3046 2985 3126; x_wconf 66' lang='lat' dir='ltr'><strong>non.Decembris.Caamentarii</strong></span> <span class='ocrx_word' id='word_1_465' title='bbox 3010 3046 3149 3123; x_wconf 85' lang='lat' dir='ltr'><strong>vero</strong></span> <span class='ocrx_word' id='word_1_466' title='bbox 3175 3075 3308 3139; x_wconf 91' lang='lat' dir='ltr'><strong>post</strong></span> <span class='ocrx_word' id='word_1_467' title='bbox 3331 3046 3752 3143; x_wconf 78' lang='lat' dir='ltr'><strong>sedemipsius</strong></span> 
     </span>
    </p>
   </div>
   <div class='ocr_carea' id='block_1_64' title="bbox 341 3156 1983 3230">
    <p class='ocr_par' dir='ltr' id='par_1_64' title="bbox 341 3156 1983 3230">
     <span class='ocr_line' id='line_1_64' title="bbox 341 3156 1983 3230; baseline 0.002 -17"><span class='ocrx_word' id='word_1_468' title='bbox 341 3169 508 3224; x_wconf 88' lang='lat' dir='ltr'><strong>vum,</strong></span> <span class='ocrx_word' id='word_1_469' title='bbox 539 3157 644 3213; x_wconf 90' lang='lat' dir='ltr'><strong>sed</strong></span> <span class='ocrx_word' id='word_1_470' title='bbox 662 3156 1344 3213; x_wconf 85' lang='lat' dir='ltr'><strong>blandum.Custodieos</strong></span> <span class='ocrx_word' id='word_1_471' title='bbox 1378 3173 1391 3213; x_wconf 89' lang='lat'><strong>:</strong></span> <span class='ocrx_word' id='word_1_472' title='bbox 1422 3159 1683 3230; x_wconf 89' lang='lat' dir='ltr'><strong>populus</strong></span> <span class='ocrx_word' id='word_1_473' title='bbox 1714 3165 1850 3216; x_wconf 85' lang='lat' dir='ltr'><strong>tuus</strong></span> <span class='ocrx_word' id='word_1_474' title='bbox 1878 3165 1983 3227; x_wconf 87' lang='lat' dir='ltr'><strong>est,</strong></span> 
     </span>
    </p>
   </div>
   <div class='ocr_carea' id='block_1_65' title="bbox 340 3245 1984 3319">
    <p class='ocr_par' dir='ltr' id='par_1_65' title="bbox 340 3245 1984 3319">
     <span class='ocr_line' id='line_1_65' title="bbox 340 3245 1984 3319; baseline 0.001 -17"><span class='ocrx_word' id='word_1_475' title='bbox 340 3252 562 3319; x_wconf 80' lang='lat' dir='ltr'><strong>etopus</strong></span> <span class='ocrx_word' id='word_1_476' title='bbox 575 3259 857 3302; x_wconf 87' lang='lat' dir='ltr'><strong>manuum</strong></span> <span class='ocrx_word' id='word_1_477' title='bbox 871 3251 1107 3302; x_wconf 88' lang='lat' dir='ltr'><strong>tuarum</strong></span> <span class='ocrx_word' id='word_1_478' title='bbox 1121 3245 1984 3318; x_wconf 67' lang='lat' dir='ltr'><strong>quiesbenedictusinsmcula.</strong></span> 
     </span>
    </p>
   </div>
   <div class='ocr_carea' id='block_1_66' title="bbox 339 3335 1990 3408">
    <p class='ocr_par' dir='ltr' id='par_1_66' title="bbox 339 3335 1990 3408">
     <span class='ocr_line' id='line_1_66' title="bbox 339 3335 1990 3408; baseline -0.001 -15"><span class='ocrx_word' id='word_1_479' title='bbox 339 3335 431 3393; x_wconf 76' lang='lat' dir='ltr'><strong>Ad</strong></span> <span class='ocrx_word' id='word_1_480' title='bbox 459 3335 763 3406; x_wconf 88' lang='lat' dir='ltr'><strong>lugentem</strong></span> <span class='ocrx_word' id='word_1_481' title='bbox 790 3335 1086 3407; x_wconf 87' lang='lat' dir='ltr'><strong>populum</strong></span> <span class='ocrx_word' id='word_1_482' title='bbox 1115 3335 1198 3390; x_wconf 87' lang='lat' dir='ltr'><strong>ait</strong></span> <span class='ocrx_word' id='word_1_483' title='bbox 1230 3353 1243 3394; x_wconf 88' lang='lat'><strong>:</strong></span> <span class='ocrx_word' id='word_1_484' title='bbox 1270 3335 1392 3390; x_wconf 81' lang='lat' dir='ltr'><strong>Filii</strong></span> <span class='ocrx_word' id='word_1_485' title='bbox 1415 3336 1771 3408; x_wconf 87' lang='lat' dir='ltr'><strong>charissimi,</strong></span> <span class='ocrx_word' id='word_1_486' title='bbox 1793 3337 1990 3393; x_wconf 87' lang='lat' dir='ltr'><strong>audite</strong></span> 
     </span>
    </p>
   </div>
   <div class='ocr_carea' id='block_1_67' title="bbox 343 3422 1986 3493">
    <p class='ocr_par' dir='ltr' id='par_1_67' title="bbox 343 3422 1986 3493">
     <span class='ocr_line' id='line_1_67' title="bbox 343 3422 1986 3493; baseline 0.001 -14"><span class='ocrx_word' id='word_1_487' title='bbox 343 3437 458 3480; x_wconf 88' lang='lat' dir='ltr'><strong>me.</strong></span> <span class='ocrx_word' id='word_1_488' title='bbox 493 3426 616 3493; x_wconf 87' lang='lat' dir='ltr'><strong>Ego</strong></span> <span class='ocrx_word' id='word_1_489' title='bbox 641 3422 820 3487; x_wconf 87' lang='lat' dir='ltr'><strong>vado,</strong></span> <span class='ocrx_word' id='word_1_490' title='bbox 853 3427 909 3478; x_wconf 83' lang='lat' dir='ltr'><strong>et</strong></span> <span class='ocrx_word' id='word_1_491' title='bbox 935 3422 1234 3492; x_wconf 88' lang='lat' dir='ltr'><strong>ingredior</strong></span> <span class='ocrx_word' id='word_1_492' title='bbox 1263 3422 1423 3478; x_wconf 87' lang='lat' dir='ltr'><strong>viam</strong></span> <span class='ocrx_word' id='word_1_493' title='bbox 1454 3425 1742 3480; x_wconf 82' lang='lat' dir='ltr'><strong>universae</strong></span> <span class='ocrx_word' id='word_1_494' title='bbox 1773 3425 1986 3493; x_wconf 87' lang='lat' dir='ltr'><strong>carnis,</strong></span> 
     </span>
    </p>
   </div>
   <div class='ocr_carea' id='block_1_68' title="bbox 343 3512 1987 3581">
    <p class='ocr_par' dir='ltr' id='par_1_68' title="bbox 343 3512 1987 3581">
     <span class='ocr_line' id='line_1_68' title="bbox 343 3512 1987 3581; baseline 0.001 -13"><span class='ocrx_word' id='word_1_495' title='bbox 343 3513 449 3569; x_wconf 89' lang='lat' dir='ltr'><strong>ubi</strong></span> <span class='ocrx_word' id='word_1_496' title='bbox 477 3512 804 3570; x_wconf 82' lang='lat' dir='ltr'><strong>constituta</strong></span> <span class='ocrx_word' id='word_1_497' title='bbox 827 3512 1141 3568; x_wconf 80' lang='lat' dir='ltr'><strong>estdomus</strong></span> <span class='ocrx_word' id='word_1_498' title='bbox 1155 3513 1350 3568; x_wconf 85' lang='lat' dir='ltr'><strong>omnis</strong></span> <span class='ocrx_word' id='word_1_499' title='bbox 1376 3514 1647 3570; x_wconf 84' lang='lat' dir='ltr'><strong>viventis.</strong></span> <span class='ocrx_word' id='word_1_500' title='bbox 1671 3514 1987 3581; x_wconf 84' lang='lat' dir='ltr'><strong>Nunc,ﬁlii,</strong></span> 
     </span>
    </p>
   </div>
   <div class='ocr_carea' id='block_1_69' title="bbox 347 3600 1990 3674">
    <p class='ocr_par' dir='ltr' id='par_1_69' title="bbox 347 3600 1990 3674">
     <span class='ocr_line' id='line_1_69' title="bbox 347 3600 1990 3674; baseline 0 -16"><span class='ocrx_word' id='word_1_501' title='bbox 347 3600 790 3667; x_wconf 85' lang='lat' dir='ltr'><strong>confortamini,</strong></span> <span class='ocrx_word' id='word_1_502' title='bbox 817 3606 874 3657; x_wconf 89' lang='lat' dir='ltr'><strong>et</strong></span> <span class='ocrx_word' id='word_1_503' title='bbox 903 3605 1093 3657; x_wconf 87' lang='lat' dir='ltr'><strong>estote</strong></span> <span class='ocrx_word' id='word_1_504' title='bbox 1119 3602 1229 3657; x_wconf 90' lang='lat' dir='ltr'><strong>viri</strong></span> <span class='ocrx_word' id='word_1_505' title='bbox 1255 3601 1598 3674; x_wconf 88' lang='lat' dir='ltr'><strong>prudentes.</strong></span> <span class='ocrx_word' id='word_1_506' title='bbox 1618 3602 1791 3658; x_wconf 88' lang='lat' dir='ltr'><strong>Dabit</strong></span> <span class='ocrx_word' id='word_1_507' title='bbox 1817 3603 1990 3659; x_wconf 84' lang='lat' dir='ltr'><strong>vobis</strong></span> 
     </span>
    </p>
   </div>
   <div class='ocr_carea' id='block_1_70' title="bbox 347 3691 1993 3763">
    <p class='ocr_par' dir='ltr' id='par_1_70' title="bbox 347 3691 1993 3763">
     <span class='ocr_line' id='line_1_70' title="bbox 347 3691 1993 3763; baseline -0.002 -15"><span class='ocrx_word' id='word_1_508' title='bbox 347 3691 635 3748; x_wconf 82' lang='lat' dir='ltr'><strong>Dominus</strong></span> <span class='ocrx_word' id='word_1_509' title='bbox 661 3693 815 3745; x_wconf 85' lang='lat' dir='ltr'><strong>Deus</strong></span> <span class='ocrx_word' id='word_1_510' title='bbox 839 3694 1142 3762; x_wconf 86' lang='lat' dir='ltr'><strong>pastorem</strong></span> <span class='ocrx_word' id='word_1_511' title='bbox 1166 3694 1520 3748; x_wconf 83' lang='lat' dir='ltr'><strong>etrectorem</strong></span> <span class='ocrx_word' id='word_1_512' title='bbox 1551 3692 1701 3747; x_wconf 89' lang='lat' dir='ltr'><strong>sicut</strong></span> <span class='ocrx_word' id='word_1_513' title='bbox 1721 3693 1993 3763; x_wconf 87' lang='lat' dir='ltr'><strong>scriptum</strong></span> 
     </span>
    </p>
   </div>
   <div class='ocr_carea' id='block_1_71' title="bbox 2098 3156 3754 3230">
    <p class='ocr_par' dir='ltr' id='par_1_71' title="bbox 2098 3156 3754 3230">
     <span class='ocr_line' id='line_1_71' title="bbox 2098 3156 3754 3230; baseline 0.002 -16"><span class='ocrx_word' id='word_1_514' title='bbox 2098 3157 2359 3214; x_wconf 60' lang='lat' dir='ltr'><strong>ecclesiae</strong></span> <span class='ocrx_word' id='word_1_515' title='bbox 2374 3161 2732 3230; x_wconf 86' lang='lat' dir='ltr'><strong>paraverunt</strong></span> <span class='ocrx_word' id='word_1_516' title='bbox 2757 3156 3020 3212; x_wconf 88' lang='lat' dir='ltr'><strong>celeriter</strong></span> <span class='ocrx_word' id='word_1_517' title='bbox 3034 3157 3369 3228; x_wconf 87' lang='lat' dir='ltr'><strong>sepulcrum</strong></span> <span class='ocrx_word' id='word_1_518' title='bbox 3391 3157 3452 3212; x_wconf 91' lang='lat' dir='ltr'><strong>in</strong></span> <span class='ocrx_word' id='word_1_519' title='bbox 3480 3158 3614 3216; x_wconf 88' lang='lat' dir='ltr'><strong>loco</strong></span> <span class='ocrx_word' id='word_1_520' title='bbox 3648 3161 3754 3217; x_wconf 91' lang='lat' dir='ltr'><strong>ubi</strong></span> 
     </span>
    </p>
   </div>
   <div class='ocr_carea' id='block_1_72' title="bbox 2099 3244 3753 3320">
    <p class='ocr_par' dir='ltr' id='par_1_72' title="bbox 2099 3244 3753 3320">
     <span class='ocr_line' id='line_1_72' title="bbox 2099 3244 3753 3320; baseline 0.003 -20"><span class='ocrx_word' id='word_1_521' title='bbox 2099 3246 2224 3318; x_wconf 90' lang='lat' dir='ltr'><strong>ipse</strong></span> <span class='ocrx_word' id='word_1_522' title='bbox 2255 3244 2539 3317; x_wconf 81' lang='lat' dir='ltr'><strong>praecepit</strong></span> <span class='ocrx_word' id='word_1_523' title='bbox 2566 3261 2577 3299; x_wconf 91' lang='lat'>:</span> <span class='ocrx_word' id='word_1_524' title='bbox 2611 3249 2667 3300; x_wconf 91' lang='lat' dir='ltr'><strong>et</strong></span> <span class='ocrx_word' id='word_1_525' title='bbox 2694 3244 2915 3299; x_wconf 82' lang='lat' dir='ltr'><strong>ibidem</strong></span> <span class='ocrx_word' id='word_1_526' title='bbox 2931 3249 3203 3300; x_wconf 88' lang='lat' dir='ltr'><strong>sanctum</strong></span> <span class='ocrx_word' id='word_1_527' title='bbox 3217 3260 3434 3317; x_wconf 89' lang='lat' dir='ltr'><strong>corpus</strong></span> <span class='ocrx_word' id='word_1_528' title='bbox 3446 3253 3753 3320; x_wconf 90' lang='lat' dir='ltr'><strong>receptum</strong></span> 
     </span>
    </p>
   </div>
   <div class='ocr_carea' id='block_1_73' title="bbox 2099 3333 3754 3405">
    <p class='ocr_par' dir='ltr' id='par_1_73' title="bbox 2099 3333 3754 3405">
     <span class='ocr_line' id='line_1_73' title="bbox 2099 3333 3754 3405; baseline 0.003 -15"><span class='ocrx_word' id='word_1_529' title='bbox 2099 3340 2208 3405; x_wconf 87' lang='lat' dir='ltr'><strong>est,</strong></span> <span class='ocrx_word' id='word_1_530' title='bbox 2238 3340 2294 3392; x_wconf 88' lang='lat' dir='ltr'><strong>et</strong></span> <span class='ocrx_word' id='word_1_531' title='bbox 2325 3339 2837 3405; x_wconf 85' lang='lat' dir='ltr'><strong>permanetusque</strong></span> <span class='ocrx_word' id='word_1_532' title='bbox 2867 3333 2926 3388; x_wconf 91' lang='lat' dir='ltr'><strong>in</strong></span> <span class='ocrx_word' id='word_1_533' title='bbox 2947 3333 3110 3388; x_wconf 90' lang='lat' dir='ltr'><strong>hunc</strong></span> <span class='ocrx_word' id='word_1_534' title='bbox 3139 3333 3319 3389; x_wconf 89' lang='lat' dir='ltr'><strong>diem.</strong></span> <span class='ocrx_word' id='word_1_535' title='bbox 3351 3335 3516 3391; x_wconf 88' lang='lat' dir='ltr'><strong>Sedit</strong></span> <span class='ocrx_word' id='word_1_536' title='bbox 3547 3342 3754 3394; x_wconf 91' lang='lat' dir='ltr'><strong>autem</strong></span> 
     </span>
    </p>
   </div>
   <div class='ocr_carea' id='block_1_74' title="bbox 2101 3419 3752 3493">
    <p class='ocr_par' dir='ltr' id='par_1_74' title="bbox 2101 3419 3752 3493">
     <span class='ocr_line' id='line_1_74' title="bbox 2101 3419 3752 3493; baseline 0 -13"><span class='ocrx_word' id='word_1_537' title='bbox 2101 3435 2429 3480; x_wconf 87' lang='lat' dir='ltr'><strong>annos......</strong></span> <span class='ocrx_word' id='word_1_538' title='bbox 2466 3436 2841 3479; x_wconf 89' lang='lat' dir='ltr'><strong>menses......</strong></span> <span class='ocrx_word' id='word_1_539' title='bbox 2873 3420 3136 3476; x_wconf 90' lang='lat' dir='ltr'><strong>dies......</strong></span> <span class='ocrx_word' id='word_1_540' title='bbox 3194 3419 3332 3493; x_wconf 84' lang='lat' dir='ltr'><strong>[Pro</strong></span> <span class='ocrx_word' id='word_1_541' title='bbox 3389 3424 3575 3491; x_wconf 89' lang='lat' dir='ltr'><strong>Sedit,</strong></span> <span class='ocrx_word' id='word_1_542' title='bbox 3619 3432 3752 3491; x_wconf 85' lang='lat' dir='ltr'><strong>etc.,</strong></span> 
     </span>
    </p>
   </div>
   <div class='ocr_carea' id='block_1_75' title="bbox 2099 3510 3758 3587">
    <p class='ocr_par' dir='ltr' id='par_1_75' title="bbox 2099 3510 3758 3587">
     <span class='ocr_line' id='line_1_75' title="bbox 2099 3510 3758 3587; baseline 0.001 -19"><span class='ocrx_word' id='word_1_543' title='bbox 2099 3528 2230 3578; x_wconf 82' lang='lat' dir='ltr'><strong>ms.,</strong></span> <span class='ocrx_word' id='word_1_544' title='bbox 2260 3515 2562 3582; x_wconf 81' lang='lat' dir='ltr'><strong>Regnante</strong></span> <span class='ocrx_word' id='word_1_545' title='bbox 2585 3525 2725 3565; x_wconf 89' lang='lat' dir='ltr'><strong>vero</strong></span> <span class='ocrx_word' id='word_1_546' title='bbox 2743 3510 2996 3566; x_wconf 91' lang='lat' dir='ltr'><strong>Domino</strong></span> <span class='ocrx_word' id='word_1_547' title='bbox 3026 3513 3372 3567; x_wconf 80' lang='lat' dir='ltr'><strong>nostrolesu</strong></span> <span class='ocrx_word' id='word_1_548' title='bbox 3389 3513 3758 3587; x_wconf 87' lang='lat' dir='ltr'><strong>Christo,qui</strong></span> 
     </span>
    </p>
   </div>
   <div class='ocr_carea' id='block_1_76' title="bbox 2101 3599 3758 3673">
    <p class='ocr_par' dir='ltr' id='par_1_76' title="bbox 2101 3599 3758 3673">
     <span class='ocr_line' id='line_1_76' title="bbox 2101 3599 3758 3673; baseline 0.002 -16"><span class='ocrx_word' id='word_1_549' title='bbox 2101 3617 2238 3658; x_wconf 90' lang='lat' dir='ltr'><strong>cum</strong></span> <span class='ocrx_word' id='word_1_550' title='bbox 2268 3604 2451 3664; x_wconf 86' lang='lat' dir='ltr'><strong>Patre,</strong></span> <span class='ocrx_word' id='word_1_551' title='bbox 2488 3599 2627 3654; x_wconf 84' lang='lat' dir='ltr'><strong>Filio</strong></span> <span class='ocrx_word' id='word_1_552' title='bbox 2648 3603 2705 3655; x_wconf 90' lang='lat' dir='ltr'><strong>et</strong></span> <span class='ocrx_word' id='word_1_553' title='bbox 2734 3599 2950 3670; x_wconf 89' lang='lat' dir='ltr'><strong>Spiritu</strong></span> <span class='ocrx_word' id='word_1_554' title='bbox 2983 3605 3192 3656; x_wconf 88' lang='lat' dir='ltr'><strong>sancto</strong></span> <span class='ocrx_word' id='word_1_555' title='bbox 3217 3599 3358 3656; x_wconf 88' lang='lat' dir='ltr'><strong>vivit</strong></span> <span class='ocrx_word' id='word_1_556' title='bbox 3379 3607 3436 3659; x_wconf 88' lang='lat' dir='ltr'><strong>et</strong></span> <span class='ocrx_word' id='word_1_557' title='bbox 3459 3607 3674 3673; x_wconf 87' lang='lat' dir='ltr'><strong>regnat</strong></span> <span class='ocrx_word' id='word_1_558' title='bbox 3698 3603 3758 3660; x_wconf 89' lang='lat' dir='ltr'><strong>in</strong></span> 
     </span>
    </p>
   </div>
   <div class='ocr_carea' id='block_1_77' title="bbox 2103 3687 3002 3760">
    <p class='ocr_par' dir='ltr' id='par_1_77' title="bbox 2103 3687 3002 3760">
     <span class='ocr_line' id='line_1_77' title="bbox 2103 3687 3002 3760; baseline -0.001 -16"><span class='ocrx_word' id='word_1_559' title='bbox 2103 3690 2320 3746; x_wconf 74' lang='lat' dir='ltr'><strong>saecula</strong></span> <span class='ocrx_word' id='word_1_560' title='bbox 2345 3688 2722 3746; x_wconf 70' lang='lat' dir='ltr'><strong>saeculorum.</strong></span> <span class='ocrx_word' id='word_1_561' title='bbox 2764 3687 3002 3760; x_wconf 70' lang='lat' dir='ltr'><strong>Amen]</strong></span> 
     </span>
    </p>
   </div>
   <div class='ocr_carea' id='block_1_78' title="bbox 1698 3859 2415 3934">
    <p class='ocr_par' dir='ltr' id='par_1_78' title="bbox 1698 3859 2415 3934">
     <span class='ocr_line' id='line_1_78' title="bbox 1698 3859 2415 3934; baseline -0.003 -1"><span class='ocrx_word' id='word_1_562' title='bbox 1698 3859 2415 3934; x_wconf 81' lang='lat' dir='ltr'><strong>OBSERVATIONES</strong></span> 
     </span>
    </p>
   </div>
   <div class='ocr_carea' id='block_1_79' title="bbox 355 3987 3766 4134">
    <p class='ocr_par' dir='ltr' id='par_1_79' title="bbox 355 3987 3766 4134">
     <span class='ocr_line' id='line_1_79' title="bbox 355 3987 3766 4134; baseline 0 -82"><span class='ocrx_word' id='word_1_563' title='bbox 355 3990 431 4052; x_wconf 94' lang='lat' dir='ltr'><strong>D.</strong></span> <span class='ocrx_word' id='word_1_564' title='bbox 466 3987 816 4053; x_wconf 80' lang='lat' dir='ltr'><strong>BENEDICTI</strong></span> <span class='ocrx_word' id='word_1_565' title='bbox 847 3991 1189 4054; x_wconf 80' lang='lat' dir='ltr'><strong>BACCHINII</strong></span> <span class='ocrx_word' id='word_1_566' title='bbox 1219 3990 1496 4066; x_wconf 85' lang='lat' dir='ltr'><strong>abbatis,</strong></span> <span class='ocrx_word' id='word_1_567' title='bbox 1531 3995 1676 4070; x_wconf 88' lang='lat' dir='ltr'><strong>etc.,</strong></span> <span class='ocrx_word' id='word_1_568' title='bbox 1724 3991 1805 4133; x_wconf 46' lang='lat' dir='ltr'><strong>aii</strong></span> <span class='ocrx_word' id='word_1_569' title='bbox 1834 3991 2048 4134; x_wconf 63' lang='lat' dir='ltr'><strong>Vitalim</strong></span> <span class='ocrx_word' id='word_1_570' title='bbox 2082 3992 2148 4055; x_wconf 89' lang='lat' dir='ltr'><strong>S.</strong></span> <span class='ocrx_word' id='word_1_571' title='bbox 2205 3993 2422 4133; x_wconf 66' lang='lat' dir='ltr'><strong>3P3I£5TRI</strong></span> <span class='ocrx_word' id='word_1_572' title='bbox 2481 3993 2897 4052; x_wconf 76' lang='lat' dir='ltr'><strong>CHRYSOLOGI</strong></span> <span class='ocrx_word' id='word_1_573' title='bbox 2951 4009 3024 4051; x_wconf 88' lang='lat' dir='ltr'><strong>ex</strong></span> <span class='ocrx_word' id='word_1_574' title='bbox 3054 3992 3348 4051; x_wconf 78' lang='lat' dir='ltr'><strong>AGNELLI</strong></span> <span class='ocrx_word' id='word_1_575' title='bbox 3412 3991 3766 4054; x_wconf 78' lang='lat' dir='ltr'><strong>Pontiﬁcali</strong></span> 
     </span>
     <span class='ocr_line' id='line_1_80' title="bbox 1787 4090 2344 4134; baseline -0.002 0"><span class='ocrx_word' id='word_1_576' title='bbox 1787 4093 1912 4134; x_wconf 90' lang='lat' dir='ltr'><strong>om.</strong></span> <span class='ocrx_word' id='word_1_577' title='bbox 1985 4119 1998 4134; x_wconf 92' lang='lat'><strong>.</strong></span> <span class='ocrx_word' id='word_1_578' title='bbox 2031 4090 2174 4134; x_wconf 74' lang='lat' dir='ltr'><strong>una.</strong></span> <span class='ocrx_word' id='word_1_579' title='bbox 2332 4120 2344 4133; x_wconf 95' lang='lat'><strong>.</strong></span> 
     </span>
    </p>
   </div>
   <div class='ocr_carea' id='block_1_80' title="bbox 1787 4090 2344 4151">
    <p class='ocr_par' dir='ltr' id='par_1_80' title="bbox 1787 4090 2344 4151">
     <span class='ocr_line' id='line_1_81' title="bbox 1787 4090 2344 4151; baseline -0.002 -17"><span class='ocrx_word' id='word_1_580' title='bbox 1787 4093 1912 4135; x_wconf 90' lang='lat' dir='ltr'><strong>om.</strong></span> <span class='ocrx_word' id='word_1_581' title='bbox 1947 4090 1998 4150; x_wconf 85' lang='lat'><strong>1,</strong></span> <span class='ocrx_word' id='word_1_582' title='bbox 2031 4090 2174 4151; x_wconf 79' lang='lat' dir='ltr'><strong>pag.</strong></span> <span class='ocrx_word' id='word_1_583' title='bbox 2205 4090 2344 4133; x_wconf 62' lang='lat' dir='ltr'><strong>suo.</strong></span> 
     </span>
    </p>
   </div>
   <div class='ocr_carea' id='block_1_81' title="bbox 352 4184 3770 4267">
    <p class='ocr_par' dir='ltr' id='par_1_81' title="bbox 352 4184 3770 4267">
     <span class='ocr_line' id='line_1_82' title="bbox 352 4184 3770 4267; baseline 0 -20"><span class='ocrx_word' id='word_1_584' title='bbox 352 4185 525 4249; x_wconf 83' lang='lat' dir='ltr'><strong>Petri</strong></span> <span class='ocrx_word' id='word_1_585' title='bbox 553 4192 687 4248; x_wconf 74' lang='lat' dir='ltr'><strong>(etas</strong></span> <span class='ocrx_word' id='word_1_586' title='bbox 736 4205 1004 4267; x_wconf 71' lang='lat' dir='ltr'><strong>expensa.</strong></span> <span class='ocrx_word' id='word_1_587' title='bbox 1032 4185 1356 4267; x_wconf 24' lang='lat' dir='ltr'><strong>[Narratio</strong></span> <span class='ocrx_word' id='word_1_588' title='bbox 1411 4186 1498 4267; x_wconf 14' lang='lat' dir='ltr'><strong>de,</strong></span> <span class='ocrx_word' id='word_1_589' title='bbox 1542 4186 1790 4267; x_wconf 76' lang='lat' dir='ltr'><strong>ejusdem</strong></span> <span class='ocrx_word' id='word_1_590' title='bbox 1856 4191 2128 4250; x_wconf 78' lang='lat' dir='ltr'><strong>electione</strong></span> <span class='ocrx_word' id='word_1_591' title='bbox 2196 4185 2392 4267; x_wconf 77' lang='lat' dir='ltr'><strong>divino</strong></span> <span class='ocrx_word' id='word_1_592' title='bbox 2463 4184 2713 4264; x_wconf 79' lang='lat' dir='ltr'><strong>impulsu</strong></span> <span class='ocrx_word' id='word_1_593' title='bbox 2780 4186 2972 4267; x_wconf 82' lang='lat' dir='ltr'><strong>facta_</strong></span> <span class='ocrx_word' id='word_1_594' title='bbox 3004 4191 3208 4246; x_wconf 77' lang='lat' dir='ltr'><strong>contra</strong></span> <span class='ocrx_word' id='word_1_595' title='bbox 3280 4185 3614 4267; x_wconf 80' lang='lat' dir='ltr'><strong>Dupinium</strong></span> <span class='ocrx_word' id='word_1_596' title='bbox 3665 4207 3770 4267; x_wconf 78' lang='lat' dir='ltr'><strong>cs-</strong></span> 
     </span>
    </p>
   </div>
   <div class='ocr_carea' id='block_1_82' title="bbox 433 4207 3772 4348">
    <p class='ocr_par' dir='ltr' id='par_1_82' title="bbox 433 4207 3772 4348">
     <span class='ocr_line' id='line_1_83' title="bbox 433 4207 3770 4267; baseline 0.001 -21"><span class='ocrx_word' id='word_1_597' title='bbox 433 4207 523 4246; x_wconf 68' lang='lat' dir='ltr'><strong>rm</strong></span> <span class='ocrx_word' id='word_1_598' title='bbox 553 4207 687 4248; x_wconf 67' lang='lat' dir='ltr'><strong>ceras</strong></span> <span class='ocrx_word' id='word_1_599' title='bbox 736 4207 1004 4267; x_wconf 75' lang='lat' dir='ltr'><strong>expensa.</strong></span> <span class='ocrx_word' id='word_1_600' title='bbox 1041 4207 1356 4260; x_wconf 62' lang='lat' dir='ltr'><strong>narratio</strong></span> <span class='ocrx_word' id='word_1_601' title='bbox 1411 4207 1477 4248; x_wconf 81' lang='lat' dir='ltr'><strong>ae</strong></span> <span class='ocrx_word' id='word_1_602' title='bbox 1542 4207 1790 4267; x_wconf 63' lang='lat' dir='ltr'><strong>ejusdem</strong></span> <span class='ocrx_word' id='word_1_603' title='bbox 1856 4207 2128 4250; x_wconf 67' lang='lat' dir='ltr'><strong>creatione</strong></span> <span class='ocrx_word' id='word_1_604' title='bbox 2196 4207 2392 4246; x_wconf 69' lang='lat' dir='ltr'><strong>atumo</strong></span> <span class='ocrx_word' id='word_1_605' title='bbox 2463 4207 2713 4264; x_wconf 70' lang='lat' dir='ltr'><strong>impulsu</strong></span> <span class='ocrx_word' id='word_1_606' title='bbox 2780 4207 2939 4263; x_wconf 70' lang='lat' dir='ltr'><strong>[acra</strong></span> <span class='ocrx_word' id='word_1_607' title='bbox 3004 4207 3208 4246; x_wconf 72' lang='lat' dir='ltr'><strong>contra</strong></span> <span class='ocrx_word' id='word_1_608' title='bbox 3280 4207 3367 4246; x_wconf 87' lang='lat' dir='ltr'><strong>uu</strong></span> <span class='ocrx_word' id='word_1_609' title='bbox 3428 4207 3614 4248; x_wconf 74' lang='lat' dir='ltr'><strong>unum</strong></span> <span class='ocrx_word' id='word_1_610' title='bbox 3681 4207 3770 4248; x_wconf 84' lang='lat' dir='ltr'><strong>as-</strong></span> 
     </span>
     <span class='ocr_line' id='line_1_84' title="bbox 433 4207 3772 4348; baseline 0.002 -25"><span class='ocrx_word' id='word_1_611' title='bbox 433 4270 670 4348; x_wconf 75' lang='lat' dir='ltr'><strong>seritur.</strong></span> <span class='ocrx_word' id='word_1_612' title='bbox 704 4263 1414 4348; x_wconf 25' lang='lat' dir='ltr'><strong>AgﬁaellusRavennalem</strong></span> <span class='ocrx_word' id='word_1_613' title='bbox 1465 4266 1796 4348; x_wconf 76' lang='lat' dir='ltr'><strong>Ecclesium</strong></span> <span class='ocrx_word' id='word_1_614' title='bbox 1865 4268 2140 4328; x_wconf 72' lang='lat' dir='ltr'><strong>Romanae</strong></span> <span class='ocrx_word' id='word_1_615' title='bbox 2207 4265 2498 4348; x_wconf 70' lang='lat' dir='ltr'><strong>subditam</strong></span> <span class='ocrx_word' id='word_1_616' title='bbox 2567 4275 2850 4348; x_wconf 73' lang='lat' dir='ltr'><strong>agnosml.</strong></span> <span class='ocrx_word' id='word_1_617' title='bbox 2926 4262 3119 4348; x_wconf 11' lang='lat' dir='ltr'><strong>Petti,</strong></span> <span class='ocrx_word' id='word_1_618' title='bbox 3163 4207 3431 4348; x_wconf 58' lang='lat' dir='ltr'><strong>epistol;</strong></span> <span class='ocrx_word' id='word_1_619' title='bbox 3500 4266 3575 4328; x_wconf 83' lang='lat' dir='ltr'><strong>ad</strong></span> <span class='ocrx_word' id='word_1_620' title='bbox 3642 4265 3772 4348; x_wconf 69' lang='lat' dir='ltr'><strong>Ett-</strong></span> 
     </span>
    </p>
   </div>
   <div class='ocr_carea' id='block_1_83' title="bbox 435 4343 1966 4428">
    <p class='ocr_par' dir='ltr' id='par_1_83' title="bbox 435 4343 1966 4428">
     <span class='ocr_line' id='line_1_85' title="bbox 435 4343 1966 4428; baseline 0.003 -26"><span class='ocrx_word' id='word_1_621' title='bbox 435 4343 724 4428; x_wconf 56' lang='lat' dir='ltr'><strong>lgcheteni.</strong></span> <span class='ocrx_word' id='word_1_622' title='bbox 766 4343 859 4403; x_wconf 82' lang='lat' dir='ltr'><strong>An</strong></span> <span class='ocrx_word' id='word_1_623' title='bbox 927 4345 1109 4406; x_wconf 85' lang='lat' dir='ltr'><strong>aliam</strong></span> <span class='ocrx_word' id='word_1_624' title='bbox 1151 4349 1461 4428; x_wconf 54' lang='lat' dir='ltr'><strong>scripserit.</strong></span> <span class='ocrx_word' id='word_1_625' title='bbox 1497 4347 1597 4405; x_wconf 79' lang='lat' dir='ltr'><strong><em>An</em></strong></span> <span class='ocrx_word' id='word_1_626' title='bbox 1632 4349 1966 4428; x_wconf 55' lang='lat' dir='ltr'><strong>scripserit</strong></span> 
     </span>
    </p>
   </div>
   <div class='ocr_carea' id='block_1_84' title="bbox 2029 4345 3770 4424">
    <p class='ocr_par' dir='ltr' id='par_1_84' title="bbox 2029 4345 3770 4424">
     <span class='ocr_line' id='line_1_86' title="bbox 2029 4345 3770 4424; baseline 0.001 -19"><span class='ocrx_word' id='word_1_627' title='bbox 2029 4353 2339 4424; x_wconf 73' lang='lat' dir='ltr'><strong>postremas</strong></span> <span class='ocrx_word' id='word_1_628' title='bbox 2405 4345 2571 4424; x_wconf 79' lang='lat' dir='ltr'><strong>illius</strong></span> <span class='ocrx_word' id='word_1_629' title='bbox 2626 4347 2922 4424; x_wconf 74' lang='lat' dir='ltr'><strong>periodos.</strong></span> <span class='ocrx_word' id='word_1_630' title='bbox 2997 4345 3205 4406; x_wconf 48' lang='lat' dir='ltr'><strong>[Edes—</strong></span> <span class='ocrx_word' id='word_1_631' title='bbox 3256 4347 3292 4405; x_wconf 83' lang='lat'><strong><em>7</em></strong></span> <span class='ocrx_word' id='word_1_632' title='bbox 3299 4348 3499 4408; x_wconf 78' lang='lat' dir='ltr'><strong>&#39;ricolz&#39;</strong></span> <span class='ocrx_word' id='word_1_633' title='bbox 3557 4367 3633 4406; x_wconf 84' lang='lat' dir='ltr'><strong>an</strong></span> <span class='ocrx_word' id='word_1_634' title='bbox 3700 4346 3770 4407; x_wconf 76' lang='lat' dir='ltr'><strong>ab</strong></span> 
     </span>
    </p>
   </div>
   <div class='ocr_carea' id='block_1_85' title="bbox 488 4422 3762 4507">
    <p class='ocr_par' dir='ltr' id='par_1_85' title="bbox 488 4422 3762 4507">
     <span class='ocr_line' id='line_1_87' title="bbox 488 4422 3762 4507; baseline 0.002 -26"><span class='ocrx_word' id='word_1_635' title='bbox 488 4422 788 4507; x_wconf 56' lang='lat' dir='ltr'><strong>hrgsologo</strong></span> <span class='ocrx_word' id='word_1_636' title='bbox 827 4431 1109 4507; x_wconf 59' lang='lat' dir='ltr'><strong>eagcitala.</strong></span> <span class='ocrx_word' id='word_1_637' title='bbox 1188 4422 1478 4507; x_wconf 71' lang='lat' dir='ltr'><strong>Petriana</strong></span> <span class='ocrx_word' id='word_1_638' title='bbox 1531 4422 1791 4507; x_wconf 48' lang='lat' dir='ltr'><strong>ecclesia.—</strong></span> <span class='ocrx_word' id='word_1_639' title='bbox 1839 4422 2139 4487; x_wconf 82' lang='lat' dir='ltr'><strong>Sacellum</strong></span> <span class='ocrx_word' id='word_1_640' title='bbox 2211 4423 2252 4484; x_wconf 91' lang='lat' dir='ltr'><em>S</em></span> <span class='ocrx_word' id='word_1_641' title='bbox 2343 4422 2595 4484; x_wconf 69' lang='lat' dir='ltr'><strong>Andreas</strong></span> <span class='ocrx_word' id='word_1_642' title='bbox 2628 4422 2738 4484; x_wconf 67' lang='grc' dir='ltr'><strong>ἀπ</strong></span> <span class='ocrx_word' id='word_1_643' title='bbox 2805 4425 2873 4485; x_wconf 87' lang='lat' dir='ltr'><strong>ab</strong></span> <span class='ocrx_word' id='word_1_644' title='bbox 2949 4425 3294 4507; x_wconf 75' lang='lat' dir='ltr'><strong>L&#39;hrysclogo</strong></span> <span class='ocrx_word' id='word_1_645' title='bbox 3365 4435 3762 4489; x_wconf 64' lang='lat' dir='ltr'><strong>constructum</strong></span> 
     </span>
    </p>
   </div>
   <div class='ocr_carea' id='block_1_86' title="bbox 433 4503 1749 4567">
    <p class='ocr_par' dir='ltr' id='par_1_86' title="bbox 433 4503 1749 4567">
     <span class='ocr_line' id='line_1_88' title="bbox 433 4503 1749 4567; baseline 0.002 -5"><span class='ocrx_word' id='word_1_646' title='bbox 433 4508 530 4562; x_wconf 82' lang='lat' dir='ltr'><strong>sit.</strong></span> <span class='ocrx_word' id='word_1_647' title='bbox 563 4503 815 4565; x_wconf 80' lang='lat' dir='ltr'><strong>Munera</strong></span> <span class='ocrx_word' id='word_1_648' title='bbox 849 4503 1214 4567; x_wconf 78' lang='lat' dir='ltr'><strong>Corneliensi</strong></span> <span class='ocrx_word' id='word_1_649' title='bbox 1239 4506 1490 4565; x_wconf 63' lang='lat' dir='ltr'><strong>ecclesiae</strong></span> <span class='ocrx_word' id='word_1_650' title='bbox 1515 4505 1749 4566; x_wconf 82' lang='lat' dir='ltr'><strong>tributa.</strong></span> 
     </span>
    </p>
   </div>
   <div class='ocr_carea' id='block_1_87' title="bbox 430 4611 3761 4700">
    <p class='ocr_par' dir='ltr' id='par_1_87' title="bbox 430 4611 3761 4700">
     <span class='ocr_line' id='line_1_89' title="bbox 430 4611 3761 4700; baseline 0.001 -29"><span class='ocrx_word' id='word_1_651' title='bbox 430 4613 483 4700; x_wconf 35' lang='lat' dir='ltr'><strong>il.</strong></span> <span class='ocrx_word' id='word_1_652' title='bbox 517 4611 640 4700; x_wconf 72' lang='lat' dir='ltr'><strong>Divi</strong></span> <span class='ocrx_word' id='word_1_653' title='bbox 665 4615 812 4700; x_wconf 69' lang='lat' dir='ltr'><strong>Petri</strong></span> <span class='ocrx_word' id='word_1_654' title='bbox 843 4615 1174 4700; x_wconf 78' lang='lat' dir='ltr'><strong>Chrysologi</strong></span> <span class='ocrx_word' id='word_1_655' title='bbox 1214 4621 1444 4700; x_wconf 77' lang='lat' dir='ltr'><strong>aetatem</strong></span> <span class='ocrx_word' id='word_1_656' title='bbox 1475 4618 1557 4700; x_wconf 44' lang='lat' dir='ltr'><strong>in.</strong></span> <span class='ocrx_word' id='word_1_657' title='bbox 1579 4622 1873 4700; x_wconf 55' lang='lat' dir='ltr'><strong>postrema</strong></span> <span class='ocrx_word' id='word_1_658' title='bbox 1899 4618 2008 4673; x_wconf 89' lang='lat' dir='ltr'><strong>dis-</strong></span> <span class='ocrx_word' id='word_1_659' title='bbox 2040 4625 2081 4681; x_wconf 88' lang='lat'><strong>1)</strong></span> <span class='ocrx_word' id='word_1_660' title='bbox 2115 4617 2200 4672; x_wconf 84' lang='lat' dir='ltr'><strong>dis</strong></span> <span class='ocrx_word' id='word_1_661' title='bbox 2232 4633 2415 4700; x_wconf 73' lang='lat' dir='ltr'><strong>annus</strong></span> <span class='ocrx_word' id='word_1_662' title='bbox 2455 4617 2606 4700; x_wconf 78' lang='lat' dir='ltr'><strong>prior</strong></span> <span class='ocrx_word' id='word_1_663' title='bbox 2632 4622 2770 4682; x_wconf 84' lang='lat' dir='ltr'><strong>erat,</strong></span> <span class='ocrx_word' id='word_1_664' title='bbox 2800 4620 2909 4700; x_wconf 79' lang='lat' dir='ltr'><strong>sed</strong></span> <span class='ocrx_word' id='word_1_665' title='bbox 2925 4618 3267 4700; x_wconf 76' lang='lat' dir='ltr'><strong>praecedenti</strong></span> <span class='ocrx_word' id='word_1_666' title='bbox 3299 4637 3459 4700; x_wconf 75' lang='lat' dir='ltr'><strong>anno</strong></span> <span class='ocrx_word' id='word_1_667' title='bbox 3479 4620 3611 4700; x_wconf 70' lang='lat' dir='ltr'><strong>_43-l</strong></span> <span class='ocrx_word' id='word_1_668' title='bbox 3651 4637 3734 4700; x_wconf 64' lang='lat' dir='ltr'><strong>cm.</strong></span> <span class='ocrx_word' id='word_1_669' title='bbox 3753 4653 3761 4660; x_wconf 95' lang='lat'><strong>-</strong></span> 
     </span>
    </p>
   </div>
   <div class='ocr_carea' id='block_1_88' title="bbox 362 4687 2007 4762">
    <p class='ocr_par' dir='ltr' id='par_1_88' title="bbox 362 4687 2007 4762">
     <span class='ocr_line' id='line_1_90' title="bbox 362 4687 2007 4762; baseline 0.002 -20"><span class='ocrx_word' id='word_1_670' title='bbox 362 4687 1096 4762; x_wconf 76' lang='lat' dir='ltr'><strong>sertationeindicavimus,</strong></span> <span class='ocrx_word' id='word_1_671' title='bbox 1127 4687 1436 4762; x_wconf 53' lang='lat' dir='ltr'><strong>quantum</strong></span> <span class='ocrx_word' id='word_1_672' title='bbox 1466 4687 1696 4762; x_wconf 81' lang='lat' dir='ltr'><strong>quidem</strong></span> <span class='ocrx_word' id='word_1_673' title='bbox 1748 4689 2007 4745; x_wconf 84' lang='lat' dir='ltr'><strong>sufﬁcere</strong></span> 
     </span>
    </p>
   </div>
   <div class='ocr_carea' id='block_1_89' title="bbox 361 4757 2007 4842">
    <p class='ocr_par' dir='ltr' id='par_1_89' title="bbox 361 4757 2007 4842">
     <span class='ocr_line' id='line_1_91' title="bbox 361 4757 2007 4842; baseline 0.002 -30"><span class='ocrx_word' id='word_1_674' title='bbox 361 4763 585 4829; x_wconf 85' lang='lat' dir='ltr'><strong>poterat</strong></span> <span class='ocrx_word' id='word_1_675' title='bbox 614 4759 686 4814; x_wconf 87' lang='lat' dir='ltr'><strong>ad</strong></span> <span class='ocrx_word' id='word_1_676' title='bbox 710 4757 1360 4842; x_wconf 65' lang='lat' dir='ltr'><strong>tollendamtemporum</strong></span> <span class='ocrx_word' id='word_1_677' title='bbox 1392 4757 1787 4842; x_wconf 68' lang='lat' dir='ltr'><strong>confusionem</strong></span> <span class='ocrx_word' id='word_1_678' title='bbox 1817 4779 1832 4830; x_wconf 83' lang='grc'>;</span> <span class='ocrx_word' id='word_1_679' title='bbox 1857 4776 2007 4842; x_wconf 83' lang='lat' dir='ltr'><strong>nunc</strong></span> 
     </span>
    </p>
   </div>
   <div class='ocr_carea' id='block_1_90' title="bbox 357 4831 2002 4900">
    <p class='ocr_par' dir='ltr' id='par_1_90' title="bbox 357 4831 2002 4900">
     <span class='ocr_line' id='line_1_92' title="bbox 357 4831 2002 4900; baseline 0.002 -17"><span class='ocrx_word' id='word_1_680' title='bbox 357 4845 636 4900; x_wconf 74' lang='lat' dir='ltr'><strong>expresse,</strong></span> <span class='ocrx_word' id='word_1_681' title='bbox 669 4836 948 4900; x_wconf 85' lang='lat' dir='ltr'><strong>quantum</strong></span> <span class='ocrx_word' id='word_1_682' title='bbox 981 4831 1220 4894; x_wconf 87' lang='lat' dir='ltr'><strong>licuerit,</strong></span> <span class='ocrx_word' id='word_1_683' title='bbox 1255 4831 1421 4900; x_wconf 85' lang='lat' dir='ltr'><strong>deea</strong></span> <span class='ocrx_word' id='word_1_684' title='bbox 1451 4831 1871 4885; x_wconf 89' lang='lat' dir='ltr'><strong>decernendum</strong></span> <span class='ocrx_word' id='word_1_685' title='bbox 1900 4835 2002 4886; x_wconf 90' lang='lat' dir='ltr'><strong>est.</strong></span> 
     </span>
    </p>
   </div>
   <div class='ocr_carea' id='block_1_91' title="bbox 360 4899 2006 4973">
    <p class='ocr_par' dir='ltr' id='par_1_91' title="bbox 360 4899 2006 4973">
     <span class='ocr_line' id='line_1_93' title="bbox 360 4899 2006 4973; baseline 0.001 -17"><span class='ocrx_word' id='word_1_686' title='bbox 360 4899 560 4971; x_wconf 85' lang='lat' dir='ltr'><strong>Etpro</strong></span> <span class='ocrx_word' id='word_1_687' title='bbox 600 4899 958 4972; x_wconf 85' lang='lat' dir='ltr'><strong>episcopatus</strong></span> <span class='ocrx_word' id='word_1_688' title='bbox 984 4902 1244 4973; x_wconf 79' lang='lat' dir='ltr'><strong>ejusdem</strong></span> <span class='ocrx_word' id='word_1_689' title='bbox 1275 4899 1471 4973; x_wconf 80' lang='lat' dir='ltr'><strong>initiis,</strong></span> <span class='ocrx_word' id='word_1_690' title='bbox 1501 4900 1559 4973; x_wconf 85' lang='lat' dir='ltr'><strong>in</strong></span> <span class='ocrx_word' id='word_1_691' title='bbox 1593 4917 1670 4973; x_wconf 12' lang='lat' dir='ltr'><strong>[ea</strong></span> <span class='ocrx_word' id='word_1_692' title='bbox 1725 4903 2006 4957; x_wconf 87' lang='lat' dir='ltr'><strong>sententia</strong></span> 
     </span>
    </p>
   </div>
   <div class='ocr_carea' id='block_1_92' title="bbox 358 4970 2001 5043">
    <p class='ocr_par' dir='ltr' id='par_1_92' title="bbox 358 4970 2001 5043">
     <span class='ocr_line' id='line_1_94' title="bbox 358 4970 2001 5043; baseline 0 -15"><span class='ocrx_word' id='word_1_693' title='bbox 358 4970 678 5043; x_wconf 82' lang='lat' dir='ltr'><strong>persevero,</strong></span> <span class='ocrx_word' id='word_1_694' title='bbox 714 4970 890 5028; x_wconf 31' lang='lat' dir='ltr'><strong>ut’vel</strong></span> <span class='ocrx_word' id='word_1_695' title='bbox 917 4970 1074 5043; x_wconf 70' lang='lat' dir='ltr'><strong>anno</strong></span> <span class='ocrx_word' id='word_1_696' title='bbox 1094 4971 1219 5043; x_wconf 55' lang='grc'><strong>410,</strong></span> <span class='ocrx_word' id='word_1_697' title='bbox 1248 4970 1342 5040; x_wconf 88' lang='lat' dir='ltr'><strong>qui</strong></span> <span class='ocrx_word' id='word_1_698' title='bbox 1374 4970 1842 5043; x_wconf 13' lang='lat' dir='ltr'><strong>Siixtilllsummi</strong></span> <span class='ocrx_word' id='word_1_699' title='bbox 1866 4990 2001 5043; x_wconf 91' lang='lat' dir='ltr'><strong>pon-</strong></span> 
     </span>
    </p>
   </div>
   <div class='ocr_carea' id='block_1_93' title="bbox 359 5041 2002 5115">
    <p class='ocr_par' dir='ltr' id='par_1_93' title="bbox 359 5041 2002 5115">
     <span class='ocr_line' id='line_1_95' title="bbox 359 5041 2002 5115; baseline 0.002 -20"><span class='ocrx_word' id='word_1_700' title='bbox 359 5041 525 5098; x_wconf 80' lang='lat' dir='ltr'><strong>tiﬁcis</strong></span> <span class='ocrx_word' id='word_1_701' title='bbox 557 5049 878 5115; x_wconf 85' lang='lat' dir='ltr'><strong>postremus</strong></span> <span class='ocrx_word' id='word_1_702' title='bbox 910 5041 1034 5106; x_wconf 81' lang='lat' dir='ltr'><strong>fuit,</strong></span> <span class='ocrx_word' id='word_1_703' title='bbox 1061 5041 1144 5115; x_wconf 75' lang='lat' dir='ltr'><strong>vel</strong></span> <span class='ocrx_word' id='word_1_704' title='bbox 1169 5041 1537 5115; x_wconf 65' lang='lat' dir='ltr'><strong>praecedenti</strong></span> <span class='ocrx_word' id='word_1_705' title='bbox 1580 5042 1716 5115; x_wconf 60' lang='lat'><strong>_439,</strong></span> <span class='ocrx_word' id='word_1_706' title='bbox 1775 5041 2002 5099; x_wconf 85' lang='lat' dir='ltr'><strong>ordina-</strong></span> 
     </span>
    </p>
   </div>
   <div class='ocr_carea' id='block_1_94' title="bbox 357 5111 2004 5183">
    <p class='ocr_par' dir='ltr' id='par_1_94' title="bbox 357 5111 2004 5183">
     <span class='ocr_line' id='line_1_96' title="bbox 357 5111 2004 5183; baseline 0.003 -18"><span class='ocrx_word' id='word_1_707' title='bbox 357 5118 484 5165; x_wconf 88' lang='lat' dir='ltr'><strong>tum</strong></span> <span class='ocrx_word' id='word_1_708' title='bbox 511 5111 760 5168; x_wconf 71' lang='lat' dir='ltr'><strong>credam.</strong></span> <span class='ocrx_word' id='word_1_709' title='bbox 795 5114 995 5183; x_wconf 86' lang='lat' dir='ltr'><strong>Annus</strong></span> <span class='ocrx_word' id='word_1_710' title='bbox 1023 5111 1280 5183; x_wconf 88' lang='lat' dir='ltr'><strong>ejusdem</strong></span> <span class='ocrx_word' id='word_1_711' title='bbox 1313 5111 1664 5178; x_wconf 87' lang='lat' dir='ltr'><strong>emortualis,</strong></span> <span class='ocrx_word' id='word_1_712' title='bbox 1724 5130 1824 5169; x_wconf 88' lang='lat' dir='ltr'><strong>nec</strong></span> <span class='ocrx_word' id='word_1_713' title='bbox 1872 5119 2004 5170; x_wconf 88' lang='lat' dir='ltr'><strong>ante</strong></span> 
     </span>
    </p>
   </div>
   <div class='ocr_carea' id='block_1_95' title="bbox 360 5182 2000 5269">
    <p class='ocr_par' dir='ltr' id='par_1_95' title="bbox 360 5182 2000 5269">
     <span class='ocr_line' id='line_1_97' title="bbox 360 5182 2000 5269; baseline 0.003 -34"><span class='ocrx_word' id='word_1_714' title='bbox 360 5198 572 5269; x_wconf 57' lang='lat' dir='ltr'><strong>annum</strong></span> <span class='ocrx_word' id='word_1_715' title='bbox 597 5184 708 5269; x_wconf 9' lang='lat'><strong>7448</strong></span> <span class='ocrx_word' id='word_1_716' title='bbox 725 5182 1022 5269; x_wconf 65' lang='lat' dir='ltr'><strong>collocari,</strong></span> <span class='ocrx_word' id='word_1_717' title='bbox 1049 5182 1186 5269; x_wconf 39' lang='lat' dir='ltr'><strong>:‘nec</strong></span> <span class='ocrx_word' id='word_1_718' title='bbox 1217 5187 1345 5253; x_wconf 89' lang='lat' dir='ltr'><strong>post</strong></span> <span class='ocrx_word' id='word_1_719' title='bbox 1397 5184 1520 5269; x_wconf 37' lang='lat'><strong>45.1.</strong></span> <span class='ocrx_word' id='word_1_720' title='bbox 1551 5185 2000 5269; x_wconf 47' lang='lat' dir='ltr'><strong>ditfer‘ripotest.</strong></span> 
     </span>
    </p>
   </div>
   <div class='ocr_carea' id='block_1_96' title="bbox 359 5252 2002 5324">
    <p class='ocr_par' dir='ltr' id='par_1_96' title="bbox 359 5252 2002 5324">
     <span class='ocr_line' id='line_1_98' title="bbox 359 5252 2002 5324; baseline 0.003 -18"><span class='ocrx_word' id='word_1_721' title='bbox 359 5253 693 5308; x_wconf 86' lang='lat' dir='ltr'><strong>Posterioris</strong></span> <span class='ocrx_word' id='word_1_722' title='bbox 716 5254 917 5324; x_wconf 84' lang='lat' dir='ltr'><strong>asserti</strong></span> <span class='ocrx_word' id='word_1_723' title='bbox 947 5252 1154 5324; x_wconf 87' lang='lat' dir='ltr'><strong>veritas</strong></span> <span class='ocrx_word' id='word_1_724' title='bbox 1185 5252 1250 5308; x_wconf 84' lang='lat' dir='ltr'><strong>ex</strong></span> <span class='ocrx_word' id='word_1_725' title='bbox 1278 5270 1344 5308; x_wconf 91' lang='lat' dir='ltr'><strong>eo</strong></span> <span class='ocrx_word' id='word_1_726' title='bbox 1373 5259 1547 5323; x_wconf 86' lang='lat' dir='ltr'><strong>patet,</strong></span> <span class='ocrx_word' id='word_1_727' title='bbox 1581 5255 1726 5324; x_wconf 87' lang='lat' dir='ltr'><strong>quod</strong></span> <span class='ocrx_word' id='word_1_728' title='bbox 1760 5252 2002 5312; x_wconf 69' lang='lat' dir='ltr'><strong>AEmiliee</strong></span> 
     </span>
    </p>
   </div>
   <div class='ocr_carea' id='block_1_97' title="bbox 359 5323 2000 5394">
    <p class='ocr_par' dir='ltr' id='par_1_97' title="bbox 359 5323 2000 5394">
     <span class='ocr_line' id='line_1_99' title="bbox 359 5323 2000 5394; baseline 0.002 -16"><span class='ocrx_word' id='word_1_729' title='bbox 359 5323 682 5379; x_wconf 82' lang='lat' dir='ltr'><strong>civitatibus</strong></span> <span class='ocrx_word' id='word_1_730' title='bbox 701 5323 913 5394; x_wconf 86' lang='lat' dir='ltr'><strong>clades,</strong></span> <span class='ocrx_word' id='word_1_731' title='bbox 948 5329 1004 5380; x_wconf 89' lang='lat' dir='ltr'><strong>et</strong></span> <span class='ocrx_word' id='word_1_732' title='bbox 1049 5323 1313 5394; x_wconf 89' lang='lat' dir='ltr'><strong>direptio,</strong></span> <span class='ocrx_word' id='word_1_733' title='bbox 1362 5325 1539 5378; x_wconf 86' lang='lat' dir='ltr'><strong>Attila</strong></span> <span class='ocrx_word' id='word_1_734' title='bbox 1591 5323 1703 5380; x_wconf 88' lang='lat' dir='ltr'><strong>late</strong></span> <span class='ocrx_word' id='word_1_735' title='bbox 1759 5327 2000 5391; x_wconf 84' lang='lat' dir='ltr'><strong>furente,</strong></span> 
     </span>
    </p>
   </div>
   <div class='ocr_carea' id='block_1_98' title="bbox 359 5393 2000 5468">
    <p class='ocr_par' dir='ltr' id='par_1_98' title="bbox 359 5393 2000 5468">
     <span class='ocr_line' id='line_1_100' title="bbox 359 5393 2000 5468; baseline 0.004 -20"><span class='ocrx_word' id='word_1_736' title='bbox 359 5410 511 5468; x_wconf 79' lang='lat' dir='ltr'><strong>anno</strong></span> <span class='ocrx_word' id='word_1_737' title='bbox 542 5394 646 5449; x_wconf 73' lang='grc'><strong>452</strong></span> <span class='ocrx_word' id='word_1_738' title='bbox 665 5399 749 5468; x_wconf 80' lang='lat' dir='ltr'><strong>est</strong></span> <span class='ocrx_word' id='word_1_739' title='bbox 774 5393 934 5468; x_wconf 83' lang='lat' dir='ltr'><strong>illata</strong></span> <span class='ocrx_word' id='word_1_740' title='bbox 961 5412 992 5468; x_wconf 86' lang='lat'><strong>;_</strong></span> <span class='ocrx_word' id='word_1_741' title='bbox 1025 5393 1203 5466; x_wconf 74' lang='lat' dir='ltr'><strong>eoque</strong></span> <span class='ocrx_word' id='word_1_742' title='bbox 1254 5395 1584 5468; x_wconf 81' lang='lat' dir='ltr'><strong>Ravennam</strong></span> <span class='ocrx_word' id='word_1_743' title='bbox 1639 5405 2000 5468; x_wconf 87' lang='lat' dir='ltr'><strong>properante,</strong></span> 
     </span>
    </p>
   </div>
   <div class='ocr_carea' id='block_1_99' title="bbox 356 5465 2003 5542">
    <p class='ocr_par' dir='ltr' id='par_1_99' title="bbox 356 5465 2003 5542">
     <span class='ocr_line' id='line_1_101' title="bbox 356 5465 2003 5542; baseline 0.002 -21"><span class='ocrx_word' id='word_1_744' title='bbox 356 5465 607 5524; x_wconf 82' lang='lat' dir='ltr'><strong>Joannes</strong></span> <span class='ocrx_word' id='word_1_745' title='bbox 648 5465 881 5522; x_wconf 85' lang='lat' dir='ltr'><strong>sedebat</strong></span> <span class='ocrx_word' id='word_1_746' title='bbox 907 5465 1203 5538; x_wconf 80' lang='lat' dir='ltr'><strong>episcopus</strong></span> <span class='ocrx_word' id='word_1_747' title='bbox 1234 5484 1244 5522; x_wconf 88' lang='lat'>:</span> <span class='ocrx_word' id='word_1_748' title='bbox 1271 5483 1373 5522; x_wconf 90' lang='lat' dir='ltr'><strong>nec</strong></span> <span class='ocrx_word' id='word_1_749' title='bbox 1406 5465 1664 5523; x_wconf 77' lang='lat' dir='ltr'><strong>fortassis</strong></span> <span class='ocrx_word' id='word_1_750' title='bbox 1691 5465 1889 5542; x_wconf 54' lang='lat' dir='ltr'><strong>is&#39;ejus</strong></span> <span class='ocrx_word' id='word_1_751' title='bbox 1921 5486 2003 5526; x_wconf 86' lang='lat' dir='ltr'><strong>se-</strong></span> 
     </span>
    </p>
   </div>
   <div class='ocr_carea' id='block_1_100' title="bbox 2115 4689 3757 4759">
    <p class='ocr_par' dir='ltr' id='par_1_100' title="bbox 2115 4689 3757 4759">
     <span class='ocr_line' id='line_1_102' title="bbox 2115 4689 3757 4759; baseline 0.001 -17"><span class='ocrx_word' id='word_1_752' title='bbox 2115 4695 2296 4759; x_wconf 88' lang='lat' dir='ltr'><strong>perat.</strong></span> <span class='ocrx_word' id='word_1_753' title='bbox 2330 4689 2486 4743; x_wconf 84' lang='lat' dir='ltr'><strong>Prior</strong></span> <span class='ocrx_word' id='word_1_754' title='bbox 2514 4693 2704 4744; x_wconf 88' lang='lat' dir='ltr'><strong>autem</strong></span> <span class='ocrx_word' id='word_1_755' title='bbox 2738 4692 2974 4745; x_wconf 80' lang='lat' dir='ltr'><strong>assertio</strong></span> <span class='ocrx_word' id='word_1_756' title='bbox 3028 4707 3094 4746; x_wconf 80' lang='lat' dir='ltr'><strong>ex</strong></span> <span class='ocrx_word' id='word_1_757' title='bbox 3138 4691 3291 4745; x_wconf 84' lang='lat' dir='ltr'><strong>Actis</strong></span> <span class='ocrx_word' id='word_1_758' title='bbox 3349 4697 3406 4749; x_wconf 93' lang='lat' dir='ltr'><strong>S.</strong></span> <span class='ocrx_word' id='word_1_759' title='bbox 3469 4691 3757 4753; x_wconf 85' lang='lat' dir='ltr'><strong>Germani,</strong></span> 
     </span>
    </p>
   </div>
   <div class='ocr_carea' id='block_1_101' title="bbox 2113 4759 3761 4819">
    <p class='ocr_par' dir='ltr' id='par_1_101' title="bbox 2113 4759 3761 4819">
     <span class='ocr_line' id='line_1_103' title="bbox 2113 4759 3761 4819; baseline 0.001 -7"><span class='ocrx_word' id='word_1_760' title='bbox 2113 4759 2594 4814; x_wconf 85' lang='lat' dir='ltr'><strong>Antisiodorensis</strong></span> <span class='ocrx_word' id='word_1_761' title='bbox 2626 4779 2659 4814; x_wconf 85' lang='lat' dir='ltr'><strong>a</strong></span> <span class='ocrx_word' id='word_1_762' title='bbox 2711 4761 3042 4817; x_wconf 87' lang='lat' dir='ltr'><strong>Constantio</strong></span> <span class='ocrx_word' id='word_1_763' title='bbox 3094 4763 3339 4817; x_wconf 82' lang='lat' dir='ltr'><strong>ﬁdeliter</strong></span> <span class='ocrx_word' id='word_1_764' title='bbox 3398 4769 3454 4819; x_wconf 91' lang='lat' dir='ltr'><strong>et</strong></span> <span class='ocrx_word' id='word_1_765' title='bbox 3500 4767 3761 4818; x_wconf 85' lang='lat' dir='ltr'><strong>accurate</strong></span> 
     </span>
    </p>
   </div>
   <div class='ocr_carea' id='block_1_102' title="bbox 2114 4830 3754 4900">
    <p class='ocr_par' dir='ltr' id='par_1_102' title="bbox 2114 4830 3754 4900">
     <span class='ocr_line' id='line_1_104' title="bbox 2114 4830 3754 4900; baseline 0.001 -16"><span class='ocrx_word' id='word_1_766' title='bbox 2114 4830 2408 4900; x_wconf 86' lang='lat' dir='ltr'><strong>descriptis</strong></span> <span class='ocrx_word' id='word_1_767' title='bbox 2439 4831 2732 4893; x_wconf 79' lang='lat' dir='ltr'><strong>evincitur,</strong></span> <span class='ocrx_word' id='word_1_768' title='bbox 2766 4848 2891 4886; x_wconf 88' lang='lat' dir='ltr'><strong>cum</strong></span> <span class='ocrx_word' id='word_1_769' title='bbox 2943 4850 3008 4887; x_wconf 86' lang='lat' dir='ltr'><strong>ex</strong></span> <span class='ocrx_word' id='word_1_770' title='bbox 3051 4833 3254 4888; x_wconf 89' lang='lat' dir='ltr'><strong>iisdem</strong></span> <span class='ocrx_word' id='word_1_771' title='bbox 3309 4841 3470 4891; x_wconf 84' lang='lat' dir='ltr'><strong>certa</strong></span> <span class='ocrx_word' id='word_1_772' title='bbox 3520 4837 3754 4890; x_wconf 32' lang='lat' dir='ltr'><strong>demens</strong></span> 
     </span>
    </p>
   </div>
   <div class='ocr_carea' id='block_1_103' title="bbox 2114 4901 3762 4960">
    <p class='ocr_par' dir='ltr' id='par_1_103' title="bbox 2114 4901 3762 4960">
     <span class='ocr_line' id='line_1_105' title="bbox 2114 4901 3762 4960; baseline 0.001 -5"><span class='ocrx_word' id='word_1_773' title='bbox 2114 4901 2388 4955; x_wconf 85' lang='lat' dir='ltr'><strong>stretione</strong></span> <span class='ocrx_word' id='word_1_774' title='bbox 2417 4901 2668 4957; x_wconf 86' lang='lat' dir='ltr'><strong>elicuerit</strong></span> <span class='ocrx_word' id='word_1_775' title='bbox 2709 4904 3060 4958; x_wconf 73' lang='lat' dir='ltr'><strong>eminentiae.</strong></span> <span class='ocrx_word' id='word_1_776' title='bbox 3115 4906 3274 4959; x_wconf 90' lang='lat' dir='ltr'><strong>card.</strong></span> <span class='ocrx_word' id='word_1_777' title='bbox 3323 4906 3583 4960; x_wconf 73' lang='lat' dir='ltr'><strong>Norisius</strong></span> <span class='ocrx_word' id='word_1_778' title='bbox 3630 4905 3762 4957; x_wconf 89' lang='lat' dir='ltr'><strong>Ger-</strong></span> 
     </span>
    </p>
   </div>
   <div class='ocr_carea' id='block_1_104' title="bbox 2115 4974 3751 5042">
    <p class='ocr_par' dir='ltr' id='par_1_104' title="bbox 2115 4974 3751 5042">
     <span class='ocr_line' id='line_1_106' title="bbox 2115 4974 3751 5042; baseline -0.001 -16"><span class='ocrx_word' id='word_1_779' title='bbox 2115 4988 2350 5027; x_wconf 85' lang='lat' dir='ltr'><strong>manum</strong></span> <span class='ocrx_word' id='word_1_780' title='bbox 2384 4974 2668 5027; x_wconf 65' lang='lat' dir='ltr'><strong>Ravcnnae</strong></span> <span class='ocrx_word' id='word_1_781' title='bbox 2699 4974 2924 5037; x_wconf 84' lang='lat' dir='ltr'><strong>obiissc,</strong></span> <span class='ocrx_word' id='word_1_782' title='bbox 2953 4991 3104 5028; x_wconf 86' lang='lat' dir='ltr'><strong>anno</strong></span> <span class='ocrx_word' id='word_1_783' title='bbox 3131 4977 3333 5029; x_wconf 85' lang='lat' dir='ltr'><strong>eodem</strong></span> <span class='ocrx_word' id='word_1_784' title='bbox 3366 4978 3490 5042; x_wconf 72' lang='grc'><strong>448,</strong></span> <span class='ocrx_word' id='word_1_785' title='bbox 3549 4976 3639 5029; x_wconf 82' lang='lat' dir='ltr'><strong>die</strong></span> <span class='ocrx_word' id='word_1_786' title='bbox 3691 4975 3751 5025; x_wconf 85' lang='lat'><strong>31</strong></span> 
     </span>
    </p>
   </div>
   <div class='ocr_carea' id='block_1_105' title="bbox 2112 5043 3760 5115">
    <p class='ocr_par' dir='ltr' id='par_1_105' title="bbox 2112 5043 3760 5115">
     <span class='ocr_line' id='line_1_107' title="bbox 2112 5043 3760 5115; baseline -0.002 -15"><span class='ocrx_word' id='word_1_787' title='bbox 2112 5043 2270 5108; x_wconf 87' lang='lat' dir='ltr'><strong>Julii,</strong></span> <span class='ocrx_word' id='word_1_788' title='bbox 2308 5045 2444 5097; x_wconf 86' lang='lat' dir='ltr'><strong>llist.</strong></span> <span class='ocrx_word' id='word_1_789' title='bbox 2478 5045 2665 5114; x_wconf 80' lang='lat' dir='ltr'><strong>Pelag.</strong></span> <span class='ocrx_word' id='word_1_790' title='bbox 2701 5045 2794 5099; x_wconf 90' lang='lat' dir='ltr'><strong>lib.</strong></span> <span class='ocrx_word' id='word_1_791' title='bbox 2825 5062 2860 5099; x_wconf 85' lang='lat' dir='ltr'><strong>ll</strong></span> <span class='ocrx_word' id='word_1_792' title='bbox 2887 5064 3007 5115; x_wconf 84' lang='lat' dir='ltr'><strong>cap.</strong></span> <span class='ocrx_word' id='word_1_793' title='bbox 3040 5048 3125 5099; x_wconf 75' lang='grc'><strong>12.</strong></span> <span class='ocrx_word' id='word_1_794' title='bbox 3155 5047 3392 5101; x_wconf 85' lang='lat' dir='ltr'><strong>Constat</strong></span> <span class='ocrx_word' id='word_1_795' title='bbox 3439 5051 3631 5100; x_wconf 89' lang='lat' dir='ltr'><strong>autem</strong></span> <span class='ocrx_word' id='word_1_796' title='bbox 3667 5044 3760 5098; x_wconf 86' lang='lat' dir='ltr'><strong>Pe—</strong></span> 
     </span>
    </p>
   </div>
   <div class='ocr_carea' id='block_1_106' title="bbox 2113 5115 3746 5188">
    <p class='ocr_par' dir='ltr' id='par_1_106' title="bbox 2113 5115 3746 5188">
     <span class='ocr_line' id='line_1_108' title="bbox 2113 5115 3746 5188; baseline 0 -21"><span class='ocrx_word' id='word_1_797' title='bbox 2113 5118 2264 5188; x_wconf 76' lang='lat' dir='ltr'><strong>trum</strong></span> <span class='ocrx_word' id='word_1_798' title='bbox 2295 5115 2707 5188; x_wconf 83' lang='lat' dir='ltr'><strong>Chrysologum</strong></span> <span class='ocrx_word' id='word_1_799' title='bbox 2749 5117 3005 5188; x_wconf 82' lang='lat' dir='ltr'><strong>ejusdem</strong></span> <span class='ocrx_word' id='word_1_800' title='bbox 3033 5117 3212 5171; x_wconf 88' lang='lat' dir='ltr'><strong>sancti</strong></span> <span class='ocrx_word' id='word_1_801' title='bbox 3271 5118 3440 5172; x_wconf 76' lang='lat' dir='ltr'><strong>funus</strong></span> <span class='ocrx_word' id='word_1_802' title='bbox 3495 5130 3746 5188; x_wconf 69' lang='lat' dir='ltr'><strong>curasse.</strong></span> 
     </span>
    </p>
   </div>
   <div class='ocr_carea' id='block_1_107' title="bbox 2114 5182 3752 5241">
    <p class='ocr_par' dir='ltr' id='par_1_107' title="bbox 2114 5182 3752 5241">
     <span class='ocr_line' id='line_1_109' title="bbox 2114 5182 3752 5241; baseline -0.003 -3"><span class='ocrx_word' id='word_1_803' title='bbox 2114 5186 2255 5239; x_wconf 90' lang='lat' dir='ltr'><strong>Item</strong></span> <span class='ocrx_word' id='word_1_804' title='bbox 2287 5182 2643 5239; x_wconf 72' lang='lat' dir='ltr'><strong>eminentiss.</strong></span> <span class='ocrx_word' id='word_1_805' title='bbox 2688 5189 2744 5240; x_wconf 88' lang='lat' dir='ltr'><strong>et</strong></span> <span class='ocrx_word' id='word_1_806' title='bbox 2777 5182 3083 5241; x_wconf 61' lang='lat' dir='ltr'><strong>&#39;eruditiss.</strong></span> <span class='ocrx_word' id='word_1_807' title='bbox 3135 5188 3442 5241; x_wconf 85' lang='lat' dir='ltr'><strong>cardinalis</strong></span> <span class='ocrx_word' id='word_1_808' title='bbox 3495 5187 3563 5240; x_wconf 90' lang='lat' dir='ltr'><strong>de</strong></span> <span class='ocrx_word' id='word_1_809' title='bbox 3611 5182 3752 5237; x_wconf 85' lang='lat' dir='ltr'><strong>Petri</strong></span> 
     </span>
    </p>
   </div>
   <div class='ocr_carea' id='block_1_108' title="bbox 2112 5257 3754 5326">
    <p class='ocr_par' dir='ltr' id='par_1_108' title="bbox 2112 5257 3754 5326">
     <span class='ocr_line' id='line_1_110' title="bbox 2112 5257 3754 5326; baseline -0.006 -15"><span class='ocrx_word' id='word_1_810' title='bbox 2112 5257 2770 5326; x_wconf 81' lang='lat' dir='ltr'><strong>Cbrysologiemortuali</strong></span> <span class='ocrx_word' id='word_1_811' title='bbox 2813 5274 2963 5312; x_wconf 87' lang='lat' dir='ltr'><strong>anno</strong></span> <span class='ocrx_word' id='word_1_812' title='bbox 3016 5257 3136 5313; x_wconf 67' lang='lat' dir='ltr'><strong>haec</strong></span> <span class='ocrx_word' id='word_1_813' title='bbox 3194 5259 3364 5314; x_wconf 86' lang='lat' dir='ltr'><strong>habet</strong></span> <span class='ocrx_word' id='word_1_814' title='bbox 3416 5274 3432 5311; x_wconf 90' lang='lat'><em>:</em></span> <span class='ocrx_word' id='word_1_815' title='bbox 3475 5257 3556 5309; x_wconf 86' lang='lat' dir='ltr'><strong>Eo</strong></span> <span class='ocrx_word' id='word_1_816' title='bbox 3611 5265 3754 5305; x_wconf 80' lang='lat' dir='ltr'><strong>anno</strong></span> 
     </span>
    </p>
   </div>
   <div class='ocr_carea' id='block_1_109' title="bbox 2113 5326 3754 5399">
    <p class='ocr_par' dir='ltr' id='par_1_109' title="bbox 2113 5326 3754 5399">
     <span class='ocr_line' id='line_1_111' title="bbox 2113 5326 3754 5399; baseline -0.005 -17"><span class='ocrx_word' id='word_1_817' title='bbox 2113 5326 2260 5399; x_wconf 75' lang='grc'><strong>(450)</strong></span> <span class='ocrx_word' id='word_1_818' title='bbox 2286 5328 2370 5380; x_wconf 85' lang='lat' dir='ltr'><strong>vel</strong></span> <span class='ocrx_word' id='word_1_819' title='bbox 2391 5329 2666 5397; x_wconf 74' lang='lat' dir='ltr'><strong>superiori</strong></span> <span class='ocrx_word' id='word_1_820' title='bbox 2692 5329 2832 5396; x_wconf 81' lang='lat' dir='ltr'><strong>forte</strong></span> <span class='ocrx_word' id='word_1_821' title='bbox 2889 5331 3166 5385; x_wconf 75' lang='lat' dir='ltr'><strong>decessisse</strong></span> <span class='ocrx_word' id='word_1_822' title='bbox 3219 5331 3250 5384; x_wconf 70' lang='lat'><strong>2</strong></span> <span class='ocrx_word' id='word_1_823' title='bbox 3299 5326 3599 5399; x_wconf 59' lang='lat' dir='ltr'><strong>Decembris</strong></span> <span class='ocrx_word' id='word_1_824' title='bbox 3649 5338 3754 5399; x_wconf 76' lang='lat' dir='ltr'><strong>qua</strong></span> 
     </span>
    </p>
   </div>
   <div class='ocr_carea' id='block_1_110' title="bbox 2112 5393 3752 5471">
    <p class='ocr_par' dir='ltr' id='par_1_110' title="bbox 2112 5393 3752 5471">
     <span class='ocr_line' id='line_1_112' title="bbox 2112 5393 3752 5471; baseline -0.003 -21"><span class='ocrx_word' id='word_1_825' title='bbox 2112 5393 2198 5451; x_wconf 77' lang='lat' dir='ltr'><strong>die</strong></span> <span class='ocrx_word' id='word_1_826' title='bbox 2230 5393 2632 5471; x_wconf 56' lang='lat' dir='ltr'><strong>ejasmcinoria</strong></span> <span class='ocrx_word' id='word_1_827' title='bbox 2660 5393 2938 5466; x_wconf 69' lang='lat' dir='ltr'><strong>recolitur,</strong></span> <span class='ocrx_word' id='word_1_828' title='bbox 2987 5406 3138 5471; x_wconf 78' lang='lat' dir='ltr'><strong>patet</strong></span> <span class='ocrx_word' id='word_1_829' title='bbox 3173 5418 3238 5471; x_wconf 71' lang='lat' dir='ltr'><strong>ea;</strong></span> <span class='ocrx_word' id='word_1_830' title='bbox 3293 5397 3511 5471; x_wconf 73' lang='lat' dir='ltr'><strong>epistola</strong></span> <span class='ocrx_word' id='word_1_831' title='bbox 3562 5393 3752 5471; x_wconf 70' lang='lat' dir='ltr'><strong>Leonis</strong></span> 
     </span>
    </p>
   </div>
   <div class='ocr_carea' id='block_1_111' title="bbox 2115 5463 3746 5538">
    <p class='ocr_par' dir='ltr' id='par_1_111' title="bbox 2115 5463 3746 5538">
     <span class='ocr_line' id='line_1_113' title="bbox 2115 5463 3746 5538; baseline 0.001 -14"><span class='ocrx_word' id='word_1_832' title='bbox 2115 5473 2201 5534; x_wconf 78' lang='lat'><strong>35,</strong></span> <span class='ocrx_word' id='word_1_833' title='bbox 2244 5463 2312 5522; x_wconf 76' lang='lat' dir='ltr'><strong>ad</strong></span> <span class='ocrx_word' id='word_1_834' title='bbox 2339 5468 2561 5524; x_wconf 79' lang='lat' dir='ltr'><strong>Leonem</strong></span> <span class='ocrx_word' id='word_1_835' title='bbox 2582 5463 3133 5538; x_wconf 54' lang='lat' dir='ltr'><strong>Ravennatem&#39;dala</strong></span> <span class='ocrx_word' id='word_1_836' title='bbox 3205 5470 3292 5527; x_wconf 75' lang='lat' dir='ltr'><strong>die</strong></span> <span class='ocrx_word' id='word_1_837' title='bbox 3321 5463 3411 5523; x_wconf 76' lang='grc'><strong>’24</strong></span> <span class='ocrx_word' id='word_1_838' title='bbox 3475 5463 3746 5526; x_wconf 58' lang='lat' dir='ltr'><strong>Octobris.</strong></span> 
     </span>
    </p>
   </div>
  </div>
